4112 6424
247 465 354 520 £67

246 577 578 651 χρημάτων,
610 578 841 650 μάχεται
860 576 1127 649 βασκανία
1147 578 1498 649 χρηστότητι.
1522 577 1723 633 Τοῦτον
1750 577 1927 632 λύσω-

243 682 349 739 μεν
378 664 472 719 τὸν
510 664 769 736 πόλεμον,
812 665 1036 728 τούτους
1070 661 1222 738 [£85]
1243 666 1664 737 κατενέγκωμεν
1689 666 1816 729 τοὺς
1837 668 1926 737 ὲχο

240 752 429 822 θροῦς,
452 750 633 805 ταῦτα
659 752 945 822 στήσωμεν
968 752 1035 805 τά
1056 751 1385 821 τρόπαια,ὲν
1406 755 1472 823 τῇ
1505 752 1653 805 πόλει
1691 756 1755 824 τῇ
1789 754 1927 823 ἠμε-

238 839 376 911 τέρᾳ
394 839 898 910 κατασκευάσωμεν
913 838 1155 910 είρήνην.
1176 838 1338 903 Πόλις
1358 839 1470 911 γάρ
1490 842 1623 911 ἡμῖν
1644 852 1668 880 ιι
1699 841 1814 893 ἐστι
1832 842 1927 894 καὶ

240 927 510 991 πολιτεία,
537 928 632 982 καὶ
661 927 873 981 πολῖται
906 928 999 981 καὶ
1030 928 1172 995 ξένοι
1194 928 1407 982 πολλοί·
1437 927 1573 983 άλλά
1606 927 1924 999 ξενηλασίαν

240 1016 583 1087 ποιήσωμεν,
619 1015 760 1069 ὥστε
815 1015 889 1087 μὴ
922 1016 1049 1079 τοὺς
1096 1015 1331 1080 οἰκείους
1370 1015 1708 1088 φθείρεσθαι.
1740 1016 1924 1086 Μηδὲν

238 1103 519 1176 ἀλλότριον
550 1103 685 1174 μηδὲ
709 1102 860 1156 νόθον
889 1104 1147 1157 ὲπεισίτω
1182 1103 1378 1175 δόγμα,
1442 1104 1608 1176 μηδὲν
1664 1104 1923 1175 φρόνημα

240 1191 522 1262 σαρκικόν.
574 1189 689 1260 Οὐχ
744 1189 980 1262 ὁρῶμεν,
1026 1191 1109 1245 ὅτι
1155 1191 1264 1245 τῶν
1303 1192 1575 1264 πολεμίων
1592 1209 1678 1255 τις
1707 1193 1773 1245 ὲν
1801 1194 1925 1255 ταῖς

238 1278 459 1332 πόλεσιν
492 1277 560 1333 ἂν
588 1277 722 1350 ἁλῷ,
766 1280 843 1344 ὼς
875 1279 1220 1346 κατάσκοπος
1253 1282 1532 1354 κρίνεται;
1568 1280 1777 1335 υύκοῦν
1800 1280 1921 1344 ξεν-

237 1364 468 1435 ηλασίαν
495 1365 800 1438 ποιώμεθα’
823 1366 1025 1437 μᾶλλον
1044 1368 1101 1421 δὲ
1132 1368 1207 1439 μὴ
1238 1368 1556 1439 ξενηλασίαν
1580 1369 1762 1440 μόνον,
1786 1366 1922 1422 ἀλλά

240 1452 338 1507 καὶ
360 1454 485 1517 τοὺς
502 1452 794 1523 πολεμίους
814 1453 1230 1527 ἀπελαύνωμεν.
1251 1456 1348 1508 Ἂν
1373 1455 1571 1527 ίδωμέν
1588 1472 1728 1520 τινα,
1748 1471 1922 1526 παρα-

235 1538 420 1611 δῶμεν
447 1540 527 1611 τῷ
563 1540 783 1613 ἄρχοντι
807 1540 888 1612 τῷ
935 1540 1033 1613 νῷ,
1078 1542 1169 1595 τὸν
1226 1542 1485 1613 λογισμὸν
1546 1543 1774 1608 ἐκεῖνον,
1827 1542 1920 1596 τὸν

237 1626 729 1698 βεϐαρϐαρωμένον
769 1628 895 1699 μὲν,
948 1630 1459 1700 κατεσκευασμένον
1491 1628 1548 1683 δὲ
1580 1629 1768 1699 ἐσθῆτι
1825 1646 1920 1682 πο-

234 1713 448 1786 λιτικῇ.
486 1715 671 1769 Πολλοὶ
702 1714 831 1787 παρ’
863 1717 995 1788 ἡμῖν
1038 1715 1289 1788 λογισμοὶ
1338 1716 1592 1782 τοιοῦτοι,
1629 1716 1788 1787 φύσει
1817 1717 1917 1788 μὲν

230 1801 445 1873 ἐχθροὶ,
484 1802 931 1875 περιϐεϐλημένοι
987 1804 1042 1856 δὲ
1079 1805 1242 1875 δορὰν
1285 1804 1596 1877 προϐάτων.
1649 1804 1916 1877 Καθάπερ

230 1891 285 1943 οί
323 1889 534 1961 Πέρσαι
566 1891 664 1962 τὴν
687 1891 882 1963 τιάραν
927 1891 1271 1963 περιελόντες
1322 1893 1418 1946 καὶ
1460 1892 1555 1957 τάς
1586 1892 1914 1965 ἀναξυρίδας

233 1976 329 2031 καὶ
357 1977 427 2032 τά
455 1978 775 2049 ὑποδήματα
802 1979 872 2033 τά
912 1977 1246 2051 βαρϐαρικά,
1265 1979 1365 2051 τὴν
1398 1979 1565 2052 ἄλλην
1592 1980 1785 2051 στολὴν
1810 1980 1911 2051 τὴν

232 2065 366 2137 ἡμῖν
388 2066 681 2138 ἐπιχώριον
700 2066 1048 2132 ὑπελθόντες,
1080 2068 1174 2122 καὶ
1219 2068 1534 2140 κειράμενοι
1564 2069 1622 2123 ὲν
1652 2068 1790 2140 χρῷ,
1814 2068 1911 2123 καὶ

231 2157 298 2227 τῇ
346 2154 567 2225 συνήθει
623 2154 838 2227 γλώττῃ
871 2155 1266 2228 διαλεγόμενοι,
1300 2157 1601 2228 κρύπτουσι
1641 2154 1720 2228 τῷ
1777 2157 1910 2229 σχή-

235 2259 364 2312 ματι
392 2241 487 2295 τὸν
520 2241 783 2313 πόλεμον·
818 2242 884 2298 ἂν
908 2243 963 2296 δὲ
989 2242 1257 2313 βασάνους
1293 2242 1495 2307 εὐθέως
1525 2244 1906 2319 προσαγάγῃς,

228 2331 293 2384 τὸ
328 2331 706 2403 κρυπτόμενον
745 2330 979 2397 ἔδειξαςο
1022 2330 1166 2386 οὕτω
1204 2333 1300 2386 καὶ
1325 2330 1581 2396 ἐνταῦθα,
1617 2332 1907 2404 βασάνισον

234 2419 498 2491 μυριάκις
548 2419 641 2473 τὸν
680 2417 921 2472 τοιοῦτον
974 2418 1262 2489 λογισμὸν,
1300 2420 1394 2473 καὶ
1440 2421 1652 2491 ταχέως
1694 2421 1816 2492 ὄψει
1845 2423 1907 2477 τὸ

232 2505 572 2577 βαρϐαρικὸν
622 2506 897 2577 φρόνημα.
945 2505 1063 2560 Ἵνα
1103 2505 1160 2559 δὲ
1211 2506 1306 2560 καὶ
1360 2508 1456 2562 ἐπὶ
1508 2508 1909 2579 ύποδείγματος

229 2591 360 2663 ύμῖν
391 2591 551 2657 δείξω
602 2595 729 2657 τοὺς
760 2592 1035 2657 τοιούτους
1071 2593 1474 2659 κατασκόπους,
1522 2594 1616 2659 οὒς
1673 2595 1912 2666 προκαθο

233 2679 377 2752 ίησιν
403 2680 434 2735 δ
459 2680 703 2745 διάϐολος
736 2681 864 2735 ίδεῖν
890 2681 961 2735 τά
988 2681 1052 2736 ὲν
1077 2682 1231 2753 ἡμῖν,
1260 2681 1391 2755 φέρε
1412 2682 1513 2736 ἕνα
1527 2681 1907 2756 ἀποδύσωμεν,

348 2849 565 2910 Quidam
578 2851 713 2909 πόλις
732 2852 846 2916 παρῗ
871 2852 1005 2915 ἡμῖν..

1318 462 1390 518 IN
1424 462 1607 520 ACTA
1645 459 2169 519 APOSTOLORUM
2203 459 2437 516 IIOMIL.
2480 458 2766 517 XXXVIII.

3608 467 3715 526 ΞΜ

2030 575 2126 630 καὶ
2156 575 2250 629 ἐπὶ
2305 575 2398 631 τοῦ
2430 576 2780 649 δικαστηρίου
2820 576 3164 650 ἐξετάσωμεν
3201 579 3341 650 μετὰ
3390 581 3709 653 ἀκριϐείας

2027 665 2122 718 καὶ
2156 667 2203 718 εἰ
2246 663 2524 735 βούλεσθε,
2553 664 2685 718 ’τῶν
2728 663 2834 718 ὑπὸ
2887 664 3102 719 Παύλου
3163 667 3527 740 φωραθέντων
3559 672 3716 735 τινάς

2026 752 2463 824 παραγάγωμεν.
2496 751 2695 807 Ἀτινά
2733 752 2886 818 ἐστι,
2929 755 3081 825 φησὶ,
3119 757 3309 825 λόγον
3336 756 3455 826 μὲν
3492 757 3712 826 ἔχοντα

2023 840 2244 909 σοφίας
2296 841 2366 893 ὲν
2400 840 2859 909 ἐθελοθρησκείᾳ
2894 842 2992 895 καί
3041 846 3561 915 ταπεινοφροσύνῃ
3613 848 3709 901 καὶ

2023 926 2292 995 ἀφειδείᾳ
2330 930 2627 998 σώματος,
2662 928 2773 983 οὐκ
2820 928 2891 983 έν
2920 928 3061 1000 τιμῇ
3090 948 3209 985 τινι
3252 931 3404 1000 πρὸς
3436 936 3717 1003 πλησμο-

2022 1014 2146 1080 νὴν
2168 1014 2277 1083 τῆς
2295 1016 2542 1085 σαρκός.
2567 1010 2714 1079 υἷον,
2748 1016 3004 1071 ἐϐούλετο
3036 1019 3370 1089 Ἰουδαῖσμὸν
3396 1020 3714 1089 εἰσαγαγεῖν

2022 1102 2052 1154 ό
2081 1101 2323 1167 διάϐολος
2345 1119 2356 1131 ·
2387 1105 2434 1157 εἰ
2477 1103 2575 1174 μὲν
2604 1101 2697 1157 οὖν
2725 1104 2950 1159 αὐτόθεν
2983 1106 3145 1159 αὐτὸν
3177 1108 3492 1178 εἰσήγαγεν,
3525 1109 3626 1162 οὐκ
3645 1110 3715 1163 ἂν

2022 1186 2267 1245 ἔπεισεν.
2295 1191 2438 1260 Ὅρα
2473 1191 2653 1244 τοίνυν
2697 1191 2814 1256 πῶς
2839 1191 3002 1245 αὐτὸν
3029 1193 3419 1248 κατεσκεύασε.
3473 1197 3567 1249 Δεῖ
3619 1196 3713 1250 τοῦ

2023 1274 2277 1345 σώματος
2323 1277 2583 1345 ἀφειδεῖν,
2631 1278 2784 1348 φησί.
2836 1278 3128 1348 Φιλοσοφία
3180 1278 3340 1333 τοῦτό
3369 1282 3505 1344 ἐστι,
3537 1281 3599 1335 τὸ
3637 1284 3711 1352 μὴ

2022 1363 2344 1432 προσίεσθαι
2382 1363 2598 1435 βρῶμα,
2637 1365 2773 1419 ἀλλά
2816 1369 3190 1438 παρατηρείνο
3242 1370 3711 1441 ταπεινοφροσύνῃ

2019 1449 2179 1504 τοῦτό
2233 1453 2369 1505 ἐστι.
2429 1453 2541 1506 Καὶ
2566 1452 2662 1507 νῦν
2696 1452 2753 1505 δὲ
2784 1453 2945 1508 πάλιν
2975 1455 3069 1507 ἐπὶ
3095 1455 3206 1508 τῶν
3237 1456 3528 1526 αἱρετικῶν
3560 1457 3716 1509 €606-

2021 1536 2143 1590 λετο
2178 1539 2324 1609 ἡμᾶς
2352 1541 2433 1603 εἰς
2487 1539 2588 1612 τὴν
2636 1540 2809 1594 κτίσιν
2867 1544 3224 1611 καταγαγεῖν.
3264 1545 3405 1614 Ὅρα
3432 1544 3564 1615 γοῦν
3592 1545 3711 1609 πῶς

2023 1623 2393 1678 κατεσκεύασε
2424 1625 2516 1678 τὸν
2546 1627 2716 1681 δόλον’
2763 1626 2824 1681 Εἰ
2850 1624 3024 1695 εἶπεν,
3054 1630 3137 1683 ὅτι
3168 1629 3360 1683 Κτίσιν
3390 1630 3708 1700 προσκύνει›,

2020 1709 2164 1763 ἑάλω
2199 1711 2265 1765 άν
2286 1728 2300 1742 ο
2337 1712 2472 1766 ἀλλὰ
2504 1713 2593 1778 τίς
2624 1716 2682 1767 '0
2721 1715 2873 1780 Θεὸς,
2905 1717 3058 1786 φησὶ,
3090 1717 3308 1781 κτιστός
3342 1720 3513 1774 ἐστιν.
3549 1718 3713 1772 Ἀλλά

2020 1797 2379 1868 ἀποδύσωμεν
2431 1800 2583 1871 παρά
2635 1804 2703 1873 τῇ
2749 1802 2919 1874 ψήφῳ
2962 1802 3073 1858 τῶν
3102 1803 3433 1869 δικαζόντων
3466 1806 3556 1859 τὸν
3585 1807 3710 1860 νοῦν

2018 1883 2127 1936 τῶν
2155 1885 2389 1956 Γραφῶν
2422 1886 2532 1941 τῶν
2583 1888 2992 1942 ἀποστολικῶνο
3034 1891 3151 1944 ἐκεῖ
3177 1892 3342 1946 αὐτὸν
3373 1894 3705 1964 ἀγάγωμεν·

2015 1971 2172 2024 αὐτοὶ
2209 1973 2605 2041 έπιγνώσονται
2660 1976 2756 2029 καὶ
2806 1976 2869 2029 τὸ
2919 1977 3183 2049 κήρυγμα
3213 1981 3306 2032 καὶ
3355 1979 3454 2051 τὴν
3492 1981 3705 2035 λαλιάν.

2012 2058 2206 2113 Πολλοὶ
2256 2060 2429 2133 κέρδη
2478 2062 2870 2134 κερδαίνουσιν,
2906 2064 2993 2117 ἵνα
3040 2064 3206 2135 ἔχωσι
3235 2065 3434 2120 διδόναι
3487 2066 3706 2146 πένησι,

2011 2148 2175 2221 κέρδη
2210 2149 2371 2204 ἄδικα
2393 2167 2407 2181 -
2445 2152 2537 2205 καὶ
2569 2147 2723 2217 οὗτος
2744 2154 2981 2224 χαλεπὸς
3014 2154 3049 2209 ἀ
3076 2154 3357 2226 λογισμός.
3399 2154 3536 2208 Ἀλλ’
3565 2156 3707 2211 ἀπο-

2010 2239 2407 2311 σκευασώμεθα
2451 2240 2635 2307 αὐτὸν,
2674 2242 3003 2314 ὲλέγξωμεν,
3064 2244 3152 2298 ἵνα
3196 2243 3269 2315 μὴ
3302 2242 3544 2314 ἁλῶμεν,
3570 2244 3707 2298 ἀλλά

2013 2325 2193 2390 πάσας
2246 2327 2604 2398 διαφυγόντες
2642 2332 2741 2395 τάς
2800 2332 3051 2402 μηχανὰς
3102 2331 3197 2385 τοῦ
3254 2332 3501 2386 διαϐόλου
3555 2334 3710 2404 δυνη-

2013 2412 2198 2483 θῶμεν
2250 2415 2389 2485 μετά
2434 2417 2725 2487 ἀκριϐείας
2775 2418 2845 2472 τά
2896 2420 3022 2489 ὑγιῆ
3068 2419 3318 2490 δόγματα
3360 2419 3705 2490 κατέχοντες,

2016 2500 2157 2571 μετά
2187 2501 2486 2571 ἀσφαλείας
2514 2505 2607 2557 καὶ
2630 2504 2722 2558 τὸν
2755 2505 2999 2576 παρόντα
3030 2505 3144 2575 βίον
3165 2505 3435 2569 διανύσαι,
3468 2507 3564 2559 καὶ
3594 2504 3704 2558 τῶν

2014 2588 2440 2660 ἐπηγγελμένων
2473 2591 2694 2659 ἀγαθῶν
2718 2596 2921 2661 τυχεῖν,
2952 2594 3139 2665 χάριτι
3194 2594 3290 2647 καὶ
3322 2592 3705 2664 φιλανθρωπίᾳ

2015 2677 2109 2730 τοῦ
2135 2677 2340 2747 Κυρίου
2369 2678 2526 2747 ἡμῶν
2555 2679 2729 2750 Ἰησοῦ
2759 2680 3020 2751 Χριστοῦ,
3055 2680 3173 2751 μεθ’
3191 2676 3253 2735 οὗ
3280 2680 3360 2750 τῷ
3388 2682 3561 2752 Πατρὶ
3586 2680 3704 2751 ἅμα

2017 2763 2093 2836 τῷ
2125 2766 2264 2836 ἁγίῳ
2289 2766 2566 2837 Πνεύματι
2591 2767 2739 2833 δόξα,
2768 2769 2994 2840 κράτος,
3029 2770 3184 2842 τιμὴ,
3220 2769 3317 2826 νῦν
3343 2770 3436 2824 καὶ
3469 2771 3575 2837 ἀεὶ,
3607 2772 3706 2829 καὶ

2014 2855 2096 2918 εἰς
2123 2855 2251 2919 τοὺς
2286 2854 2489 2919 αἰῶνας
2517 2856 2625 2910 τῶν
2657 2854 2891 2912 αἰώνων.
2937 2858 3131 2929 Ἀμήν.

359 2972 3591 3004 M

1616 3056 1766 3131 [εδδ]
1804 3057 2045 3113 omum
2105 3062 2236 3115 AH’.

236 3150 347 3230 Ἐν
369 3148 439 3204 δὲ
457 3148 586 3215 τιὲῐς
623 3147 890 3230 ἳξίζήναις
911 3146 1570 3230 ἐκδεχομένουαὺςοῦς
1612 3150 1721 3230 τοῦ
1751 3154 1910 3230 [Iav-

297 3224 441 3283 λου,
474 3218 858 3288 παρωξύνετο
894 3217 959 3271 τὸ
993 3217 1231 3288 πνεῦμα
1265 3222 1454 3275 αὐτοῦ
1475 3221 1545 3275 ἐν
1567 3221 1748 3287 αὐτῷ,
1775 3225 1915 3276 θεω-

289 3290 510 3361 ροῦντι
551 3283 917 3361 κατείδωλον
952 3283 1161 3361 οὖσαν
1202 3289 1329 3361 τῂν
1362 3291 1570 3345 πόλιν.
1608 3283 1913 3361 Διεζίέγετο

290 3354 413 3431 μὲν
438 3354 552 3431 οὗν
580 3359 650 3413 ἐν
674 3355 750 3425 τῇ
793 3356 1117 3431 συναγωγῇ
1158 3354 1282 3431 τοῖς
1321 3360 1622 3431 Ἰουδαίοις
1652 3363 1750 3415 καί
1783 3354 1912 3429 τοῖς

297 3426 677 3511 σεϐομένοις,
715 3427 815 3511 καὶ
843 3427 913 3481 ἐν
938 3426 1012 3511 τῆ
1047 3426 1232 3497 ἀγορᾷ
1260 3429 1411 3484 κατὰ
1445 3426 1656 3487 πᾶσαν
1685 3426 1914 3503 ἡμέραν

296 3501 453 3570 πρὸς
476 3498 616 3565 τοὺς
655 3498 1249 3567 παρατυγχάνοντας.

295 3612 374 3661 α’.
405 3605 549 3677 Ὅρα
570 3602 732 3658 αὑτὸν
760 3603 980 3674 μείζους
1005 3603 1197 3676 ἔχοντα
1230 3608 1571 3679 πειρασμοὺς
1595 3608 1747 3680 παρά
1780 3604 1913 3663 ’1ουὲ

224 3694 437 3760 δαίοις,
500 3693 534 3766 ἢ
604 3693 735 3765 παρ’
795 3694 1074 3767 Ἕλλησιν.
1136 3695 1226 3751 Ἐν
1273 3696 1404 3768 γοῦν
1449 3698 1703 3771 Ἀθήναις
1758 3701 1910 3754 οὐδὲν

226 3784 433 3855 πάσχει
475 3781 736 3847 τοιοῦτον,
776 3782 913 3838 άλλά
948 3783 1110 3856 μέχρι
1147 3784 1385 3855 γέλωτος
1422 3787 1483 3841 τὸ
1513 3788 1621 3843 πᾶν
1659 3788 1909 3861 προύχώ-

230 3886 392 3942 ρησε,
445 3870 627 3924 καίτοι
684 3887 747 3939 γε
793 3869 1042 3925 ἔπεισεν·
1084 3874 1145 3927 ὲν
1194 3872 1252 3928 δὲ
1294 3872 1569 3939 Ἰουδαίοις
1630 3875 1801 3930 πολλά
1843 3876 1913 3931 τὰ

228 3955 412 4013 δεινά·
455 3957 630 4022 οὕτως
669 3953 809 4030 ἦσαν
848 3958 1370 4032 ἐκπεπολεμωμένοι
1419 3962 1640 4034 μᾶλλον.
1682 3962 1773 4018 Διὸ
1816 3965 1911 4019 καί

230 4060 434 4117 φησιν’
487 4045 585 4100 Ἐν
627 4045 695 4099 δὲ
740 4046 870 4113 ταῖς
912 4046 1193 4115 Ἀθήναις
1243 4048 1647 4120 ἐκδεχομένου
1689 4051 1910 4119 αὐτοὺς

232 4133 340 4188 τοῦ
372 4134 643 4200 Παύλου,
670 4134 1051 4208 παρωξύνετο
1079 4133 1147 4189 τὸ
1173 4136 1410 4206 πνεῦμα
1429 4138 1617 4194 αὐτοῦ
1636 4139 1705 4193 έν
1726 4140 1907 4208 αὐτῷ,

227 4223 553 4292 ϐεωροῦντι
598 4222 965 4279 κατείδωλον
1014 4223 1214 4280 οὖσαν
1272 4223 1387 4294 τὴν
1426 4227 1626 4282 πόλιν.
1670 4227 1911 4291 Εἰκότως

226 4311 618 4384 παροξύνεται·
652 4312 713 4365 οὐ
749 4312 857 4383 γάρ
890 4306 961 4383 ἦν
986 4310 1221 4384 ἀλλαχοῦ
1262 4313 1504 4369 τοσαῦτα
1537 4313 1663 4369 ἰδεῖν
1692 4314 1904 4369 εἴδωλα.

226 4399 537 4470 Διελέγετο
570 4399 689 4469 μὲν
726 4394 840 4455 οὖν
863 4400 933 4454 ἐν
963 4398 1039 4469 τῇ
1073 4400 1400 4472 συναγωγῇ
1438 4402 1563 4470 τοῖς
1603 4403 1908 4469 Ἰουδαίοις

225 4488 323 4543 καί
358 4489 489 4555 τοῖς
528 4486 879 4558 σεϐομένοις
901 4528 917 4554 ,
950 4489 1048 4543 καί
1088 4488 1160 4544 ἐν
1192 4488 1265 4558 τῇ
1300 4489 1488 4560 ἀγορᾷ
1513 4493 1666 4551 κατὰ
1699 4491 1909 4548 πᾶσαν

223 4579 458 4648 ἡμέραν
501 4577 655 4646 πρὸς
708 4576 855 4644 τοὺς
915 4576 1507 4645 παρατυγχάνοντας.
1533 4577 1696 4651 Ὅρα,
1744 4579 1906 4635 πάλιν

236 4665 513 4729 Ἰουδαίοις
562 4663 886 4733 διαλέγεται,
942 4665 1283 4735 πανταχόθεν
1346 4665 1713 4738 ἐπιστομίζων
1777 4669 1905 4735 τοὺς

228 4753 547 4806 καταλιπεῖν
570 4752 765 4817 αύτούς
805 4752 1064 4822 λέγοντας
1101 4753 1189 4806 διὰ
1224 4753 1287 4808 τὸ
1324 4752 1461 4825 πρὸς
1486 4754 1559 4808 τά
1598 4754 1727 4827 ἔθνη
1781 4757 1904 4811 ἑπι-

229 4839 554 4909 στραφῆναι.
567 4839 886 4910 Θαυμαστὸν
910 4840 1026 4905 πῶς
1051 4840 1111 4893 οὐ
1130 4839 1499 4909 κατεγέλασαν
1522 4842 1572 4895 οἰ
1597 4841 1897 4913 φιλόσοφοι,

223 4923 408 4987 οὕτως
436 4926 591 4978 αὐτοῦ
610 4925 1009 4997 φθεγγομένου,
1033 4925 1363 4997 ὑϐριστικῶς
1386 4927 1591 4989 εὐθέως
1606 4969 1620 4994 ,
1638 4928 1760 4982 οὐδὲ
1800 4930 1899 4983 ἀπ-

224 5011 515 5081 επήδησαν
541 5012 639 5066 ἀπὸ
657 5012 753 5067 τοῦ
777 5012 1157 5085 κηρύγματος,
1179 5013 1426 5078 εἰπόντες
1446 5032 1460 5047 ’
1487 5016 1714 5088 Μακρὸν
1739 5016 1897 5071 τοῦτο

224 5097 568 5170 φιλοσοφίας.
590 5100 708 5155 Ὀτι
740 5100 932 5155 οὐδένα
957 5100 1127 5171 τῦφον
1153 5097 1301 5173 εῖχεν
1321 5119 1336 5133 ο
1366 5102 1543 5168 ἄλλως
1570 5104 1650 5170 δὲ,
1682 5105 1763 5160 ὃτι
1793 5107 1895 5161 οὐκ

214 5187 405 5244 ἐνόουν
424 5188 545 5243 οὐδὲ
565 5189 814 5243 συνίεσάν
843 5207 897 5244 τι
932 5189 1043 5244 τῶν
1064 5189 1390 5261 λεγομένων.
1418 5190 1544 5256 Πῶς
1574 5192 1682 5267 γάρ
1718 5196 1767 5247 οἱ
1795 5194 1894 5265 μὲν

213 5275 380 5349 σῶμα
400 5274 492 5330 τὸν
520 5275 655 5333 Θεὸν
671 5276 943 5344 λέγοντες,
967 5278 1018 5331 οἰ
1045 5277 1104 5331 δὲ
1133 5276 1325 5349 ἡδονὴν
1354 5277 1452 5350 τὴν
1474 5280 1889 5354 μακαριότητα;

216 5363 384 5431 Τινὲς
413 5360 484 5417 δὲ
517 5362 619 5418 καί
638 5363 756 5418 τῶν
788 5364 1213 5434 Ἐπικουρείων
1239 5364 1339 5419 καὶ
1361 5364 1481 5421 τῶν
1510 5367 1785 5423 Στωϊκῶν
1803 5387 1893 5438 59c-

210 5451 503 5521 λοσόφων
539 5448 882 5506 συνέϐαλον
912 5452 1091 5518 αὐτῷ,
1133 5451 1236 5506 καί
1264 5468 1426 5520 τινες
1455 5453 1689 5524 ἔλεγονο
1726 5458 1786 5511 Τί
1813 5456 1892 5511 ἂν

213 5537 378 5592 θέλοι
417 5540 453 5593 ό
487 5539 908 5609 σπερμολόγος
946 5535 1127 5607 οὗτος
1165 5541 1407 5610 λέγειν;
1450 5544 1514 5595 Ol
1545 5540 1615 5596 δέ
1636 5559 1651 5573 ·
1688 5541 1892 5599 Ξένων

213 5623 539 5695 δαιμονίων
562 5616 734 5680 δοκεῖ
751 5626 1153 5697 καταγγελεὺς
1170 5623 1324 5682 εἶναι
1345 5643 1358 5656 ·
1380 5627 1473 5683 ὅτι
1500 5627 1609 5684 τὸν
1644 5630 1890 5699 Ἰησοῦν

215 5711 451 5781 καὶτὴν
466 5710 814 5768 ἀνάστασιν
856 5713 1293 5785 εῦηγγελίζὲτο.
1340 5715 1452 5769 Καὶ
1477 5715 1588 5785 γάρ
1625 5716 1723 5789 τὴν
1759 5719 1894 5774 ἀνάε-

216 5814 403 5852 στασιν
426 5798 561 5853 Θεόν
593 5816 717 5856 τινα
747 5795 888 5854 εἶναι
909 5801 1162 5872 ἐνόμιζον
1184 5842 1199 5868 ,
1248 5800 1346 5856 ἆτε
1390 5802 1642 5868 εἰωθότες
1665 5805 1760 5860 καὶ
1799 5807 1894 5879 θη-

214 5882 364 5947 λείας
381 5885 580 5939 σέϐειν.
622 5886 1081 5956 Ἐπιλαϐόμενοί
1104 5905 1167 5943 τε
1186 5890 1395 5956 αὐτοῦ,
1414 5890 1513 5943 ἐπὶ
1536 5890 1644 5944 τὸν
1664 5893 1898 5963 Ἀρειον

221 5968 410 6039 πάγον
438 5972 688 6043 ﬁraror,
743 5973 1062 6045 λέγοντεςο
1098 5977 1410 6047 Δυνάμεθα
1460 5976 1680 6047 γνῶναι
1723 5981 1814 6047 τίς
1858 5984 1895 6052 ἡ

223 6059 568 6131 καινὴαῦτιι
606 6063 644 6131 ἠ
698 6063 816 6118 ὑπὸ
858 6062 973 6118 σοῦ
1028 6065 1381 6136 λαλουμένη
1421 6064 1677 6135 διδιιχιξ;
1737 6068 1895 6132 ξενί-

2016 3151 2193 3213 ζοντα
2213 3154 2324 3225 γάρ
2352 3173 2487 3211 τινα
2515 3157 2818 3228 εἰσφέρεις
2853 3161 2941 3227 εἰς
2970 3160 3077 3227 τὰς
3108 3161 3297 3231 ἀκοὰς
3321 3164 3492 3234 ἡμῶν
3509 3180 3524 3198 ⁸
3546 3167 3703 3234 ,βου-

2013 3242 2239 3311 λόμεθα
2267 3239 2382 3300 οὖν
2409 3243 2633 3315 γνῶναι
2662 3247 2720 3300 τί
2770 3246 2847 3300 ἂν
2891 3248 3055 3304 θέλοι
3096 3250 3285 3305 ταῦτα
3325 3249 3495 3310 εἶναι.
3521 3249 3701 3324 Ἦγον

2015 3329 2180 3412 αὑτὸν
2227 3330 2321 3384 ἐπὶ
2373 3332 2465 3388 τὸν
2498 3335 2721 3405 Ἀρειον
2770 3335 2967 3405 πάγον,
3006 3337 3105 3411 οὐχ
3140 3338 3281 3393 ὥστε
3334 3340 3547 3412 μαθεῖν,
3584 3343 3699 3397 ἀλλ’

2015 3411 2156 3467 ὥστε
2182 3413 2440 3480 κολάσαι,
2478 3416 2607 3470 ἔνθα
2660 3419 2717 3470 αί
2759 3420 2980 3487 φονικαὶ
3019 3420 3185 3476 δίκαι.
3238 3411 3381 3494 Ὅρα
3422 3422 3555 3493 γοῦν
3581 3425 3701 3490 πῶς

2016 3496 2113 3548 καὶ
2137 3498 2196 3550 ἐν
2218 3497 2395 3552 ἐλπίδι
2433 3499 2528 3553 τοῦ
2565 3501 2758 3572 μαθεῖν
2788 3502 2882 3554 καὶ
2912 3504 3189 3575 πανταχοῦ
3225 3505 3324 3576 τὴν
3347 3508 3701 3579 καινοτομίαν

2014 3583 2327 3652 ἐγκαλοῦσι.
2363 3586 2555 3641 Λάλων
2581 3588 2736 3654 πόλις
2764 3590 2797 3659 ἡ
2830 3590 2985 3653 πόλις
3013 3588 3354 3665 ἐκείνων
3400 3594 3699 3662 Ἀθηναῖοι

2014 3670 2083 3725 δὲ
2114 3673 2342 3741 πάντες
2395 3674 2495 3730 καί
2536 3678 2591 3730 οί
2646 3676 3081 3746 ἐπιδημοῦντες
3140 3679 3325 3744 ξένοι,
3364 3682 3452 3748 είς
3494 3681 3699 3751 ἕτερον

2015 3758 2197 3814 οὐδὲν
2220 3762 2607 3833 εὐκαίρουν,ἣ
2628 3764 2833 3834 λέγειν
2859 3782 2915 3819 τι
2938 3765 3301 3822 καίάκούειν
3324 3770 3693 3839 καινότερον.

2013 3848 2260 3915 Σταθεὶς
2288 3849 2357 3903 δέ
2389 3853 2423 3905 ὀ
2473 3852 2715 3918 Παῦλος
2760 3852 2830 3906 ἐν
2865 3852 3035 3922 μέσῳ
3068 3854 3175 3910 τοῦ
3211 3855 3441 3923 Ἀρείου
3475 3858 3695 3928 πάγου,

2011 3934 2159 4003 ἔφη’
2198 3935 2449 4005 Ἄνδρες
2499 3938 2833 4007 Ἀθηναῖοι,
2870 3939 3019 3994 κατὰ
3049 3941 3248 3996 πάντα
3292 3942 3374 4009 ὠς
3415 3944 3698 3999 δεισιδαι-

2006 4020 2416 4091 μονεστέρους
2445 4023 2600 4093 ὑμᾶς
2625 4025 2840 4094 θεωρῶ.
2872 4028 3263 4098 Διερχόμενος
3286 4030 3397 4101 γὰρ
3420 4031 3517 4085 καί
3546 4032 3694 4088 dra—

2012 4109 2244 4178 θεωρῶν
2270 4110 2342 4164 τὰ
2362 4111 2711 4181 σεϐάσματα
2751 4113 2920 4183 ὑμῶν
2945 4126 2995 4181 ει,
3026 4108 3210 4183 εὖρον
3231 4116 3328 4169 καί
3359 4118 3590 4187 βωμόν,
3626 4119 3697 4174 έν

2010 4189 2059 4262 ᾧ
2094 4197 2525 4268 ἐπεγέγραπτο·
2544 4199 2848 4270 Ἀγνώστῳ
2875 4200 3016 4267 Θεῷ.
3048 4204 3160 4255 Ὃν
3190 4197 3305 4257 οὖν
3330 4203 3695 4273 ἀγνοοῦντες

2009 4284 2347 4349 εὐσεϐεῖτε,
2407 4284 2625 4341 τοῦτον
2669 4286 2782 4357 ἐγὼ
2835 4288 3224 4358 καταγγέλλω
3268 4289 3430 4358 ὑμῖν.
3485 4289 3695 4362 Ὥσπερ

2011 4371 2377 4444 ἐγκωμιάζων
2397 4373 2616 4443 αὐτοὺς,
2639 4374 2787 4428 δοκεῖ
2811 4375 2964 4432 οὐδὲν
2985 4375 3165 4444 λέγειν
3188 4375 3349 4449 βαρύ.
3378 4376 3477 4444 Ὠς
3503 4376 3691 4434 δεισι-

2011 4462 2516 4533 δαιμονεστέρους
2547 4463 2736 4533 ὑμᾶς,
2763 4466 2925 4536 φησὶ,
2960 4465 3182 4533 θεωρᾶν
3206 4465 3499 4531 τουτέστιν,
3535 4466 3694 4524 εύλα-

2009 4549 2317 4622 ϐεστέρους.
2335 4550 2484 4624 [εεη
2501 4551 2603 4607 Ἐν
2621 4546 2669 4619 ᾧ
2689 4552 3112 4623 ἐπεγέγραπτοο
3130 4553 3441 4625 Ἀγνώστῳ
3463 4554 3604 4621 Θεῷ.
3626 4557 3693 4611 Τί

2006 4639 2123 4692 ἐστι
2152 4636 2347 4705 τοῦτο;
2372 4640 2435 4693 Οί
2483 4639 2776 4711 Ἀθηναῖοι,
2807 4640 2996 4711 ἐπειδὴ
3029 4640 3171 4695 κατά
3200 4641 3429 4715 καιροὺς
3463 4643 3692 4710 πολλοὺς

2006 4725 2256 4792 ἐδέξαντο
2297 4725 2455 4791 θεοὺς
2502 4726 2595 4782 καὶ
2644 4727 2754 4782 ἀπὸ
2804 4728 2905 4797 τῆς
2958 4728 3285 4801 ὑπερορίας,
3345 4724 3457 4783 οἷον
3493 4731 3553 4784 τὸ
3593 4733 3692 4803 τῆς

2015 4811 2246 4885 Ἀθηνᾶς
2276 4814 2441 4886 ἱερὸν,
2458 4814 2550 4868 τὸν
2573 4815 2749 4881 Πᾶνα,
2782 4814 2878 4869 καὶ
2898 4815 3091 4880 ἄλλους
3112 4816 3428 4888 ἀλλαχόθεν,
3454 4819 3690 4875 δεδοικόο

2001 4916 2115 4965 τες,
2145 4901 2221 4973 μή
2256 4917 2388 4954 ποτε
2413 4901 2511 4955 καὶ
2543 4902 2702 4967 ἄλλος
2728 4918 2814 4966 τις
2912 4904 3096 4967 αὐτοῖς
3131 4903 3232 4974 μὲν
3256 4905 3470 4961 ούδέπω
3492 4907 3690 4978 γνώρι-

2005 5005 2125 5059 μος,
2156 4989 2596 5061 θεραπευόμενος
2639 4989 2696 5043 δὲ
2743 4990 3003 5062 ἀλλαχοῦ,
3044 4990 3184 5064 ὑπὲρ
3237 4992 3482 5058 πλείονος
3531 4994 3692 5065 δῆθεν

1999 5077 2302 5145 ἀσφαλείας
2328 5077 2424 5132 καὶ
2466 5077 2642 5148 τούτῳ
2688 5078 2873 5149 βωμὸν
2913 5079 3150 5152 ἔστησαν
3179 5096 3194 5112 ο
3233 5081 3329 5135 καὶ
3364 5082 3550 5151 ἐπειδὴ
3591 5083 3691 5137 ούκ

1996 5157 2065 5233 ἦν
2094 5162 2255 5235 δῆλος
2289 5164 2317 5216 ό
2340 5162 2496 5228 Θεὸς,
2519 5166 2927 5238 ἐπεγέγραπτο·
2968 5166 3283 5237 Ἀγνώστφ
3324 5167 3466 5234 Θεῷ.
3491 5169 3691 5223 Τοῦτον

1996 5246 2090 5304 οῦν
2121 5249 2358 5320 Χριστὸν
2394 5250 2606 5318 Ἰησοῦν
2632 5248 2776 5307 εἶναι
2812 5253 3028 5318 Παῦλος
3052 5254 3223 5323 λέγει,
3256 5255 3458 5326 μᾶλλον
3487 5254 3542 5309 δὲ
3579 5255 3689 5327 τῶν

1995 5338 2216 5391 πάντων
2262 5338 2418 5395 Θεόν.
2452 5341 2565 5393 Ὃν
2594 5337 2710 5395 οὖν
2731 5341 3115 5411 ἀγνοοῦντες,
3144 5342 3329 5414 φησὶν,
3361 5342 3682 5411 εὐσεϐεῖτε,

1995 5425 2215 5481 τοῦτον
2265 5425 2382 5497 ἐγὼ
2436 5427 2827 5498 καταγγέλλω
2876 5428 3038 5497 ὑμῖν.
3090 5429 3234 5500 Ὅρα
3282 5429 3403 5493 πῶς
3439 5429 3684 5486 δείκνυσι

1994 5513 2397 5585 προειληφότας
2444 5514 2626 5568 αὐτόν.
2672 5514 2839 5567 Οὐδὲν
2884 5514 3052 5580 ξένον,
3086 5516 3270 5586 φησὶν,
3310 5515 3460 5569 οὐδὲν
3498 5519 3685 5571 καινὸν

1992 5599 2255 5673 εἰσφέρω.
2293 5599 2443 5654 Ἀνω
2484 5599 2581 5654 καὶ
2630 5600 2783 5655 κάτω
2814 5600 2975 5654 τοῦτο
3024 5600 3210 5669 ελεγον
3241 5603 3440 5655 ἐκεῖνοι
3464 5617 3477 5630 ⁸
3520 5604 3617 5671 Τίς
3645 5605 3681 5673 ὴ

1997 5686 2177 5757 καινὴ
2210 5687 2364 5755 αὕτη
2412 5688 2449 5755 ἡ
2488 5687 2841 5756 λαλουμένη
2902 5686 3029 5742 ὑπὸ
3060 5687 3179 5743 σοῦ
3226 5687 3479 5759 διδαχή;
3527 5690 3683 5755 ξενί-

1994 5774 2171 5835 ζοντα
2197 5774 2308 5844 γάρ
2329 5789 2463 5828 τινα
2476 5773 2782 5842 εἰσφέρεις
2803 5775 2891 5839 εἰς
2910 5772 3018 5840 τὰς
3032 5774 3220 5841 ἀκοὰς
3240 5772 3429 5844 ἡμῶν.
3461 5776 3678 5844 Εὐθέως

1998 5857 2090 5916 οὖν
2125 5861 2343 5932 ἀναιρεῖ
2374 5859 2553 5913 αὐτῶν
2596 5861 2697 5929 τὴν
2734 5859 3005 5930 ὑπόληψιν
3026 5901 3043 5927 ,
3084 5860 3177 5914 καί
3206 5878 3402 5931 φησιν·
3446 5862 3511 5916 Ὀ
3537 5865 3672 5931 Θε‹’ς

2001 5950 2318 6015 ὀποιήσας
2378 5947 2485 6002 τὸν
2528 5950 2792 6017 κόσμον,
2851 5948 2947 6002 καί
3000 5946 3195 6004 πάντα
3251 5947 3320 6002 τὰ
3364 5949 3432 6003 ἐν
3488 5942 3678 6020 αὐτῷ,

2062 6081 2079 6105 ⁸
2107 6081 2281 6133 Morel.
2296 6083 2355 6132 τά
2387 6083 2629 6149 σεϐάσμια
2652 6084 2712 6135 τὰ
2732 6084 2884 6149 ύμῶν.
