4112 6420
401 402 508 455 280

400 517 608 589 pridem
640 513 817 586 ipsum
848 508 1226 582 acceptavisse.
1256 507 1399 563 Nihil
1429 514 1768 572 extraneum,
1801 503 1991 585 inquit,

397 610 646 679 nihilque
676 620 875 662 novum
922 602 1105 659 altera.
1147 601 1261 657 l‘loc
1297 599 1369 653 illi
1414 606 1671 668 perpetuo
1699 592 1985 651 dicebant:

401 705 531 771 Qua
568 711 641 756 est
671 702 772 756 ista
811 714 941 753 nova
970 696 1060 750 abs
1100 704 1146 750 te
1171 692 1371 764 prolata
1399 688 1673 745 doctrina?
1702 703 1832 742 nova
1865 687 1995 740 enim

397 796 639 870 quaedam
675 793 865 866 ingeris
905 790 1112 846 auribus
1150 787 1355 842 nostris.
1403 784 1594 841 Statim
1643 797 1770 852 ergo
1811 794 1996 834 eorum

396 887 766 959 suspicionem
799 884 970 951 tollit,
1001 890 1058 937 et
1084 881 1215 937 dicit
1241 897 1254 934 :
1290 878 1380 933 24.
1411 876 1552 932 Deus
1582 876 1669 946 qui
1697 874 1815 945 fecit
1844 889 1994 926 mun-

398 982 522 1035 dum
548 987 597 1034 et
626 977 800 1032 omnia
839 990 953 1045 qua
977 975 1031 1028 in
1055 972 1147 1027 illo
1174 978 1330 1036 sunt,
1360 969 1442 1023 Iric
1469 968 1580 1023 carli
1621 977 1667 1021 et
1710 974 1858 1020 terra:
1883 980 1995 1018 cum

397 1071 463 1125 sit
493 1068 767 1123 Dominus.
804 1062 1007 1120 Deinde
1027 1104 1041 1129 ,
1069 1077 1140 1118 ne
1162 1069 1348 1130 putent
1374 1075 1534 1114 unum
1557 1073 1627 1113 ex
1652 1055 1832 1112 multis
1850 1069 1991 1120 esse,

399 1162 503 1217 hoc
532 1158 757 1229 corrigit
781 1156 860 1212 sic
880 1156 1104 1226 loquens
1132 1171 1144 1207 :
1176 1152 1267 1207 25.
1300 1149 1421 1205 Non
1452 1151 1503 1204 in
1532 1148 1838 1219 manufactis
1866 1155 1992 1199 tem-

397 1252 505 1317 plis
545 1248 778 1313 habitat,
827 1262 919 1301 nec
967 1243 1198 1299 manibus
1240 1243 1426 1296 colitur
1455 1240 1692 1293 Immanis
1716 1279 1732 1303 ,
1765 1237 1994 1309 indigens

399 1341 590 1410 aliqua.
621 1338 811 1394 Viden’
838 1335 1108 1407 quomodo
1135 1334 1387 1404 paulatim
1422 1329 1813 1403 philosophiam
1842 1328 1996 1382 indu-

402 1433 499 1496 cit,
533 1428 802 1499 quomodo
833 1427 1019 1481 irridet
1046 1425 1325 1495 gentilium
1359 1421 1641 1478 errorem?
1673 1419 1813 1473 Dans
1840 1420 1994 1471 vitam

400 1536 448 1580 et
475 1524 706 1593 spiritum
733 1530 779 1576 et
809 1520 979 1573 omnia
998 1536 1013 1573 :
1033 1517 1123 1573 26.
1149 1516 1364 1587 fecitque
1384 1531 1446 1568 ea:
1466 1530 1567 1567 uno
1587 1513 1830 1583 sanguine
1849 1524 1996 1563 omne

404 1632 564 1687 genus
590 1613 843 1667 hominum
874 1609 1102 1664 habitare
1128 1625 1279 1678 super
1307 1607 1588 1661 universam
1614 1604 1794 1674 {aciem
1822 1611 1988 1656 torrat.

410 1708 523 1762 lluc
550 1705 637 1761 Dei
665 1703 939 1774 proprium
972 1711 1072 1755 est.
1093 1700 1227 1754 Vide
1253 1715 1382 1769 ergo
1411 1714 1586 1753 annon
1621 1696 1735 1751 ba'c
1762 1696 1829 1750 de
1859 1693 1993 1748 Filio

405 1800 565 1855 etiam
595 1796 695 1851 dici
724 1794 956 1868 possint.
1005 1791 1131 1849 Cwli
1152 1834 1167 1859 ,
1201 1791 1401 1860 inquit,
1447 1798 1493 1844 et
1524 1799 1670 1843 terra:
1696 1786 1988 1842 Dominus:

400 1906 521 1960 qua:
547 1889 622 1943 illi
651 1887 909 1958 putabant
941 1885 1069 1939 deos
1094 1898 1234 1938 esse.
1282 1884 1347 1937 Et
1385 1881 1715 1937 creationem
1757 1879 1993 1934 declarat

400 1991 455 2038 ct
485 1980 748 2037 homines.
791 1977 1052 2048 Deﬁniens
1088 1984 1276 2031 statuta
1304 1984 1531 2045 tempora
1560 1983 1606 2026 et
1636 1972 1874 2027 terminos
1900 1971 1991 2024 Itu-

398 2073 658 2129 bitationis
677 2088 853 2126 eorum
869 2112 882 2136 ,
903 2069 994 2123 27.
1014 2084 1237 2139 qua’rere
1255 2066 1363 2120 Deu
1372 2084 1439 2133 m,
1464 2066 1505 2120 si
1532 2067 1663 2134 [orte
1689 2075 1990 2119 contrectant

397 2182 512 2220 eum
537 2173 625 2217 aut
650 2163 937 2227 inveniant,
962 2162 1190 2232 quamvis
1217 2176 1318 2214 non
1348 2161 1496 2230 longe
1519 2159 1581 2213 sit
1610 2158 1671 2212 ab
1697 2174 1993 2228 unoquoque

399 2269 646 2312 nostrum.
664 2256 756 2311 28.
782 2254 844 2309 1η
864 2255 975 2325 ipso
1002 2254 1134 2308 enim
1161 2253 1371 2307 vivimus
1389 2261 1435 2306 et
1460 2268 1714 2306 movemur
1730 2261 1776 2305 et
1793 2267 1987 2305 sumus.

399 2350 547 2405 Sicut
590 2348 797 2417 quidam
846 2356 1108 2418 poetarum
1152 2354 1429 2400 vestrorum
1472 2344 1711 2398 dixerunt
1751 2360 1769 2398 .'
1815 2341 1988 2412 Ipsius

396 2443 533 2498 enim
560 2450 606 2496 et
633 2456 789 2512 genus
817 2455 1011 2494 sumus.
1045 2436 1158 2492 lloe
1184 2438 1380 2491 Aratus
1408 2446 1563 2507 poeta
1592 2435 1746 2490 dixit.
1778 2435 1910 2490 Vide
1934 2442 1990 2488 ut

396 2533 885 2590 demonstrationes
923 2529 1110 2586 all‘erat
1144 2538 1200 2586 et
1237 2530 1305 2585 ab
1340 2529 1437 2595 iis,
1477 2545 1597 2600 qua:
1627 2529 1726 2599 ipsi
1753 2528 1991 2589 fecerant

395 2629 764 2697 dixeruntque.
792 2624 886 2683 29.
917 2616 1085 2679 Genu's
1114 2640 1232 2695 ergo
1257 2640 1371 2677 cum
1392 2624 1549 2678 simus
1574 2622 1686 2687 Dei,
1714 2639 1815 2676 non
1843 2623 1990 2675 debe-

398 2738 513 2774 mus
537 2722 787 2775 (animare
815 2736 940 2773 auro
966 2727 1013 2772 et
1033 2728 1241 2787 argento
1262 2726 1349 2771 aut
1370 2717 1552 2787 lapidi,
1577 2718 1849 2787 sculptura:
1865 2718 1987 2771 artis

393 2822 444 2867 et
470 2811 785 2883 cogitationis
810 2810 1054 2874 hominis,
1082 2809 1246 2864 Deum
1267 2825 1374 2864 esse
1396 2809 1633 2864 similem.
1659 2811 1814 2879 Atqui
1844 2810 1984 2877 ideo,

398 2904 645 2974 inquies,
690 2902 967 2958 debemus.
998 2901 1252 2956 Minime:
1291 2916 1467 2972 neque
1497 2902 1640 2957 enim
1680 2916 1777 2956 nos
1816 2917 1987 2971 neque

396 2997 592 3050 anima:
624 3004 822 3050 ηοιιινιε
849 2994 1073 3049 similes.
1105 2994 1213 3049 Cur
1244 3009 1373 3064 ergo
1406 3010 1509 3048 non
1543 2995 1721 3048 Statim
1752 2994 1987 3066 philoso-

400 3089 558 3159 phice
584 3090 834 3159 loquutus
860 3098 973 3155 est,
1004 3102 1105 3143 nec
1130 3087 1302 3142 dixit:
1343 3088 1481 3142 Deus
1514 3088 1864 3158 incorporeus
1890 3103 1985 3141 na-

398 3190 517 3235 tura
538 3220 554 3244 ,
604 3179 883 3234 invisibilis
910 3189 993 3235 est
1021 3186 1078 3234 et
1105 3180 1221 3234 sine
1249 3178 1453 3249 figura?
1497 3178 1628 3246 Quia
1657 3177 1981 3249 superﬂuum

398 3271 682 3327 videbatur
722 3271 825 3326 hoc
856 3270 1037 3327 dicere
1068 3271 1408 3336 hominibus,
1441 3272 1532 3342 qui
1565 3271 1801 3326 nondum
1843 3270 1981 3325 didi.

394 3372 604 3430 ceram,
631 3378 794 3419 unum
811 3377 929 3419 esse
958 3363 1149 3418 Deum.
1179 3362 1305 3417 Ideo
1323 3362 1502 3417 missis
1527 3362 1652 3428 illis,
1683 3363 1735 3416 in
1757 3377 1822 3417 co
1842 3361 1985 3433 quod

392 3455 505 3526 jam
536 3456 794 3525 quaeritur
824 3455 1020 3511 insistit
1045 3496 1060 3520 ,
1090 3464 1146 3510 et
1171 3456 1245 3509 ait
1272 3472 1284 3508 :
1317 3454 1406 3509 50.
1433 3453 1499 3508 Et
1531 3464 1757 3525 tempora
1786 3456 1984 3527 quidem

396 3550 552 3613 artius
581 3549 884 3618 ignorantia:
919 3548 1199 3616 despiciens
1225 3546 1394 3611 Deus,
1441 3563 1574 3600 nunc
1598 3548 1864 3601 annuntiat
1892 3547 1981 3601 Ito-

397 3641 652 3705 minibus,
691 3651 744 3694 ut
796 3657 967 3695 omnes
994 3640 1172 3710 ubique
1201 3640 1544 3709 ptenitentiam
1600 3649 1772 3708 agant,
1815 3641 1902 3694 5i.
1926 3655 1984 3693 eo

396 3733 537 3802 quod
554 3732 728 3787 statuit
750 3733 904 3799 diem,
930 3732 984 3785 in
1009 3748 1106 3801 quo
1129 3731 1449 3801 iudicaturus
1474 3739 1544 3784 est
1570 3729 1736 3802 orbem
1760 3731 1811 3783 in
1827 3731 1984 3800 justi-

396 3827 492 3891 tia,
510 3826 563 3879 in
579 3826 684 3879 viro
699 3825 750 3878 in
775 3840 872 3895 quo
896 3824 1086 3883 statuit.
1106 3823 1258 3893 ﬁdem
1278 3812 1505 3893 praebens
1533 3801 1760 3877 onnitbus
1778 3864 1794 3892 ,
1823 3824 1987 3878 susci-

396 3926 513 3971 tans
537 3930 650 3971 eum
689 3931 720 3968 a
746 3913 975 3968 mortuis.
1002 3912 1177 3969 Vide:
1211 3920 1491 3983 postquam
1523 3928 1712 3968 eorum
1750 3922 1983 3969 mentem

395 4014 769 4073 concusserat,
802 4021 921 4060 cum
949 4004 1170 4070 diceret,
1204 4004 1399 4059 Statuit
1425 4004 1577 4068 diem,
1608 4004 1833 4075 illosque
1872 4014 1983 4061 ter-

394 4105 618 4163 ruerat;
649 4106 774 4150 tunc
800 4104 1104 4165 opportune
1132 4095 1235 4150 hoc
1265 4093 1487 4160 inducit,
1519 4095 1781 4149 Suscitans
1803 4112 1913 4149 eum
1954 4112 1987 4150 α

394 4187 635 4242 mortuis.
666 4186 769 4242 Sed
800 4187 1079 4256 superiora
1109 4195 1436 4256 repetamus.
1471 4185 1596 4239 Cum
1623 4186 1833 4241 Athenis
1870 4186 1987 4243 illos

394 4287 714 4352 exspectaret
739 4278 962 4342 Paulus,
989 4279 1312 4346 incitabatur,
1343 4274 1531 4349 inquit,
1554 4280 1762 4346 spiritus
1789 4281 1896 4350 ejus
1932 4279 1988 4334 in

394 4387 477 4425 eo.
501 4369 618 4424 Non
648 4369 779 4423 iram
806 4369 888 4424 vel
917 4369 1333 4440 indignationem
1358 4369 1442 4424 hic
1468 4369 1730 4440 signiﬁcat
1751 4369 1987 4426 incitatio

392 4463 509 4529 illa,
542 4461 638 4518 sed
672 4462 1000 4532 vigilantiam
1030 4471 1084 4517 ct
1112 4462 1309 4529 zelum,
1340 4471 1400 4516 ut
1425 4470 1478 4517 et
1508 4463 1634 4519 alibi
1659 4479 1673 4515 :
1705 4462 1867 4517 Facta
1890 4474 1986 4533 est,

394 4552 603 4623 inquit,
634 4551 875 4607 dissentio
902 4553 1032 4608 inter
1057 4553 1176 4607 illos
1204 4553 1343 4623 (Act.
1377 4553 1462 4609 15.
1487 4553 1601 4625 59).

468 4642 524 4697 2.
570 4641 706 4698 Vide
744 4652 922 4698 autem
952 4645 1225 4715 quomodo
1264 4644 1644 4714 providentur,
1686 4656 1744 4702 ut
1789 4646 1987 4704 invitus

405 4736 519 4790 illic
544 4743 761 4790 maneat
789 4745 1107 4807 exspectans
1137 4735 1276 4791 illos.
1324 4735 1461 4802 Quid
1499 4752 1627 4807 ergo
1655 4746 1757 4802 est,
1791 4737 1988 4792 Incita-

405 4827 586 4881 batur?
609 4827 663 4883 ld
680 4835 784 4895 est,
801 4827 1131 4883 excitabatur
1147 4844 1160 4883 :
1178 4827 1247 4882 ab
1263 4827 1341 4882 ira
1357 4836 1412 4883 et
1427 4828 1787 4898 indignatione
1802 4830 1986 4899 procul

410 4926 524 4971 crat
549 4918 647 4975 hoc
675 4920 895 4976 donum.
928 4918 1045 4976 Non
1076 4920 1296 4988 ferebat,
1323 4921 1417 4976 sed
1446 4921 1768 4977 tabescebat.
1799 4922 1989 4994 Dispu-

410 5008 548 5064 tabat
574 5028 682 5084 ergo
711 5013 766 5067 in
792 5028 1051 5085 synagoga
1075 5030 1191 5068 cum
1213 5012 1415 5067 Iudicis
1433 5055 1448 5081 ,
1479 5014 1681 5084 inquit,
1711 5024 1756 5068 et
1778 5014 1991 5069 colenti-

407 5103 521 5157 bus.
541 5101 664 5161 Vide
684 5121 871 5161 rursus
898 5114 1083 5160 contra
1101 5104 1316 5160 Iudaeos
1335 5104 1717 5175 disputantem.
1737 5104 1988 5161 Calentes

397 5206 581 5250 autem
600 5207 757 5251 vocat
779 5197 1104 5269 proselytos.
1134 5196 1371 5266 Dispersi
1397 5212 1626 5266 namque
1647 5208 1799 5253 erant
1817 5197 1988 5252 Judaei

395 5288 600 5359 ubique
628 5287 699 5344 ab
739 5289 971 5345 adventu
1001 5289 1242 5346 Christi:
1275 5302 1397 5344 nam
1440 5289 1598 5343 simul
1642 5289 1768 5344 inde
1805 5299 1860 5344 et
1902 5289 1988 5344 lex

394 5379 731 5446 solvebatur,
764 5389 819 5436 et
846 5380 1094 5436 homines
1124 5380 1380 5451 pietatem
1411 5377 1694 5434 docebant.
1725 5377 1830 5433 Sed
1856 5377 1989 5432 nihil

395 5471 475 5525 illi
529 5468 920 5539 lucrabantur,
969 5470 1072 5526 nisi
1120 5478 1324 5525 tantum
1366 5469 1728 5525 calamitatum
1773 5483 1988 5523 suarum

399 5562 713 5618 testimonia
740 5563 1021 5619 habentes.
1058 5561 1280 5630 Quidam
1305 5571 1471 5614 autem
1493 5558 1732 5631 Epicurei
1754 5570 1801 5611 et
1825 5557 1992 5614 Stoici

398 5654 698 5725 philosophi
727 5653 1035 5709 disserebant
1065 5669 1178 5714 cum
1218 5668 1296 5706 eo.
1346 5650 1463 5705 Non
1500 5650 1610 5720 jam
1645 5649 1851 5719 legibus
1880 5647 1992 5703 Suis

402 5747 697 5802 utebantur
724 5745 1108 5811 Athenienses,
1133 5750 1320 5814 utpote
1350 5740 1608 5797 Romanis
1637 5738 1881 5810 subjecti.
1929 5737 1993 5793 Et

404 5837 547 5894 unde
589 5835 844 5892 volebant
892 5836 969 5893 illi
1024 5836 1341 5906 disputare?
1387 5833 1522 5902 Quia
1569 5833 1816 5888 videbant
1858 5831 1991 5887 alios

1293 393 1361 449 IN
1400 391 1583 447 ACTA
1624 386 2149 445 APOSTOLORUM.
2193 388 2428 442 IlOMlL.
2472 387 2760 444 XXXVIII.

3588 391 3692 447 οξτο

2105 503 2430 559 disserentes
2451 545 2466 565 .
2504 512 2559 559 et
2587 508 2756 559 virum
2786 506 2839 560 in
2866 506 3259 563 existimatione
3286 505 3493 562 haberi.
3527 506 3690 561 Etvi-

2103 593 2188 657 de,
2217 594 2396 648 statim
2426 595 2812 650 contumeliose
2831 589 2851 664 (
2869 597 3115 652 Animalis
3136 597 3266 650 enim
3294 598 3441 651 homo
3458 613 3558 650 non
3579 612 3694 650 sus-

2102 685 2223 753 cipit
2251 702 2310 738 ea
2339 701 2451 756 qua:
2475 695 2593 740 sunt
2621 684 2850 754 Spiritus
2892 683 2985 757 [1.
3016 685 3136 742 Cor.
3165 690 3220 741 ‘2.
3249 682 3403 754 14]),
3424 685 3690 741 Noverunt

2103 773 2465 828 daemoniorum
2496 774 2573 848 (a)
2598 816 2615 841 ,
2649 775 2932 846 inquiunt,
2966 776 3161 831 videtur
3200 778 3529 831 annuntiator
3562 793 3690 831 esse.

2106 864 2377 919 Daemonia
2418 865 2553 922 deos
2597 881 2725 921 suos
2754 867 3054 921 vocabant:
3085 877 3242 922 erant
3269 868 3410 922 enim
3448 867 3691 923 civitates

2102 955 2257 1009 idolis
2287 956 2479 1026 picum.
2515 958 2896 1027 Appreltensum
2925 954 3072 1013 ilium
3098 959 3150 1012 in
3175 957 3495 1029 Areopagum
3532 960 3690 1012 duxe-

2099 1060 2248 1113 runt,
2282 1050 2522 1108 dicentes.
2556 1052 2664 1106 Cur
2704 1051 2755 1106 in
2786 1054 3128 1122 Areopagum
3160 1052 3333 1122 ipsum
3368 1051 3689 1106 traxerunt?

2100 1136 2168 1193 Ut
2209 1142 2690 1208 perterrel‘acercnt
2720 1160 2732 1195 :
2769 1143 2837 1198 ibi
2869 1143 3011 1199 enim
3048 1143 3304 1212 capitales
3330 1159 3519 1199 causas
3542 1143 3684 1213 judi-

2100 1229 2311 1284 cabant.
2337 1229 2616 1287 Possumus
2635 1234 2763 1289 scire
2785 1249 2898 1304 qua:
2922 1235 2986 1289 sit
3014 1250 3141 1287 nova
3165 1234 3278 1299 illa,
3296 1250 3408 1304 qua:
3433 1251 3465 1287 a
3490 1244 3536 1287 te
3562 1233 3691 1288 dici-

2099 1330 2199 1386 tur,
2228 1322 2458 1376 doctrina
2472 1325 2497 1376 ?
2521 1341 2648 1378 nova
2667 1326 2799 1379 enim
2819 1325 3050 1396 qua'dam
3071 1325 3228 1396 infers
3248 1324 3456 1378 auribus
3476 1324 3682 1378 nostris.

2100 1412 2424 1467 Atlunienses
2459 1425 2626 1468 autem
2656 1433 2826 1469 omnes
2868 1425 2915 1467 et
2952 1415 3021 1469 ibi
3054 1425 3307 1470 versantes
3347 1414 3599 1485 peregrini
3634 1413 3689 1466 in

2099 1503 2240 1555 nullo
2267 1503 2369 1558 alio
2399 1514 2598 1577 tempus
2626 1505 2869 1572 terebant,
2899 1521 3049 1574 quam
3079 1514 3134 1558 ut
3162 1504 3424 1575 quidpiam
3450 1502 3562 1556 novi
3600 1502 3684 1555 di-

2097 1606 2261 1646 cerent
2287 1594 2367 1647 vel
2387 1596 2642 1649 audirent.
2676 1597 2772 1652 llic
2802 1612 2932 1650 vero
2963 1596 3224 1650 indicatur
3249 1608 3364 1663 cos,
3392 1593 3599 1649 etiamsi
3629 1592 3682 1647 in

2097 1682 2199 1738 hoc
2223 1700 2438 1755 semper
2461 1698 2824 1753 versarentur,
2849 1698 2906 1741 ut
2932 1689 3279 1758 loquerentur
3305 1686 3387 1742 vel
3412 1685 3681 1749 audirent,

2099 1783 2274 1831 tamen
2324 1776 2411 1830 illa
2456 1785 2671 1846 putasse
2703 1794 2873 1839 nova,
2914 1793 3034 1846 qua:
3061 1792 3350 1847 numquam
3380 1775 3678 1831 audierant.

2100 1865 2255 1919 Stans
2285 1876 2451 1920 autem
2477 1864 2675 1921 Paulus
2696 1867 2748 1921 in
2770 1869 2932 1920 medio
2953 1867 3207 1937 AreOpagi
3222 1908 3236 1932 ,
3261 1867 3332 1920 ait
3356 1882 3374 1921 :
3412 1865 3514 1920 Viri
3537 1867 3684 1920 Atlte~

2096 1960 2291 2013 nienses
2316 2001 2329 2022 ,
2377 1978 2467 2031 per
2507 1962 2677 2016 omnia
2719 1962 2865 2031 quasi
2903 1961 3352 2030 superstitiosiores
3397 1976 3479 2014 vos
3516 1961 3672 2014 video.

2103 2050 2402 2108 Praeterieris
2427 2052 2559 2107 enim
2585 2063 2632 2107 et
2658 2055 2829 2108 videns
2857 2054 3131 2107 simulacra
3157 2061 3338 2107 vestra.
3367 2052 3484 2107 Non
3514 2053 3678 2121 dixit,

2100 2144 2398 2208 lbemonas,
2431 2144 2527 2199 sed
2569 2144 2707 2199 viam
2737 2155 2890 2214 parat
2920 2145 3189 2209 sermoni;
3226 2144 3346 2198 ideo
3373 2144 3539 2207 dicit,
3571 2143 3679 2199 Su-

2096 2237 2481 2307 perstitiosiores
2508 2255 2593 2292 vos
2619 2238 2758 2292 video
2779 2280 2793 2303 ,
2821 2245 3038 2307 promer
3066 2253 3235 2291 aram.
3267 2236 3435 2303 Deus,
3474 2237 3676 2305 inquit,

2094 2328 2180 2396 qui
2210 2328 2327 2397 fecit
2354 2330 2601 2382 mundum
2624 2370 2637 2393 ,
2669 2339 2714 2382 et
2743 2330 2911 2382 omnia
2942 2345 3053 2393 qua:
3079 2328 3130 2382 in
3155 2345 3212 2382 eo
3240 2335 3373 2381 sunt.
3407 2326 3519 2384 Una
3549 2341 3691 2383 vom

2094 2420 2272 2475 omnia
2316 2420 2757 2491 philosophorum
2809 2421 3056 2489 dOgmala
3106 2420 3385 2475 subvertit.
3434 2420 3680 2490 Epicurei

2096 2528 2323 2581 uanique
2353 2513 2532 2567 omnia
2566 2529 2662 2582 per
2685 2530 2743 2567 se
2773 2515 3038 2569 exsistere
3063 2513 3342 2579 dicebant,
3373 2522 3427 2567 et
3455 2528 3520 2567 ex
3560 2521 3678 2566 ato—

2095 2604 2194 2658 mis
2223 2614 2469 2659 constare
2496 2622 2508 2658 :
2537 2604 2702 2660 Stoici
2732 2621 2858 2661 vero
2882 2619 3077 2675 corpus
3100 2616 3154 2660 et
3182 2604 3683 2675 conﬂagrationem,

2096 2693 2190 2747 llic
2224 2708 2357 2748 vero
2386 2693 2518 2749 dicit
2548 2712 2560 2747 :
2596 2694 2858 2748 mundum
2887 2703 2941 2748 et
2980 2698 3158 2749 omnia
3196 2711 3315 2764 qua:
3341 2693 3393 2748 in
3423 2709 3489 2749 eo
3513 2704 3673 2760 sunt,

2092 2802 2225 2854 opus
2270 2801 2390 2841 esse
2432 2787 2545 2842 Dei.
2592 2786 2778 2841 Viden’
2824 2787 3138 2842 brevitatem
3165 2828 3178 2851 ,
3229 2796 3281 2841 et
3329 2787 3380 2840 in
3413 2786 3676 2842 brevitate

2091 2879 2440 2934 claritatem?
2474 2880 2539 2934 Et
2570 2878 2690 2935 vide
2719 2896 2963 2948 qua‘nan‘.
2995 2880 3125 2949 ipsis
3158 2894 3291 2934 nova
3323 2879 3671 2935 viderentur:

2090 2971 2233 3041 quod
2264 2971 2405 3027 Dens
2432 2971 2690 3026 mundum
2720 2969 2954 3026 fecisset.
2987 2971 3114 3038 Quae
3146 2986 3287 3024 nunc
3316 2971 3493 3025 intima
3526 2971 3676 3041 plebs

2089 3065 2229 3130 scit,
2280 3064 2596 3135 ignorabant
2630 3063 2985 3119 Athenienses
3007 3106 3020 3131 ,
3062 3072 3117 3118 et
3154 3064 3556 3119 Atheniensium
3585 3079 3675 3120 sa-

2092 3154 2320 3223 pientes.
2353 3153 2409 3210 Si
2439 3170 2668 3225 namque
2695 3153 2825 3210 fecit
2844 3197 2858 3219 ,
2888 3154 3073 3224 utique
3102 3155 3357 3209 Dominus
3382 3164 3483 3209 est.
3516 3154 3676 3226 Vide,

2088 3246 2214 3317 quid
2242 3246 2383 3301 dicat
2415 3261 2534 3302 esse
2564 3255 2939 3315 argumentum
2964 3246 3194 3311 deitatis,
3228 3260 3420 3316 nempe
3449 3248 3676 3302 creatio-

2089 3352 2253 3404 nem;
2302 3337 2353 3392 id
2396 3337 2538 3407 quod
2575 3337 2733 3392 etiam
2773 3335 2939 3392 Filius
2980 3337 3159 3391 habet.
3209 3335 3340 3391 Nam
3380 3336 3431 3392 id
3479 3339 3675 3409 ubique

2089 3431 2269 3486 dicunt
2300 3433 2601 3501 prophetae,
2634 3430 2727 3485 Dei
2760 3428 2881 3486 esse
2903 3444 3087 3485 creare
3111 3449 3127 3495 ;
3156 3446 3262 3483 non
3287 3445 3413 3485 vero
3438 3432 3577 3486 sicut
3596 3433 3674 3487 illi

2088 3524 2354 3589 dicebant,
2386 3525 2549 3578 alium
2581 3524 2934 3589 cenditorem,
2968 3537 3067 3577 nec
3090 3522 3360 3578 dominum
3389 3538 3528 3587 esse,
3556 3538 3675 3578 nia-

2092 3617 2276 3671 teriam
2323 3630 2429 3670 non
2482 3615 2671 3670 factam
2723 3629 2843 3669 esse
2887 3623 3267 3685 supponentes.
3319 3614 3417 3668 Hic
3456 3614 3673 3670 demum

2089 3707 2421 3777 acnigmatice
2446 3706 2588 3777 quod
2610 3721 2764 3760 suum
2793 3714 2894 3770 est,
2916 3705 3044 3760 dicit
3070 3714 3122 3760 et
3145 3704 3319 3758 ﬁrmat
3344 3719 3358 3769 ;
3381 3705 3520 3775 quod
3547 3719 3676 3761 vero

2091 3799 2303 3853 illorum
2333 3807 2434 3865 est,
2469 3807 2680 3870 purgat.
2715 3796 2835 3851 Non
2866 3799 2918 3851 in
2953 3798 3276 3869 manufactis,
3310 3796 3500 3867 inquit,
3528 3797 3676 3851 [tabi-

2091 3901 2183 3945 tat.
2212 3890 2424 3945 Habitat
2452 3889 2668 3959 quidem
2701 3890 2753 3943 in
2785 3889 3017 3959 templis,
3044 3899 3098 3943 at
3129 3903 3235 3942 non
3262 3888 3314 3943 in
3345 3888 3555 3953 talibus,
3580 3887 3675 3942 sed

2092 3981 2143 4037 in
2174 3982 2349 4036 anima
2381 3981 2637 4035 humana.
2671 3980 2806 4035 Vide
2834 3980 3168 4051 corporalem
3197 3980 3409 4035 sustulit
3449 3981 3669 4035 cultum.

2090 4073 2227 4140 Quid
2257 4073 2431 4143 ergo?
2467 4086 2645 4126 annon
2679 4070 2953 4126 habitabat
2988 4072 3039 4125 in
3071 4071 3273 4140 templo
3314 4071 3677 4142 Jerosolymo—

2091 4164 2255 4219 rum?
2301 4161 2414 4218 Non
2456 4162 2671 4232 utique,
2716 4162 2811 4217 sed
2856 4162 3196 4231 operabatur.
3240 4161 3518 4226 Quomodo
3547 4174 3676 4231 ergo

2091 4255 2368 4311 colebatur
2394 4254 2644 4309 manibus
2670 4253 2918 4308 humanis
2944 4250 3083 4321 apud
3112 4251 3371 4307 Indicos?
3413 4250 3531 4305 Non
3558 4265 3674 4305 ma-

2092 4348 2269 4413 nibus,
2293 4346 2389 4402 sed
2412 4344 2679 4400 mentibus
2705 4360 2720 4400 :
2751 4360 2872 4399 nam
2896 4343 2986 4399 illa
3005 4360 3108 4399 non
3128 4344 3204 4399 sic
3231 4342 3506 4414 quaerebat
3523 4343 3675 4414 quasi

2093 4437 2157 4492 iis
2187 4452 2321 4507 opus
2347 4436 2570 4492 haberet
2593 4454 2609 4490 :
2634 4435 2900 4506 Numquid
2920 4434 3255 4501 mandueabo,
3280 4435 3472 4505 inquit,
3500 4451 3678 4491 carnes

2092 4537 2355 4582 taurorum
2374 4570 2389 4595 ,
2431 4535 2521 4580 aut
2559 4526 2858 4597 sanguinem
2883 4524 3141 4579 hircorum
3166 4524 3349 4596 potabo
3377 4523 3557 4596 (Psal.
3584 4526 3674 4582 49.

2095 4621 2238 4691 l5)?
2278 4620 2480 4676 Deinde
2520 4635 2639 4674 eum
2677 4618 2941 4673 dixisset:
2975 4617 3150 4689 Neque
3184 4617 3414 4671 manibus
3443 4617 3677 4671 humanis

2090 4712 2295 4775 colitur,
2322 4711 2552 4781 indigens
2580 4710 2792 4779 aliquo;
2815 4709 2937 4777 quia
2969 4706 3070 4762 hoc
3090 4721 3195 4761 non
3218 4708 3347 4762 satis
3374 4715 3511 4775 erat,
3531 4707 3679 4762 nullo

2091 4817 2271 4872 egere,
2302 4809 2360 4855 ut
2387 4800 2593 4856 dixerat
2617 4816 2630 4863 ;
2660 4813 2781 4859 ram
2803 4799 3041 4853 divinum
3060 4797 3274 4867 quidem
3304 4796 3429 4851 illud
3454 4805 3558 4866 est,
3581 4797 3676 4852 sed

2092 4893 2236 4947 aliud
2267 4892 2595 4963 requiritur:
2628 4890 2846 4960 adjicit:
2877 4888 2904 4942 1
2913 4906 3001 4960 pse
3025 4890 3155 4943 dans
3183 4888 3413 4943 omnibus
3442 4889 3594 4942 vitam
3629 4897 3678 4944 et

2092 4987 2326 5057 spiritum
2367 4995 2413 5038 et
2455 4984 2644 5037 omnia.
2696 4982 2810 5037 Duo
2852 4981 3145 5037 divinitatis
3178 4978 3376 5036 indicia
3419 4978 3676 5044 exhibet,

2156 5163 2228 5227 (a)
2255 5164 2339 5211 Hic
2360 5168 2491 5227 notat
2522 5159 2771 5227 Dounagus
2785 5157 3110 5227 iii-Savilianis
3129 5168 3260 5227 notis
3281 5170 3295 5206 :
3319 5155 3553 5227 Platonici
3574 5154 3675 5225 dis-

2356 5220 2634 5288 diligenter,
2667 5220 2801 5282 deos,
2825 5219 3071 5288 dwmones
3100 5226 3147 5270 et
3185 5218 3387 5288 heroas:
3409 5225 3533 5267 Deos
3552 5218 3679 5267 enim

2093 5287 2145 5352 iu
2163 5279 2350 5338 Eummo
2364 5279 2534 5352 gradu
2556 5279 2750 5347 ponunt,
2766 5279 2881 5352 quos
2897 5282 3063 5352 cicero
3082 5285 3272 5352 venuste
3294 5279 3530 5352 majorum
3549 5289 3675 5352 gen;-

2096 5349 2216 5398 tium
2230 5340 2460 5411 appellat.
2488 5340 2754 5411 Dtcmones
2764 5340 2873 5394 sunt
2897 5341 3014 5411 illis,
3032 5342 3117 5411 qui
3136 5341 3273 5411 nobis
3492 5340 3678 5411 Promi-

2095 5422 2209 5470 scue
2231 5402 2390 5470 tamen
2406 5413 2713 5470 usurpentur
2735 5404 2842 5456 lucc
2864 5402 3109 5464 vocabula,
3134 5409 3187 5452 ut
3205 5402 3335 5470 apud
3366 5405 3557 5470 poetam
3589 5406 3679 5448 Ju-

2095 5469 2218 5529 νίιεν
2240 5467 2586 5541 νζοβάξθέτιιῖι
2622 5480 2714 5541 te"?
2736 5475 2911 5541 δειαθκξ
2932 5467 3680 5541 ἐλλονςν..ίέἶξέλέέ¹⁴9ίέ⁸ἐῖζὶυξ.ἓίέῗῖ

2097 5527 2191 5596 que
2216 5527 2426 5595 amrinat
2451 5530 2514 5596 de
2532 5527 2730 5579 cititate
2752 5527 2862 5596 Dei,
2885 5527 2918 5577 l.
2943 5527 3004 5596 δ..
3027 5543 3049 5572 α
3072 5527 3306 5596 Novarum
3325 5527 3675 5596 demittantur

2099 5586 2289 5643 tiidetiir
2308 5590 2613 5642 annuntialor
2635 5600 2769 5646 esse;
2792 5605 2814 5632 ιι
2844 5588 2934 5637 hoc
2952 5586 3083 5636 idem
3104 5586 3341 5647 obiectum
3367 5588 3439 5647 est
3469 5586 3672 5647 Socrati.

2096 5654 2343 5704 Homerus
2364 5653 2485 5702 item
2505 5652 2628 5700 deos
2660 5643 2902 5698 interdum
2928 5656 3067 5697 vocat
3101 5643 3362 5696 daemonas.
3387 5644 3525 5695 Idem
3546 5643 3679 5695 Dono

2100 5727 2236 5764 naeus
2256 5715 2320 5763 de
2343 5712 2509 5763 Stoicis
2533 5724 2544 5759 :
2564 5709 2826 5771 stoicorum
2848 5707 3011 5771 opinio
3028 5707 3120 5771 fuit
3139 5743 3153 5770 ,
3189 5709 3325 5771 atad
3368 5715 3640 5771 extremum
3662 5740 3674 5762 ,

2101 5790 2213 5841 cum
2234 5774 2442 5841 mtmdus
2484 5770 2804 5841 conﬂagraret
2822 5807 2835 5830 ,
2861 5767 3330 5833 absumptis'quibus
3361 5767 3433 5820 sol
3467 5774 3515 5818 et
3537 5774 3673 5818 aslt'u

2102 5837 2297 5888 aluntur
2321 5832 2616 5892 humoribus,
2638 5832 2796 5881 omnia
2818 5832 3134 5895 :gttescerettt.
