4112 6424
530 413 629 468 2η

528 527 674 602 quod
702 529 849 584 nullo
872 528 1105 600 indigeat
1121 537 1205 595 ,et
1222 527 1364 598 quod
1386 525 1636 581 omnibus
1657 524 1835 579 omnia
1861 522 2117 593 prtebeat.

533 624 646 678 lluc
668 623 858 679 confer
878 625 1057 679 omnia
1075 638 1194 694 qua:
1214 622 1280 678 de
1299 622 1408 677 Deo
1422 620 1571 674 l‘lato
1593 617 1997 689 philosophatus
2014 624 2116 682 est,

528 729 648 784 qua:
676 714 936 783 Epicurus
963 756 977 779 ,
1010 722 1065 768 et
1109 714 1224 768 lucc
1268 712 1445 767 omnia
1489 710 1590 763 illis
1634 716 1939 778 comparata
1970 722 2121 777 nugae

528 812 675 858 sunt.
727 803 873 857 Duas
899 846 912 869 ,
960 804 1161 876 inquit,
1194 804 1349 857 vitam
1373 812 1419 855 et
1448 801 1700 871 spiritum.
1752 800 1888 853 Ecce
1928 799 2121 853 anima:

527 911 741 966 quoque
769 896 943 966 ipsum
973 905 1273 952 creatorem
1304 894 1469 959 facit,
1501 908 1605 946 non
1634 892 1953 963 genitorem.
1988 889 2122 946 Vide

528 1002 742 1041 rursum
789 987 1061 1058 quomodo
1107 986 1348 1041 destruat
1391 999 1697 1039 sermonem
1743 981 1811 1037 de
1851 980 2118 1035 materia:

532 1075 772 1148 Fecitque
791 1119 806 1142 ,
840 1079 1048 1147 inquit,
1091 1094 1154 1131 ea:
1184 1093 1284 1130 uno
1324 1077 1572 1146 sanguine
1602 1091 1749 1128 omne
1774 1090 1931 1144 genus
1960 1072 2123 1125 Itami-

533 1186 673 1234 num,
707 1169 932 1222 habitare
957 1185 1107 1231 super
1133 1184 1328 1221 onmem
1350 1170 1531 1238 facient
1561 1177 1726 1220 terrae.
1753 1166 1876 1221 [huc
1902 1166 2121 1220 meliora

532 1263 633 1314 illis
652 1302 667 1325 ,
699 1269 753 1315 et
781 1259 1062 1314 confutant
1092 1268 1301 1314 atomos
1328 1260 1737 1328 materiamque.
1769 1258 1864 1312 llic
1892 1255 2123 1312 ostendit

530 1370 634 1405 non
663 1367 782 1407 esse
810 1351 1059 1422 partitam
1086 1368 1259 1422 neque
1286 1350 1517 1405 hominis
1540 1350 1793 1404 animam.
1817 1349 1970 1417 Quod
1996 1361 2123 1403 vero

528 1444 600 1498 illi
629 1443 816 1499 dicunt
838 1484 852 1507 ,
892 1442 996 1497 hoc
1025 1458 1131 1497 non
1163 1449 1245 1497 est
1283 1456 1406 1497 esse
1435 1441 1788 1495 conditorem.
1835 1439 1966 1495 Cum
1994 1439 2125 1493 dicit

528 1546 706 1591 autem
738 1551 845 1591 non
882 1536 1130 1590 manibus
1159 1534 1409 1590 humanis
1437 1534 1539 1589 coli
1567 1535 1733 1589 Deum
1759 1575 1774 1603 ,
1821 1532 2123 1588 subimlicat

528 1630 676 1685 illmn
709 1632 888 1685 animo
916 1640 965 1684 et
994 1640 1177 1685 mente
1203 1629 1327 1685 coli.
1361 1628 1462 1682 llic
1484 1670 1499 1695 ,
1530 1629 1732 1698 inquit,
1761 1627 1873 1681 εαἸὶ
1903 1637 1949 1680 et
1979 1636 2125 1680 terra:

526 1740 643 1777 cum
678 1724 741 1777 sit
783 1721 1053 1775 Dominus.
1099 1720 1214 1776 Non
1244 1734 1373 1791 ergo
1402 1720 1676 1774 daemones
1712 1718 1924 1788 quidem
1959 1733 2119 1787 pecu-

529 1818 708 1874 liares.
750 1818 888 1873 Deus
928 1820 1012 1887 qui
1042 1819 1158 1890 fecit
1202 1818 1481 1882 mundum,
1525 1827 1573 1872 et
1605 1815 1773 1870 omnia
1802 1830 1915 1884 quin
1952 1813 2004 1866 in
2034 1812 2123 1865 illo

526 1920 664 1965 sunt.
714 1911 848 1965 Cum
898 1911 1046 1980 prius
1095 1909 1419 1964 ostendisset
1464 1907 1735 1980 quomodo
1782 1904 2011 1960 mundus
2056 1904 2125 1957 sit

529 2002 696 2057 factus
718 2044 731 2067 ,
768 2012 893 2057 tunc
921 2002 1248 2068 declaravit,
1282 2001 1425 2072 quod
1454 2016 1562 2056 non
1596 2001 1650 2054 in
1682 1997 1999 2054 manufaetis
2028 1996 2123 2049 ha-

529 2094 659 2149 bitet
686 2111 701 2159 ;
743 2110 806 2150 ac
832 2097 876 2150 si
904 2096 1112 2150 diceret
1137 2112 1149 2147 :
1182 2096 1235 2151 Si
1269 2095 1436 2162 Deus,
1465 2094 1645 2149 omnia
1676 2093 1857 2162 utique
1887 2090 2011 2146 fecit
2036 2104 2050 2154 ;
2079 2090 2121 2143 si

532 2204 637 2242 non
671 2186 796 2242 fecit.
817 2230 832 2253 ,
862 2204 968 2243 non
1000 2188 1161 2243 Deus.
1188 2186 1296 2252 Dii,
1324 2188 1518 2257 inquit,
1549 2187 1634 2257 qui
1659 2186 1839 2240 carlum
1864 2194 1910 2237 et
1941 2193 2123 2236 terram

534 2297 635 2335 non
666 2284 892 2349 fecerunt
919 2321 935 2347 ,
966 2288 1193 2348 pereant.
1240 2278 1403 2333 Multo
1430 2278 1630 2347 majora
1656 2319 1671 2343 ,
1700 2292 1859 2346 quam
1889 2275 1962 2328 illi
1989 2317 2001 2338 ,
2030 2274 2125 2326 do—

529 2381 705 2442 gmata
739 2372 939 2427 inducit
968 2370 1203 2443 (tametsi
1227 2372 1457 2427 nondum
1482 2387 1669 2441 magna
1699 2371 1859 2435 dixit;
1891 2368 2123 2423 nonduin

534 2465 678 2519 enim
727 2473 937 2535 tempus
983 2474 1135 2531 erat;
1184 2464 1277 2519 scd
1324 2465 1476 2535 quasi
1522 2464 1700 2533 pueris
1749 2462 2122 2532 loquebatur),

532 2558 861 2613 creationem
880 2599 895 2623 ,
925 2556 1345 2611 dominationem
1372 2598 1385 2623 ,
1421 2554 1924 2626 non-indigentiam.

600 2649 652 2706 3.
678 2648 811 2703 Cum
834 2647 1253 2703 dixissctautem
1281 2648 1428 2702 illmn
1456 2663 1519 2702 ex
1548 2662 1652 2702 uno
1676 2648 1935 2715 sanguine
1966 2660 2125 2699 omne

528 2756 698 2811 genus
726 2740 1004 2798 hominum
1051 2740 1279 2806 fecisse,
1333 2742 1573 2796 omnium
1604 2755 1821 2795 causam
1860 2740 2123 2793 bonorum

534 2832 917 2888 manifestavit.
949 2831 1085 2901 Quid
1114 2830 1237 2885 huic
1266 2831 1582 2885 sublimitati
1631 2831 1764 2901 par?
1791 2829 1922 2883 Nam
1966 2828 2125 2883 mira-

534 2926 641 2982 bile
668 2924 882 2995 quidem
917 2932 999 2978 est
1028 2940 1092 2978 ex
1122 2939 1230 2979 uno
1257 2933 1333 2977 tot
1360 2922 1591 2989 fecisse;
1620 2921 1764 2993 quod
1794 2930 1973 2976 autem
2004 2936 2093 2974 om

535 3031 633 3072 nes
680 3016 768 3070 ille
818 3015 979 3069 simul
1025 3014 1326 3077 contineat,
1382 3011 1559 3067 adhuc
1609 3012 1768 3081 longe
1808 3010 2125 3066 mirabilius.

536 3104 682 3158 Dans
707 3147 721 3169 ,
762 3105 963 3174 inquit,
989 3104 1219 3157 omnibus
1255 3102 1490 3173 spiritum
1518 3112 1566 3156 et
1610 3104 1784 3155 vitam.
1817 3100 1956 3167 Quid
2001 3110 2086 3155 cst
2110 3141 2124 3165 ,

538 3197 801 3267 Deﬁniens
830 3197 1111 3267 prazstituta
1142 3206 1371 3266 tempora
1418 3205 1465 3249 et
1512 3196 1751 3250 terminos
1804 3195 2128 3248 habitationis

535 3307 731 3357 eorum,
764 3304 989 3359 quaerere
1019 3287 1204 3355 Deum,
1229 3289 1273 3342 si
1296 3292 1427 3359 forte
1447 3297 1708 3342 attreclent
1736 3303 1848 3341 eum
1878 3296 1963 3339 aut
1987 3287 2127 3339 inve-

535 3387 676 3435 niant
696 3382 719 3434 ἱ)
739 3380 854 3435 Non
876 3380 1165 3450 cogebatur
1183 3381 1322 3451 quis,
1348 3380 1539 3450 inquit,
1563 3379 1789 3434 circuire
1810 3388 1863 3433 et
1887 3392 2129 3449 quterere

541 3476 708 3530 Deum
746 3493 758 3528 :
792 3475 875 3529 vel
907 3475 949 3529 si
984 3489 1089 3528 non
1122 3474 1241 3539 hoc,
1276 3474 1399 3545 quia
1442 3473 1681 3530 decrevit
1704 3483 1764 3529 ut
1813 3474 1953 3528 Deus
1979 3488 2127 3542 qure-

538 3577 704 3625 ratur.
737 3569 805 3621 At
851 3581 957 3620 non
991 3581 1205 3636 semper
1242 3566 1345 3621 hoc
1388 3564 1693 3621 faciendum
1722 3566 1962 3622 definivit
1986 3607 2001 3633 ,
2033 3564 2127 3620 sed

537 3659 850 3730 praestitutis
896 3658 1247 3728 temporibus.
1298 3658 1410 3713 Hoc
1448 3674 1575 3714 vero
1625 3659 1755 3715 dicit
1798 3658 2126 3721 osmndens,

537 3768 711 3825 neque
736 3768 879 3808 nunc
908 3762 1212 3823 quterentes
1252 3753 1521 3807 invenisse
1542 3793 1557 3819 ,
1600 3752 1811 3807 etiamsi
1857 3752 1928 3806 ita
1960 3751 2129 3806 maui-

539 3845 706 3901 festus
736 3853 898 3907 esset,
931 3852 989 3898 ut
1019 3844 1373 3910 inveniretur,
1411 3859 1474 3898 ac
1502 3846 1545 3897 si
1584 3844 1710 3913 quid
1750 3845 1802 3897 in
1831 3843 2007 3899 medio
2038 3858 2129 3914 po-

537 3939 699 3993 situm
746 3937 1047 4007 palpcmus.
1077 3936 1262 4007 Neque
1292 3936 1435 3991 enim
1469 3936 1559 3991 hic
1582 3945 1698 3992 erat
1738 3937 1927 3990 caelum
1950 3978 1965 4003 ,
2002 3936 2129 3991 alibi

538 4045 644 4085 non
673 4048 686 4095 ;
717 4045 891 4100 neque
914 4030 964 4084 in
997 4029 1100 4085 hoc
1123 4038 1361 4100 tempore
1392 4038 1505 4085 erat
1533 4072 1547 4097 ,
1579 4031 1628 4084 in
1659 4029 1763 4084 alio
1792 4046 1918 4085 non.
1950 4030 2130 4101 Itaque

538 4132 593 4178 et
621 4123 766 4177 omni
796 4133 1039 4193 tempore
1059 4164 1073 4187 ,
1106 4130 1159 4177 et
1188 4121 1239 4175 in
1274 4122 1524 4177 omnibus
1554 4122 1797 4178 terminis
1841 4132 2018 4193 potest
2049 4124 2131 4177 in-

539 4217 729 4271 veniri.
751 4216 841 4271 Sic
866 4215 1196 4284 dispensavit
1220 4224 1279 4269 ut
1298 4223 1651 4285 qumreretur,
1675 4226 1735 4270 ut
1760 4230 1861 4270 nec
1884 4216 2003 4271 loco
2031 4230 2131 4271 nec

538 4317 779 4378 tempore
806 4306 1206 4377 prohibeamur.
1240 4306 1404 4362 Certe
1433 4307 1537 4361 hoc
1564 4309 1739 4377 ipsum
1768 4307 1874 4362 illis
1897 4309 2129 4363 maxime

537 4399 858 4468 profuisset,
891 4398 935 4452 si
965 4397 1178 4468 quidem
1210 4398 1584 4465 voluissent‘;
1633 4399 1776 4468 quod
1822 4399 2019 4470 ubique
2060 4400 2131 4454 sit

537 4491 728 4545 caelum
755 4500 809 4544 et
848 4498 953 4545 stet
981 4492 1125 4545 omni
1157 4501 1417 4561 tempore.
1449 4491 1574 4547 Ideo
1601 4493 1678 4547 sic
1713 4493 1841 4547 dicit
1871 4512 1884 4547 :
1933 4492 2125 4559 Quam-

538 4582 611 4636 vis
653 4598 753 4637 non
799 4582 947 4653 longe
991 4584 1055 4637 sit
1082 4583 1144 4637 ab
1174 4600 1472 4655 unoquoque
1511 4596 1778 4651 nostrum;
1822 4586 1914 4641 sed
1965 4601 2129 4656 prope

536 4674 606 4728 sit
633 4674 918 4739 omnibus;
950 4674 1051 4730 hoc
1089 4684 1172 4730 est
1202 4692 1217 4732 :
1268 4676 1383 4731 Non
1416 4676 1576 4731 modo
1606 4677 1767 4732 vitam
1796 4687 1850 4732 et
1877 4678 2125 4747 spiritum

536 4766 682 4821 dedit
705 4777 758 4822 et
778 4768 981 4833 omnia,
1000 4784 1189 4825 verum
1207 4769 1387 4834 etiam,
1411 4769 1551 4840 quod
1573 4779 1733 4841 caput
1757 4779 1840 4826 est
1861 4770 2123 4839 omnium,

537 4857 602 4910 ad
633 4859 713 4912 sui
744 4859 1103 4928 cognitionem
1134 4862 1323 4926 traxit,
1360 4860 1475 4916 bzec
1499 4861 1699 4929 dando,
1727 4880 1825 4934 per
1862 4879 1981 4934 qua:
2008 4879 2129 4935 pos-

538 4951 707 5004 simus
738 4950 888 5003 illum
919 4951 1160 5007 invenire
1189 4963 1242 5007 et
1264 4953 1694 5022 apprehendere.
1724 4955 1829 5010 Sed
1861 4956 2129 5011 noluimus

541 5054 788 5111 qumrere
808 5078 825 5107 ,
853 5041 953 5095 etsi
984 5041 1050 5095 ad
1080 5042 1243 5111 pedes
1274 5052 1438 5098 esset.
1468 5043 1589 5097 Non
1620 5044 1787 5117 longe,
1819 5046 2021 5116 inquit,
2064 5046 2128 5100 ab

535 5146 838 5203 unoquoque
864 5141 1113 5185 nostrum.
1146 5133 1333 5203 Papail
1357 5135 1605 5190 omnibus
1629 5151 1795 5206 prope
1824 5152 1947 5192 esse
1976 5137 2125 5205 dicit,

534 5222 625 5292 qui
674 5220 880 5276 suntin
926 5219 1056 5276 orbe
1105 5231 1389 5278 terrarum.
1418 5224 1555 5293 Quid
1597 5226 1700 5281 hoc
1751 5227 1965 5297 majus?
1996 5228 2128 5283 Vide

536 5312 808 5383 quomodo
856 5314 1071 5383 partitos
1122 5314 1381 5370 confutet.
1435 5316 1572 5383 Quid
1612 5317 1735 5372 dico
1779 5319 2006 5387 procul?
2054 5319 2127 5373 Ita

538 5422 704 5477 prope
739 5416 851 5472 est,
884 5416 943 5461 ut
979 5408 1096 5462 sine
1142 5409 1260 5478 ipso
1310 5424 1416 5463 non
1444 5410 1669 5464 vivatur.
1716 5409 1786 5463 1n
1832 5413 1941 5482 ipso
1996 5416 2128 5467 enim

534 5501 744 5553 vivimus
769 5510 815 5553 et
838 5515 1093 5553 movemur
1120 5510 1166 5554 et
1192 5518 1388 5555 sumus.
1406 5501 1566 5567 Quasi
1589 5516 1850 5570 corporeo
1882 5505 2129 5574 exemplo

538 5584 843 5657 bujusmodi
891 5589 1165 5659 quidpiam
1225 5592 1413 5646 dicit:
1460 5590 1612 5645 Sicut
1662 5593 1992 5661 impossibile
2047 5604 2130 5649 est

539 5673 787 5743 ignorare
807 5695 987 5735 aerem
1018 5680 1215 5750 ubique
1243 5681 1493 5739 diﬂ’usutn
1517 5725 1531 5748 ,
1564 5700 1667 5738 non
1693 5684 1878 5754 procul
1903 5686 1971 5741 ab
1994 5699 2127 5741 uno-

604 5850 777 5913 ‘nzee,
798 5854 839 5902 si
858 5853 1049 5917 quidem
1065 5853 1333 5919 voluissem,
1360 5860 1538 5911 desuut
1560 5864 1608 5911 in
1632 5862 1938 5925 quibusdam.

1238 411 1294 467 S.
1333 408 1609 467 JOANNIS
1644 406 2117 464 CllRYSOSTUMI
2160 406 2474 463 ARCHIEP.
2515 406 3049 466 CONSTANTINOP.
3722 415 3815 471 257-3

2236 537 2449 593 quoque
2488 531 2729 579 nostrum
2775 540 2931 592 esse,
2982 526 3092 580 imo
3133 534 3189 583 et
3237 525 3288 581 in
3334 528 3495 583 nobis
3539 544 3702 585 esse:
3751 533 3812 585 ita

2229 616 2391 672 etiam
2453 618 2691 672 omnium
2746 618 3081 673 Creatorem.
3140 619 3274 675 Vide
3320 622 3598 689 quomodo
3649 625 3815 678 omnia

2230 708 2395 778 ipsius
2432 723 2553 764 esse
2596 709 2738 764 dicat
2787 728 2802 765 :
2850 711 3242 782 providentiam
3293 712 3437 767 illius
3487 728 3609 768 esse
3652 713 3819 770 dicit:

2228 801 2711 867 conservationem,
2732 802 2874 871 quod
2896 803 2963 857 ab
2986 804 3076 857 illo
3095 804 3420 867 sintomnia,
3447 806 3701 874 operandi
3719 808 3816 861 vim

2230 890 2481 959 habeant,
2528 902 2581 946 et
2612 908 2717 948 non
2748 902 2996 964 pereant.
3034 893 3144 949 Nec
3182 895 3337 960 dixit,
3364 896 3471 950 Per
3519 896 3701 963 illum;
3730 899 3815 953 sed

2228 984 2371 1055 quod
2401 985 2621 1055 propius
2666 995 2746 1040 est
2772 1027 2786 1051 ,
2820 982 2883 1039 In
2914 986 3024 1040 illo.
3057 985 3196 1040 Nihil
3233 987 3337 1041 tale
3361 988 3504 1043 dixit
3537 998 3688 1056 poeta
3716 989 3817 1055 ille,

2231 1076 2405 1147 Ipsius
2433 1078 2594 1143 enim,
2624 1077 2895 1148 inquiens,
2927 1095 3084 1149 genus
3104 1096 3318 1144 sumus;
3346 1079 3444 1135 sed
3484 1081 3575 1135 ille
3604 1081 3670 1136 de
3694 1082 3819 1138 Jove

2230 1170 2383 1239 dixit,
2417 1171 2503 1225 hic
2531 1186 2658 1225 vero
2679 1171 2747 1227 de
2777 1171 3035 1227 Creatore
3058 1172 3159 1227 hoc
3186 1173 3379 1243 accipit
3412 1191 3424 1227 :
3457 1189 3557 1228 nec
3584 1176 3815 1230 eumdem

2231 1262 2404 1331 ipsum
2436 1260 2636 1316 indicat
2668 1262 2777 1327 ille,
2800 1262 2978 1328 absit;
3010 1262 3105 1318 sed
3133 1279 3252 1333 qum
3273 1263 3341 1319 de
3366 1263 3463 1317 illo
3485 1263 3627 1319 dicta
3653 1277 3814 1331 erant,

2231 1356 2341 1411 Deo
2369 1357 2453 1411 cui
2481 1357 2861 1426 competebant
2905 1357 3224 1412 adscribens
3269 1374 3281 1410 :
3318 1373 3444 1411 nam
3475 1373 3625 1412 aram
3673 1358 3816 1428 hujus

2230 1462 2350 1503 esse
2374 1447 2540 1514 dicit,
2570 1464 2676 1503 non
2711 1448 2852 1503 illius
2872 1490 2887 1515 ,
2920 1465 3083 1519 quem
3112 1449 3210 1519 ipsi
3250 1442 3529 1508 colebant.
3575 1450 3814 1517 Qumdam

2231 1540 2373 1595 enim
2401 1539 2543 1596 dicta
2574 1548 2629 1595 et
2650 1539 2787 1594 facta
2816 1551 2942 1595 sunt
2965 1540 3031 1594 ad
3061 1556 3246 1595 verum
3277 1541 3444 1595 Deum
3471 1542 3812 1612 pertinentia;

2230 1648 2415 1688 verum
2442 1632 2751 1687 nesciebant
2778 1631 2948 1688 Grarci
2981 1632 3046 1687 ad
3092 1648 3213 1688 eum
3262 1636 3577 1704 pertinere,
3627 1633 3719 1688 sed
3756 1632 3816 1687 de

2230 1724 2335 1778 alio
2366 1723 2700 1779 intellexere.

2304 1816 2467 1882 Illud,
2493 1815 2679 1887 Ignoto
2712 1815 2838 1881 Deo,
2866 1819 3118 1887 quomodo
3149 1819 3212 1872 sit
3234 1816 3816 1887 intelligendum—Dic

2230 1911 2372 1964 enim
2405 1910 2555 1978 mihi,
2584 1910 2652 1965 de
2672 1926 2779 1980 quo
2831 1912 3047 1980 pr0prie
3074 1911 3305 1978 dicatur,
3342 1910 3533 1983 Ignoto
3577 1910 3722 1976 Deo;
3754 1911 3814 1967 de

2229 1999 2506 2067 Creatore,
2536 2018 2603 2056 an
2636 2002 2920 2056 dmmone?
2956 2002 3150 2072 Utique
3179 2002 3247 2057 de
3274 2002 3543 2057 Creatore
3575 2021 3587 2056 :
3618 2004 3812 2057 etiamsi

2233 2093 2379 2147 illum
2404 2092 2617 2162 quidem
2661 2093 2977 2163 ignorarint,
3004 2092 3145 2147 hunc
3168 2108 3295 2147 vero
3323 2094 3599 2149 noverint.
3624 2093 3811 2149 Simili-

2234 2193 2313 2238 ter
2341 2185 2500 2238 etiam
2526 2225 2540 2251 ,
2583 2183 2723 2254 quod
2755 2184 2931 2237 omnia
2965 2183 3170 2247 fecerit,
3201 2182 3269 2238 de
3310 2184 3429 2238 Deo
3459 2185 3673 2254 proprie
3695 2184 3815 2238 dici-

2234 2288 2337 2343 tur,
2378 2293 2483 2334 non
2511 2278 2579 2333 de
2604 2278 2736 2333 Jove
2756 2320 2769 2343 ,
2804 2279 3036 2333 scelesto
3062 2288 3116 2333 et
3140 2280 3480 2333 cxserrando
3520 2279 3725 2334 homine
3758 2293 3813 2330 ac

2232 2372 2640 2441 prmstigiatore.
2690 2370 2889 2424 Paulus
2942 2382 3090 2425 certe
3153 2386 3258 2423 non
3313 2372 3480 2425 simili
3528 2379 3683 2440 atque
3732 2369 3813 2422 ille

2234 2464 2393 2519 modo
2423 2463 2574 2530 dixit,
2607 2462 2779 2532 Ipsius
2809 2464 2941 2515 enim
2972 2472 3018 2516 et
3061 2478 3219 2533 genus
3261 2480 3475 2529 sumus;
3516 2464 3683 2528 absit,
3727 2461 3809 2516 sed

2232 2557 2332 2610 alia
2361 2564 2575 2621 mente;
2608 2569 2773 2625 genus
2803 2555 2945 2609 enim
2975 2555 3093 2625 ejus
3120 2572 3223 2609 non
3264 2572 3386 2611 esse
3411 2558 3569 2621 dixit,
3600 2556 3695 2610 hoc
3717 2564 3808 2619 est,

2234 2649 2579 2714 domesticos,
2618 2648 2915 2718 proximos,
2947 2657 2999 2703 et
3020 2648 3171 2718 quasi
3200 2648 3320 2717 quis
3348 2648 3570 2713 dixerit,
3603 2647 3808 2717 propiu-

2233 2757 2365 2812 quos
2389 2751 2443 2796 ct
2468 2742 2689 2795 vicinos.
2734 2740 2808 2796 Ne
2836 2742 2979 2797 enim
3017 2758 3205 2797 rursus
3241 2743 3528 2811 dicerent,
3578 2742 3715 2796 Nova
3738 2742 3811 2793 in-

2232 2832 2364 2904 geris
2389 2833 2596 2886 auribus
2622 2833 2806 2886 nostris
2845 2832 3003 2901 (nihil
3034 2833 3175 2887 enim
3226 2834 3304 2889 sic
3349 2834 3653 2889 hominibus
3689 2847 3805 2885 eon-

2236 2923 2516 2995 trarium),
2549 2932 2761 2994 poetam
2792 2923 2843 2977 in
2877 2922 3109 2978 medium
3154 2923 3390 2978 adducit.
3433 2925 3609 2994 Neque
3643 2923 3802 2985 dixit,

2235 3014 2350 3069 Non
2378 3014 2588 3069 debetis
2619 3023 2807 3084 putare
2837 3029 2971 3069 auro
3001 3024 3094 3068 aut
3123 3026 3347 3084 argento
3384 3016 3551 3072 Deum
3586 3029 3693 3069 esse
3734 3013 3801 3063 si-

2236 3109 2415 3163 milem
2442 3150 2456 3173 ,
2508 3123 2541 3161 o
2570 3108 2785 3163 scelesti
2826 3116 2880 3161 et
2910 3108 3260 3163 exsecrandi!
3306 3109 3403 3163 sed
3458 3110 3660 3173 mitius,
3706 3105 3806 3158 lloc

2236 3219 2335 3256 non
2362 3202 2595 3255 debemus
2620 3202 2904 3265 aestimare,
2942 3199 3136 3271 inquit,
3168 3201 3260 3256 sed
3300 3216 3467 3271 super
3508 3204 3624 3257 hoc.
3654 3198 3803 3266 Quid-

2237 3312 2359 3350 nam
2402 3303 2486 3349 est
2511 3310 2669 3363 super
2691 3292 2829 3348 hoc?
2870 3292 3010 3348 Deus
3031 3311 3045 3359 ;
3070 3293 3168 3348 sed
3198 3309 3374 3362 neque
3412 3294 3513 3347 hoc
3542 3296 3653 3364 (est
3676 3290 3800 3345 enim

2236 3388 2491 3444 efﬁcacia:
2522 3384 2762 3457 nomen),
2796 3385 2889 3440 sed
2918 3386 3130 3440 interim
3161 3385 3261 3440 hoc
3293 3404 3304 3437 :
3341 3394 3546 3440 tantum
3572 3395 3799 3454 negamus

2238 3481 2404 3534 Deum
2443 3478 2563 3535 huic
2602 3492 2723 3532 esse
2752 3477 2980 3531 similem
3014 3496 3026 3530 :
3063 3478 3182 3547 quis
3234 3477 3377 3531 enim
3428 3476 3661 3533 dixerit?
3691 3471 3804 3526 Vide

2238 3570 2509 3642 quomodo
2536 3571 2913 3639 incorporeum
2942 3569 3247 3623 introducit.
3278 3569 3427 3624 Mens
3448 3570 3584 3626 enim
3612 3565 3806 3637 quando

2237 3664 2540 3736 suspicatur
2558 3677 2753 3733 corpus
2773 3702 2787 3727 ,
2823 3662 2985 3716 etiam
3016 3660 3322 3716 distantiam
3352 3662 3677 3733 imaginatur.
3711 3654 3802 3708 Ge-

2238 3774 2332 3811 nus
2361 3772 2478 3826 ergo
2522 3771 2637 3809 cum
2673 3755 2831 3809 simus
2862 3753 2977 3819 Dei,
3009 3768 3109 3807 non
3137 3753 3398 3816 debemus,
3425 3753 3588 3823 inquit
3607 3792 3619 3813 ,
3645 3750 3802 3803 existi-

2237 3864 2377 3902 mare
2401 3863 2525 3900 auro
2560 3856 2648 3899 aut
2682 3856 2891 3915 argento
2936 3854 3023 3897 aut
3070 3845 3263 3914 lapidi,
3296 3845 3562 3913 sculptura:
3601 3840 3717 3893 artis
3763 3847 3804 3889 et

2236 3937 2551 4009 cogitationis
2593 3937 2808 3989 hominis
2835 3978 2849 4000 ,
2897 3935 3061 3989 Deum
3102 3952 3208 3989 esse
3242 3934 3472 3988 similem.
3516 3932 3580 3985 At
3619 3927 3801 3983 dixerit

2194 4088 2198 4093 _
2236 4028 2499 4099 quispiam
2525 4068 2539 4092 ,
2583 4026 2698 4080 Non
2732 4027 2833 4080 hoc
2862 4035 3151 4096 putamus:
3199 4040 3292 4081 cur
3329 4038 3455 4094 ergo
3500 4022 3595 4075 hoc
3636 4017 3801 4071 dicit?

2237 4120 2342 4178 Sed
2372 4119 2438 4175 ad
2470 4117 2869 4185 multitudinem
2922 4118 3242 4188 loquebatur
3284 4116 3393 4185 ipse
3415 4157 3429 4181 ,
3462 4128 3521 4168 ac
3570 4112 3643 4165 sic
3671 4108 3797 4161 bene

2238 4213 2391 4268 dixit.
2421 4211 2553 4266 Nam
2578 4211 2621 4265 si
2651 4225 2748 4269 nos
2776 4209 3067 4265 secundum
3096 4211 3327 4265 animam
3367 4222 3467 4262 non
3494 4217 3668 4261 sumus
3704 4198 3801 4253 illis

2237 4303 2440 4359 similes
2461 4346 2474 4366 ,
2506 4301 2675 4356 multo
2702 4302 2880 4357 minus
2914 4302 3073 4357 Deus.
3127 4301 3345 4355 Interim
3393 4296 3601 4354 abducit
3626 4292 3739 4347 illos
3776 4308 3801 4339 a

2240 4394 2568 4465 suspicione.
2600 4392 2716 4447 Non
2746 4392 2907 4447 modo
2938 4393 3223 4463 sculptura:
3244 4392 3377 4447 artis
3407 4406 3508 4446 non
3530 4398 3607 4444 est
3632 4382 3803 4440 similis

2240 4488 2400 4551 Deus,
2441 4486 2535 4541 sed
2562 4501 2737 4556 neque
2766 4486 2855 4539 ulli
2885 4486 2974 4540 alii
3004 4485 3251 4541 humanae
3276 4483 3581 4556 cogitationi
3607 4476 3796 4546 subjici—

2239 4594 2326 4634 tur
2359 4598 2372 4632 :
2406 4594 2530 4632 nam
2573 4578 2657 4633 vel
2687 4592 2777 4633 ars
2802 4577 2890 4632 vel
2918 4592 3071 4632 mens
3117 4578 3340 4632 invenit.
3372 4577 3499 4632 Ideo
3539 4575 3607 4629 sic
3637 4568 3750 4624 dicit
3780 4580 3790 4614 ε

2238 4671 2295 4726 Si
2326 4670 2398 4735 id,
2424 4669 2565 4738 quod
2589 4684 2677 4723 ars
2702 4669 2785 4724 vel
2814 4684 2965 4723 mens
2992 4669 3225 4725 hominis
3271 4669 3509 4737 invenit,
3535 4668 3658 4722 Deus
3691 4665 3793 4718 est.

2236 4770 2291 4815 et
2317 4760 2360 4815 si
2408 4761 2459 4814 in
2510 4758 2687 4829 lapide
2717 4759 3016 4814 substantia
3048 4760 3141 4815 Dei
3178 4781 3191 4815 :
3221 4760 3497 4830 quomodo
3535 4770 3652 4827 ergo
3679 4752 3717 4805 Si
3753 4748 3800 4801 ἱιι

2238 4853 2354 4922 ipso
2382 4850 2631 4915 vivimus,
2660 4850 2833 4919 ipsum
2864 4865 2968 4905 non
2997 4851 3336 4905 invenimus?
3364 4850 3570 4921 Duplex
3599 4858 3715 4915 ergo
3733 4847 3807 4894 est

2236 4942 2542 5007 accusatio,
2575 4942 2795 5011 etquod
2844 4941 2993 4997 illum
3041 4957 3150 4997 non
3203 4944 3544 5010 invenerint,
3588 4948 3640 4996 et
3681 4929 3807 5007 quod

2238 5037 2370 5090 tales
2408 5034 2731 5089 invenerint.
2778 5033 2925 5088 Mens
2969 5050 3065 5105 per
3127 5036 3361 5106 seipsam
3415 5047 3669 5105 nusquam
3716 5026 3808 5081 ﬁde

2237 5125 2397 5192 digna
2424 5132 2530 5179 est.
2562 5122 2668 5179 Sed
2697 5134 2978 5195 postquam
3009 5126 3223 5181 illorum
3255 5131 3466 5183 animos
3492 5112 3568 5183 sic
3592 5119 3808 5191 exagita-

2236 5218 2346 5285 vit,
2394 5216 2737 5287 ostenditque
2780 5218 3174 5273 inexcusabiles
3211 5220 3332 5274 illos
3358 5236 3479 5276 esse
3503 5262 3518 5283 ,
3548 5217 3665 5273 vide
3698 5208 3808 5282 quid

2237 5308 2429 5365 subdat
2459 5326 2471 5362 :
2502 5307 2754 5380 Tempora
2797 5309 3000 5379 quidem
3029 5312 3333 5381 ignorantia:
3359 5313 3666 5382 despiciens,
3694 5315 3807 5358 mmo

2236 5401 2504 5454 annuntiat
2538 5400 2766 5454 omnibus
2816 5400 3133 5469 hominibus,
3168 5404 3349 5473 ubique
3392 5414 3444 5456 ut
3490 5397 3809 5473 pwnitentiam

2237 5500 2410 5562 agant.
2430 5490 2565 5559 Quid
2594 5492 2756 5562 ergo?
2788 5506 3019 5548 nemone
3051 5494 3264 5548 illorum
3295 5509 3479 5564 pt‘enas
3502 5494 3588 5549 dat
3610 5493 3633 5545 ?
3655 5489 3810 5545 Neu!"

2236 5593 2385 5639 certe
2415 5599 2632 5649 eorum,
2668 5585 2757 5654 qui
2802 5585 3172 5654 pmnitentiam
3212 5603 3372 5657 agere
3396 5589 3583 5642 velint.
3627 5585 3698 5637 De
3741 5577 3814 5630 his

2238 5676 2503 5747 loquitur;
2539 5692 2643 5729 non
2672 5676 2739 5731 de
2770 5677 2832 5730 iis
2855 5678 2944 5746 qui
2973 5679 3210 5734 del‘uncd
3238 5689 3383 5747 sunt,
3412 5680 3505 5735 sed
3527 5679 3593 5733 de
3621 5678 3682 5729 iis
3706 5686 3812 5741 qm-

2237 5767 2336 5822 bus
2362 5769 2663 5821 annuntiat.
2695 5768 2807 5820 Non
2831 5768 3031 5837 exigit,
3067 5770 3269 5839 inquit,
3295 5787 3326 5825 a
3357 5771 3506 5826 vobis
3541 5768 3810 5825 rationem.

2242 5859 2357 5913 Non
2376 5859 2529 5927 dixit,
2563 5859 2657 5914 Ille
2678 5860 2953 5928 despexit;
2986 5878 3091 5916 nou
3115 5861 3268 5931 dixit,
3295 5863 3388 5920 Ille
3410 5861 3647 5936 permisit
3669 5875 3683 5926 ;
3704 5851 3811 5917 θεά»
