  <div class='ocr_page' id='page_1' title='image "/cluster/home/n/w/nwhite01/storage/ocr_20150623/60:no.9/coo.31924054869601/276.png"; bbox 0 0 4112 6416; ppageno 0'>
   <div class='ocr_carea' id='block_1_1' title="bbox 321 369 2866 462">
    <p class='ocr_par' dir='ltr' id='par_1_1' title="bbox 321 369 2866 462">
     <span class='ocr_line' id='line_1_1' title="bbox 321 369 2866 462; baseline -0.004 -19"><span class='ocrx_word' id='word_1_1' title='bbox 321 408 395 462; x_wconf 48' lang='grc' dir='ltr'><strong>ιη,</strong></span> <span class='ocrx_word' id='word_1_2' title='bbox 1378 392 1445 447; x_wconf 75' lang='lat' dir='ltr'>1N</span> <span class='ocrx_word' id='word_1_3' title='bbox 1491 388 1674 446; x_wconf 81' lang='lat' dir='ltr'><strong>ACTA</strong></span> <span class='ocrx_word' id='word_1_4' title='bbox 1707 369 2247 440; x_wconf 67' lang='lat' dir='ltr'><strong>APOS&#39;I‘ULUKUM.</strong></span> <span class='ocrx_word' id='word_1_5' title='bbox 2296 377 2533 434; x_wconf 78' lang='lat' dir='ltr'><strong>IIOMIL.</strong></span> <span class='ocrx_word' id='word_1_6' title='bbox 2578 375 2866 434; x_wconf 80' lang='lat' dir='ltr'><strong>xxxvm.</strong></span> 
     </span>
    </p>
   </div>
   <div class='ocr_carea' id='block_1_2' title="bbox 279 497 1964 593">
    <p class='ocr_par' dir='ltr' id='par_1_2' title="bbox 279 497 1964 593">
     <span class='ocr_line' id='line_1_2' title="bbox 279 497 1964 593; baseline -0.017 -13"><span class='ocrx_word' id='word_1_7' title='bbox 279 523 537 593; x_wconf 78' lang='grc' dir='ltr'><strong>θρώπων</strong></span> <span class='ocrx_word' id='word_1_8' title='bbox 581 517 886 575; x_wconf 71' lang='grc' dir='ltr'><strong>κατοικεῖν</strong></span> <span class='ocrx_word' id='word_1_9' title='bbox 921 515 1018 570; x_wconf 78' lang='grc' dir='ltr'><strong>ἐπὶ</strong></span> <span class='ocrx_word' id='word_1_10' title='bbox 1068 513 1191 566; x_wconf 76' lang='grc' dir='ltr'><strong>πᾶν</strong></span> <span class='ocrx_word' id='word_1_11' title='bbox 1226 511 1288 564; x_wconf 81' lang='grc' dir='ltr'><strong>τὸ</strong></span> <span class='ocrx_word' id='word_1_12' title='bbox 1329 513 1658 578; x_wconf 76' lang='grc' dir='ltr'><strong>πρόσωπον</strong></span> <span class='ocrx_word' id='word_1_13' title='bbox 1689 501 1798 570; x_wconf 80' lang='grc' dir='ltr'><strong>τῆς</strong></span> <span class='ocrx_word' id='word_1_14' title='bbox 1829 497 1964 569; x_wconf 77' lang='grc' dir='ltr'><strong>γῆς.</strong></span> 
     </span>
    </p>
   </div>
   <div class='ocr_carea' id='block_1_3' title="bbox 278 596 1968 685">
    <p class='ocr_par' dir='ltr' id='par_1_3' title="bbox 278 596 1968 685">
     <span class='ocr_line' id='line_1_3' title="bbox 278 596 1968 685; baseline -0.014 -15"><span class='ocrx_word' id='word_1_15' title='bbox 278 616 471 670; x_wconf 85' lang='grc' dir='ltr'><strong>Ταῦτα</strong></span> <span class='ocrx_word' id='word_1_16' title='bbox 513 613 710 685; x_wconf 78' lang='grc' dir='ltr'><strong>βελτίω</strong></span> <span class='ocrx_word' id='word_1_17' title='bbox 756 611 999 674; x_wconf 77' lang='grc' dir='ltr'><strong>ἐκείνων,</strong></span> <span class='ocrx_word' id='word_1_18' title='bbox 1033 607 1128 660; x_wconf 72' lang='grc' dir='ltr'><strong>καὶ</strong></span> <span class='ocrx_word' id='word_1_19' title='bbox 1163 604 1462 675; x_wconf 76' lang='grc' dir='ltr'><strong>κατηγορία</strong></span> <span class='ocrx_word' id='word_1_20' title='bbox 1492 601 1599 654; x_wconf 88' lang='grc' dir='ltr'><strong>τῶν</strong></span> <span class='ocrx_word' id='word_1_21' title='bbox 1637 617 1697 652; x_wconf 89' lang='grc' dir='ltr'><strong>τε</strong></span> <span class='ocrx_word' id='word_1_22' title='bbox 1750 596 1968 665; x_wconf 88' lang='grc' dir='ltr'><strong>ἀτόμων</strong></span> 
     </span>
    </p>
   </div>
   <div class='ocr_carea' id='block_1_4' title="bbox 280 687 1966 780">
    <p class='ocr_par' dir='ltr' id='par_1_4' title="bbox 280 687 1966 780">
     <span class='ocr_line' id='line_1_4' title="bbox 280 687 1966 780; baseline -0.014 -16"><span class='ocrx_word' id='word_1_23' title='bbox 280 711 376 765; x_wconf 70' lang='grc' dir='ltr'><strong>καὶ</strong></span> <span class='ocrx_word' id='word_1_24' title='bbox 402 710 504 780; x_wconf 84' lang='grc' dir='ltr'><strong>τῆς</strong></span> <span class='ocrx_word' id='word_1_25' title='bbox 531 708 687 776; x_wconf 75' lang='grc' dir='ltr'><strong>ὕλης.</strong></span> <span class='ocrx_word' id='word_1_26' title='bbox 719 703 984 776; x_wconf 79' lang='grc' dir='ltr'><strong>Ἐνταῦθα</strong></span> <span class='ocrx_word' id='word_1_27' title='bbox 1013 701 1304 763; x_wconf 88' lang='grc' dir='ltr'><strong>δείκνυσιν,</strong></span> <span class='ocrx_word' id='word_1_28' title='bbox 1343 699 1426 750; x_wconf 81' lang='grc' dir='ltr'><strong>ὅτι</strong></span> <span class='ocrx_word' id='word_1_29' title='bbox 1457 696 1558 748; x_wconf 91' lang='grc' dir='ltr'><strong>οὑκ</strong></span> <span class='ocrx_word' id='word_1_30' title='bbox 1592 693 1708 746; x_wconf 76' lang='grc' dir='ltr'><strong>ἔστι</strong></span> <span class='ocrx_word' id='word_1_31' title='bbox 1742 687 1966 762; x_wconf 86' lang='grc' dir='ltr'><strong>μερικὴ,</strong></span> 
     </span>
    </p>
   </div>
   <div class='ocr_carea' id='block_1_5' title="bbox 279 782 1974 872">
    <p class='ocr_par' dir='ltr' id='par_1_5' title="bbox 279 782 1974 872">
     <span class='ocr_line' id='line_1_5' title="bbox 279 782 1974 872; baseline -0.015 -15"><span class='ocrx_word' id='word_1_32' title='bbox 279 803 406 856; x_wconf 77' lang='grc' dir='ltr'><strong>οὐδὲ</strong></span> <span class='ocrx_word' id='word_1_33' title='bbox 427 803 462 872; x_wconf 77' lang='grc' dir='ltr'>ἡ</span> <span class='ocrx_word' id='word_1_34' title='bbox 492 800 641 870; x_wconf 78' lang='grc' dir='ltr'><strong>ψυχὴ</strong></span> <span class='ocrx_word' id='word_1_35' title='bbox 673 797 770 852; x_wconf 89' lang='grc' dir='ltr'><strong>τοῦ</strong></span> <span class='ocrx_word' id='word_1_36' title='bbox 805 796 1116 866; x_wconf 86' lang='grc' dir='ltr'><strong>ἀνθρώπου.</strong></span> <span class='ocrx_word' id='word_1_37' title='bbox 1145 794 1324 863; x_wconf 84' lang='grc' dir='ltr'><strong>Ὅπερ</strong></span> <span class='ocrx_word' id='word_1_38' title='bbox 1352 790 1408 844; x_wconf 79' lang='grc' dir='ltr'><strong>δὲ</strong></span> <span class='ocrx_word' id='word_1_39' title='bbox 1430 786 1631 841; x_wconf 80' lang='grc' dir='ltr'><strong>ἐκεῖνοί</strong></span> <span class='ocrx_word' id='word_1_40' title='bbox 1653 800 1840 854; x_wconf 78' lang='grc' dir='ltr'><strong>φασιν,</strong></span> <span class='ocrx_word' id='word_1_41' title='bbox 1871 782 1974 833; x_wconf 81' lang='grc' dir='ltr'><strong>οὑκ</strong></span> 
     </span>
    </p>
   </div>
   <div class='ocr_carea' id='block_1_6' title="bbox 281 871 1972 961">
    <p class='ocr_par' dir='ltr' id='par_1_6' title="bbox 281 871 1972 961">
     <span class='ocr_line' id='line_1_6' title="bbox 281 871 1972 961; baseline -0.015 -13"><span class='ocrx_word' id='word_1_42' title='bbox 281 896 403 948; x_wconf 73' lang='grc' dir='ltr'><strong>ἐστι</strong></span> <span class='ocrx_word' id='word_1_43' title='bbox 431 871 592 946; x_wconf 89' lang='grc' dir='ltr'><strong>τοῦτο</strong></span> <span class='ocrx_word' id='word_1_44' title='bbox 617 888 953 961; x_wconf 81' lang='grc' dir='ltr'><strong>δημιουργὸν</strong></span> <span class='ocrx_word' id='word_1_45' title='bbox 995 880 1154 940; x_wconf 79' lang='grc' dir='ltr'><strong>εἶναι.</strong></span> <span class='ocrx_word' id='word_1_46' title='bbox 1189 883 1378 950; x_wconf 88' lang='grc' dir='ltr'><strong>Λέγων</strong></span> <span class='ocrx_word' id='word_1_47' title='bbox 1415 880 1471 933; x_wconf 82' lang='grc' dir='ltr'><strong>δὲ</strong></span> <span class='ocrx_word' id='word_1_48' title='bbox 1522 877 1597 950; x_wconf 84' lang='grc' dir='ltr'><strong>μὴ</strong></span> <span class='ocrx_word' id='word_1_49' title='bbox 1633 874 1737 929; x_wconf 84' lang='grc' dir='ltr'><strong>ὑπὸ</strong></span> <span class='ocrx_word' id='word_1_50' title='bbox 1770 871 1972 944; x_wconf 91' lang='grc' dir='ltr'><strong>χειρῶν</strong></span> 
     </span>
    </p>
   </div>
   <div class='ocr_carea' id='block_1_7' title="bbox 281 965 1987 1058">
    <p class='ocr_par' dir='ltr' id='par_1_7' title="bbox 281 965 1987 1058">
     <span class='ocr_line' id='line_1_7' title="bbox 281 965 1987 1058; baseline -0.015 -16"><span class='ocrx_word' id='word_1_51' title='bbox 281 985 588 1058; x_wconf 84' lang='grc' dir='ltr'><strong>ἀνθρώπων</strong></span> <span class='ocrx_word' id='word_1_52' title='bbox 617 979 1017 1053; x_wconf 86' lang='grc' dir='ltr'><strong>θεραπεύεσθαι</strong></span> <span class='ocrx_word' id='word_1_53' title='bbox 1051 977 1144 1032; x_wconf 82' lang='grc' dir='ltr'><strong>τὸν</strong></span> <span class='ocrx_word' id='word_1_54' title='bbox 1183 975 1334 1037; x_wconf 82' lang='grc' dir='ltr'><strong>Θεὸν,</strong></span> <span class='ocrx_word' id='word_1_55' title='bbox 1381 972 1697 1032; x_wconf 73' lang='grc' dir='ltr'><strong>αἰνίττεται,</strong></span> <span class='ocrx_word' id='word_1_56' title='bbox 1732 969 1812 1022; x_wconf 78' lang='grc' dir='ltr'><strong>ὅτι</strong></span> <span class='ocrx_word' id='word_1_57' title='bbox 1855 965 1987 1018; x_wconf 77' lang='grc' dir='ltr'><strong>διοι-⁴</strong></span> 
     </span>
    </p>
   </div>
   <div class='ocr_carea' id='block_1_8' title="bbox 283 1060 1969 1153">
    <p class='ocr_par' dir='ltr' id='par_1_8' title="bbox 283 1060 1969 1153">
     <span class='ocr_line' id='line_1_8' title="bbox 283 1060 1969 1153; baseline -0.013 -18"><span class='ocrx_word' id='word_1_58' title='bbox 283 1082 404 1153; x_wconf 76' lang='grc' dir='ltr'><strong>νοίᾳ</strong></span> <span class='ocrx_word' id='word_1_59' title='bbox 433 1079 530 1134; x_wconf 73' lang='grc' dir='ltr'><strong>καὶ</strong></span> <span class='ocrx_word' id='word_1_60' title='bbox 569 1076 646 1149; x_wconf 84' lang='grc' dir='ltr'><strong>νῷ</strong></span> <span class='ocrx_word' id='word_1_61' title='bbox 701 1073 1086 1147; x_wconf 83' lang='grc' dir='ltr'><strong>θεραπεύεται.</strong></span> <span class='ocrx_word' id='word_1_62' title='bbox 1131 1066 1342 1135; x_wconf 84' lang='grc' dir='ltr'><strong>Οὗτος,</strong></span> <span class='ocrx_word' id='word_1_63' title='bbox 1370 1066 1557 1137; x_wconf 77' lang='grc' dir='ltr'><strong>φησὶν,</strong></span> <span class='ocrx_word' id='word_1_64' title='bbox 1587 1062 1849 1132; x_wconf 81' lang='grc' dir='ltr'><strong>οὐρανοῦ</strong></span> <span class='ocrx_word' id='word_1_65' title='bbox 1871 1060 1969 1114; x_wconf 77' lang='grc' dir='ltr'><strong>καὶ</strong></span> 
     </span>
    </p>
   </div>
   <div class='ocr_carea' id='block_1_9' title="bbox 283 1154 1974 1246">
    <p class='ocr_par' dir='ltr' id='par_1_9' title="bbox 283 1154 1974 1246">
     <span class='ocr_line' id='line_1_9' title="bbox 283 1154 1974 1246; baseline -0.015 -15"><span class='ocrx_word' id='word_1_66' title='bbox 283 1175 400 1246; x_wconf 72' lang='grc' dir='ltr'><strong>τῆς</strong></span> <span class='ocrx_word' id='word_1_67' title='bbox 428 1175 667 1242; x_wconf 78' lang='grc' dir='ltr'><strong>Κύριος.</strong></span> <span class='ocrx_word' id='word_1_68' title='bbox 718 1168 929 1224; x_wconf 76' lang='grc' dir='ltr'><strong>Οὐκοῦν</strong></span> <span class='ocrx_word' id='word_1_69' title='bbox 969 1167 1068 1237; x_wconf 85' lang='grc' dir='ltr'><strong>οὑχ</strong></span> <span class='ocrx_word' id='word_1_70' title='bbox 1097 1166 1145 1218; x_wconf 87' lang='grc' dir='ltr'><strong>οἱ</strong></span> <span class='ocrx_word' id='word_1_71' title='bbox 1172 1161 1387 1235; x_wconf 72' lang='grc' dir='ltr'><strong>μερικοὶ</strong></span> <span class='ocrx_word' id='word_1_72' title='bbox 1412 1159 1686 1230; x_wconf 86' lang='grc' dir='ltr'><strong>δαίμονες.</strong></span> <span class='ocrx_word' id='word_1_73' title='bbox 1735 1158 1796 1208; x_wconf 88' lang='lat'><strong>&#39;0</strong></span> <span class='ocrx_word' id='word_1_74' title='bbox 1828 1154 1974 1220; x_wconf 83' lang='grc' dir='ltr'><strong>Θεὸς</strong></span> 
     </span>
    </p>
   </div>
   <div class='ocr_carea' id='block_1_10' title="bbox 286 1247 1972 1335">
    <p class='ocr_par' dir='ltr' id='par_1_10' title="bbox 286 1247 1972 1335">
     <span class='ocr_line' id='line_1_10' title="bbox 286 1247 1972 1335; baseline -0.013 -14"><span class='ocrx_word' id='word_1_75' title='bbox 286 1272 320 1321; x_wconf 85' lang='grc' dir='ltr'>ὁ</span> <span class='ocrx_word' id='word_1_76' title='bbox 345 1266 610 1335; x_wconf 72' lang='grc' dir='ltr'><strong>ποιήσας</strong></span> <span class='ocrx_word' id='word_1_77' title='bbox 637 1265 746 1317; x_wconf 78' lang='grc' dir='ltr'><strong>τὸν</strong></span> <span class='ocrx_word' id='word_1_78' title='bbox 780 1262 1033 1330; x_wconf 82' lang='grc' dir='ltr'><strong>κόσμον,</strong></span> <span class='ocrx_word' id='word_1_79' title='bbox 1059 1257 1159 1312; x_wconf 80' lang='grc' dir='ltr'><strong>καί</strong></span> <span class='ocrx_word' id='word_1_80' title='bbox 1190 1255 1386 1310; x_wconf 83' lang='grc' dir='ltr'><strong>πάντα</strong></span> <span class='ocrx_word' id='word_1_81' title='bbox 1415 1255 1487 1308; x_wconf 82' lang='grc' dir='ltr'><strong>τὰ</strong></span> <span class='ocrx_word' id='word_1_82' title='bbox 1519 1253 1588 1306; x_wconf 84' lang='grc' dir='ltr'><strong>ἐν</strong></span> <span class='ocrx_word' id='word_1_83' title='bbox 1625 1249 1806 1315; x_wconf 84' lang='grc' dir='ltr'><strong>αὐτῷ.</strong></span> <span class='ocrx_word' id='word_1_84' title='bbox 1848 1247 1972 1312; x_wconf 87' lang='grc' dir='ltr'><strong>Πῶς</strong></span> 
     </span>
    </p>
   </div>
   <div class='ocr_carea' id='block_1_11' title="bbox 287 1341 1971 1431">
    <p class='ocr_par' dir='ltr' id='par_1_11' title="bbox 287 1341 1971 1431">
     <span class='ocr_line' id='line_1_11' title="bbox 287 1341 1971 1431; baseline -0.012 -19"><span class='ocrx_word' id='word_1_85' title='bbox 287 1359 514 1431; x_wconf 74' lang='grc' dir='ltr'><strong>οὐρανὸς</strong></span> <span class='ocrx_word' id='word_1_86' title='bbox 540 1357 755 1428; x_wconf 91' lang='grc' dir='ltr'><strong>γέγονε,</strong></span> <span class='ocrx_word' id='word_1_87' title='bbox 811 1355 1077 1425; x_wconf 88' lang='grc' dir='ltr'><strong>πρότερον</strong></span> <span class='ocrx_word' id='word_1_88' title='bbox 1103 1351 1304 1417; x_wconf 82' lang='grc' dir='ltr'><strong>δείξας.</strong></span> <span class='ocrx_word' id='word_1_89' title='bbox 1351 1347 1473 1400; x_wconf 82' lang='grc' dir='ltr'><strong>τότε</strong></span> <span class='ocrx_word' id='word_1_90' title='bbox 1511 1344 1850 1414; x_wconf 82' lang='grc' dir='ltr'><strong>ἀπεφήνατο,</strong></span> <span class='ocrx_word' id='word_1_91' title='bbox 1889 1341 1971 1394; x_wconf 80' lang='grc' dir='ltr'><strong>ὅτι</strong></span> 
     </span>
    </p>
   </div>
   <div class='ocr_carea' id='block_1_12' title="bbox 289 1430 1968 1522">
    <p class='ocr_par' dir='ltr' id='par_1_12' title="bbox 289 1430 1968 1522">
     <span class='ocr_line' id='line_1_12' title="bbox 289 1430 1968 1522; baseline -0.017 -12"><span class='ocrx_word' id='word_1_92' title='bbox 289 1459 390 1511; x_wconf 77' lang='grc' dir='ltr'><strong>οὑκ</strong></span> <span class='ocrx_word' id='word_1_93' title='bbox 427 1455 486 1506; x_wconf 81' lang='grc' dir='ltr'><strong>ἐν</strong></span> <span class='ocrx_word' id='word_1_94' title='bbox 532 1447 930 1522; x_wconf 79' lang='grc' dir='ltr'><strong>χειροποιήτοις</strong></span> <span class='ocrx_word' id='word_1_95' title='bbox 963 1443 1228 1506; x_wconf 80' lang='grc' dir='ltr'><strong>κατοικεῖ,</strong></span> <span class='ocrx_word' id='word_1_96' title='bbox 1274 1439 1406 1492; x_wconf 73' lang='grc' dir='ltr'><strong>ὡσεὶ</strong></span> <span class='ocrx_word' id='word_1_97' title='bbox 1459 1437 1677 1503; x_wconf 80' lang='grc' dir='ltr'><strong>ἔλεγεν·</strong></span> <span class='ocrx_word' id='word_1_98' title='bbox 1721 1433 1786 1486; x_wconf 80' lang='grc' dir='ltr'><strong>Εἰ</strong></span> <span class='ocrx_word' id='word_1_99' title='bbox 1815 1430 1968 1496; x_wconf 81' lang='grc' dir='ltr'><strong>Θεὸς,</strong></span> 
     </span>
    </p>
   </div>
   <div class='ocr_carea' id='block_1_13' title="bbox 287 1523 1968 1613">
    <p class='ocr_par' dir='ltr' id='par_1_13' title="bbox 287 1523 1968 1613">
     <span class='ocr_line' id='line_1_13' title="bbox 287 1523 1968 1613; baseline -0.017 -11"><span class='ocrx_word' id='word_1_100' title='bbox 287 1549 470 1603; x_wconf 80' lang='grc' dir='ltr'><strong>πάντα</strong></span> <span class='ocrx_word' id='word_1_101' title='bbox 499 1542 717 1613; x_wconf 72' lang='grc' dir='ltr'><strong>εποίησε</strong></span> <span class='ocrx_word' id='word_1_102' title='bbox 777 1537 1046 1609; x_wconf 87' lang='grc' dir='ltr'><strong>δηλόνοτι·</strong></span> <span class='ocrx_word' id='word_1_103' title='bbox 1096 1535 1146 1586; x_wconf 84' lang='grc' dir='ltr'><strong>εἰ</strong></span> <span class='ocrx_word' id='word_1_104' title='bbox 1202 1532 1260 1586; x_wconf 79' lang='grc' dir='ltr'><strong>δὲ</strong></span> <span class='ocrx_word' id='word_1_105' title='bbox 1296 1532 1371 1602; x_wconf 85' lang='grc' dir='ltr'><strong>μὴ</strong></span> <span class='ocrx_word' id='word_1_106' title='bbox 1408 1528 1685 1599; x_wconf 81' lang='grc' dir='ltr'><strong>ἐποίησεν,</strong></span> <span class='ocrx_word' id='word_1_107' title='bbox 1720 1523 1782 1591; x_wconf 83' lang='grc' dir='ltr'><strong>ρὺ</strong></span> <span class='ocrx_word' id='word_1_108' title='bbox 1816 1523 1968 1584; x_wconf 89' lang='grc' dir='ltr'><strong>Θεός.</strong></span> 
     </span>
    </p>
   </div>
   <div class='ocr_carea' id='block_1_14' title="bbox 291 1615 1974 1701">
    <p class='ocr_par' dir='ltr' id='par_1_14' title="bbox 291 1615 1974 1701">
     <span class='ocr_line' id='line_1_14' title="bbox 291 1615 1974 1701; baseline -0.015 -9"><span class='ocrx_word' id='word_1_109' title='bbox 291 1638 453 1700; x_wconf 69' lang='grc' dir='ltr'><strong>Θεοί,</strong></span> <span class='ocrx_word' id='word_1_110' title='bbox 482 1636 537 1689; x_wconf 89' lang='grc' dir='ltr'><strong>οἳ</strong></span> <span class='ocrx_word' id='word_1_111' title='bbox 565 1634 667 1688; x_wconf 85' lang='grc' dir='ltr'><strong>τὸν</strong></span> <span class='ocrx_word' id='word_1_112' title='bbox 692 1630 951 1701; x_wconf 74' lang='grc' dir='ltr'><strong>οὐρανόν</strong></span> <span class='ocrx_word' id='word_1_113' title='bbox 983 1627 1080 1681; x_wconf 79' lang='grc' dir='ltr'><strong>καὶ</strong></span> <span class='ocrx_word' id='word_1_114' title='bbox 1114 1625 1229 1694; x_wconf 79' lang='grc' dir='ltr'><strong>τὴν</strong></span> <span class='ocrx_word' id='word_1_115' title='bbox 1255 1623 1390 1695; x_wconf 76' lang='grc' dir='ltr'><strong>γῆν,</strong></span> <span class='ocrx_word' id='word_1_116' title='bbox 1415 1620 1600 1691; x_wconf 73' lang='grc' dir='ltr'><strong>φησὶν,</strong></span> <span class='ocrx_word' id='word_1_117' title='bbox 1631 1619 1743 1671; x_wconf 79' lang='grc' dir='ltr'><strong>οὐκ</strong></span> <span class='ocrx_word' id='word_1_118' title='bbox 1775 1615 1974 1684; x_wconf 81' lang='grc' dir='ltr'><strong>ἐποίη-</strong></span> 
     </span>
    </p>
   </div>
   <div class='ocr_carea' id='block_1_15' title="bbox 288 1707 1970 1795">
    <p class='ocr_par' dir='ltr' id='par_1_15' title="bbox 288 1707 1970 1795">
     <span class='ocr_line' id='line_1_15' title="bbox 288 1707 1970 1795; baseline -0.017 -10"><span class='ocrx_word' id='word_1_119' title='bbox 288 1747 440 1795; x_wconf 82' lang='grc' dir='ltr'><strong>σαν,</strong></span> <span class='ocrx_word' id='word_1_120' title='bbox 468 1725 925 1784; x_wconf 73' lang='grc' dir='ltr'><strong>ἀπολέσθωσαν.</strong></span> <span class='ocrx_word' id='word_1_121' title='bbox 987 1716 1174 1788; x_wconf 82' lang='grc' dir='ltr'><strong>Πολλῷ</strong></span> <span class='ocrx_word' id='word_1_122' title='bbox 1218 1715 1440 1787; x_wconf 83' lang='grc' dir='ltr'><strong>μείζονα</strong></span> <span class='ocrx_word' id='word_1_123' title='bbox 1465 1709 1687 1765; x_wconf 77' lang='grc' dir='ltr'><strong>ἐκείνων</strong></span> <span class='ocrx_word' id='word_1_124' title='bbox 1720 1707 1970 1777; x_wconf 83' lang='grc' dir='ltr'><strong>δόγματα</strong></span> 
     </span>
    </p>
   </div>
   <div class='ocr_carea' id='block_1_16' title="bbox 287 1796 1972 1889">
    <p class='ocr_par' dir='ltr' id='par_1_16' title="bbox 287 1796 1972 1889">
     <span class='ocr_line' id='line_1_16' title="bbox 287 1796 1972 1889; baseline -0.016 -13"><span class='ocrx_word' id='word_1_125' title='bbox 287 1822 508 1889; x_wconf 75' lang='grc' dir='ltr'><strong>εἰσάγει</strong></span> <span class='ocrx_word' id='word_1_126' title='bbox 557 1818 768 1888; x_wconf 86' lang='grc' dir='ltr'><strong>(καίτοι</strong></span> <span class='ocrx_word' id='word_1_127' title='bbox 804 1814 1015 1868; x_wconf 80' lang='grc' dir='ltr'>οὐδέπω</span> <span class='ocrx_word' id='word_1_128' title='bbox 1048 1811 1116 1864; x_wconf 83' lang='grc' dir='ltr'><strong>τά</strong></span> <span class='ocrx_word' id='word_1_129' title='bbox 1157 1805 1368 1880; x_wconf 83' lang='grc' dir='ltr'><strong>μεγάλα</strong></span> <span class='ocrx_word' id='word_1_130' title='bbox 1420 1801 1600 1859; x_wconf 77' lang='grc' dir='ltr'><strong>εἶπεν·</strong></span> <span class='ocrx_word' id='word_1_131' title='bbox 1660 1799 1814 1854; x_wconf 82' lang='grc' dir='ltr'><strong>οῦπω</strong></span> <span class='ocrx_word' id='word_1_132' title='bbox 1863 1796 1972 1867; x_wconf 79' lang='grc' dir='ltr'><strong>γὰρ</strong></span> 
     </span>
    </p>
   </div>
   <div class='ocr_carea' id='block_1_17' title="bbox 288 1890 1972 1984">
    <p class='ocr_par' dir='ltr' id='par_1_17' title="bbox 288 1890 1972 1984">
     <span class='ocr_line' id='line_1_17' title="bbox 288 1890 1972 1984; baseline -0.015 -16"><span class='ocrx_word' id='word_1_133' title='bbox 288 1913 484 1984; x_wconf 88' lang='grc' dir='ltr'><strong>καιρός</strong></span> <span class='ocrx_word' id='word_1_134' title='bbox 509 1930 522 1943; x_wconf 89' lang='grc'>·</span> <span class='ocrx_word' id='word_1_135' title='bbox 553 1910 666 1965; x_wconf 85' lang='grc' dir='ltr'><strong>ἀλλ’</strong></span> <span class='ocrx_word' id='word_1_136' title='bbox 697 1909 772 1972; x_wconf 84' lang='grc' dir='ltr'><strong>ὡς</strong></span> <span class='ocrx_word' id='word_1_137' title='bbox 797 1907 954 1961; x_wconf 76' lang='grc' dir='ltr'><strong>παισὶ</strong></span> <span class='ocrx_word' id='word_1_138' title='bbox 981 1899 1309 1972; x_wconf 77' lang='grc' dir='ltr'><strong>διελέγετο),</strong></span> <span class='ocrx_word' id='word_1_139' title='bbox 1332 1899 1430 1971; x_wconf 76' lang='grc' dir='ltr'><strong>τὴν</strong></span> <span class='ocrx_word' id='word_1_140' title='bbox 1452 1894 1836 1969; x_wconf 88' lang='grc' dir='ltr'><strong>δημιουργίαν,</strong></span> <span class='ocrx_word' id='word_1_141' title='bbox 1873 1890 1972 1960; x_wconf 74' lang='grc' dir='ltr'><strong>τὴν</strong></span> 
     </span>
    </p>
   </div>
   <div class='ocr_carea' id='block_1_18' title="bbox 290 1998 1008 2077">
    <p class='ocr_par' dir='ltr' id='par_1_18' title="bbox 290 1998 1008 2077">
     <span class='ocr_line' id='line_1_18' title="bbox 290 1998 1008 2077; baseline -0.011 -18"><span class='ocrx_word' id='word_1_142' title='bbox 290 2005 617 2077; x_wconf 85' lang='grc' dir='ltr'><strong>κυριότητα,</strong></span> <span class='ocrx_word' id='word_1_143' title='bbox 645 2001 707 2055; x_wconf 83' lang='grc' dir='ltr'><strong>τὸ</strong></span> <span class='ocrx_word' id='word_1_144' title='bbox 739 1998 1008 2062; x_wconf 86' lang='grc' dir='ltr'><strong>ἀνενδεές.</strong></span> 
     </span>
    </p>
   </div>
   <div class='ocr_carea' id='block_1_19' title="bbox 359 2151 1975 2235">
    <p class='ocr_par' dir='ltr' id='par_1_19' title="bbox 359 2151 1975 2235">
     <span class='ocr_line' id='line_1_19' title="bbox 359 2151 1975 2235; baseline -0.013 -14"><span class='ocrx_word' id='word_1_145' title='bbox 359 2172 431 2235; x_wconf 83' lang='grc' dir='ltr'><strong>γ’.</strong></span> <span class='ocrx_word' id='word_1_146' title='bbox 455 2163 640 2218; x_wconf 82' lang='grc' dir='ltr'>Εἰπὼν</span> <span class='ocrx_word' id='word_1_147' title='bbox 671 2163 750 2223; x_wconf 78' lang='grc' dir='ltr'><strong>δὲ,</strong></span> <span class='ocrx_word' id='word_1_148' title='bbox 779 2163 860 2215; x_wconf 81' lang='grc' dir='ltr'><strong>ὅτι</strong></span> <span class='ocrx_word' id='word_1_149' title='bbox 891 2161 996 2215; x_wconf 80' lang='grc' dir='ltr'><strong>πᾶν</strong></span> <span class='ocrx_word' id='word_1_150' title='bbox 1023 2159 1172 2222; x_wconf 79' lang='grc' dir='ltr'><strong>ἔθνος</strong></span> <span class='ocrx_word' id='word_1_151' title='bbox 1195 2154 1496 2228; x_wconf 82' lang='grc' dir='ltr'><strong>ἀνθρώπων</strong></span> <span class='ocrx_word' id='word_1_152' title='bbox 1517 2153 1576 2218; x_wconf 80' lang='grc' dir='ltr'>ἐξ</span> <span class='ocrx_word' id='word_1_153' title='bbox 1599 2151 1719 2216; x_wconf 77' lang='grc' dir='ltr'><strong>ένὸς</strong></span> <span class='ocrx_word' id='word_1_154' title='bbox 1746 2151 1975 2220; x_wconf 84' lang='grc' dir='ltr'><strong>αἵματος</strong></span> 
     </span>
    </p>
   </div>
   <div class='ocr_carea' id='block_1_20' title="bbox 289 2240 1977 2330">
    <p class='ocr_par' dir='ltr' id='par_1_20' title="bbox 289 2240 1977 2330">
     <span class='ocr_line' id='line_1_20' title="bbox 289 2240 1977 2330; baseline -0.012 -17"><span class='ocrx_word' id='word_1_155' title='bbox 289 2259 540 2330; x_wconf 80' lang='grc' dir='ltr'><strong>ἐποίησε,</strong></span> <span class='ocrx_word' id='word_1_156' title='bbox 567 2257 628 2311; x_wconf 81' lang='grc' dir='ltr'><strong>τὸ</strong></span> <span class='ocrx_word' id='word_1_157' title='bbox 655 2256 872 2311; x_wconf 86' lang='grc' dir='ltr'><strong>πάντων</strong></span> <span class='ocrx_word' id='word_1_158' title='bbox 899 2252 1068 2308; x_wconf 76' lang='grc' dir='ltr'><strong>αἴτιον</strong></span> <span class='ocrx_word' id='word_1_159' title='bbox 1093 2252 1200 2306; x_wconf 83' lang='grc' dir='ltr'><strong>τῶν</strong></span> <span class='ocrx_word' id='word_1_160' title='bbox 1229 2249 1448 2320; x_wconf 83' lang='grc' dir='ltr'><strong>ἀγαθῶν</strong></span> <span class='ocrx_word' id='word_1_161' title='bbox 1477 2246 1735 2318; x_wconf 76' lang='grc' dir='ltr'><strong>ἐδήλωσε.</strong></span> <span class='ocrx_word' id='word_1_162' title='bbox 1763 2242 1827 2296; x_wconf 87' lang='grc' dir='ltr'><strong>Τί</strong></span> <span class='ocrx_word' id='word_1_163' title='bbox 1859 2240 1977 2294; x_wconf 83' lang='grc' dir='ltr'><strong>τού·</strong></span> 
     </span>
    </p>
   </div>
   <div class='ocr_carea' id='block_1_21' title="bbox 288 2334 1974 2420">
    <p class='ocr_par' dir='ltr' id='par_1_21' title="bbox 288 2334 1974 2420">
     <span class='ocr_line' id='line_1_21' title="bbox 288 2334 1974 2420; baseline -0.01 -15"><span class='ocrx_word' id='word_1_164' title='bbox 288 2369 383 2405; x_wconf 86' lang='grc' dir='ltr'><strong>του</strong></span> <span class='ocrx_word' id='word_1_165' title='bbox 441 2349 538 2404; x_wconf 89' lang='grc' dir='ltr'><strong>τοῦ</strong></span> <span class='ocrx_word' id='word_1_166' title='bbox 591 2347 796 2420; x_wconf 69' lang='grc' dir='ltr'><strong>ὑψηλοῦ</strong></span> <span class='ocrx_word' id='word_1_167' title='bbox 836 2347 978 2412; x_wconf 82' lang='grc' dir='ltr'><strong>ῐσον;</strong></span> <span class='ocrx_word' id='word_1_168' title='bbox 1025 2343 1349 2414; x_wconf 82' lang='grc' dir='ltr'><strong>Θαυμαστὸν</strong></span> <span class='ocrx_word' id='word_1_169' title='bbox 1386 2343 1483 2414; x_wconf 80' lang='grc' dir='ltr'><strong>μὲν</strong></span> <span class='ocrx_word' id='word_1_170' title='bbox 1541 2339 1651 2410; x_wconf 84' lang='grc' dir='ltr'><strong>γὰρ</strong></span> <span class='ocrx_word' id='word_1_171' title='bbox 1686 2337 1782 2390; x_wconf 78' lang='grc' dir='ltr'><strong>καὶ</strong></span> <span class='ocrx_word' id='word_1_172' title='bbox 1809 2337 1869 2390; x_wconf 70' lang='grc' dir='ltr'><strong>τὸ</strong></span> <span class='ocrx_word' id='word_1_173' title='bbox 1916 2334 1974 2402; x_wconf 77' lang='grc' dir='ltr'>ἐξ</span> 
     </span>
    </p>
   </div>
   <div class='ocr_carea' id='block_1_22' title="bbox 291 2430 1975 2510">
    <p class='ocr_par' dir='ltr' id='par_1_22' title="bbox 291 2430 1975 2510">
     <span class='ocr_line' id='line_1_22' title="bbox 291 2430 1975 2510; baseline -0.01 -15"><span class='ocrx_word' id='word_1_174' title='bbox 291 2442 412 2505; x_wconf 70' lang='grc' dir='ltr'><strong>ἐνὸς</strong></span> <span class='ocrx_word' id='word_1_175' title='bbox 464 2441 690 2510; x_wconf 78' lang='grc' dir='ltr'><strong>ποιῆσαι</strong></span> <span class='ocrx_word' id='word_1_176' title='bbox 743 2438 1065 2500; x_wconf 80' lang='grc' dir='ltr'><strong>τοσούτους·</strong></span> <span class='ocrx_word' id='word_1_177' title='bbox 1103 2436 1163 2490; x_wconf 82' lang='grc' dir='ltr'><strong>τὸ</strong></span> <span class='ocrx_word' id='word_1_178' title='bbox 1192 2435 1248 2488; x_wconf 80' lang='grc' dir='ltr'><strong>δὲ</strong></span> <span class='ocrx_word' id='word_1_179' title='bbox 1283 2433 1492 2495; x_wconf 82' lang='grc' dir='ltr'><strong>πάντας</strong></span> <span class='ocrx_word' id='word_1_180' title='bbox 1528 2430 1690 2484; x_wconf 79' lang='grc' dir='ltr'><strong>αὑτὸν</strong></span> <span class='ocrx_word' id='word_1_181' title='bbox 1729 2444 1975 2498; x_wconf 86' lang='grc' dir='ltr'><strong>συγκρα-</strong></span> 
     </span>
    </p>
   </div>
   <div class='ocr_carea' id='block_1_23' title="bbox 289 2520 1977 2602">
    <p class='ocr_par' dir='ltr' id='par_1_23' title="bbox 289 2520 1977 2602">
     <span class='ocr_line' id='line_1_23' title="bbox 289 2520 1977 2602; baseline -0.008 -15"><span class='ocrx_word' id='word_1_182' title='bbox 289 2537 426 2599; x_wconf 85' lang='grc' dir='ltr'><strong>τεῖν,</strong></span> <span class='ocrx_word' id='word_1_183' title='bbox 453 2533 532 2586; x_wconf 77' lang='grc' dir='ltr'><strong>ἔτι</strong></span> <span class='ocrx_word' id='word_1_184' title='bbox 559 2533 735 2602; x_wconf 86' lang='grc' dir='ltr'><strong>πολλῷ</strong></span> <span class='ocrx_word' id='word_1_185' title='bbox 758 2531 1219 2602; x_wconf 74' lang='grc' dir='ltr'><strong>θαυμαστότερον.</strong></span> <span class='ocrx_word' id='word_1_186' title='bbox 1247 2525 1457 2591; x_wconf 85' lang='grc' dir='ltr'><strong>Διδοὺς</strong></span> <span class='ocrx_word' id='word_1_187' title='bbox 1486 2524 1617 2595; x_wconf 80' lang='grc' dir='ltr'><strong>γὰρ,</strong></span> <span class='ocrx_word' id='word_1_188' title='bbox 1641 2522 1795 2593; x_wconf 70' lang='grc' dir='ltr'><strong>φησι,</strong></span> <span class='ocrx_word' id='word_1_189' title='bbox 1826 2520 1977 2573; x_wconf 80' lang='grc' dir='ltr'><strong>πᾶσι</strong></span> 
     </span>
    </p>
   </div>
   <div class='ocr_carea' id='block_1_24' title="bbox 290 2613 1980 2699">
    <p class='ocr_par' dir='ltr' id='par_1_24' title="bbox 290 2613 1980 2699">
     <span class='ocr_line' id='line_1_24' title="bbox 290 2613 1980 2699; baseline -0.012 -13"><span class='ocrx_word' id='word_1_190' title='bbox 290 2631 496 2699; x_wconf 73' lang='grc' dir='ltr'><strong>πνοὴν</strong></span> <span class='ocrx_word' id='word_1_191' title='bbox 523 2627 621 2682; x_wconf 75' lang='grc' dir='ltr'><strong>καί</strong></span> <span class='ocrx_word' id='word_1_192' title='bbox 653 2623 823 2692; x_wconf 77' lang='grc' dir='ltr'><strong>ζωήν.</strong></span> <span class='ocrx_word' id='word_1_193' title='bbox 860 2623 924 2676; x_wconf 93' lang='grc' dir='ltr'><strong>Τί</strong></span> <span class='ocrx_word' id='word_1_194' title='bbox 953 2622 1122 2688; x_wconf 76' lang='grc' dir='ltr'><strong>ἐστιν,</strong></span> <span class='ocrx_word' id='word_1_195' title='bbox 1157 2619 1388 2689; x_wconf 80' lang='grc' dir='ltr'><strong>Ὁρίσας</strong></span> <span class='ocrx_word' id='word_1_196' title='bbox 1421 2613 1980 2687; x_wconf 58' lang='grc' dir='ltr'><strong>προστεταγμένους</strong></span> 
     </span>
    </p>
   </div>
   <div class='ocr_carea' id='block_1_25' title="bbox 295 2704 1976 2798">
    <p class='ocr_par' dir='ltr' id='par_1_25' title="bbox 295 2704 1976 2798">
     <span class='ocr_line' id='line_1_25' title="bbox 295 2704 1976 2798; baseline -0.014 -18"><span class='ocrx_word' id='word_1_197' title='bbox 295 2723 448 2798; x_wconf 69' lang='lat'><strong>[9.90]</strong></span> <span class='ocrx_word' id='word_1_198' title='bbox 468 2719 731 2789; x_wconf 78' lang='grc' dir='ltr'><strong>καιροὺς,</strong></span> <span class='ocrx_word' id='word_1_199' title='bbox 750 2716 847 2770; x_wconf 79' lang='grc' dir='ltr'><strong>καὶ</strong></span> <span class='ocrx_word' id='word_1_200' title='bbox 864 2714 968 2782; x_wconf 83' lang='grc' dir='ltr'><strong>τὰς</strong></span> <span class='ocrx_word' id='word_1_201' title='bbox 985 2712 1300 2783; x_wconf 80' lang='grc' dir='ltr'><strong>ὁροθεσίας</strong></span> <span class='ocrx_word' id='word_1_202' title='bbox 1317 2728 1343 2763; x_wconf 87' lang='grc' dir='ltr'><strong>τ</strong></span> <span class='ocrx_word' id='word_1_203' title='bbox 1355 2709 1424 2779; x_wconf 83' lang='grc' dir='ltr'><strong>ἦς</strong></span> <span class='ocrx_word' id='word_1_204' title='bbox 1439 2709 1742 2774; x_wconf 82' lang='grc' dir='ltr'><strong>κατοικίας</strong></span> <span class='ocrx_word' id='word_1_205' title='bbox 1757 2704 1976 2767; x_wconf 83' lang='grc' dir='ltr'><strong>αὐτῶν,</strong></span> 
     </span>
    </p>
   </div>
   <div class='ocr_carea' id='block_1_26' title="bbox 292 2797 1976 2886">
    <p class='ocr_par' dir='ltr' id='par_1_26' title="bbox 292 2797 1976 2886">
     <span class='ocr_line' id='line_1_26' title="bbox 292 2797 1976 2886; baseline -0.014 -13"><span class='ocrx_word' id='word_1_206' title='bbox 292 2797 490 2886; x_wconf 74' lang='grc' dir='ltr'><strong>ζητεῖν</strong></span> <span class='ocrx_word' id='word_1_207' title='bbox 516 2815 622 2868; x_wconf 82' lang='grc' dir='ltr'><strong>τὸν</strong></span> <span class='ocrx_word' id='word_1_208' title='bbox 664 2812 832 2877; x_wconf 82' lang='grc' dir='ltr'><strong>Θεὸν,</strong></span> <span class='ocrx_word' id='word_1_209' title='bbox 864 2812 914 2863; x_wconf 82' lang='grc' dir='ltr'><strong>ει</strong></span> <span class='ocrx_word' id='word_1_210' title='bbox 939 2807 1053 2876; x_wconf 76' lang='grc' dir='ltr'><strong>ἄρα</strong></span> <span class='ocrx_word' id='word_1_211' title='bbox 1095 2823 1161 2876; x_wconf 83' lang='grc' dir='ltr'><strong>γε</strong></span> <span class='ocrx_word' id='word_1_212' title='bbox 1187 2803 1618 2874; x_wconf 66' lang='grc' dir='ltr'><strong>ψηλαφήσειαν</strong></span> <span class='ocrx_word' id='word_1_213' title='bbox 1657 2799 1845 2855; x_wconf 81' lang='grc' dir='ltr'><strong>αὑτὸν</strong></span> <span class='ocrx_word' id='word_1_214' title='bbox 1881 2797 1976 2850; x_wconf 80' lang='grc' dir='ltr'><strong>καὶ</strong></span> 
     </span>
    </p>
   </div>
   <div class='ocr_carea' id='block_1_27' title="bbox 292 2891 1981 2977">
    <p class='ocr_par' dir='ltr' id='par_1_27' title="bbox 292 2891 1981 2977">
     <span class='ocr_line' id='line_1_27' title="bbox 292 2891 1981 2977; baseline -0.012 -13"><span class='ocrx_word' id='word_1_215' title='bbox 292 2911 566 2977; x_wconf 79' lang='grc' dir='ltr'><strong>εῦροιεν;</strong></span> <span class='ocrx_word' id='word_1_216' title='bbox 601 2906 722 2960; x_wconf 87' lang='grc' dir='ltr'><strong>Ὅτι</strong></span> <span class='ocrx_word' id='word_1_217' title='bbox 754 2903 854 2958; x_wconf 85' lang='grc' dir='ltr'><strong>οὑκ</strong></span> <span class='ocrx_word' id='word_1_218' title='bbox 885 2898 1227 2971; x_wconf 76' lang='grc' dir='ltr'><strong>ἠναγκάζετό</strong></span> <span class='ocrx_word' id='word_1_219' title='bbox 1260 2915 1367 2962; x_wconf 86' lang='grc' dir='ltr'><strong>τις,</strong></span> <span class='ocrx_word' id='word_1_220' title='bbox 1400 2896 1555 2967; x_wconf 74' lang='grc' dir='ltr'><strong>φησὶ,</strong></span> <span class='ocrx_word' id='word_1_221' title='bbox 1584 2892 1852 2966; x_wconf 80' lang='grc' dir='ltr'><strong>περιιέναι</strong></span> <span class='ocrx_word' id='word_1_222' title='bbox 1887 2891 1981 2943; x_wconf 77' lang='grc' dir='ltr'><strong>καὶ</strong></span> 
     </span>
    </p>
   </div>
   <div class='ocr_carea' id='block_1_28' title="bbox 294 2985 1981 3073">
    <p class='ocr_par' dir='ltr' id='par_1_28' title="bbox 294 2985 1981 3073">
     <span class='ocr_line' id='line_1_28' title="bbox 294 2985 1981 3073; baseline -0.014 -15"><span class='ocrx_word' id='word_1_223' title='bbox 294 3003 481 3073; x_wconf 82' lang='grc' dir='ltr'><strong>ζητεῖν</strong></span> <span class='ocrx_word' id='word_1_224' title='bbox 524 2999 616 3052; x_wconf 74' lang='grc' dir='ltr'><strong>τὸν</strong></span> <span class='ocrx_word' id='word_1_225' title='bbox 648 2996 780 3051; x_wconf 91' lang='grc' dir='ltr'><strong>Θεόν</strong></span> <span class='ocrx_word' id='word_1_226' title='bbox 811 3013 824 3027; x_wconf 72' lang='grc' dir='ltr'><strong>ο</strong></span> <span class='ocrx_word' id='word_1_227' title='bbox 867 2995 901 3067; x_wconf 83' lang='grc' dir='ltr'><strong>ἦ</strong></span> <span class='ocrx_word' id='word_1_228' title='bbox 955 2995 1003 3048; x_wconf 85' lang='grc' dir='ltr'><strong>εί</strong></span> <span class='ocrx_word' id='word_1_229' title='bbox 1045 2992 1121 3064; x_wconf 85' lang='grc' dir='ltr'><strong>μὴ</strong></span> <span class='ocrx_word' id='word_1_230' title='bbox 1175 2989 1357 3058; x_wconf 90' lang='grc' dir='ltr'><strong>τοῦτο,</strong></span> <span class='ocrx_word' id='word_1_231' title='bbox 1407 2991 1490 3042; x_wconf 80' lang='grc' dir='ltr'><strong>ὅτι</strong></span> <span class='ocrx_word' id='word_1_232' title='bbox 1537 2987 1704 3058; x_wconf 82' lang='grc' dir='ltr'><strong>ὥρισε</strong></span> <span class='ocrx_word' id='word_1_233' title='bbox 1749 2985 1981 3056; x_wconf 83' lang='grc' dir='ltr'><strong>ζητῆσαι</strong></span> 
     </span>
    </p>
   </div>
   <div class='ocr_carea' id='block_1_29' title="bbox 294 3075 1982 3150">
    <p class='ocr_par' dir='ltr' id='par_1_29' title="bbox 294 3075 1982 3150">
     <span class='ocr_line' id='line_1_29' title="bbox 294 3075 1982 3150; baseline -0.012 -4"><span class='ocrx_word' id='word_1_234' title='bbox 294 3093 394 3147; x_wconf 70' lang='grc' dir='ltr'><strong>τὸν</strong></span> <span class='ocrx_word' id='word_1_235' title='bbox 473 3089 628 3143; x_wconf 84' lang='grc' dir='ltr'><strong>Θεόν.</strong></span> <span class='ocrx_word' id='word_1_236' title='bbox 703 3086 838 3140; x_wconf 83' lang='grc' dir='ltr'><strong>Ἀλλ’</strong></span> <span class='ocrx_word' id='word_1_237' title='bbox 895 3085 957 3138; x_wconf 89' lang='grc' dir='ltr'><strong>οὑ</strong></span> <span class='ocrx_word' id='word_1_238' title='bbox 1013 3082 1304 3146; x_wconf 84' lang='grc' dir='ltr'><strong>διαπαντὸς</strong></span> <span class='ocrx_word' id='word_1_239' title='bbox 1356 3080 1513 3135; x_wconf 89' lang='grc' dir='ltr'><strong>τοῦτο</strong></span> <span class='ocrx_word' id='word_1_240' title='bbox 1563 3078 1786 3150; x_wconf 80' lang='grc' dir='ltr'><strong>ὥρισεν,</strong></span> <span class='ocrx_word' id='word_1_241' title='bbox 1847 3075 1982 3128; x_wconf 85' lang='grc' dir='ltr'><strong>ἀλλά</strong></span> 
     </span>
    </p>
   </div>
   <div class='ocr_carea' id='block_1_30' title="bbox 296 3166 1984 3252">
    <p class='ocr_par' dir='ltr' id='par_1_30' title="bbox 296 3166 1984 3252">
     <span class='ocr_line' id='line_1_30' title="bbox 296 3166 1984 3252; baseline -0.014 -12"><span class='ocrx_word' id='word_1_242' title='bbox 296 3178 868 3252; x_wconf 79' lang='grc' dir='ltr'><strong>Προστεταγμένους</strong></span> <span class='ocrx_word' id='word_1_243' title='bbox 916 3175 1183 3243; x_wconf 76' lang='grc' dir='ltr'><strong>καιρούς.</strong></span> <span class='ocrx_word' id='word_1_244' title='bbox 1234 3171 1406 3224; x_wconf 89' lang='grc' dir='ltr'><strong>Τοῦτο</strong></span> <span class='ocrx_word' id='word_1_245' title='bbox 1461 3170 1518 3224; x_wconf 82' lang='grc' dir='ltr'><strong>δὲ</strong></span> <span class='ocrx_word' id='word_1_246' title='bbox 1551 3169 1722 3236; x_wconf 80' lang='grc' dir='ltr'><strong>λέγει,</strong></span> <span class='ocrx_word' id='word_1_247' title='bbox 1767 3166 1984 3226; x_wconf 79' lang='grc' dir='ltr'><strong>δεικνὺς</strong></span> 
     </span>
    </p>
   </div>
   <div class='ocr_carea' id='block_1_31' title="bbox 296 3257 1986 3344">
    <p class='ocr_par' dir='ltr' id='par_1_31' title="bbox 296 3257 1986 3344">
     <span class='ocr_line' id='line_1_31' title="bbox 296 3257 1986 3344; baseline -0.012 -13"><span class='ocrx_word' id='word_1_248' title='bbox 296 3278 382 3330; x_wconf 82' lang='grc' dir='ltr'><strong>ὃτι</strong></span> <span class='ocrx_word' id='word_1_249' title='bbox 410 3275 531 3328; x_wconf 79' lang='grc' dir='ltr'><strong>οὑδὲ</strong></span> <span class='ocrx_word' id='word_1_250' title='bbox 560 3273 653 3327; x_wconf 90' lang='grc' dir='ltr'><strong>νῦν</strong></span> <span class='ocrx_word' id='word_1_251' title='bbox 683 3273 1019 3344; x_wconf 74' lang='grc' dir='ltr'><strong>ζητήσαντες</strong></span> <span class='ocrx_word' id='word_1_252' title='bbox 1043 3261 1221 3338; x_wconf 73' lang='grc' dir='ltr'><strong>εὖρον,</strong></span> <span class='ocrx_word' id='word_1_253' title='bbox 1258 3266 1436 3319; x_wconf 86' lang='grc' dir='ltr'><strong>καίτοι</strong></span> <span class='ocrx_word' id='word_1_254' title='bbox 1463 3261 1637 3325; x_wconf 71' lang='grc' dir='ltr'><strong>οὕτως</strong></span> <span class='ocrx_word' id='word_1_255' title='bbox 1653 3257 1721 3332; x_wconf 75' lang='grc' dir='ltr'><strong>ἦν</strong></span> <span class='ocrx_word' id='word_1_256' title='bbox 1749 3259 1986 3330; x_wconf 79' lang='grc' dir='ltr'><strong>φανερὸς</strong></span> 
     </span>
    </p>
   </div>
   <div class='ocr_carea' id='block_1_32' title="bbox 301 3349 1986 3438">
    <p class='ocr_par' dir='ltr' id='par_1_32' title="bbox 301 3349 1986 3438">
     <span class='ocr_line' id='line_1_32' title="bbox 301 3349 1986 3438; baseline -0.011 -18"><span class='ocrx_word' id='word_1_257' title='bbox 301 3366 438 3438; x_wconf 75' lang='grc' dir='ltr'><strong>πρὸς</strong></span> <span class='ocrx_word' id='word_1_258' title='bbox 461 3366 522 3418; x_wconf 77' lang='grc' dir='ltr'><strong>τὸ</strong></span> <span class='ocrx_word' id='word_1_259' title='bbox 551 3363 922 3436; x_wconf 81' lang='grc' dir='ltr'><strong>εὑρίσκεσθαι,</strong></span> <span class='ocrx_word' id='word_1_260' title='bbox 954 3361 1142 3431; x_wconf 85' lang='grc' dir='ltr'><strong>ὥσπερ</strong></span> <span class='ocrx_word' id='word_1_261' title='bbox 1164 3359 1231 3413; x_wconf 87' lang='grc' dir='ltr'><strong>ἂν</strong></span> <span class='ocrx_word' id='word_1_262' title='bbox 1267 3360 1347 3422; x_wconf 81' lang='grc' dir='ltr'><strong>είς</strong></span> <span class='ocrx_word' id='word_1_263' title='bbox 1376 3355 1539 3428; x_wconf 85' lang='grc' dir='ltr'><strong>μέσον</strong></span> <span class='ocrx_word' id='word_1_264' title='bbox 1571 3371 1625 3406; x_wconf 89' lang='grc' dir='ltr'><strong>τι</strong></span> <span class='ocrx_word' id='word_1_265' title='bbox 1653 3349 1986 3423; x_wconf 78' lang='grc' dir='ltr'><strong>ψηλαφώμε-</strong></span> 
     </span>
    </p>
   </div>
   <div class='ocr_carea' id='block_1_33' title="bbox 298 3440 1981 3527">
    <p class='ocr_par' dir='ltr' id='par_1_33' title="bbox 298 3440 1981 3527">
     <span class='ocr_line' id='line_1_33' title="bbox 298 3440 1981 3527; baseline -0.011 -16"><span class='ocrx_word' id='word_1_266' title='bbox 298 3476 412 3512; x_wconf 82' lang='grc' dir='ltr'><strong>νον.</strong></span> <span class='ocrx_word' id='word_1_267' title='bbox 447 3457 585 3510; x_wconf 69' lang='grc' dir='ltr'><strong>Οὐδὲ</strong></span> <span class='ocrx_word' id='word_1_268' title='bbox 609 3456 718 3527; x_wconf 76' lang='grc' dir='ltr'><strong>γὰρ</strong></span> <span class='ocrx_word' id='word_1_269' title='bbox 763 3451 996 3507; x_wconf 77' lang='grc' dir='ltr'><strong>ἐνταῦθα</strong></span> <span class='ocrx_word' id='word_1_270' title='bbox 1021 3450 1121 3521; x_wconf 85' lang='grc' dir='ltr'><strong>μὲν</strong></span> <span class='ocrx_word' id='word_1_271' title='bbox 1148 3446 1214 3525; x_wconf 76' lang='grc' dir='ltr'><strong>ἦν</strong></span> <span class='ocrx_word' id='word_1_272' title='bbox 1246 3448 1498 3519; x_wconf 82' lang='grc' dir='ltr'><strong>οὑρανὸς,</strong></span> <span class='ocrx_word' id='word_1_273' title='bbox 1529 3442 1765 3514; x_wconf 80' lang='grc' dir='ltr'><strong>ἀλλαχοῦ</strong></span> <span class='ocrx_word' id='word_1_274' title='bbox 1798 3441 1854 3494; x_wconf 75' lang='grc' dir='ltr'><strong>δὲ</strong></span> <span class='ocrx_word' id='word_1_275' title='bbox 1886 3440 1947 3493; x_wconf 84' lang='grc' dir='ltr'><strong>οῦ</strong></span> <span class='ocrx_word' id='word_1_276' title='bbox 1969 3457 1981 3468; x_wconf 93' lang='grc'><strong>·</strong></span> 
     </span>
    </p>
   </div>
   <div class='ocr_carea' id='block_1_34' title="bbox 297 3535 1987 3617">
    <p class='ocr_par' dir='ltr' id='par_1_34' title="bbox 297 3535 1987 3617">
     <span class='ocr_line' id='line_1_34' title="bbox 297 3535 1987 3617; baseline -0.011 -13"><span class='ocrx_word' id='word_1_277' title='bbox 297 3551 423 3605; x_wconf 71' lang='grc' dir='ltr'><strong>οὐδὲ</strong></span> <span class='ocrx_word' id='word_1_278' title='bbox 452 3551 510 3602; x_wconf 81' lang='grc' dir='ltr'><strong>ὲν</strong></span> <span class='ocrx_word' id='word_1_279' title='bbox 543 3547 718 3617; x_wconf 87' lang='grc' dir='ltr'><strong>τούτῳ</strong></span> <span class='ocrx_word' id='word_1_280' title='bbox 765 3545 844 3616; x_wconf 77' lang='grc' dir='ltr'><strong>τῷ</strong></span> <span class='ocrx_word' id='word_1_281' title='bbox 887 3543 1062 3617; x_wconf 80' lang='grc' dir='ltr'><strong>χρόνῳ</strong></span> <span class='ocrx_word' id='word_1_282' title='bbox 1089 3538 1179 3614; x_wconf 76' lang='grc' dir='ltr'><strong>ἦν,</strong></span> <span class='ocrx_word' id='word_1_283' title='bbox 1209 3542 1268 3595; x_wconf 79' lang='grc' dir='ltr'><strong>ἐν</strong></span> <span class='ocrx_word' id='word_1_284' title='bbox 1296 3540 1440 3610; x_wconf 81' lang='grc' dir='ltr'><strong>ἄλλῳ</strong></span> <span class='ocrx_word' id='word_1_285' title='bbox 1469 3538 1525 3591; x_wconf 83' lang='grc' dir='ltr'><strong>δὲ</strong></span> <span class='ocrx_word' id='word_1_286' title='bbox 1569 3536 1652 3590; x_wconf 83' lang='grc' dir='ltr'><strong>οῦ.</strong></span> <span class='ocrx_word' id='word_1_287' title='bbox 1687 3536 1851 3588; x_wconf 84' lang='grc' dir='ltr'><strong>Ὥστε</strong></span> <span class='ocrx_word' id='word_1_288' title='bbox 1894 3535 1987 3586; x_wconf 75' lang='grc' dir='ltr'><strong>καὶ</strong></span> 
     </span>
    </p>
   </div>
   <div class='ocr_carea' id='block_1_35' title="bbox 297 3625 1987 3710">
    <p class='ocr_par' dir='ltr' id='par_1_35' title="bbox 297 3625 1987 3710">
     <span class='ocr_line' id='line_1_35' title="bbox 297 3625 1987 3710; baseline -0.009 -13"><span class='ocrx_word' id='word_1_289' title='bbox 297 3644 444 3697; x_wconf 79' lang='grc' dir='ltr'><strong>κατά</strong></span> <span class='ocrx_word' id='word_1_290' title='bbox 497 3640 672 3694; x_wconf 88' lang='grc' dir='ltr'><strong>πάντα</strong></span> <span class='ocrx_word' id='word_1_291' title='bbox 702 3637 914 3710; x_wconf 82' lang='grc' dir='ltr'><strong>καιρὸν,</strong></span> <span class='ocrx_word' id='word_1_292' title='bbox 945 3636 1038 3690; x_wconf 71' lang='grc' dir='ltr'><strong>καὶ</strong></span> <span class='ocrx_word' id='word_1_293' title='bbox 1067 3632 1209 3688; x_wconf 83' lang='grc' dir='ltr'><strong>κατά</strong></span> <span class='ocrx_word' id='word_1_294' title='bbox 1239 3632 1420 3685; x_wconf 77' lang='grc' dir='ltr'><strong>πᾶσαν</strong></span> <span class='ocrx_word' id='word_1_295' title='bbox 1452 3627 1733 3701; x_wconf 86' lang='grc' dir='ltr'><strong>ὁροθεσίαν</strong></span> <span class='ocrx_word' id='word_1_296' title='bbox 1763 3625 1987 3681; x_wconf 81' lang='grc' dir='ltr'><strong>δυνατὸν</strong></span> 
     </span>
    </p>
   </div>
   <div class='ocr_carea' id='block_1_36' title="bbox 297 3720 1986 3806">
    <p class='ocr_par' dir='ltr' id='par_1_36' title="bbox 297 3720 1986 3806">
     <span class='ocr_line' id='line_1_36' title="bbox 297 3720 1986 3806; baseline -0.012 -15"><span class='ocrx_word' id='word_1_297' title='bbox 297 3738 466 3791; x_wconf 71' lang='grc' dir='ltr'><strong>αὑτὸν</strong></span> <span class='ocrx_word' id='word_1_298' title='bbox 491 3735 690 3806; x_wconf 88' lang='grc' dir='ltr'><strong>εὑρεῖν.</strong></span> <span class='ocrx_word' id='word_1_299' title='bbox 717 3731 904 3801; x_wconf 79' lang='grc' dir='ltr'><strong>Οῦτως</strong></span> <span class='ocrx_word' id='word_1_300' title='bbox 926 3727 1246 3801; x_wconf 81' lang='grc' dir='ltr'><strong>ᾡκονόμησε</strong></span> <span class='ocrx_word' id='word_1_301' title='bbox 1269 3724 1330 3778; x_wconf 78' lang='grc' dir='ltr'><strong>τὸ</strong></span> <span class='ocrx_word' id='word_1_302' title='bbox 1351 3721 1652 3794; x_wconf 79' lang='grc' dir='ltr'><strong>ζητεῖσθαι,</strong></span> <span class='ocrx_word' id='word_1_303' title='bbox 1684 3720 1824 3774; x_wconf 76' lang='grc' dir='ltr'><strong>ὥστε</strong></span> <span class='ocrx_word' id='word_1_304' title='bbox 1847 3721 1986 3791; x_wconf 81' lang='grc' dir='ltr'><strong>μήτε</strong></span> 
     </span>
    </p>
   </div>
   <div class='ocr_carea' id='block_1_37' title="bbox 296 3812 1986 3898">
    <p class='ocr_par' dir='ltr' id='par_1_37' title="bbox 296 3812 1986 3898">
     <span class='ocr_line' id='line_1_37' title="bbox 296 3812 1986 3898; baseline -0.011 -16"><span class='ocrx_word' id='word_1_305' title='bbox 296 3829 451 3898; x_wconf 78' lang='grc' dir='ltr'><strong>τόπῳ</strong></span> <span class='ocrx_word' id='word_1_306' title='bbox 478 3822 950 3893; x_wconf 82' lang='grc' dir='ltr'><strong>κωλύεσθαι,μήτε</strong></span> <span class='ocrx_word' id='word_1_307' title='bbox 972 3820 1170 3892; x_wconf 84' lang='grc' dir='ltr'><strong>χρόνῳ.</strong></span> <span class='ocrx_word' id='word_1_308' title='bbox 1195 3817 1306 3871; x_wconf 69' lang='grc' dir='ltr'><strong>Καὶ</strong></span> <span class='ocrx_word' id='word_1_309' title='bbox 1328 3815 1459 3869; x_wconf 86' lang='grc' dir='ltr'><strong>αὑτὸ</strong></span> <span class='ocrx_word' id='word_1_310' title='bbox 1479 3813 1543 3884; x_wconf 76' lang='grc' dir='ltr'><strong>δὴ</strong></span> <span class='ocrx_word' id='word_1_311' title='bbox 1564 3813 1724 3867; x_wconf 88' lang='grc' dir='ltr'><strong>τοῦτο</strong></span> <span class='ocrx_word' id='word_1_312' title='bbox 1752 3812 1986 3885; x_wconf 87' lang='grc' dir='ltr'><strong>μάλιστα</strong></span> 
     </span>
    </p>
   </div>
   <div class='ocr_carea' id='block_1_38' title="bbox 298 3901 1985 3981">
    <p class='ocr_par' dir='ltr' id='par_1_38' title="bbox 298 3901 1985 3981">
     <span class='ocr_line' id='line_1_38' title="bbox 298 3901 1985 3981; baseline -0.009 -10"><span class='ocrx_word' id='word_1_313' title='bbox 298 3919 490 3981; x_wconf 77' lang='grc' dir='ltr'><strong>αὐτοῖς</strong></span> <span class='ocrx_word' id='word_1_314' title='bbox 541 3913 910 3976; x_wconf 80' lang='grc' dir='ltr'><strong>συνεϐάλλετο,</strong></span> <span class='ocrx_word' id='word_1_315' title='bbox 949 3911 1003 3964; x_wconf 87' lang='grc' dir='ltr'><strong>εῐ</strong></span> <span class='ocrx_word' id='word_1_316' title='bbox 1043 3927 1107 3980; x_wconf 89' lang='grc' dir='ltr'><strong>γε</strong></span> <span class='ocrx_word' id='word_1_317' title='bbox 1149 3907 1438 3980; x_wconf 73' lang='grc' dir='ltr'><strong>ηϐούλοντο</strong></span> <span class='ocrx_word' id='word_1_318' title='bbox 1472 3919 1521 3969; x_wconf 74' lang='grc' dir='ltr'><strong>ιι,</strong></span> <span class='ocrx_word' id='word_1_319' title='bbox 1576 3906 1636 3958; x_wconf 83' lang='grc' dir='ltr'><strong>τὸ</strong></span> <span class='ocrx_word' id='word_1_320' title='bbox 1705 3901 1985 3972; x_wconf 80' lang='grc' dir='ltr'><strong>πανταχοῦ</strong></span> 
     </span>
    </p>
   </div>
   <div class='ocr_carea' id='block_1_39' title="bbox 299 3993 1988 4079">
    <p class='ocr_par' dir='ltr' id='par_1_39' title="bbox 299 3993 1988 4079">
     <span class='ocr_line' id='line_1_39' title="bbox 299 3993 1988 4079; baseline -0.011 -15"><span class='ocrx_word' id='word_1_321' title='bbox 299 4009 441 4064; x_wconf 78' lang='grc' dir='ltr'><strong>εἶναι</strong></span> <span class='ocrx_word' id='word_1_322' title='bbox 473 4009 565 4062; x_wconf 72' lang='grc' dir='ltr'><strong>τὸν</strong></span> <span class='ocrx_word' id='word_1_323' title='bbox 592 4007 840 4079; x_wconf 77' lang='grc' dir='ltr'><strong>οὐρανὸν,</strong></span> <span class='ocrx_word' id='word_1_324' title='bbox 865 4003 924 4058; x_wconf 74' lang='grc' dir='ltr'><strong>τὸ</strong></span> <span class='ocrx_word' id='word_1_325' title='bbox 951 4005 1007 4057; x_wconf 81' lang='grc' dir='ltr'><strong>ὲν</strong></span> <span class='ocrx_word' id='word_1_326' title='bbox 1047 4002 1211 4056; x_wconf 73' lang='grc' dir='ltr'><strong>παντὶ</strong></span> <span class='ocrx_word' id='word_1_327' title='bbox 1245 3999 1424 4070; x_wconf 84' lang='grc' dir='ltr'><strong>χρόνῳ</strong></span> <span class='ocrx_word' id='word_1_328' title='bbox 1457 3997 1702 4050; x_wconf 76' lang='grc' dir='ltr'><strong>ἑστάναι.</strong></span> <span class='ocrx_word' id='word_1_329' title='bbox 1756 3995 1846 4048; x_wconf 77' lang='grc' dir='ltr'><strong>Διὸ</strong></span> <span class='ocrx_word' id='word_1_330' title='bbox 1893 3993 1988 4046; x_wconf 76' lang='grc' dir='ltr'><strong>καὶ</strong></span> 
     </span>
    </p>
   </div>
   <div class='ocr_carea' id='block_1_40' title="bbox 296 4088 1987 4168">
    <p class='ocr_par' dir='ltr' id='par_1_40' title="bbox 296 4088 1987 4168">
     <span class='ocr_line' id='line_1_40' title="bbox 296 4088 1987 4168; baseline -0.012 -10"><span class='ocrx_word' id='word_1_331' title='bbox 296 4104 478 4167; x_wconf 70' lang='grc' dir='ltr'><strong>οὕτως</strong></span> <span class='ocrx_word' id='word_1_332' title='bbox 513 4099 666 4156; x_wconf 75' lang='grc' dir='ltr'><strong>εἴπεο</strong></span> <span class='ocrx_word' id='word_1_333' title='bbox 700 4100 901 4155; x_wconf 83' lang='grc' dir='ltr'><strong>Καίτοι</strong></span> <span class='ocrx_word' id='word_1_334' title='bbox 937 4113 1002 4168; x_wconf 77' lang='grc' dir='ltr'><strong>τε</strong></span> <span class='ocrx_word' id='word_1_335' title='bbox 1037 4098 1108 4151; x_wconf 82' lang='grc' dir='ltr'><strong>οὐ</strong></span> <span class='ocrx_word' id='word_1_336' title='bbox 1138 4092 1378 4164; x_wconf 82' lang='grc' dir='ltr'><strong>μακρὰν</strong></span> <span class='ocrx_word' id='word_1_337' title='bbox 1407 4091 1525 4147; x_wconf 78' lang='grc' dir='ltr'><strong>ἀπὸ</strong></span> <span class='ocrx_word' id='word_1_338' title='bbox 1553 4091 1692 4154; x_wconf 77' lang='grc' dir='ltr'><strong>ἑνὸς</strong></span> <span class='ocrx_word' id='word_1_339' title='bbox 1723 4088 1987 4143; x_wconf 76' lang='grc' dir='ltr'><strong>ἑκάστου</strong></span> 
     </span>
    </p>
   </div>
   <div class='ocr_carea' id='block_1_41' title="bbox 297 4179 1983 4264">
    <p class='ocr_par' dir='ltr' id='par_1_41' title="bbox 297 4179 1983 4264">
     <span class='ocr_line' id='line_1_41' title="bbox 297 4179 1983 4264; baseline -0.012 -14"><span class='ocrx_word' id='word_1_340' title='bbox 297 4193 473 4264; x_wconf 76' lang='grc' dir='ltr'><strong>ἡμῶν</strong></span> <span class='ocrx_word' id='word_1_341' title='bbox 505 4191 871 4260; x_wconf 78' lang='grc' dir='ltr'><strong>ὑπάρχοντα,</strong></span> <span class='ocrx_word' id='word_1_342' title='bbox 913 4187 1024 4240; x_wconf 85' lang='grc' dir='ltr'><strong>ἀλλ’</strong></span> <span class='ocrx_word' id='word_1_343' title='bbox 1048 4185 1214 4253; x_wconf 75' lang='grc' dir='ltr'><strong>ἐγγὺς</strong></span> <span class='ocrx_word' id='word_1_344' title='bbox 1249 4183 1377 4236; x_wconf 75' lang='grc' dir='ltr'><strong>ὄντα</strong></span> <span class='ocrx_word' id='word_1_345' title='bbox 1408 4183 1592 4235; x_wconf 83' lang='grc' dir='ltr'><strong>πᾶσιν.</strong></span> <span class='ocrx_word' id='word_1_346' title='bbox 1631 4183 1696 4233; x_wconf 87' lang='grc' dir='ltr'><strong>Ὃ</strong></span> <span class='ocrx_word' id='word_1_347' title='bbox 1731 4180 1789 4233; x_wconf 79' lang='grc' dir='ltr'><strong>δὲ</strong></span> <span class='ocrx_word' id='word_1_348' title='bbox 1813 4179 1983 4246; x_wconf 84' lang='grc' dir='ltr'><strong>λέγει,</strong></span> 
     </span>
    </p>
   </div>
   <div class='ocr_carea' id='block_1_42' title="bbox 297 4269 1987 4349">
    <p class='ocr_par' dir='ltr' id='par_1_42' title="bbox 297 4269 1987 4349">
     <span class='ocr_line' id='line_1_42' title="bbox 297 4269 1987 4349; baseline -0.011 -8"><span class='ocrx_word' id='word_1_349' title='bbox 297 4286 460 4341; x_wconf 85' lang='grc' dir='ltr'><strong>τοῦτό</strong></span> <span class='ocrx_word' id='word_1_350' title='bbox 505 4286 652 4336; x_wconf 75' lang='grc' dir='ltr'><strong>ἐστιν</strong></span> <span class='ocrx_word' id='word_1_351' title='bbox 673 4297 686 4310; x_wconf 67' lang='grc' dir='ltr'><strong>ο</strong></span> <span class='ocrx_word' id='word_1_352' title='bbox 721 4281 794 4333; x_wconf 89' lang='grc' dir='ltr'><strong>Οὑ</strong></span> <span class='ocrx_word' id='word_1_353' title='bbox 825 4278 982 4349; x_wconf 88' lang='grc' dir='ltr'><strong>μόνον</strong></span> <span class='ocrx_word' id='word_1_354' title='bbox 1018 4269 1118 4342; x_wconf 81' lang='grc' dir='ltr'><strong>τὴν</strong></span> <span class='ocrx_word' id='word_1_355' title='bbox 1155 4273 1299 4344; x_wconf 78' lang='grc' dir='ltr'><strong>ζωὴν</strong></span> <span class='ocrx_word' id='word_1_356' title='bbox 1333 4272 1499 4325; x_wconf 78' lang='grc' dir='ltr'><strong>ἔδωκε</strong></span> <span class='ocrx_word' id='word_1_357' title='bbox 1533 4272 1626 4324; x_wconf 72' lang='grc' dir='ltr'><strong>καὶ</strong></span> <span class='ocrx_word' id='word_1_358' title='bbox 1659 4270 1757 4342; x_wconf 77' lang='grc' dir='ltr'><strong>τὴν</strong></span> <span class='ocrx_word' id='word_1_359' title='bbox 1818 4270 1987 4342; x_wconf 80' lang='grc' dir='ltr'><strong>πνοὴν</strong></span> 
     </span>
    </p>
   </div>
   <div class='ocr_carea' id='block_1_43' title="bbox 299 4362 1988 4433">
    <p class='ocr_par' dir='ltr' id='par_1_43' title="bbox 299 4362 1988 4433">
     <span class='ocr_line' id='line_1_43' title="bbox 299 4362 1988 4433; baseline -0.013 1"><span class='ocrx_word' id='word_1_360' title='bbox 299 4381 396 4433; x_wconf 66' lang='grc' dir='ltr'><strong>καὶ</strong></span> <span class='ocrx_word' id='word_1_361' title='bbox 447 4376 519 4430; x_wconf 74' lang='grc' dir='ltr'><strong>τὰ</strong></span> <span class='ocrx_word' id='word_1_362' title='bbox 574 4374 786 4428; x_wconf 75' lang='grc' dir='ltr'><strong>πάνταο</strong></span> <span class='ocrx_word' id='word_1_363' title='bbox 846 4367 984 4423; x_wconf 83' lang='grc' dir='ltr'><strong>ἀλλά</strong></span> <span class='ocrx_word' id='word_1_364' title='bbox 1036 4367 1133 4421; x_wconf 70' lang='grc' dir='ltr'><strong>καὶ</strong></span> <span class='ocrx_word' id='word_1_365' title='bbox 1187 4365 1248 4419; x_wconf 84' lang='grc' dir='ltr'><strong>τὸ</strong></span> <span class='ocrx_word' id='word_1_366' title='bbox 1279 4362 1572 4432; x_wconf 82' lang='grc' dir='ltr'><strong>κεφάλαιον</strong></span> <span class='ocrx_word' id='word_1_367' title='bbox 1600 4363 1878 4426; x_wconf 84' lang='grc' dir='ltr'><strong>ἁπάντων,</strong></span> <span class='ocrx_word' id='word_1_368' title='bbox 1909 4363 1988 4422; x_wconf 85' lang='grc' dir='ltr'><strong>εἰς</strong></span> 
     </span>
    </p>
   </div>
   <div class='ocr_carea' id='block_1_44' title="bbox 296 4451 1986 4540">
    <p class='ocr_par' dir='ltr' id='par_1_44' title="bbox 296 4451 1986 4540">
     <span class='ocr_line' id='line_1_44' title="bbox 296 4451 1986 4540; baseline -0.011 -16"><span class='ocrx_word' id='word_1_369' title='bbox 296 4471 506 4540; x_wconf 76' lang='grc' dir='ltr'><strong>γνῶσιν</strong></span> <span class='ocrx_word' id='word_1_370' title='bbox 538 4468 744 4538; x_wconf 73' lang='grc' dir='ltr'><strong>ἤγαγεν</strong></span> <span class='ocrx_word' id='word_1_371' title='bbox 785 4462 971 4525; x_wconf 88' lang='grc' dir='ltr'><strong>αὑτοῦ,</strong></span> <span class='ocrx_word' id='word_1_372' title='bbox 1011 4460 1135 4522; x_wconf 82' lang='grc' dir='ltr'><strong>δοὺς</strong></span> <span class='ocrx_word' id='word_1_373' title='bbox 1160 4458 1355 4522; x_wconf 90' lang='grc' dir='ltr'><strong>ταῦτα,</strong></span> <span class='ocrx_word' id='word_1_374' title='bbox 1388 4457 1454 4510; x_wconf 85' lang='grc' dir='ltr'><strong>δι’</strong></span> <span class='ocrx_word' id='word_1_375' title='bbox 1481 4451 1556 4511; x_wconf 82' lang='grc' dir='ltr'><strong>ὧν</strong></span> <span class='ocrx_word' id='word_1_376' title='bbox 1585 4453 1864 4524; x_wconf 84' lang='grc' dir='ltr'><strong>δυνάμεθα</strong></span> <span class='ocrx_word' id='word_1_377' title='bbox 1893 4454 1986 4506; x_wconf 87' lang='grc' dir='ltr'><strong>εὑ-</strong></span> 
     </span>
    </p>
   </div>
   <div class='ocr_carea' id='block_1_45' title="bbox 303 4545 1988 4633">
    <p class='ocr_par' dir='ltr' id='par_1_45' title="bbox 303 4545 1988 4633">
     <span class='ocr_line' id='line_1_45' title="bbox 303 4545 1988 4633; baseline -0.012 -16"><span class='ocrx_word' id='word_1_378' title='bbox 303 4568 419 4633; x_wconf 84' lang='grc' dir='ltr'><strong>ρεῖν</strong></span> <span class='ocrx_word' id='word_1_379' title='bbox 450 4560 616 4616; x_wconf 77' lang='grc' dir='ltr'><strong>αὑτὸν</strong></span> <span class='ocrx_word' id='word_1_380' title='bbox 641 4557 736 4612; x_wconf 71' lang='grc' dir='ltr'><strong>καὶ</strong></span> <span class='ocrx_word' id='word_1_381' title='bbox 761 4553 1107 4611; x_wconf 79' lang='grc' dir='ltr'><strong>καταλαϐεῖν.</strong></span> <span class='ocrx_word' id='word_1_382' title='bbox 1142 4550 1280 4604; x_wconf 85' lang='grc' dir='ltr'><strong>Ἀλλ’</strong></span> <span class='ocrx_word' id='word_1_383' title='bbox 1314 4549 1414 4602; x_wconf 86' lang='grc' dir='ltr'><strong>οὑκ</strong></span> <span class='ocrx_word' id='word_1_384' title='bbox 1442 4547 1788 4618; x_wconf 67' lang='grc' dir='ltr'><strong>ἠθελήσαμεν</strong></span> <span class='ocrx_word' id='word_1_385' title='bbox 1821 4545 1988 4616; x_wconf 82' lang='grc' dir='ltr'><strong>ζητῆ-</strong></span> 
     </span>
    </p>
   </div>
   <div class='ocr_carea' id='block_1_46' title="bbox 304 4637 1986 4723">
    <p class='ocr_par' dir='ltr' id='par_1_46' title="bbox 304 4637 1986 4723">
     <span class='ocr_line' id='line_1_46' title="bbox 304 4637 1986 4723; baseline -0.011 -15"><span class='ocrx_word' id='word_1_386' title='bbox 304 4673 418 4722; x_wconf 80' lang='grc' dir='ltr'><strong>σαι,</strong></span> <span class='ocrx_word' id='word_1_387' title='bbox 455 4653 638 4708; x_wconf 88' lang='grc' dir='ltr'><strong>καίτοι</strong></span> <span class='ocrx_word' id='word_1_388' title='bbox 676 4649 780 4723; x_wconf 76' lang='grc' dir='ltr'><strong>πρὸ</strong></span> <span class='ocrx_word' id='word_1_389' title='bbox 827 4647 1002 4702; x_wconf 81' lang='grc' dir='ltr'><strong>ποδῶν</strong></span> <span class='ocrx_word' id='word_1_390' title='bbox 1039 4645 1190 4700; x_wconf 75' lang='grc' dir='ltr'><strong>ὄντα.</strong></span> <span class='ocrx_word' id='word_1_391' title='bbox 1235 4643 1318 4696; x_wconf 85' lang='grc' dir='ltr'><strong>Οὐ</strong></span> <span class='ocrx_word' id='word_1_392' title='bbox 1362 4640 1619 4710; x_wconf 78' lang='grc' dir='ltr'><strong>μακρὰν,</strong></span> <span class='ocrx_word' id='word_1_393' title='bbox 1655 4638 1838 4708; x_wconf 73' lang='grc' dir='ltr'><strong>φησὶν,</strong></span> <span class='ocrx_word' id='word_1_394' title='bbox 1866 4637 1986 4691; x_wconf 78' lang='grc' dir='ltr'><strong>ἀπὸ</strong></span> 
     </span>
    </p>
   </div>
   <div class='ocr_carea' id='block_1_47' title="bbox 305 4732 1988 4814">
    <p class='ocr_par' dir='ltr' id='par_1_47' title="bbox 305 4732 1988 4814">
     <span class='ocr_line' id='line_1_47' title="bbox 305 4732 1988 4814; baseline -0.01 -14"><span class='ocrx_word' id='word_1_395' title='bbox 305 4749 445 4814; x_wconf 79' lang='grc' dir='ltr'><strong>ἑνὸς</strong></span> <span class='ocrx_word' id='word_1_396' title='bbox 475 4745 740 4800; x_wconf 78' lang='grc' dir='ltr'><strong>ἑκάστου</strong></span> <span class='ocrx_word' id='word_1_397' title='bbox 768 4741 935 4812; x_wconf 78' lang='grc' dir='ltr'><strong>ἡμῶν</strong></span> <span class='ocrx_word' id='word_1_398' title='bbox 959 4738 1327 4808; x_wconf 79' lang='grc' dir='ltr'><strong>ὑπάρχοντα.</strong></span> <span class='ocrx_word' id='word_1_399' title='bbox 1382 4733 1588 4788; x_wconf 77' lang='grc' dir='ltr'><strong>Βαὸαίῑ</strong></span> <span class='ocrx_word' id='word_1_400' title='bbox 1632 4733 1796 4786; x_wconf 80' lang='grc' dir='ltr'><strong>πᾶσιν</strong></span> <span class='ocrx_word' id='word_1_401' title='bbox 1821 4732 1988 4799; x_wconf 78' lang='grc' dir='ltr'><strong>ἐγγὺς</strong></span> 
     </span>
    </p>
   </div>
   <div class='ocr_carea' id='block_1_48' title="bbox 310 4822 1986 4907">
    <p class='ocr_par' dir='ltr' id='par_1_48' title="bbox 310 4822 1986 4907">
     <span class='ocr_line' id='line_1_48' title="bbox 310 4822 1986 4907; baseline -0.012 -13"><span class='ocrx_word' id='word_1_402' title='bbox 310 4837 452 4894; x_wconf 81' lang='grc' dir='ltr'><strong>εἶναι</strong></span> <span class='ocrx_word' id='word_1_403' title='bbox 471 4839 618 4907; x_wconf 80' lang='grc' dir='ltr'><strong>λέγει</strong></span> <span class='ocrx_word' id='word_1_404' title='bbox 642 4839 753 4900; x_wconf 86' lang='grc' dir='ltr'><strong>τοῖς</strong></span> <span class='ocrx_word' id='word_1_405' title='bbox 780 4831 1057 4904; x_wconf 76' lang='grc' dir='ltr'><strong>πανταχοῦ</strong></span> <span class='ocrx_word' id='word_1_406' title='bbox 1081 4831 1182 4902; x_wconf 80' lang='grc' dir='ltr'><strong>τῆς</strong></span> <span class='ocrx_word' id='word_1_407' title='bbox 1195 4827 1519 4899; x_wconf 71' lang='grc' dir='ltr'><strong>οἰκουμένης</strong></span> <span class='ocrx_word' id='word_1_408' title='bbox 1541 4822 1681 4880; x_wconf 83' lang='grc' dir='ltr'><strong>οῦσι.</strong></span> <span class='ocrx_word' id='word_1_409' title='bbox 1711 4823 1775 4876; x_wconf 91' lang='grc' dir='ltr'><strong>Τί</strong></span> <span class='ocrx_word' id='word_1_410' title='bbox 1794 4823 1986 4876; x_wconf 87' lang='grc' dir='ltr'><strong>τούτου</strong></span> 
     </span>
    </p>
   </div>
   <div class='ocr_carea' id='block_1_49' title="bbox 317 4914 1989 5001">
    <p class='ocr_par' dir='ltr' id='par_1_49' title="bbox 317 4914 1989 5001">
     <span class='ocr_line' id='line_1_49' title="bbox 317 4914 1989 5001; baseline -0.01 -18"><span class='ocrx_word' id='word_1_411' title='bbox 317 4930 539 5001; x_wconf 80' lang='grc' dir='ltr'><strong>μεῖζον;</strong></span> <span class='ocrx_word' id='word_1_412' title='bbox 571 4929 715 4999; x_wconf 87' lang='grc' dir='ltr'><strong>Ὀρα</strong></span> <span class='ocrx_word' id='word_1_413' title='bbox 747 4925 864 4989; x_wconf 87' lang='grc' dir='ltr'><strong>πῶς</strong></span> <span class='ocrx_word' id='word_1_414' title='bbox 893 4925 986 4978; x_wconf 72' lang='grc' dir='ltr'><strong>καὶ</strong></span> <span class='ocrx_word' id='word_1_415' title='bbox 1011 4923 1268 4992; x_wconf 88' lang='grc' dir='ltr'><strong>καθαιρεῖ</strong></span> <span class='ocrx_word' id='word_1_416' title='bbox 1299 4919 1424 4983; x_wconf 78' lang='grc' dir='ltr'><strong>τοὺς</strong></span> <span class='ocrx_word' id='word_1_417' title='bbox 1447 4916 1726 4990; x_wconf 89' lang='grc' dir='ltr'><strong>μερικούς.</strong></span> <span class='ocrx_word' id='word_1_418' title='bbox 1749 4915 1815 4970; x_wconf 86' lang='grc' dir='ltr'><strong>Τί</strong></span> <span class='ocrx_word' id='word_1_419' title='bbox 1845 4914 1989 4983; x_wconf 82' lang='grc' dir='ltr'><strong>λέγω</strong></span> 
     </span>
    </p>
   </div>
   <div class='ocr_carea' id='block_1_50' title="bbox 317 5007 1986 5094">
    <p class='ocr_par' dir='ltr' id='par_1_50' title="bbox 317 5007 1986 5094">
     <span class='ocr_line' id='line_1_50' title="bbox 317 5007 1986 5094; baseline -0.008 -18"><span class='ocrx_word' id='word_1_420' title='bbox 317 5021 573 5094; x_wconf 84' lang='grc' dir='ltr'><strong>μακράν;</strong></span> <span class='ocrx_word' id='word_1_421' title='bbox 605 5019 785 5084; x_wconf 85' lang='grc' dir='ltr'><strong>υῦτως</strong></span> <span class='ocrx_word' id='word_1_422' title='bbox 816 5017 982 5087; x_wconf 74' lang='grc' dir='ltr'><strong>ἐγγύς</strong></span> <span class='ocrx_word' id='word_1_423' title='bbox 1027 5018 1198 5080; x_wconf 78' lang='grc' dir='ltr'><strong>ἐστιν,</strong></span> <span class='ocrx_word' id='word_1_424' title='bbox 1227 5014 1302 5076; x_wconf 88' lang='grc' dir='ltr'><strong>ὼς</strong></span> <span class='ocrx_word' id='word_1_425' title='bbox 1351 5011 1521 5083; x_wconf 70' lang='grc' dir='ltr'><strong>χωρὶς</strong></span> <span class='ocrx_word' id='word_1_426' title='bbox 1563 5008 1730 5064; x_wconf 89' lang='grc' dir='ltr'><strong>αὑτοῦ</strong></span> <span class='ocrx_word' id='word_1_427' title='bbox 1761 5009 1834 5079; x_wconf 85' lang='grc' dir='ltr'><strong>μὴ</strong></span> <span class='ocrx_word' id='word_1_428' title='bbox 1866 5007 1986 5078; x_wconf 81' lang='grc' dir='ltr'><strong>ζῇν.</strong></span> 
     </span>
    </p>
   </div>
   <div class='ocr_carea' id='block_1_51' title="bbox 325 5100 1990 5184">
    <p class='ocr_par' dir='ltr' id='par_1_51' title="bbox 325 5100 1990 5184">
     <span class='ocr_line' id='line_1_51' title="bbox 325 5100 1990 5184; baseline -0.011 -14"><span class='ocrx_word' id='word_1_429' title='bbox 325 5117 434 5170; x_wconf 82' lang='grc' dir='ltr'><strong>Ἕν</strong></span> <span class='ocrx_word' id='word_1_430' title='bbox 465 5111 620 5179; x_wconf 83' lang='grc' dir='ltr'><strong>αὑτῷ</strong></span> <span class='ocrx_word' id='word_1_431' title='bbox 645 5113 755 5184; x_wconf 73' lang='grc' dir='ltr'><strong>γὰρ</strong></span> <span class='ocrx_word' id='word_1_432' title='bbox 783 5109 967 5180; x_wconf 81' lang='grc' dir='ltr'><strong>ζῶμεν</strong></span> <span class='ocrx_word' id='word_1_433' title='bbox 1015 5107 1113 5161; x_wconf 77' lang='grc' dir='ltr'><strong>καί</strong></span> <span class='ocrx_word' id='word_1_434' title='bbox 1153 5105 1475 5174; x_wconf 82' lang='grc' dir='ltr'><strong>κινούμεθα</strong></span> <span class='ocrx_word' id='word_1_435' title='bbox 1529 5102 1628 5157; x_wconf 82' lang='grc' dir='ltr'><strong>καὶ</strong></span> <span class='ocrx_word' id='word_1_436' title='bbox 1657 5100 1864 5171; x_wconf 80' lang='grc' dir='ltr'><strong>ἐσμέν.</strong></span> <span class='ocrx_word' id='word_1_437' title='bbox 1903 5101 1990 5163; x_wconf 81' lang='grc' dir='ltr'><strong>Ὠς</strong></span> 
     </span>
    </p>
   </div>
   <div class='ocr_carea' id='block_1_52' title="bbox 305 5193 1991 5275">
    <p class='ocr_par' dir='ltr' id='par_1_52' title="bbox 305 5193 1991 5275">
     <span class='ocr_line' id='line_1_52' title="bbox 305 5193 1991 5275; baseline -0.011 -14"><span class='ocrx_word' id='word_1_438' title='bbox 305 5208 368 5261; x_wconf 74' lang='grc' dir='ltr'><strong>ἐν</strong></span> <span class='ocrx_word' id='word_1_439' title='bbox 402 5203 700 5275; x_wconf 79' lang='grc' dir='ltr'><strong>σωματικῷ</strong></span> <span class='ocrx_word' id='word_1_440' title='bbox 745 5200 1103 5271; x_wconf 76' lang='grc' dir='ltr'><strong>ὑποδείγματι</strong></span> <span class='ocrx_word' id='word_1_441' title='bbox 1141 5197 1169 5238; x_wconf 72' lang='grc' dir='ltr'><strong>ι)</strong></span> <span class='ocrx_word' id='word_1_442' title='bbox 1207 5195 1446 5250; x_wconf 85' lang='grc' dir='ltr'><strong>τοιοῦτόν</strong></span> <span class='ocrx_word' id='word_1_443' title='bbox 1473 5213 1527 5248; x_wconf 90' lang='grc' dir='ltr'><strong>τι</strong></span> <span class='ocrx_word' id='word_1_444' title='bbox 1549 5195 1732 5262; x_wconf 78' lang='grc' dir='ltr'><strong>λέγει’</strong></span> <span class='ocrx_word' id='word_1_445' title='bbox 1780 5193 1991 5262; x_wconf 84' lang='grc' dir='ltr'><strong>’Ὠσπερ</strong></span> 
     </span>
    </p>
   </div>
   <div class='ocr_carea' id='block_1_53' title="bbox 301 5284 1992 5364">
    <p class='ocr_par' dir='ltr' id='par_1_53' title="bbox 301 5284 1992 5364">
     <span class='ocr_line' id='line_1_53' title="bbox 301 5284 1992 5364; baseline -0.011 -12"><span class='ocrx_word' id='word_1_446' title='bbox 301 5298 570 5354; x_wconf 85' lang='grc' dir='ltr'><strong>ἀδύνατον</strong></span> <span class='ocrx_word' id='word_1_447' title='bbox 613 5294 877 5364; x_wconf 79' lang='grc' dir='ltr'><strong>ἀγνοῆσαι</strong></span> <span class='ocrx_word' id='word_1_448' title='bbox 921 5292 1014 5344; x_wconf 83' lang='grc' dir='ltr'><strong>τδν</strong></span> <span class='ocrx_word' id='word_1_449' title='bbox 1063 5289 1200 5360; x_wconf 84' lang='grc' dir='ltr'><strong>ἀέρα</strong></span> <span class='ocrx_word' id='word_1_450' title='bbox 1230 5285 1505 5357; x_wconf 82' lang='grc' dir='ltr'><strong>πανταχοῦ</strong></span> <span class='ocrx_word' id='word_1_451' title='bbox 1535 5284 1855 5356; x_wconf 83' lang='grc' dir='ltr'><strong>κεχυμένον,</strong></span> <span class='ocrx_word' id='word_1_452' title='bbox 1896 5284 1992 5337; x_wconf 77' lang='grc' dir='ltr'><strong>καὶ</strong></span> 
     </span>
    </p>
   </div>
   <div class='ocr_carea' id='block_1_54' title="bbox 303 5375 1992 5460">
    <p class='ocr_par' dir='ltr' id='par_1_54' title="bbox 303 5375 1992 5460">
     <span class='ocr_line' id='line_1_54' title="bbox 303 5375 1992 5460; baseline -0.01 -15"><span class='ocrx_word' id='word_1_453' title='bbox 303 5393 364 5445; x_wconf 73' lang='grc' dir='ltr'><strong>οὑ</strong></span> <span class='ocrx_word' id='word_1_454' title='bbox 403 5387 630 5460; x_wconf 83' lang='grc' dir='ltr'><strong>μακρὰν</strong></span> <span class='ocrx_word' id='word_1_455' title='bbox 656 5387 748 5455; x_wconf 74' lang='grc' dir='ltr'><strong>ἀφ’</strong></span> <span class='ocrx_word' id='word_1_456' title='bbox 776 5384 892 5448; x_wconf 77' lang='grc' dir='ltr'><strong>ἑνὸς</strong></span> <span class='ocrx_word' id='word_1_457' title='bbox 920 5382 1151 5437; x_wconf 80' lang='grc' dir='ltr'><strong>ἑκάστου</strong></span> <span class='ocrx_word' id='word_1_458' title='bbox 1207 5379 1366 5451; x_wconf 79' lang='grc' dir='ltr'><strong>ἡμῶν</strong></span> <span class='ocrx_word' id='word_1_459' title='bbox 1415 5377 1752 5450; x_wconf 88' lang='grc' dir='ltr'><strong>ὑπάρχοντα,</strong></span> <span class='ocrx_word' id='word_1_460' title='bbox 1792 5375 1992 5447; x_wconf 82' lang='grc' dir='ltr'><strong>μᾶλλον</strong></span> 
     </span>
    </p>
   </div>
   <div class='ocr_carea' id='block_1_55' title="bbox 304 5470 1992 5554">
    <p class='ocr_par' dir='ltr' id='par_1_55' title="bbox 304 5470 1992 5554">
     <span class='ocr_line' id='line_1_55' title="bbox 304 5470 1992 5554; baseline -0.01 -15"><span class='ocrx_word' id='word_1_461' title='bbox 304 5486 361 5539; x_wconf 81' lang='grc' dir='ltr'><strong>δὲ</strong></span> <span class='ocrx_word' id='word_1_462' title='bbox 390 5483 487 5538; x_wconf 80' lang='grc' dir='ltr'><strong>καὶ</strong></span> <span class='ocrx_word' id='word_1_463' title='bbox 508 5485 566 5537; x_wconf 81' lang='grc' dir='ltr'><strong>ὲν</strong></span> <span class='ocrx_word' id='word_1_464' title='bbox 593 5483 729 5554; x_wconf 79' lang='grc' dir='ltr'><strong>ἡμῖν</strong></span> <span class='ocrx_word' id='word_1_465' title='bbox 758 5480 889 5533; x_wconf 74' lang='grc' dir='ltr'><strong>ὄντα</strong></span> <span class='ocrx_word' id='word_1_466' title='bbox 908 5494 921 5508; x_wconf 90' lang='grc'><strong>·</strong></span> <span class='ocrx_word' id='word_1_467' title='bbox 948 5475 1094 5530; x_wconf 77' lang='grc' dir='ltr'><strong>οὑτω</strong></span> <span class='ocrx_word' id='word_1_468' title='bbox 1120 5475 1185 5545; x_wconf 82' lang='grc' dir='ltr'><strong>δὴ</strong></span> <span class='ocrx_word' id='word_1_469' title='bbox 1210 5474 1305 5527; x_wconf 74' lang='grc' dir='ltr'><strong>καὶ</strong></span> <span class='ocrx_word' id='word_1_470' title='bbox 1328 5472 1419 5526; x_wconf 83' lang='grc' dir='ltr'><strong>τὸν</strong></span> <span class='ocrx_word' id='word_1_471' title='bbox 1439 5471 1548 5525; x_wconf 89' lang='grc' dir='ltr'><strong>τῶν</strong></span> <span class='ocrx_word' id='word_1_472' title='bbox 1572 5471 1710 5526; x_wconf 82' lang='grc' dir='ltr'><strong>ὅλων</strong></span> <span class='ocrx_word' id='word_1_473' title='bbox 1731 5470 1992 5541; x_wconf 79' lang='grc' dir='ltr'><strong>δημιουρ-</strong></span> 
     </span>
    </p>
   </div>
   <div class='ocr_carea' id='block_1_56' title="bbox 305 5561 1995 5647">
    <p class='ocr_par' dir='ltr' id='par_1_56' title="bbox 305 5561 1995 5647">
     <span class='ocr_line' id='line_1_56' title="bbox 305 5561 1995 5647; baseline -0.009 -16"><span class='ocrx_word' id='word_1_474' title='bbox 305 5577 422 5646; x_wconf 90' lang='grc' dir='ltr'><strong>γόν.</strong></span> <span class='ocrx_word' id='word_1_475' title='bbox 469 5579 616 5647; x_wconf 87' lang='grc' dir='ltr'><strong>Ὅρα</strong></span> <span class='ocrx_word' id='word_1_476' title='bbox 657 5573 778 5637; x_wconf 86' lang='grc' dir='ltr'><strong>πῶς</strong></span> <span class='ocrx_word' id='word_1_477' title='bbox 800 5574 978 5628; x_wconf 85' lang='grc' dir='ltr'><strong>πάντα</strong></span> <span class='ocrx_word' id='word_1_478' title='bbox 1015 5569 1180 5623; x_wconf 86' lang='grc' dir='ltr'><strong>αὑτοῦ</strong></span> <span class='ocrx_word' id='word_1_479' title='bbox 1205 5566 1356 5636; x_wconf 87' lang='grc' dir='ltr'><strong>λέγει</strong></span> <span class='ocrx_word' id='word_1_480' title='bbox 1389 5561 1559 5618; x_wconf 81' lang='grc' dir='ltr'><strong>εἶναι’</strong></span> <span class='ocrx_word' id='word_1_481' title='bbox 1611 5563 1710 5635; x_wconf 77' lang='grc' dir='ltr'><strong>τὴν</strong></span> <span class='ocrx_word' id='word_1_482' title='bbox 1741 5563 1995 5633; x_wconf 87' lang='grc' dir='ltr'><strong>πρόνοιαν</strong></span> 
     </span>
    </p>
   </div>
   <div class='ocr_carea' id='block_1_57' title="bbox 307 5655 1994 5739">
    <p class='ocr_par' dir='ltr' id='par_1_57' title="bbox 307 5655 1994 5739">
     <span class='ocr_line' id='line_1_57' title="bbox 307 5655 1994 5739; baseline -0.009 -16"><span class='ocrx_word' id='word_1_483' title='bbox 307 5668 502 5735; x_wconf 88' lang='grc' dir='ltr'><strong>αὑτοῦ,</strong></span> <span class='ocrx_word' id='word_1_484' title='bbox 532 5668 688 5739; x_wconf 68' lang='grc' dir='ltr'><strong>φησι,</strong></span> <span class='ocrx_word' id='word_1_485' title='bbox 718 5665 814 5719; x_wconf 53' lang='grc' dir='ltr'><strong>καί⁸</strong></span> <span class='ocrx_word' id='word_1_486' title='bbox 842 5666 939 5734; x_wconf 76' lang='grc' dir='ltr'><strong>τὴν</strong></span> <span class='ocrx_word' id='word_1_487' title='bbox 962 5661 1358 5733; x_wconf 74' lang='grc' dir='ltr'><strong>συγκράτησιν,</strong></span> <span class='ocrx_word' id='word_1_488' title='bbox 1385 5659 1446 5714; x_wconf 79' lang='grc' dir='ltr'><strong>τὸ</strong></span> <span class='ocrx_word' id='word_1_489' title='bbox 1470 5655 1609 5712; x_wconf 81' lang='grc' dir='ltr'><strong>εἶναι</strong></span> <span class='ocrx_word' id='word_1_490' title='bbox 1643 5656 1776 5726; x_wconf 81' lang='grc' dir='ltr'><strong>παρ’</strong></span> <span class='ocrx_word' id='word_1_491' title='bbox 1806 5655 1994 5717; x_wconf 85' lang='grc' dir='ltr'><strong>αὑτοῦ,</strong></span> 
     </span>
    </p>
   </div>
   <div class='ocr_carea' id='block_1_58' title="bbox 310 5746 1995 5832">
    <p class='ocr_par' dir='ltr' id='par_1_58' title="bbox 310 5746 1995 5832">
     <span class='ocr_line' id='line_1_58' title="bbox 310 5746 1995 5832; baseline -0.008 -19"><span class='ocrx_word' id='word_1_492' title='bbox 310 5761 369 5814; x_wconf 83' lang='grc' dir='ltr'><strong>τὸ</strong></span> <span class='ocrx_word' id='word_1_493' title='bbox 398 5763 666 5832; x_wconf 82' lang='grc' dir='ltr'><strong>ἐνεργεῖν,</strong></span> <span class='ocrx_word' id='word_1_494' title='bbox 692 5758 753 5810; x_wconf 75' lang='grc' dir='ltr'><strong>τὸ</strong></span> <span class='ocrx_word' id='word_1_495' title='bbox 795 5756 869 5826; x_wconf 78' lang='grc' dir='ltr'><strong>μὴ</strong></span> <span class='ocrx_word' id='word_1_496' title='bbox 907 5754 1224 5810; x_wconf 85' lang='grc' dir='ltr'><strong>ἀπολέσθαι.</strong></span> <span class='ocrx_word' id='word_1_497' title='bbox 1266 5753 1373 5806; x_wconf 73' lang='grc' dir='ltr'><strong>Καὶ</strong></span> <span class='ocrx_word' id='word_1_498' title='bbox 1393 5752 1492 5806; x_wconf 85' lang='grc' dir='ltr'><strong>οὑκ</strong></span> <span class='ocrx_word' id='word_1_499' title='bbox 1517 5747 1657 5814; x_wconf 75' lang='grc' dir='ltr'><strong>εἷπε,</strong></span> <span class='ocrx_word' id='word_1_500' title='bbox 1698 5751 1774 5802; x_wconf 81' lang='grc' dir='ltr'><strong>Δι’</strong></span> <span class='ocrx_word' id='word_1_501' title='bbox 1810 5746 1995 5809; x_wconf 79' lang='grc' dir='ltr'><strong>αὑτοῦ,</strong></span> 
     </span>
    </p>
   </div>
   <div class='ocr_carea' id='block_1_59' title="bbox 375 5960 2000 6030">
    <p class='ocr_par' dir='ltr' id='par_1_59' title="bbox 375 5960 2000 6030">
     <span class='ocr_line' id='line_1_59' title="bbox 375 5960 2000 6030; baseline -0.006 -12"><span class='ocrx_word' id='word_1_502' title='bbox 375 5971 392 5992; x_wconf 87' lang='grc'><strong>⁸</strong></span> <span class='ocrx_word' id='word_1_503' title='bbox 419 5969 578 6018; x_wconf 71' lang='lat' dir='ltr'><strong>Verba</strong></span> <span class='ocrx_word' id='word_1_504' title='bbox 625 5970 683 6017; x_wconf 76' lang='grc' dir='ltr'>Εἰ</span> <span class='ocrx_word' id='word_1_505' title='bbox 733 5985 792 6030; x_wconf 57' lang='grc' dir='ltr'><strong>γε,</strong></span> <span class='ocrx_word' id='word_1_506' title='bbox 828 5969 1088 6030; x_wconf 75' lang='grc' dir='ltr'><strong>ἠϐούλοντο</strong></span> <span class='ocrx_word' id='word_1_507' title='bbox 1133 5965 1330 6027; x_wconf 79' lang='lat' dir='ltr'><strong>quidam</strong></span> <span class='ocrx_word' id='word_1_508' title='bbox 1376 5978 1470 6014; x_wconf 86' lang='lat' dir='ltr'><strong>non</strong></span> <span class='ocrx_word' id='word_1_509' title='bbox 1518 5962 1712 6014; x_wconf 76' lang='lat' dir='ltr'><strong>habent.</strong></span> <span class='ocrx_word' id='word_1_510' title='bbox 1798 5960 1828 6012; x_wconf 68' lang='grc' dir='ltr'><strong>ὲ)</strong></span> <span class='ocrx_word' id='word_1_511' title='bbox 1857 5960 2000 6012; x_wconf 76' lang='lat' dir='ltr'><strong>Alius</strong></span> 
     </span>
    </p>
   </div>
   <div class='ocr_carea' id='block_1_60' title="bbox 317 6029 1250 6097">
    <p class='ocr_par' dir='ltr' id='par_1_60' title="bbox 317 6029 1250 6097">
     <span class='ocr_line' id='line_1_60' title="bbox 317 6029 1250 6097; baseline -0.006 -18"><span class='ocrx_word' id='word_1_512' title='bbox 317 6036 478 6097; x_wconf 68' lang='grc' dir='ltr'><strong>ῶσπερ</strong></span> <span class='ocrx_word' id='word_1_513' title='bbox 504 6033 552 6079; x_wconf 83' lang='grc' dir='ltr'><strong>ἐν</strong></span> <span class='ocrx_word' id='word_1_514' title='bbox 580 6033 786 6094; x_wconf 71' lang='grc' dir='ltr'><strong>σώματι,</strong></span> <span class='ocrx_word' id='word_1_515' title='bbox 813 6031 889 6078; x_wconf 81' lang='grc' dir='ltr'><strong>καί</strong></span> <span class='ocrx_word' id='word_1_516' title='bbox 925 6029 1250 6088; x_wconf 65' lang='grc' dir='ltr'><strong>ὑποδείγματι.</strong></span> 
     </span>
    </p>
   </div>
   <div class='ocr_carea' id='block_1_61' title="bbox 3652 388 3758 439">
    <p class='ocr_par' dir='ltr' id='par_1_61' title="bbox 3652 388 3758 439">
     <span class='ocr_line' id='line_1_61' title="bbox 3652 388 3758 439; baseline 0.009 -1"><span class='ocrx_word' id='word_1_517' title='bbox 3652 388 3758 439; x_wconf 63' lang='lat'><strong>2272</strong></span> 
     </span>
    </p>
   </div>
   <div class='ocr_carea' id='block_1_62' title="bbox 2077 491 3763 570">
    <p class='ocr_par' dir='ltr' id='par_1_62' title="bbox 2077 491 3763 570">
     <span class='ocr_line' id='line_1_62' title="bbox 2077 491 3763 570; baseline 0.007 -25"><span class='ocrx_word' id='word_1_518' title='bbox 2077 491 2190 546; x_wconf 82' lang='grc' dir='ltr'><strong>ἀλλ’</strong></span> <span class='ocrx_word' id='word_1_519' title='bbox 2213 493 2241 545; x_wconf 79' lang='grc' dir='ltr'><strong>ὃ</strong></span> <span class='ocrx_word' id='word_1_520' title='bbox 2263 493 2556 566; x_wconf 79' lang='grc' dir='ltr'><strong>ἐγγύτερον</strong></span> <span class='ocrx_word' id='word_1_521' title='bbox 2584 491 2673 566; x_wconf 73' lang='grc' dir='ltr'><strong>ἦν,</strong></span> <span class='ocrx_word' id='word_1_522' title='bbox 2708 497 2806 550; x_wconf 86' lang='grc' dir='ltr'><strong>Ἐν</strong></span> <span class='ocrx_word' id='word_1_523' title='bbox 2823 495 3003 563; x_wconf 83' lang='grc' dir='ltr'><strong>αὐτῷ.</strong></span> <span class='ocrx_word' id='word_1_524' title='bbox 3030 499 3196 552; x_wconf 86' lang='grc' dir='ltr'><strong>υὺδὲν</strong></span> <span class='ocrx_word' id='word_1_525' title='bbox 3229 500 3340 556; x_wconf 76' lang='grc' dir='ltr'><strong>ἴσον</strong></span> <span class='ocrx_word' id='word_1_526' title='bbox 3363 499 3514 556; x_wconf 80' lang='grc' dir='ltr'><strong>εἶπεν</strong></span> <span class='ocrx_word' id='word_1_527' title='bbox 3543 497 3572 548; x_wconf 82' lang='grc' dir='ltr'>ὁ</span> <span class='ocrx_word' id='word_1_528' title='bbox 3603 515 3763 570; x_wconf 73' lang='grc' dir='ltr'><strong>ποιη-</strong></span> 
     </span>
    </p>
   </div>
   <div class='ocr_carea' id='block_1_63' title="bbox 2077 588 3756 666">
    <p class='ocr_par' dir='ltr' id='par_1_63' title="bbox 2077 588 3756 666">
     <span class='ocr_line' id='line_1_63' title="bbox 2077 588 3756 666; baseline 0.004 -26"><span class='ocrx_word' id='word_1_529' title='bbox 2077 588 2174 658; x_wconf 74' lang='grc' dir='ltr'><strong>τὴς</strong></span> <span class='ocrx_word' id='word_1_530' title='bbox 2218 591 2442 653; x_wconf 75' lang='grc' dir='ltr'><strong>ἐκεῖνος,</strong></span> <span class='ocrx_word' id='word_1_531' title='bbox 2482 589 2592 643; x_wconf 86' lang='grc' dir='ltr'><strong>Τοῦ</strong></span> <span class='ocrx_word' id='word_1_532' title='bbox 2628 589 2738 659; x_wconf 79' lang='grc' dir='ltr'><strong>γὰρ</strong></span> <span class='ocrx_word' id='word_1_533' title='bbox 2765 589 2861 642; x_wconf 81' lang='grc' dir='ltr'><strong>καί</strong></span> <span class='ocrx_word' id='word_1_534' title='bbox 2898 590 3104 660; x_wconf 76' lang='grc' dir='ltr'><strong>γένος,</strong></span> <span class='ocrx_word' id='word_1_535' title='bbox 3152 593 3350 661; x_wconf 87' lang='grc' dir='ltr'><strong>εἰπὼν,</strong></span> <span class='ocrx_word' id='word_1_536' title='bbox 3383 596 3605 666; x_wconf 79' lang='grc' dir='ltr'><strong>ἐσμέν·</strong></span> <span class='ocrx_word' id='word_1_537' title='bbox 3641 600 3756 652; x_wconf 62' lang='grc' dir='ltr'><strong>ἀλλ’</strong></span> 
     </span>
    </p>
   </div>
   <div class='ocr_carea' id='block_1_64' title="bbox 2079 677 3754 772">
    <p class='ocr_par' dir='ltr' id='par_1_64' title="bbox 2079 677 3754 772">
     <span class='ocr_line' id='line_1_64' title="bbox 2079 677 3754 772; baseline 0.008 -42"><span class='ocrx_word' id='word_1_538' title='bbox 2079 680 2282 772; x_wconf 57' lang='grc' dir='ltr'><strong>ἐκεῖνος</strong></span> <span class='ocrx_word' id='word_1_539' title='bbox 2309 678 2412 772; x_wconf 66' lang='grc' dir='ltr'><strong>μέν</strong></span> <span class='ocrx_word' id='word_1_540' title='bbox 2445 697 2509 731; x_wconf 84' lang='grc' dir='ltr'><strong>πε</strong></span> <span class='ocrx_word' id='word_1_541' title='bbox 2521 680 2573 750; x_wconf 76' lang='grc' dir='ltr'><strong>ρὶ</strong></span> <span class='ocrx_word' id='word_1_542' title='bbox 2599 679 2692 772; x_wconf 73' lang='grc' dir='ltr'><strong>τοῦ</strong></span> <span class='ocrx_word' id='word_1_543' title='bbox 2719 681 2837 745; x_wconf 86' lang='grc' dir='ltr'><strong>Διὸς</strong></span> <span class='ocrx_word' id='word_1_544' title='bbox 2864 678 3008 745; x_wconf 76' lang='grc' dir='ltr'><strong>εἷπε,</strong></span> <span class='ocrx_word' id='word_1_545' title='bbox 3037 677 3192 749; x_wconf 68' lang='grc' dir='ltr'><strong>οὗτος</strong></span> <span class='ocrx_word' id='word_1_546' title='bbox 3245 687 3301 739; x_wconf 79' lang='grc' dir='ltr'><strong>δὲ</strong></span> <span class='ocrx_word' id='word_1_547' title='bbox 3328 688 3454 758; x_wconf 74' lang='grc' dir='ltr'><strong>περὶ</strong></span> <span class='ocrx_word' id='word_1_548' title='bbox 3481 691 3754 762; x_wconf 84' lang='grc' dir='ltr'><strong>Δημιουρ-</strong></span> 
     </span>
    </p>
   </div>
   <div class='ocr_carea' id='block_1_65' title="bbox 2072 768 3756 856">
    <p class='ocr_par' dir='ltr' id='par_1_65' title="bbox 2072 768 3756 856">
     <span class='ocr_line' id='line_1_65' title="bbox 2072 768 3756 856; baseline 0.019 -36"><span class='ocrx_word' id='word_1_549' title='bbox 2072 768 2170 836; x_wconf 88' lang='grc' dir='ltr'><strong>γοῦ</strong></span> <span class='ocrx_word' id='word_1_550' title='bbox 2203 770 2333 822; x_wconf 78' lang='grc' dir='ltr'><strong>αὑτὸ</strong></span> <span class='ocrx_word' id='word_1_551' title='bbox 2361 768 2652 843; x_wconf 81' lang='grc' dir='ltr'><strong>λαμϐάνει,</strong></span> <span class='ocrx_word' id='word_1_552' title='bbox 2686 774 2747 826; x_wconf 89' lang='grc' dir='ltr'><strong>οὑ</strong></span> <span class='ocrx_word' id='word_1_553' title='bbox 2786 773 2877 827; x_wconf 78' lang='grc' dir='ltr'><strong>τὸν</strong></span> <span class='ocrx_word' id='word_1_554' title='bbox 2915 775 3078 829; x_wconf 81' lang='grc' dir='ltr'><strong>αὑτὸν</strong></span> <span class='ocrx_word' id='word_1_555' title='bbox 3101 777 3294 850; x_wconf 77' lang='grc' dir='ltr'><strong>ἐκείνῳ</strong></span> <span class='ocrx_word' id='word_1_556' title='bbox 3321 779 3516 850; x_wconf 79' lang='grc' dir='ltr'><strong>λέγων,</strong></span> <span class='ocrx_word' id='word_1_557' title='bbox 3549 785 3624 856; x_wconf 78' lang='grc' dir='ltr'><strong>μὴ</strong></span> <span class='ocrx_word' id='word_1_558' title='bbox 3662 787 3756 855; x_wconf 79' lang='grc' dir='ltr'><strong>γέ·</strong></span> 
     </span>
    </p>
   </div>
   <div class='ocr_carea' id='block_1_66' title="bbox 2071 862 3768 946">
    <p class='ocr_par' dir='ltr' id='par_1_66' title="bbox 2071 862 3768 946">
     <span class='ocr_line' id='line_1_66' title="bbox 2071 862 3768 946; baseline 0.011 -33"><span class='ocrx_word' id='word_1_559' title='bbox 2071 879 2235 926; x_wconf 89' lang='grc' dir='ltr'><strong>νοιτο,</strong></span> <span class='ocrx_word' id='word_1_560' title='bbox 2283 862 2421 916; x_wconf 86' lang='grc' dir='ltr'><strong>ἀλλά</strong></span> <span class='ocrx_word' id='word_1_561' title='bbox 2470 863 2538 917; x_wconf 79' lang='grc' dir='ltr'><strong>τὰ</strong></span> <span class='ocrx_word' id='word_1_562' title='bbox 2584 865 2790 936; x_wconf 89' lang='grc' dir='ltr'><strong>κυρίως</strong></span> <span class='ocrx_word' id='word_1_563' title='bbox 2835 867 2923 920; x_wconf 79' lang='grc' dir='ltr'><strong>ἐπ’</strong></span> <span class='ocrx_word' id='word_1_564' title='bbox 2952 867 3102 938; x_wconf 87' lang='grc' dir='ltr'><strong>αὑτῷ</strong></span> <span class='ocrx_word' id='word_1_565' title='bbox 3140 872 3416 941; x_wconf 79' lang='grc' dir='ltr'><strong>,εἰρημένα</strong></span> <span class='ocrx_word' id='word_1_566' title='bbox 3466 875 3768 946; x_wconf 86' lang='grc' dir='ltr'><strong>ἁρμόζων⁶-</strong></span> 
     </span>
    </p>
   </div>
   <div class='ocr_carea' id='block_1_67' title="bbox 2071 954 3752 1027">
    <p class='ocr_par' dir='ltr' id='par_1_67' title="bbox 2071 954 3752 1027">
     <span class='ocr_line' id='line_1_67' title="bbox 2071 954 3752 1027; baseline 0.008 -19"><span class='ocrx_word' id='word_1_567' title='bbox 2071 956 2194 1008; x_wconf 79' lang='grc' dir='ltr'><strong>ἐπεὶ</strong></span> <span class='ocrx_word' id='word_1_568' title='bbox 2222 957 2317 1010; x_wconf 83' lang='grc' dir='ltr'><strong>καὶ</strong></span> <span class='ocrx_word' id='word_1_569' title='bbox 2354 956 2534 1027; x_wconf 78' lang='grc' dir='ltr'><strong>βωμὸν</strong></span> <span class='ocrx_word' id='word_1_570' title='bbox 2569 957 2761 1010; x_wconf 89' lang='grc' dir='ltr'><strong>τούτου</strong></span> <span class='ocrx_word' id='word_1_571' title='bbox 2800 954 2975 1023; x_wconf 83' lang='grc' dir='ltr'><strong>εἶπεν,</strong></span> <span class='ocrx_word' id='word_1_572' title='bbox 3011 960 3114 1013; x_wconf 89' lang='grc' dir='ltr'><strong>οὑκ</strong></span> <span class='ocrx_word' id='word_1_573' title='bbox 3144 961 3376 1027; x_wconf 80' lang='grc' dir='ltr'><strong>ἐκείνου,</strong></span> <span class='ocrx_word' id='word_1_574' title='bbox 3405 964 3465 1018; x_wconf 83' lang='grc' dir='ltr'><strong>ὃν</strong></span> <span class='ocrx_word' id='word_1_575' title='bbox 3483 966 3752 1023; x_wconf 73' lang='grc' dir='ltr'><strong>ἐσέϐοντο.</strong></span> 
     </span>
    </p>
   </div>
   <div class='ocr_carea' id='block_1_68' title="bbox 2072 1049 3757 1124">
    <p class='ocr_par' dir='ltr' id='par_1_68' title="bbox 2072 1049 3757 1124">
     <span class='ocr_line' id='line_1_68' title="bbox 2072 1049 3757 1124; baseline 0.008 -23"><span class='ocrx_word' id='word_1_576' title='bbox 2072 1049 2302 1120; x_wconf 76' lang='grc' dir='ltr'><strong>Εἴρηται</strong></span> <span class='ocrx_word' id='word_1_577' title='bbox 2329 1051 2426 1121; x_wconf 80' lang='grc' dir='ltr'><strong>μὲν</strong></span> <span class='ocrx_word' id='word_1_578' title='bbox 2451 1052 2560 1122; x_wconf 88' lang='grc' dir='ltr'><strong>γάρ</strong></span> <span class='ocrx_word' id='word_1_579' title='bbox 2585 1069 2708 1104; x_wconf 91' lang='grc' dir='ltr'><strong>τινα</strong></span> <span class='ocrx_word' id='word_1_580' title='bbox 2737 1053 2832 1106; x_wconf 73' lang='grc' dir='ltr'><strong>καὶ</strong></span> <span class='ocrx_word' id='word_1_581' title='bbox 2855 1054 3157 1124; x_wconf 83' lang='grc' dir='ltr'><strong>πράττεται</strong></span> <span class='ocrx_word' id='word_1_582' title='bbox 3183 1058 3261 1119; x_wconf 83' lang='grc' dir='ltr'><strong>εἰς</strong></span> <span class='ocrx_word' id='word_1_583' title='bbox 3281 1057 3493 1123; x_wconf 89' lang='grc' dir='ltr'><strong>τοῦτον,</strong></span> <span class='ocrx_word' id='word_1_584' title='bbox 3513 1059 3626 1113; x_wconf 82' lang='grc' dir='ltr'><strong>ἀλλ’</strong></span> <span class='ocrx_word' id='word_1_585' title='bbox 3656 1062 3757 1114; x_wconf 87' lang='grc' dir='ltr'><strong>οὑκ</strong></span> 
     </span>
    </p>
   </div>
   <div class='ocr_carea' id='block_1_69' title="bbox 2075 1141 3760 1221">
    <p class='ocr_par' dir='ltr' id='par_1_69' title="bbox 2075 1141 3760 1221">
     <span class='ocr_line' id='line_1_69' title="bbox 2075 1141 3760 1221; baseline 0.008 -29"><span class='ocrx_word' id='word_1_586' title='bbox 2075 1141 2250 1194; x_wconf 84' lang='grc' dir='ltr'><strong>ἴσασιν</strong></span> <span class='ocrx_word' id='word_1_587' title='bbox 2304 1142 2566 1213; x_wconf 84' lang='grc' dir='ltr'><strong>Ἕλληνες</strong></span> <span class='ocrx_word' id='word_1_588' title='bbox 2615 1144 2700 1198; x_wconf 86' lang='grc' dir='ltr'><strong>ὃτι</strong></span> <span class='ocrx_word' id='word_1_589' title='bbox 2755 1144 2836 1208; x_wconf 87' lang='grc' dir='ltr'><strong>είς</strong></span> <span class='ocrx_word' id='word_1_590' title='bbox 2891 1145 3074 1212; x_wconf 71' lang='grc' dir='ltr'><strong>αὑτὸν,</strong></span> <span class='ocrx_word' id='word_1_591' title='bbox 3131 1147 3247 1200; x_wconf 77' lang='grc' dir='ltr'><strong>ἀλλ’</strong></span> <span class='ocrx_word' id='word_1_592' title='bbox 3279 1151 3360 1214; x_wconf 83' lang='grc' dir='ltr'><strong>εἰς</strong></span> <span class='ocrx_word' id='word_1_593' title='bbox 3401 1151 3586 1221; x_wconf 77' lang='grc' dir='ltr'><strong>ἕτερον</strong></span> <span class='ocrx_word' id='word_1_594' title='bbox 3619 1152 3760 1206; x_wconf 88' lang='grc' dir='ltr'><strong>αὑτά</strong></span> 
     </span>
    </p>
   </div>
   <div class='ocr_carea' id='block_1_70' title="bbox 2074 1233 2418 1303">
    <p class='ocr_par' dir='ltr' id='par_1_70' title="bbox 2074 1233 2418 1303">
     <span class='ocr_line' id='line_1_70' title="bbox 2074 1233 2418 1303; baseline 0.012 -20"><span class='ocrx_word' id='word_1_595' title='bbox 2074 1233 2418 1303; x_wconf 79' lang='grc' dir='ltr'><strong>νενοήκασιν.</strong></span> 
     </span>
    </p>
   </div>
   <div class='ocr_carea' id='block_1_71' title="bbox 2144 1402 3753 1483">
    <p class='ocr_par' dir='ltr' id='par_1_71' title="bbox 2144 1402 3753 1483">
     <span class='ocr_line' id='line_1_71' title="bbox 2144 1402 3753 1483; baseline 0.008 -29"><span class='ocrx_word' id='word_1_596' title='bbox 2144 1403 2279 1455; x_wconf 73' lang='grc' dir='ltr'><strong>Εἰπὲ</strong></span> <span class='ocrx_word' id='word_1_597' title='bbox 2312 1402 2416 1474; x_wconf 82' lang='grc' dir='ltr'><strong>γάρ</strong></span> <span class='ocrx_word' id='word_1_598' title='bbox 2475 1420 2565 1473; x_wconf 86' lang='grc' dir='ltr'><strong>μοι</strong></span> <span class='ocrx_word' id='word_1_599' title='bbox 2619 1405 2746 1476; x_wconf 79' lang='grc' dir='ltr'><strong>περὶ</strong></span> <span class='ocrx_word' id='word_1_600' title='bbox 2773 1406 2916 1471; x_wconf 79' lang='grc' dir='ltr'><strong>τίνος</strong></span> <span class='ocrx_word' id='word_1_601' title='bbox 2948 1407 3014 1462; x_wconf 83' lang='grc' dir='ltr'><strong>ἂν</strong></span> <span class='ocrx_word' id='word_1_602' title='bbox 3041 1408 3259 1480; x_wconf 82' lang='grc' dir='ltr'><strong>λεχθείη</strong></span> <span class='ocrx_word' id='word_1_603' title='bbox 3294 1411 3520 1483; x_wconf 79' lang='grc' dir='ltr'><strong>κυρίως,</strong></span> <span class='ocrx_word' id='word_1_604' title='bbox 3540 1413 3753 1482; x_wconf 68' lang='grc' dir='ltr'><strong>Ἀγνώ-</strong></span> 
     </span>
    </p>
   </div>
   <div class='ocr_carea' id='block_1_72' title="bbox 2071 1491 3755 1592">
    <p class='ocr_par' dir='ltr' id='par_1_72' title="bbox 2071 1491 3755 1592">
     <span class='ocr_line' id='line_1_72' title="bbox 2071 1491 3755 1592; baseline 0.008 -48"><span class='ocrx_word' id='word_1_605' title='bbox 2071 1506 2196 1592; x_wconf 53' lang='grc' dir='ltr'><strong>στρ)</strong></span> <span class='ocrx_word' id='word_1_606' title='bbox 2229 1491 2372 1592; x_wconf 71' lang='grc' dir='ltr'><strong>Θεῷ,</strong></span> <span class='ocrx_word' id='word_1_607' title='bbox 2414 1496 2542 1566; x_wconf 69' lang='grc' dir='ltr'><strong>περὶ</strong></span> <span class='ocrx_word' id='word_1_608' title='bbox 2581 1496 2674 1550; x_wconf 89' lang='grc' dir='ltr'><strong>τοῦ</strong></span> <span class='ocrx_word' id='word_1_609' title='bbox 2706 1499 3075 1570; x_wconf 86' lang='grc' dir='ltr'><strong>Δημιουργοῦ,</strong></span> <span class='ocrx_word' id='word_1_610' title='bbox 3104 1500 3137 1570; x_wconf 80' lang='grc' dir='ltr'><strong>ἢ</strong></span> <span class='ocrx_word' id='word_1_611' title='bbox 3181 1502 3429 1572; x_wconf 70' lang='grc' dir='ltr'><strong>περὶτοῦ</strong></span> <span class='ocrx_word' id='word_1_612' title='bbox 3470 1503 3755 1572; x_wconf 81' lang='grc' dir='ltr'><strong>δαίμονος;</strong></span> 
     </span>
    </p>
   </div>
   <div class='ocr_carea' id='block_1_73' title="bbox 2071 1583 3758 1665">
    <p class='ocr_par' dir='ltr' id='par_1_73' title="bbox 2071 1583 3758 1665">
     <span class='ocr_line' id='line_1_73' title="bbox 2071 1583 3758 1665; baseline 0.008 -31"><span class='ocrx_word' id='word_1_613' title='bbox 2071 1583 2240 1652; x_wconf 80' lang='grc' dir='ltr'><strong>Δῆλον</strong></span> <span class='ocrx_word' id='word_1_614' title='bbox 2273 1585 2353 1639; x_wconf 84' lang='grc' dir='ltr'><strong>ὅτι</strong></span> <span class='ocrx_word' id='word_1_615' title='bbox 2379 1588 2506 1658; x_wconf 76' lang='grc' dir='ltr'><strong>περὶ</strong></span> <span class='ocrx_word' id='word_1_616' title='bbox 2532 1587 2626 1642; x_wconf 90' lang='grc' dir='ltr'><strong>τοῦ</strong></span> <span class='ocrx_word' id='word_1_617' title='bbox 2664 1591 3032 1662; x_wconf 87' lang='grc' dir='ltr'><strong>Δημιουργοῦ,</strong></span> <span class='ocrx_word' id='word_1_618' title='bbox 3073 1594 3121 1645; x_wconf 86' lang='grc' dir='ltr'><strong>εί</strong></span> <span class='ocrx_word' id='word_1_619' title='bbox 3153 1593 3357 1647; x_wconf 73' lang='grc' dir='ltr'><strong>καὶτὸν</strong></span> <span class='ocrx_word' id='word_1_620' title='bbox 3383 1595 3480 1665; x_wconf 82' lang='grc' dir='ltr'><strong>μὲν</strong></span> <span class='ocrx_word' id='word_1_621' title='bbox 3506 1597 3758 1665; x_wconf 70' lang='grc' dir='ltr'><strong>ἠγνόουν,</strong></span> 
     </span>
    </p>
   </div>
   <div class='ocr_carea' id='block_1_74' title="bbox 2070 1675 3760 1758">
    <p class='ocr_par' dir='ltr' id='par_1_74' title="bbox 2070 1675 3760 1758">
     <span class='ocr_line' id='line_1_74' title="bbox 2070 1675 3760 1758; baseline 0.006 -30"><span class='ocrx_word' id='word_1_622' title='bbox 2070 1675 2162 1729; x_wconf 74' lang='grc' dir='ltr'><strong>τὸν</strong></span> <span class='ocrx_word' id='word_1_623' title='bbox 2189 1677 2244 1730; x_wconf 82' lang='grc' dir='ltr'><strong>δὲ</strong></span> <span class='ocrx_word' id='word_1_624' title='bbox 2269 1679 2487 1750; x_wconf 79' lang='grc' dir='ltr'><strong>ᾔδεσαν.</strong></span> <span class='ocrx_word' id='word_1_625' title='bbox 2505 1679 2739 1750; x_wconf 79' lang='grc' dir='ltr'><strong>Ὁμοίως</strong></span> <span class='ocrx_word' id='word_1_626' title='bbox 2764 1683 2860 1735; x_wconf 71' lang='grc' dir='ltr'><strong>καὶ</strong></span> <span class='ocrx_word' id='word_1_627' title='bbox 2878 1684 2959 1737; x_wconf 86' lang='grc' dir='ltr'><strong>ὅτι</strong></span> <span class='ocrx_word' id='word_1_628' title='bbox 2989 1684 3172 1738; x_wconf 88' lang='grc' dir='ltr'><strong>πάντα</strong></span> <span class='ocrx_word' id='word_1_629' title='bbox 3198 1685 3490 1756; x_wconf 82' lang='grc' dir='ltr'><strong>πεποίηκε,</strong></span> <span class='ocrx_word' id='word_1_630' title='bbox 3518 1703 3580 1739; x_wconf 91' lang='grc' dir='ltr'><strong>πε</strong></span> <span class='ocrx_word' id='word_1_631' title='bbox 3593 1687 3644 1758; x_wconf 72' lang='grc' dir='ltr'><strong>ρὶ</strong></span> <span class='ocrx_word' id='word_1_632' title='bbox 3665 1686 3760 1738; x_wconf 90' lang='grc' dir='ltr'><strong>τοῦ</strong></span> 
     </span>
    </p>
   </div>
   <div class='ocr_carea' id='block_1_75' title="bbox 2072 1768 3762 1848">
    <p class='ocr_par' dir='ltr' id='par_1_75' title="bbox 2072 1768 3762 1848">
     <span class='ocr_line' id='line_1_75' title="bbox 2072 1768 3762 1848; baseline 0.006 -27"><span class='ocrx_word' id='word_1_633' title='bbox 2072 1768 2208 1822; x_wconf 87' lang='grc' dir='ltr'><strong>Θεοῦ</strong></span> <span class='ocrx_word' id='word_1_634' title='bbox 2242 1770 2308 1823; x_wconf 87' lang='grc' dir='ltr'><strong>ἀν</strong></span> <span class='ocrx_word' id='word_1_635' title='bbox 2334 1771 2582 1842; x_wconf 78' lang='grc' dir='ltr'><strong>εἰρῆσθαι</strong></span> <span class='ocrx_word' id='word_1_636' title='bbox 2605 1773 2809 1842; x_wconf 84' lang='grc' dir='ltr'><strong>κυρίως</strong></span> <span class='ocrx_word' id='word_1_637' title='bbox 2833 1775 3147 1844; x_wconf 81' lang='grc' dir='ltr'><strong>ἀρμόσειεν,</strong></span> <span class='ocrx_word' id='word_1_638' title='bbox 3184 1777 3216 1846; x_wconf 81' lang='grc' dir='ltr'>ἢ</span> <span class='ocrx_word' id='word_1_639' title='bbox 3249 1775 3344 1828; x_wconf 89' lang='grc' dir='ltr'><strong>τοῦ</strong></span> <span class='ocrx_word' id='word_1_640' title='bbox 3374 1777 3516 1841; x_wconf 78' lang='grc' dir='ltr'><strong>Διὸς,</strong></span> <span class='ocrx_word' id='word_1_641' title='bbox 3561 1779 3762 1848; x_wconf 85' lang='grc' dir='ltr'><strong>μιαροῦ</strong></span> 
     </span>
    </p>
   </div>
   <div class='ocr_carea' id='block_1_76' title="bbox 2071 1862 3762 1941">
    <p class='ocr_par' dir='ltr' id='par_1_76' title="bbox 2071 1862 3762 1941">
     <span class='ocr_line' id='line_1_76' title="bbox 2071 1862 3762 1941; baseline 0.007 -28"><span class='ocrx_word' id='word_1_642' title='bbox 2071 1877 2214 1924; x_wconf 87' lang='grc' dir='ltr'><strong>τινος</strong></span> <span class='ocrx_word' id='word_1_643' title='bbox 2246 1862 2535 1934; x_wconf 84' lang='grc' dir='ltr'><strong>ἀνθρώπου</strong></span> <span class='ocrx_word' id='word_1_644' title='bbox 2557 1867 2649 1918; x_wconf 77' lang='grc' dir='ltr'><strong>καὶ</strong></span> <span class='ocrx_word' id='word_1_645' title='bbox 2675 1867 3058 1920; x_wconf 82' lang='grc' dir='ltr'><strong>καταπτύστου</strong></span> <span class='ocrx_word' id='word_1_646' title='bbox 3088 1869 3182 1921; x_wconf 72' lang='grc' dir='ltr'><strong>καὶ</strong></span> <span class='ocrx_word' id='word_1_647' title='bbox 3206 1869 3422 1940; x_wconf 86' lang='grc' dir='ltr'><strong>γόητος.</strong></span> <span class='ocrx_word' id='word_1_648' title='bbox 3454 1869 3641 1934; x_wconf 78' lang='grc' dir='ltr'><strong>Οὕτως</strong></span> <span class='ocrx_word' id='word_1_649' title='bbox 3662 1872 3762 1941; x_wconf 87' lang='grc' dir='ltr'><strong>οὑχ</strong></span> 
     </span>
    </p>
   </div>
   <div class='ocr_carea' id='block_1_77' title="bbox 2071 1953 3761 2030">
    <p class='ocr_par' dir='ltr' id='par_1_77' title="bbox 2071 1953 3761 2030">
     <span class='ocr_line' id='line_1_77' title="bbox 2071 1953 3761 2030; baseline 0.007 -26"><span class='ocrx_word' id='word_1_650' title='bbox 2071 1953 2274 2023; x_wconf 79' lang='grc' dir='ltr'><strong>ὁμοίως</strong></span> <span class='ocrx_word' id='word_1_651' title='bbox 2305 1955 2497 2027; x_wconf 84' lang='grc' dir='ltr'><strong>ἐκείνῳ</strong></span> <span class='ocrx_word' id='word_1_652' title='bbox 2547 1957 2759 2022; x_wconf 88' lang='grc' dir='ltr'><strong>Παῦλος</strong></span> <span class='ocrx_word' id='word_1_653' title='bbox 2786 1956 2926 2023; x_wconf 76' lang='grc' dir='ltr'><strong>εἶπε,</strong></span> <span class='ocrx_word' id='word_1_654' title='bbox 2987 1961 3063 2030; x_wconf 79' lang='grc' dir='ltr'><strong>μὴ</strong></span> <span class='ocrx_word' id='word_1_655' title='bbox 3100 1961 3330 2028; x_wconf 89' lang='grc' dir='ltr'><strong>γένοιτο,</strong></span> <span class='ocrx_word' id='word_1_656' title='bbox 3368 1961 3460 2014; x_wconf 78' lang='grc' dir='ltr'><strong>καὶ</strong></span> <span class='ocrx_word' id='word_1_657' title='bbox 3511 1961 3593 2026; x_wconf 81' lang='grc' dir='ltr'><strong>τὸ,</strong></span> <span class='ocrx_word' id='word_1_658' title='bbox 3645 1961 3761 2015; x_wconf 87' lang='grc' dir='ltr'><strong>Τοῦ</strong></span> 
     </span>
    </p>
   </div>
   <div class='ocr_carea' id='block_1_78' title="bbox 2073 2045 3762 2123">
    <p class='ocr_par' dir='ltr' id='par_1_78' title="bbox 2073 2045 3762 2123">
     <span class='ocr_line' id='line_1_78' title="bbox 2073 2045 3762 2123; baseline 0.005 -25"><span class='ocrx_word' id='word_1_659' title='bbox 2073 2045 2183 2114; x_wconf 76' lang='grc' dir='ltr'><strong>γὰρ</strong></span> <span class='ocrx_word' id='word_1_660' title='bbox 2211 2046 2309 2100; x_wconf 78' lang='grc' dir='ltr'><strong>καὶ</strong></span> <span class='ocrx_word' id='word_1_661' title='bbox 2339 2047 2514 2117; x_wconf 75' lang='grc' dir='ltr'><strong>γένος</strong></span> <span class='ocrx_word' id='word_1_662' title='bbox 2551 2049 2766 2118; x_wconf 79' lang='grc' dir='ltr'><strong>ἐσμέν·</strong></span> <span class='ocrx_word' id='word_1_663' title='bbox 2799 2052 2914 2104; x_wconf 76' lang='grc' dir='ltr'><strong>ἀλλ’</strong></span> <span class='ocrx_word' id='word_1_664' title='bbox 2941 2052 3112 2122; x_wconf 83' lang='grc' dir='ltr'><strong>ἑτέρῳ</strong></span> <span class='ocrx_word' id='word_1_665' title='bbox 3138 2050 3234 2122; x_wconf 83' lang='grc' dir='ltr'><strong>νῷ.</strong></span> <span class='ocrx_word' id='word_1_666' title='bbox 3280 2051 3441 2115; x_wconf 86' lang='grc' dir='ltr'><strong>Γένος</strong></span> <span class='ocrx_word' id='word_1_667' title='bbox 3470 2053 3578 2123; x_wconf 84' lang='grc' dir='ltr'><strong>γὰρ</strong></span> <span class='ocrx_word' id='word_1_668' title='bbox 3624 2053 3762 2106; x_wconf 81' lang='grc' dir='ltr'><strong>Θεοῦ</strong></span> 
     </span>
    </p>
   </div>
   <div class='ocr_carea' id='block_1_79' title="bbox 2073 2133 3760 2214">
    <p class='ocr_par' dir='ltr' id='par_1_79' title="bbox 2073 2133 3760 2214">
     <span class='ocr_line' id='line_1_79' title="bbox 2073 2133 3760 2214; baseline 0.005 -24"><span class='ocrx_word' id='word_1_669' title='bbox 2073 2133 2226 2191; x_wconf 82' lang='grc' dir='ltr'><strong>εἶπεν</strong></span> <span class='ocrx_word' id='word_1_670' title='bbox 2264 2141 2414 2209; x_wconf 82' lang='grc' dir='ltr'><strong>ἡμᾶς</strong></span> <span class='ocrx_word' id='word_1_671' title='bbox 2468 2136 2638 2194; x_wconf 75' lang='grc' dir='ltr'><strong>εἶναι·</strong></span> <span class='ocrx_word' id='word_1_672' title='bbox 2687 2144 2986 2209; x_wconf 87' lang='grc' dir='ltr'><strong>τουτέστιν,</strong></span> <span class='ocrx_word' id='word_1_673' title='bbox 3021 2145 3278 2208; x_wconf 79' lang='grc' dir='ltr'><strong>οἰκείους,</strong></span> <span class='ocrx_word' id='word_1_674' title='bbox 3312 2146 3676 2214; x_wconf 72' lang='grc' dir='ltr'><strong>έγγυτάτουςο</strong></span> <span class='ocrx_word' id='word_1_675' title='bbox 3726 2144 3760 2214; x_wconf 84' lang='grc' dir='ltr'><strong>ῆ</strong></span> 
     </span>
    </p>
   </div>
   <div class='ocr_carea' id='block_1_80' title="bbox 2073 2229 3761 2306">
    <p class='ocr_par' dir='ltr' id='par_1_80' title="bbox 2073 2229 3761 2306">
     <span class='ocr_line' id='line_1_80' title="bbox 2073 2229 3761 2306; baseline 0.005 -24"><span class='ocrx_word' id='word_1_676' title='bbox 2073 2229 2149 2294; x_wconf 81' lang='grc' dir='ltr'><strong>ὡς</strong></span> <span class='ocrx_word' id='word_1_677' title='bbox 2181 2232 2246 2286; x_wconf 85' lang='grc' dir='ltr'><strong>ἀν</strong></span> <span class='ocrx_word' id='word_1_678' title='bbox 2271 2249 2356 2295; x_wconf 87' lang='grc' dir='ltr'><strong>τις</strong></span> <span class='ocrx_word' id='word_1_679' title='bbox 2379 2232 2545 2298; x_wconf 80' lang='grc' dir='ltr'><strong>εἴποι,</strong></span> <span class='ocrx_word' id='word_1_680' title='bbox 2583 2235 2883 2306; x_wconf 83' lang='grc' dir='ltr'><strong>παροίκους</strong></span> <span class='ocrx_word' id='word_1_681' title='bbox 2921 2237 3011 2290; x_wconf 75' lang='grc' dir='ltr'><strong>καὶ</strong></span> <span class='ocrx_word' id='word_1_682' title='bbox 3056 2237 3321 2305; x_wconf 85' lang='grc' dir='ltr'><strong>γείτονας.</strong></span> <span class='ocrx_word' id='word_1_683' title='bbox 3355 2238 3474 2290; x_wconf 83' lang='grc' dir='ltr'><strong>’Ίνα</strong></span> <span class='ocrx_word' id='word_1_684' title='bbox 3517 2237 3628 2304; x_wconf 82' lang='grc' dir='ltr'><strong>γὰρ</strong></span> <span class='ocrx_word' id='word_1_685' title='bbox 3686 2236 3761 2306; x_wconf 84' lang='grc' dir='ltr'><strong>μὴ</strong></span> 
     </span>
    </p>
   </div>
   <div class='ocr_carea' id='block_1_81' title="bbox 2074 2320 3766 2397">
    <p class='ocr_par' dir='ltr' id='par_1_81' title="bbox 2074 2320 3766 2397">
     <span class='ocr_line' id='line_1_81' title="bbox 2074 2320 3766 2397; baseline 0.004 -24"><span class='ocrx_word' id='word_1_686' title='bbox 2074 2320 2238 2376; x_wconf 86' lang='grc' dir='ltr'><strong>πάλιν</strong></span> <span class='ocrx_word' id='word_1_687' title='bbox 2263 2322 2807 2391; x_wconf 80' lang='grc' dir='ltr'><strong>λέγωσι,Ξενίζοντα</strong></span> <span class='ocrx_word' id='word_1_688' title='bbox 2830 2326 3125 2396; x_wconf 64' lang='grc' dir='ltr'><strong>εἰσφέρεις</strong></span> <span class='ocrx_word' id='word_1_689' title='bbox 3153 2331 3240 2394; x_wconf 83' lang='grc' dir='ltr'><strong>είς</strong></span> <span class='ocrx_word' id='word_1_690' title='bbox 3271 2328 3372 2395; x_wconf 84' lang='grc' dir='ltr'><strong>τὰς</strong></span> <span class='ocrx_word' id='word_1_691' title='bbox 3391 2329 3576 2394; x_wconf 80' lang='grc' dir='ltr'><strong>ἀκοὰς</strong></span> <span class='ocrx_word' id='word_1_692' title='bbox 3599 2328 3766 2397; x_wconf 71' lang='grc' dir='ltr'><strong>ἡμῶν</strong></span> 
     </span>
    </p>
   </div>
   <div class='ocr_carea' id='block_1_82' title="bbox 2077 2413 3765 2491">
    <p class='ocr_par' dir='ltr' id='par_1_82' title="bbox 2077 2413 3765 2491">
     <span class='ocr_line' id='line_1_82' title="bbox 2077 2413 3765 2491; baseline 0.004 -26"><span class='ocrx_word' id='word_1_693' title='bbox 2077 2413 2250 2482; x_wconf 77' lang='grc' dir='ltr'><strong>(οὐδὲν</strong></span> <span class='ocrx_word' id='word_1_694' title='bbox 2285 2415 2391 2487; x_wconf 81' lang='grc' dir='ltr'><strong>γὰρ</strong></span> <span class='ocrx_word' id='word_1_695' title='bbox 2441 2415 2612 2480; x_wconf 84' lang='grc' dir='ltr'><strong>οὑτως</strong></span> <span class='ocrx_word' id='word_1_696' title='bbox 2646 2417 2795 2489; x_wconf 61' lang='grc' dir='ltr'><strong>μοι]</strong></span> <span class='ocrx_word' id='word_1_697' title='bbox 2832 2419 3139 2490; x_wconf 84' lang='grc' dir='ltr'><strong>ἀνθρώποις</strong></span> <span class='ocrx_word' id='word_1_698' title='bbox 3193 2421 3477 2491; x_wconf 81' lang='grc' dir='ltr'><strong>ἐναντίον),</strong></span> <span class='ocrx_word' id='word_1_699' title='bbox 3521 2421 3641 2488; x_wconf 82' lang='grc' dir='ltr'><strong>ἄγει</strong></span> <span class='ocrx_word' id='word_1_700' title='bbox 3673 2419 3765 2473; x_wconf 70' lang='grc' dir='ltr'><strong>τὸν</strong></span> 
     </span>
    </p>
   </div>
   <div class='ocr_carea' id='block_1_83' title="bbox 2081 2503 3765 2583">
    <p class='ocr_par' dir='ltr' id='par_1_83' title="bbox 2081 2503 3765 2583">
     <span class='ocr_line' id='line_1_83' title="bbox 2081 2503 3765 2583; baseline 0.006 -27"><span class='ocrx_word' id='word_1_701' title='bbox 2081 2503 2312 2575; x_wconf 82' lang='grc' dir='ltr'><strong>ποιητὴν</strong></span> <span class='ocrx_word' id='word_1_702' title='bbox 2330 2507 2408 2569; x_wconf 81' lang='grc' dir='ltr'><strong>εἰς</strong></span> <span class='ocrx_word' id='word_1_703' title='bbox 2437 2507 2621 2576; x_wconf 86' lang='grc' dir='ltr'><strong>μέσον.</strong></span> <span class='ocrx_word' id='word_1_704' title='bbox 2652 2510 2760 2562; x_wconf 71' lang='grc' dir='ltr'><strong>Καὶ</strong></span> <span class='ocrx_word' id='word_1_705' title='bbox 2779 2510 2880 2563; x_wconf 87' lang='grc' dir='ltr'><strong>οὑκ</strong></span> <span class='ocrx_word' id='word_1_706' title='bbox 2907 2507 3081 2563; x_wconf 73' lang='grc' dir='ltr'><strong>εἶπεν⁸</strong></span> <span class='ocrx_word' id='word_1_707' title='bbox 3112 2510 3228 2565; x_wconf 88' lang='grc' dir='ltr'><strong>Οὑκ</strong></span> <span class='ocrx_word' id='word_1_708' title='bbox 3255 2513 3495 2581; x_wconf 66' lang='grc' dir='ltr'><strong>ὀφείλετε</strong></span> <span class='ocrx_word' id='word_1_709' title='bbox 3520 2514 3765 2583; x_wconf 87' lang='grc' dir='ltr'><strong>νομίζειν</strong></span> 
     </span>
    </p>
   </div>
   <div class='ocr_carea' id='block_1_84' title="bbox 2077 2602 3762 2682">
    <p class='ocr_par' dir='ltr' id='par_1_84' title="bbox 2077 2602 3762 2682">
     <span class='ocr_line' id='line_1_84' title="bbox 2077 2602 3762 2682; baseline 0.007 -28"><span class='ocrx_word' id='word_1_710' title='bbox 2077 2602 2328 2674; x_wconf 81' lang='grc' dir='ltr'><strong>χρυσῷῆ</strong></span> <span class='ocrx_word' id='word_1_711' title='bbox 2369 2606 2596 2676; x_wconf 86' lang='grc' dir='ltr'><strong>ἀργύρῳ</strong></span> <span class='ocrx_word' id='word_1_712' title='bbox 2635 2606 2695 2658; x_wconf 79' lang='grc' dir='ltr'><strong>τὸ</strong></span> <span class='ocrx_word' id='word_1_713' title='bbox 2725 2608 2878 2660; x_wconf 86' lang='grc' dir='ltr'><strong>Θεῖον</strong></span> <span class='ocrx_word' id='word_1_714' title='bbox 2929 2604 3070 2662; x_wconf 81' lang='grc' dir='ltr'><strong>εῖναι</strong></span> <span class='ocrx_word' id='word_1_715' title='bbox 3104 2610 3311 2680; x_wconf 81' lang='grc' dir='ltr'><strong>ὅμοιον,</strong></span> <span class='ocrx_word' id='word_1_716' title='bbox 3367 2609 3412 2661; x_wconf 86' lang='grc' dir='ltr'>ὦ</span> <span class='ocrx_word' id='word_1_717' title='bbox 3450 2614 3636 2682; x_wconf 74' lang='grc' dir='ltr'><strong>μιαροὶ</strong></span> <span class='ocrx_word' id='word_1_718' title='bbox 3665 2615 3762 2666; x_wconf 71' lang='grc' dir='ltr'><strong>καὶ</strong></span> 
     </span>
    </p>
   </div>
   <div class='ocr_carea' id='block_1_85' title="bbox 2079 2695 3763 2772">
    <p class='ocr_par' dir='ltr' id='par_1_85' title="bbox 2079 2695 3763 2772">
     <span class='ocr_line' id='line_1_85' title="bbox 2079 2695 3763 2772; baseline 0.008 -27"><span class='ocrx_word' id='word_1_719' title='bbox 2079 2695 2426 2767; x_wconf 61' lang='grc' dir='ltr'><strong>παμμίαρον</strong></span> <span class='ocrx_word' id='word_1_720' title='bbox 2465 2697 2601 2749; x_wconf 77' lang='grc' dir='ltr'><strong>ἀλλὰ</strong></span> <span class='ocrx_word' id='word_1_721' title='bbox 2641 2700 3044 2771; x_wconf 87' lang='grc' dir='ltr'><strong>ταπεινότερον,</strong></span> <span class='ocrx_word' id='word_1_722' title='bbox 3085 2701 3256 2754; x_wconf 84' lang='grc' dir='ltr'><strong>Τοῦτο</strong></span> <span class='ocrx_word' id='word_1_723' title='bbox 3289 2704 3400 2755; x_wconf 82' lang='grc' dir='ltr'><strong>οὐκ</strong></span> <span class='ocrx_word' id='word_1_724' title='bbox 3440 2704 3763 2772; x_wconf 57' lang='grc' dir='ltr'><strong>ὀφείλομεν</strong></span> 
     </span>
    </p>
   </div>
   <div class='ocr_carea' id='block_1_86' title="bbox 2077 2785 3760 2864">
    <p class='ocr_par' dir='ltr' id='par_1_86' title="bbox 2077 2785 3760 2864">
     <span class='ocr_line' id='line_1_86' title="bbox 2077 2785 3760 2864; baseline 0.007 -25"><span class='ocrx_word' id='word_1_725' title='bbox 2077 2785 2356 2856; x_wconf 63' lang='grc' dir='ltr'><strong>νομίζειν,</strong></span> <span class='ocrx_word' id='word_1_726' title='bbox 2382 2790 2567 2859; x_wconf 76' lang='grc' dir='ltr'><strong>φησὶν,</strong></span> <span class='ocrx_word' id='word_1_727' title='bbox 2592 2791 2706 2843; x_wconf 82' lang='grc' dir='ltr'><strong>ἀλλ’</strong></span> <span class='ocrx_word' id='word_1_728' title='bbox 2737 2791 2878 2863; x_wconf 84' lang='grc' dir='ltr'><strong>ὑπὲρ</strong></span> <span class='ocrx_word' id='word_1_729' title='bbox 2899 2793 3078 2857; x_wconf 84' lang='grc' dir='ltr'><strong>τοῦτο,</strong></span> <span class='ocrx_word' id='word_1_730' title='bbox 3117 2793 3180 2845; x_wconf 92' lang='grc' dir='ltr'><strong>Τί</strong></span> <span class='ocrx_word' id='word_1_731' title='bbox 3209 2793 3295 2845; x_wconf 76' lang='grc' dir='ltr'><strong>δαὶ</strong></span> <span class='ocrx_word' id='word_1_732' title='bbox 3331 2792 3389 2845; x_wconf 72' lang='grc' dir='ltr'><strong>τὸ</strong></span> <span class='ocrx_word' id='word_1_733' title='bbox 3414 2795 3556 2864; x_wconf 81' lang='grc' dir='ltr'><strong>ὑπὲρ</strong></span> <span class='ocrx_word' id='word_1_734' title='bbox 3577 2797 3760 2862; x_wconf 85' lang='grc' dir='ltr'><strong>τοῦτο;</strong></span> 
     </span>
    </p>
   </div>
   <div class='ocr_carea' id='block_1_87' title="bbox 2081 2882 3760 2960">
    <p class='ocr_par' dir='ltr' id='par_1_87' title="bbox 2081 2882 3760 2960">
     <span class='ocr_line' id='line_1_87' title="bbox 2081 2882 3760 2960; baseline 0.005 -25"><span class='ocrx_word' id='word_1_735' title='bbox 2081 2882 2245 2946; x_wconf 83' lang='grc' dir='ltr'><strong>Θεός·</strong></span> <span class='ocrx_word' id='word_1_736' title='bbox 2306 2884 2420 2937; x_wconf 78' lang='grc' dir='ltr'><strong>ἀλλ’</strong></span> <span class='ocrx_word' id='word_1_737' title='bbox 2457 2885 2578 2937; x_wconf 79' lang='grc' dir='ltr'><strong>οὑδὲ</strong></span> <span class='ocrx_word' id='word_1_738' title='bbox 2627 2883 2786 2939; x_wconf 88' lang='grc' dir='ltr'><strong>τοῦτο</strong></span> <span class='ocrx_word' id='word_1_739' title='bbox 2835 2885 3156 2958; x_wconf 81' lang='grc' dir='ltr'><strong>(ἐνεργείας</strong></span> <span class='ocrx_word' id='word_1_740' title='bbox 3197 2887 3305 2957; x_wconf 87' lang='grc' dir='ltr'><strong>γάρ</strong></span> <span class='ocrx_word' id='word_1_741' title='bbox 3353 2890 3498 2941; x_wconf 81' lang='grc' dir='ltr'><strong>ἐστιν</strong></span> <span class='ocrx_word' id='word_1_742' title='bbox 3529 2890 3760 2960; x_wconf 71' lang='grc' dir='ltr'><strong>ὄνομα),</strong></span> 
     </span>
    </p>
   </div>
   <div class='ocr_carea' id='block_1_88' title="bbox 2081 2975 3765 3050">
    <p class='ocr_par' dir='ltr' id='par_1_88' title="bbox 2081 2975 3765 3050">
     <span class='ocr_line' id='line_1_88' title="bbox 2081 2975 3765 3050; baseline 0.002 -20"><span class='ocrx_word' id='word_1_743' title='bbox 2081 2975 2219 3031; x_wconf 75' lang='grc' dir='ltr'><strong>ἀλλὰ</strong></span> <span class='ocrx_word' id='word_1_744' title='bbox 2272 2976 2406 3040; x_wconf 84' lang='grc' dir='ltr'><strong>τέως</strong></span> <span class='ocrx_word' id='word_1_745' title='bbox 2459 2977 2647 3031; x_wconf 84' lang='grc' dir='ltr'><strong>τοῦτο’</strong></span> <span class='ocrx_word' id='word_1_746' title='bbox 2707 2978 2849 3049; x_wconf 80' lang='grc' dir='ltr'><strong>πλὴν</strong></span> <span class='ocrx_word' id='word_1_747' title='bbox 2894 2979 2954 3031; x_wconf 72' lang='grc' dir='ltr'><strong>οὗ</strong></span> <span class='ocrx_word' id='word_1_748' title='bbox 3013 2978 3246 3050; x_wconf 89' lang='grc' dir='ltr'><strong>λέγομεν</strong></span> <span class='ocrx_word' id='word_1_749' title='bbox 3303 2980 3479 3050; x_wconf 78' lang='grc' dir='ltr'><strong>τούτῳ</strong></span> <span class='ocrx_word' id='word_1_750' title='bbox 3507 2981 3568 3034; x_wconf 76' lang='grc' dir='ltr'><strong>τὸ</strong></span> <span class='ocrx_word' id='word_1_751' title='bbox 3611 2983 3765 3034; x_wconf 85' lang='grc' dir='ltr'><strong>Θεῖον</strong></span> 
     </span>
    </p>
   </div>
   <div class='ocr_carea' id='block_1_89' title="bbox 2082 3062 3767 3145">
    <p class='ocr_par' dir='ltr' id='par_1_89' title="bbox 2082 3062 3767 3145">
     <span class='ocr_line' id='line_1_89' title="bbox 2082 3062 3767 3145; baseline 0.004 -24"><span class='ocrx_word' id='word_1_752' title='bbox 2082 3062 2221 3121; x_wconf 76' lang='grc' dir='ltr'><strong>εἶναι</strong></span> <span class='ocrx_word' id='word_1_753' title='bbox 2249 3069 2432 3139; x_wconf 80' lang='grc' dir='ltr'><strong>ὅμοιον</strong></span> <span class='ocrx_word' id='word_1_754' title='bbox 2452 3085 2464 3098; x_wconf 90' lang='grc'><strong>·</strong></span> <span class='ocrx_word' id='word_1_755' title='bbox 2500 3070 2582 3133; x_wconf 84' lang='grc' dir='ltr'><strong>τίς</strong></span> <span class='ocrx_word' id='word_1_756' title='bbox 2612 3069 2719 3140; x_wconf 79' lang='grc' dir='ltr'><strong>γὰρ</strong></span> <span class='ocrx_word' id='word_1_757' title='bbox 2746 3069 2810 3123; x_wconf 84' lang='grc' dir='ltr'><strong>ἂν</strong></span> <span class='ocrx_word' id='word_1_758' title='bbox 2845 3069 3020 3135; x_wconf 84' lang='grc' dir='ltr'><strong>είποι;</strong></span> <span class='ocrx_word' id='word_1_759' title='bbox 3055 3071 3197 3140; x_wconf 85' lang='grc' dir='ltr'><strong>Ὅρα</strong></span> <span class='ocrx_word' id='word_1_760' title='bbox 3222 3071 3341 3135; x_wconf 88' lang='grc' dir='ltr'><strong>πῶς</strong></span> <span class='ocrx_word' id='word_1_761' title='bbox 3368 3072 3427 3125; x_wconf 76' lang='grc' dir='ltr'><strong>τὸ</strong></span> <span class='ocrx_word' id='word_1_762' title='bbox 3475 3073 3767 3145; x_wconf 85' lang='grc' dir='ltr'><strong>ἀσώματον</strong></span> 
     </span>
    </p>
   </div>
   <div class='ocr_carea' id='block_1_90' title="bbox 2083 3161 3766 3238">
    <p class='ocr_par' dir='ltr' id='par_1_90' title="bbox 2083 3161 3766 3238">
     <span class='ocr_line' id='line_1_90' title="bbox 2083 3161 3766 3238; baseline 0.005 -25"><span class='ocrx_word' id='word_1_763' title='bbox 2083 3161 2398 3232; x_wconf 76' lang='grc' dir='ltr'><strong>εἰσήγαγεν.</strong></span> <span class='ocrx_word' id='word_1_764' title='bbox 2450 3162 2514 3214; x_wconf 84' lang='grc' dir='ltr'><strong>’Π</strong></span> <span class='ocrx_word' id='word_1_765' title='bbox 2543 3162 2651 3233; x_wconf 78' lang='grc' dir='ltr'><strong>γὰρ</strong></span> <span class='ocrx_word' id='word_1_766' title='bbox 2682 3161 2888 3217; x_wconf 87' lang='grc' dir='ltr'><strong>διάνοια</strong></span> <span class='ocrx_word' id='word_1_767' title='bbox 2915 3163 3044 3218; x_wconf 81' lang='grc' dir='ltr'><strong>ὅταν</strong></span> <span class='ocrx_word' id='word_1_768' title='bbox 3086 3165 3399 3238; x_wconf 80' lang='grc' dir='ltr'><strong>ὑποπτεύσῃ</strong></span> <span class='ocrx_word' id='word_1_769' title='bbox 3453 3167 3632 3238; x_wconf 90' lang='grc' dir='ltr'><strong>σῶμα,</strong></span> <span class='ocrx_word' id='word_1_770' title='bbox 3671 3169 3766 3222; x_wconf 73' lang='grc' dir='ltr'><strong>καὶ</strong></span> 
     </span>
    </p>
   </div>
   <div class='ocr_carea' id='block_1_91' title="bbox 2082 3251 3767 3328">
    <p class='ocr_par' dir='ltr' id='par_1_91' title="bbox 2082 3251 3767 3328">
     <span class='ocr_line' id='line_1_91' title="bbox 2082 3251 3767 3328; baseline 0.007 -24"><span class='ocrx_word' id='word_1_771' title='bbox 2082 3251 2358 3323; x_wconf 83' lang='grc' dir='ltr'><strong>διάστημα</strong></span> <span class='ocrx_word' id='word_1_772' title='bbox 2410 3254 2646 3308; x_wconf 88' lang='grc' dir='ltr'><strong>ὑπονοεῖ.</strong></span> <span class='ocrx_word' id='word_1_773' title='bbox 2682 3254 2870 3320; x_wconf 84' lang='grc' dir='ltr'><strong>Γένος</strong></span> <span class='ocrx_word' id='word_1_774' title='bbox 2908 3251 3021 3310; x_wconf 84' lang='grc' dir='ltr'><strong>οὖν</strong></span> <span class='ocrx_word' id='word_1_775' title='bbox 3055 3257 3433 3328; x_wconf 77' lang='grc' dir='ltr'><strong>ὑπάρχοντες</strong></span> <span class='ocrx_word' id='word_1_776' title='bbox 3462 3262 3568 3313; x_wconf 86' lang='grc' dir='ltr'><strong>τοῦ</strong></span> <span class='ocrx_word' id='word_1_777' title='bbox 3593 3261 3767 3327; x_wconf 88' lang='grc' dir='ltr'><strong>Θεοῦ,</strong></span> 
     </span>
    </p>
   </div>
   <div class='ocr_carea' id='block_1_92' title="bbox 2084 3345 3765 3420">
    <p class='ocr_par' dir='ltr' id='par_1_92' title="bbox 2084 3345 3765 3420">
     <span class='ocr_line' id='line_1_92' title="bbox 2084 3345 3765 3420; baseline 0.005 -24"><span class='ocrx_word' id='word_1_778' title='bbox 2084 3346 2196 3396; x_wconf 80' lang='grc' dir='ltr'><strong>οὐκ</strong></span> <span class='ocrx_word' id='word_1_779' title='bbox 2229 3345 2552 3413; x_wconf 59' lang='grc' dir='ltr'><strong>ὀφείίομεν</strong></span> <span class='ocrx_word' id='word_1_780' title='bbox 2578 3346 2838 3415; x_wconf 80' lang='grc' dir='ltr'><strong>νομίζειν</strong></span> <span class='ocrx_word' id='word_1_781' title='bbox 2868 3357 2914 3409; x_wconf 81' lang='grc' dir='ltr'><strong>ο,</strong></span> <span class='ocrx_word' id='word_1_782' title='bbox 2944 3348 3099 3418; x_wconf 71' lang='grc' dir='ltr'><strong>φησὶ,</strong></span> <span class='ocrx_word' id='word_1_783' title='bbox 3130 3348 3344 3419; x_wconf 80' lang='grc' dir='ltr'><strong>χρυσῷ</strong></span> <span class='ocrx_word' id='word_1_784' title='bbox 3374 3350 3410 3418; x_wconf 76' lang='grc' dir='ltr'><strong>ἢ</strong></span> <span class='ocrx_word' id='word_1_785' title='bbox 3441 3351 3679 3420; x_wconf 72' lang='grc' dir='ltr'><strong>ἀργύρῳ</strong></span> <span class='ocrx_word' id='word_1_786' title='bbox 3726 3351 3765 3419; x_wconf 78' lang='grc' dir='ltr'><strong>ἢ</strong></span> 
     </span>
    </p>
   </div>
   <div class='ocr_carea' id='block_1_93' title="bbox 2083 3436 3765 3511">
    <p class='ocr_par' dir='ltr' id='par_1_93' title="bbox 2083 3436 3765 3511">
     <span class='ocr_line' id='line_1_93' title="bbox 2083 3436 3765 3511; baseline 0.005 -21"><span class='ocrx_word' id='word_1_787' title='bbox 2083 3439 2250 3502; x_wconf 71' lang='grc' dir='ltr'><strong>λίθῳ,</strong></span> <span class='ocrx_word' id='word_1_788' title='bbox 2284 3436 2614 3506; x_wconf 72' lang='grc' dir='ltr'><strong>χαράγματι</strong></span> <span class='ocrx_word' id='word_1_789' title='bbox 2640 3437 2859 3507; x_wconf 86' lang='grc' dir='ltr'><strong>τέχνης</strong></span> <span class='ocrx_word' id='word_1_790' title='bbox 2885 3439 2982 3492; x_wconf 78' lang='grc' dir='ltr'><strong>καὶ</strong></span> <span class='ocrx_word' id='word_1_791' title='bbox 3006 3440 3393 3510; x_wconf 73' lang='grc' dir='ltr'><strong>ἐνθυμήσεως</strong></span> <span class='ocrx_word' id='word_1_792' title='bbox 3424 3442 3765 3511; x_wconf 71' lang='grc' dir='ltr'><strong>ἀνθρώπου,</strong></span> 
     </span>
    </p>
   </div>
   <div class='ocr_carea' id='block_1_94' title="bbox 2086 3524 3767 3597">
    <p class='ocr_par' dir='ltr' id='par_1_94' title="bbox 2086 3524 3767 3597">
     <span class='ocr_line' id='line_1_94' title="bbox 2086 3524 3767 3597; baseline 0.006 -17"><span class='ocrx_word' id='word_1_793' title='bbox 2086 3526 2150 3580; x_wconf 85' lang='grc' dir='ltr'><strong>τό</strong></span> <span class='ocrx_word' id='word_1_794' title='bbox 2191 3527 2364 3582; x_wconf 81' lang='grc' dir='ltr'><strong>Θεῑον</strong></span> <span class='ocrx_word' id='word_1_795' title='bbox 2391 3524 2546 3582; x_wconf 82' lang='grc' dir='ltr'><strong>εἶναι</strong></span> <span class='ocrx_word' id='word_1_796' title='bbox 2585 3527 2815 3597; x_wconf 78' lang='grc' dir='ltr'><strong>ὅμοιον.</strong></span> <span class='ocrx_word' id='word_1_797' title='bbox 2864 3530 3005 3582; x_wconf 81' lang='grc' dir='ltr'><strong>Ἀλλ’</strong></span> <span class='ocrx_word' id='word_1_798' title='bbox 3040 3533 3182 3585; x_wconf 78' lang='grc' dir='ltr'><strong>εἴποι</strong></span> <span class='ocrx_word' id='word_1_799' title='bbox 3222 3533 3288 3585; x_wconf 84' lang='grc' dir='ltr'><strong>ἄν</strong></span> <span class='ocrx_word' id='word_1_800' title='bbox 3321 3551 3404 3597; x_wconf 83' lang='grc' dir='ltr'><strong>τις</strong></span> <span class='ocrx_word' id='word_1_801' title='bbox 3431 3554 3443 3565; x_wconf 91' lang='grc'><strong>·</strong></span> <span class='ocrx_word' id='word_1_802' title='bbox 3472 3537 3544 3589; x_wconf 79' lang='grc' dir='ltr'><strong>Οὐ</strong></span> <span class='ocrx_word' id='word_1_803' title='bbox 3607 3536 3767 3590; x_wconf 83' lang='grc' dir='ltr'><strong>τοῦτο</strong></span> 
     </span>
    </p>
   </div>
   <div class='ocr_carea' id='block_1_95' title="bbox 2086 3617 3769 3694">
    <p class='ocr_par' dir='ltr' id='par_1_95' title="bbox 2086 3617 3769 3694">
     <span class='ocr_line' id='line_1_95' title="bbox 2086 3617 3769 3694; baseline 0.004 -20"><span class='ocrx_word' id='word_1_804' title='bbox 2086 3622 2400 3692; x_wconf 83' lang='grc' dir='ltr'><strong>νομίζομεν’</strong></span> <span class='ocrx_word' id='word_1_805' title='bbox 2434 3621 2488 3674; x_wconf 86' lang='grc' dir='ltr'><strong>τί</strong></span> <span class='ocrx_word' id='word_1_806' title='bbox 2516 3617 2608 3675; x_wconf 80' lang='grc' dir='ltr'><strong>οῦν</strong></span> <span class='ocrx_word' id='word_1_807' title='bbox 2632 3621 2809 3675; x_wconf 89' lang='grc' dir='ltr'><strong>ταῦτα</strong></span> <span class='ocrx_word' id='word_1_808' title='bbox 2828 3622 2973 3690; x_wconf 85' lang='grc' dir='ltr'><strong>λέγει</strong></span> <span class='ocrx_word' id='word_1_809' title='bbox 2997 3641 3010 3690; x_wconf 91' lang='grc'><strong>;</strong></span> <span class='ocrx_word' id='word_1_810' title='bbox 3044 3623 3204 3676; x_wconf 79' lang='grc' dir='ltr'><strong>Ἀλλὰ</strong></span> <span class='ocrx_word' id='word_1_811' title='bbox 3228 3625 3364 3694; x_wconf 82' lang='grc' dir='ltr'><strong>πρὸς</strong></span> <span class='ocrx_word' id='word_1_812' title='bbox 3385 3628 3511 3690; x_wconf 74' lang='grc' dir='ltr'><strong>τοὺς</strong></span> <span class='ocrx_word' id='word_1_813' title='bbox 3539 3628 3769 3691; x_wconf 84' lang='grc' dir='ltr'><strong>πολλοὺς</strong></span> 
     </span>
    </p>
   </div>
   <div class='ocr_carea' id='block_1_96' title="bbox 2086 3706 3769 3786">
    <p class='ocr_par' dir='ltr' id='par_1_96' title="bbox 2086 3706 3769 3786">
     <span class='ocr_line' id='line_1_96' title="bbox 2086 3706 3769 3786; baseline 0.005 -23"><span class='ocrx_word' id='word_1_814' title='bbox 2086 3712 2114 3763; x_wconf 88' lang='grc' dir='ltr'><strong>ὁ</strong></span> <span class='ocrx_word' id='word_1_815' title='bbox 2146 3711 2302 3779; x_wconf 87' lang='grc' dir='ltr'><strong>λόγος</strong></span> <span class='ocrx_word' id='word_1_816' title='bbox 2327 3706 2394 3781; x_wconf 81' lang='grc' dir='ltr'><strong>ἦν</strong></span> <span class='ocrx_word' id='word_1_817' title='bbox 2423 3712 2573 3782; x_wconf 88' lang='grc' dir='ltr'><strong>αὑτῷ</strong></span> <span class='ocrx_word' id='word_1_818' title='bbox 2594 3727 2607 3739; x_wconf 85' lang='grc'><strong>·</strong></span> <span class='ocrx_word' id='word_1_819' title='bbox 2647 3711 2827 3775; x_wconf 88' lang='grc' dir='ltr'><strong>καλῶς</strong></span> <span class='ocrx_word' id='word_1_820' title='bbox 2854 3711 3026 3776; x_wconf 86' lang='grc' dir='ltr'><strong>οῦτως</strong></span> <span class='ocrx_word' id='word_1_821' title='bbox 3056 3709 3228 3766; x_wconf 85' lang='grc' dir='ltr'><strong>εἶπεν.</strong></span> <span class='ocrx_word' id='word_1_822' title='bbox 3263 3715 3325 3767; x_wconf 85' lang='grc' dir='ltr'><strong>Εἰ</strong></span> <span class='ocrx_word' id='word_1_823' title='bbox 3349 3715 3456 3785; x_wconf 84' lang='grc' dir='ltr'><strong>γὰρ</strong></span> <span class='ocrx_word' id='word_1_824' title='bbox 3482 3718 3643 3786; x_wconf 79' lang='grc' dir='ltr'><strong>ἡμεῖς</strong></span> <span class='ocrx_word' id='word_1_825' title='bbox 3668 3718 3769 3771; x_wconf 85' lang='grc' dir='ltr'><strong>οὑκ</strong></span> 
     </span>
    </p>
   </div>
   <div class='ocr_carea' id='block_1_97' title="bbox 2088 3804 3770 3879">
    <p class='ocr_par' dir='ltr' id='par_1_97' title="bbox 2088 3804 3770 3879">
     <span class='ocr_line' id='line_1_97' title="bbox 2088 3804 3770 3879; baseline 0.005 -24"><span class='ocrx_word' id='word_1_826' title='bbox 2088 3804 2255 3874; x_wconf 84' lang='grc' dir='ltr'><strong>ὲσμὲν</strong></span> <span class='ocrx_word' id='word_1_827' title='bbox 2289 3805 2463 3874; x_wconf 83' lang='grc' dir='ltr'><strong>ὅμοιοι</strong></span> <span class='ocrx_word' id='word_1_828' title='bbox 2512 3804 2744 3869; x_wconf 77' lang='grc' dir='ltr'><strong>ἐκείνοις</strong></span> <span class='ocrx_word' id='word_1_829' title='bbox 2772 3805 2833 3858; x_wconf 81' lang='grc' dir='ltr'><strong>τὸ</strong></span> <span class='ocrx_word' id='word_1_830' title='bbox 2877 3805 3019 3859; x_wconf 83' lang='grc' dir='ltr'><strong>κατά</strong></span> <span class='ocrx_word' id='word_1_831' title='bbox 3051 3805 3247 3876; x_wconf 69' lang='grc' dir='ltr'><strong>ψυχὴν,</strong></span> <span class='ocrx_word' id='word_1_832' title='bbox 3284 3807 3463 3878; x_wconf 84' lang='grc' dir='ltr'><strong>πολλῷ</strong></span> <span class='ocrx_word' id='word_1_833' title='bbox 3513 3809 3712 3879; x_wconf 80' lang='grc' dir='ltr'><strong>μᾶλλον</strong></span> <span class='ocrx_word' id='word_1_834' title='bbox 3740 3811 3770 3863; x_wconf 82' lang='grc' dir='ltr'><strong>ό</strong></span> 
     </span>
    </p>
   </div>
   <div class='ocr_carea' id='block_1_98' title="bbox 2088 3896 3769 3970">
    <p class='ocr_par' dir='ltr' id='par_1_98' title="bbox 2088 3896 3769 3970">
     <span class='ocr_line' id='line_1_98' title="bbox 2088 3896 3769 3970; baseline 0.002 -21"><span class='ocrx_word' id='word_1_835' title='bbox 2088 3896 2240 3960; x_wconf 89' lang='grc' dir='ltr'><strong>Θεός.</strong></span> <span class='ocrx_word' id='word_1_836' title='bbox 2273 3897 2426 3961; x_wconf 89' lang='grc' dir='ltr'><strong>Τέως</strong></span> <span class='ocrx_word' id='word_1_837' title='bbox 2476 3897 2679 3966; x_wconf 86' lang='grc' dir='ltr'><strong>ἀπάγει</strong></span> <span class='ocrx_word' id='word_1_838' title='bbox 2715 3898 2911 3961; x_wconf 79' lang='grc' dir='ltr'><strong>αὑτοὺς</strong></span> <span class='ocrx_word' id='word_1_839' title='bbox 2940 3897 3040 3966; x_wconf 79' lang='grc' dir='ltr'><strong>τῆς</strong></span> <span class='ocrx_word' id='word_1_840' title='bbox 3074 3897 3349 3960; x_wconf 84' lang='grc' dir='ltr'><strong>ὑπονοίας.</strong></span> <span class='ocrx_word' id='word_1_841' title='bbox 3387 3899 3460 3953; x_wconf 81' lang='grc' dir='ltr'><strong>Οὐ</strong></span> <span class='ocrx_word' id='word_1_842' title='bbox 3508 3899 3668 3970; x_wconf 84' lang='grc' dir='ltr'><strong>μόνον</strong></span> <span class='ocrx_word' id='word_1_843' title='bbox 3712 3900 3769 3952; x_wconf 85' lang='grc' dir='ltr'><strong>δὲ</strong></span> 
     </span>
    </p>
   </div>
   <div class='ocr_carea' id='block_1_99' title="bbox 2089 3988 3768 4060">
    <p class='ocr_par' dir='ltr' id='par_1_99' title="bbox 2089 3988 3768 4060">
     <span class='ocr_line' id='line_1_99' title="bbox 2089 3988 3768 4060; baseline 0.001 -18"><span class='ocrx_word' id='word_1_844' title='bbox 2089 3988 2407 4060; x_wconf 86' lang='grc' dir='ltr'><strong>χαράγματι</strong></span> <span class='ocrx_word' id='word_1_845' title='bbox 2456 3988 2651 4060; x_wconf 84' lang='grc' dir='ltr'><strong>τέχνης</strong></span> <span class='ocrx_word' id='word_1_846' title='bbox 2713 3989 2775 4041; x_wconf 85' lang='grc' dir='ltr'><strong>τὸ</strong></span> <span class='ocrx_word' id='word_1_847' title='bbox 2807 3988 2963 4042; x_wconf 83' lang='grc' dir='ltr'><strong>Θεῖον</strong></span> <span class='ocrx_word' id='word_1_848' title='bbox 3009 3989 3110 4042; x_wconf 90' lang='grc' dir='ltr'><strong>οὑκ</strong></span> <span class='ocrx_word' id='word_1_849' title='bbox 3157 3988 3305 4042; x_wconf 77' lang='grc' dir='ltr'><strong>ἔστιν</strong></span> <span class='ocrx_word' id='word_1_850' title='bbox 3340 3991 3524 4058; x_wconf 85' lang='grc' dir='ltr'><strong>ὅμοιον</strong></span> <span class='ocrx_word' id='word_1_851' title='bbox 3555 3989 3607 4054; x_wconf 77' lang='grc'><strong>(1,</strong></span> <span class='ocrx_word' id='word_1_852' title='bbox 3651 3991 3768 4044; x_wconf 83' lang='grc' dir='ltr'><strong>ἀλλ’</strong></span> 
     </span>
    </p>
   </div>
   <div class='ocr_carea' id='block_1_100' title="bbox 2087 4080 3771 4154">
    <p class='ocr_par' dir='ltr' id='par_1_100' title="bbox 2087 4080 3771 4154">
     <span class='ocr_line' id='line_1_100' title="bbox 2087 4080 3771 4154; baseline 0.002 -22"><span class='ocrx_word' id='word_1_853' title='bbox 2087 4081 2208 4134; x_wconf 78' lang='grc' dir='ltr'><strong>οὑδὲ</strong></span> <span class='ocrx_word' id='word_1_854' title='bbox 2236 4080 2372 4153; x_wconf 80' lang='grc' dir='ltr'><strong>ἄλλῃ</strong></span> <span class='ocrx_word' id='word_1_855' title='bbox 2395 4083 2500 4134; x_wconf 75' lang='grc' dir='ltr'><strong>τινὶ</strong></span> <span class='ocrx_word' id='word_1_856' title='bbox 2528 4081 2842 4153; x_wconf 80' lang='grc' dir='ltr'><strong>ἀνθρωπίνῃ</strong></span> <span class='ocrx_word' id='word_1_857' title='bbox 2877 4081 3102 4150; x_wconf 81' lang='grc' dir='ltr'><strong>ὑπονοίᾳ</strong></span> <span class='ocrx_word' id='word_1_858' title='bbox 3149 4081 3546 4136; x_wconf 78' lang='grc' dir='ltr'><strong>ὑποϐάλλεταιο</strong></span> <span class='ocrx_word' id='word_1_859' title='bbox 3594 4083 3626 4154; x_wconf 85' lang='grc' dir='ltr'>ἢ</span> <span class='ocrx_word' id='word_1_860' title='bbox 3661 4085 3771 4154; x_wconf 84' lang='grc' dir='ltr'><strong>γὰρ</strong></span> 
     </span>
    </p>
   </div>
   <div class='ocr_carea' id='block_1_101' title="bbox 2087 4165 3771 4243">
    <p class='ocr_par' dir='ltr' id='par_1_101' title="bbox 2087 4165 3771 4243">
     <span class='ocr_line' id='line_1_101' title="bbox 2087 4165 3771 4243; baseline -0.004 -15"><span class='ocrx_word' id='word_1_861' title='bbox 2087 4169 2252 4240; x_wconf 80' lang='grc' dir='ltr'><strong>τέχνη</strong></span> <span class='ocrx_word' id='word_1_862' title='bbox 2282 4169 2314 4239; x_wconf 83' lang='grc' dir='ltr'>ἢ</span> <span class='ocrx_word' id='word_1_863' title='bbox 2342 4170 2550 4223; x_wconf 87' lang='grc' dir='ltr'><strong>διάνοια</strong></span> <span class='ocrx_word' id='word_1_864' title='bbox 2582 4165 2726 4237; x_wconf 76' lang='grc' dir='ltr'><strong>εὗρε.</strong></span> <span class='ocrx_word' id='word_1_865' title='bbox 2760 4171 2860 4224; x_wconf 81' lang='grc' dir='ltr'><strong>Διά</strong></span> <span class='ocrx_word' id='word_1_866' title='bbox 2882 4168 3039 4222; x_wconf 90' lang='grc' dir='ltr'><strong>τοῦτο</strong></span> <span class='ocrx_word' id='word_1_867' title='bbox 3058 4169 3230 4233; x_wconf 87' lang='grc' dir='ltr'><strong>οῦτως</strong></span> <span class='ocrx_word' id='word_1_868' title='bbox 3249 4166 3402 4223; x_wconf 74' lang='grc' dir='ltr'><strong>εἶπεν</strong></span> <span class='ocrx_word' id='word_1_869' title='bbox 3427 4189 3441 4204; x_wconf 78' lang='grc' dir='ltr'><strong>ο</strong></span> <span class='ocrx_word' id='word_1_870' title='bbox 3469 4173 3646 4243; x_wconf 88' lang='grc' dir='ltr'><strong>Ὅπερ</strong></span> <span class='ocrx_word' id='word_1_871' title='bbox 3675 4171 3771 4228; x_wconf 80' lang='grc' dir='ltr'><strong>οὖν</strong></span> 
     </span>
    </p>
   </div>
   <div class='ocr_carea' id='block_1_102' title="bbox 2088 4254 3772 4332">
    <p class='ocr_par' dir='ltr' id='par_1_102' title="bbox 2088 4254 3772 4332">
     <span class='ocr_line' id='line_1_102' title="bbox 2088 4254 3772 4332; baseline 0.003 -18"><span class='ocrx_word' id='word_1_872' title='bbox 2088 4261 2248 4332; x_wconf 86' lang='grc' dir='ltr'><strong>τέχνη</strong></span> <span class='ocrx_word' id='word_1_873' title='bbox 2280 4260 2591 4332; x_wconf 82' lang='grc' dir='ltr'><strong>ἀνθρωπίνη</strong></span> <span class='ocrx_word' id='word_1_874' title='bbox 2631 4261 2898 4332; x_wconf 85' lang='grc' dir='ltr'><strong>ἢδιάνοια</strong></span> <span class='ocrx_word' id='word_1_875' title='bbox 2935 4254 3084 4332; x_wconf 77' lang='grc' dir='ltr'><strong>εὗρε,</strong></span> <span class='ocrx_word' id='word_1_876' title='bbox 3113 4262 3270 4314; x_wconf 89' lang='grc' dir='ltr'><strong>τοῦτο</strong></span> <span class='ocrx_word' id='word_1_877' title='bbox 3313 4264 3340 4315; x_wconf 90' lang='grc' dir='ltr'><strong>ό</strong></span> <span class='ocrx_word' id='word_1_878' title='bbox 3373 4262 3527 4328; x_wconf 78' lang='grc' dir='ltr'><strong>Θεὸς,</strong></span> <span class='ocrx_word' id='word_1_879' title='bbox 3556 4265 3652 4317; x_wconf 82' lang='grc' dir='ltr'><strong>καὶ</strong></span> <span class='ocrx_word' id='word_1_880' title='bbox 3711 4267 3772 4319; x_wconf 86' lang='grc' dir='ltr'><strong>ὲν</strong></span> 
     </span>
    </p>
   </div>
   <div class='ocr_carea' id='block_1_103' title="bbox 2086 4349 3771 4427">
    <p class='ocr_par' dir='ltr' id='par_1_103' title="bbox 2086 4349 3771 4427">
     <span class='ocr_line' id='line_1_103' title="bbox 2086 4349 3771 4427; baseline 0.002 -21"><span class='ocrx_word' id='word_1_881' title='bbox 2086 4355 2221 4424; x_wconf 82' lang='grc' dir='ltr'><strong>λίθῳ</strong></span> <span class='ocrx_word' id='word_1_882' title='bbox 2251 4353 2408 4406; x_wconf 84' lang='grc' dir='ltr'><strong>οὑσία</strong></span> <span class='ocrx_word' id='word_1_883' title='bbox 2455 4352 2592 4406; x_wconf 86' lang='grc' dir='ltr'><strong>Θεοῦ</strong></span> <span class='ocrx_word' id='word_1_884' title='bbox 2613 4370 2626 4384; x_wconf 88' lang='grc'><strong>·</strong></span> <span class='ocrx_word' id='word_1_885' title='bbox 2659 4353 2776 4416; x_wconf 88' lang='grc' dir='ltr'><strong>πῶς</strong></span> <span class='ocrx_word' id='word_1_886' title='bbox 2814 4349 2927 4417; x_wconf 83' lang='grc' dir='ltr'><strong>οῦν,</strong></span> <span class='ocrx_word' id='word_1_887' title='bbox 2962 4355 3010 4405; x_wconf 90' lang='grc' dir='ltr'><strong>εἰ</strong></span> <span class='ocrx_word' id='word_1_888' title='bbox 3049 4354 3106 4405; x_wconf 79' lang='grc' dir='ltr'><strong>ἐν</strong></span> <span class='ocrx_word' id='word_1_889' title='bbox 3140 4353 3287 4423; x_wconf 84' lang='grc' dir='ltr'><strong>αὑτῷ</strong></span> <span class='ocrx_word' id='word_1_890' title='bbox 3319 4352 3522 4424; x_wconf 87' lang='grc' dir='ltr'><strong>ζῶμεν,</strong></span> <span class='ocrx_word' id='word_1_891' title='bbox 3550 4356 3649 4427; x_wconf 83' lang='grc' dir='ltr'><strong>οὑχ</strong></span> <span class='ocrx_word' id='word_1_892' title='bbox 3681 4358 3771 4410; x_wconf 84' lang='grc' dir='ltr'><strong>εὑ-</strong></span> 
     </span>
    </p>
   </div>
   <div class='ocr_carea' id='block_1_104' title="bbox 2090 4443 3768 4519">
    <p class='ocr_par' dir='ltr' id='par_1_104' title="bbox 2090 4443 3768 4519">
     <span class='ocr_line' id='line_1_104' title="bbox 2090 4443 3768 4519; baseline 0.002 -22"><span class='ocrx_word' id='word_1_893' title='bbox 2090 4444 2353 4516; x_wconf 89' lang='grc' dir='ltr'><strong>ρίσκομεν</strong></span> <span class='ocrx_word' id='word_1_894' title='bbox 2382 4445 2577 4510; x_wconf 89' lang='grc' dir='ltr'><strong>αὑτόν;</strong></span> <span class='ocrx_word' id='word_1_895' title='bbox 2612 4443 2846 4497; x_wconf 85' lang='grc' dir='ltr'><strong>Διπλοῦν</strong></span> <span class='ocrx_word' id='word_1_896' title='bbox 2875 4444 2936 4496; x_wconf 78' lang='grc' dir='ltr'><strong>τὸ</strong></span> <span class='ocrx_word' id='word_1_897' title='bbox 2959 4443 3232 4515; x_wconf 80' lang='grc' dir='ltr'><strong>ἔγκλημα,</strong></span> <span class='ocrx_word' id='word_1_898' title='bbox 3255 4446 3337 4498; x_wconf 80' lang='grc' dir='ltr'><strong>ὅτι</strong></span> <span class='ocrx_word' id='word_1_899' title='bbox 3358 4462 3418 4498; x_wconf 90' lang='grc' dir='ltr'><strong>τε</strong></span> <span class='ocrx_word' id='word_1_900' title='bbox 3445 4447 3650 4500; x_wconf 78' lang='grc' dir='ltr'><strong>ἐκεῖνον</strong></span> <span class='ocrx_word' id='word_1_901' title='bbox 3671 4448 3768 4519; x_wconf 86' lang='grc' dir='ltr'><strong>οὑχ</strong></span> 
     </span>
    </p>
   </div>
   <div class='ocr_carea' id='block_1_105' title="bbox 2088 4531 3771 4609">
    <p class='ocr_par' dir='ltr' id='par_1_105' title="bbox 2088 4531 3771 4609">
     <span class='ocr_line' id='line_1_105' title="bbox 2088 4531 3771 4609; baseline 0.002 -19"><span class='ocrx_word' id='word_1_902' title='bbox 2088 4533 2268 4609; x_wconf 77' lang='grc' dir='ltr'><strong>εὗρον,</strong></span> <span class='ocrx_word' id='word_1_903' title='bbox 2309 4537 2404 4590; x_wconf 67' lang='grc' dir='ltr'><strong>καὶ</strong></span> <span class='ocrx_word' id='word_1_904' title='bbox 2449 4537 2532 4590; x_wconf 83' lang='grc' dir='ltr'><strong>ὅτι</strong></span> <span class='ocrx_word' id='word_1_905' title='bbox 2579 4535 2854 4600; x_wconf 85' lang='grc' dir='ltr'><strong>τοιούτους</strong></span> <span class='ocrx_word' id='word_1_906' title='bbox 2915 4531 3094 4606; x_wconf 76' lang='grc' dir='ltr'><strong>εὗρον.</strong></span> <span class='ocrx_word' id='word_1_907' title='bbox 3175 4536 3424 4608; x_wconf 85' lang='grc' dir='ltr'><strong>Οὑδαμοῦ</strong></span> <span class='ocrx_word' id='word_1_908' title='bbox 3476 4539 3511 4609; x_wconf 78' lang='grc' dir='ltr'><strong>ἡ</strong></span> <span class='ocrx_word' id='word_1_909' title='bbox 3562 4537 3771 4594; x_wconf 83' lang='grc' dir='ltr'><strong>διάνοια</strong></span> 
     </span>
    </p>
   </div>
   <div class='ocr_carea' id='block_1_106' title="bbox 2089 4626 3771 4699">
    <p class='ocr_par' dir='ltr' id='par_1_106' title="bbox 2089 4626 3771 4699">
     <span class='ocr_line' id='line_1_106' title="bbox 2089 4626 3771 4699; baseline 0.003 -18"><span class='ocrx_word' id='word_1_910' title='bbox 2089 4627 2403 4695; x_wconf 82' lang='grc' dir='ltr'><strong>ἀξιόπιστος</strong></span> <span class='ocrx_word' id='word_1_911' title='bbox 2455 4626 2576 4679; x_wconf 88' lang='grc' dir='ltr'><strong>καθ’</strong></span> <span class='ocrx_word' id='word_1_912' title='bbox 2602 4628 2825 4698; x_wconf 80' lang='grc' dir='ltr'><strong>ἑαυτήν.</strong></span> <span class='ocrx_word' id='word_1_913' title='bbox 2874 4627 3013 4680; x_wconf 81' lang='grc' dir='ltr'><strong>Ἀλλ’</strong></span> <span class='ocrx_word' id='word_1_914' title='bbox 3049 4627 3237 4699; x_wconf 79' lang='grc' dir='ltr'><strong>ἐπειδὴ</strong></span> <span class='ocrx_word' id='word_1_915' title='bbox 3268 4631 3553 4683; x_wconf 87' lang='grc' dir='ltr'><strong>κατέσεισε</strong></span> <span class='ocrx_word' id='word_1_916' title='bbox 3589 4633 3771 4686; x_wconf 89' lang='grc' dir='ltr'><strong>αὑτῶν</strong></span> 
     </span>
    </p>
   </div>
   <div class='ocr_carea' id='block_1_107' title="bbox 2087 4719 3771 4793">
    <p class='ocr_par' dir='ltr' id='par_1_107' title="bbox 2087 4719 3771 4793">
     <span class='ocr_line' id='line_1_107' title="bbox 2087 4719 3771 4793; baseline 0.005 -23"><span class='ocrx_word' id='word_1_917' title='bbox 2087 4721 2186 4792; x_wconf 78' lang='grc' dir='ltr'><strong>τὴν</strong></span> <span class='ocrx_word' id='word_1_918' title='bbox 2216 4723 2392 4793; x_wconf 76' lang='grc' dir='ltr'><strong>ψυχὴν</strong></span> <span class='ocrx_word' id='word_1_919' title='bbox 2439 4722 2618 4788; x_wconf 84' lang='grc' dir='ltr'><strong>δείξας</strong></span> <span class='ocrx_word' id='word_1_920' title='bbox 2648 4719 3116 4789; x_wconf 82' lang='grc' dir='ltr'><strong>ἀναπολογήτους,</strong></span> <span class='ocrx_word' id='word_1_921' title='bbox 3153 4719 3253 4790; x_wconf 78' lang='grc' dir='ltr'><strong>ὅρα</strong></span> <span class='ocrx_word' id='word_1_922' title='bbox 3278 4720 3330 4771; x_wconf 86' lang='grc' dir='ltr'><strong>τί</strong></span> <span class='ocrx_word' id='word_1_923' title='bbox 3361 4722 3586 4790; x_wconf 75' lang='grc' dir='ltr'><strong>ἐπάγει·</strong></span> <span class='ocrx_word' id='word_1_924' title='bbox 3627 4726 3771 4791; x_wconf 80' lang='grc' dir='ltr'><strong>Τοὺς</strong></span> 
     </span>
    </p>
   </div>
   <div class='ocr_carea' id='block_1_108' title="bbox 2085 4811 3773 4887">
    <p class='ocr_par' dir='ltr' id='par_1_108' title="bbox 2085 4811 3773 4887">
     <span class='ocr_line' id='line_1_108' title="bbox 2085 4811 3773 4887; baseline 0.002 -19"><span class='ocrx_word' id='word_1_925' title='bbox 2085 4816 2204 4884; x_wconf 82' lang='grc' dir='ltr'><strong>μὲν</strong></span> <span class='ocrx_word' id='word_1_926' title='bbox 2240 4815 2498 4884; x_wconf 79' lang='grc' dir='ltr'><strong>χρόνους</strong></span> <span class='ocrx_word' id='word_1_927' title='bbox 2525 4813 2636 4883; x_wconf 82' lang='grc' dir='ltr'><strong>τῆς</strong></span> <span class='ocrx_word' id='word_1_928' title='bbox 2661 4813 2909 4882; x_wconf 78' lang='grc' dir='ltr'><strong>ἀγνοίας</strong></span> <span class='ocrx_word' id='word_1_929' title='bbox 2935 4811 3251 4880; x_wconf 75' lang='grc' dir='ltr'><strong>ὑπεριδὼν,</strong></span> <span class='ocrx_word' id='word_1_930' title='bbox 3303 4814 3494 4867; x_wconf 77' lang='grc' dir='ltr'><strong>τανῦν</strong></span> <span class='ocrx_word' id='word_1_931' title='bbox 3545 4829 3773 4887; x_wconf 78' lang='grc' dir='ltr'><strong>παραγ-</strong></span> 
     </span>
    </p>
   </div>
   <div class='ocr_carea' id='block_1_109' title="bbox 2093 4903 3773 4978">
    <p class='ocr_par' dir='ltr' id='par_1_109' title="bbox 2093 4903 3773 4978">
     <span class='ocr_line' id='line_1_109' title="bbox 2093 4903 3773 4978; baseline 0.001 -17"><span class='ocrx_word' id='word_1_932' title='bbox 2093 4908 2293 4978; x_wconf 71' lang='grc' dir='ltr'><strong>γέλλει</strong></span> <span class='ocrx_word' id='word_1_933' title='bbox 2322 4906 2446 4973; x_wconf 77' lang='grc' dir='ltr'><strong>τοῖς</strong></span> <span class='ocrx_word' id='word_1_934' title='bbox 2463 4905 2795 4971; x_wconf 77' lang='grc' dir='ltr'><strong>ἀνθρώποις</strong></span> <span class='ocrx_word' id='word_1_935' title='bbox 2819 4903 2969 4959; x_wconf 83' lang='grc' dir='ltr'><strong>πᾶσι</strong></span> <span class='ocrx_word' id='word_1_936' title='bbox 2998 4904 3310 4973; x_wconf 80' lang='grc' dir='ltr'><strong>πανταχοῦ</strong></span> <span class='ocrx_word' id='word_1_937' title='bbox 3328 4907 3664 4974; x_wconf 83' lang='grc' dir='ltr'><strong>μετανοεῖν.</strong></span> <span class='ocrx_word' id='word_1_938' title='bbox 3707 4910 3773 4962; x_wconf 88' lang='grc' dir='ltr'><strong>Τί</strong></span> 
     </span>
    </p>
   </div>
   <div class='ocr_carea' id='block_1_110' title="bbox 2090 4993 3773 5063">
    <p class='ocr_par' dir='ltr' id='par_1_110' title="bbox 2090 4993 3773 5063">
     <span class='ocr_line' id='line_1_110' title="bbox 2090 4993 3773 5063; baseline -0.002 -10"><span class='ocrx_word' id='word_1_939' title='bbox 2090 4995 2217 5063; x_wconf 77' lang='grc' dir='ltr'><strong>οὗν;</strong></span> <span class='ocrx_word' id='word_1_940' title='bbox 2266 4995 2442 5056; x_wconf 76' lang='grc' dir='ltr'><strong>οὐδεὶς</strong></span> <span class='ocrx_word' id='word_1_941' title='bbox 2499 4994 2790 5058; x_wconf 78' lang='grc' dir='ltr'><strong>κολάζεται</strong></span> <span class='ocrx_word' id='word_1_942' title='bbox 2821 4993 3060 5054; x_wconf 79' lang='grc' dir='ltr'><strong>τούτωνς</strong></span> <span class='ocrx_word' id='word_1_943' title='bbox 3121 4993 3308 5056; x_wconf 71' lang='grc' dir='ltr'><strong>Οὐδεὶς</strong></span> <span class='ocrx_word' id='word_1_944' title='bbox 3354 4994 3465 5048; x_wconf 90' lang='grc' dir='ltr'><strong>τῶν</strong></span> <span class='ocrx_word' id='word_1_945' title='bbox 3513 4995 3773 5050; x_wconf 78' lang='grc' dir='ltr'><strong>θελόντων</strong></span> 
     </span>
    </p>
   </div>
   <div class='ocr_carea' id='block_1_111' title="bbox 2096 5083 3772 5161">
    <p class='ocr_par' dir='ltr' id='par_1_111' title="bbox 2096 5083 3772 5161">
     <span class='ocr_line' id='line_1_111' title="bbox 2096 5083 3772 5161; baseline -0.002 -19"><span class='ocrx_word' id='word_1_946' title='bbox 2096 5091 2395 5161; x_wconf 89' lang='grc' dir='ltr'><strong>μετανοεῖν.</strong></span> <span class='ocrx_word' id='word_1_947' title='bbox 2420 5086 2556 5157; x_wconf 72' lang='grc' dir='ltr'><strong>Περὶ</strong></span> <span class='ocrx_word' id='word_1_948' title='bbox 2583 5083 2787 5138; x_wconf 83' lang='grc' dir='ltr'><strong>τούτων</strong></span> <span class='ocrx_word' id='word_1_949' title='bbox 2812 5084 2978 5152; x_wconf 88' lang='grc' dir='ltr'><strong>λέγει,</strong></span> <span class='ocrx_word' id='word_1_950' title='bbox 3010 5083 3071 5136; x_wconf 83' lang='grc' dir='ltr'><strong>οὐ</strong></span> <span class='ocrx_word' id='word_1_951' title='bbox 3099 5085 3225 5155; x_wconf 81' lang='grc' dir='ltr'><strong>περὶ</strong></span> <span class='ocrx_word' id='word_1_952' title='bbox 3250 5084 3355 5138; x_wconf 88' lang='grc' dir='ltr'><strong>τῶν</strong></span> <span class='ocrx_word' id='word_1_953' title='bbox 3406 5086 3772 5150; x_wconf 84' lang='grc' dir='ltr'><strong>ἀπελθόντων,</strong></span> 
     </span>
    </p>
   </div>
   <div class='ocr_carea' id='block_1_112' title="bbox 2094 5177 3770 5250">
    <p class='ocr_par' dir='ltr' id='par_1_112' title="bbox 2094 5177 3770 5250">
     <span class='ocr_line' id='line_1_112' title="bbox 2094 5177 3770 5250; baseline -0.003 -14"><span class='ocrx_word' id='word_1_954' title='bbox 2094 5183 2207 5236; x_wconf 70' lang='grc' dir='ltr'><strong>ἀλλ’</strong></span> <span class='ocrx_word' id='word_1_955' title='bbox 2231 5177 2312 5244; x_wconf 75' lang='grc' dir='ltr'><strong>οἷς</strong></span> <span class='ocrx_word' id='word_1_956' title='bbox 2342 5178 2732 5250; x_wconf 85' lang='grc' dir='ltr'><strong>παραγγέλλει.</strong></span> <span class='ocrx_word' id='word_1_957' title='bbox 2767 5177 2880 5230; x_wconf 83' lang='grc' dir='ltr'><strong>υὺκ</strong></span> <span class='ocrx_word' id='word_1_958' title='bbox 2907 5179 3129 5231; x_wconf 87' lang='grc' dir='ltr'><strong>ἁπαιτεῖ</strong></span> <span class='ocrx_word' id='word_1_959' title='bbox 3178 5177 3334 5246; x_wconf 85' lang='grc' dir='ltr'><strong>λόγον</strong></span> <span class='ocrx_word' id='word_1_960' title='bbox 3366 5179 3531 5247; x_wconf 81' lang='grc' dir='ltr'><strong>ὑμᾶς,</strong></span> <span class='ocrx_word' id='word_1_961' title='bbox 3585 5180 3770 5250; x_wconf 83' lang='grc' dir='ltr'><strong>φησίν.</strong></span> 
     </span>
    </p>
   </div>
   <div class='ocr_carea' id='block_1_113' title="bbox 2097 5265 3775 5340">
    <p class='ocr_par' dir='ltr' id='par_1_113' title="bbox 2097 5265 3775 5340">
     <span class='ocr_line' id='line_1_113' title="bbox 2097 5265 3775 5340; baseline -0.003 -13"><span class='ocrx_word' id='word_1_962' title='bbox 2097 5273 2211 5327; x_wconf 83' lang='grc' dir='ltr'><strong>Οὐκ</strong></span> <span class='ocrx_word' id='word_1_963' title='bbox 2237 5268 2409 5336; x_wconf 85' lang='grc' dir='ltr'><strong>εἶπεν,</strong></span> <span class='ocrx_word' id='word_1_964' title='bbox 2448 5272 2685 5334; x_wconf 87' lang='grc' dir='ltr'><strong>Ἐκεῖνος</strong></span> <span class='ocrx_word' id='word_1_965' title='bbox 2729 5269 3016 5340; x_wconf 89' lang='grc' dir='ltr'><strong>παρεῖδεν·</strong></span> <span class='ocrx_word' id='word_1_966' title='bbox 3051 5269 3151 5322; x_wconf 90' lang='grc' dir='ltr'><strong>οὑκ</strong></span> <span class='ocrx_word' id='word_1_967' title='bbox 3178 5265 3354 5332; x_wconf 79' lang='grc' dir='ltr'><strong>εἶπεν,</strong></span> <span class='ocrx_word' id='word_1_968' title='bbox 3390 5270 3586 5322; x_wconf 80' lang='grc' dir='ltr'><strong>Είασεν</strong></span> <span class='ocrx_word' id='word_1_969' title='bbox 3608 5287 3622 5301; x_wconf 86' lang='grc'><strong>·</strong></span> <span class='ocrx_word' id='word_1_970' title='bbox 3658 5271 3775 5322; x_wconf 78' lang='grc' dir='ltr'><strong>ἀλλ’</strong></span> 
     </span>
    </p>
   </div>
   <div class='ocr_carea' id='block_1_114' title="bbox 2107 5361 3775 5436">
    <p class='ocr_par' dir='ltr' id='par_1_114' title="bbox 2107 5361 3775 5436">
     <span class='ocr_line' id='line_1_114' title="bbox 2107 5361 3775 5436; baseline -0.002 -18"><span class='ocrx_word' id='word_1_971' title='bbox 2107 5366 2297 5436; x_wconf 82' lang='grc' dir='ltr'><strong>Ὑμεῖς</strong></span> <span class='ocrx_word' id='word_1_972' title='bbox 2328 5365 2654 5435; x_wconf 78' lang='grc' dir='ltr'><strong>ἡγνοήσατε.</strong></span> <span class='ocrx_word' id='word_1_973' title='bbox 2697 5361 3014 5433; x_wconf 77' lang='grc' dir='ltr'><strong>’Υπερεῖδεν</strong></span> <span class='ocrx_word' id='word_1_974' title='bbox 3035 5377 3047 5388; x_wconf 83' lang='grc'><strong>’</strong></span> <span class='ocrx_word' id='word_1_975' title='bbox 3083 5361 3382 5426; x_wconf 86' lang='grc' dir='ltr'><strong>τουτέστιν,</strong></span> <span class='ocrx_word' id='word_1_976' title='bbox 3421 5362 3521 5414; x_wconf 86' lang='grc' dir='ltr'><strong>οὐκ</strong></span> <span class='ocrx_word' id='word_1_977' title='bbox 3551 5362 3775 5415; x_wconf 84' lang='grc' dir='ltr'><strong>ἀπαιτεί</strong></span> 
     </span>
    </p>
   </div>
   <div class='ocr_carea' id='block_1_115' title="bbox 2099 5453 3771 5522">
    <p class='ocr_par' dir='ltr' id='par_1_115' title="bbox 2099 5453 3771 5522">
     <span class='ocr_line' id='line_1_115' title="bbox 2099 5453 3771 5522; baseline -0.004 -12"><span class='ocrx_word' id='word_1_978' title='bbox 2099 5457 2319 5510; x_wconf 82' lang='grc' dir='ltr'><strong>κόλασιν</strong></span> <span class='ocrx_word' id='word_1_979' title='bbox 2348 5457 2425 5520; x_wconf 88' lang='grc' dir='ltr'><strong>ὡς</strong></span> <span class='ocrx_word' id='word_1_980' title='bbox 2447 5455 2629 5522; x_wconf 81' lang='grc' dir='ltr'><strong>ἀξίους</strong></span> <span class='ocrx_word' id='word_1_981' title='bbox 2660 5455 2816 5517; x_wconf 73' lang='grc' dir='ltr'><strong>ὄντας</strong></span> <span class='ocrx_word' id='word_1_982' title='bbox 2855 5453 3147 5515; x_wconf 86' lang='grc' dir='ltr'><strong>κολάσεως.</strong></span> <span class='ocrx_word' id='word_1_983' title='bbox 3186 5453 3545 5522; x_wconf 85' lang='grc' dir='ltr'><strong>Ἡγνοήσατε.</strong></span> <span class='ocrx_word' id='word_1_984' title='bbox 3580 5454 3688 5507; x_wconf 71' lang='grc' dir='ltr'><strong>Καὶ</strong></span> <span class='ocrx_word' id='word_1_985' title='bbox 3710 5453 3771 5505; x_wconf 64' lang='lat' dir='ltr'><strong>uia</strong></span> 
     </span>
    </p>
   </div>
   <div class='ocr_carea' id='block_1_116' title="bbox 2098 5544 3774 5620">
    <p class='ocr_par' dir='ltr' id='par_1_116' title="bbox 2098 5544 3774 5620">
     <span class='ocr_line' id='line_1_116' title="bbox 2098 5544 3774 5620; baseline -0.004 -17"><span class='ocrx_word' id='word_1_986' title='bbox 2098 5551 2269 5620; x_wconf 88' lang='grc' dir='ltr'><strong>λέγει,</strong></span> <span class='ocrx_word' id='word_1_987' title='bbox 2317 5550 2566 5613; x_wconf 86' lang='grc' dir='ltr'><strong>Ἐκόντες</strong></span> <span class='ocrx_word' id='word_1_988' title='bbox 2632 5548 3106 5618; x_wconf 82' lang='grc' dir='ltr'><strong>ὲκακουργήσατε,</strong></span> <span class='ocrx_word' id='word_1_989' title='bbox 3151 5545 3287 5599; x_wconf 82' lang='grc' dir='ltr'><strong>ἀλλά</strong></span> <span class='ocrx_word' id='word_1_990' title='bbox 3334 5544 3494 5598; x_wconf 86' lang='grc' dir='ltr'><strong>τοῦτο</strong></span> <span class='ocrx_word' id='word_1_991' title='bbox 3544 5547 3632 5598; x_wconf 73' lang='grc' dir='ltr'><strong>διὰ</strong></span> <span class='ocrx_word' id='word_1_992' title='bbox 3663 5544 3774 5597; x_wconf 87' lang='grc' dir='ltr'><strong>τῶν</strong></span> 
     </span>
    </p>
   </div>
   <div class='ocr_carea' id='block_1_117' title="bbox 2100 5633 3778 5707">
    <p class='ocr_par' dir='ltr' id='par_1_117' title="bbox 2100 5633 3778 5707">
     <span class='ocr_line' id='line_1_117' title="bbox 2100 5633 3778 5707; baseline -0.006 -11"><span class='ocrx_word' id='word_1_993' title='bbox 2100 5642 2212 5696; x_wconf 80' lang='grc' dir='ltr'><strong>ἀνω</strong></span> <span class='ocrx_word' id='word_1_994' title='bbox 2235 5641 2425 5706; x_wconf 75' lang='grc' dir='ltr'><strong>ἔδειξε,</strong></span> <span class='ocrx_word' id='word_1_995' title='bbox 2448 5638 2764 5707; x_wconf 80' lang='grc' dir='ltr'><strong>Πανταχοῦ</strong></span> <span class='ocrx_word' id='word_1_996' title='bbox 2781 5634 3115 5706; x_wconf 77' lang='grc' dir='ltr'><strong>μετανοεῖν,</strong></span> <span class='ocrx_word' id='word_1_997' title='bbox 3154 5633 3341 5692; x_wconf 77' lang='grc' dir='ltr'><strong>εἰπών.</strong></span> <span class='ocrx_word' id='word_1_998' title='bbox 3378 5634 3641 5689; x_wconf 82' lang='grc' dir='ltr'><strong>Ἐνταῦθα</strong></span> <span class='ocrx_word' id='word_1_999' title='bbox 3675 5635 3778 5689; x_wconf 79' lang='grc' dir='ltr'><strong>πᾶ-</strong></span> 
     </span>
    </p>
   </div>
   <div class='ocr_carea' id='block_1_118' title="bbox 2106 5727 3040 5804">
    <p class='ocr_par' dir='ltr' id='par_1_118' title="bbox 2106 5727 3040 5804">
     <span class='ocr_line' id='line_1_118' title="bbox 2106 5727 3040 5804; baseline -0.007 -17"><span class='ocrx_word' id='word_1_1000' title='bbox 2106 5753 2202 5790; x_wconf 88' lang='grc' dir='ltr'><strong>σαν</strong></span> <span class='ocrx_word' id='word_1_1001' title='bbox 2235 5736 2334 5804; x_wconf 82' lang='grc' dir='ltr'><strong>τὴν</strong></span> <span class='ocrx_word' id='word_1_1002' title='bbox 2368 5731 2693 5800; x_wconf 82' lang='grc' dir='ltr'><strong>οἰκουμένην</strong></span> <span class='ocrx_word' id='word_1_1003' title='bbox 2725 5727 3040 5782; x_wconf 87' lang='grc' dir='ltr'><strong>αἰνίττεται.</strong></span> 
     </span>
    </p>
   </div>
   <div class='ocr_carea' id='block_1_119' title="bbox 2172 5937 3765 6008">
    <p class='ocr_par' dir='ltr' id='par_1_119' title="bbox 2172 5937 3765 6008">
     <span class='ocr_line' id='line_1_119' title="bbox 2172 5937 3765 6008; baseline -0.008 -13"><span class='ocrx_word' id='word_1_1004' title='bbox 2172 5957 2195 5984; x_wconf 70' lang='grc' dir='ltr'><strong>θ</strong></span> <span class='ocrx_word' id='word_1_1005' title='bbox 2219 5950 2434 6008; x_wconf 69' lang='grc' dir='ltr'><strong>Νομίζειν</strong></span> <span class='ocrx_word' id='word_1_1006' title='bbox 2479 5947 2622 5994; x_wconf 78' lang='lat' dir='ltr'><strong>deest</strong></span> <span class='ocrx_word' id='word_1_1007' title='bbox 2643 5945 2691 5990; x_wconf 91' lang='lat' dir='ltr'><strong>in</strong></span> <span class='ocrx_word' id='word_1_1008' title='bbox 2720 5941 2891 5992; x_wconf 77' lang='lat' dir='ltr'><strong>Morel.</strong></span> <span class='ocrx_word' id='word_1_1009' title='bbox 2991 5937 3017 5978; x_wconf 70' lang='grc' dir='ltr'><strong><em>ἀ</em></strong></span> <span class='ocrx_word' id='word_1_1010' title='bbox 3043 5940 3221 5999; x_wconf 74' lang='lat' dir='ltr'><strong>Verba,</strong></span> <span class='ocrx_word' id='word_1_1011' title='bbox 3272 5942 3326 5990; x_wconf 77' lang='grc' dir='ltr'><strong>οὐ</strong></span> <span class='ocrx_word' id='word_1_1012' title='bbox 3361 5940 3558 6003; x_wconf 80' lang='grc' dir='ltr'><strong>μόνον...</strong></span> <span class='ocrx_word' id='word_1_1013' title='bbox 3586 5939 3765 5999; x_wconf 72' lang='grc' dir='ltr'><strong>ὅμοιον,</strong></span> 
     </span>
    </p>
   </div>
   <div class='ocr_carea' id='block_1_120' title="bbox 2115 6008 2712 6068">
    <p class='ocr_par' dir='ltr' id='par_1_120' title="bbox 2115 6008 2712 6068">
     <span class='ocr_line' id='line_1_120' title="bbox 2115 6008 2712 6068; baseline -0.017 0"><span class='ocrx_word' id='word_1_1014' title='bbox 2115 6017 2295 6068; x_wconf 73' lang='lat' dir='ltr'><strong>desunt</strong></span> <span class='ocrx_word' id='word_1_1015' title='bbox 2319 6011 2366 6062; x_wconf 85' lang='lat' dir='ltr'><strong>in</strong></span> <span class='ocrx_word' id='word_1_1016' title='bbox 2394 6009 2548 6061; x_wconf 71' lang='lat' dir='ltr'><strong>tribus</strong></span> <span class='ocrx_word' id='word_1_1017' title='bbox 2575 6008 2712 6058; x_wconf 66' lang='lat' dir='ltr'><strong>«add.</strong></span> 
     </span>
    </p>
   </div>
  </div>
