4112 6424
422 348 490 400 75
1200 340 1257 393 S.
1297 335 1581 393 JOANNIS
1620 329 2112 389 CIIRYSOSTOMI
2151 330 2474 389 ARCIHEP.
2515 331 3064 390 CONSTAIVTINOP.

449 464 512 515 δ’.
547 461 690 531 Ὅρα
709 459 823 521 πῶς
841 456 1035 519 αὐτοὺς
1053 454 1251 522 ἀπάγει
1278 452 1386 506 τῶν
1411 449 1669 522 μερικῶν.
1701 449 1854 501 Διότι
1883 447 2060 512 ἔστη-

381 564 496 602 σεν
528 547 778 616 ἡμέραν,
813 545 994 614 φησὶν,
1026 543 1096 595 ἐν
1119 535 1159 613 ᾖ
1183 540 1397 610 μέλλει
1441 539 1670 605 κρίνειν
1715 537 1830 602 τὴν
1863 537 2058 587 οἰκου-

378 635 574 705 μένην
627 634 696 687 ἐν
746 631 1122 698 δικαιοσύνῃ.
1161 629 1328 698 Ὅρα’
1394 625 1554 678 πάλιν
1603 623 1702 694 τὴν
1735 621 2057 691 οἰκουμένην

384 702 558 789 εἶπεν,
596 720 735 774 οὑτω
766 720 895 782 τοὺς
923 716 1020 771 ἀνθ
1032 716 1244 788 ρώπους
1277 712 1478 766 καλῶν.
1519 711 1625 764 Ἕν
1652 709 1823 777 ἀνδρί
1849 702 1897 774 ᾧ
1925 707 2051 775 ὤρι-

385 823 519 872 σεν,
571 805 930 875 ἀναστήσας
969 803 1156 857 αὑτὸν
1187 803 1254 854 ἐκ
1277 798 1526 868 νεκρῶν.
1561 798 1703 869 Ὅρα
1755 795 1872 858 πῶς
1903 795 2061 848 πάλιν

378 897 444 951 τ’)
472 895 642 958 πάθος
671 894 962 963 ἐδήλωσεν,
993 889 1344 951 ἀναστάσεως
1394 883 1793 958 μνημονεύσας.
1827 883 1950 935 ’Ὅτι
2005 881 2062 934 δέ

383 983 591 1054 ἀληθὴς
618 984 652 1052 ἡ
685 980 886 1050 κρίσις,
925 978 1080 1048 δῆλον
1111 980 1175 1029 ἐκ
1210 976 1309 1046 τῆς
1350 975 1727 1036 ἀναστάσεως’
1792 986 2064 1038 συγκατα-

387 1073 713 1135 σκευάςεται
751 1069 859 1139 γάρ
885 1084 899 1098 ⁸
937 1067 1029 1120 καὶ
1058 1067 1139 1118 ὅτι
1175 1065 1348 1117 πάντα
1374 1061 1602 1132 ἀληθεία
1639 1057 1782 1123 εἷπε,
1817 1059 1977 1128 δῆλον
2004 1055 2065 1120 ἐξ

384 1155 460 1212 ὧν
513 1159 736 1227 ἀνέστη.
774 1157 895 1208 ’Ὁτι
925 1155 980 1206 δέ
1031 1153 1124 1206 καὶ
1156 1154 1287 1205 πᾶσι
1314 1150 1520 1220 ταύτην
1569 1151 1826 1220 παρεῖχον
1858 1146 2060 1208 πίστιν,

384 1246 446 1298 τὸ
480 1247 769 1314 ἀναστῆναι
795 1241 956 1295 αὑτὸν
984 1243 1048 1293 ἐκ
1071 1239 1300 1310 νεκρῶν,
1355 1239 1449 1292 καὶ
1480 1237 1638 1290 τοῦτο
1669 1236 1856 1290 λοιπὸν
1881 1234 2058 1304 δῆλον.

385 1335 572 1388 Ταῦτα
603 1333 814 1403 εἴρηται
844 1330 942 1402 μέν
986 1331 1122 1401 πρδς
1160 1327 1474 1397 ’Δθηναίους
1497 1342 1512 1356 ⁸
1553 1327 1742 1396 καιρὸν
1773 1325 1815 1376 δ’
1846 1323 1911 1377 ἂν
1953 1321 2062 1392 ἔχοι

386 1425 478 1478 καὶ
512 1423 643 1495 πρὸς
671 1423 819 1493 ἡμᾶς
877 1420 1153 1488 λέγεσθαι,
1188 1420 1270 1473 ὅτι
1333 1418 1540 1480 πάντας
1588 1415 1862 1486 πανταχοῦ
1898 1432 2062 1485 μετα-

384 1515 526 1565 νοεῖν
554 1511 652 1573 δεῖ,
687 1511 770 1562 ὅτι
791 1507 991 1577 ὥρισεν
1009 1506 1246 1578 ἡμέραν,
1269 1509 1326 1559 ἐν
1416 1505 1598 1576 μέλλει
1625 1505 1833 1576 κρίνειν
1864 1505 1961 1573 τὴν
1983 1504 2063 1554 οί-
2094 1533 2102 1542 ι

385 1617 481 1654 κου
491 1599 676 1670 μένην.
699 1597 842 1668 Ὅρα
858 1596 975 1659 πῶς
997 1597 1089 1648 καὶ
1112 1596 1370 1664 δικαστὴν
1397 1594 1558 1646 αὐτὸν
1575 1593 1802 1660 εἰσάγει,
1819 1591 2065 1662 7:617:90-

385 1687 610 1741 νοοῦντα
633 1683 726 1739 τοῦ
740 1684 945 1754 κόσμου
969 1683 1062 1735 καί
1075 1681 1223 1754 [292]
1245 1681 1621 1752 φιλάνθρωπον
1639 1680 1731 1732 καὶ
1747 1695 2064 1750 συγγνωμο-

385 1775 534 1828 νικὸν
560 1773 655 1826 καὶ
682 1771 904 1824 δυνατὸν
934 1772 1027 1824 καὶ
1050 1769 1234 1838 σοφὸν,
1265 1770 1358 1822 καὶ
1384 1769 1563 1821 πάντα
1586 1767 1773 1831 ἁπλῶς
1791 1769 2064 1837 Δημιουρ-

384 1861 482 1930 γοῦ
513 1861 722 1931 ἔχοντα.
761 1857 1056 1922 Ἀπόδειξιν
1113 1857 1281 1911 ἔδωκε
1319 1857 1413 1910 τοῦ
1465 1856 1766 1926 ἀναστῆναι
1801 1855 1962 1908 αὑτὸν
2000 1856 2066 1908 ἐκ

384 1949 594 2020 νεκρῶν
619 1947 686 2000 τὰ
707 1946 990 2018 εἰρημένα.
1025 1946 1469 2016 Μετανοήσωμεν
1497 1956 1522 1984 ε
1556 1939 1648 1997 οὖν
1667 1957 1679 1970 ·
1712 1942 1929 2005 πάντως
1957 1942 2065 2012 γάρ

383 2035 641 2107 κριθῆναι
670 2035 768 2088 δεῖ.
802 2033 865 2086 Εἰ
897 2033 973 2103 μὴ
995 2032 1194 2103 ἀνέστη
1235 2034 1264 2084 ὁ
1313 2031 1571 2103 Χριστὸς,
1623 2031 1684 2083 οὑ
1730 2029 2062 2100 κρινόμεθα·

385 2127 432 2176 εἰ
470 2123 525 2176 δὲ
555 2123 774 2192 ἀνέστη,
811 2120 1028 2180 πάντως
1072 2119 1388 2191 κρινόμεθα.
1451 2120 1556 2184 Εἰς
1586 2117 1760 2171 τοῦτο
1813 2116 1923 2187 γὰρ
1969 2116 2066 2170 καὶ

384 2210 708 2274 ἀπέθανεν,
759 2209 861 2262 ἵνα
910 2208 1009 2262 καί
1069 2206 1303 2275 νεκρῶν
1355 2206 1451 2259 καὶ
1491 2205 1719 2266 ζώντων
1750 2206 2063 2274 κιῬιεύσῃ,

387 2297 552 2364 φησί·
613 2295 706 2347 καὶ
739 2293 901 2348 πάλιν
927 2309 940 2324 '
1000 2293 1230 2358 Πάντες
1274 2291 1384 2362 γὰρ
1429 2294 1936 2360 παραστησόμεθα
1988 2289 2068 2355 τῷ

379 2381 607 2451 ,ϐήματι
631 2381 738 2434 τοῦ
766 2380 1046 2448 Χριστοῦ,
1084 2381 1184 2433 ἵνα
1207 2379 1465 2445 ἕκαστος
1515 2379 1831 2447 κομίσηται
1861 2378 2008 2447 πρὸς
2031 2378 2069 2433 ἃ

385 2472 629 2538 ἔπραξε.
665 2470 756 2541 Μὴ
787 2471 850 2540 δὴ
902 2469 1158 2540 νομίσητε
1215 2471 1437 2539 ῥήματα
1493 2468 1650 2538 μόνον
1679 2462 1817 2520 εἶναι
1859 2466 2062 2520 ταῦτα’

389 2557 497 2610 ἰδοὺ
533 2557 628 2612 καὶ
676 2557 763 2609 τὸν
795 2556 922 2627 περί
977 2556 1077 2626 τῆς
1134 2554 1489 2616 ἀναστάσεως
1536 2554 1644 2606 τῶν
1683 2555 1902 2607 πάντων
1951 2554 2068 2605 εἰσ-

383 2648 560 2715 ήγαγε
587 2643 776 2712 λόγον·
817 2643 878 2696 οὑ
914 2643 1020 2714 γὰρ
1051 2641 1224 2705 άλλως
1263 2642 1507 2713 κρίνεται
1543 2643 1575 2710 ἡ
1609 2640 1924 2712 οἰκουμένη.
1958 2639 2068 2692 Καὶ

381 2733 462 2796 τὸ,
516 2731 897 2797 Ἀναστιῖσας
934 2730 1003 2783 δὲ
1041 2731 1228 2784 αὑτὸν
1255 2729 1324 2782 ἐκ
1356 2727 1607 2796 νεκρῶν,
1643 2730 1770 2800 περί
1815 2728 2089 2804 σώματός·

383 2823 531 2873 ἐστιν
554 2819 842 2889 εἰρημένον
863 2832 875 2845 ’
910 2817 1069 2870 τοῦτο
1105 2818 1214 2889 γάρ
1267 2818 1361 2870 καὶ
1395 2816 1608 2886 νεκρὸν,
1639 2817 1799 2868 τοῦτο
1832 2817 1925 2869 καὶ
1962 2815 2064 2868 πέ-

384 2925 588 2962 πτωκε.
620 2907 779 2976 Παρά
803 2905 1060 2975 Ἕλλησιν
1083 2903 1272 2975 ὥσπερ
1301 2903 1370 2956 τά
1395 2903 1493 2973 τῆς
1519 2901 1899 2974 δημιουργίας,
1925 2901 2068 2955 οὕτω

384 2997 480 3049 καὶ
528 2996 597 3049 τά
633 2999 733 3066 τῆς
779 2994 1015 3061 κρίσεως
1045 2992 1340 3045 ἀθετεῖται.
1370 2990 1556 3042 Ταῦτα
1581 2989 1637 3041 δέ
1667 2989 1872 3043 παίδων
1900 2989 2066 3059 εὑρή-

389 3099 556 3152 ματα,
607 3083 702 3136 καὶ
736 3080 1044 3151 μεθυόντων
1082 3076 1388 3148 ἀνθρώπων
1418 3078 1587 3130 ἐστίν.
1630 3075 1770 3128 Ἀλλ’
1795 3078 1956 3147 ἡμεῖς
2011 3079 2064 3130 οἰ

385 3170 513 3239 περί
542 3168 745 3223 τούτων
769 3166 1013 3238 ἀκριϐῶς
1043 3166 1262 3230 εἰδότες,
1293 3164 1620 3234 πράττωμέν
1649 3182 1699 3218 τι
1737 3163 1845 3217 τῶν
1869 3165 2064 3236 χρησί-

389 3275 525 3328 μων,
555 3257 649 3310 καὶ
681 3253 1072 3324 σπουδάζωμεν
1099 3253 1445 3324 οἰκειωθῆναι
1466 3252 1543 3323 τῷ
1574 3251 1816 3323 Χριστῷ.
1839 3253 2018 3324 Μέχρι
2038 3253 2064 3294 b

385 3345 516 3399 πότε
545 3343 900 3415 ἐχθραίνομεν
931 3343 1067 3413 πρὸς
1107 3341 1297 3406 αὑτόν;
1337 3344 1499 3413 μέχρι
1528 3343 1658 3394 πότε
1709 3342 1849 3412 πρὸς
1901 3343 2065 3395 αὑτὸν

385 3431 565 3504 ἀηδῶς
597 3430 826 3500 ἐχομενς
855 3428 944 3499 Μὴ
971 3430 1197 3498 γένοιτο,
1226 3428 1358 3498 φησί
1380 3443 1392 3456 ·
1429 3428 1482 3480 τί
1512 3428 1683 3482 ταῦτα
1702 3429 1914 3498 λέγεις;
1951 3430 2064 3483 Ούκ

385 3519 686 3588 ἐϐουλόμην
714 3517 885 3570 ταῦτα
931 3516 1130 3584 λέγειν,
1159 3517 1206 3568 εἰ
1237 3515 1311 3587 μὴ
1333 3516 1512 3570 ταῦτα
1540 3515 1840 3587 ἐπράττετε
1867 3518 2023 3588 ὑμεῖς
2047 3534 2060 3546 ·

384 3611 501 3660 νυνὶ
526 3608 581 3660 δὲ
602 3607 654 3660 τί
677 3608 738 3660 τὸ
773 3606 962 3677 κέρδος
985 3606 1084 3673 τῆς
1107 3604 1214 3658 τῶν
1245 3605 1419 3673 λόγων
1448 3605 1629 3676 σιγῆς,
1661 3605 1770 3658 τῶν
1809 3606 2064 3677 πραγμά-

384 3713 490 3751 των
518 3693 660 3747 οῦτω
695 3693 940 3764 βοώντων
974 3693 1112 3764 μετά
1142 3692 1322 3762 πάσης
1364 3693 1762 3764 περιφανείας;
1814 3694 1938 3757 Πῶς
1969 3689 2063 3748 οὑν

385 3785 544 3843 αὑτὸν
593 3784 931 3853 φιλήσομεν;
967 3780 1134 3835 Εἶπον
1169 3782 1266 3852 μὲν
1300 3784 1560 3854 μυριάκις
1599 3783 1786 3855 μυρία,
1828 3784 2062 3854 ἐροῦμεν

385 3873 440 3925 δὲ
464 3873 558 3926 καὶ
588 3870 703 3924 νῦν.
738 3872 780 3922 Τ
788 3870 952 3942 ρόπον
979 3869 1075 3923 ἕνα
1101 3870 1390 3940 εὑρηκέναι
1425 3886 1515 3941 μοι
1539 3870 1701 3935 δοκῶ,
1730 3870 1865 3924 πολὺ
1891 3873 2062 3942 μέγαν

387 3960 480 4015 καὶ
504 3959 816 4030 θαυμαστόν
835 3974 847 3986 ·
884 3957 1020 4029 μετά
1054 3956 1148 4010 τοῦ
1175 3957 1242 4010 τά
1264 3961 1416 4028 κοινῇ
1445 3958 1708 4027 γινόμενα
1750 3959 2062 4028 λογίζεσθαι

387 4048 491 4101 ὑπὸ
511 4046 603 4101 τοῦ
639 4046 774 4100 Θεοῦ
807 4046 1043 4099 τοσαῦτα
1073 4046 1222 4108 ὄντα,
1250 4047 1349 4099 ὅσα
1383 4046 1501 4099 οὑδέ
1524 4046 1778 4117 ἀριθμεῖν
1796 4065 1877 4111 τις
1906 4047 2063 4100 δύνα-

385 4155 497 4196 ται,
531 4137 620 4189 καὶ
648 4135 787 4206 ὑπὲρ
830 4133 1034 4187 τούτων
1085 4133 1338 4187 ἁπάντων
1368 4135 1596 4204 χάριτας
1646 4135 1844 4188 εἰδέναι
1890 4134 2060 4206 αὐτῷ,

385 4225 477 4280 καὶ
513 4224 578 4276 τά
613 4223 828 4294 ἑκάστῳ
853 4222 1010 4294 ἡμῶν
1037 4223 1377 4293 γεγενημένα
1406 4222 1675 4294 ἐννοῶμεν
1723 4224 1943 4288 πάντες,
1969 4224 2063 4277 καὶ

386 4312 506 4370 καθ’
563 4311 800 4384 ἐκάστην
871 4308 1323 4381 ἀναλογιζώμεθα
1382 4311 1480 4382 τὴν
1537 4311 1768 4382 ἡμέραν.
1839 4311 2061 4384 Ἐπειδὴ

383 4399 564 4456 τοίνυν
617 4397 863 4467 μεγάλην
917 4395 1030 4467 ἔχει
1090 4397 1189 4468 τὴν
1256 4399 1411 4467 ἰσχὺν
1459 4396 1655 4463 ταῦτα,
1709 4398 1940 4462 ἕκαστος
1991 4402 2061 4470 ή-

388 4488 504 4562 μῶν
565 4484 967 4552 ἀναλογιζέσθω
1027 4487 1156 4556 παρ’
1219 4484 1432 4555 ἐαυτῷ,
1504 4488 1597 4540 καὶ
1669 4487 1806 4556 μετά
1884 4489 2060 4559 ἀκρι-

382 4578 533 4634 ϐείας
559 4574 924 4646 ἀνερευνάτω,
961 4574 1015 4625 εἰ
1051 4591 1180 4626 ποτε
1220 4575 1297 4637 εἰς
1327 4574 1604 4639 κινδύνους
1657 4575 1947 4646 προπεσὼν
1977 4577 2059 4630 δι-

384 4666 552 4733 έφυγε
580 4663 678 4726 τὰς
709 4662 816 4716 τῶν
847 4661 1104 4714 ἐναντίων
1133 4663 1339 4732 χεῖρας,
1373 4662 1466 4715 καὶ
1521 4661 1771 4734 καθάπερ
1802 4665 1860 4716 ἐν
1892 4663 2058 4736 βίϐλῳ

384 4753 477 4813 τὰς
506 4749 822 4821 εὐεργεσίας
862 4749 1245 4818 ἀναγράπτους
1278 4747 1447 4818 ἐχέτω
1481 4747 1574 4800 τοῦ
1633 4748 1767 4801 Θεοῦ
1789 4767 1802 4781 ·
1843 4745 1973 4814 οἷον,
2010 4748 2060 4804 εί

381 4855 514 4891 ποτε
542 4835 774 4902 ἐξελθὼν
806 4836 884 4898 εἰς
915 4835 1032 4888 ὁδὸν
1069 4834 1265 4905 ἀωρίᾳ,
1294 4833 1516 4903 διέφυγε
1545 4835 1820 4890 κίνδυνον·
1853 4837 1905 4890 εἴ
1926 4854 2058 4891 ποτε

382 4927 638 4995 πονηροῖς
677 4922 988 4993 ἀνθρώποις
1038 4921 1350 4991 συμϐαλὼν,
1384 4921 1653 4994 ἀνώτερος
1687 4925 1866 4978 αὐτῶν
1900 4925 2059 4993 γέγο-

380 5027 497 5064 νεν’
537 5010 739 5062 εἴποτε
770 5008 910 5080 νόσῳ
939 5006 1270 5078 περιπεσὼν,
1299 5009 1518 5064 πάντων
1543 5009 1937 5077 ἀπεγνωκότων
1965 5012 2058 5064 ἀν-

379 5102 578 5168 ήνεγκε
604 5112 618 5127 ο
663 5095 806 5167 μέγα
838 5096 946 5163 γὰρ
970 5094 1126 5147 τοῦτο
1151 5094 1372 5147 δύναται
1403 5095 1537 5168 πρὸς
1567 5097 1628 5152 τὸ
1654 5095 1886 5150 οἰκειοῦν
1910 5099 2056 5169 ἡμᾶς

376 5187 456 5258 τῷ
489 5184 628 5255 Θεῷ.
664 5183 728 5237 Εἰ
756 5181 864 5253 γάρ
896 5181 959 5251 δὴ
992 5181 1333 5252 Μαρδοχαῖος
1377 5184 1583 5246 ἐκεῖνος
1639 5183 1710 5238 τὰ
1769 5184 1861 5236 ὑπ’
1889 5186 2054 5239 αὑτοῦ

377 5273 720 5345 γεγενημένα
763 5271 943 5340 ἀγαθά
979 5271 1116 5343 ἔργα
1153 5271 1234 5334 εἰς
1267 5272 1487 5342 μνήμην
1514 5271 1736 5324 ἐλθόντα
1763 5271 1857 5325 τοῦ
1901 5272 2057 5342 βασι-

378 5365 535 5431 λέως,
554 5365 725 5428 οὕτως
747 5364 871 5434 ἔσχε
891 5363 1284 5434 προῖστάμενα,
1311 5363 1386 5426 ὡς
1403 5363 1565 5417 πάλιν
1590 5365 1681 5416 ἐπὶ
1701 5363 2055 5437 τὴνλαμπρό-

376 5469 514 5521 τητα
544 5454 760 5522 ἐκείνην
793 5451 967 5504 ἐλθεῖν
988 5467 1002 5480 ο
1034 5451 1214 5520 πολλῷ
1249 5451 1448 5519 μᾶλλον
1486 5453 1668 5520 ἡμεῖς,
1722 5450 1788 5503 ἂν
1813 5452 2040 5522 ἀναμνηο

379 5541 615 5611 σθῶμεν,
653 5540 864 5595 καὶδύο
893 5541 1097 5594 τούτων
1131 5540 1334 5610 ἀκριϐῆ
1378 5539 1739 5612 ποιησώμεθα
1796 5541 2045 5605 ἐξέτασιν

373 5629 484 5681 τῶν
513 5632 873 5700 πραγμάτων,
910 5630 962 5684 τί
999 5631 1097 5700 μὲν
1128 5630 1448 5700 ἡμάρτομεν
1486 5631 1643 5700 ἡμεῖς
1690 5632 1770 5694 εἰς
1818 5630 1968 5695 Θεὸν,
1996 5631 2052 5684 τί

373 5721 431 5776 δὲ
464 5721 623 5785 αὐτὸς
653 5723 731 5785 εἰς
762 5725 910 5792 ἡμᾶς
958 5722 1160 5792 ἀγαθὸν
1190 5723 1512 5794 εἴργασται·
1569 5722 1712 5777 οὑτω
1756 5723 1850 5777 καί
1887 5723 2050 5794 εὑχά-

434 5923 450 5947 ’⁵
472 5926 580 5974 Duo
603 5923 762 5986 codd.,
791 5923 1088 5986 37.97.069705
1113 5927 1254 5986 ἔχειν.
1286 5928 1544 5976 Τοντὲστιν
1567 5927 1799 5984 ἀπόδειξιν
1824 5929 1973 5976 εᾷωκε
1995 5927 2047 5974 τὸ

374 5984 632 6043 ἀναστῆναι
655 5984 794 6030 αὑτὸν
815 5985 866 6031 ἐκ
892 5987 1082 6044 νεκρῶν.
1111 5984 1289 6036 Mirm.

3735 336 3835 387 ΞΗ

2169 463 2340 516 ριστοι
2374 448 2629 519 ἐσόμεθα,
2667 449 2758 502 καὶ
2811 450 2986 503 πάντα
3049 449 3420 520 προησόμεθα.
3476 449 3614 502 Ἀλλ’
3666 451 3842 513 οὐδεὶς

2164 533 2369 587 τούτων
2421 536 2628 600 οὐδενὸς
2697 538 2928 590 ποιεῖται
2971 537 3191 608 μνήμην
3219 553 3233 567 ο
3282 537 3396 590 ἀλλ’
3453 537 3644 608 ὥσπερ
3713 540 3844 607 περὶ.

2164 623 2580 693 ἁμαρτημάτων
2627 623 2878 693 λέγομεν,
2911 623 2994 676 ὅτι
3042 624 3353 694 ἁμαρτωλοί
3404 626 3590 694 ἐσμεν,
3623 627 3684 677 οὑ
3722 625 3845 677 κατ’

2163 705 2302 772 εἶδος
2331 709 2468 763 αὑτά
2502 710 2866 775 ἐξετάζοντες,
2893 709 3036 763 οὕτω
3080 713 3174 764 καὶ
3207 713 3334 784 περί
3369 713 3478 764 τῶν
3512 713 3846 784 εὐεργεσιῶν

2161 797 2255 852 τοῦ
2275 797 2428 860 Θεοῦ,
2447 799 2526 851 ὅτι
2548 798 2915 867 εὐηργέτησεν
2940 801 3105 870 ἡμᾶς,
3126 800 3398 868 λέγοντες,
3419 801 3611 866 όΘεὸς,
3629 804 3692 854 οὺ
3716 804 3845 854 κατ’

2164 884 2303 950 εἶδος
2322 889 2462 940 αὐτὰ
2483 886 2831 955 ἐξετάζομεν,
2858 888 2919 939 οὐ
2947 887 3197 958 λέγομεν,
3226 889 3330 941 ποῦ
3374 891 3468 942 καὶ
3497 889 3637 943 πόσα
3667 890 3763 941 καὶ
3787 892 3849 941 ἐν

2165 975 2301 1046 ποίῳ
2342 976 2534 1047 καιρῷ.
2570 975 2706 1028 Ἀλλ’
2741 975 2848 1027 ἀπὸ
2877 975 2968 1027 τοῦ
2999 975 3092 1028 νῦν
3126 977 3325 1047 πολλὴν
3360 977 3715 1048 ποιησώμεθα
3741 977 3848 1047 τὴν

2163 1063 2470 1134 ἀκρίϐειαν.
2489 1067 2552 1120 Εἰ
2572 1066 2669 1136 μὲν
2687 1067 2794 1136 γάρ
2813 1081 2893 1127 τις
2907 1065 3082 1118 καὶτά
3098 1066 3264 1120 πάλαι
3281 1066 3570 1118 ἀναλαϐεῖν
3588 1065 3846 1128 δύναται,

2171 1150 2352 1204 πάντα
2376 1153 2780 1222 ἀναλογιςέσθω
2801 1155 2950 1228 [295]
2984 1155 3248 1225 ἀκριϐῶς,
3271 1153 3346 1216 ὡς
3382 1153 3554 1222 μέγαν
3587 1153 3846 1223 εὑρήσων

2166 1239 2458 1311 θησαυρόν.
2487 1243 2656 1296 Τοῦτο
2677 1246 2769 1297 καὶ
2797 1244 2932 1314 πρὶς
2965 1243 3024 1296 τὸ
3051 1243 3126 1314 μή
3148 1242 3542 1310 ἀπογινώσκειν
3570 1243 3847 1312 χρήσιμον

2163 1324 2316 1391 ἡμῖν.
2350 1324 2514 1377 Ὅταν
2547 1326 2656 1397 γὰρ
2699 1327 2919 1398 ἴδωμεν,
2949 1327 3030 1380 ὅτι
3067 1327 3309 1398 προέπη
3367 1325 3625 1388 πολλάκις
3659 1327 3844 1397 ήμῶν,

2165 1409 2264 1462 οὑκ
2303 1410 2734 1483 ἀπογνωσόμεθα
2792 1414 2912 1466 οὑδέ
2946 1413 3265 1485 ἡγησόμεθα
3299 1413 3634 1485 ἀπερρῖφθαι
3661 1432 3675 1447 ο
3724 1416 3846 1469 ἀλλ’

2165 1497 2418 1569 ἐνέχυρον
2460 1500 2625 1552 αὑτοῦ
2661 1501 2804 1570 μέγα
2831 1501 3113 1571 ληψόμεθα
3137 1501 3234 1572 τῆς
3266 1503 3394 1572 περὶ
3420 1502 3577 1573 ήμῶν
3609 1502 3848 1574 κηδεμο-

2166 1584 2306 1650 νίας,
2331 1587 2458 1639 ὅταν
2491 1588 2855 1659 ἐννοήσωμεν,
2887 1590 2969 1643 ὅτι
3004 1589 3340 1660 ἁμαρτόντες
3366 1590 3427 1642 οὑ
3479 1591 3850 1662 κολαζόμεθά,

2167 1673 2302 1726 άλλά
2335 1673 2430 1727 καὶ
2459 1677 2793 1746 προστασίας
2821 1677 3186 1748 ἀπολαύομεν.

2238 1767 2298 1812 ε’.
2324 1761 2476 1814 Εἴπω
2494 1762 2558 1833 δή
2589 1781 2640 1816 τι
2672 1763 2846 1832 κάγὼ,
2871 1765 3008 1834 ὅπερ
3038 1766 3251 1836 ἀκήκοα
3275 1766 3424 1837 παρά
3447 1783 3608 1829 τινος·
3645 1767 3847 1835 Γέγονέ

2169 1848 2270 1900 πού
2301 1867 2384 1913 τις
2418 1853 2568 1916 παῖς,
2611 1851 2704 1905 καί
2759 1869 2890 1905 ποτε
2926 1853 3124 1922 συνέϐη
3177 1853 3339 1906 αὑτὸν
3393 1850 3532 1906 εἶναι
3579 1859 3635 1908 ἐν
3685 1855 3848 1925 ἀγρῷ

2171 1938 2310 2007 μετά
2341 1937 2440 2007 τῆς
2470 1939 2696 2010 μητρὸς,
2722 1940 2875 1993 οῦπω
2900 1940 3392 2012 πεντεκαιδεκαέτη
3407 1943 3848 2010 γεγονότα.Τότε

2166 2024 2230 2096 δή
2265 2025 2502 2094 χαλεποῦ
2539 2044 2682 2089 τινος
2714 2027 2876 2097 ἀέρος
2917 2027 3244 2098 συμϐάντος,
3291 2030 3520 2100 πυρετος
3573 2032 3850 2085 ἐπέπεσεν

2168 2112 2502 2183 ἀμφοτέροις
2523 2131 2536 2144 ·
2565 2115 2656 2167 καὶ
2695 2115 2802 2186 γὰρ
2860 2115 2921 2168 τὸ
2961 2117 3279 2188 μετόπωρον
3307 2113 3396 2188 ἦν.
3425 2119 3558 2171 Τότε
3582 2119 3645 2189 δὴ
3680 2122 3711 2190 ἡ
3744 2122 3847 2189 μὲν

2172 2201 2355 2270 μήτηρ
2413 2202 2646 2269 ἔφθασεν
2693 2203 2957 2256 εἰσελθεῖν
3005 2205 3098 2256 ἐπὶ
3140 2205 3241 2273 τῆς
3267 2206 3476 2268 πόλεως
3499 2224 3511 2236 ·
3548 2208 3575 2258 ὁ
3603 2207 3658 2260 δὲ
3689 2210 3848 2273 παῖς,

2167 2289 2275 2341 τῶν
2313 2291 2510 2360 ἰατρῶν
2546 2293 2663 2343 ἐκεῖ
2715 2292 3045 2346 κελευόντων
3092 2294 3296 2365 μένειν,
3333 2297 3425 2349 καὶ
3474 2297 3567 2350 τοῦ
3602 2299 3850 2368 πυρετοῦ

2170 2377 2439 2440 καίοντος,
2493 2378 2941 2450 ἀνακογχυλίζειν
3002 2381 3206 2452 ἤρξατο
3264 2382 3424 2454 δῆθεν
3497 2385 3845 2453 φιλοσοφῶν,

2172 2465 2374 2536 μᾶλλον
2411 2466 2470 2518 τὸ
2507 2466 2618 2538 πῦρ
2650 2467 2932 2520 σϐεννύναι
2959 2470 3225 2536 οἰόμενος,
3251 2473 3296 2523 εἰ
3322 2471 3441 2541 μηδ’
3457 2473 3635 2525 ὁτιοῦν
3664 2459 3852 2532 λάϐοι.

2171 2553 2300 2605 "At:
2330 2553 2392 2623 δὴ
2418 2549 2509 2627 οὖν
2529 2558 2674 2617 παῖς,
2697 2555 2801 2607 ὑπὸ
2826 2556 3155 2624 φιλονεικίας
3181 2559 3410 2630 ἀκαίρου
3425 2561 3485 2612 οὑ
3503 2562 3844 2634 προσήκατο.

2182 2641 2268 2704 Ὡς
2298 2642 2354 2695 δὲ
2385 2643 2558 2712 ἐπέϐη
2580 2645 2678 2712 τῆς
2703 2644 2934 2711 πόλεως,
2965 2645 3178 2717 παρέθη
3221 2647 3288 2700 τά
3313 2651 3413 2716 τῆς
3441 2648 3710 2721 γλώττης,
3748 2653 3849 2705 καὶ

2168 2731 2365 2793 ἅλα).ος
2385 2727 2452 2802 ἦν
2489 2733 2580 2784 ἐπὶ
2610 2731 2768 2795 πολὺ,
2800 2733 2950 2786 οὐδὲν
2982 2733 3246 2805 ἔναρθρον
3276 2735 3667 2806 φθεγγόμενος·
3705 2739 3850 2794 ἀλλά

2167 2819 2502 2885 ἀνεγίνωσκε
2541 2818 2660 2889 μὲν,
2686 2820 2777 2871 καὶ
2802 2821 2881 2883 εἰς
2925 2812 3278 2886 διδασκάλους
3325 2824 3514 2892 ἐφοίτα
3554 2826 3646 2878 ἐπὶ
3675 2827 3848 2881 πολὺν

2170 2907 2382 2976 χρόνον,
2419 2907 2608 2971 ἀτελῶς
2628 2907 2684 2960 δέ
2715 2908 2808 2960 καὶ
2853 2908 3064 2978 ἄσημα.
3108 2911 3292 2964 Πάντα
3334 2907 3427 2966 οὖν
3464 2912 3610 2983 αὐτῷ
3643 2915 3713 2968 -εά
3741 2917 3849 2985 τῆς

2169 2993 2384 3057 ἐλπίδος
2420 2995 2742 3059 ἐκκέκοπτο,
2776 2998 2869 3049 καί⁵
2903 2996 3095 3068 ὀδύνης
3119 2993 3188 3068 ἦν
3221 3001 3252 3069 ἡ
3283 3001 3466 3071 μήτηρ
3503 3002 3672 3072 μεστή
3694 3021 3706 3033 ο
3745 3005 3848 3057 καὶ

2172 3080 2345 3133 πολλά
2399 3082 2496 3151 μὲν
2539 3084 2853 3154 ἐπενόησαν
2913 3085 3108 3154 ἰατροὶ,
3145 3086 3316 3140 πολλὰ
3358 3088 3415 3140 δὲ
3464 3089 3598 3142 ἄλλα
3629 3090 3845 3154 πολλοὶ,

2171 3163 2321 3234 ἴσχυε
2355 3164 2411 3216 δὲ
2435 3166 2630 3229 οὐδεὶς,
2659 3167 2763 3229 ἕως
2794 3168 2883 3220 ὅτε
2912 3170 2938 3220 ὁ
2964 3168 3344 3241 φιλάνθρωπος
3369 3171 3503 3236 Θεὸς
3536 3174 3729 3227 ἰάσατο
3747 3174 3845 3227 τὸν

2165 3247 2265 3316 τῆς
2317 3249 2565 3321 γλώττης
2611 3251 2831 3322 δεσμὸν,
2888 3254 2982 3306 καὶ
3013 3253 3135 3306 τότε
3169 3255 3461 3324 ἀνήνεγκε,
3492 3258 3587 3311 καὶ
3638 3260 3716 3322 εἰς
3742 3260 3840 3329 τήν

2167 3337 2441 3408 προτέραν
2471 3340 2823 3410 ἐπανήγαγεν
2849 3340 3180 3409 εὑγλωττίαν
3199 3342 3360 3396 αὑτὸν
3394 3344 3485 3396 καὶ
3512 3347 3835 3416 τρανότητα.

2165 3427 2473 3496 Διηγήσατο
2494 3425 2551 3478 δὲ
2581 3426 2747 3479 αὑτοῦ
2790 3430 2823 3499 ἡ
2858 3430 3062 3500 μήτηρ,
3094 3430 3187 3481 καὶ
3206 3431 3289 3482 ὅτι
3315 3430 3379 3500 δὴ
3415 3433 3509 3485 καὶ
3539 3433 3743 3486 παιδίον
3780 3434 3840 3487 ’ὸν

2167 3514 2370 3585 σφόδρα
2393 3515 2609 3586 μικρὸν,
2645 3516 2775 3587 περὶ
2795 3517 2892 3588 τήν
2928 3520 3051 3588 ρῐνα
3104 3517 3274 3582 πάθος
3313 3519 3494 3590 ἔσχεν,
3541 3521 3569 3574 ὃ
3617 3522 3844 3577 καλοῦσι

2165 3602 2441 3656 πολύπουν
2459 3619 2472 3634 ·
2498 3603 2592 3656 καὶ
2621 3603 2780 3656 πάλιν
2843 3605 3019 3675 ἰατροὶ
3068 3607 3505 3676 ἀπεγνώκεισαν,
3538 3611 3631 3664 καὶ
3656 3611 3841 3665 τελευ-

2164 3690 2330 3760 τῆσαι
2354 3690 2556 3761 ηὔχετο
2585 3693 2616 3762 ἡ
2647 3693 2848 3763 μήτηρ,
2878 3693 2972 3746 καὶ
3002 3694 3030 3745 ὁ
3052 3695 3232 3766 πατὴρ
3259 3695 3412 3765 αὑτῷ
3445 3701 3724 3768 κατηρᾶτο
3740 3701 3842 3771 (ἔτι

2163 3779 2272 3850 γὰρ
2304 3779 2462 3850 ἔτυχε
2489 3781 2641 3851 ζῶν),
2673 3782 2768 3833 καὶ
2788 3781 2949 3834 πάλιν
2974 3781 3149 3835 πάντα
3204 3784 3260 3836 ἐν
3310 3782 3516 3855 ἀπορία
3557 3783 3644 3858 ἦν.
3699 3790 3755 3841 Ὀ
3781 3791 3840 3843 δέ

2165 3867 2368 3931 εὐθέως
2395 3867 2586 3940 βήξας,
2622 3869 2729 3921 ἀπὸ
2757 3870 3042 3940 μύγματος
3074 3870 3135 3923 τὸ
3161 3870 3347 3942 θηρίον
3380 3873 3563 3927 ἐκεῖνο
3589 3878 3653 3946 τῇ
3686 3877 3838 3950 ῥύμη

2162 3956 2258 4009 τοῦ
2293 3957 2599 4027 πνεύματος
2621 3957 2851 4022 ἐξέωσεν
2883 3959 2990 4012 ἀπὸ
3013 3958 3121 4012 τῶν
3158 3960 3340 4030 ῥινῶν,
3373 3963 3464 4014 καί
3507 3962 3686 4017 πάντα
3746 3968 3839 4019 λέ-

2162 4045 2291 4098 λυτο
2316 4046 2386 4116 τά
2410 4046 2581 4100 δεινά.
2604 4047 2808 4100 Τούτου
2841 4046 2896 4100 δέ
2929 4047 3264 4112 σϐεσθέντος,
3300 4047 3477 4119 ῥεῦμα
3523 4050 3664 4103 κατά
3721 4054 3834 4107 τῶν

2163 4132 2462 4202 ὀφθαλμῶν
2495 4133 2657 4204 δριμὺ
2689 4135 2782 4187 καὶ
2819 4134 3075 4204 γλίσχρον
3124 4135 3376 4206 ἐπιρρέον
3423 4135 3533 4199 ἀεὶ,
3562 4137 3834 4203 τοσαύτας

2165 4221 2341 4274 ἐποίει
2369 4220 2468 4286 τὰς
2503 4223 2684 4294 λήμας
2711 4221 2803 4275 καὶ
2826 4220 2969 4276 οὑτω
3010 4223 3260 4294 παχείας,
3293 4223 3367 4286 ὡς
3410 4223 3529 4277 ἀντὶ
3563 4225 3837 4297 διαφράγ..

2165 4326 2336 4379 ματος
2359 4309 2613 4378 γενέσθαι
2637 4312 2702 4381 τῇ
2731 4309 2891 4381 κόρῃ,
2917 4311 3010 4362 καὶ
3021 4310 3082 4362 τὸ
3096 4311 3290 4377 δεινὸν,
3312 4312 3558 4383 πήρωσιν
3580 4315 3832 4384 ἐμελέτα,

2162 4399 2260 4454 καὶ
2289 4398 2492 4461 πάντες
2518 4396 2702 4466 ἔλεγον
2731 4397 2888 4451 τοῦτο
2907 4398 3308 4470 συμϐήσεσθαι.
3341 4400 3502 4454 Ἀλλά
3526 4403 3620 4456 καὶ
3643 4406 3832 4460 τούτου

2162 4488 2346 4560 χάριτι
2374 4498 2395 4524 ο
2433 4485 2528 4538 τοῦ
2559 4484 2693 4538 Θεοῦ
2722 4485 2938 4556 ταχέως
2969 4485 3262 4556 ἀπηλλάγη
3304 4489 3398 4540 τοῦ
3430 4488 3651 4553 πάθους.

2233 4576 2343 4628 Καὶ
2371 4574 2542 4627 ταῦτα
2575 4573 2675 4644 μὲν
2714 4572 2858 4642 ἀπερ
2891 4573 3123 4643 ἥκουσα·
3160 4571 3196 4626 ἀ
3233 4573 3291 4626 δὲ
3319 4575 3482 4639 αὑτὸς
3509 4577 3819 4647 ἐπίσταμαι,

2162 4663 2272 4734 ἐρῶ
2305 4663 2444 4735 πρὸς
2465 4663 2630 4732 ὑμᾶς·
2679 4661 2937 4732 Ἐκινήθη
2969 4661 3100 4714 ποτὲ
3127 4661 3410 4733 τυράννων
3449 4656 3643 4734 ὑποψία
3673 4664 3731 4719 ἐν
3758 4668 3825 4737 τῇ

2159 4752 2400 4823 πόλειτῇ
2448 4750 2693 4822 ἡμετέρᾳ
2755 4749 2898 4820 (τότε
2943 4748 3000 4800 δέ
3056 4748 3136 4802 ἔτι
3193 4751 3480 4822 μειράκιον
3518 4753 3707 4823 ἧμην)’
3735 4755 3832 4807 καὶ

2161 4842 2377 4895 πάντων
2395 4841 2594 4905 ἔξωθεν
2617 4839 2715 4908 τὴν
2745 4838 2898 4891 πόλιν
2916 4838 3398 4910 παρακαθημένων
3416 4840 3526 4894 τῶν
3571 4858 3834 4911 στρατιω-

2158 4931 2288 4994 τῶν,
2317 4928 2478 4996 τυχὸν
2502 4927 2792 4989 ἀπλάστως
2831 4925 3014 4996 βιϐλία
3037 4926 3262 4997 ἐζήτουν
3320 4928 3556 4999 γοητικά
3601 4934 3696 4982 καὶ
3735 4948 3834 5000 μα⁹

2159 5020 2311 5086 γικά.
2350 5015 2461 5068 Καὶ
2489 5015 2516 5066 ὁ
2549 5013 2766 5084 γράψας
2791 5013 2852 5066 τὸ
2887 5013 3115 5084 βιϐλίον,
3150 5014 3313 5084 ῥίψας
3343 5015 3832 5071 ἀκατασκεύαστον

2158 5106 2237 5166 εἰς
2259 5101 2523 5171 ποταμὸν,
2557 5099 2718 5162 ἑάλω,
2749 5099 2844 5152 καὶ
2866 5099 3270 5170 ἀπαιτούμενος
3320 5102 3420 5156 οὑκ
3470 5097 3584 5172 εἶχε
3619 5102 3828 5169 δοῦναι,

2157 5190 2296 5245 ἀλλά
2318 5189 2615 5261 περιήγετο
2638 5186 2738 5259 τὴν
2787 5187 2946 5242 πόλιν
2993 5188 3212 5242 ἃπασαν
3249 5189 3489 5260 δέσμιος·
3517 5189 3593 5253 ὡς
3634 5191 3692 5244 δέ
3721 5192 3833 5246 τῶν

2156 5281 2394 5350 ἐλέγχων
2421 5274 2840 5346 ἐπιτεινομένων
2861 5276 3060 5331 δέδωκε
3083 5276 3264 5348 δίκην,
3298 5279 3420 5331 τότε
3447 5277 3558 5346 ἐγὼ
3585 5281 3665 5343 είς
3687 5297 3834 5350 μαρ-

2155 5367 2340 5437 τύριον
2373 5365 2593 5418 ἀπιέναι
2626 5362 2969 5434 βουλόμενος,
3017 5365 3276 5436 ἐπανῄειν
3333 5365 3422 5418 διὰ
3474 5366 3585 5418 τῶν
3637 5369 3832 5438 κήπων

2157 5455 2309 5528 παρά
2335 5454 2584 5523 ποταμὸν
2614 5452 2754 5522 μετά
2785 5453 2876 5506 καὶ
2917 5453 3107 5524 ἐτέρου
3145 5457 3310 5518 τινός.
3358 5455 3504 5510 Ἰδὼν
3622 5459 3830 5523 ἐκεῖνος

2153 5547 2214 5596 τὸ
2239 5533 2443 5613 βιϐλίον
2469 5542 2580 5594 ἀνω
2602 5539 2879 5604 ἐπιπλέον,
2903 5541 2964 5594 τὸ
2985 5543 3084 5611 μὲν
3112 5542 3328 5613 πρῶτον
3360 5543 3611 5614 ἐνόμιζεν
3637 5545 3832 5617 ὀθόνην

2153 5627 2311 5692 εἶναι,
2332 5629 2628 5699 γενόμενος
2659 5627 2716 5680 δὲ
2733 5629 2920 5697 ἐγγυς,
2946 5628 3085 5696 ἔγνω
3107 5630 3190 5683 ὅτι
3221 5630 3424 5699 βιϐλίον
3442 5630 3593 5703 [9.94]
3624 5628 3712 5701 ἦν,
3737 5633 3833 5686 καὶ

2155 5719 2398 5779 καταϐάς
2433 5716 2696 5770 ἀνείλετο.
2727 5716 2871 5783 Ἐγὼ
2923 5715 2978 5768 δὲ
3014 5716 3406 5786 ἐφιλονείκουν,
3453 5716 3594 5772 ὥστε
3645 5719 3834 5791 κοινὴν

2223 5912 2246 5948 l‘
2272 5917 2400 5983 idfjm
2421 5914 2684 5978 χρησίμων·
2713 5915 3030 5980 οἰκειωθῶμεν
3053 5917 3120 5982 τῷ
3149 5919 3273 5983 Θεῷ.
3297 5920 3461 5983 ’κίίχρμ
3535 5922 3555 5950 τ
3576 5917 3718 5970 Αἰὶιιε
3738 5917 3820 5967 καὶ

2160 5980 2265 6031 τότε
2291 5978 2466 6040 χάριτι.
