  <div class='ocr_page' id='page_1' title='image "/cluster/home/n/w/nwhite01/storage/ocr_20150623/60:no.9/coo.31924054869601/278.png"; bbox 0 0 4112 6418; ppageno 0'>
   <div class='ocr_carea' id='block_1_1' title="bbox 389 424 501 478">
    <p class='ocr_par' dir='ltr' id='par_1_1' title="bbox 389 424 501 478">
     <span class='ocr_line' id='line_1_1' title="bbox 389 424 501 478; baseline -0.027 0"><span class='ocrx_word' id='word_1_1' title='bbox 389 424 501 478; x_wconf 68' lang='grc' dir='ltr'><strong>(2ῗῖ</strong></span> 
     </span>
    </p>
   </div>
   <div class='ocr_carea' id='block_1_2' title="bbox 392 511 1988 604">
    <p class='ocr_par' dir='ltr' id='par_1_2' title="bbox 392 511 1988 604">
     <span class='ocr_line' id='line_1_2' title="bbox 392 511 1988 604; baseline -0.019 -11"><span class='ocrx_word' id='word_1_2' title='bbox 392 536 503 594; x_wconf 81' lang='lat' dir='ltr'><strong>Vos</strong></span> <span class='ocrx_word' id='word_1_3' title='bbox 530 527 839 604; x_wconf 73' lang='lat' dir='ltr'><strong>ignorastis.</strong></span> <span class='ocrx_word' id='word_1_4' title='bbox 868 523 1158 594; x_wconf 82' lang='lat' dir='ltr'><strong>Despexit;</strong></span> <span class='ocrx_word' id='word_1_5' title='bbox 1208 517 1262 574; x_wconf 97' lang='lat' dir='ltr'><strong>id</strong></span> <span class='ocrx_word' id='word_1_6' title='bbox 1305 524 1423 580; x_wconf 87' lang='lat' dir='ltr'><strong>est,</strong></span> <span class='ocrx_word' id='word_1_7' title='bbox 1454 529 1561 570; x_wconf 89' lang='lat' dir='ltr'><strong>non</strong></span> <span class='ocrx_word' id='word_1_8' title='bbox 1603 511 1768 583; x_wconf 77' lang='lat' dir='ltr'><strong>exigit</strong></span> <span class='ocrx_word' id='word_1_9' title='bbox 1802 524 1988 579; x_wconf 72' lang='lat' dir='ltr'><strong>pinnas</strong></span> 
     </span>
    </p>
   </div>
   <div class='ocr_carea' id='block_1_3' title="bbox 390 602 1991 702">
    <p class='ocr_par' dir='ltr' id='par_1_3' title="bbox 390 602 1991 702">
     <span class='ocr_line' id='line_1_3' title="bbox 390 602 1991 702; baseline -0.017 -18"><span class='ocrx_word' id='word_1_10' title='bbox 390 602 601 702; x_wconf 67' lang='lat' dir='ltr'><strong>quasia</strong></span> <span class='ocrx_word' id='word_1_11' title='bbox 625 620 893 692; x_wconf 88' lang='lat' dir='ltr'><strong>supplicio</strong></span> <span class='ocrx_word' id='word_1_12' title='bbox 917 616 1113 687; x_wconf 79' lang='lat' dir='ltr'><strong>dignis.</strong></span> <span class='ocrx_word' id='word_1_13' title='bbox 1137 609 1452 684; x_wconf 87' lang='lat' dir='ltr'><strong>lgnorastis.</strong></span> <span class='ocrx_word' id='word_1_14' title='bbox 1476 606 1586 662; x_wconf 83' lang='lat' dir='ltr'><strong>Nec</strong></span> <span class='ocrx_word' id='word_1_15' title='bbox 1611 605 1764 668; x_wconf 91' lang='lat' dir='ltr'><strong>dicit,</strong></span> <span class='ocrx_word' id='word_1_16' title='bbox 1786 602 1991 673; x_wconf 72' lang='lat' dir='ltr'><strong>Sponte</strong></span> 
     </span>
    </p>
   </div>
   <div class='ocr_carea' id='block_1_4' title="bbox 393 691 1993 786">
    <p class='ocr_par' dir='ltr' id='par_1_4' title="bbox 393 691 1993 786">
     <span class='ocr_line' id='line_1_4' title="bbox 393 691 1993 786; baseline -0.019 -10"><span class='ocrx_word' id='word_1_17' title='bbox 393 691 539 777; x_wconf 75' lang='lat' dir='ltr'><strong>male</strong></span> <span class='ocrx_word' id='word_1_18' title='bbox 565 691 787 786; x_wconf 81' lang='lat' dir='ltr'><strong>egistis;</strong></span> <span class='ocrx_word' id='word_1_19' title='bbox 818 708 913 765; x_wconf 88' lang='lat' dir='ltr'><strong>sed</strong></span> <span class='ocrx_word' id='word_1_20' title='bbox 944 707 1048 762; x_wconf 88' lang='lat' dir='ltr'><strong>hoc</strong></span> <span class='ocrx_word' id='word_1_21' title='bbox 1075 719 1171 775; x_wconf 87' lang='lat' dir='ltr'><strong>per</strong></span> <span class='ocrx_word' id='word_1_22' title='bbox 1199 699 1483 772; x_wconf 81' lang='lat' dir='ltr'><strong>superiora</strong></span> <span class='ocrx_word' id='word_1_23' title='bbox 1521 694 1873 761; x_wconf 73' lang='lat' dir='ltr'><strong>monstravit,</strong></span> <span class='ocrx_word' id='word_1_24' title='bbox 1924 691 1993 747; x_wconf 87' lang='lat' dir='ltr'><strong>Ut</strong></span> 
     </span>
    </p>
   </div>
   <div class='ocr_carea' id='block_1_5' title="bbox 391 785 1990 887">
    <p class='ocr_par' dir='ltr' id='par_1_5' title="bbox 391 785 1990 887">
     <span class='ocr_line' id='line_1_5' title="bbox 391 785 1990 887; baseline -0.022 -13"><span class='ocrx_word' id='word_1_25' title='bbox 391 818 578 887; x_wconf 76' lang='lat' dir='ltr'><strong>ubique</strong></span> <span class='ocrx_word' id='word_1_26' title='bbox 602 809 949 886; x_wconf 69' lang='lat' dir='ltr'><strong>penitentiam</strong></span> <span class='ocrx_word' id='word_1_27' title='bbox 977 811 1163 875; x_wconf 83' lang='lat' dir='ltr'><strong>agant,</strong></span> <span class='ocrx_word' id='word_1_28' title='bbox 1209 798 1416 854; x_wconf 88' lang='lat' dir='ltr'><strong>dicens.</strong></span> <span class='ocrx_word' id='word_1_29' title='bbox 1459 793 1559 848; x_wconf 91' lang='lat' dir='ltr'><strong>llic</strong></span> <span class='ocrx_word' id='word_1_30' title='bbox 1594 797 1763 845; x_wconf 88' lang='lat' dir='ltr'><strong>totum</strong></span> <span class='ocrx_word' id='word_1_31' title='bbox 1804 785 1990 845; x_wconf 82' lang='lat' dir='ltr'><strong>urbem</strong></span> 
     </span>
    </p>
   </div>
   <div class='ocr_carea' id='block_1_6' title="bbox 394 908 1031 969">
    <p class='ocr_par' dir='ltr' id='par_1_6' title="bbox 394 908 1031 969">
     <span class='ocr_line' id='line_1_6' title="bbox 394 908 1031 969; baseline -0.024 0"><span class='ocrx_word' id='word_1_32' title='bbox 394 908 708 969; x_wconf 84' lang='lat' dir='ltr'><strong>insinuavit.</strong></span> <span class='ocrx_word' id='word_1_33' title='bbox 1025 925 1031 931; x_wconf 69' lang='grc' dir='ltr'><strong><em>ο</em></strong></span> 
     </span>
    </p>
   </div>
   <div class='ocr_carea' id='block_1_7' title="bbox 471 970 1997 1066">
    <p class='ocr_par' dir='ltr' id='par_1_7' title="bbox 471 970 1997 1066">
     <span class='ocr_line' id='line_1_7' title="bbox 471 970 1997 1066; baseline -0.022 -9"><span class='ocrx_word' id='word_1_34' title='bbox 471 1003 522 1058; x_wconf 75' lang='grc'><strong>1.</strong></span> <span class='ocrx_word' id='word_1_35' title='bbox 565 997 703 1054; x_wconf 89' lang='lat' dir='ltr'><strong>Vide</strong></span> <span class='ocrx_word' id='word_1_36' title='bbox 726 991 997 1066; x_wconf 81' lang='lat' dir='ltr'><strong>quomodo</strong></span> <span class='ocrx_word' id='word_1_37' title='bbox 1034 988 1156 1042; x_wconf 90' lang='lat' dir='ltr'><strong>illos</strong></span> <span class='ocrx_word' id='word_1_38' title='bbox 1182 983 1412 1040; x_wconf 86' lang='lat' dir='ltr'><strong>abducat</strong></span> <span class='ocrx_word' id='word_1_39' title='bbox 1451 994 1482 1034; x_wconf 90' lang='lat' dir='ltr'><strong>a</strong></span> <span class='ocrx_word' id='word_1_40' title='bbox 1524 974 1831 1049; x_wconf 85' lang='lat' dir='ltr'><strong>pluralitate</strong></span> <span class='ocrx_word' id='word_1_41' title='bbox 1864 970 1997 1026; x_wconf 86' lang='lat' dir='ltr'><strong>dco-</strong></span> 
     </span>
    </p>
   </div>
   <div class='ocr_carea' id='block_1_8' title="bbox 395 1068 1992 1158">
    <p class='ocr_par' dir='ltr' id='par_1_8' title="bbox 395 1068 1992 1158">
     <span class='ocr_line' id='line_1_8' title="bbox 395 1068 1992 1158; baseline -0.021 -9"><span class='ocrx_word' id='word_1_42' title='bbox 395 1109 539 1150; x_wconf 90' lang='lat' dir='ltr'><strong>rum.</strong></span> <span class='ocrx_word' id='word_1_43' title='bbox 575 1090 711 1158; x_wconf 83' lang='lat' dir='ltr'><strong>Quia</strong></span> <span class='ocrx_word' id='word_1_44' title='bbox 738 1085 912 1142; x_wconf 77' lang='lat' dir='ltr'><strong>statuit</strong></span> <span class='ocrx_word' id='word_1_45' title='bbox 943 1082 1076 1136; x_wconf 84' lang='lat' dir='ltr'><strong>diem</strong></span> <span class='ocrx_word' id='word_1_46' title='bbox 1095 1121 1109 1144; x_wconf 92' lang='lat'><strong>,</strong></span> <span class='ocrx_word' id='word_1_47' title='bbox 1134 1076 1329 1148; x_wconf 87' lang='lat' dir='ltr'><strong>inquit,</strong></span> <span class='ocrx_word' id='word_1_48' title='bbox 1358 1076 1413 1128; x_wconf 86' lang='lat' dir='ltr'><strong>in</strong></span> <span class='ocrx_word' id='word_1_49' title='bbox 1437 1087 1539 1142; x_wconf 87' lang='lat' dir='ltr'><strong>qua</strong></span> <span class='ocrx_word' id='word_1_50' title='bbox 1561 1068 1895 1141; x_wconf 82' lang='lat' dir='ltr'><strong>judicaturus</strong></span> <span class='ocrx_word' id='word_1_51' title='bbox 1919 1071 1992 1117; x_wconf 73' lang='lat' dir='ltr'><strong>est</strong></span> 
     </span>
    </p>
   </div>
   <div class='ocr_carea' id='block_1_9' title="bbox 398 1155 1993 1250">
    <p class='ocr_par' dir='ltr' id='par_1_9' title="bbox 398 1155 1993 1250">
     <span class='ocr_line' id='line_1_9' title="bbox 398 1155 1993 1250; baseline -0.021 -8"><span class='ocrx_word' id='word_1_52' title='bbox 398 1186 570 1243; x_wconf 82' lang='lat' dir='ltr'><strong>orbem</strong></span> <span class='ocrx_word' id='word_1_53' title='bbox 614 1182 669 1235; x_wconf 88' lang='lat' dir='ltr'><strong>in</strong></span> <span class='ocrx_word' id='word_1_54' title='bbox 705 1178 960 1250; x_wconf 74' lang='lat' dir='ltr'><strong>(equitate.</strong></span> <span class='ocrx_word' id='word_1_55' title='bbox 1000 1173 1132 1228; x_wconf 84' lang='lat' dir='ltr'><strong>Vide</strong></span> <span class='ocrx_word' id='word_1_56' title='bbox 1163 1183 1351 1225; x_wconf 84' lang='lat' dir='ltr'><strong>rursus</strong></span> <span class='ocrx_word' id='word_1_57' title='bbox 1379 1164 1566 1220; x_wconf 88' lang='lat' dir='ltr'><strong>orbem</strong></span> <span class='ocrx_word' id='word_1_58' title='bbox 1592 1160 1758 1225; x_wconf 90' lang='lat' dir='ltr'><strong>dicit,</strong></span> <span class='ocrx_word' id='word_1_59' title='bbox 1789 1157 1868 1213; x_wconf 88' lang='lat' dir='ltr'><strong>sic</strong></span> <span class='ocrx_word' id='word_1_60' title='bbox 1894 1155 1993 1210; x_wconf 89' lang='lat' dir='ltr'><strong>ho-</strong></span> 
     </span>
    </p>
   </div>
   <div class='ocr_carea' id='block_1_10' title="bbox 400 1254 1996 1337">
    <p class='ocr_par' dir='ltr' id='par_1_10' title="bbox 400 1254 1996 1337">
     <span class='ocr_line' id='line_1_10' title="bbox 400 1254 1996 1337; baseline -0.023 0"><span class='ocrx_word' id='word_1_61' title='bbox 400 1281 575 1337; x_wconf 88' lang='lat' dir='ltr'><strong>mines</strong></span> <span class='ocrx_word' id='word_1_62' title='bbox 598 1286 817 1331; x_wconf 83' lang='lat' dir='ltr'><strong>vocans.</strong></span> <span class='ocrx_word' id='word_1_63' title='bbox 847 1268 913 1324; x_wconf 86' lang='lat' dir='ltr'><strong>lu</strong></span> <span class='ocrx_word' id='word_1_64' title='bbox 943 1268 1052 1323; x_wconf 74' lang='lat' dir='ltr'><strong>uiro</strong></span> <span class='ocrx_word' id='word_1_65' title='bbox 1087 1265 1140 1319; x_wconf 83' lang='lat' dir='ltr'><strong>in</strong></span> <span class='ocrx_word' id='word_1_66' title='bbox 1168 1278 1267 1332; x_wconf 86' lang='lat' dir='ltr'><strong>quo</strong></span> <span class='ocrx_word' id='word_1_67' title='bbox 1292 1258 1502 1323; x_wconf 80' lang='lat' dir='ltr'><strong>statuit,</strong></span> <span class='ocrx_word' id='word_1_68' title='bbox 1532 1254 1787 1311; x_wconf 85' lang='lat' dir='ltr'><strong>suscitans</strong></span> <span class='ocrx_word' id='word_1_69' title='bbox 1824 1266 1936 1305; x_wconf 74' lang='lat' dir='ltr'><strong>eum</strong></span> <span class='ocrx_word' id='word_1_70' title='bbox 1965 1265 1996 1301; x_wconf 89' lang='lat' dir='ltr'><strong>a</strong></span> 
     </span>
    </p>
   </div>
   <div class='ocr_carea' id='block_1_11' title="bbox 401 1343 1997 1432">
    <p class='ocr_par' dir='ltr' id='par_1_11' title="bbox 401 1343 1997 1432">
     <span class='ocr_line' id='line_1_11' title="bbox 401 1343 1997 1432; baseline -0.02 -5"><span class='ocrx_word' id='word_1_71' title='bbox 401 1372 632 1428; x_wconf 77' lang='lat' dir='ltr'><strong>mortuis.</strong></span> <span class='ocrx_word' id='word_1_72' title='bbox 652 1365 789 1423; x_wconf 89' lang='lat' dir='ltr'><strong>Vide</strong></span> <span class='ocrx_word' id='word_1_73' title='bbox 818 1359 1090 1432; x_wconf 86' lang='lat' dir='ltr'><strong>quomodo</strong></span> <span class='ocrx_word' id='word_1_74' title='bbox 1115 1360 1309 1412; x_wconf 85' lang='lat' dir='ltr'><strong>iterum</strong></span> <span class='ocrx_word' id='word_1_75' title='bbox 1339 1351 1644 1423; x_wconf 80' lang='lat' dir='ltr'><strong>passionem</strong></span> <span class='ocrx_word' id='word_1_76' title='bbox 1682 1343 1997 1402; x_wconf 85' lang='lat' dir='ltr'><strong>manifesta-</strong></span> 
     </span>
    </p>
   </div>
   <div class='ocr_carea' id='block_1_12' title="bbox 402 1442 1996 1529">
    <p class='ocr_par' dir='ltr' id='par_1_12' title="bbox 402 1442 1996 1529">
     <span class='ocr_line' id='line_1_12' title="bbox 402 1442 1996 1529; baseline -0.019 -10"><span class='ocrx_word' id='word_1_77' title='bbox 402 1467 510 1529; x_wconf 88' lang='lat' dir='ltr'><strong>vit,</strong></span> <span class='ocrx_word' id='word_1_78' title='bbox 538 1456 989 1518; x_wconf 79' lang='lat' dir='ltr'><strong>resurrectionem</strong></span> <span class='ocrx_word' id='word_1_79' title='bbox 1038 1459 1366 1506; x_wconf 84' lang='lat' dir='ltr'><strong>memorans.</strong></span> <span class='ocrx_word' id='word_1_80' title='bbox 1397 1442 1549 1511; x_wconf 83' lang='lat' dir='ltr'><strong>Quod</strong></span> <span class='ocrx_word' id='word_1_81' title='bbox 1589 1449 1767 1494; x_wconf 88' lang='lat' dir='ltr'><strong>autem</strong></span> <span class='ocrx_word' id='word_1_82' title='bbox 1809 1449 1996 1491; x_wconf 88' lang='lat' dir='ltr'><strong>verum</strong></span> 
     </span>
    </p>
   </div>
   <div class='ocr_carea' id='block_1_13' title="bbox 405 1528 1996 1630">
    <p class='ocr_par' dir='ltr' id='par_1_13' title="bbox 405 1528 1996 1630">
     <span class='ocr_line' id='line_1_13' title="bbox 405 1528 1996 1630; baseline -0.023 -14"><span class='ocrx_word' id='word_1_83' title='bbox 405 1562 472 1616; x_wconf 93' lang='lat' dir='ltr'><strong>sit</strong></span> <span class='ocrx_word' id='word_1_84' title='bbox 504 1556 778 1630; x_wconf 77' lang='lat' dir='ltr'><strong>judicium,</strong></span> <span class='ocrx_word' id='word_1_85' title='bbox 811 1550 986 1622; x_wconf 84' lang='lat' dir='ltr'><strong>palam</strong></span> <span class='ocrx_word' id='word_1_86' title='bbox 1016 1554 1102 1601; x_wconf 87' lang='lat' dir='ltr'><strong>est</strong></span> <span class='ocrx_word' id='word_1_87' title='bbox 1139 1559 1204 1600; x_wconf 74' lang='lat' dir='ltr'><strong>es</strong></span> <span class='ocrx_word' id='word_1_88' title='bbox 1236 1537 1677 1600; x_wconf 80' lang='lat' dir='ltr'><strong>resurrectione;</strong></span> <span class='ocrx_word' id='word_1_89' title='bbox 1706 1529 1833 1586; x_wconf 87' lang='lat' dir='ltr'><strong>inde</strong></span> <span class='ocrx_word' id='word_1_90' title='bbox 1853 1528 1996 1584; x_wconf 88' lang='lat' dir='ltr'><strong>enim</strong></span> 
     </span>
    </p>
   </div>
   <div class='ocr_carea' id='block_1_14' title="bbox 409 1622 2003 1720">
    <p class='ocr_par' dir='ltr' id='par_1_14' title="bbox 409 1622 2003 1720">
     <span class='ocr_line' id='line_1_14' title="bbox 409 1622 2003 1720; baseline -0.021 -13"><span class='ocrx_word' id='word_1_91' title='bbox 409 1653 465 1707; x_wconf 88' lang='lat' dir='ltr'><strong>id</strong></span> <span class='ocrx_word' id='word_1_92' title='bbox 488 1622 724 1720; x_wconf 69' lang='lat' dir='ltr'><strong>arguitur</strong></span> <span class='ocrx_word' id='word_1_93' title='bbox 745 1663 758 1700; x_wconf 91' lang='lat'><strong>:</strong></span> <span class='ocrx_word' id='word_1_94' title='bbox 779 1652 835 1700; x_wconf 90' lang='lat' dir='ltr'><strong>et</strong></span> <span class='ocrx_word' id='word_1_95' title='bbox 854 1639 997 1714; x_wconf 90' lang='lat' dir='ltr'><strong>quod</strong></span> <span class='ocrx_word' id='word_1_96' title='bbox 1019 1636 1198 1696; x_wconf 83' lang='lat' dir='ltr'><strong>omnia</strong></span> <span class='ocrx_word' id='word_1_97' title='bbox 1217 1648 1340 1689; x_wconf 84' lang='lat' dir='ltr'><strong>vera</strong></span> <span class='ocrx_word' id='word_1_98' title='bbox 1365 1625 1693 1697; x_wconf 88' lang='lat' dir='ltr'><strong>sint,inquit,</strong></span> <span class='ocrx_word' id='word_1_99' title='bbox 1721 1622 1897 1692; x_wconf 80' lang='lat' dir='ltr'><strong>palam</strong></span> <span class='ocrx_word' id='word_1_100' title='bbox 1917 1628 2003 1674; x_wconf 85' lang='lat' dir='ltr'><strong>est</strong></span> 
     </span>
    </p>
   </div>
   <div class='ocr_carea' id='block_1_15' title="bbox 413 1713 2001 1811">
    <p class='ocr_par' dir='ltr' id='par_1_15' title="bbox 413 1713 2001 1811">
     <span class='ocr_line' id='line_1_15' title="bbox 413 1713 2001 1811; baseline -0.021 -11"><span class='ocrx_word' id='word_1_101' title='bbox 413 1760 479 1800; x_wconf 81' lang='lat' dir='ltr'><strong>ex</strong></span> <span class='ocrx_word' id='word_1_102' title='bbox 525 1713 589 1797; x_wconf 71' lang='lat' dir='ltr'><strong>eo</strong></span> <span class='ocrx_word' id='word_1_103' title='bbox 632 1736 772 1811; x_wconf 85' lang='lat' dir='ltr'><strong>quod</strong></span> <span class='ocrx_word' id='word_1_104' title='bbox 811 1713 1170 1790; x_wconf 79' lang='lat' dir='ltr'><strong>resurrexerit</strong></span> <span class='ocrx_word' id='word_1_105' title='bbox 1216 1744 1229 1782; x_wconf 89' lang='lat'><strong>:</strong></span> <span class='ocrx_word' id='word_1_106' title='bbox 1273 1722 1526 1795; x_wconf 88' lang='lat' dir='ltr'><strong>quodque</strong></span> <span class='ocrx_word' id='word_1_107' title='bbox 1568 1717 1822 1774; x_wconf 87' lang='lat' dir='ltr'><strong>omnibus</strong></span> <span class='ocrx_word' id='word_1_108' title='bbox 1859 1713 2001 1768; x_wconf 88' lang='lat' dir='ltr'><strong>hanc</strong></span> 
     </span>
    </p>
   </div>
   <div class='ocr_carea' id='block_1_16' title="bbox 408 1807 2003 1906">
    <p class='ocr_par' dir='ltr' id='par_1_16' title="bbox 408 1807 2003 1906">
     <span class='ocr_line' id='line_1_16' title="bbox 408 1807 2003 1906; baseline -0.02 -15"><span class='ocrx_word' id='word_1_109' title='bbox 408 1807 731 1906; x_wconf 76' lang='lat' dir='ltr'><strong>praebuerint</strong></span> <span class='ocrx_word' id='word_1_110' title='bbox 761 1828 920 1884; x_wconf 82' lang='lat' dir='ltr'><strong>fidem</strong></span> <span class='ocrx_word' id='word_1_111' title='bbox 948 1867 963 1891; x_wconf 89' lang='lat'><strong>,</strong></span> <span class='ocrx_word' id='word_1_112' title='bbox 988 1822 1131 1895; x_wconf 90' lang='lat' dir='ltr'><strong>quod</strong></span> <span class='ocrx_word' id='word_1_113' title='bbox 1157 1814 1516 1877; x_wconf 75' lang='lat' dir='ltr'><strong>resurrexerit</strong></span> <span class='ocrx_word' id='word_1_114' title='bbox 1558 1827 1627 1867; x_wconf 80' lang='lat' dir='ltr'><strong>ex</strong></span> <span class='ocrx_word' id='word_1_115' title='bbox 1670 1807 1919 1873; x_wconf 86' lang='lat' dir='ltr'><strong>mortuis,</strong></span> <span class='ocrx_word' id='word_1_116' title='bbox 1947 1814 2003 1861; x_wconf 90' lang='lat' dir='ltr'><strong>et</strong></span> 
     </span>
    </p>
   </div>
   <div class='ocr_carea' id='block_1_17' title="bbox 408 1902 2004 1995">
    <p class='ocr_par' dir='ltr' id='par_1_17' title="bbox 408 1902 2004 1995">
     <span class='ocr_line' id='line_1_17' title="bbox 408 1902 2004 1995; baseline -0.018 -12"><span class='ocrx_word' id='word_1_117' title='bbox 408 1902 512 1983; x_wconf 76' lang='lat' dir='ltr'><strong>hoc</strong></span> <span class='ocrx_word' id='word_1_118' title='bbox 536 1926 769 1995; x_wconf 87' lang='lat' dir='ltr'><strong>deniqtte</strong></span> <span class='ocrx_word' id='word_1_119' title='bbox 811 1919 1154 1976; x_wconf 87' lang='lat' dir='ltr'><strong>manifestum</strong></span> <span class='ocrx_word' id='word_1_120' title='bbox 1195 1921 1298 1969; x_wconf 88' lang='lat' dir='ltr'><strong>est.</strong></span> <span class='ocrx_word' id='word_1_121' title='bbox 1332 1911 1458 1965; x_wconf 82' lang='lat' dir='ltr'><strong>llaec</strong></span> <span class='ocrx_word' id='word_1_122' title='bbox 1496 1907 1640 1962; x_wconf 88' lang='lat' dir='ltr'><strong>dicta</strong></span> <span class='ocrx_word' id='word_1_123' title='bbox 1686 1911 1813 1959; x_wconf 89' lang='lat' dir='ltr'><strong>sunt</strong></span> <span class='ocrx_word' id='word_1_124' title='bbox 1836 1902 2004 1956; x_wconf 86' lang='lat' dir='ltr'><strong>Athe-</strong></span> 
     </span>
    </p>
   </div>
   <div class='ocr_carea' id='block_1_18' title="bbox 408 1997 2003 2082">
    <p class='ocr_par' dir='ltr' id='par_1_18' title="bbox 408 1997 2003 2082">
     <span class='ocr_line' id='line_1_18' title="bbox 408 1997 2003 2082; baseline -0.019 -7"><span class='ocrx_word' id='word_1_125' title='bbox 408 2019 721 2082; x_wconf 87' lang='lat' dir='ltr'><strong>niensibus;</strong></span> <span class='ocrx_word' id='word_1_126' title='bbox 770 2023 827 2071; x_wconf 90' lang='lat' dir='ltr'><strong>et</strong></span> <span class='ocrx_word' id='word_1_127' title='bbox 854 2019 1160 2082; x_wconf 83' lang='lat' dir='ltr'><strong>opportune</strong></span> <span class='ocrx_word' id='word_1_128' title='bbox 1189 2005 1344 2060; x_wconf 91' lang='lat' dir='ltr'><strong>nobis</strong></span> <span class='ocrx_word' id='word_1_129' title='bbox 1373 2001 1539 2057; x_wconf 87' lang='lat' dir='ltr'><strong>etiam</strong></span> <span class='ocrx_word' id='word_1_130' title='bbox 1569 1997 1837 2060; x_wconf 86' lang='lat' dir='ltr'><strong>dicantur,</strong></span> <span class='ocrx_word' id='word_1_131' title='bbox 1881 2007 2003 2047; x_wconf 84' lang='lat' dir='ltr'><strong>om-</strong></span> 
     </span>
    </p>
   </div>
   <div class='ocr_carea' id='block_1_19' title="bbox 407 2081 2002 2176">
    <p class='ocr_par' dir='ltr' id='par_1_19' title="bbox 407 2081 2002 2176">
     <span class='ocr_line' id='line_1_19' title="bbox 407 2081 2002 2176; baseline -0.02 -9"><span class='ocrx_word' id='word_1_132' title='bbox 407 2111 566 2167; x_wconf 81' lang='lat' dir='ltr'><strong>nibus</strong></span> <span class='ocrx_word' id='word_1_133' title='bbox 592 2107 787 2176; x_wconf 88' lang='lat' dir='ltr'><strong>ubique</strong></span> <span class='ocrx_word' id='word_1_134' title='bbox 810 2081 1071 2174; x_wconf 76' lang='lat' dir='ltr'><strong>agendam</strong></span> <span class='ocrx_word' id='word_1_135' title='bbox 1102 2092 1477 2168; x_wconf 74' lang='lat' dir='ltr'><strong>pmoitentiam</strong></span> <span class='ocrx_word' id='word_1_136' title='bbox 1516 2102 1673 2153; x_wconf 87' lang='lat' dir='ltr'><strong>esse,</strong></span> <span class='ocrx_word' id='word_1_137' title='bbox 1704 2085 1827 2156; x_wconf 87' lang='lat' dir='ltr'><strong>quia</strong></span> <span class='ocrx_word' id='word_1_138' title='bbox 1867 2081 2002 2138; x_wconf 85' lang='lat' dir='ltr'><strong>deﬁ-</strong></span> 
     </span>
    </p>
   </div>
   <div class='ocr_carea' id='block_1_20' title="bbox 411 2178 2002 2269">
    <p class='ocr_par' dir='ltr' id='par_1_20' title="bbox 411 2178 2002 2269">
     <span class='ocr_line' id='line_1_20' title="bbox 411 2178 2002 2269; baseline -0.018 -11"><span class='ocrx_word' id='word_1_139' title='bbox 411 2205 544 2258; x_wconf 88' lang='lat' dir='ltr'><strong>nivit</strong></span> <span class='ocrx_word' id='word_1_140' title='bbox 568 2201 713 2257; x_wconf 86' lang='lat' dir='ltr'><strong>diem</strong></span> <span class='ocrx_word' id='word_1_141' title='bbox 743 2199 797 2253; x_wconf 91' lang='lat' dir='ltr'><strong>in</strong></span> <span class='ocrx_word' id='word_1_142' title='bbox 826 2211 934 2269; x_wconf 88' lang='lat' dir='ltr'><strong>quo</strong></span> <span class='ocrx_word' id='word_1_143' title='bbox 957 2193 1298 2266; x_wconf 70' lang='lat' dir='ltr'><strong>iudicaturus</strong></span> <span class='ocrx_word' id='word_1_144' title='bbox 1326 2195 1410 2243; x_wconf 89' lang='lat' dir='ltr'><strong>est</strong></span> <span class='ocrx_word' id='word_1_145' title='bbox 1434 2185 1644 2241; x_wconf 89' lang='lat' dir='ltr'><strong>orbem.</strong></span> <span class='ocrx_word' id='word_1_146' title='bbox 1674 2179 1811 2236; x_wconf 85' lang='lat' dir='ltr'><strong>Vide</strong></span> <span class='ocrx_word' id='word_1_147' title='bbox 1839 2178 2002 2235; x_wconf 88' lang='lat' dir='ltr'><strong>etiam</strong></span> 
     </span>
    </p>
   </div>
   <div class='ocr_carea' id='block_1_21' title="bbox 409 2270 2005 2366">
    <p class='ocr_par' dir='ltr' id='par_1_21' title="bbox 409 2270 2005 2366">
     <span class='ocr_line' id='line_1_21' title="bbox 409 2270 2005 2366; baseline -0.016 -17"><span class='ocrx_word' id='word_1_148' title='bbox 409 2293 682 2366; x_wconf 80' lang='lat' dir='ltr'><strong>quomodo</strong></span> <span class='ocrx_word' id='word_1_149' title='bbox 705 2290 854 2346; x_wconf 91' lang='lat' dir='ltr'><strong>illum</strong></span> <span class='ocrx_word' id='word_1_150' title='bbox 877 2286 1117 2359; x_wconf 87' lang='lat' dir='ltr'><strong>judicem</strong></span> <span class='ocrx_word' id='word_1_151' title='bbox 1149 2281 1387 2343; x_wconf 86' lang='lat' dir='ltr'><strong>inducat,</strong></span> <span class='ocrx_word' id='word_1_152' title='bbox 1415 2287 1470 2334; x_wconf 85' lang='lat' dir='ltr'><strong>et</strong></span> <span class='ocrx_word' id='word_1_153' title='bbox 1496 2274 1684 2332; x_wconf 89' lang='lat' dir='ltr'><strong>mundi</strong></span> <span class='ocrx_word' id='word_1_154' title='bbox 1711 2270 2005 2344; x_wconf 84' lang='lat' dir='ltr'><strong>providen-</strong></span> 
     </span>
    </p>
   </div>
   <div class='ocr_carea' id='block_1_22' title="bbox 412 2367 2005 2447">
    <p class='ocr_par' dir='ltr' id='par_1_22' title="bbox 412 2367 2005 2447">
     <span class='ocr_line' id='line_1_22' title="bbox 412 2367 2005 2447; baseline -0.017 -7"><span class='ocrx_word' id='word_1_155' title='bbox 412 2391 540 2440; x_wconf 79' lang='lat' dir='ltr'><strong>tiam</strong></span> <span class='ocrx_word' id='word_1_156' title='bbox 569 2384 876 2445; x_wconf 83' lang='lat' dir='ltr'><strong>habentem,</strong></span> <span class='ocrx_word' id='word_1_157' title='bbox 906 2378 1215 2447; x_wconf 88' lang='lat' dir='ltr'><strong>benignum,</strong></span> <span class='ocrx_word' id='word_1_158' title='bbox 1247 2367 1676 2430; x_wconf 89' lang='lat' dir='ltr'><strong>misericordem,</strong></span> <span class='ocrx_word' id='word_1_159' title='bbox 1705 2371 2005 2434; x_wconf 88' lang='lat' dir='ltr'><strong>potentem,</strong></span> 
     </span>
    </p>
   </div>
   <div class='ocr_carea' id='block_1_23' title="bbox 410 2451 2010 2545">
    <p class='ocr_par' dir='ltr' id='par_1_23' title="bbox 410 2451 2010 2545">
     <span class='ocr_line' id='line_1_23' title="bbox 410 2451 2010 2545; baseline -0.017 -11"><span class='ocrx_word' id='word_1_160' title='bbox 410 2477 738 2545; x_wconf 86' lang='lat' dir='ltr'><strong>sapientem,</strong></span> <span class='ocrx_word' id='word_1_161' title='bbox 791 2469 1080 2538; x_wconf 77' lang='lat' dir='ltr'><strong>omniaque</strong></span> <span class='ocrx_word' id='word_1_162' title='bbox 1126 2478 1349 2535; x_wconf 85' lang='lat' dir='ltr'><strong>prorsus</strong></span> <span class='ocrx_word' id='word_1_163' title='bbox 1394 2473 1515 2530; x_wconf 66' lang='lat' dir='ltr'><strong>qua:</strong></span> <span class='ocrx_word' id='word_1_164' title='bbox 1558 2463 1686 2513; x_wconf 87' lang='lat' dir='ltr'><strong>sunt</strong></span> <span class='ocrx_word' id='word_1_165' title='bbox 1732 2451 2010 2512; x_wconf 81' lang='lat' dir='ltr'><strong>Creatoris</strong></span> 
     </span>
    </p>
   </div>
   <div class='ocr_carea' id='block_1_24' title="bbox 413 2549 2009 2627">
    <p class='ocr_par' dir='ltr' id='par_1_24' title="bbox 413 2549 2009 2627">
     <span class='ocr_line' id='line_1_24' title="bbox 413 2549 2009 2627; baseline -0.017 -2"><span class='ocrx_word' id='word_1_166' title='bbox 413 2570 723 2627; x_wconf 83' lang='lat' dir='ltr'><strong>habentem.</strong></span> <span class='ocrx_word' id='word_1_167' title='bbox 751 2559 1223 2621; x_wconf 81' lang='lat' dir='ltr'><strong>Conﬁrmationem</strong></span> <span class='ocrx_word' id='word_1_168' title='bbox 1264 2552 1608 2627; x_wconf 68' lang='lat' dir='ltr'><strong>pratbuerunt</strong></span> <span class='ocrx_word' id='word_1_169' title='bbox 1631 2549 1796 2613; x_wconf 86' lang='lat' dir='ltr'><strong>dicta,</strong></span> <span class='ocrx_word' id='word_1_170' title='bbox 1825 2562 1947 2603; x_wconf 89' lang='lat' dir='ltr'><strong>eum</strong></span> <span class='ocrx_word' id='word_1_171' title='bbox 1977 2559 2009 2598; x_wconf 86' lang='lat' dir='ltr'><strong>a</strong></span> 
     </span>
    </p>
   </div>
   <div class='ocr_carea' id='block_1_25' title="bbox 415 2647 2009 2718">
    <p class='ocr_par' dir='ltr' id='par_1_25' title="bbox 415 2647 2009 2718">
     <span class='ocr_line' id='line_1_25' title="bbox 415 2647 2009 2718; baseline -0.016 1"><span class='ocrx_word' id='word_1_172' title='bbox 415 2661 646 2718; x_wconf 78' lang='lat' dir='ltr'><strong>mortuis</strong></span> <span class='ocrx_word' id='word_1_173' title='bbox 694 2654 1089 2715; x_wconf 79' lang='lat' dir='ltr'><strong>resurrexisse.</strong></span> <span class='ocrx_word' id='word_1_174' title='bbox 1123 2647 1501 2708; x_wconf 58' lang='lat' dir='ltr'><strong>Paenitentiam</strong></span> <span class='ocrx_word' id='word_1_175' title='bbox 1555 2657 1689 2716; x_wconf 76' lang='lat' dir='ltr'><strong>ergo</strong></span> <span class='ocrx_word' id='word_1_176' title='bbox 1729 2656 1951 2711; x_wconf 78' lang='lat' dir='ltr'><strong>agamus</strong></span> <span class='ocrx_word' id='word_1_177' title='bbox 1994 2656 2009 2694; x_wconf 90' lang='lat'><strong>:</strong></span> 
     </span>
    </p>
   </div>
   <div class='ocr_carea' id='block_1_26' title="bbox 414 2730 2013 2820">
    <p class='ocr_par' dir='ltr' id='par_1_26' title="bbox 414 2730 2013 2820">
     <span class='ocr_line' id='line_1_26' title="bbox 414 2730 2013 2820; baseline -0.016 -9"><span class='ocrx_word' id='word_1_178' title='bbox 414 2756 639 2811; x_wconf 86' lang='lat' dir='ltr'><strong>omnino</strong></span> <span class='ocrx_word' id='word_1_179' title='bbox 660 2752 803 2808; x_wconf 89' lang='lat' dir='ltr'><strong>enim</strong></span> <span class='ocrx_word' id='word_1_180' title='bbox 822 2746 1053 2820; x_wconf 76' lang='lat' dir='ltr'><strong>iudicari</strong></span> <span class='ocrx_word' id='word_1_181' title='bbox 1072 2750 1307 2816; x_wconf 86' lang='lat' dir='ltr'><strong>oportet.</strong></span> <span class='ocrx_word' id='word_1_182' title='bbox 1326 2741 1387 2796; x_wconf 89' lang='lat' dir='ltr'><strong>Si</strong></span> <span class='ocrx_word' id='word_1_183' title='bbox 1409 2754 1515 2794; x_wconf 89' lang='lat' dir='ltr'><strong>non</strong></span> <span class='ocrx_word' id='word_1_184' title='bbox 1537 2735 1834 2793; x_wconf 80' lang='lat' dir='ltr'><strong>resurrexit</strong></span> <span class='ocrx_word' id='word_1_185' title='bbox 1857 2730 2013 2786; x_wconf 80' lang='lat' dir='ltr'><strong>Chri-</strong></span> 
     </span>
    </p>
   </div>
   <div class='ocr_carea' id='block_1_27' title="bbox 418 2824 2007 2914">
    <p class='ocr_par' dir='ltr' id='par_1_27' title="bbox 418 2824 2007 2914">
     <span class='ocr_line' id='line_1_27' title="bbox 418 2824 2007 2914; baseline -0.017 -9"><span class='ocrx_word' id='word_1_186' title='bbox 418 2855 557 2914; x_wconf 82' lang='lat' dir='ltr'><strong>stus,</strong></span> <span class='ocrx_word' id='word_1_187' title='bbox 584 2860 692 2901; x_wconf 88' lang='lat' dir='ltr'><strong>non</strong></span> <span class='ocrx_word' id='word_1_188' title='bbox 716 2841 1060 2914; x_wconf 87' lang='lat' dir='ltr'><strong>judicamur;</strong></span> <span class='ocrx_word' id='word_1_189' title='bbox 1109 2837 1156 2891; x_wconf 92' lang='lat' dir='ltr'><strong>si</strong></span> <span class='ocrx_word' id='word_1_190' title='bbox 1186 2832 1508 2897; x_wconf 82' lang='lat' dir='ltr'><strong>resurrexit,</strong></span> <span class='ocrx_word' id='word_1_191' title='bbox 1552 2829 1771 2885; x_wconf 89' lang='lat' dir='ltr'><strong>omnino</strong></span> <span class='ocrx_word' id='word_1_192' title='bbox 1806 2824 2007 2896; x_wconf 42' lang='lat' dir='ltr'><strong>judiea&#39;</strong></span> 
     </span>
    </p>
   </div>
   <div class='ocr_carea' id='block_1_28' title="bbox 418 2918 2016 2997">
    <p class='ocr_par' dir='ltr' id='par_1_28' title="bbox 418 2918 2016 2997">
     <span class='ocr_line' id='line_1_28' title="bbox 418 2918 2016 2997; baseline -0.015 -1"><span class='ocrx_word' id='word_1_193' title='bbox 418 2956 565 2997; x_wconf 85' lang='lat' dir='ltr'><strong>mur.</strong></span> <span class='ocrx_word' id='word_1_194' title='bbox 593 2938 661 2993; x_wconf 86' lang='lat' dir='ltr'><strong>In</strong></span> <span class='ocrx_word' id='word_1_195' title='bbox 686 2937 783 2992; x_wconf 82' lang='lat' dir='ltr'><strong>hoc</strong></span> <span class='ocrx_word' id='word_1_196' title='bbox 811 2935 942 2990; x_wconf 82' lang='lat' dir='ltr'><strong>enim</strong></span> <span class='ocrx_word' id='word_1_197' title='bbox 968 2941 1013 2988; x_wconf 79' lang='lat' dir='ltr'><strong>et</strong></span> <span class='ocrx_word' id='word_1_198' title='bbox 1040 2938 1270 2986; x_wconf 82' lang='lat' dir='ltr'><strong>mortuus</strong></span> <span class='ocrx_word' id='word_1_199' title='bbox 1297 2934 1400 2992; x_wconf 82' lang='lat' dir='ltr'><strong>est,</strong></span> <span class='ocrx_word' id='word_1_200' title='bbox 1429 2934 1485 2980; x_wconf 89' lang='lat' dir='ltr'><strong>ut</strong></span> <span class='ocrx_word' id='word_1_201' title='bbox 1505 2932 1553 2977; x_wconf 79' lang='lat' dir='ltr'><strong>et</strong></span> <span class='ocrx_word' id='word_1_202' title='bbox 1573 2922 1696 2976; x_wconf 80' lang='lat' dir='ltr'><strong>vivis</strong></span> <span class='ocrx_word' id='word_1_203' title='bbox 1723 2931 1769 2974; x_wconf 86' lang='lat' dir='ltr'><strong>et</strong></span> <span class='ocrx_word' id='word_1_204' title='bbox 1807 2918 2016 2973; x_wconf 85' lang='lat' dir='ltr'><strong>mortuis</strong></span> 
     </span>
    </p>
   </div>
   <div class='ocr_carea' id='block_1_29' title="bbox 421 3011 2017 3103">
    <p class='ocr_par' dir='ltr' id='par_1_29' title="bbox 421 3011 2017 3103">
     <span class='ocr_line' id='line_1_29' title="bbox 421 3011 2017 3103; baseline -0.016 -15"><span class='ocrx_word' id='word_1_205' title='bbox 421 3035 633 3103; x_wconf 81' lang='lat' dir='ltr'><strong>imperet</strong></span> <span class='ocrx_word' id='word_1_206' title='bbox 653 3029 831 3100; x_wconf 87' lang='lat' dir='ltr'><strong>(Rom.</strong></span> <span class='ocrx_word' id='word_1_207' title='bbox 858 3027 947 3082; x_wconf 74' lang='grc'><strong>14.</strong></span> <span class='ocrx_word' id='word_1_208' title='bbox 975 3023 1057 3096; x_wconf 88' lang='lat'><strong>9),</strong></span> <span class='ocrx_word' id='word_1_209' title='bbox 1087 3021 1288 3092; x_wconf 89' lang='lat' dir='ltr'><strong>inquit;</strong></span> <span class='ocrx_word' id='word_1_210' title='bbox 1318 3028 1373 3074; x_wconf 91' lang='lat' dir='ltr'><strong>et</strong></span> <span class='ocrx_word' id='word_1_211' title='bbox 1393 3030 1607 3072; x_wconf 88' lang='lat' dir='ltr'><strong>rursum</strong></span> <span class='ocrx_word' id='word_1_212' title='bbox 1633 3032 1646 3069; x_wconf 89' lang='lat'>:</span> <span class='ocrx_word' id='word_1_213' title='bbox 1674 3011 1860 3068; x_wconf 83' lang='lat' dir='ltr'><strong>Omnes</strong></span> <span class='ocrx_word' id='word_1_214' title='bbox 1884 3014 2017 3065; x_wconf 84' lang='lat' dir='ltr'><strong>enim</strong></span> 
     </span>
    </p>
   </div>
   <div class='ocr_carea' id='block_1_30' title="bbox 421 3103 2022 3179">
    <p class='ocr_par' dir='ltr' id='par_1_30' title="bbox 421 3103 2022 3179">
     <span class='ocr_line' id='line_1_30' title="bbox 421 3103 2022 3179; baseline -0.014 -1"><span class='ocrx_word' id='word_1_215' title='bbox 421 3124 735 3179; x_wconf 73' lang='lat' dir='ltr'><strong>adstubimus</strong></span> <span class='ocrx_word' id='word_1_216' title='bbox 763 3126 882 3174; x_wconf 82' lang='lat' dir='ltr'><strong>ante</strong></span> <span class='ocrx_word' id='word_1_217' title='bbox 901 3115 1125 3171; x_wconf 80' lang='lat' dir='ltr'><strong>tribunal</strong></span> <span class='ocrx_word' id='word_1_218' title='bbox 1146 3111 1356 3176; x_wconf 82' lang='lat' dir='ltr'><strong>Christi,</strong></span> <span class='ocrx_word' id='word_1_219' title='bbox 1381 3118 1436 3163; x_wconf 88' lang='lat' dir='ltr'><strong>ut</strong></span> <span class='ocrx_word' id='word_1_220' title='bbox 1461 3106 1807 3177; x_wconf 78' lang='lat' dir='ltr'><strong>unusquisque</strong></span> <span class='ocrx_word' id='word_1_221' title='bbox 1833 3103 2022 3172; x_wconf 76' lang='lat' dir='ltr'><strong>referat</strong></span> 
     </span>
    </p>
   </div>
   <div class='ocr_carea' id='block_1_31' title="bbox 423 3191 2019 3280">
    <p class='ocr_par' dir='ltr' id='par_1_31' title="bbox 423 3191 2019 3280">
     <span class='ocr_line' id='line_1_31' title="bbox 423 3191 2019 3280; baseline -0.013 -10"><span class='ocrx_word' id='word_1_222' title='bbox 423 3212 704 3270; x_wconf 76' lang='lat' dir='ltr'><strong>secundant</strong></span> <span class='ocrx_word' id='word_1_223' title='bbox 729 3227 787 3266; x_wconf 87' lang='lat' dir='ltr'><strong>ea</strong></span> <span class='ocrx_word' id='word_1_224' title='bbox 813 3224 925 3280; x_wconf 65' lang='lat' dir='ltr'><strong>qua:</strong></span> <span class='ocrx_word' id='word_1_225' title='bbox 949 3208 1066 3279; x_wconf 81' lang='lat' dir='ltr'><strong>[erit</strong></span> <span class='ocrx_word' id='word_1_226' title='bbox 1101 3203 1262 3275; x_wconf 84' lang='lat' dir='ltr'><strong>(Ibid.</strong></span> <span class='ocrx_word' id='word_1_227' title='bbox 1284 3217 1333 3254; x_wconf 77' lang='grc' dir='ltr'><strong>υ.</strong></span> <span class='ocrx_word' id='word_1_228' title='bbox 1365 3200 1455 3255; x_wconf 84' lang='grc'><strong>10.</strong></span> <span class='ocrx_word' id='word_1_229' title='bbox 1494 3212 1548 3253; x_wconf 88' lang='lat' dir='ltr'><strong>et</strong></span> <span class='ocrx_word' id='word_1_230' title='bbox 1572 3197 1628 3251; x_wconf 73' lang='grc'><strong>2.</strong></span> <span class='ocrx_word' id='word_1_231' title='bbox 1650 3195 1767 3251; x_wconf 87' lang='lat' dir='ltr'><strong>Cor.</strong></span> <span class='ocrx_word' id='word_1_232' title='bbox 1818 3194 1872 3251; x_wconf 81' lang='lat'><strong>5.</strong></span> <span class='ocrx_word' id='word_1_233' title='bbox 1904 3191 2019 3262; x_wconf 82' lang='grc'><strong>10).</strong></span> 
     </span>
    </p>
   </div>
   <div class='ocr_carea' id='block_1_32' title="bbox 427 3293 2025 3375">
    <p class='ocr_par' dir='ltr' id='par_1_32' title="bbox 427 3293 2025 3375">
     <span class='ocr_line' id='line_1_32' title="bbox 427 3293 2025 3375; baseline -0.015 -13"><span class='ocrx_word' id='word_1_234' title='bbox 427 3307 504 3362; x_wconf 76' lang='lat' dir='ltr'><strong>Ne</strong></span> <span class='ocrx_word' id='word_1_235' title='bbox 533 3303 724 3375; x_wconf 87' lang='lat' dir='ltr'><strong>putetis</strong></span> <span class='ocrx_word' id='word_1_236' title='bbox 756 3300 870 3355; x_wconf 74' lang='lat' dir='ltr'><strong>lucc</strong></span> <span class='ocrx_word' id='word_1_237' title='bbox 910 3297 1075 3353; x_wconf 85' lang='lat' dir='ltr'><strong>verba</strong></span> <span class='ocrx_word' id='word_1_238' title='bbox 1122 3293 1294 3351; x_wconf 89' lang='lat' dir='ltr'><strong>solum</strong></span> <span class='ocrx_word' id='word_1_239' title='bbox 1326 3305 1447 3347; x_wconf 87' lang='lat' dir='ltr'><strong>esse</strong></span> <span class='ocrx_word' id='word_1_240' title='bbox 1480 3303 1645 3346; x_wconf 86' lang='lat' dir='ltr'><strong>:ecce</strong></span> <span class='ocrx_word' id='word_1_241' title='bbox 1687 3294 1741 3341; x_wconf 90' lang='lat' dir='ltr'><strong>et</strong></span> <span class='ocrx_word' id='word_1_242' title='bbox 1786 3299 2025 3341; x_wconf 88' lang='lat' dir='ltr'><strong>resurre-</strong></span> 
     </span>
    </p>
   </div>
   <div class='ocr_carea' id='block_1_33' title="bbox 427 3375 2025 3454">
    <p class='ocr_par' dir='ltr' id='par_1_33' title="bbox 427 3375 2025 3454">
     <span class='ocr_line' id='line_1_33' title="bbox 427 3375 2025 3454; baseline -0.016 0"><span class='ocrx_word' id='word_1_243' title='bbox 427 3400 664 3454; x_wconf 90' lang='lat' dir='ltr'><strong>ctionem</strong></span> <span class='ocrx_word' id='word_1_244' title='bbox 692 3391 932 3449; x_wconf 91' lang='lat' dir='ltr'><strong>omnium</strong></span> <span class='ocrx_word' id='word_1_245' title='bbox 961 3384 1316 3449; x_wconf 77' lang='lat' dir='ltr'><strong>memoravit;</strong></span> <span class='ocrx_word' id='word_1_246' title='bbox 1347 3396 1522 3452; x_wconf 89' lang='lat' dir='ltr'><strong>neque</strong></span> <span class='ocrx_word' id='word_1_247' title='bbox 1546 3380 1688 3435; x_wconf 89' lang='lat' dir='ltr'><strong>enim</strong></span> <span class='ocrx_word' id='word_1_248' title='bbox 1706 3379 1861 3432; x_wconf 87' lang='lat' dir='ltr'><strong>aliter</strong></span> <span class='ocrx_word' id='word_1_249' title='bbox 1879 3375 2025 3446; x_wconf 81' lang='lat' dir='ltr'><strong>judi-</strong></span> 
     </span>
    </p>
   </div>
   <div class='ocr_carea' id='block_1_34' title="bbox 429 3469 2025 3545">
    <p class='ocr_par' dir='ltr' id='par_1_34' title="bbox 429 3469 2025 3545">
     <span class='ocr_line' id='line_1_34' title="bbox 429 3469 2025 3545; baseline -0.016 0"><span class='ocrx_word' id='word_1_250' title='bbox 429 3499 587 3545; x_wconf 89' lang='lat' dir='ltr'><strong>catur</strong></span> <span class='ocrx_word' id='word_1_251' title='bbox 619 3485 786 3544; x_wconf 89' lang='lat' dir='ltr'><strong>orbis.</strong></span> <span class='ocrx_word' id='word_1_252' title='bbox 819 3483 995 3541; x_wconf 83' lang='lat' dir='ltr'><strong>Etiam</strong></span> <span class='ocrx_word' id='word_1_253' title='bbox 1027 3477 1187 3545; x_wconf 89' lang='lat' dir='ltr'><strong>illud,</strong></span> <span class='ocrx_word' id='word_1_254' title='bbox 1246 3474 1513 3532; x_wconf 82' lang='lat' dir='ltr'><strong>Suscitaus</strong></span> <span class='ocrx_word' id='word_1_255' title='bbox 1556 3488 1669 3525; x_wconf 83' lang='lat' dir='ltr'><strong>eum</strong></span> <span class='ocrx_word' id='word_1_256' title='bbox 1707 3486 1739 3523; x_wconf 91' lang='lat' dir='ltr'><strong>a</strong></span> <span class='ocrx_word' id='word_1_257' title='bbox 1781 3469 2025 3534; x_wconf 82' lang='lat' dir='ltr'><strong>mortuis,</strong></span> 
     </span>
    </p>
   </div>
   <div class='ocr_carea' id='block_1_35' title="bbox 431 3566 2026 3651">
    <p class='ocr_par' dir='ltr' id='par_1_35' title="bbox 431 3566 2026 3651">
     <span class='ocr_line' id='line_1_35' title="bbox 431 3566 2026 3651; baseline -0.016 -12"><span class='ocrx_word' id='word_1_258' title='bbox 431 3584 502 3639; x_wconf 92' lang='lat' dir='ltr'><strong>de</strong></span> <span class='ocrx_word' id='word_1_259' title='bbox 531 3595 757 3651; x_wconf 90' lang='lat' dir='ltr'><strong>corpore</strong></span> <span class='ocrx_word' id='word_1_260' title='bbox 790 3577 990 3633; x_wconf 89' lang='lat' dir='ltr'><strong>dictum</strong></span> <span class='ocrx_word' id='word_1_261' title='bbox 1018 3582 1101 3628; x_wconf 88' lang='lat' dir='ltr'><strong>est</strong></span> <span class='ocrx_word' id='word_1_262' title='bbox 1131 3589 1146 3626; x_wconf 90' lang='lat'><strong>:</strong></span> <span class='ocrx_word' id='word_1_263' title='bbox 1181 3571 1355 3640; x_wconf 90' lang='lat' dir='ltr'><strong>ipsum</strong></span> <span class='ocrx_word' id='word_1_264' title='bbox 1386 3566 1531 3622; x_wconf 91' lang='lat' dir='ltr'><strong>enim</strong></span> <span class='ocrx_word' id='word_1_265' title='bbox 1564 3573 1832 3619; x_wconf 90' lang='lat' dir='ltr'><strong>mortuum</strong></span> <span class='ocrx_word' id='word_1_266' title='bbox 1875 3570 2026 3625; x_wconf 90' lang='lat' dir='ltr'><strong>erat,</strong></span> 
     </span>
    </p>
   </div>
   <div class='ocr_carea' id='block_1_36' title="bbox 435 3654 2033 3737">
    <p class='ocr_par' dir='ltr' id='par_1_36' title="bbox 435 3654 2033 3737">
     <span class='ocr_line' id='line_1_36' title="bbox 435 3654 2033 3737; baseline -0.016 -6"><span class='ocrx_word' id='word_1_267' title='bbox 435 3677 542 3731; x_wconf 88' lang='lat' dir='ltr'><strong>hoc</strong></span> <span class='ocrx_word' id='word_1_268' title='bbox 582 3672 870 3729; x_wconf 87' lang='lat' dir='ltr'><strong>ceciderat.</strong></span> <span class='ocrx_word' id='word_1_269' title='bbox 907 3665 1064 3737; x_wconf 82' lang='lat' dir='ltr'><strong>Apud</strong></span> <span class='ocrx_word' id='word_1_270' title='bbox 1093 3662 1320 3736; x_wconf 82' lang='lat' dir='ltr'><strong>gentiles</strong></span> <span class='ocrx_word' id='word_1_271' title='bbox 1344 3702 1360 3730; x_wconf 94' lang='lat'><strong>,</strong></span> <span class='ocrx_word' id='word_1_272' title='bbox 1403 3660 1542 3716; x_wconf 86' lang='lat' dir='ltr'><strong>sicut</strong></span> <span class='ocrx_word' id='word_1_273' title='bbox 1580 3656 1818 3720; x_wconf 85' lang='lat' dir='ltr'><strong>creatio,</strong></span> <span class='ocrx_word' id='word_1_274' title='bbox 1865 3654 1935 3708; x_wconf 92' lang='lat' dir='ltr'><strong>ita</strong></span> <span class='ocrx_word' id='word_1_275' title='bbox 1978 3661 2033 3707; x_wconf 90' lang='lat' dir='ltr'><strong>et</strong></span> 
     </span>
    </p>
   </div>
   <div class='ocr_carea' id='block_1_37' title="bbox 434 3756 2033 3838">
    <p class='ocr_par' dir='ltr' id='par_1_37' title="bbox 434 3756 2033 3838">
     <span class='ocr_line' id='line_1_37' title="bbox 434 3756 2033 3838; baseline -0.013 -19"><span class='ocrx_word' id='word_1_276' title='bbox 434 3766 693 3838; x_wconf 76' lang='lat' dir='ltr'><strong>judicium</strong></span> <span class='ocrx_word' id='word_1_277' title='bbox 739 3760 1120 3819; x_wconf 89' lang='lat' dir='ltr'><strong>contemnitur.</strong></span> <span class='ocrx_word' id='word_1_278' title='bbox 1168 3756 1294 3811; x_wconf 59' lang='lat' dir='ltr'><strong>llaec</strong></span> <span class='ocrx_word' id='word_1_279' title='bbox 1334 3762 1511 3808; x_wconf 90' lang='lat' dir='ltr'><strong>autem</strong></span> <span class='ocrx_word' id='word_1_280' title='bbox 1554 3763 1843 3823; x_wconf 90' lang='lat' dir='ltr'><strong>puerorum</strong></span> <span class='ocrx_word' id='word_1_281' title='bbox 1880 3760 2033 3802; x_wconf 78' lang='lat' dir='ltr'><strong>eom-</strong></span> 
     </span>
    </p>
   </div>
   <div class='ocr_carea' id='block_1_38' title="bbox 438 3837 2037 3920">
    <p class='ocr_par' dir='ltr' id='par_1_38' title="bbox 438 3837 2037 3920">
     <span class='ocr_line' id='line_1_38' title="bbox 438 3837 2037 3920; baseline -0.014 -6"><span class='ocrx_word' id='word_1_282' title='bbox 438 3866 619 3915; x_wconf 87' lang='lat' dir='ltr'><strong>menta</strong></span> <span class='ocrx_word' id='word_1_283' title='bbox 648 3864 805 3920; x_wconf 90' lang='lat' dir='ltr'><strong>sunt,</strong></span> <span class='ocrx_word' id='word_1_284' title='bbox 838 3861 891 3909; x_wconf 91' lang='lat' dir='ltr'><strong>et</strong></span> <span class='ocrx_word' id='word_1_285' title='bbox 923 3851 1195 3907; x_wconf 78' lang='lat' dir='ltr'><strong>ebriorum</strong></span> <span class='ocrx_word' id='word_1_286' title='bbox 1217 3847 1518 3902; x_wconf 79' lang='lat' dir='ltr'><strong>hominum.</strong></span> <span class='ocrx_word' id='word_1_287' title='bbox 1546 3842 1650 3899; x_wconf 87' lang='lat' dir='ltr'><strong>Sed</strong></span> <span class='ocrx_word' id='word_1_288' title='bbox 1674 3855 1771 3896; x_wconf 91' lang='lat' dir='ltr'><strong>nos</strong></span> <span class='ocrx_word' id='word_1_289' title='bbox 1799 3839 1889 3909; x_wconf 86' lang='lat' dir='ltr'><strong>qui</strong></span> <span class='ocrx_word' id='word_1_290' title='bbox 1920 3837 2037 3892; x_wconf 77' lang='lat' dir='ltr'><strong>hrec</strong></span> 
     </span>
    </p>
   </div>
   <div class='ocr_carea' id='block_1_39' title="bbox 440 3930 2036 4012">
    <p class='ocr_par' dir='ltr' id='par_1_39' title="bbox 440 3930 2036 4012">
     <span class='ocr_line' id='line_1_39' title="bbox 440 3930 2036 4012; baseline -0.014 -6"><span class='ocrx_word' id='word_1_291' title='bbox 440 3958 690 4006; x_wconf 86' lang='lat' dir='ltr'><strong>accurate</strong></span> <span class='ocrx_word' id='word_1_292' title='bbox 728 3945 1045 4011; x_wconf 87' lang='lat' dir='ltr'><strong>didicimus,</strong></span> <span class='ocrx_word' id='word_1_293' title='bbox 1091 3939 1293 4012; x_wconf 89' lang='lat' dir='ltr'><strong>aliquid</strong></span> <span class='ocrx_word' id='word_1_294' title='bbox 1326 3937 1454 3994; x_wconf 86' lang='lat' dir='ltr'><strong>utile</strong></span> <span class='ocrx_word' id='word_1_295' title='bbox 1481 3935 1735 3991; x_wconf 88' lang='lat' dir='ltr'><strong>faciamus</strong></span> <span class='ocrx_word' id='word_1_296' title='bbox 1760 3974 1775 3999; x_wconf 92' lang='lat'><strong>,</strong></span> <span class='ocrx_word' id='word_1_297' title='bbox 1817 3930 2036 3987; x_wconf 84' lang='lat' dir='ltr'><strong>studea-</strong></span> 
     </span>
    </p>
   </div>
   <div class='ocr_carea' id='block_1_40' title="bbox 441 4024 2039 4111">
    <p class='ocr_par' dir='ltr' id='par_1_40' title="bbox 441 4024 2039 4111">
     <span class='ocr_line' id='line_1_40' title="bbox 441 4024 2039 4111; baseline -0.012 -14"><span class='ocrx_word' id='word_1_298' title='bbox 441 4055 673 4111; x_wconf 89' lang='lat' dir='ltr'><strong>musque</strong></span> <span class='ocrx_word' id='word_1_299' title='bbox 716 4036 1007 4094; x_wconf 79' lang='lat' dir='ltr'><strong>familiares</strong></span> <span class='ocrx_word' id='word_1_300' title='bbox 1060 4049 1183 4090; x_wconf 87' lang='lat' dir='ltr'><strong>esse</strong></span> <span class='ocrx_word' id='word_1_301' title='bbox 1228 4030 1444 4088; x_wconf 85' lang='lat' dir='ltr'><strong>Christo</strong></span> <span class='ocrx_word' id='word_1_302' title='bbox 1493 4030 1536 4085; x_wconf 75' lang='grc' dir='ltr'><strong>ί.</strong></span> <span class='ocrx_word' id='word_1_303' title='bbox 1588 4028 1873 4098; x_wconf 90' lang='lat' dir='ltr'><strong>Usquequo</strong></span> <span class='ocrx_word' id='word_1_304' title='bbox 1922 4024 2039 4094; x_wconf 85' lang='lat' dir='ltr'><strong>ejus</strong></span> 
     </span>
    </p>
   </div>
   <div class='ocr_carea' id='block_1_41' title="bbox 443 4116 2040 4200">
    <p class='ocr_par' dir='ltr' id='par_1_41' title="bbox 443 4116 2040 4200">
     <span class='ocr_line' id='line_1_41' title="bbox 443 4116 2040 4200; baseline -0.014 -9"><span class='ocrx_word' id='word_1_305' title='bbox 443 4133 647 4191; x_wconf 89' lang='lat' dir='ltr'><strong>inimici</strong></span> <span class='ocrx_word' id='word_1_306' title='bbox 678 4131 924 4189; x_wconf 85' lang='lat' dir='ltr'><strong>erimus?</strong></span> <span class='ocrx_word' id='word_1_307' title='bbox 949 4142 1225 4200; x_wconf 90' lang='lat' dir='ltr'><strong>usquequo</strong></span> <span class='ocrx_word' id='word_1_308' title='bbox 1257 4126 1435 4185; x_wconf 88' lang='lat' dir='ltr'><strong>minus</strong></span> <span class='ocrx_word' id='word_1_309' title='bbox 1461 4122 1696 4178; x_wconf 83' lang='lat' dir='ltr'><strong>suaviter</strong></span> <span class='ocrx_word' id='word_1_310' title='bbox 1725 4134 1850 4190; x_wconf 87' lang='lat' dir='ltr'><strong>erga</strong></span> <span class='ocrx_word' id='word_1_311' title='bbox 1889 4116 2040 4171; x_wconf 90' lang='lat' dir='ltr'><strong>illum</strong></span> 
     </span>
    </p>
   </div>
   <div class='ocr_carea' id='block_1_42' title="bbox 444 4206 2043 4287">
    <p class='ocr_par' dir='ltr' id='par_1_42' title="bbox 444 4206 2043 4287">
     <span class='ocr_line' id='line_1_42' title="bbox 444 4206 2043 4287; baseline -0.013 -7"><span class='ocrx_word' id='word_1_312' title='bbox 444 4224 621 4281; x_wconf 79' lang='lat' dir='ltr'><strong>affecti</strong></span> <span class='ocrx_word' id='word_1_313' title='bbox 653 4220 891 4279; x_wconf 78' lang='lat' dir='ltr'><strong>erimus?</strong></span> <span class='ocrx_word' id='word_1_314' title='bbox 914 4219 1101 4285; x_wconf 87' lang='lat' dir='ltr'><strong>Absit,</strong></span> <span class='ocrx_word' id='word_1_315' title='bbox 1146 4215 1354 4287; x_wconf 86' lang='lat' dir='ltr'><strong>inquies</strong></span> <span class='ocrx_word' id='word_1_316' title='bbox 1379 4231 1397 4273; x_wconf 84' lang='lat'><strong>:</strong></span> <span class='ocrx_word' id='word_1_317' title='bbox 1425 4229 1522 4269; x_wconf 92' lang='lat' dir='ltr'><strong>cur</strong></span> <span class='ocrx_word' id='word_1_318' title='bbox 1551 4212 1667 4266; x_wconf 86' lang='lat' dir='ltr'><strong>haec</strong></span> <span class='ocrx_word' id='word_1_319' title='bbox 1696 4209 1830 4264; x_wconf 88' lang='lat' dir='ltr'><strong>dicis</strong></span> <span class='ocrx_word' id='word_1_320' title='bbox 1850 4208 1875 4260; x_wconf 90' lang='lat'><strong>?</strong></span> <span class='ocrx_word' id='word_1_321' title='bbox 1913 4206 2043 4261; x_wconf 88' lang='lat' dir='ltr'><strong>Nol-</strong></span> 
     </span>
    </p>
   </div>
   <div class='ocr_carea' id='block_1_43' title="bbox 447 4298 2041 4377">
    <p class='ocr_par' dir='ltr' id='par_1_43' title="bbox 447 4298 2041 4377">
     <span class='ocr_line' id='line_1_43' title="bbox 447 4298 2041 4377; baseline -0.013 -6"><span class='ocrx_word' id='word_1_322' title='bbox 447 4318 553 4371; x_wconf 86' lang='lat' dir='ltr'><strong>lem</strong></span> <span class='ocrx_word' id='word_1_323' title='bbox 570 4316 685 4370; x_wconf 67' lang='lat' dir='ltr'><strong>haec</strong></span> <span class='ocrx_word' id='word_1_324' title='bbox 707 4313 907 4377; x_wconf 89' lang='lat' dir='ltr'><strong>dicere,</strong></span> <span class='ocrx_word' id='word_1_325' title='bbox 926 4311 1030 4366; x_wconf 91' lang='lat' dir='ltr'><strong>nisi</strong></span> <span class='ocrx_word' id='word_1_326' title='bbox 1050 4325 1144 4364; x_wconf 88' lang='lat' dir='ltr'><strong>vos</strong></span> <span class='ocrx_word' id='word_1_327' title='bbox 1167 4305 1412 4366; x_wconf 78' lang='lat' dir='ltr'><strong>faceretis</strong></span> <span class='ocrx_word' id='word_1_328' title='bbox 1435 4321 1449 4371; x_wconf 90' lang='lat'><strong>;</strong></span> <span class='ocrx_word' id='word_1_329' title='bbox 1484 4317 1628 4359; x_wconf 90' lang='lat' dir='ltr'><strong>nunc</strong></span> <span class='ocrx_word' id='word_1_330' title='bbox 1654 4315 1781 4357; x_wconf 88' lang='lat' dir='ltr'><strong>vero</strong></span> <span class='ocrx_word' id='word_1_331' title='bbox 1801 4316 1920 4372; x_wconf 85' lang='lat' dir='ltr'><strong>quae</strong></span> <span class='ocrx_word' id='word_1_332' title='bbox 1937 4298 2041 4352; x_wconf 90' lang='lat' dir='ltr'><strong>uti-</strong></span> 
     </span>
    </p>
   </div>
   <div class='ocr_carea' id='block_1_44' title="bbox 446 4389 2044 4470">
    <p class='ocr_par' dir='ltr' id='par_1_44' title="bbox 446 4389 2044 4470">
     <span class='ocr_line' id='line_1_44' title="bbox 446 4389 2044 4470; baseline -0.013 -5"><span class='ocrx_word' id='word_1_333' title='bbox 446 4409 574 4465; x_wconf 87' lang='lat' dir='ltr'><strong>litas</strong></span> <span class='ocrx_word' id='word_1_334' title='bbox 615 4422 683 4461; x_wconf 79' lang='lat' dir='ltr'><strong>ex</strong></span> <span class='ocrx_word' id='word_1_335' title='bbox 726 4404 975 4470; x_wconf 90' lang='lat' dir='ltr'><strong>silentio,</strong></span> <span class='ocrx_word' id='word_1_336' title='bbox 1033 4416 1155 4457; x_wconf 92' lang='lat' dir='ltr'><strong>cum</strong></span> <span class='ocrx_word' id='word_1_337' title='bbox 1202 4414 1291 4454; x_wconf 89' lang='lat' dir='ltr'><strong>res</strong></span> <span class='ocrx_word' id='word_1_338' title='bbox 1334 4398 1409 4453; x_wconf 90' lang='lat' dir='ltr'><strong>ita</strong></span> <span class='ocrx_word' id='word_1_339' title='bbox 1453 4394 1731 4467; x_wconf 88' lang='lat' dir='ltr'><strong>perspicue</strong></span> <span class='ocrx_word' id='word_1_340' title='bbox 1778 4389 2044 4447; x_wconf 87' lang='lat' dir='ltr'><strong>clament?</strong></span> 
     </span>
    </p>
   </div>
   <div class='ocr_carea' id='block_1_45' title="bbox 449 4484 2041 4570">
    <p class='ocr_par' dir='ltr' id='par_1_45' title="bbox 449 4484 2041 4570">
     <span class='ocr_line' id='line_1_45' title="bbox 449 4484 2041 4570; baseline -0.011 -14"><span class='ocrx_word' id='word_1_341' title='bbox 449 4498 734 4570; x_wconf 83' lang='lat' dir='ltr'><strong>Quomodo</strong></span> <span class='ocrx_word' id='word_1_342' title='bbox 770 4497 934 4568; x_wconf 79' lang='lat' dir='ltr'><strong>igitur</strong></span> <span class='ocrx_word' id='word_1_343' title='bbox 964 4495 1115 4550; x_wconf 89' lang='lat' dir='ltr'><strong>illum</strong></span> <span class='ocrx_word' id='word_1_344' title='bbox 1163 4491 1485 4562; x_wconf 82' lang='lat' dir='ltr'><strong>diligemus?</strong></span> <span class='ocrx_word' id='word_1_345' title='bbox 1529 4486 1853 4546; x_wconf 82' lang='lat' dir='ltr'><strong>Sexcenties</strong></span> <span class='ocrx_word' id='word_1_346' title='bbox 1898 4484 2041 4550; x_wconf 86' lang='lat' dir='ltr'><strong>dixi,</strong></span> 
     </span>
    </p>
   </div>
   <div class='ocr_carea' id='block_1_46' title="bbox 451 4575 2047 4660">
    <p class='ocr_par' dir='ltr' id='par_1_46' title="bbox 451 4575 2047 4660">
     <span class='ocr_line' id='line_1_46' title="bbox 451 4575 2047 4660; baseline -0.013 -11"><span class='ocrx_word' id='word_1_347' title='bbox 451 4593 549 4649; x_wconf 89' lang='lat' dir='ltr'><strong>sed</strong></span> <span class='ocrx_word' id='word_1_348' title='bbox 598 4605 741 4646; x_wconf 88' lang='lat' dir='ltr'><strong>nunc</strong></span> <span class='ocrx_word' id='word_1_349' title='bbox 767 4603 980 4660; x_wconf 88' lang='lat' dir='ltr'><strong>quoque</strong></span> <span class='ocrx_word' id='word_1_350' title='bbox 1003 4587 1201 4642; x_wconf 87' lang='lat' dir='ltr'><strong>dicam.</strong></span> <span class='ocrx_word' id='word_1_351' title='bbox 1244 4582 1457 4640; x_wconf 86' lang='lat' dir='ltr'><strong>Modum</strong></span> <span class='ocrx_word' id='word_1_352' title='bbox 1502 4578 1772 4637; x_wconf 84' lang='lat' dir='ltr'><strong>invenisse</strong></span> <span class='ocrx_word' id='word_1_353' title='bbox 1807 4576 1937 4632; x_wconf 91' lang='lat' dir='ltr'><strong>mihi</strong></span> <span class='ocrx_word' id='word_1_354' title='bbox 1966 4575 2047 4629; x_wconf 90' lang='lat' dir='ltr'><strong>vi-</strong></span> 
     </span>
    </p>
   </div>
   <div class='ocr_carea' id='block_1_47' title="bbox 454 4669 2049 4752">
    <p class='ocr_par' dir='ltr' id='par_1_47' title="bbox 454 4669 2049 4752">
     <span class='ocr_line' id='line_1_47' title="bbox 454 4669 2049 4752; baseline -0.01 -11"><span class='ocrx_word' id='word_1_355' title='bbox 454 4684 590 4741; x_wconf 88' lang='lat' dir='ltr'><strong>deor</strong></span> <span class='ocrx_word' id='word_1_356' title='bbox 620 4695 870 4752; x_wconf 89' lang='lat' dir='ltr'><strong>magnum</strong></span> <span class='ocrx_word' id='word_1_357' title='bbox 898 4687 954 4735; x_wconf 89' lang='lat' dir='ltr'><strong>et</strong></span> <span class='ocrx_word' id='word_1_358' title='bbox 983 4677 1307 4734; x_wconf 87' lang='lat' dir='ltr'><strong>mirabilem.</strong></span> <span class='ocrx_word' id='word_1_359' title='bbox 1336 4675 1530 4731; x_wconf 89' lang='lat' dir='ltr'><strong>Postea</strong></span> <span class='ocrx_word' id='word_1_360' title='bbox 1557 4688 1715 4744; x_wconf 88' lang='lat' dir='ltr'><strong>quam</strong></span> <span class='ocrx_word' id='word_1_361' title='bbox 1762 4670 1853 4726; x_wconf 91' lang='lat' dir='ltr'><strong>Dei</strong></span> <span class='ocrx_word' id='word_1_362' title='bbox 1883 4669 2049 4725; x_wconf 80' lang='lat' dir='ltr'><strong>bene~</strong></span> 
     </span>
    </p>
   </div>
   <div class='ocr_carea' id='block_1_48' title="bbox 458 4764 2052 4837">
    <p class='ocr_par' dir='ltr' id='par_1_48' title="bbox 458 4764 2052 4837">
     <span class='ocr_line' id='line_1_48' title="bbox 458 4764 2052 4837; baseline -0.009 -7"><span class='ocrx_word' id='word_1_363' title='bbox 458 4775 579 4832; x_wconf 82' lang='lat' dir='ltr'><strong>ﬁcia</strong></span> <span class='ocrx_word' id='word_1_364' title='bbox 602 4773 963 4831; x_wconf 90' lang='lat' dir='ltr'><strong>communiter</strong></span> <span class='ocrx_word' id='word_1_365' title='bbox 987 4771 1142 4827; x_wconf 90' lang='lat' dir='ltr'><strong>nobis</strong></span> <span class='ocrx_word' id='word_1_366' title='bbox 1166 4777 1221 4826; x_wconf 86' lang='lat' dir='ltr'><strong>et</strong></span> <span class='ocrx_word' id='word_1_367' title='bbox 1240 4769 1359 4824; x_wconf 88' lang='lat' dir='ltr'><strong>aliis</strong></span> <span class='ocrx_word' id='word_1_368' title='bbox 1378 4768 1499 4823; x_wconf 90' lang='lat' dir='ltr'><strong>data</strong></span> <span class='ocrx_word' id='word_1_369' title='bbox 1522 4764 1908 4837; x_wconf 84' lang='lat' dir='ltr'><strong>reputavimus,</strong></span> <span class='ocrx_word' id='word_1_370' title='bbox 1929 4776 2052 4833; x_wconf 67' lang='lat' dir='ltr'><strong>quae</strong></span> 
     </span>
    </p>
   </div>
   <div class='ocr_carea' id='block_1_49' title="bbox 464 4857 2053 4936">
    <p class='ocr_par' dir='ltr' id='par_1_49' title="bbox 464 4857 2053 4936">
     <span class='ocr_line' id='line_1_49' title="bbox 464 4857 2053 4936; baseline -0.009 -14"><span class='ocrx_word' id='word_1_371' title='bbox 464 4876 543 4922; x_wconf 80' lang='lat' dir='ltr'><strong>tot</strong></span> <span class='ocrx_word' id='word_1_372' title='bbox 567 4874 820 4936; x_wconf 89' lang='lat' dir='ltr'><strong>tantaque</strong></span> <span class='ocrx_word' id='word_1_373' title='bbox 847 4873 971 4919; x_wconf 86' lang='lat' dir='ltr'><strong>sunt</strong></span> <span class='ocrx_word' id='word_1_374' title='bbox 998 4871 1057 4918; x_wconf 84' lang='grc' dir='ltr'><strong>ιιι</strong></span> <span class='ocrx_word' id='word_1_375' title='bbox 1095 4861 1400 4918; x_wconf 86' lang='lat' dir='ltr'><strong>enumerari</strong></span> <span class='ocrx_word' id='word_1_376' title='bbox 1442 4875 1549 4914; x_wconf 90' lang='lat' dir='ltr'><strong>non</strong></span> <span class='ocrx_word' id='word_1_377' title='bbox 1588 4857 1831 4928; x_wconf 89' lang='lat' dir='ltr'><strong>possint,</strong></span> <span class='ocrx_word' id='word_1_378' title='bbox 1873 4863 1927 4910; x_wconf 89' lang='lat' dir='ltr'><strong>et</strong></span> <span class='ocrx_word' id='word_1_379' title='bbox 1957 4868 2053 4924; x_wconf 89' lang='lat' dir='ltr'><strong>pro</strong></span> 
     </span>
    </p>
   </div>
   <div class='ocr_carea' id='block_1_50' title="bbox 471 4949 2053 5037">
    <p class='ocr_par' dir='ltr' id='par_1_50' title="bbox 471 4949 2053 5037">
     <span class='ocr_line' id='line_1_50' title="bbox 471 4949 2053 5037; baseline -0.011 -20"><span class='ocrx_word' id='word_1_380' title='bbox 471 4960 796 5037; x_wconf 76' lang='lat' dir='ltr'><strong>iisomnibus</strong></span> <span class='ocrx_word' id='word_1_381' title='bbox 821 4958 1023 5029; x_wconf 88' lang='lat' dir='ltr'><strong>gratias</strong></span> <span class='ocrx_word' id='word_1_382' title='bbox 1042 4956 1141 5027; x_wconf 89' lang='lat' dir='ltr'><strong>ipsi</strong></span> <span class='ocrx_word' id='word_1_383' title='bbox 1163 4955 1367 5026; x_wconf 79' lang='lat' dir='ltr'><strong>egimus</strong></span> <span class='ocrx_word' id='word_1_384' title='bbox 1395 4966 1548 5022; x_wconf 78' lang='lat' dir='ltr'><strong>:quae</strong></span> <span class='ocrx_word' id='word_1_385' title='bbox 1573 4949 1794 5020; x_wconf 87' lang='lat' dir='ltr'><strong>singulis</strong></span> <span class='ocrx_word' id='word_1_386' title='bbox 1812 4957 2053 5003; x_wconf 87' lang='lat' dir='ltr'><strong>nostrum</strong></span> 
     </span>
    </p>
   </div>
   <div class='ocr_carea' id='block_1_51' title="bbox 474 5043 2060 5122">
    <p class='ocr_par' dir='ltr' id='par_1_51' title="bbox 474 5043 2060 5122">
     <span class='ocr_line' id='line_1_51' title="bbox 474 5043 2060 5122; baseline -0.008 -15"><span class='ocrx_word' id='word_1_387' title='bbox 474 5053 690 5107; x_wconf 88' lang='lat' dir='ltr'><strong>contulit</strong></span> <span class='ocrx_word' id='word_1_388' title='bbox 713 5051 1010 5122; x_wconf 86' lang='lat' dir='ltr'><strong>cogitemus</strong></span> <span class='ocrx_word' id='word_1_389' title='bbox 1030 5061 1238 5113; x_wconf 90' lang='lat' dir='ltr'><strong>omnes,</strong></span> <span class='ocrx_word' id='word_1_390' title='bbox 1269 5056 1324 5102; x_wconf 91' lang='lat' dir='ltr'><strong>et</strong></span> <span class='ocrx_word' id='word_1_391' title='bbox 1355 5043 1593 5115; x_wconf 88' lang='lat' dir='ltr'><strong>quotidie</strong></span> <span class='ocrx_word' id='word_1_392' title='bbox 1629 5043 1681 5097; x_wconf 92' lang='lat' dir='ltr'><strong>in</strong></span> <span class='ocrx_word' id='word_1_393' title='bbox 1712 5050 1947 5098; x_wconf 87' lang='lat' dir='ltr'><strong>mentem</strong></span> <span class='ocrx_word' id='word_1_394' title='bbox 1976 5053 2060 5095; x_wconf 88' lang='lat' dir='ltr'><strong>re-</strong></span> 
     </span>
    </p>
   </div>
   <div class='ocr_carea' id='block_1_52' title="bbox 468 5134 2055 5213">
    <p class='ocr_par' dir='ltr' id='par_1_52' title="bbox 468 5134 2055 5213">
     <span class='ocr_line' id='line_1_52' title="bbox 468 5134 2055 5213; baseline -0.009 -12"><span class='ocrx_word' id='word_1_395' title='bbox 468 5160 737 5201; x_wconf 83' lang='lat' dir='ltr'><strong>vocemus.</strong></span> <span class='ocrx_word' id='word_1_396' title='bbox 767 5144 1027 5212; x_wconf 83' lang='lat' dir='ltr'><strong>Quoniam</strong></span> <span class='ocrx_word' id='word_1_397' title='bbox 1058 5142 1219 5213; x_wconf 89' lang='lat' dir='ltr'><strong>igitur</strong></span> <span class='ocrx_word' id='word_1_398' title='bbox 1261 5139 1379 5194; x_wconf 71' lang='lat' dir='ltr'><strong>ilch</strong></span> <span class='ocrx_word' id='word_1_399' title='bbox 1407 5151 1654 5208; x_wconf 87' lang='lat' dir='ltr'><strong>magnam</strong></span> <span class='ocrx_word' id='word_1_400' title='bbox 1687 5136 1792 5190; x_wconf 91' lang='lat' dir='ltr'><strong>vim</strong></span> <span class='ocrx_word' id='word_1_401' title='bbox 1825 5134 2055 5199; x_wconf 82' lang='lat' dir='ltr'><strong>habent,</strong></span> 
     </span>
    </p>
   </div>
   <div class='ocr_carea' id='block_1_53' title="bbox 465 5234 2059 5308">
    <p class='ocr_par' dir='ltr' id='par_1_53' title="bbox 465 5234 2059 5308">
     <span class='ocr_line' id='line_1_53' title="bbox 465 5234 2059 5308; baseline -0.01 -15"><span class='ocrx_word' id='word_1_402' title='bbox 465 5236 837 5308; x_wconf 83' lang='lat' dir='ltr'><strong>unusquisque</strong></span> <span class='ocrx_word' id='word_1_403' title='bbox 862 5243 1104 5289; x_wconf 86' lang='lat' dir='ltr'><strong>nostrum</strong></span> <span class='ocrx_word' id='word_1_404' title='bbox 1128 5245 1311 5287; x_wconf 85' lang='lat' dir='ltr'><strong>secum</strong></span> <span class='ocrx_word' id='word_1_405' title='bbox 1342 5235 1576 5299; x_wconf 89' lang='lat' dir='ltr'><strong>reputet,</strong></span> <span class='ocrx_word' id='word_1_406' title='bbox 1607 5235 1661 5283; x_wconf 92' lang='lat' dir='ltr'><strong>et</strong></span> <span class='ocrx_word' id='word_1_407' title='bbox 1685 5234 1934 5281; x_wconf 88' lang='lat' dir='ltr'><strong>accurate</strong></span> <span class='ocrx_word' id='word_1_408' title='bbox 1963 5240 2059 5279; x_wconf 81' lang='lat' dir='ltr'><strong>ex-</strong></span> 
     </span>
    </p>
   </div>
   <div class='ocr_carea' id='block_1_54' title="bbox 464 5316 2062 5401">
    <p class='ocr_par' dir='ltr' id='par_1_54' title="bbox 464 5316 2062 5401">
     <span class='ocr_line' id='line_1_54' title="bbox 464 5316 2062 5401; baseline -0.009 -16"><span class='ocrx_word' id='word_1_409' title='bbox 464 5330 668 5401; x_wconf 89' lang='lat' dir='ltr'><strong>ploret,</strong></span> <span class='ocrx_word' id='word_1_410' title='bbox 702 5343 828 5383; x_wconf 90' lang='lat' dir='ltr'><strong>num</strong></span> <span class='ocrx_word' id='word_1_411' title='bbox 857 5323 1146 5400; x_wconf 83' lang='lat' dir='ltr'><strong>aliquando</strong></span> <span class='ocrx_word' id='word_1_412' title='bbox 1175 5322 1229 5377; x_wconf 92' lang='lat' dir='ltr'><strong>in</strong></span> <span class='ocrx_word' id='word_1_413' title='bbox 1258 5320 1555 5391; x_wconf 85' lang='lat' dir='ltr'><strong>perieulum</strong></span> <span class='ocrx_word' id='word_1_414' title='bbox 1584 5319 1786 5389; x_wconf 85' lang='lat' dir='ltr'><strong>lapsus,</strong></span> <span class='ocrx_word' id='word_1_415' title='bbox 1814 5316 2062 5371; x_wconf 84' lang='lat' dir='ltr'><strong>inimico-</strong></span> 
     </span>
    </p>
   </div>
   <div class='ocr_carea' id='block_1_55' title="bbox 1306 384 2766 460">
    <p class='ocr_par' dir='ltr' id='par_1_55' title="bbox 1306 384 2766 460">
     <span class='ocr_line' id='line_1_55' title="bbox 1306 384 2766 460; baseline -0.013 -2"><span class='ocrx_word' id='word_1_416' title='bbox 1306 403 1372 460; x_wconf 84' lang='lat' dir='ltr'><strong>IN</strong></span> <span class='ocrx_word' id='word_1_417' title='bbox 1415 399 1594 458; x_wconf 81' lang='lat' dir='ltr'><strong>ACTA</strong></span> <span class='ocrx_word' id='word_1_418' title='bbox 1637 393 2166 455; x_wconf 73' lang='lat' dir='ltr'><strong>APOSTOLURU“.</strong></span> <span class='ocrx_word' id='word_1_419' title='bbox 2201 387 2433 447; x_wconf 76' lang='lat' dir='ltr'><strong>llOMIL.</strong></span> <span class='ocrx_word' id='word_1_420' title='bbox 2476 384 2766 443; x_wconf 72' lang='lat' dir='ltr'><strong>XXXVIII.</strong></span> 
     </span>
    </p>
   </div>
   <div class='ocr_carea' id='block_1_56' title="bbox 3591 383 3700 439">
    <p class='ocr_par' dir='ltr' id='par_1_56' title="bbox 3591 383 3700 439">
     <span class='ocr_line' id='line_1_56' title="bbox 3591 383 3700 439; baseline 0 0"><span class='ocrx_word' id='word_1_421' title='bbox 3591 383 3700 439; x_wconf 66' lang='grc' dir='ltr'><strong>2Ἱὲ</strong></span> 
     </span>
    </p>
   </div>
   <div class='ocr_carea' id='block_1_57' title="bbox 2105 494 3701 568">
    <p class='ocr_par' dir='ltr' id='par_1_57' title="bbox 2105 494 3701 568">
     <span class='ocr_line' id='line_1_57' title="bbox 2105 494 3701 568; baseline -0.008 -7"><span class='ocrx_word' id='word_1_422' title='bbox 2105 520 2232 561; x_wconf 89' lang='lat' dir='ltr'><strong>num</strong></span> <span class='ocrx_word' id='word_1_423' title='bbox 2265 503 2316 558; x_wconf 90' lang='lat' dir='ltr'><strong>in</strong></span> <span class='ocrx_word' id='word_1_424' title='bbox 2347 499 2596 559; x_wconf 88' lang='lat' dir='ltr'><strong>morbum</strong></span> <span class='ocrx_word' id='word_1_425' title='bbox 2620 498 2821 567; x_wconf 85' lang='lat' dir='ltr'><strong>lapsus,</strong></span> <span class='ocrx_word' id='word_1_426' title='bbox 2844 494 3254 568; x_wconf 86' lang='lat' dir='ltr'><strong>desperantibus</strong></span> <span class='ocrx_word' id='word_1_427' title='bbox 3273 494 3545 563; x_wconf 86' lang='lat' dir='ltr'><strong>omnibus,</strong></span> <span class='ocrx_word' id='word_1_428' title='bbox 3565 510 3701 550; x_wconf 86' lang='lat' dir='ltr'><strong>cou-</strong></span> 
     </span>
    </p>
   </div>
   <div class='ocr_carea' id='block_1_58' title="bbox 2100 585 3702 659">
    <p class='ocr_par' dir='ltr' id='par_1_58' title="bbox 2100 585 3702 659">
     <span class='ocr_line' id='line_1_58' title="bbox 2100 585 3702 659; baseline -0.008 -5"><span class='ocrx_word' id='word_1_429' title='bbox 2100 594 2371 659; x_wconf 83' lang='lat' dir='ltr'><strong>valuerit;</strong></span> <span class='ocrx_word' id='word_1_430' title='bbox 2413 591 2641 648; x_wconf 89' lang='lat' dir='ltr'><strong>multttm</strong></span> <span class='ocrx_word' id='word_1_431' title='bbox 2687 588 2831 644; x_wconf 88' lang='lat' dir='ltr'><strong>enim</strong></span> <span class='ocrx_word' id='word_1_432' title='bbox 2877 587 2981 643; x_wconf 89' lang='lat' dir='ltr'><strong>hoc</strong></span> <span class='ocrx_word' id='word_1_433' title='bbox 3018 587 3163 643; x_wconf 87' lang='lat' dir='ltr'><strong>valet</strong></span> <span class='ocrx_word' id='word_1_434' title='bbox 3208 586 3275 641; x_wconf 90' lang='lat' dir='ltr'><strong>ad</strong></span> <span class='ocrx_word' id='word_1_435' title='bbox 3328 586 3494 641; x_wconf 89' lang='lat' dir='ltr'><strong>Deum</strong></span> <span class='ocrx_word' id='word_1_436' title='bbox 3543 585 3702 641; x_wconf 79' lang='lat' dir='ltr'><strong>nobis</strong></span> 
     </span>
    </p>
   </div>
   <div class='ocr_carea' id='block_1_59' title="bbox 2112 675 3705 761">
    <p class='ocr_par' dir='ltr' id='par_1_59' title="bbox 2112 675 3705 761">
     <span class='ocr_line' id='line_1_59' title="bbox 2112 675 3705 761; baseline -0.009 -16"><span class='ocrx_word' id='word_1_437' title='bbox 2112 686 2405 761; x_wconf 87' lang='lat' dir='ltr'><strong>propitium</strong></span> <span class='ocrx_word' id='word_1_438' title='bbox 2433 682 2793 740; x_wconf 84' lang='lat' dir='ltr'><strong>reddendum.</strong></span> <span class='ocrx_word' id='word_1_439' title='bbox 2822 679 2953 735; x_wconf 83' lang='lat' dir='ltr'><strong>Nam</strong></span> <span class='ocrx_word' id='word_1_440' title='bbox 2984 679 3029 735; x_wconf 93' lang='lat' dir='ltr'><strong>si</strong></span> <span class='ocrx_word' id='word_1_441' title='bbox 3057 676 3424 735; x_wconf 77' lang='lat' dir='ltr'><strong>Mardochaats</strong></span> <span class='ocrx_word' id='word_1_442' title='bbox 3453 677 3544 731; x_wconf 91' lang='lat' dir='ltr'><strong>ille</strong></span> <span class='ocrx_word' id='word_1_443' title='bbox 3566 717 3582 741; x_wconf 91' lang='lat'><strong>,</strong></span> <span class='ocrx_word' id='word_1_444' title='bbox 3610 675 3705 733; x_wconf 84' lang='lat' dir='ltr'><strong>ubi</strong></span> 
     </span>
    </p>
   </div>
   <div class='ocr_carea' id='block_1_60' title="bbox 2103 769 3701 839">
    <p class='ocr_par' dir='ltr' id='par_1_60' title="bbox 2103 769 3701 839">
     <span class='ocr_line' id='line_1_60' title="bbox 2103 769 3701 839; baseline -0.01 -1"><span class='ocrx_word' id='word_1_445' title='bbox 2103 797 2195 838; x_wconf 78' lang='lat' dir='ltr'><strong>rex</strong></span> <span class='ocrx_word' id='word_1_446' title='bbox 2226 780 2278 835; x_wconf 90' lang='lat' dir='ltr'><strong>in</strong></span> <span class='ocrx_word' id='word_1_447' title='bbox 2311 783 2548 834; x_wconf 88' lang='lat' dir='ltr'><strong>mentem</strong></span> <span class='ocrx_word' id='word_1_448' title='bbox 2588 773 2861 831; x_wconf 84' lang='lat' dir='ltr'><strong>revocavit</strong></span> <span class='ocrx_word' id='word_1_449' title='bbox 2900 771 3157 828; x_wconf 82' lang='lat' dir='ltr'><strong>beneficia</strong></span> <span class='ocrx_word' id='word_1_450' title='bbox 3208 771 3296 825; x_wconf 91' lang='lat' dir='ltr'><strong>illa</strong></span> <span class='ocrx_word' id='word_1_451' title='bbox 3325 771 3395 825; x_wconf 89' lang='lat' dir='ltr'><strong>ab</strong></span> <span class='ocrx_word' id='word_1_452' title='bbox 3432 770 3549 839; x_wconf 91' lang='lat' dir='ltr'><strong>ipso</strong></span> <span class='ocrx_word' id='word_1_453' title='bbox 3597 769 3701 823; x_wconf 88' lang='lat' dir='ltr'><strong>sibi</strong></span> 
     </span>
    </p>
   </div>
   <div class='ocr_carea' id='block_1_61' title="bbox 2102 860 3701 942">
    <p class='ocr_par' dir='ltr' id='par_1_61' title="bbox 2102 860 3701 942">
     <span class='ocr_line' id='line_1_61' title="bbox 2102 860 3701 942; baseline -0.008 -19"><span class='ocrx_word' id='word_1_454' title='bbox 2102 869 2373 942; x_wconf 69' lang='lat' dir='ltr'><strong>ltrmstita,</strong></span> <span class='ocrx_word' id='word_1_455' title='bbox 2406 868 2478 922; x_wconf 88' lang='lat' dir='ltr'><strong>ita</strong></span> <span class='ocrx_word' id='word_1_456' title='bbox 2523 875 2779 937; x_wconf 88' lang='lat' dir='ltr'><strong>acceptus</strong></span> <span class='ocrx_word' id='word_1_457' title='bbox 2815 864 2893 919; x_wconf 92' lang='lat' dir='ltr'><strong>illi</strong></span> <span class='ocrx_word' id='word_1_458' title='bbox 2933 861 3068 930; x_wconf 86' lang='lat' dir='ltr'><strong>fuit,</strong></span> <span class='ocrx_word' id='word_1_459' title='bbox 3115 871 3175 917; x_wconf 92' lang='lat' dir='ltr'><strong>ut</strong></span> <span class='ocrx_word' id='word_1_460' title='bbox 3198 860 3264 915; x_wconf 90' lang='lat' dir='ltr'><strong>ad</strong></span> <span class='ocrx_word' id='word_1_461' title='bbox 3315 861 3461 915; x_wconf 91' lang='lat' dir='ltr'><strong>illum</strong></span> <span class='ocrx_word' id='word_1_462' title='bbox 3515 860 3701 931; x_wconf 78' lang='lat' dir='ltr'><strong>gloria:</strong></span> 
     </span>
    </p>
   </div>
   <div class='ocr_carea' id='block_1_62' title="bbox 2102 952 3705 1033">
    <p class='ocr_par' dir='ltr' id='par_1_62' title="bbox 2102 952 3705 1033">
     <span class='ocr_line' id='line_1_62' title="bbox 2102 952 3705 1033; baseline -0.008 -16"><span class='ocrx_word' id='word_1_463' title='bbox 2102 961 2444 1033; x_wconf 82' lang='lat' dir='ltr'><strong>splendorem</strong></span> <span class='ocrx_word' id='word_1_464' title='bbox 2478 958 2725 1024; x_wconf 89' lang='lat' dir='ltr'><strong>veniret;</strong></span> <span class='ocrx_word' id='word_1_465' title='bbox 2772 952 3137 1025; x_wconf 72' lang='lat' dir='ltr'><strong>multomagis</strong></span> <span class='ocrx_word' id='word_1_466' title='bbox 3187 967 3323 1019; x_wconf 89' lang='lat' dir='ltr'><strong>nos,</strong></span> <span class='ocrx_word' id='word_1_467' title='bbox 3360 952 3404 1007; x_wconf 91' lang='lat' dir='ltr'><strong>si</strong></span> <span class='ocrx_word' id='word_1_468' title='bbox 3430 966 3705 1007; x_wconf 85' lang='lat' dir='ltr'><strong>memores</strong></span> 
     </span>
    </p>
   </div>
   <div class='ocr_carea' id='block_1_63' title="bbox 2104 1039 3701 1118">
    <p class='ocr_par' dir='ltr' id='par_1_63' title="bbox 2104 1039 3701 1118">
     <span class='ocr_line' id='line_1_63' title="bbox 2104 1039 3701 1118; baseline -0.008 -10"><span class='ocrx_word' id='word_1_469' title='bbox 2104 1053 2365 1111; x_wconf 80' lang='lat' dir='ltr'><strong>fuerimus</strong></span> <span class='ocrx_word' id='word_1_470' title='bbox 2390 1092 2405 1118; x_wconf 90' lang='lat'><strong>,</strong></span> <span class='ocrx_word' id='word_1_471' title='bbox 2453 1059 2509 1107; x_wconf 91' lang='lat' dir='ltr'><strong>et</strong></span> <span class='ocrx_word' id='word_1_472' title='bbox 2533 1050 2579 1105; x_wconf 89' lang='lat' dir='ltr'><strong>si</strong></span> <span class='ocrx_word' id='word_1_473' title='bbox 2604 1049 2713 1105; x_wconf 87' lang='lat' dir='ltr'><strong>duo</strong></span> <span class='ocrx_word' id='word_1_474' title='bbox 2740 1048 2831 1104; x_wconf 89' lang='lat' dir='ltr'><strong>illa</strong></span> <span class='ocrx_word' id='word_1_475' title='bbox 2860 1046 3146 1117; x_wconf 89' lang='lat' dir='ltr'><strong>diligenter</strong></span> <span class='ocrx_word' id='word_1_476' title='bbox 3171 1044 3537 1114; x_wconf 76' lang='lat' dir='ltr'><strong>exploremus,</strong></span> <span class='ocrx_word' id='word_1_477' title='bbox 3574 1039 3701 1111; x_wconf 89' lang='lat' dir='ltr'><strong>quid</strong></span> 
     </span>
    </p>
   </div>
   <div class='ocr_carea' id='block_1_64' title="bbox 2105 1135 3703 1216">
    <p class='ocr_par' dir='ltr' id='par_1_64' title="bbox 2105 1135 3703 1216">
     <span class='ocr_line' id='line_1_64' title="bbox 2105 1135 3703 1216; baseline -0.009 -17"><span class='ocrx_word' id='word_1_478' title='bbox 2105 1162 2203 1208; x_wconf 87' lang='lat' dir='ltr'><strong>nos</strong></span> <span class='ocrx_word' id='word_1_479' title='bbox 2224 1143 2625 1216; x_wconf 86' lang='lat' dir='ltr'><strong>peccaverimus</strong></span> <span class='ocrx_word' id='word_1_480' title='bbox 2653 1141 2707 1197; x_wconf 91' lang='lat' dir='ltr'><strong>in</strong></span> <span class='ocrx_word' id='word_1_481' title='bbox 2739 1142 2928 1208; x_wconf 89' lang='lat' dir='ltr'><strong>Deum,</strong></span> <span class='ocrx_word' id='word_1_482' title='bbox 2954 1149 3009 1195; x_wconf 89' lang='lat' dir='ltr'><strong>et</strong></span> <span class='ocrx_word' id='word_1_483' title='bbox 3027 1155 3147 1210; x_wconf 76' lang='lat' dir='ltr'><strong>qua:</strong></span> <span class='ocrx_word' id='word_1_484' title='bbox 3179 1138 3335 1193; x_wconf 89' lang='lat' dir='ltr'><strong>nobis</strong></span> <span class='ocrx_word' id='word_1_485' title='bbox 3380 1136 3469 1193; x_wconf 89' lang='lat' dir='ltr'><strong>ille</strong></span> <span class='ocrx_word' id='word_1_486' title='bbox 3498 1135 3703 1189; x_wconf 82' lang='lat' dir='ltr'><strong>benefi-</strong></span> 
     </span>
    </p>
   </div>
   <div class='ocr_carea' id='block_1_65' title="bbox 2103 1225 3695 1303">
    <p class='ocr_par' dir='ltr' id='par_1_65' title="bbox 2103 1225 3695 1303">
     <span class='ocr_line' id='line_1_65' title="bbox 2103 1225 3695 1303; baseline -0.011 -7"><span class='ocrx_word' id='word_1_487' title='bbox 2103 1239 2186 1297; x_wconf 89' lang='lat' dir='ltr'><strong>cia</strong></span> <span class='ocrx_word' id='word_1_488' title='bbox 2213 1236 2500 1295; x_wconf 86' lang='lat' dir='ltr'><strong>contulerit</strong></span> <span class='ocrx_word' id='word_1_489' title='bbox 2527 1252 2542 1290; x_wconf 91' lang='lat'><strong>:</strong></span> <span class='ocrx_word' id='word_1_490' title='bbox 2570 1235 2649 1292; x_wconf 91' lang='lat' dir='ltr'><strong>sic</strong></span> <span class='ocrx_word' id='word_1_491' title='bbox 2670 1243 2721 1290; x_wconf 93' lang='lat' dir='ltr'><strong>et</strong></span> <span class='ocrx_word' id='word_1_492' title='bbox 2753 1248 2852 1288; x_wconf 90' lang='lat' dir='ltr'><strong>nos</strong></span> <span class='ocrx_word' id='word_1_493' title='bbox 2889 1232 3026 1303; x_wconf 87' lang='lat' dir='ltr'><strong>grati</strong></span> <span class='ocrx_word' id='word_1_494' title='bbox 3056 1233 3281 1296; x_wconf 88' lang='lat' dir='ltr'><strong>erimus,</strong></span> <span class='ocrx_word' id='word_1_495' title='bbox 3314 1238 3369 1283; x_wconf 89' lang='lat' dir='ltr'><strong>et</strong></span> <span class='ocrx_word' id='word_1_496' title='bbox 3407 1228 3590 1282; x_wconf 89' lang='lat' dir='ltr'><strong>omnia</strong></span> <span class='ocrx_word' id='word_1_497' title='bbox 3619 1225 3695 1280; x_wconf 87' lang='lat' dir='ltr'><strong>ef-</strong></span> 
     </span>
    </p>
   </div>
   <div class='ocr_carea' id='block_1_66' title="bbox 2106 1326 3705 1390">
    <p class='ocr_par' dir='ltr' id='par_1_66' title="bbox 2106 1326 3705 1390">
     <span class='ocr_line' id='line_1_66' title="bbox 2106 1326 3705 1390; baseline -0.009 -5"><span class='ocrx_word' id='word_1_498' title='bbox 2106 1330 2411 1389; x_wconf 85' lang='lat' dir='ltr'><strong>fundemus.</strong></span> <span class='ocrx_word' id='word_1_499' title='bbox 2455 1326 2561 1382; x_wconf 88' lang='lat' dir='ltr'><strong>Sed</strong></span> <span class='ocrx_word' id='word_1_500' title='bbox 2606 1341 2766 1382; x_wconf 89' lang='lat' dir='ltr'><strong>nemo</strong></span> <span class='ocrx_word' id='word_1_501' title='bbox 2814 1329 2928 1379; x_wconf 82' lang='lat' dir='ltr'><strong>lucc</strong></span> <span class='ocrx_word' id='word_1_502' title='bbox 2975 1339 3158 1379; x_wconf 87' lang='lat' dir='ltr'><strong>secum</strong></span> <span class='ocrx_word' id='word_1_503' title='bbox 3214 1330 3462 1390; x_wconf 78' lang='lat' dir='ltr'><strong>reputat;</strong></span> <span class='ocrx_word' id='word_1_504' title='bbox 3519 1333 3705 1373; x_wconf 86' lang='lat' dir='ltr'><strong>verum</strong></span> 
     </span>
    </p>
   </div>
   <div class='ocr_carea' id='block_1_67' title="bbox 2106 1416 3707 1492">
    <p class='ocr_par' dir='ltr' id='par_1_67' title="bbox 2106 1416 3707 1492">
     <span class='ocr_line' id='line_1_67' title="bbox 2106 1416 3707 1492; baseline -0.007 -13"><span class='ocrx_word' id='word_1_505' title='bbox 2106 1423 2242 1479; x_wconf 87' lang='lat' dir='ltr'><strong>sicut</strong></span> <span class='ocrx_word' id='word_1_506' title='bbox 2285 1422 2354 1478; x_wconf 87' lang='lat' dir='ltr'><strong>de</strong></span> <span class='ocrx_word' id='word_1_507' title='bbox 2396 1421 2631 1492; x_wconf 87' lang='lat' dir='ltr'><strong>peccatis</strong></span> <span class='ocrx_word' id='word_1_508' title='bbox 2666 1419 2954 1489; x_wconf 88' lang='lat' dir='ltr'><strong>loquimur,</strong></span> <span class='ocrx_word' id='word_1_509' title='bbox 2999 1416 3241 1472; x_wconf 86' lang='lat' dir='ltr'><strong>dicentes</strong></span> <span class='ocrx_word' id='word_1_510' title='bbox 3277 1430 3375 1469; x_wconf 90' lang='lat' dir='ltr'><strong>nos</strong></span> <span class='ocrx_word' id='word_1_511' title='bbox 3423 1426 3707 1484; x_wconf 67' lang='lat' dir='ltr'><strong>peccasse,</strong></span> 
     </span>
    </p>
   </div>
   <div class='ocr_carea' id='block_1_68' title="bbox 2108 1501 3710 1581">
    <p class='ocr_par' dir='ltr' id='par_1_68' title="bbox 2108 1501 3710 1581">
     <span class='ocr_line' id='line_1_68' title="bbox 2108 1501 3710 1581; baseline -0.006 -16"><span class='ocrx_word' id='word_1_512' title='bbox 2108 1513 2250 1567; x_wconf 89' lang='lat' dir='ltr'><strong>nulla</strong></span> <span class='ocrx_word' id='word_1_513' title='bbox 2278 1511 2412 1565; x_wconf 86' lang='lat' dir='ltr'><strong>facta</strong></span> <span class='ocrx_word' id='word_1_514' title='bbox 2448 1509 2729 1581; x_wconf 90' lang='lat' dir='ltr'><strong>speciatim</strong></span> <span class='ocrx_word' id='word_1_515' title='bbox 2765 1518 3107 1577; x_wconf 88' lang='lat' dir='ltr'><strong>peccatorum</strong></span> <span class='ocrx_word' id='word_1_516' title='bbox 3140 1503 3500 1561; x_wconf 83' lang='lat' dir='ltr'><strong>recensione:</strong></span> <span class='ocrx_word' id='word_1_517' title='bbox 3540 1501 3620 1558; x_wconf 89' lang='lat' dir='ltr'><strong>sic</strong></span> <span class='ocrx_word' id='word_1_518' title='bbox 3655 1510 3710 1556; x_wconf 83' lang='lat' dir='ltr'><strong>et</strong></span> 
     </span>
    </p>
   </div>
   <div class='ocr_carea' id='block_1_69' title="bbox 2107 1593 3707 1672">
    <p class='ocr_par' dir='ltr' id='par_1_69' title="bbox 2107 1593 3707 1672">
     <span class='ocr_line' id='line_1_69' title="bbox 2107 1593 3707 1672; baseline -0.007 -13"><span class='ocrx_word' id='word_1_519' title='bbox 2107 1604 2175 1659; x_wconf 85' lang='lat' dir='ltr'><strong>de</strong></span> <span class='ocrx_word' id='word_1_520' title='bbox 2204 1604 2479 1659; x_wconf 78' lang='lat' dir='ltr'><strong>beneficiis</strong></span> <span class='ocrx_word' id='word_1_521' title='bbox 2510 1603 2603 1658; x_wconf 90' lang='lat' dir='ltr'><strong>Dei</strong></span> <span class='ocrx_word' id='word_1_522' title='bbox 2638 1603 2938 1672; x_wconf 89' lang='lat' dir='ltr'><strong>loquentes,</strong></span> <span class='ocrx_word' id='word_1_523' title='bbox 2963 1599 3195 1654; x_wconf 85' lang='lat' dir='ltr'><strong>dicimus</strong></span> <span class='ocrx_word' id='word_1_524' title='bbox 3221 1598 3391 1651; x_wconf 90' lang='lat' dir='ltr'><strong>Deum</strong></span> <span class='ocrx_word' id='word_1_525' title='bbox 3415 1608 3516 1650; x_wconf 89' lang='lat' dir='ltr'><strong>nos</strong></span> <span class='ocrx_word' id='word_1_526' title='bbox 3540 1593 3707 1649; x_wconf 88' lang='lat' dir='ltr'><strong>bette-</strong></span> 
     </span>
    </p>
   </div>
   <div class='ocr_carea' id='block_1_70' title="bbox 2111 1688 3709 1764">
    <p class='ocr_par' dir='ltr' id='par_1_70' title="bbox 2111 1688 3709 1764">
     <span class='ocr_line' id='line_1_70' title="bbox 2111 1688 3709 1764; baseline -0.008 -13"><span class='ocrx_word' id='word_1_527' title='bbox 2111 1696 2234 1751; x_wconf 80' lang='lat' dir='ltr'><strong>ticio</strong></span> <span class='ocrx_word' id='word_1_528' title='bbox 2260 1695 2507 1751; x_wconf 80' lang='lat' dir='ltr'><strong>affecisse</strong></span> <span class='ocrx_word' id='word_1_529' title='bbox 2531 1735 2548 1762; x_wconf 94' lang='lat'><strong>,</strong></span> <span class='ocrx_word' id='word_1_530' title='bbox 2591 1709 2693 1750; x_wconf 92' lang='lat' dir='ltr'><strong>nec</strong></span> <span class='ocrx_word' id='word_1_531' title='bbox 2722 1692 3004 1764; x_wconf 88' lang='lat' dir='ltr'><strong>speciatim</strong></span> <span class='ocrx_word' id='word_1_532' title='bbox 3036 1688 3295 1747; x_wconf 80' lang='lat' dir='ltr'><strong>beneﬁcia</strong></span> <span class='ocrx_word' id='word_1_533' title='bbox 3315 1688 3659 1755; x_wconf 77' lang='lat' dir='ltr'><strong>exploremus</strong></span> <span class='ocrx_word' id='word_1_534' title='bbox 3692 1702 3709 1739; x_wconf 87' lang='lat'><strong>:</strong></span> 
     </span>
    </p>
   </div>
   <div class='ocr_carea' id='block_1_71' title="bbox 2108 1778 3713 1858">
    <p class='ocr_par' dir='ltr' id='par_1_71' title="bbox 2108 1778 3713 1858">
     <span class='ocr_line' id='line_1_71' title="bbox 2108 1778 3713 1858; baseline -0.009 -12"><span class='ocrx_word' id='word_1_535' title='bbox 2108 1807 2215 1846; x_wconf 89' lang='lat' dir='ltr'><strong>non</strong></span> <span class='ocrx_word' id='word_1_536' title='bbox 2247 1790 2511 1855; x_wconf 87' lang='lat' dir='ltr'><strong>dicimus,</strong></span> <span class='ocrx_word' id='word_1_537' title='bbox 2541 1787 2653 1853; x_wconf 90' lang='lat' dir='ltr'><strong>ubi,</strong></span> <span class='ocrx_word' id='word_1_538' title='bbox 2686 1797 2914 1858; x_wconf 90' lang='lat' dir='ltr'><strong>quanta,</strong></span> <span class='ocrx_word' id='word_1_539' title='bbox 2946 1800 3054 1856; x_wconf 89' lang='lat' dir='ltr'><strong>quo</strong></span> <span class='ocrx_word' id='word_1_540' title='bbox 3082 1794 3344 1854; x_wconf 86' lang='lat' dir='ltr'><strong>tempore.</strong></span> <span class='ocrx_word' id='word_1_541' title='bbox 3373 1780 3481 1836; x_wconf 89' lang='lat' dir='ltr'><strong>Sed</strong></span> <span class='ocrx_word' id='word_1_542' title='bbox 3516 1778 3713 1835; x_wconf 58' lang='lat' dir='ltr'><strong>abhinc</strong></span> 
     </span>
    </p>
   </div>
   <div class='ocr_carea' id='block_1_72' title="bbox 2109 1869 3708 1947">
    <p class='ocr_par' dir='ltr' id='par_1_72' title="bbox 2109 1869 3708 1947">
     <span class='ocr_line' id='line_1_72' title="bbox 2109 1869 3708 1947; baseline -0.01 -10"><span class='ocrx_word' id='word_1_543' title='bbox 2109 1882 2330 1938; x_wconf 83' lang='lat' dir='ltr'><strong>multam</strong></span> <span class='ocrx_word' id='word_1_544' title='bbox 2358 1880 2710 1937; x_wconf 86' lang='lat' dir='ltr'><strong>adhibeamus</strong></span> <span class='ocrx_word' id='word_1_545' title='bbox 2738 1876 3093 1947; x_wconf 86' lang='lat' dir='ltr'><strong>diligentiam.</strong></span> <span class='ocrx_word' id='word_1_546' title='bbox 3123 1872 3257 1927; x_wconf 87' lang='lat' dir='ltr'><strong>Nam</strong></span> <span class='ocrx_word' id='word_1_547' title='bbox 3292 1872 3338 1925; x_wconf 90' lang='lat' dir='ltr'><strong>si</strong></span> <span class='ocrx_word' id='word_1_548' title='bbox 3377 1870 3498 1941; x_wconf 89' lang='lat' dir='ltr'><strong>quis</strong></span> <span class='ocrx_word' id='word_1_549' title='bbox 3547 1869 3708 1924; x_wconf 88' lang='lat' dir='ltr'><strong>etiam</strong></span> 
     </span>
    </p>
   </div>
   <div class='ocr_carea' id='block_1_73' title="bbox 2110 1964 3710 2045">
    <p class='ocr_par' dir='ltr' id='par_1_73' title="bbox 2110 1964 3710 2045">
     <span class='ocr_line' id='line_1_73' title="bbox 2110 1964 3710 2045; baseline -0.011 -16"><span class='ocrx_word' id='word_1_550' title='bbox 2110 1984 2291 2032; x_wconf 85' lang='lat' dir='ltr'><strong>vetera</strong></span> <span class='ocrx_word' id='word_1_551' title='bbox 2321 1982 2570 2045; x_wconf 86' lang='lat' dir='ltr'><strong>repetere</strong></span> <span class='ocrx_word' id='word_1_552' title='bbox 2607 1980 2815 2043; x_wconf 87' lang='lat' dir='ltr'><strong>potest,</strong></span> <span class='ocrx_word' id='word_1_553' title='bbox 2855 1968 3035 2024; x_wconf 91' lang='lat' dir='ltr'><strong>omnia</strong></span> <span class='ocrx_word' id='word_1_554' title='bbox 3082 1973 3333 2021; x_wconf 89' lang='lat' dir='ltr'><strong>accurate</strong></span> <span class='ocrx_word' id='word_1_555' title='bbox 3372 1964 3427 2018; x_wconf 91' lang='lat' dir='ltr'><strong>in</strong></span> <span class='ocrx_word' id='word_1_556' title='bbox 3475 1970 3710 2017; x_wconf 91' lang='lat' dir='ltr'><strong>mentem</strong></span> 
     </span>
    </p>
   </div>
   <div class='ocr_carea' id='block_1_74' title="bbox 2110 2052 3714 2135">
    <p class='ocr_par' dir='ltr' id='par_1_74' title="bbox 2110 2052 3714 2135">
     <span class='ocr_line' id='line_1_74' title="bbox 2110 2052 3714 2135; baseline -0.011 -13"><span class='ocrx_word' id='word_1_557' title='bbox 2110 2076 2364 2133; x_wconf 84' lang='lat' dir='ltr'><strong>revocet,</strong></span> <span class='ocrx_word' id='word_1_558' title='bbox 2397 2064 2550 2135; x_wconf 90' lang='lat' dir='ltr'><strong>quasi</strong></span> <span class='ocrx_word' id='word_1_559' title='bbox 2593 2076 2844 2133; x_wconf 87' lang='lat' dir='ltr'><strong>magnum</strong></span> <span class='ocrx_word' id='word_1_560' title='bbox 2869 2067 3181 2130; x_wconf 89' lang='lat' dir='ltr'><strong>reperturus</strong></span> <span class='ocrx_word' id='word_1_561' title='bbox 3213 2056 3549 2110; x_wconf 78' lang='lat' dir='ltr'><strong>thesaurum.</strong></span> <span class='ocrx_word' id='word_1_562' title='bbox 3600 2052 3714 2106; x_wconf 88' lang='lat' dir='ltr'><strong>lloc</strong></span> 
     </span>
    </p>
   </div>
   <div class='ocr_carea' id='block_1_75' title="bbox 2110 2144 3711 2220">
    <p class='ocr_par' dir='ltr' id='par_1_75' title="bbox 2110 2144 3711 2220">
     <span class='ocr_line' id='line_1_75' title="bbox 2110 2144 3711 2220; baseline -0.012 -5"><span class='ocrx_word' id='word_1_563' title='bbox 2110 2159 2272 2215; x_wconf 79' lang='lat' dir='ltr'><strong>etiam</strong></span> <span class='ocrx_word' id='word_1_564' title='bbox 2303 2158 2457 2212; x_wconf 88' lang='lat' dir='ltr'><strong>nobis</strong></span> <span class='ocrx_word' id='word_1_565' title='bbox 2487 2156 2617 2211; x_wconf 90' lang='lat' dir='ltr'><strong>utile</strong></span> <span class='ocrx_word' id='word_1_566' title='bbox 2643 2163 2725 2213; x_wconf 88' lang='lat' dir='ltr'><strong>est</strong></span> <span class='ocrx_word' id='word_1_567' title='bbox 2745 2196 2758 2220; x_wconf 93' lang='lat'><strong>,</strong></span> <span class='ocrx_word' id='word_1_568' title='bbox 2792 2161 2851 2207; x_wconf 90' lang='lat' dir='ltr'><strong>ut</strong></span> <span class='ocrx_word' id='word_1_569' title='bbox 2876 2168 2983 2207; x_wconf 89' lang='lat' dir='ltr'><strong>non</strong></span> <span class='ocrx_word' id='word_1_570' title='bbox 3020 2150 3393 2220; x_wconf 89' lang='lat' dir='ltr'><strong>desperemus.</strong></span> <span class='ocrx_word' id='word_1_571' title='bbox 3428 2144 3561 2200; x_wconf 86' lang='lat' dir='ltr'><strong>Nam</strong></span> <span class='ocrx_word' id='word_1_572' title='bbox 3590 2158 3711 2199; x_wconf 87' lang='lat' dir='ltr'><strong>cum</strong></span> 
     </span>
    </p>
   </div>
   <div class='ocr_carea' id='block_1_76' title="bbox 2110 2242 3713 2319">
    <p class='ocr_par' dir='ltr' id='par_1_76' title="bbox 2110 2242 3713 2319">
     <span class='ocr_line' id='line_1_76' title="bbox 2110 2242 3713 2319; baseline -0.014 -8"><span class='ocrx_word' id='word_1_573' title='bbox 2110 2249 2405 2311; x_wconf 67' lang='lat' dir='ltr'><strong>viderimus</strong></span> <span class='ocrx_word' id='word_1_574' title='bbox 2433 2249 2607 2319; x_wconf 91' lang='lat' dir='ltr'><strong>ipsum</strong></span> <span class='ocrx_word' id='word_1_575' title='bbox 2634 2263 2779 2317; x_wconf 70' lang='lat' dir='ltr'><strong>smpe</strong></span> <span class='ocrx_word' id='word_1_576' title='bbox 2803 2245 2957 2300; x_wconf 86' lang='lat' dir='ltr'><strong>nobis</strong></span> <span class='ocrx_word' id='word_1_577' title='bbox 2983 2242 3380 2313; x_wconf 83' lang='lat' dir='ltr'><strong>patrocinatum</strong></span> <span class='ocrx_word' id='word_1_578' title='bbox 3412 2253 3531 2293; x_wconf 90' lang='lat' dir='ltr'><strong>esse</strong></span> <span class='ocrx_word' id='word_1_579' title='bbox 3553 2279 3566 2303; x_wconf 91' lang='lat'><strong>,</strong></span> <span class='ocrx_word' id='word_1_580' title='bbox 3607 2251 3713 2291; x_wconf 85' lang='lat' dir='ltr'><strong>non</strong></span> 
     </span>
    </p>
   </div>
   <div class='ocr_carea' id='block_1_77' title="bbox 2112 2329 3714 2411">
    <p class='ocr_par' dir='ltr' id='par_1_77' title="bbox 2112 2329 3714 2411">
     <span class='ocr_line' id='line_1_77' title="bbox 2112 2329 3714 2411; baseline -0.011 -13"><span class='ocrx_word' id='word_1_581' title='bbox 2112 2341 2521 2411; x_wconf 62' lang='lat' dir='ltr'><strong>desiterabiuius</strong></span> <span class='ocrx_word' id='word_1_582' title='bbox 2547 2340 2648 2397; x_wconf 83' lang='lat' dir='ltr'><strong>nec</strong></span> <span class='ocrx_word' id='word_1_583' title='bbox 2669 2337 2977 2410; x_wconf 90' lang='lat' dir='ltr'><strong>putabimus</strong></span> <span class='ocrx_word' id='word_1_584' title='bbox 3005 2349 3106 2389; x_wconf 90' lang='lat' dir='ltr'><strong>nos</strong></span> <span class='ocrx_word' id='word_1_585' title='bbox 3128 2332 3365 2402; x_wconf 83' lang='lat' dir='ltr'><strong>abjeclos</strong></span> <span class='ocrx_word' id='word_1_586' title='bbox 3392 2330 3556 2385; x_wconf 86' lang='lat' dir='ltr'><strong>fuisse</strong></span> <span class='ocrx_word' id='word_1_587' title='bbox 3576 2346 3591 2395; x_wconf 90' lang='lat'><strong>;</strong></span> <span class='ocrx_word' id='word_1_588' title='bbox 3619 2329 3714 2383; x_wconf 88' lang='lat' dir='ltr'><strong>sed</strong></span> 
     </span>
    </p>
   </div>
   <div class='ocr_carea' id='block_1_78' title="bbox 2113 2419 3712 2505">
    <p class='ocr_par' dir='ltr' id='par_1_78' title="bbox 2113 2419 3712 2505">
     <span class='ocr_line' id='line_1_78' title="bbox 2113 2419 3712 2505; baseline -0.015 -10"><span class='ocrx_word' id='word_1_589' title='bbox 2113 2449 2365 2505; x_wconf 78' lang='lat' dir='ltr'><strong>magnum</strong></span> <span class='ocrx_word' id='word_1_590' title='bbox 2414 2432 2745 2502; x_wconf 86' lang='lat' dir='ltr'><strong>accipiemus</strong></span> <span class='ocrx_word' id='word_1_591' title='bbox 2773 2430 2964 2499; x_wconf 87' lang='lat' dir='ltr'><strong>pignus</strong></span> <span class='ocrx_word' id='word_1_592' title='bbox 2994 2426 3112 2495; x_wconf 81' lang='lat' dir='ltr'><strong>ejus</strong></span> <span class='ocrx_word' id='word_1_593' title='bbox 3133 2438 3260 2495; x_wconf 86' lang='lat' dir='ltr'><strong>erga</strong></span> <span class='ocrx_word' id='word_1_594' title='bbox 3296 2436 3393 2476; x_wconf 90' lang='lat' dir='ltr'><strong>nos</strong></span> <span class='ocrx_word' id='word_1_595' title='bbox 3421 2419 3712 2490; x_wconf 87' lang='lat' dir='ltr'><strong>providen-</strong></span> 
     </span>
    </p>
   </div>
   <div class='ocr_carea' id='block_1_79' title="bbox 2117 2509 3714 2594">
    <p class='ocr_par' dir='ltr' id='par_1_79' title="bbox 2117 2509 3714 2594">
     <span class='ocr_line' id='line_1_79' title="bbox 2117 2509 3714 2594; baseline -0.014 -10"><span class='ocrx_word' id='word_1_596' title='bbox 2117 2529 2240 2589; x_wconf 63' lang='lat' dir='ltr'><strong>tiae,</strong></span> <span class='ocrx_word' id='word_1_597' title='bbox 2287 2540 2408 2583; x_wconf 86' lang='lat' dir='ltr'><strong>cunt</strong></span> <span class='ocrx_word' id='word_1_598' title='bbox 2438 2522 2852 2594; x_wconf 84' lang='lat' dir='ltr'><strong>cegitaverimus</strong></span> <span class='ocrx_word' id='word_1_599' title='bbox 2879 2532 2979 2574; x_wconf 91' lang='lat' dir='ltr'><strong>nos</strong></span> <span class='ocrx_word' id='word_1_600' title='bbox 3008 2524 3297 2588; x_wconf 86' lang='lat' dir='ltr'><strong>peccantes</strong></span> <span class='ocrx_word' id='word_1_601' title='bbox 3341 2527 3450 2568; x_wconf 92' lang='lat' dir='ltr'><strong>non</strong></span> <span class='ocrx_word' id='word_1_602' title='bbox 3496 2509 3714 2581; x_wconf 88' lang='lat' dir='ltr'><strong>puniri,</strong></span> 
     </span>
    </p>
   </div>
   <div class='ocr_carea' id='block_1_80' title="bbox 2115 2610 2834 2686">
    <p class='ocr_par' dir='ltr' id='par_1_80' title="bbox 2115 2610 2834 2686">
     <span class='ocr_line' id='line_1_80' title="bbox 2115 2610 2834 2686; baseline -0.019 -10"><span class='ocrx_word' id='word_1_603' title='bbox 2115 2617 2210 2676; x_wconf 85' lang='lat' dir='ltr'><strong>sed</strong></span> <span class='ocrx_word' id='word_1_604' title='bbox 2237 2616 2354 2686; x_wconf 85' lang='lat' dir='ltr'><strong>ejus</strong></span> <span class='ocrx_word' id='word_1_605' title='bbox 2385 2613 2686 2684; x_wconf 80' lang='lat' dir='ltr'><strong>patrocinio</strong></span> <span class='ocrx_word' id='word_1_606' title='bbox 2710 2610 2834 2664; x_wconf 81' lang='lat' dir='ltr'><strong>frui.</strong></span> 
     </span>
    </p>
   </div>
   <div class='ocr_carea' id='block_1_81' title="bbox 2189 2693 3720 2774">
    <p class='ocr_par' dir='ltr' id='par_1_81' title="bbox 2189 2693 3720 2774">
     <span class='ocr_line' id='line_1_81' title="bbox 2189 2693 3720 2774; baseline -0.013 -10"><span class='ocrx_word' id='word_1_607' title='bbox 2189 2709 2243 2764; x_wconf 85' lang='lat'><strong>5.</strong></span> <span class='ocrx_word' id='word_1_608' title='bbox 2300 2706 2532 2761; x_wconf 80' lang='lat' dir='ltr'><strong>Historia</strong></span> <span class='ocrx_word' id='word_1_609' title='bbox 2578 2703 2723 2774; x_wconf 84' lang='lat' dir='ltr'><strong>pueri</strong></span> <span class='ocrx_word' id='word_1_610' title='bbox 2767 2698 3035 2771; x_wconf 82' lang='lat' dir='ltr'><strong>cujusdam</strong></span> <span class='ocrx_word' id='word_1_611' title='bbox 3082 2699 3229 2768; x_wconf 64' lang='lat' dir='ltr'><strong>aegri.</strong></span> <span class='ocrx_word' id='word_1_612' title='bbox 3270 2723 3343 2735; x_wconf 82' lang='lat'><strong>—-</strong></span> <span class='ocrx_word' id='word_1_613' title='bbox 3389 2693 3569 2747; x_wconf 87' lang='lat' dir='ltr'><strong>Dicam</strong></span> <span class='ocrx_word' id='word_1_614' title='bbox 3620 2705 3720 2762; x_wconf 83' lang='lat' dir='ltr'><strong>ego</strong></span> 
     </span>
    </p>
   </div>
   <div class='ocr_carea' id='block_1_82' title="bbox 2119 2785 3719 2870">
    <p class='ocr_par' dir='ltr' id='par_1_82' title="bbox 2119 2785 3719 2870">
     <span class='ocr_line' id='line_1_82' title="bbox 2119 2785 3719 2870; baseline -0.014 -13"><span class='ocrx_word' id='word_1_615' title='bbox 2119 2799 2319 2870; x_wconf 90' lang='lat' dir='ltr'><strong>aliquid</strong></span> <span class='ocrx_word' id='word_1_616' title='bbox 2342 2840 2357 2866; x_wconf 91' lang='lat'><strong>,</strong></span> <span class='ocrx_word' id='word_1_617' title='bbox 2392 2796 2537 2869; x_wconf 91' lang='lat' dir='ltr'><strong>quod</strong></span> <span class='ocrx_word' id='word_1_618' title='bbox 2569 2813 2598 2851; x_wconf 92' lang='lat' dir='ltr'><strong>a</strong></span> <span class='ocrx_word' id='word_1_619' title='bbox 2626 2794 2878 2866; x_wconf 87' lang='lat' dir='ltr'><strong>quopiam</strong></span> <span class='ocrx_word' id='word_1_620' title='bbox 2908 2791 3107 2847; x_wconf 84' lang='lat' dir='ltr'><strong>audivi.</strong></span> <span class='ocrx_word' id='word_1_621' title='bbox 3141 2789 3273 2843; x_wconf 86' lang='lat' dir='ltr'><strong>Erat</strong></span> <span class='ocrx_word' id='word_1_622' title='bbox 3301 2785 3517 2857; x_wconf 88' lang='lat' dir='ltr'><strong>quidam</strong></span> <span class='ocrx_word' id='word_1_623' title='bbox 3552 2799 3684 2853; x_wconf 89' lang='lat' dir='ltr'><strong>puer</strong></span> <span class='ocrx_word' id='word_1_624' title='bbox 3704 2823 3719 2846; x_wconf 93' lang='lat'><strong>,</strong></span> 
     </span>
    </p>
   </div>
   <div class='ocr_carea' id='block_1_83' title="bbox 2120 2873 3723 2966">
    <p class='ocr_par' dir='ltr' id='par_1_83' title="bbox 2120 2873 3723 2966">
     <span class='ocr_line' id='line_1_83' title="bbox 2120 2873 3723 2966; baseline -0.014 -17"><span class='ocrx_word' id='word_1_625' title='bbox 2120 2908 2282 2966; x_wconf 91' lang='lat' dir='ltr'><strong>quem</strong></span> <span class='ocrx_word' id='word_1_626' title='bbox 2307 2890 2530 2961; x_wconf 88' lang='lat' dir='ltr'><strong>contigit</strong></span> <span class='ocrx_word' id='word_1_627' title='bbox 2554 2904 2677 2943; x_wconf 91' lang='lat' dir='ltr'><strong>cum</strong></span> <span class='ocrx_word' id='word_1_628' title='bbox 2707 2893 2877 2943; x_wconf 88' lang='lat' dir='ltr'><strong>matre</strong></span> <span class='ocrx_word' id='word_1_629' title='bbox 2912 2885 2967 2938; x_wconf 92' lang='lat' dir='ltr'><strong>in</strong></span> <span class='ocrx_word' id='word_1_630' title='bbox 2997 2896 3128 2953; x_wconf 87' lang='lat' dir='ltr'><strong>agro</strong></span> <span class='ocrx_word' id='word_1_631' title='bbox 3152 2895 3272 2936; x_wconf 89' lang='lat' dir='ltr'><strong>esse</strong></span> <span class='ocrx_word' id='word_1_632' title='bbox 3291 2920 3306 2946; x_wconf 96' lang='lat'><strong>,</strong></span> <span class='ocrx_word' id='word_1_633' title='bbox 3334 2892 3457 2933; x_wconf 90' lang='lat' dir='ltr'><strong>eum</strong></span> <span class='ocrx_word' id='word_1_634' title='bbox 3486 2873 3723 2931; x_wconf 92' lang='lat' dir='ltr'><strong>nondum</strong></span> 
     </span>
    </p>
   </div>
   <div class='ocr_carea' id='block_1_84' title="bbox 2124 2964 3727 3055">
    <p class='ocr_par' dir='ltr' id='par_1_84' title="bbox 2124 2964 3727 3055">
     <span class='ocr_line' id='line_1_84' title="bbox 2124 2964 3727 3055; baseline -0.014 -15"><span class='ocrx_word' id='word_1_635' title='bbox 2124 2964 2430 3055; x_wconf 82' lang='lat' dir='ltr'><strong>quindecim</strong></span> <span class='ocrx_word' id='word_1_636' title='bbox 2460 2993 2723 3034; x_wconf 89' lang='lat' dir='ltr'><strong>annorum</strong></span> <span class='ocrx_word' id='word_1_637' title='bbox 2751 2981 2934 3033; x_wconf 88' lang='lat' dir='ltr'><strong>esset:</strong></span> <span class='ocrx_word' id='word_1_638' title='bbox 2962 2983 3086 3028; x_wconf 89' lang='lat' dir='ltr'><strong>tunc</strong></span> <span class='ocrx_word' id='word_1_639' title='bbox 3109 2970 3254 3042; x_wconf 88' lang='lat' dir='ltr'><strong>gravi</strong></span> <span class='ocrx_word' id='word_1_640' title='bbox 3284 2978 3340 3025; x_wconf 90' lang='lat' dir='ltr'><strong>et</strong></span> <span class='ocrx_word' id='word_1_641' title='bbox 3368 2975 3623 3037; x_wconf 90' lang='lat' dir='ltr'><strong>corrupto</strong></span> <span class='ocrx_word' id='word_1_642' title='bbox 3644 2964 3727 3018; x_wconf 83' lang='lat' dir='ltr'><strong>in-</strong></span> 
     </span>
    </p>
   </div>
   <div class='ocr_carea' id='block_1_85' title="bbox 2125 3063 3727 3148">
    <p class='ocr_par' dir='ltr' id='par_1_85' title="bbox 2125 3063 3727 3148">
     <span class='ocr_line' id='line_1_85' title="bbox 2125 3063 3727 3148; baseline -0.012 -17"><span class='ocrx_word' id='word_1_643' title='bbox 2125 3083 2349 3148; x_wconf 90' lang='lat' dir='ltr'><strong>gruente</strong></span> <span class='ocrx_word' id='word_1_644' title='bbox 2384 3087 2511 3128; x_wconf 91' lang='lat' dir='ltr'><strong>aere</strong></span> <span class='ocrx_word' id='word_1_645' title='bbox 2536 3113 2551 3139; x_wconf 90' lang='lat'><strong>,</strong></span> <span class='ocrx_word' id='word_1_646' title='bbox 2597 3080 2884 3139; x_wconf 88' lang='lat' dir='ltr'><strong>utrumque</strong></span> <span class='ocrx_word' id='word_1_647' title='bbox 2926 3065 3089 3121; x_wconf 83' lang='lat' dir='ltr'><strong>febris</strong></span> <span class='ocrx_word' id='word_1_648' title='bbox 3132 3063 3365 3119; x_wconf 89' lang='lat' dir='ltr'><strong>invasit:</strong></span> <span class='ocrx_word' id='word_1_649' title='bbox 3394 3070 3511 3116; x_wconf 88' lang='lat' dir='ltr'><strong>erat</strong></span> <span class='ocrx_word' id='word_1_650' title='bbox 3547 3067 3727 3113; x_wconf 87' lang='lat' dir='ltr'><strong>autem</strong></span> 
     </span>
    </p>
   </div>
   <div class='ocr_carea' id='block_1_86' title="bbox 2127 3151 3731 3235">
    <p class='ocr_par' dir='ltr' id='par_1_86' title="bbox 2127 3151 3731 3235">
     <span class='ocr_line' id='line_1_86' title="bbox 2127 3151 3731 3235; baseline -0.014 -12"><span class='ocrx_word' id='word_1_651' title='bbox 2127 3166 2370 3223; x_wconf 88' lang='lat' dir='ltr'><strong>autumni</strong></span> <span class='ocrx_word' id='word_1_652' title='bbox 2402 3170 2715 3235; x_wconf 87' lang='lat' dir='ltr'><strong>tempestas.</strong></span> <span class='ocrx_word' id='word_1_653' title='bbox 2748 3160 2899 3214; x_wconf 88' lang='lat' dir='ltr'><strong>Tunc</strong></span> <span class='ocrx_word' id='word_1_654' title='bbox 2928 3168 3101 3212; x_wconf 89' lang='lat' dir='ltr'><strong>mater</strong></span> <span class='ocrx_word' id='word_1_655' title='bbox 3136 3157 3322 3211; x_wconf 88' lang='lat' dir='ltr'><strong>urbem</strong></span> <span class='ocrx_word' id='word_1_656' title='bbox 3356 3151 3560 3222; x_wconf 81' lang='lat' dir='ltr'><strong>ingredi</strong></span> <span class='ocrx_word' id='word_1_657' title='bbox 3594 3166 3731 3220; x_wconf 75' lang='lat' dir='ltr'><strong>prm-</strong></span> 
     </span>
    </p>
   </div>
   <div class='ocr_carea' id='block_1_87' title="bbox 2129 3245 3730 3329">
    <p class='ocr_par' dir='ltr' id='par_1_87' title="bbox 2129 3245 3730 3329">
     <span class='ocr_line' id='line_1_87' title="bbox 2129 3245 3730 3329; baseline -0.013 -15"><span class='ocrx_word' id='word_1_658' title='bbox 2129 3256 2412 3329; x_wconf 79' lang='lat' dir='ltr'><strong>oreupavit</strong></span> <span class='ocrx_word' id='word_1_659' title='bbox 2439 3274 2453 3310; x_wconf 90' lang='lat'><strong>:</strong></span> <span class='ocrx_word' id='word_1_660' title='bbox 2485 3270 2621 3325; x_wconf 90' lang='lat' dir='ltr'><strong>puer</strong></span> <span class='ocrx_word' id='word_1_661' title='bbox 2644 3266 2778 3307; x_wconf 89' lang='lat' dir='ltr'><strong>vero</strong></span> <span class='ocrx_word' id='word_1_662' title='bbox 2807 3266 2838 3305; x_wconf 90' lang='lat' dir='ltr'><strong>a</strong></span> <span class='ocrx_word' id='word_1_663' title='bbox 2867 3248 3094 3306; x_wconf 89' lang='lat' dir='ltr'><strong>medicis</strong></span> <span class='ocrx_word' id='word_1_664' title='bbox 3117 3247 3301 3317; x_wconf 86' lang='lat' dir='ltr'><strong>jussus</strong></span> <span class='ocrx_word' id='word_1_665' title='bbox 3331 3245 3461 3299; x_wconf 91' lang='lat' dir='ltr'><strong>illuc</strong></span> <span class='ocrx_word' id='word_1_666' title='bbox 3490 3256 3730 3305; x_wconf 88' lang='lat' dir='ltr'><strong>manere,</strong></span> 
     </span>
    </p>
   </div>
   <div class='ocr_carea' id='block_1_88' title="bbox 2129 3333 3732 3416">
    <p class='ocr_par' dir='ltr' id='par_1_88' title="bbox 2129 3333 3732 3416">
     <span class='ocr_line' id='line_1_88' title="bbox 2129 3333 3732 3416; baseline -0.012 -12"><span class='ocrx_word' id='word_1_667' title='bbox 2129 3364 2251 3404; x_wconf 86' lang='lat' dir='ltr'><strong>cum</strong></span> <span class='ocrx_word' id='word_1_668' title='bbox 2284 3347 2450 3403; x_wconf 89' lang='lat' dir='ltr'><strong>febris</strong></span> <span class='ocrx_word' id='word_1_669' title='bbox 2477 3345 2728 3416; x_wconf 83' lang='lat' dir='ltr'><strong>ﬂagraret</strong></span> <span class='ocrx_word' id='word_1_670' title='bbox 2752 3383 2767 3408; x_wconf 92' lang='lat'><strong>,</strong></span> <span class='ocrx_word' id='word_1_671' title='bbox 2796 3340 2960 3410; x_wconf 71' lang='lat' dir='ltr'><strong>erepit</strong></span> <span class='ocrx_word' id='word_1_672' title='bbox 2987 3337 3324 3410; x_wconf 84' lang='lat' dir='ltr'><strong>gargarizare</strong></span> <span class='ocrx_word' id='word_1_673' title='bbox 3344 3377 3358 3401; x_wconf 92' lang='lat'><strong>,</strong></span> <span class='ocrx_word' id='word_1_674' title='bbox 3388 3333 3527 3404; x_wconf 88' lang='lat' dir='ltr'><strong>apud</strong></span> <span class='ocrx_word' id='word_1_675' title='bbox 3555 3347 3614 3387; x_wconf 89' lang='lat' dir='ltr'><strong>se</strong></span> <span class='ocrx_word' id='word_1_676' title='bbox 3643 3346 3732 3386; x_wconf 84' lang='lat' dir='ltr'><strong>ra-</strong></span> 
     </span>
    </p>
   </div>
   <div class='ocr_carea' id='block_1_89' title="bbox 2135 3422 3735 3508">
    <p class='ocr_par' dir='ltr' id='par_1_89' title="bbox 2135 3422 3735 3508">
     <span class='ocr_line' id='line_1_89' title="bbox 2135 3422 3735 3508; baseline -0.013 -11"><span class='ocrx_word' id='word_1_677' title='bbox 2135 3441 2398 3497; x_wconf 79' lang='lat' dir='ltr'><strong>tiocinaus</strong></span> <span class='ocrx_word' id='word_1_678' title='bbox 2417 3480 2433 3506; x_wconf 93' lang='lat'><strong>,</strong></span> <span class='ocrx_word' id='word_1_679' title='bbox 2463 3445 2763 3508; x_wconf 86' lang='lat' dir='ltr'><strong>putansque</strong></span> <span class='ocrx_word' id='word_1_680' title='bbox 2792 3434 2872 3489; x_wconf 88' lang='lat' dir='ltr'><strong>sic</strong></span> <span class='ocrx_word' id='word_1_681' title='bbox 2916 3431 3105 3487; x_wconf 78' lang='lat' dir='ltr'><strong>febrim</strong></span> <span class='ocrx_word' id='word_1_682' title='bbox 3144 3427 3414 3496; x_wconf 78' lang='lat' dir='ltr'><strong>exstingui</strong></span> <span class='ocrx_word' id='word_1_683' title='bbox 3465 3439 3622 3495; x_wconf 88' lang='lat' dir='ltr'><strong>posse</strong></span> <span class='ocrx_word' id='word_1_684' title='bbox 3644 3466 3660 3491; x_wconf 91' lang='lat'><strong>,</strong></span> <span class='ocrx_word' id='word_1_685' title='bbox 3689 3422 3735 3476; x_wconf 63' lang='lat' dir='ltr'><strong>si</strong></span> 
     </span>
    </p>
   </div>
   <div class='ocr_carea' id='block_1_90' title="bbox 2134 3518 3735 3591">
    <p class='ocr_par' dir='ltr' id='par_1_90' title="bbox 2134 3518 3735 3591">
     <span class='ocr_line' id='line_1_90' title="bbox 2134 3518 3735 3591; baseline -0.012 -4"><span class='ocrx_word' id='word_1_686' title='bbox 2134 3532 2267 3588; x_wconf 87' lang='lat' dir='ltr'><strong>nihil</strong></span> <span class='ocrx_word' id='word_1_687' title='bbox 2316 3528 2540 3585; x_wconf 87' lang='lat' dir='ltr'><strong>omnino</strong></span> <span class='ocrx_word' id='word_1_688' title='bbox 2582 3523 2823 3581; x_wconf 86' lang='lat' dir='ltr'><strong>alimenti</strong></span> <span class='ocrx_word' id='word_1_689' title='bbox 2866 3522 3156 3591; x_wconf 89' lang='lat' dir='ltr'><strong>acciperet.</strong></span> <span class='ocrx_word' id='word_1_690' title='bbox 3212 3518 3409 3586; x_wconf 86' lang='lat' dir='ltr'><strong>Utpote</strong></span> <span class='ocrx_word' id='word_1_691' title='bbox 3458 3531 3627 3586; x_wconf 90' lang='lat' dir='ltr'><strong>puer,</strong></span> <span class='ocrx_word' id='word_1_692' title='bbox 3670 3530 3735 3568; x_wconf 79' lang='lat' dir='ltr'><strong>ex</strong></span> 
     </span>
    </p>
   </div>
   <div class='ocr_carea' id='block_1_91' title="bbox 2137 3604 3738 3692">
    <p class='ocr_par' dir='ltr' id='par_1_91' title="bbox 2137 3604 3738 3692">
     <span class='ocr_line' id='line_1_91' title="bbox 2137 3604 3738 3692; baseline -0.014 -14"><span class='ocrx_word' id='word_1_693' title='bbox 2137 3619 2509 3692; x_wconf 86' lang='lat' dir='ltr'><strong>intempestiva</strong></span> <span class='ocrx_word' id='word_1_694' title='bbox 2553 3615 2898 3672; x_wconf 89' lang='lat' dir='ltr'><strong>contentione</strong></span> <span class='ocrx_word' id='word_1_695' title='bbox 2930 3611 3063 3666; x_wconf 87' lang='lat' dir='ltr'><strong>nihil</strong></span> <span class='ocrx_word' id='word_1_696' title='bbox 3090 3608 3318 3679; x_wconf 81' lang='lat' dir='ltr'><strong>accepit.</strong></span> <span class='ocrx_word' id='word_1_697' title='bbox 3369 3606 3438 3662; x_wconf 88' lang='lat' dir='ltr'><strong>Ut</strong></span> <span class='ocrx_word' id='word_1_698' title='bbox 3465 3614 3645 3660; x_wconf 89' lang='lat' dir='ltr'><strong>autem</strong></span> <span class='ocrx_word' id='word_1_699' title='bbox 3670 3604 3738 3657; x_wconf 89' lang='lat' dir='ltr'><strong>ad</strong></span> 
     </span>
    </p>
   </div>
   <div class='ocr_carea' id='block_1_92' title="bbox 2138 3697 3735 3779">
    <p class='ocr_par' dir='ltr' id='par_1_92' title="bbox 2138 3697 3735 3779">
     <span class='ocr_line' id='line_1_92' title="bbox 2138 3697 3735 3779; baseline -0.016 -9"><span class='ocrx_word' id='word_1_700' title='bbox 2138 3713 2324 3770; x_wconf 89' lang='lat' dir='ltr'><strong>urbem</strong></span> <span class='ocrx_word' id='word_1_701' title='bbox 2349 3712 2510 3768; x_wconf 82' lang='lat' dir='ltr'><strong>venit.</strong></span> <span class='ocrx_word' id='word_1_702' title='bbox 2545 3710 2722 3779; x_wconf 86' lang='lat' dir='ltr'><strong>lingua</strong></span> <span class='ocrx_word' id='word_1_703' title='bbox 2753 3703 2985 3776; x_wconf 82' lang='lat' dir='ltr'><strong>paralysi</strong></span> <span class='ocrx_word' id='word_1_704' title='bbox 3012 3711 3153 3757; x_wconf 87' lang='lat' dir='ltr'><strong>tacta</strong></span> <span class='ocrx_word' id='word_1_705' title='bbox 3181 3708 3267 3756; x_wconf 91' lang='lat' dir='ltr'><strong>est</strong></span> <span class='ocrx_word' id='word_1_706' title='bbox 3287 3740 3300 3767; x_wconf 88' lang='lat'><strong>,</strong></span> <span class='ocrx_word' id='word_1_707' title='bbox 3329 3699 3403 3754; x_wconf 87' lang='lat' dir='ltr'><strong>ita</strong></span> <span class='ocrx_word' id='word_1_708' title='bbox 3431 3706 3489 3752; x_wconf 90' lang='lat' dir='ltr'><strong>ut</strong></span> <span class='ocrx_word' id='word_1_709' title='bbox 3512 3697 3603 3750; x_wconf 89' lang='lat' dir='ltr'><strong>diu</strong></span> <span class='ocrx_word' id='word_1_710' title='bbox 3629 3712 3735 3749; x_wconf 84' lang='lat' dir='ltr'><strong>non</strong></span> 
     </span>
    </p>
   </div>
   <div class='ocr_carea' id='block_1_93' title="bbox 2138 3787 3739 3879">
    <p class='ocr_par' dir='ltr' id='par_1_93' title="bbox 2138 3787 3739 3879">
     <span class='ocr_line' id='line_1_93' title="bbox 2138 3787 3739 3879; baseline -0.015 -15"><span class='ocrx_word' id='word_1_711' title='bbox 2138 3809 2405 3879; x_wconf 85' lang='lat' dir='ltr'><strong>loquens,</strong></span> <span class='ocrx_word' id='word_1_712' title='bbox 2436 3804 2569 3858; x_wconf 89' lang='lat' dir='ltr'><strong>nihil</strong></span> <span class='ocrx_word' id='word_1_713' title='bbox 2612 3798 2939 3857; x_wconf 89' lang='lat' dir='ltr'><strong>articulatim</strong></span> <span class='ocrx_word' id='word_1_714' title='bbox 2989 3794 3335 3868; x_wconf 87' lang='lat' dir='ltr'><strong>pronuntiare</strong></span> <span class='ocrx_word' id='word_1_715' title='bbox 3382 3798 3597 3862; x_wconf 88' lang='lat' dir='ltr'><strong>posset;</strong></span> <span class='ocrx_word' id='word_1_716' title='bbox 3645 3787 3739 3841; x_wconf 83' lang='lat' dir='ltr'><strong>sed</strong></span> 
     </span>
    </p>
   </div>
   <div class='ocr_carea' id='block_1_94' title="bbox 2139 3879 3743 3973">
    <p class='ocr_par' dir='ltr' id='par_1_94' title="bbox 2139 3879 3743 3973">
     <span class='ocr_line' id='line_1_94' title="bbox 2139 3879 3743 3973; baseline -0.018 -14"><span class='ocrx_word' id='word_1_717' title='bbox 2139 3902 2354 3973; x_wconf 87' lang='lat' dir='ltr'><strong>legebat</strong></span> <span class='ocrx_word' id='word_1_718' title='bbox 2377 3898 2591 3971; x_wconf 89' lang='lat' dir='ltr'><strong>quidem</strong></span> <span class='ocrx_word' id='word_1_719' title='bbox 2615 3937 2632 3964; x_wconf 89' lang='lat'><strong>,</strong></span> <span class='ocrx_word' id='word_1_720' title='bbox 2660 3904 2714 3950; x_wconf 90' lang='lat' dir='ltr'><strong>et</strong></span> <span class='ocrx_word' id='word_1_721' title='bbox 2742 3893 3029 3963; x_wconf 82' lang='lat' dir='ltr'><strong>magistros</strong></span> <span class='ocrx_word' id='word_1_722' title='bbox 3054 3888 3226 3943; x_wconf 86' lang='lat' dir='ltr'><strong>multo</strong></span> <span class='ocrx_word' id='word_1_723' title='bbox 3254 3895 3495 3955; x_wconf 88' lang='lat' dir='ltr'><strong>tempore</strong></span> <span class='ocrx_word' id='word_1_724' title='bbox 3521 3879 3696 3936; x_wconf 85' lang='lat' dir='ltr'><strong>adibat</strong></span> <span class='ocrx_word' id='word_1_725' title='bbox 3726 3894 3743 3943; x_wconf 85' lang='lat'><strong>;</strong></span> 
     </span>
    </p>
   </div>
   <div class='ocr_carea' id='block_1_95' title="bbox 2143 3971 3750 4058">
    <p class='ocr_par' dir='ltr' id='par_1_95' title="bbox 2143 3971 3750 4058">
     <span class='ocr_line' id='line_1_95' title="bbox 2143 3971 3750 4058; baseline -0.016 -8"><span class='ocrx_word' id='word_1_726' title='bbox 2271 3994 2467 4049; x_wconf 83' lang='lat' dir='ltr'><strong>frustra</strong></span> <span class='ocrx_word' id='word_1_727' title='bbox 2493 3999 2546 4044; x_wconf 90' lang='lat' dir='ltr'><strong>et</strong></span> <span class='ocrx_word' id='word_1_728' title='bbox 2575 3986 2780 4058; x_wconf 86' lang='lat' dir='ltr'><strong>absque</strong></span> <span class='ocrx_word' id='word_1_729' title='bbox 2807 3986 2961 4056; x_wconf 89' lang='lat' dir='ltr'><strong>signo</strong></span> <span class='ocrx_word' id='word_1_730' title='bbox 2992 3983 3123 4037; x_wconf 91' lang='lat' dir='ltr'><strong>ullo.</strong></span> <span class='ocrx_word' id='word_1_731' title='bbox 3156 3978 3345 4036; x_wconf 87' lang='lat' dir='ltr'><strong>Omnis</strong></span> <span class='ocrx_word' id='word_1_732' title='bbox 3369 3992 3499 4048; x_wconf 87' lang='lat' dir='ltr'><strong>ergo</strong></span> <span class='ocrx_word' id='word_1_733' title='bbox 3527 3989 3652 4045; x_wconf 87' lang='lat' dir='ltr'><strong>spes</strong></span> <span class='ocrx_word' id='word_1_734' title='bbox 3679 3971 3750 4027; x_wconf 91' lang='lat' dir='ltr'><strong>ab</strong></span> 
     </span>
    </p>
   </div>
   <div class='ocr_carea' id='block_1_96' title="bbox 2146 4065 3748 4149">
    <p class='ocr_par' dir='ltr' id='par_1_96' title="bbox 2146 4065 3748 4149">
     <span class='ocr_line' id='line_1_96' title="bbox 2146 4065 3748 4149; baseline -0.016 -7"><span class='ocrx_word' id='word_1_735' title='bbox 2146 4087 2239 4142; x_wconf 91' lang='lat' dir='ltr'><strong>illo</strong></span> <span class='ocrx_word' id='word_1_736' title='bbox 2263 4085 2573 4149; x_wconf 83' lang='lat' dir='ltr'><strong>exciderat,</strong></span> <span class='ocrx_word' id='word_1_737' title='bbox 2609 4088 2884 4148; x_wconf 90' lang='lat' dir='ltr'><strong>materque</strong></span> <span class='ocrx_word' id='word_1_738' title='bbox 2911 4080 3030 4146; x_wconf 89' lang='lat' dir='ltr'><strong>ejus</strong></span> <span class='ocrx_word' id='word_1_739' title='bbox 3065 4073 3289 4128; x_wconf 86' lang='lat' dir='ltr'><strong>multum</strong></span> <span class='ocrx_word' id='word_1_740' title='bbox 3316 4069 3550 4124; x_wconf 85' lang='lat' dir='ltr'><strong>dolebat.</strong></span> <span class='ocrx_word' id='word_1_741' title='bbox 3583 4065 3748 4121; x_wconf 84' lang='lat' dir='ltr'><strong>Multa</strong></span> 
     </span>
    </p>
   </div>
   <div class='ocr_carea' id='block_1_97' title="bbox 2145 4161 3749 4243">
    <p class='ocr_par' dir='ltr' id='par_1_97' title="bbox 2145 4161 3749 4243">
     <span class='ocr_line' id='line_1_97' title="bbox 2145 4161 3749 4243; baseline -0.016 -9"><span class='ocrx_word' id='word_1_742' title='bbox 2145 4177 2378 4243; x_wconf 87' lang='lat' dir='ltr'><strong>medici,</strong></span> <span class='ocrx_word' id='word_1_743' title='bbox 2402 4175 2566 4230; x_wconf 89' lang='lat' dir='ltr'><strong>multa</strong></span> <span class='ocrx_word' id='word_1_744' title='bbox 2586 4171 2678 4227; x_wconf 86' lang='lat' dir='ltr'><strong>alii</strong></span> <span class='ocrx_word' id='word_1_745' title='bbox 2698 4169 3101 4239; x_wconf 76' lang='lat' dir='ltr'><strong>excogitarunt,</strong></span> <span class='ocrx_word' id='word_1_746' title='bbox 3125 4165 3218 4219; x_wconf 88' lang='lat' dir='ltr'><strong>sed</strong></span> <span class='ocrx_word' id='word_1_747' title='bbox 3244 4165 3511 4217; x_wconf 83' lang='lat' dir='ltr'><strong>incassum</strong></span> <span class='ocrx_word' id='word_1_748' title='bbox 3538 4178 3550 4212; x_wconf 90' lang='lat'>:</span> <span class='ocrx_word' id='word_1_749' title='bbox 3574 4161 3749 4213; x_wconf 90' lang='lat' dir='ltr'><strong>donec</strong></span> 
     </span>
    </p>
   </div>
   <div class='ocr_carea' id='block_1_98' title="bbox 2147 4256 3747 4341">
    <p class='ocr_par' dir='ltr' id='par_1_98' title="bbox 2147 4256 3747 4341">
     <span class='ocr_line' id='line_1_98' title="bbox 2147 4256 3747 4341; baseline -0.018 -14"><span class='ocrx_word' id='word_1_750' title='bbox 2147 4270 2414 4341; x_wconf 85' lang='lat' dir='ltr'><strong>benignus</strong></span> <span class='ocrx_word' id='word_1_751' title='bbox 2441 4268 2581 4321; x_wconf 88' lang='lat' dir='ltr'><strong>Deus</strong></span> <span class='ocrx_word' id='word_1_752' title='bbox 2604 4264 2798 4333; x_wconf 67' lang='lat' dir='ltr'><strong>lingunt</strong></span> <span class='ocrx_word' id='word_1_753' title='bbox 2819 4259 3090 4314; x_wconf 91' lang='lat' dir='ltr'><strong>vinculum</strong></span> <span class='ocrx_word' id='word_1_754' title='bbox 3113 4256 3339 4319; x_wconf 90' lang='lat' dir='ltr'><strong>curavit,</strong></span> <span class='ocrx_word' id='word_1_755' title='bbox 3361 4263 3594 4320; x_wconf 87' lang='lat' dir='ltr'><strong>tuncque</strong></span> <span class='ocrx_word' id='word_1_756' title='bbox 3618 4264 3747 4302; x_wconf 88' lang='lat' dir='ltr'><strong>con-</strong></span> 
     </span>
    </p>
   </div>
   <div class='ocr_carea' id='block_1_99' title="bbox 2149 4338 3749 4428">
    <p class='ocr_par' dir='ltr' id='par_1_99' title="bbox 2149 4338 3749 4428">
     <span class='ocr_line' id='line_1_99' title="bbox 2149 4338 3749 4428; baseline -0.016 -12"><span class='ocrx_word' id='word_1_757' title='bbox 2149 4338 2337 4424; x_wconf 83' lang='lat' dir='ltr'><strong>valuit,</strong></span> <span class='ocrx_word' id='word_1_758' title='bbox 2361 4366 2415 4412; x_wconf 87' lang='lat' dir='ltr'><strong>et</strong></span> <span class='ocrx_word' id='word_1_759' title='bbox 2438 4357 2720 4428; x_wconf 87' lang='lat' dir='ltr'><strong>pristinam</strong></span> <span class='ocrx_word' id='word_1_760' title='bbox 2748 4350 2997 4422; x_wconf 89' lang='lat' dir='ltr'><strong>loquendi</strong></span> <span class='ocrx_word' id='word_1_761' title='bbox 3026 4347 3337 4403; x_wconf 85' lang='lat' dir='ltr'><strong>facultatem</strong></span> <span class='ocrx_word' id='word_1_762' title='bbox 3362 4342 3586 4411; x_wconf 84' lang='lat' dir='ltr'><strong>accepit.</strong></span> <span class='ocrx_word' id='word_1_763' title='bbox 3618 4338 3749 4393; x_wconf 80' lang='lat' dir='ltr'><strong>Nar-</strong></span> 
     </span>
    </p>
   </div>
   <div class='ocr_carea' id='block_1_100' title="bbox 2151 4435 3752 4518">
    <p class='ocr_par' dir='ltr' id='par_1_100' title="bbox 2151 4435 3752 4518">
     <span class='ocr_line' id='line_1_100' title="bbox 2151 4435 3752 4518; baseline -0.017 -7"><span class='ocrx_word' id='word_1_764' title='bbox 2151 4454 2289 4512; x_wconf 81' lang='lat' dir='ltr'><strong>ravit</strong></span> <span class='ocrx_word' id='word_1_765' title='bbox 2314 4461 2492 4507; x_wconf 89' lang='lat' dir='ltr'><strong>autem</strong></span> <span class='ocrx_word' id='word_1_766' title='bbox 2524 4449 2691 4518; x_wconf 86' lang='lat' dir='ltr'><strong>ipsius</strong></span> <span class='ocrx_word' id='word_1_767' title='bbox 2719 4455 2913 4513; x_wconf 86' lang='lat' dir='ltr'><strong>mater,</strong></span> <span class='ocrx_word' id='word_1_768' title='bbox 2937 4458 3059 4499; x_wconf 89' lang='lat' dir='ltr'><strong>cum</strong></span> <span class='ocrx_word' id='word_1_769' title='bbox 3089 4439 3343 4513; x_wconf 88' lang='lat' dir='ltr'><strong>puerulus</strong></span> <span class='ocrx_word' id='word_1_770' title='bbox 3373 4445 3546 4500; x_wconf 84' lang='lat' dir='ltr'><strong>esset,</strong></span> <span class='ocrx_word' id='word_1_771' title='bbox 3576 4435 3752 4504; x_wconf 87' lang='lat' dir='ltr'><strong>ipsum</strong></span> 
     </span>
    </p>
   </div>
   <div class='ocr_carea' id='block_1_101' title="bbox 2154 4528 3751 4607">
    <p class='ocr_par' dir='ltr' id='par_1_101' title="bbox 2154 4528 3751 4607">
     <span class='ocr_line' id='line_1_101' title="bbox 2154 4528 3751 4607; baseline -0.016 -4"><span class='ocrx_word' id='word_1_772' title='bbox 2154 4549 2213 4606; x_wconf 89' lang='lat' dir='ltr'><strong>in</strong></span> <span class='ocrx_word' id='word_1_773' title='bbox 2254 4562 2384 4603; x_wconf 87' lang='lat' dir='ltr'><strong>nare</strong></span> <span class='ocrx_word' id='word_1_774' title='bbox 2418 4544 2667 4601; x_wconf 85' lang='lat' dir='ltr'><strong>morbum</strong></span> <span class='ocrx_word' id='word_1_775' title='bbox 2712 4539 2966 4595; x_wconf 87' lang='lat' dir='ltr'><strong>habuisse</strong></span> <span class='ocrx_word' id='word_1_776' title='bbox 2989 4580 3005 4605; x_wconf 89' lang='lat'><strong>,</strong></span> <span class='ocrx_word' id='word_1_777' title='bbox 3033 4550 3192 4607; x_wconf 89' lang='lat' dir='ltr'><strong>quem</strong></span> <span class='ocrx_word' id='word_1_778' title='bbox 3219 4540 3410 4587; x_wconf 66' lang='lat' dir='ltr'><strong>vomuit</strong></span> <span class='ocrx_word' id='word_1_779' title='bbox 3456 4528 3751 4601; x_wconf 84' lang='lat' dir='ltr'><strong>polypum;</strong></span> 
     </span>
    </p>
   </div>
   <div class='ocr_carea' id='block_1_102' title="bbox 2155 4628 3751 4707">
    <p class='ocr_par' dir='ltr' id='par_1_102' title="bbox 2155 4628 3751 4707">
     <span class='ocr_line' id='line_1_102' title="bbox 2155 4628 3751 4707; baseline -0.018 -10"><span class='ocrx_word' id='word_1_780' title='bbox 2155 4652 2478 4707; x_wconf 90' lang='lat' dir='ltr'><strong>rursumque</strong></span> <span class='ocrx_word' id='word_1_781' title='bbox 2505 4635 2741 4693; x_wconf 86' lang='lat' dir='ltr'><strong>medicos</strong></span> <span class='ocrx_word' id='word_1_782' title='bbox 2762 4629 3155 4701; x_wconf 53' lang='lat' dir='ltr'><strong>desperaviSse,</strong></span> <span class='ocrx_word' id='word_1_783' title='bbox 3178 4637 3498 4694; x_wconf 82' lang='lat' dir='ltr'><strong>optasseqne</strong></span> <span class='ocrx_word' id='word_1_784' title='bbox 3525 4628 3751 4675; x_wconf 85' lang='lat' dir='ltr'><strong>matrem</strong></span> 
     </span>
    </p>
   </div>
   <div class='ocr_carea' id='block_1_103' title="bbox 2157 4710 3756 4797">
    <p class='ocr_par' dir='ltr' id='par_1_103' title="bbox 2157 4710 3756 4797">
     <span class='ocr_line' id='line_1_103' title="bbox 2157 4710 3756 4797; baseline -0.016 -8"><span class='ocrx_word' id='word_1_785' title='bbox 2157 4743 2215 4789; x_wconf 91' lang='lat' dir='ltr'><strong>ut</strong></span> <span class='ocrx_word' id='word_1_786' title='bbox 2257 4740 2598 4791; x_wconf 84' lang='lat' dir='ltr'><strong>moreretur,</strong></span> <span class='ocrx_word' id='word_1_787' title='bbox 2644 4736 2957 4797; x_wconf 83' lang='lat' dir='ltr'><strong>patremque</strong></span> <span class='ocrx_word' id='word_1_788' title='bbox 3009 4720 3108 4792; x_wconf 87' lang='lat' dir='ltr'><strong>ipsi</strong></span> <span class='ocrx_word' id='word_1_789' title='bbox 3155 4714 3498 4773; x_wconf 76' lang='lat' dir='ltr'><strong>ntaledixisse</strong></span> <span class='ocrx_word' id='word_1_790' title='bbox 3540 4710 3756 4784; x_wconf 87' lang='lat' dir='ltr'><strong>(adhuc</strong></span> 
     </span>
    </p>
   </div>
   <div class='ocr_carea' id='block_1_104' title="bbox 2158 4808 3755 4899">
    <p class='ocr_par' dir='ltr' id='par_1_104' title="bbox 2158 4808 3755 4899">
     <span class='ocr_line' id='line_1_104' title="bbox 2158 4808 3755 4899; baseline -0.016 -16"><span class='ocrx_word' id='word_1_791' title='bbox 2158 4828 2299 4884; x_wconf 86' lang='lat' dir='ltr'><strong>enim</strong></span> <span class='ocrx_word' id='word_1_792' title='bbox 2321 4823 2587 4893; x_wconf 85' lang='lat' dir='ltr'><strong>vivebat):</strong></span> <span class='ocrx_word' id='word_1_793' title='bbox 2605 4819 2892 4899; x_wconf 81' lang='lat' dir='ltr'><strong>omniaque</strong></span> <span class='ocrx_word' id='word_1_794' title='bbox 2912 4815 3090 4871; x_wconf 89' lang='lat' dir='ltr'><strong>denuo</strong></span> <span class='ocrx_word' id='word_1_795' title='bbox 3111 4812 3378 4867; x_wconf 80' lang='lat' dir='ltr'><strong>anxietate</strong></span> <span class='ocrx_word' id='word_1_796' title='bbox 3403 4808 3558 4879; x_wconf 84' lang='lat' dir='ltr'><strong>plena</strong></span> <span class='ocrx_word' id='word_1_797' title='bbox 3580 4811 3755 4860; x_wconf 89' lang='lat' dir='ltr'><strong>erant.</strong></span> 
     </span>
    </p>
   </div>
   <div class='ocr_carea' id='block_1_105' title="bbox 2160 4897 3756 4979">
    <p class='ocr_par' dir='ltr' id='par_1_105' title="bbox 2160 4897 3756 4979">
     <span class='ocr_line' id='line_1_105' title="bbox 2160 4897 3756 4979; baseline -0.018 -3"><span class='ocrx_word' id='word_1_798' title='bbox 2160 4920 2256 4976; x_wconf 79' lang='lat' dir='ltr'><strong>Ille</strong></span> <span class='ocrx_word' id='word_1_799' title='bbox 2282 4933 2415 4975; x_wconf 89' lang='lat' dir='ltr'><strong>vero</strong></span> <span class='ocrx_word' id='word_1_800' title='bbox 2441 4912 2718 4971; x_wconf 90' lang='lat' dir='ltr'><strong>tussiendo</strong></span> <span class='ocrx_word' id='word_1_801' title='bbox 2741 4953 2756 4979; x_wconf 94' lang='lat'><strong>,</strong></span> <span class='ocrx_word' id='word_1_802' title='bbox 2787 4926 2853 4966; x_wconf 82' lang='lat' dir='ltr'><strong>ex</strong></span> <span class='ocrx_word' id='word_1_803' title='bbox 2885 4922 3103 4963; x_wconf 89' lang='lat' dir='ltr'><strong>mueore</strong></span> <span class='ocrx_word' id='word_1_804' title='bbox 3151 4906 3314 4960; x_wconf 87' lang='lat' dir='ltr'><strong>feram</strong></span> <span class='ocrx_word' id='word_1_805' title='bbox 3354 4901 3501 4955; x_wconf 90' lang='lat' dir='ltr'><strong>illam</strong></span> <span class='ocrx_word' id='word_1_806' title='bbox 3536 4897 3756 4969; x_wconf 75' lang='lat' dir='ltr'><strong>Spiritus</strong></span> 
     </span>
    </p>
   </div>
   <div class='ocr_carea' id='block_1_106' title="bbox 2161 4991 3756 5081">
    <p class='ocr_par' dir='ltr' id='par_1_106' title="bbox 2161 4991 3756 5081">
     <span class='ocr_line' id='line_1_106' title="bbox 2161 4991 3756 5081; baseline -0.019 -14"><span class='ocrx_word' id='word_1_807' title='bbox 2161 5012 2363 5081; x_wconf 85' lang='lat' dir='ltr'><strong>impetu</strong></span> <span class='ocrx_word' id='word_1_808' title='bbox 2384 5023 2449 5063; x_wconf 80' lang='lat' dir='ltr'><strong>ex</strong></span> <span class='ocrx_word' id='word_1_809' title='bbox 2473 5005 2690 5061; x_wconf 85' lang='lat' dir='ltr'><strong>naribus</strong></span> <span class='ocrx_word' id='word_1_810' title='bbox 2709 5000 2889 5071; x_wconf 73' lang='lat' dir='ltr'><strong>eiecit,</strong></span> <span class='ocrx_word' id='word_1_811' title='bbox 2908 4997 3194 5067; x_wconf 86' lang='lat' dir='ltr'><strong>omniaque</strong></span> <span class='ocrx_word' id='word_1_812' title='bbox 3214 4993 3391 5065; x_wconf 88' lang='lat' dir='ltr'><strong>gravia</strong></span> <span class='ocrx_word' id='word_1_813' title='bbox 3415 4991 3588 5046; x_wconf 89' lang='lat' dir='ltr'><strong>soluta</strong></span> <span class='ocrx_word' id='word_1_814' title='bbox 3610 4995 3756 5041; x_wconf 90' lang='lat' dir='ltr'><strong>sunt.</strong></span> 
     </span>
    </p>
   </div>
   <div class='ocr_carea' id='block_1_107' title="bbox 2164 5079 3759 5163">
    <p class='ocr_par' dir='ltr' id='par_1_107' title="bbox 2164 5079 3759 5163">
     <span class='ocr_line' id='line_1_107' title="bbox 2164 5079 3759 5163; baseline -0.018 -4"><span class='ocrx_word' id='word_1_815' title='bbox 2164 5103 2281 5159; x_wconf 83' lang='lat' dir='ltr'><strong>Hoc</strong></span> <span class='ocrx_word' id='word_1_816' title='bbox 2315 5100 2502 5156; x_wconf 80' lang='lat' dir='ltr'><strong>sedato</strong></span> <span class='ocrx_word' id='word_1_817' title='bbox 2532 5096 2675 5151; x_wconf 89' lang='lat' dir='ltr'><strong>malo</strong></span> <span class='ocrx_word' id='word_1_818' title='bbox 2708 5092 2885 5148; x_wconf 73' lang='lat' dir='ltr'><strong>ﬂuxus</strong></span> <span class='ocrx_word' id='word_1_819' title='bbox 2926 5106 3022 5163; x_wconf 87' lang='lat' dir='ltr'><strong>per</strong></span> <span class='ocrx_word' id='word_1_820' title='bbox 3057 5088 3242 5159; x_wconf 84' lang='lat' dir='ltr'><strong>oculos</strong></span> <span class='ocrx_word' id='word_1_821' title='bbox 3287 5100 3412 5140; x_wconf 81' lang='lat' dir='ltr'><strong>acer</strong></span> <span class='ocrx_word' id='word_1_822' title='bbox 3435 5092 3490 5138; x_wconf 91' lang='lat' dir='ltr'><strong>et</strong></span> <span class='ocrx_word' id='word_1_823' title='bbox 3518 5079 3759 5134; x_wconf 80' lang='lat' dir='ltr'><strong>viscosus</strong></span> 
     </span>
    </p>
   </div>
   <div class='ocr_carea' id='block_1_108' title="bbox 2165 5167 3762 5258">
    <p class='ocr_par' dir='ltr' id='par_1_108' title="bbox 2165 5167 3762 5258">
     <span class='ocr_line' id='line_1_108' title="bbox 2165 5167 3762 5258; baseline -0.021 -7"><span class='ocrx_word' id='word_1_824' title='bbox 2165 5195 2358 5256; x_wconf 83' lang='lat' dir='ltr'><strong>fluens,</strong></span> <span class='ocrx_word' id='word_1_825' title='bbox 2392 5191 2528 5246; x_wconf 79' lang='lat' dir='ltr'><strong>tales</strong></span> <span class='ocrx_word' id='word_1_826' title='bbox 2558 5199 2774 5258; x_wconf 87' lang='lat' dir='ltr'><strong>tamque</strong></span> <span class='ocrx_word' id='word_1_827' title='bbox 2801 5198 3012 5240; x_wconf 82' lang='lat' dir='ltr'><strong>crassas</strong></span> <span class='ocrx_word' id='word_1_828' title='bbox 3040 5182 3212 5237; x_wconf 83' lang='lat' dir='ltr'><strong>lemas</strong></span> <span class='ocrx_word' id='word_1_829' title='bbox 3236 5174 3502 5233; x_wconf 79' lang='lat' dir='ltr'><strong>efﬁciebat</strong></span> <span class='ocrx_word' id='word_1_830' title='bbox 3519 5212 3534 5237; x_wconf 92' lang='lat'><strong>,</strong></span> <span class='ocrx_word' id='word_1_831' title='bbox 3563 5178 3623 5223; x_wconf 87' lang='lat' dir='ltr'><strong>ut</strong></span> <span class='ocrx_word' id='word_1_832' title='bbox 3649 5167 3762 5237; x_wconf 87' lang='lat' dir='ltr'><strong>pel-</strong></span> 
     </span>
    </p>
   </div>
   <div class='ocr_carea' id='block_1_109' title="bbox 3740 3036 3765 3053">
    <p class='ocr_par' dir='ltr' id='par_1_109' title="bbox 3740 3036 3765 3053">
     <span class='ocr_line' id='line_1_109' title="bbox 3740 3036 3765 3053; baseline 0 0"><span class='ocrx_word' id='word_1_833' title='bbox 3740 3036 3765 3053; x_wconf 74' lang='grc' dir='ltr'><strong>η</strong></span> 
     </span>
    </p>
   </div>
   <div class='ocr_carea' id='block_1_110' title="bbox 2110 5269 3759 5355">
    <p class='ocr_par' dir='ltr' id='par_1_110' title="bbox 2110 5269 3759 5355">
     <span class='ocr_line' id='line_1_110' title="bbox 2110 5269 3759 5355; baseline -0.021 -10"><span class='ocrx_word' id='word_1_834' title='bbox 2110 5323 2117 5333; x_wconf 71' lang='grc' dir='ltr'><strong>ς</strong></span> <span class='ocrx_word' id='word_1_835' title='bbox 2166 5288 2327 5345; x_wconf 88' lang='lat' dir='ltr'><strong>licula</strong></span> <span class='ocrx_word' id='word_1_836' title='bbox 2379 5283 2595 5355; x_wconf 66' lang='lat' dir='ltr'><strong>pupillae</strong></span> <span class='ocrx_word' id='word_1_837' title='bbox 2646 5278 3045 5339; x_wconf 81' lang='lat' dir='ltr'><strong>abduceretur,</strong></span> <span class='ocrx_word' id='word_1_838' title='bbox 3091 5271 3341 5344; x_wconf 82' lang='lat' dir='ltr'><strong>quodque</strong></span> <span class='ocrx_word' id='word_1_839' title='bbox 3390 5279 3553 5337; x_wconf 88' lang='lat' dir='ltr'><strong>grave</strong></span> <span class='ocrx_word' id='word_1_840' title='bbox 3597 5269 3716 5315; x_wconf 89' lang='lat' dir='ltr'><strong>erat</strong></span> <span class='ocrx_word' id='word_1_841' title='bbox 3743 5299 3759 5321; x_wconf 85' lang='lat'><strong>,</strong></span> 
     </span>
    </p>
   </div>
   <div class='ocr_carea' id='block_1_111' title="bbox 2168 5351 3765 5439">
    <p class='ocr_par' dir='ltr' id='par_1_111' title="bbox 2168 5351 3765 5439">
     <span class='ocr_line' id='line_1_111' title="bbox 2168 5351 3765 5439; baseline -0.023 0"><span class='ocrx_word' id='word_1_842' title='bbox 2168 5351 2471 5439; x_wconf 73' lang='lat' dir='ltr'><strong>caecitatem</strong></span> <span class='ocrx_word' id='word_1_843' title='bbox 2493 5375 2831 5438; x_wconf 80' lang='lat' dir='ltr'><strong>minabatur,</strong></span> <span class='ocrx_word' id='word_1_844' title='bbox 2859 5381 3155 5437; x_wconf 84' lang='lat' dir='ltr'><strong>omnesque</strong></span> <span class='ocrx_word' id='word_1_845' title='bbox 3184 5363 3415 5418; x_wconf 82' lang='lat' dir='ltr'><strong>futuram</strong></span> <span class='ocrx_word' id='word_1_846' title='bbox 3447 5355 3591 5411; x_wconf 84' lang='lat' dir='ltr'><strong>illam</strong></span> <span class='ocrx_word' id='word_1_847' title='bbox 3619 5351 3765 5406; x_wconf 86' lang='lat' dir='ltr'><strong>diee-</strong></span> 
     </span>
    </p>
   </div>
   <div class='ocr_carea' id='block_1_112' title="bbox 464 5406 2063 5488">
    <p class='ocr_par' dir='ltr' id='par_1_112' title="bbox 464 5406 2063 5488">
     <span class='ocr_line' id='line_1_112' title="bbox 464 5406 2063 5488; baseline -0.012 -9"><span class='ocrx_word' id='word_1_848' title='bbox 464 5440 588 5479; x_wconf 88' lang='lat' dir='ltr'><strong>rum</strong></span> <span class='ocrx_word' id='word_1_849' title='bbox 619 5435 811 5475; x_wconf 89' lang='lat' dir='ltr'><strong>manus</strong></span> <span class='ocrx_word' id='word_1_850' title='bbox 835 5415 1120 5488; x_wconf 81' lang='lat' dir='ltr'><strong>effugerit,</strong></span> <span class='ocrx_word' id='word_1_851' title='bbox 1151 5422 1205 5471; x_wconf 88' lang='lat' dir='ltr'><strong>et</strong></span> <span class='ocrx_word' id='word_1_852' title='bbox 1233 5412 1382 5484; x_wconf 90' lang='lat' dir='ltr'><strong>quasi</strong></span> <span class='ocrx_word' id='word_1_853' title='bbox 1413 5412 1468 5466; x_wconf 91' lang='lat' dir='ltr'><strong>in</strong></span> <span class='ocrx_word' id='word_1_854' title='bbox 1494 5410 1633 5466; x_wconf 89' lang='lat' dir='ltr'><strong>libro</strong></span> <span class='ocrx_word' id='word_1_855' title='bbox 1664 5408 1760 5464; x_wconf 89' lang='lat' dir='ltr'><strong>Dei</strong></span> <span class='ocrx_word' id='word_1_856' title='bbox 1804 5406 2063 5464; x_wconf 84' lang='lat' dir='ltr'><strong>beneficia</strong></span> 
     </span>
    </p>
   </div>
   <div class='ocr_carea' id='block_1_113' title="bbox 467 5497 2067 5584">
    <p class='ocr_par' dir='ltr' id='par_1_113' title="bbox 467 5497 2067 5584">
     <span class='ocr_line' id='line_1_113' title="bbox 467 5497 2067 5584; baseline -0.011 -14"><span class='ocrx_word' id='word_1_857' title='bbox 467 5514 742 5584; x_wconf 81' lang='lat' dir='ltr'><strong>descripta</strong></span> <span class='ocrx_word' id='word_1_858' title='bbox 766 5510 995 5567; x_wconf 88' lang='lat' dir='ltr'><strong>habeat:</strong></span> <span class='ocrx_word' id='word_1_859' title='bbox 1024 5505 1259 5577; x_wconf 77' lang='lat' dir='ltr'><strong>exempli</strong></span> <span class='ocrx_word' id='word_1_860' title='bbox 1279 5518 1460 5564; x_wconf 87' lang='lat' dir='ltr'><strong>causa,</strong></span> <span class='ocrx_word' id='word_1_861' title='bbox 1486 5516 1612 5556; x_wconf 92' lang='lat' dir='ltr'><strong>num</strong></span> <span class='ocrx_word' id='word_1_862' title='bbox 1634 5497 1921 5571; x_wconf 87' lang='lat' dir='ltr'><strong>aliquando</strong></span> <span class='ocrx_word' id='word_1_863' title='bbox 1941 5506 2067 5552; x_wconf 89' lang='lat' dir='ltr'><strong>ante</strong></span> 
     </span>
    </p>
   </div>
   <div class='ocr_carea' id='block_1_114' title="bbox 468 5588 2066 5670">
    <p class='ocr_par' dir='ltr' id='par_1_114' title="bbox 468 5588 2066 5670">
     <span class='ocr_line' id='line_1_114' title="bbox 468 5588 2066 5670; baseline -0.013 -10"><span class='ocrx_word' id='word_1_864' title='bbox 468 5608 650 5661; x_wconf 80' lang='lat' dir='ltr'><strong>lucem</strong></span> <span class='ocrx_word' id='word_1_865' title='bbox 697 5602 839 5657; x_wconf 85' lang='lat' dir='ltr'><strong>viam</strong></span> <span class='ocrx_word' id='word_1_866' title='bbox 903 5611 1226 5670; x_wconf 88' lang='lat' dir='ltr'><strong>capessens,</strong></span> <span class='ocrx_word' id='word_1_867' title='bbox 1271 5593 1566 5665; x_wconf 89' lang='lat' dir='ltr'><strong>perieulum</strong></span> <span class='ocrx_word' id='word_1_868' title='bbox 1608 5588 1892 5660; x_wconf 75' lang='lat' dir='ltr'><strong>effugerit;</strong></span> <span class='ocrx_word' id='word_1_869' title='bbox 1939 5602 2066 5641; x_wconf 90' lang='lat' dir='ltr'><strong>num</strong></span> 
     </span>
    </p>
   </div>
   <div class='ocr_carea' id='block_1_115' title="bbox 472 5670 2065 5765">
    <p class='ocr_par' dir='ltr' id='par_1_115' title="bbox 472 5670 2065 5765">
     <span class='ocr_line' id='line_1_115' title="bbox 472 5670 2065 5765; baseline -0.014 -11"><span class='ocrx_word' id='word_1_870' title='bbox 472 5712 598 5754; x_wconf 81' lang='lat' dir='ltr'><strong>cum</strong></span> <span class='ocrx_word' id='word_1_871' title='bbox 628 5694 824 5765; x_wconf 85' lang='lat' dir='ltr'><strong>iniquis</strong></span> <span class='ocrx_word' id='word_1_872' title='bbox 842 5702 1164 5763; x_wconf 87' lang='lat' dir='ltr'><strong>congressus</strong></span> <span class='ocrx_word' id='word_1_873' title='bbox 1182 5685 1509 5754; x_wconf 90' lang='lat' dir='ltr'><strong>hominibus,</strong></span> <span class='ocrx_word' id='word_1_874' title='bbox 1527 5670 1773 5755; x_wconf 78' lang='lat' dir='ltr'><strong>superior</strong></span> <span class='ocrx_word' id='word_1_875' title='bbox 1796 5677 2065 5743; x_wconf 87' lang='lat' dir='ltr'><strong>evaserit;</strong></span> 
     </span>
    </p>
   </div>
   <div class='ocr_carea' id='block_1_116' title="bbox 2170 5443 3764 5530">
    <p class='ocr_par' dir='ltr' id='par_1_116' title="bbox 2170 5443 3764 5530">
     <span class='ocr_line' id='line_1_116' title="bbox 2170 5443 3764 5530; baseline -0.02 -1"><span class='ocrx_word' id='word_1_876' title='bbox 2170 5475 2318 5530; x_wconf 85' lang='lat' dir='ltr'><strong>bant.</strong></span> <span class='ocrx_word' id='word_1_877' title='bbox 2366 5470 2473 5528; x_wconf 86' lang='lat' dir='ltr'><strong>Sed</strong></span> <span class='ocrx_word' id='word_1_878' title='bbox 2516 5469 2619 5524; x_wconf 90' lang='lat' dir='ltr'><strong>hoe</strong></span> <span class='ocrx_word' id='word_1_879' title='bbox 2664 5467 2826 5522; x_wconf 68' lang='lat' dir='ltr'><strong>etiam</strong></span> <span class='ocrx_word' id='word_1_880' title='bbox 2872 5462 3062 5519; x_wconf 87' lang='lat' dir='ltr'><strong>morbo</strong></span> <span class='ocrx_word' id='word_1_881' title='bbox 3107 5473 3202 5529; x_wconf 88' lang='lat' dir='ltr'><strong>per</strong></span> <span class='ocrx_word' id='word_1_882' title='bbox 3243 5453 3339 5510; x_wconf 86' lang='lat' dir='ltr'><strong>Dei</strong></span> <span class='ocrx_word' id='word_1_883' title='bbox 3383 5448 3608 5522; x_wconf 82' lang='lat' dir='ltr'><strong>gratiam</strong></span> <span class='ocrx_word' id='word_1_884' title='bbox 3655 5443 3764 5500; x_wconf 90' lang='lat' dir='ltr'><strong>cito</strong></span> 
     </span>
    </p>
   </div>
   <div class='ocr_carea' id='block_1_117' title="bbox 2172 5565 2550 5621">
    <p class='ocr_par' dir='ltr' id='par_1_117' title="bbox 2172 5565 2550 5621">
     <span class='ocr_line' id='line_1_117' title="bbox 2172 5565 2550 5621; baseline -0.021 0"><span class='ocrx_word' id='word_1_885' title='bbox 2172 5565 2430 5621; x_wconf 86' lang='lat' dir='ltr'><strong>liberatus</strong></span> <span class='ocrx_word' id='word_1_886' title='bbox 2449 5570 2550 5617; x_wconf 90' lang='lat' dir='ltr'><strong>est.</strong></span> 
     </span>
    </p>
   </div>
   <div class='ocr_carea' id='block_1_118' title="bbox 2249 5632 3765 5717">
    <p class='ocr_par' dir='ltr' id='par_1_118' title="bbox 2249 5632 3765 5717">
     <span class='ocr_line' id='line_1_118' title="bbox 2249 5632 3765 5717; baseline -0.017 -6"><span class='ocrx_word' id='word_1_887' title='bbox 2249 5655 2477 5711; x_wconf 81' lang='lat' dir='ltr'><strong>Historia</strong></span> <span class='ocrx_word' id='word_1_888' title='bbox 2516 5651 2621 5705; x_wconf 87' lang='lat' dir='ltr'><strong>alia</strong></span> <span class='ocrx_word' id='word_1_889' title='bbox 2657 5649 2726 5703; x_wconf 80' lang='lat' dir='ltr'><strong>ad</strong></span> <span class='ocrx_word' id='word_1_890' title='bbox 2769 5650 2938 5717; x_wconf 81' lang='lat' dir='ltr'><strong>ipsum</strong></span> <span class='ocrx_word' id='word_1_891' title='bbox 2962 5644 3381 5713; x_wconf 77' lang='lat' dir='ltr'><strong>Clirysoslomunt</strong></span> <span class='ocrx_word' id='word_1_892' title='bbox 3409 5632 3765 5707; x_wconf 72' lang='lat' dir='ltr'><strong>pertinens.—</strong></span> 
     </span>
    </p>
   </div>
   <div class='ocr_carea' id='block_1_119' title="bbox 2177 5719 3767 5814">
    <p class='ocr_par' dir='ltr' id='par_1_119' title="bbox 2177 5719 3767 5814">
     <span class='ocr_line' id='line_1_119' title="bbox 2177 5719 3767 5814; baseline -0.018 -9"><span class='ocrx_word' id='word_1_893' title='bbox 2177 5751 2243 5806; x_wconf 87' lang='lat' dir='ltr'><strong>Et</strong></span> <span class='ocrx_word' id='word_1_894' title='bbox 2284 5750 2399 5802; x_wconf 83' lang='lat' dir='ltr'><strong>haec</strong></span> <span class='ocrx_word' id='word_1_895' title='bbox 2426 5743 2638 5814; x_wconf 80' lang='lat' dir='ltr'><strong>quidem</strong></span> <span class='ocrx_word' id='word_1_896' title='bbox 2666 5739 2878 5800; x_wconf 83' lang='lat' dir='ltr'><strong>audivi;</strong></span> <span class='ocrx_word' id='word_1_897' title='bbox 2907 5751 3028 5807; x_wconf 68' lang='lat' dir='ltr'><strong>qua:</strong></span> <span class='ocrx_word' id='word_1_898' title='bbox 3052 5747 3182 5788; x_wconf 87' lang='lat' dir='ltr'><strong>vero</strong></span> <span class='ocrx_word' id='word_1_899' title='bbox 3211 5731 3329 5802; x_wconf 81' lang='lat' dir='ltr'><strong>ipse</strong></span> <span class='ocrx_word' id='word_1_900' title='bbox 3351 5727 3468 5785; x_wconf 83' lang='lat' dir='ltr'><strong>scio</strong></span> <span class='ocrx_word' id='word_1_901' title='bbox 3489 5769 3502 5791; x_wconf 94' lang='lat'><strong>,</strong></span> <span class='ocrx_word' id='word_1_902' title='bbox 3535 5719 3767 5781; x_wconf 80' lang='lat' dir='ltr'><strong>narrabo</strong></span> 
     </span>
    </p>
   </div>
   <div class='ocr_carea' id='block_1_120' title="bbox 541 5824 3766 5932">
    <p class='ocr_par' dir='ltr' id='par_1_120' title="bbox 541 5824 3766 5932">
     <span class='ocr_line' id='line_1_120' title="bbox 541 5824 3766 5932; baseline -0.017 -7"><span class='ocrx_word' id='word_1_903' title='bbox 541 5876 559 5907; x_wconf 74' lang='grc' dir='ltr'>ί</span> <span class='ocrx_word' id='word_1_904' title='bbox 594 5882 726 5925; x_wconf 73' lang='lat' dir='ltr'><strong>Unas</strong></span> <span class='ocrx_word' id='word_1_905' title='bbox 745 5871 914 5932; x_wconf 84' lang='lat' dir='ltr'><strong>habet,</strong></span> <span class='ocrx_word' id='word_1_906' title='bbox 943 5878 1057 5929; x_wconf 83' lang='lat' dir='ltr'><strong>Deo,</strong></span> <span class='ocrx_word' id='word_1_907' title='bbox 1086 5879 1195 5930; x_wconf 88' lang='lat' dir='ltr'><strong>pro,</strong></span> <span class='ocrx_word' id='word_1_908' title='bbox 1218 5861 1425 5915; x_wconf 75' lang='lat' dir='ltr'><strong>Christo.</strong></span> <span class='ocrx_word' id='word_1_909' title='bbox 2180 5841 2351 5898; x_wconf 80' lang='lat' dir='ltr'><strong>vobis.</strong></span> <span class='ocrx_word' id='word_1_910' title='bbox 2371 5836 2513 5895; x_wconf 74' lang='lat' dir='ltr'><strong>Mota</strong></span> <span class='ocrx_word' id='word_1_911' title='bbox 2530 5844 2614 5892; x_wconf 66' lang='lat' dir='ltr'><strong>est</strong></span> <span class='ocrx_word' id='word_1_912' title='bbox 2637 5842 2982 5905; x_wconf 64' lang='lat' dir='ltr'><strong>tyrannorum</strong></span> <span class='ocrx_word' id='word_1_913' title='bbox 3004 5825 3239 5898; x_wconf 73' lang='lat' dir='ltr'><strong>suspicio</strong></span> <span class='ocrx_word' id='word_1_914' title='bbox 3257 5824 3313 5879; x_wconf 86' lang='lat' dir='ltr'><strong>in</strong></span> <span class='ocrx_word' id='word_1_915' title='bbox 3330 5828 3545 5881; x_wconf 82' lang='lat' dir='ltr'><strong>etvttate</strong></span> <span class='ocrx_word' id='word_1_916' title='bbox 3566 5824 3766 5877; x_wconf 85' lang='lat' dir='ltr'><strong>nostra,</strong></span> 
     </span>
    </p>
   </div>
  </div>
