4112 6436
387 404 492 463 Ξῗε

390 531 516 585 dum
545 526 720 583 adhuc
750 524 1062 581 adolescens
1086 536 1263 576 essem
1295 535 1310 572 :
1341 515 1706 584 militibusque
1733 510 1982 566 omnibus

391 626 594 681 circum
616 622 884 677 civitatem
909 618 1038 673 loris
1061 614 1267 686 positis,
1287 612 1424 666 forte
1446 608 1655 664 libellos
1673 604 1984 676 quaerebant

391 718 777 788 praestigiarum
809 722 863 769 et
896 712 1150 782 magicos.
1180 708 1245 761 Et
1284 705 1375 776 qui
1420 703 1705 771 scripserat
1747 699 1940 754 librum
1965 738 1981 762 ,

394 811 788 877 incompactum
823 805 1049 875 projecit
1091 803 1145 856 in
1177 800 1374 855 ﬂumen
1400 839 1414 863 ,
1446 804 1739 865 captusque
1786 800 1903 853 est;
1933 798 1989 844 et

392 916 513 956 cum
566 900 635 955 ab
666 899 756 953 illo
786 897 1166 966 requireretur,
1210 891 1337 945 dare
1371 904 1475 943 non
1531 886 1719 957 potuit,
1769 882 1861 937 sed
1894 896 1988 951 per

394 993 583 1048 urbem
611 991 823 1045 vinctus
852 988 1161 1043 ducebatur.
1196 982 1327 1037 Cum
1358 991 1535 1035 autem
1566 979 1739 1033 auctis
1779 974 1987 1030 indiciis

396 1094 451 1139 et
490 1082 891 1154 probationibus
916 1123 930 1147 ,
960 1092 1148 1150 punias
1173 1076 1410 1131 dedisset
1437 1089 1455 1127 :
1484 1081 1610 1127 tunc
1653 1086 1752 1140 ego
1783 1084 1903 1123 cum
1937 1066 1990 1121 in

397 1173 708 1245 martyrium
753 1174 767 1203 ¹
811 1171 886 1225 ire
919 1170 1111 1223 vellem
1139 1207 1155 1232 ,
1187 1164 1475 1221 transibam
1506 1178 1603 1232 per
1633 1163 1817 1213 hortos
1847 1158 1992 1227 iusta

400 1267 598 1321 ﬂumen
627 1280 746 1320 cum
775 1263 881 1317 alio
905 1260 1135 1331 quodam
1163 1275 1177 1315 :
1201 1257 1291 1328 qui
1320 1266 1375 1311 ut
1402 1254 1534 1308 vidit
1559 1258 1992 1322 supernatantem

398 1357 616 1421 librum,
652 1356 823 1426 primo
853 1368 912 1409 se
941 1353 1164 1406 linteum
1196 1349 1378 1403 videre
1413 1346 1648 1416 putavit,
1678 1358 1741 1399 ac
1766 1342 1993 1397 descen-

396 1449 533 1504 dens
562 1447 797 1517 recepit;
830 1454 889 1499 ut
916 1442 1145 1498 accessit
1172 1455 1300 1496 vero
1326 1481 1343 1508 ,
1373 1439 1567 1492 librum
1598 1451 1717 1491 esse
1742 1434 1909 1497 vidit,
1941 1440 1998 1486 et

398 1540 733 1596 descendens
774 1538 940 1609 cepit.
966 1536 1081 1607 Ego
1114 1548 1240 1589 vero
1276 1530 1665 1586 contendebam
1692 1570 1705 1593 ,
1737 1526 1889 1597 quasi
1928 1523 1996 1579 de

401 1648 464 1688 re
507 1629 778 1686 communi
828 1636 1039 1697 reperta
1065 1667 1078 1691 ,
1109 1624 1476 1692 ridebamque.
1522 1620 1627 1675 Sed
1682 1617 1954 1671 videamus
1980 1654 1995 1679 ,

401 1725 575 1796 inquit.
602 1724 708 1791 ille,
731 1722 854 1793 quid
882 1721 950 1776 sit
973 1737 986 1772 :
1013 1718 1356 1787 revolutaque
1384 1715 1588 1785 pagina:
1608 1718 1757 1781 parte
1795 1708 1995 1777 magica

403 1817 670 1887 descripta
696 1816 917 1869 invenit.
945 1810 1152 1866 Accidit
1175 1819 1351 1863 autem
1382 1806 1569 1861 eodem
1596 1813 1837 1874 tempore
1864 1800 2003 1855 mili-

407 1923 513 1966 tem
547 1910 793 1965 transire.
828 1906 963 1960 llinc
991 1919 1119 1960 vero
1146 1902 1326 1957 socius
1354 1900 1445 1955 illo
1474 1898 1743 1954 occultato
1770 1895 1919 1961 abiit,
1950 1903 2001 1949 et

405 2005 596 2059 timore
622 2000 946 2056 tabescebat.
972 1997 1103 2066 Quis
1128 1996 1271 2051 enim
1302 1992 1622 2049 credidisset
1650 2005 1747 2046 nos
1772 2004 1801 2044 e
1828 1987 2002 2042 ﬂumi-

404 2110 475 2151 ne
507 2094 651 2148 illum
691 2091 972 2145 sustulisse
997 2131 1010 2155 ,
1053 2103 1174 2143 cum
1215 2099 1407 2142 omnes
1438 2084 1599 2139 etiam
1627 2097 1732 2137 non
1770 2082 2002 2150 suspecti

405 2184 809 2241 detinerentur?
852 2182 1099 2252 Abjicere
1138 2195 1244 2234 non
1282 2177 1645 2241 audebamus,
1688 2190 1753 2229 ne
1792 2174 2001 2228 videre-

408 2294 553 2343 mur,
582 2286 635 2331 et
685 2276 797 2344 pari
851 2274 1041 2328 timore
1087 2269 1468 2326 cohibebaer
1506 2282 1575 2322 ne
1620 2264 2001 2321 divideremus.

411 2368 523 2422 Deo
554 2376 731 2421 tamen
757 2364 978 2434 juvante
1007 2362 1347 2432 projecimus,
1371 2368 1426 2414 et
1468 2358 1535 2412 ab
1584 2354 1837 2412 extremis
1864 2354 2006 2423 peri-

408 2458 543 2512 culis
564 2456 729 2526 erepti
751 2470 952 2520 sumus.
975 2454 1256 2507 lunumera
1275 2450 1453 2505 dicere
1476 2462 1687 2519 possem
1710 2446 1755 2501 si
1775 2445 1965 2499 vellem
1989 2461 2002 2496 :

411 2549 526 2603 hzrc
553 2557 731 2601 autem
760 2547 810 2599 in
836 2545 998 2599 vestri
1027 2543 1249 2614 gratiam
1274 2541 1409 2605 dixi;
1440 2549 1497 2593 ut
1522 2539 1564 2592 si
1590 2538 1731 2608 quis,
1756 2536 1799 2591 si
1824 2551 1928 2589 non
1954 2534 2006 2587 in

413 2640 581 2709 paria,
611 2639 664 2692 in
695 2638 796 2691 alia
829 2646 1002 2690 tamen
1036 2634 1271 2699 incidat,
1303 2646 1488 2687 eorum
1521 2628 1833 2685 memoriam
1864 2641 2008 2681 sem-

412 2746 508 2801 per
536 2738 732 2785 servet.
768 2727 924 2782 Verbi
951 2727 1140 2796 gratia,
1173 2724 1217 2779 si
1248 2724 1403 2794 lapis,
1434 2723 1486 2777 in
1518 2730 1570 2777 te
1600 2719 1903 2790 conjectus,
1932 2725 2011 2773 te-

478 2908 493 2937 ¹
532 2902 848 2970 Martyrium,
875 2902 1087 2970 ecclesia
1126 2908 1417 2970 martyrum,
1446 2897 1530 2949 vel
1570 2896 2011 2970 in_quareliquize

413 2960 681 3074 nliartyruni
701 2960 1021 3015 habebantur.
1048 2963 1155 3012 Vox
1191 2960 1427 3025 fréquens
1458 2960 1586 3023 apud
1632 2961 1901 3021 Scriptores
1929 2970 2010 3033 ec-_

413 3043 441 3073 ρ
463 3036 734 3077 esrasttcos.

1189 402 1242 454 S.
1282 396 1559 454 JUANNIS
1595 391 2074 450 CHRYSOSTOMI
2115 388 2431 445 ARCIIIEP.
2462 384 2999 444 CONSTANTINOP.

3577 388 3681 444 “276

2086 523 2189 581 que
2209 514 2355 564 recta
2376 508 2660 578 impetens,
2681 521 2788 562 non
2813 508 2865 562 in
2886 516 2937 562 te
2956 506 3174 575 incidat,
3195 507 3353 576 hujus
3375 523 3590 579 semper
3605 512 3682 565 sis

2088 617 2335 658 memor:
2366 600 2468 657 hoc
2500 601 2654 656 nobis
2681 615 2928 672 magnam
2964 602 3055 658 Dei
3085 603 3374 657 amicitiam
3404 603 3681 659 conciliat.

2090 694 2145 750 Si
2175 694 2318 750 enim
2357 708 2481 749 cum
2518 692 2866 749 recordamur
2894 694 3203 761 hominum,
3238 695 3329 766 qui
3369 710 3469 751 nos
3498 710 3686 752 serva-

2091 796 2249 852 runt,
2280 800 2606 856 magnopere
2630 785 2875 841 dolemus
2896 827 2910 851 ,
2940 787 2984 841 si
3012 802 3119 841 non
3149 788 3417 857 possimus
3447 789 3578 859 ipsis
3604 790 3688 844 vi-

2091 892 2208 933 cem
2255 879 2555 948 rependere
2604 897 2617 933 :
2664 879 2833 934 multo
2876 879 3045 951 magis
3092 881 3204 936 Deo
3248 884 3447 952 gratias
3489 884 3693 940 habere

2093 979 2326 1041 oportet.
2358 970 2412 1024 ld
2453 981 2508 1026 et
2537 971 2670 1027 alias
2710 971 2840 1027 utile
2869 980 2970 1026 est.
3003 972 3056 1027 Si
3089 974 3269 1043 itaque
3304 974 3548 1029 volumus
3580 992 3689 1031 non

2096 1064 2317 1118 nimium
2352 1062 2536 1119 dolere
2557 1106 2571 1127 ,
2602 1064 2843 1118 dicamus
2872 1082 2885 1118 :
2914 1064 2976 1118 Si
3015 1064 3148 1118 bona
3183 1067 3495 1136 suscepimus
3519 1085 3551 1120 a
3578 1068 3691 1122 Do-

2095 1156 2267 1222 mino,
2298 1172 2471 1210 annon
2508 1154 2645 1208 mala
2692 1156 2911 1224 feremus
2949 1154 3086 1225 (Job
3112 1155 3168 1211 ‘2.
3226 1156 3290 1213 10
3316 1159 3371 1226 )?
3402 1157 3468 1212 Et
3496 1159 3693 1214 Paulus

2098 1247 2220 1303 ideo
2248 1246 2495 1312 dicebat,
2528 1246 2669 1304 unde
2699 1248 2955 1302 liberatus
2979 1257 3156 1314 esset,
3187 1256 3244 1302 ut
3270 1250 3402 1304 alios
3431 1249 3693 1307 admone-

2098 1350 2201 1395 ret.
2235 1340 2369 1395 Vide
2397 1349 2450 1395 et
2480 1340 2761 1405 Jacobum,
2794 1340 3064 1410 quomodo
3097 1340 3186 1395 illa
3215 1344 3395 1397 omnia
3427 1343 3478 1397 in
3516 1356 3695 1400 mente

2101 1433 2318 1498 habuit;
2350 1433 2469 1488 ideo
2497 1432 2706 1488 diccbat
2737 1450 2749 1486 :
2778 1433 3000 1504 Angelus
3022 1432 3109 1501 qui
3137 1433 3324 1503 eripuit
3352 1451 3431 1489 me
3454 1452 3484 1488 a
3506 1436 3693 1506 juven-

2101 1535 2204 1580 tute
2223 1542 2333 1580 mea
2354 1525 2509 1596 (Gen.
2532 1526 2621 1582 48.
2649 1526 2760 1597 16).
2785 1525 2891 1581 Sed
2912 1526 3207 1596 cogitemus
3229 1542 3334 1581 non
3358 1528 3530 1583 solum
3553 1531 3697 1599 quod

2102 1620 2337 1684 eruerit,
2366 1618 2461 1673 sed
2489 1619 2648 1674 etiam
2681 1619 2953 1690 quomodo
2978 1629 3031 1674 et
3057 1634 3161 1690 qua
3190 1621 3242 1675 in
3273 1636 3351 1676 re.
3380 1622 3514 1677 Vide
3540 1623 3701 1693 igitur

2105 1714 2253 1768 illum
2294 1713 2571 1782 speciatim
2599 1712 2855 1768 beneﬁcia
2887 1724 3424 1770 commemorantem.
3457 1714 3522 1770 In
3558 1717 3703 1786 virga

2105 1823 2237 1872 mea,
2266 1806 2469 1877 inquit,
2500 1806 2707 1859 transivi
2736 1804 3020 1860 Jordanem
3053 1805 3071 1876 (
3098 1804 3227 1860 Cen.
3253 1806 3341 1861 52.
3371 1806 3437 1861 i0
3459 1806 3501 1878 ).
3530 1806 3702 1861 Judaei

2108 1915 2236 1955 vero
2264 1896 2427 1955 etiam
2467 1914 2653 1954 eorum
2680 1940 2695 1964 ,
2724 1913 2845 1969 qua:
2884 1897 3175 1968 majoribus
3216 1900 3330 1953 suis
3368 1910 3661 1954 evenerant
3687 1940 3701 1963 ,

2108 2007 2323 2063 semper
2350 2006 2618 2047 memores
2646 2001 2822 2056 erant,
2855 2000 3163 2063 repetentes
3190 2007 3274 2057 ea,
3304 2008 3423 2063 qua:
3454 1993 3505 2047 in
3538 1993 3707 2064 Egy-

2108 2094 2202 2156 pto
2228 2085 2554 2141 acciderant.
2586 2085 2648 2139 Et
2680 2099 2778 2139 nos
2808 2099 2936 2155 ergo
2962 2084 3134 2140 multo
3160 2086 3328 2155 magis
3354 2101 3560 2149 eorum,
3585 2103 3707 2155 qua:

2111 2176 2265 2231 nobis
2303 2176 2651 2241 acciderunt,
2683 2191 2951 2231 memores
2983 2177 3153 2231 simus
3173 2217 3191 2244 ,
3220 2178 3429 2245 quoties
3457 2179 3508 2232 in
3538 2193 3710 2249 angu—

2110 2270 2240 2323 stias
2276 2279 2331 2323 et
2364 2268 2695 2323 calamitates
2732 2268 3051 2334 incidimus;
3085 2278 3139 2324 et
3176 2269 3277 2323 nisi
3315 2270 3454 2325 Deus
3488 2286 3707 2326 manum

2113 2361 2671 2432 porrexisset,jamdiu
2690 2361 3052 2431 periissemus.
3072 2361 3196 2417 llzec
3208 2363 3501 2433 cogitantes
3516 2378 3707 2418 omnes

2112 2466 2166 2509 et
2196 2454 2433 2524 quotidie
2471 2462 2804 2522 repetentes,
2832 2454 3032 2524 gratias
3057 2467 3272 2524 semper
3305 2454 3415 2509 Deo
3440 2469 3663 2525 agamus
3690 2497 3704 2519 ,

2112 2556 2165 2601 et
2197 2548 2247 2600 in
2278 2546 2549 2601 communi
2576 2561 2765 2600 omnes
2794 2546 3023 2617 gloriam
3053 2547 3151 2615 ipsi
3185 2546 3502 2614 referamus,
3535 2563 3711 2618 neque

2115 2639 2263 2695 illum
2293 2637 2569 2693 celebrare
2595 2652 2889 2703 cessemus,
2916 2645 2976 2692 ut
3000 2638 3140 2708 grati
3166 2638 3330 2693 animi
3362 2655 3609 2710 magnam
3635 2657 3713 2695 re-

2114 2732 2374 2802 cipiamus
2402 2728 2706 2784 mercedem
2737 2746 2751 2783 :
2780 2729 2951 2799 gratia
2980 2737 3037 2784 et
3064 2729 3499 2785 miserationibus
3526 2732 3712 2803 unige-

2115 2824 2212 2879 niti
2240 2823 2359 2892 ejus
2389 2822 2507 2877 Filii
2536 2861 2550 2885 ,
2582 2821 2798 2890 quicum
2825 2828 2881 2877 et
2910 2835 3013 2875 una
3044 2820 3264 2890 Spiritui
3291 2832 3477 2877 sancto
3501 2823 3667 2892 gloria
3695 2866 3710 2889 ,

2117 2914 2431 2985 imperium,
2462 2912 2665 2977 honor,
2696 2926 2839 2967 nunc
2864 2921 2921 2968 et
2951 2926 3188 2983 seraper,
3219 2922 3274 2969 et
3303 2915 3355 2968 in
3382 2914 3578 2969 sxcula
3604 2929 3710 2969 sa:-

2114 3007 2378 3059 cnlorum.
2413 3005 2607 3060 Amen.

425 3124 3701 3152 W

1722 3193 2069 3254 HOMILIA
2112 3190 2424 3252 XXXIX.

418 3351 548 3405 CAP.
585 3350 671 3402 l7.
701 3363 754 3402 v.
801 3346 892 3402 32.
936 3345 1063 3401 Cum
1104 3343 1363 3399 audissent
1400 3352 1569 3397 autem
1609 3340 2022 3395 resurrectionem

493 3450 842 3503 mortuorum,
874 3438 964 3492 alii
992 3438 1195 3509 quidem
1236 3434 1512 3489 irridebunt
1540 3475 1555 3499 ,
1585 3433 1676 3487 alii
1718 3448 1831 3487 vero
1871 3432 2019 3485 dixe-

492 3543 612 3588 runt
641 3548 661 3587 :
686 3532 956 3587 Audiemns
986 3541 1034 3585 te
1057 3531 1119 3585 de
1148 3530 1243 3584 hoc
1270 3529 1468 3583 iterum.
1500 3527 1589 3583 55.
1627 3524 1691 3580 Et
1718 3525 1790 3578 sic
1822 3522 2021 3578 Paulus

493 3627 615 3682 exiit
646 3626 711 3681 de
740 3625 906 3679 medio
936 3640 1130 3678 eorum.

496 3722 549 3775 1.
590 3717 698 3772 Cur
725 3717 939 3779 Paulus.
973 3732 1094 3771 cum
1127 3716 1205 3770 sic
1234 3713 1609 3785 persuasisset,
1642 3721 1700 3767 ut
1726 3713 2021 3768 Athenien-

424 3827 514 3866 ses
540 3810 801 3874 dicerent,
830 3808 1107 3862 Audiemus
1134 3816 1181 3860 te
1205 3806 1268 3861 de
1296 3806 1390 3861 hoc
1414 3806 1615 3871 iterant,
1645 3820 1875 3876 cumque
1900 3804 2021 3859 nul-

428 3902 477 3956 la
517 3909 697 3956 essent
730 3899 963 3969 pericula
989 3940 1003 3963 ,
1036 3898 1250 3954 festinat
1290 3897 1650 3952 Athenienses
1679 3897 2024 3966 relinquere?

430 3993 589 4047 Forte
614 3991 812 4046 sciebat
840 4005 899 4046 se
924 4004 1029 4045 non
1056 3990 1279 4044 multum
1308 3989 1436 4044 lucri
1463 3988 1728 4044 facturum
1753 4007 1766 4043 :
1788 3988 2023 4058 alioquin

427 4085 587 4141 etiam
628 4099 658 4139 a
702 4083 900 4153 Spiritu
947 4082 1262 4138 Corinthum
1300 4081 1617 4137 ducebatur.
1666 4081 1754 4136 35.
1803 4080 2025 4147 Quidam

427 4193 543 4230 vero
568 4176 662 4231 viri
690 4175 1003 4229 adhaerentes
1030 4174 1074 4228 ei
1098 4217 1112 4240 ,
1139 4173 1460 4227 crediderunt
1484 4189 1502 4227 :
1524 4174 1577 4226 in
1606 4173 1786 4243 quibus
1815 4182 1861 4226 et
1894 4170 2023 4225 Dio-

429 4270 602 4339 nysius
638 4268 942 4339 AreOpogila
968 4307 983 4331 ,
1011 4276 1057 4321 et
1088 4266 1269 4336 mulier
1304 4267 1505 4320 nomine
1541 4266 1777 4319 Damaris
1800 4305 1815 4331 ,
1847 4274 1896 4319 et
1933 4264 2025 4319 alii

428 4376 541 4414 cum
566 4360 657 4414 eis.
684 4358 702 4429 (
727 4358 855 4428 Cap.
894 4358 1003 4427 18.)
1030 4358 1078 4410 1.
1108 4356 1230 4411 Post
1258 4357 1364 4411 lues
1388 4367 1554 4410 autem
1577 4373 1805 4427 egressus
1828 4355 2026 4411 Paulus

429 4454 659 4517 Athenis,
682 4452 811 4505 venit
840 4451 1175 4507 Corinthum:
1196 4450 1249 4504 2.
1276 4460 1322 4504 et
1347 4450 1605 4505 inveniens
1631 4450 1899 4521 quemdam
1922 4451 2027 4503 .lu-

429 4545 596 4598 dwum
638 4544 840 4597 nomine
871 4542 1142 4612 Aquilam,
1177 4540 1447 4596 Ponticum
1485 4557 1697 4611 genere,
1736 4542 1823 4611 qui
1866 4557 2027 4611 nuper

429 4642 631 4688 venerat
659 4650 722 4687 ex
750 4632 909 4687 Italia
932 4675 945 4699 ,
978 4643 1023 4688 et
1056 4632 1351 4687 Priscillam
1380 4649 1589 4687 uxorem
1613 4634 1723 4703 ejus
1752 4634 1771 4703 (
1795 4649 1853 4687 eo
1891 4633 2027 4704 quod

431 4724 745 4797 praeepisset
769 4724 1014 4780 Claudius
1040 4725 1295 4779 discedere
1326 4740 1500 4780 omnes
1537 4724 1749 4779 Judteos
1776 4723 1983 4796 Roma)
2007 4766 2022 4791 ,

430 4817 637 4869 accessit
664 4816 733 4869 ad
759 4832 842 4870 eos
868 4832 885 4869 :
908 4817 961 4870 5.
988 4826 1034 4869 et
1061 4817 1178 4886 quia
1216 4816 1443 4887 ejusdem
1470 4825 1579 4871 erat
1604 4818 1729 4870 artis
1748 4857 1763 4881 ,
1793 4817 2027 4871 manebat

431 4904 571 4974 apud
591 4920 697 4971 eos,
720 4914 767 4959 et
796 4904 1099 4973 aperabatur
1122 4922 1140 4959 :
1164 4915 1307 4959 erant
1333 4915 1501 4960 autem
1532 4907 1912 4977 scenofactoria:
1937 4924 2025 4961 ar-

432 4997 519 5050 tis.
560 4995 690 5052 Jure
728 4995 1041 5051 Corinthum
1066 5039 1080 5062 ,
1126 5007 1184 5051 ut
1207 4998 1315 5052 dixi
1340 5039 1355 5063 ,
1387 5012 1415 5050 a
1458 4997 1656 5067 Spiritu
1687 5000 1901 5054 ducitur
1924 5041 1937 5064 ,
1972 5000 2024 5055 in

431 5104 536 5159 qua
566 5103 785 5144 manere
810 5088 1112 5159 oportebat.
1143 5089 1501 5145 Athenienses
1528 5090 1669 5145 enim
1696 5132 1711 5158 ,
1743 5092 1843 5147 etsi
1873 5106 2026 5148 nova:

430 5180 708 5237 concionis
744 5188 1012 5235 amatores
1036 5187 1252 5247 essent,
1293 5196 1398 5236 non
1425 5180 1771 5238 attendebant
1801 5190 1976 5238 tamen
2009 5198 2022 5235 :

433 5290 607 5345 neque
642 5275 784 5331 enim
822 5276 874 5330 id
904 5275 1194 5339 curabant,
1229 5274 1324 5329 sed
1355 5282 1414 5328 ut
1440 5289 1656 5344 semper
1685 5275 1811 5345 quid
1842 5275 2026 5330 dicen-

435 5368 561 5423 dum
590 5368 848 5424 haberent
874 5384 887 5422 :
914 5367 964 5422 id
991 5367 1133 5438 quod
1160 5367 1321 5423 etiam
1351 5365 1475 5422 fecit
1500 5375 1559 5421 ut
1600 5367 1941 5423 secederent.
1970 5366 2026 5423 Si

436 5460 537 5515 hoc
580 5471 757 5517 autem
802 5461 905 5516 illis
943 5460 994 5515 in
1033 5476 1184 5516 more
1222 5469 1376 5526 erat,
1418 5474 1516 5515 cur
1548 5469 1805 5515 accusant
1836 5460 2026 5526 illum,

439 5549 703 5606 Novarum
749 5553 1116 5607 dmoniorum
1164 5554 1494 5605 annuntialor
1526 5567 1632 5605 esse
1660 5552 1893 5606 videtur?
1925 5552 2027 5608 Sed

436 5639 551 5697 tunc
578 5643 733 5698 valde
762 5645 987 5699 obscura
1028 5644 1132 5697 illis
1163 5658 1281 5699 esse
1310 5643 1577 5698 videntur.
1624 5645 1871 5699 Attamen
1906 5660 2027 5714 per-

436 5732 605 5785 suasit
635 5731 886 5802 Dionysio
916 5735 1249 5803 Areopagitae
1281 5743 1335 5788 et
1378 5735 1498 5788 aliis
1526 5733 1865 5803 quibusdam.
1896 5734 2028 5789 Nam

435 5824 520 5901 qui
550 5821 618 5877 de
650 5824 749 5878 Vita
777 5834 925 5881 recte
952 5826 1155 5894 agenda
1183 5826 1459 5893 curabant,
1485 5826 1592 5882 cito
1622 5826 1845 5881 verbum
1876 5842 2027 5882 acce-

2121 3347 2350 3409 perunt;
2396 3338 2577 3393 caeteri
2618 3352 2747 3394 vero
2786 3353 2892 3393 non
2935 3338 3083 3395 item.
3126 3337 3345 3393 Videtur
3371 3352 3499 3409 ergo
3525 3338 3721 3393 Paulus

2121 3429 2256 3484 satis
2278 3428 2549 3494 habuisse,
2569 3428 2711 3499 quod
2737 3428 2859 3484 ﬁdei
2882 3429 3085 3485 semina
3104 3428 3326 3499 jecisset
3350 3446 3363 3483 :
3390 3431 3559 3501 major
3577 3432 3720 3486 enim

2124 3535 2247 3591 pars
2275 3520 2397 3575 vitzc
2428 3519 2570 3575 illius
2606 3520 2717 3591 jam
2749 3529 3014 3576 transacta
3040 3530 3175 3577 erat.
3221 3520 3352 3576 Nam
3385 3522 3484 3577 sub
3510 3522 3722 3579 Nerone

2123 3621 2526 3671 consummatus
2555 3622 2669 3678 est;
2701 3628 2733 3668 a
2757 3612 2980 3668 Claudio
3006 3622 3185 3669 autem
3213 3621 3339 3669 tunc
3366 3614 3567 3670 bellum
3591 3630 3721 3672 con-

2127 3714 2205 3760 tra
2236 3704 2450 3760 Judtcos
2480 3706 2683 3761 moveri
2715 3705 3040 3776 incipiebat,
3070 3707 3254 3775 procul
3282 3707 3498 3778 quidem
3520 3750 3536 3774 ,
3564 3719 3723 3781 atque

2126 3805 2184 3849 ut
2219 3795 2509 3852 verisimile
2548 3806 2631 3852 est
2655 3837 2671 3863 ,
2705 3804 2762 3852 ut
2804 3812 2926 3854 sese
2965 3798 3347 3868 emendarent;
3377 3816 3441 3856 ac
3466 3802 3636 3859 Roma
3667 3813 3724 3857 ut

2129 3888 2363 3958 pestiferi
2403 3889 2761 3959 pellebantur.

2204 3976 2398 4033 Paulus
2425 3996 2516 4034 cur
2541 3982 2738 4037 vinctus
2762 3980 2980 4037 Romam
3007 3984 3226 4038 ducitur.
3258 4014 3321 4023 —
3346 3984 3468 4039 ideo
3492 3999 3558 4040 ex
3600 3984 3716 4040 dis-

2127 4071 2441 4141 pensatione
2466 4073 2643 4127 divina
2668 4072 2745 4142 lit,
2770 4082 2826 4129 ut
2856 4074 3053 4130 Paulus
3084 4076 3287 4132 vinctus
3315 4076 3438 4131 illuc
3466 4075 3710 4141 ducatur,

2126 4170 2184 4215 ut
2216 4176 2283 4216 ne
2314 4163 2465 4231 quasi
2495 4161 2713 4219 Judaeus
2745 4165 2995 4236 pellatur,
3025 4166 3120 4223 sed
3148 4167 3296 4238 quasi
3333 4167 3430 4223 sub
3460 4167 3719 4223 militibus

2127 4266 2290 4319 agens
2314 4294 2329 4318 ,
2362 4253 2413 4307 in
2444 4254 2686 4310 custodia
2717 4256 2807 4310 sit.
2839 4254 2905 4309 Et
2933 4259 3150 4323 mansit,
3186 4258 3385 4329 inquit,
3414 4260 3553 4329 apud
3583 4258 3720 4315 illos.

2128 4342 2325 4414 Paptel
2357 4359 2519 4415 quam
2553 4346 2815 4417 justitiam
2848 4348 3071 4417 invenit,
3115 4359 3173 4404 ut
3198 4366 3320 4405 cum
3350 4349 3456 4406 illis
3487 4350 3720 4406 habitet!

2126 4437 2263 4505 Quia
2289 4438 2432 4494 enim
2467 4439 2553 4495 hic
2580 4442 2917 4511 potissimum
2945 4444 3227 4513 oportebat
3267 4444 3416 4500 illum
3448 4460 3556 4500 non
3583 4446 3721 4500 acci-

2128 4545 2257 4601 pere
2278 4572 2292 4596 ,
2322 4538 2380 4585 ut
2410 4531 2524 4601 ipse
2564 4532 2640 4586 ait
2679 4549 2693 4586 :
2740 4532 2809 4588 Ut
2853 4535 2907 4587 in
2930 4551 3029 4605 quo
3056 4535 3344 4605 gloriantur
3366 4578 3381 4602 ,
3412 4537 3721 4590 inveniantur

2127 4623 2255 4677 sicut
2274 4633 2318 4678 et
2340 4641 2431 4679 nos
2456 4623 2531 4697 (2.
2554 4625 2673 4680 Cor.
2701 4626 2785 4681 11.
2813 4626 2923 4698 12);
2949 4626 3257 4698 providetur
3280 4636 3338 4683 ut
3360 4629 3468 4684 illic
3491 4638 3714 4684 maneat.

2128 4716 2181 4770 4.
2212 4714 2281 4769 Et
2306 4717 2594 4786 disputabat
2620 4718 2673 4772 in
2702 4736 2962 4791 synagoga
3004 4738 3092 4790 per
3119 4737 3265 4775 omne
3288 4722 3570 4789 sabbatum,
3603 4740 3721 4777 sua-

2127 4809 2371 4879 debatque
2398 4810 2617 4877 Iudaeis,
2641 4822 2687 4866 et
2716 4811 2926 4867 Graecis.
2952 4814 3004 4867 5.
3032 4813 3158 4868 Cum
3192 4815 3440 4869 venissent
3468 4825 3635 4869 autem
3664 4814 3728 4867 de

2130 4902 2437 4959 Macedonia
2498 4906 2639 4962 Silas
2677 4916 2724 4961 et
2772 4906 3064 4962 Timotheus
3089 4949 3104 4973 ,
3151 4908 3505 4962 coarctabatur
3543 4908 3729 4977 spiritu

2130 4999 2329 5053 Paulus
2354 5041 2366 5061 ,
2414 5000 2689 5068 testiﬁcans
2729 4999 2927 5054 Judwis
2975 5000 3231 5055 Christum
3271 5000 3470 5055 Jesum.
3517 4999 3572 5054 ld
3604 5007 3685 5056 est
3708 5040 3725 5066 ,

2129 5091 2340 5147 molesti
2371 5101 2524 5147 erant
2564 5092 2674 5158 illi,
2709 5091 3056 5163 insurgebant
3091 5093 3143 5147 in
3186 5108 3311 5147 eum
3345 5110 3359 5147 :
3391 5093 3469 5147 sic
3498 5091 3575 5146 illi
3601 5107 3729 5162 age-

2130 5186 2279 5241 bant.
2313 5185 2454 5254 Quid
2494 5201 2623 5242 vero
2649 5186 2887 5241 Paulus?
2925 5186 3201 5255 Relinquit
3227 5200 3321 5242 eos
3346 5226 3362 5251 ,
3393 5185 3728 5255 multumque

2133 5286 2319 5333 terret.
2344 5277 2458 5333 Non
2482 5277 2618 5332 ultra
2640 5278 3003 5333 necessarium
3028 5286 3165 5344 erat,
3192 5276 3387 5348 inquit,
3410 5277 3561 5331 vobis
3582 5276 3725 5347 loqui

2131 5370 2389 5436 verbum;
2438 5370 2533 5426 sed
2560 5370 2841 5426 obscurius
2886 5371 3141 5441 loquitur.
3171 5372 3226 5426 6.
3261 5371 3729 5426 Contradicentibus

2130 5473 2300 5517 autent
2328 5465 2399 5519 eis
2426 5473 2471 5518 et
2496 5463 2981 5535 blasphemantibus,
3011 5463 3270 5519 excutiens
3294 5464 3586 5521 vestimenta
3610 5479 3729 5530 sua,

2132 5556 2259 5609 dixit
2287 5556 2358 5610 eis
2385 5571 2404 5610 :
2430 5555 2657 5627 Sanguis
2685 5563 2843 5611 vester
2866 5572 3021 5626 super
3048 5564 3201 5626 caput
3224 5566 3440 5611 vestrum
3469 5573 3488 5611 :
3510 5556 3731 5611 mundus

2132 5663 2243 5717 ego,
2274 5662 2337 5700 ea:
2363 5647 2457 5701 hoc
2481 5648 2550 5700 ad
2569 5655 2738 5718 gentes
2767 5648 2969 5702 vadum.
2994 5648 3046 5703 7.
3072 5646 3140 5701 Et
3163 5648 3387 5718 migrans
3408 5646 3544 5711 inde,
3568 5646 3729 5701 intra-

2134 5739 2199 5791 rit
2228 5738 2281 5791 in
2312 5737 2518 5792 domum
2548 5738 2842 5809 cujusdam,
2873 5739 3077 5793 nomine
3103 5738 3264 5804 Justi,
3297 5739 3507 5793 colentis
3540 5737 3725 5803 Deum,

2134 5830 2282 5900 cujus
2306 5830 2486 5886 domus
2511 5840 2619 5885 erat
2644 5832 2913 5902 conjuncta
2937 5847 3228 5902 sgnagogw.
3255 5832 3307 5888 8.
3332 5829 3539 5901 Crispus
3559 5838 3728 5883 autent
