4112 6476
430 413 538 467 277

427 529 868 601 urchisynagogns
880 523 1091 581 credidit
1120 522 1335 578 Domino
1363 539 1479 576 cum
1505 531 1609 577 tota
1638 520 1789 577 domo
1815 539 1908 576 sua
1923 539 1945 589 ;
1978 532 2026 576 et

426 622 576 677 multi
617 616 870 675 Corinthii
904 615 1164 671 audientes
1187 655 1203 681 ,
1232 612 1501 668 credebant
1528 621 1575 667 et
1617 612 2024 683 baptizabantur.

431 710 866 781 Videquomodu
896 709 1111 772 iterum,
1136 722 1258 761 cum
1285 706 1529 772 dixisset,
1555 706 1629 759 Ab
1654 706 1750 759 hoc
1779 715 2022 777 tempore,

429 822 536 861 non
566 803 686 858 illus
718 813 893 856 tamen
922 799 1139 870 negligit
1167 817 1180 852 :
1215 798 1392 868 itaque
1422 798 1521 853 hoc
1548 797 1786 862 dixerat,
1817 807 1876 852 ut
1904 797 2027 852 illos

429 897 707 954 excitaret.
737 893 801 947 Et
846 900 1027 962 postea
1056 892 1207 946 venit
1251 889 1319 944 ad
1361 888 1569 944 Justum
1594 929 1612 954 ,
1655 888 1808 959 cujus
1835 888 2025 944 domus

428 996 546 1042 erat
574 985 857 1054 conjuntta
889 997 1195 1054 synagogas.
1234 981 1452 1036 Vicinus
1478 988 1614 1046 erat,
1648 988 1703 1034 ut
1734 996 1801 1034 ex
1830 979 2024 1035 vicinia

429 1082 604 1138 zelum
649 1079 912 1136 haberent
936 1119 952 1146 ,
979 1082 1026 1133 si
1056 1078 1277 1133 vellent.
1317 1073 1530 1146 Crispus
1572 1085 1780 1139 autem,
1812 1074 2019 1145 inquit,

427 1174 860 1245 archisynagogus
889 1170 1106 1225 credidit
1133 1167 1352 1223 Domino
1379 1184 1489 1222 cum
1517 1176 1621 1222 tota
1646 1168 1795 1221 domo
1818 1183 1929 1221 sua.
1956 1166 2023 1220 Et

431 1267 535 1321 hoc
578 1266 761 1335 utique
804 1264 934 1318 satis
975 1272 1093 1318 crat
1136 1261 1201 1316 ad
1247 1260 1368 1315 illos
1403 1258 1768 1315 adducendos.
1798 1258 1849 1314 9.
1881 1258 2024 1312 Dixit

428 1376 478 1413 at
499 1366 597 1413 tem
628 1357 878 1411 Dominus
915 1371 1004 1424 per
1033 1355 1272 1408 visionem
1306 1353 1359 1406 in
1388 1362 1532 1407 nocte
1558 1349 1728 1406 Paulo
1752 1366 1771 1404 :
1800 1347 1924 1404 Noli
1953 1350 2021 1403 ti-

427 1468 583 1515 mere,
605 1451 694 1505 sed
717 1450 922 1519 loquere
947 1459 993 1503 et
1021 1463 1084 1502 ne
1108 1457 1293 1511 taceas,
1326 1446 1409 1501 10.
1442 1445 1561 1515 quia
1583 1461 1674 1516 ego
1697 1453 1859 1500 tecum
1885 1460 2020 1509 sum,

424 1553 476 1599 et
501 1558 647 1596 nemo
672 1542 895 1611 insurget
933 1539 985 1594 in
1026 1549 1075 1594 te
1103 1548 1154 1592 ut
1183 1547 1359 1592 noceat
1399 1538 1527 1603 tibi,
1556 1537 1675 1606 quia
1705 1538 1925 1606 populus
1951 1544 2022 1589 est

429 1636 554 1691 mihi
594 1634 781 1689 multus
810 1634 864 1687 in
905 1633 1002 1686 hac
1041 1632 1260 1686 ciuitate.
1291 1630 1427 1685 Vide
1459 1637 1591 1701 quot
1619 1628 1917 1685 rationibus
1947 1627 2021 1682 illi

427 1727 653 1795 suadet,
682 1735 738 1783 et
764 1725 1033 1798 quomodo
1059 1765 1079 1790 ,
1106 1723 1250 1795 quod
1292 1724 1443 1778 illum
1483 1721 1714 1777 maxime
1742 1720 2020 1792 erigebat,

428 1821 532 1877 hoc
555 1822 739 1875 ultimo
764 1818 894 1873 dicit
923 1836 935 1871 :
968 1818 1102 1885 Quia
1133 1814 1353 1885 populus
1379 1825 1451 1869 est
1478 1813 1602 1867 mihi
1629 1811 1818 1865 multus
1847 1813 1900 1865 in
1928 1811 2022 1864 hac

424 1913 645 1968 civitate.
674 1909 957 1978 Quomodo
976 1924 1105 1980 ergo
1135 1909 1545 1964 insurrexerunt
1574 1908 1627 1961 in
1650 1920 1793 1971 eum,
1825 1903 2023 1959 dixerit

424 2004 727 2077 quispiam?
754 2005 823 2059 At
849 2018 955 2057 non
984 2002 1398 2072 praevaluerunt,
1428 1998 1523 2055 sed
1549 1998 1615 2052 ad
1640 1997 2019 2069 proconsulem

425 2107 632 2155 tantum
659 2096 948 2152 duxerunt.
979 2096 1063 2151 11.
1097 2094 1245 2151 Sedit
1273 2103 1441 2148 autem
1478 2092 1547 2146 ibi
1573 2109 1765 2147 annum
1789 2108 1948 2146 unum
1975 2099 2021 2144 ct

420 2207 512 2246 sea:
535 2206 729 2245 menses
747 2231 762 2258 ,
790 2191 974 2244 docens
1002 2188 1143 2259 apud
1170 2203 1254 2243 eos
1283 2185 1488 2240 verbum
1517 2183 1637 2239 Dei.
1668 2183 1755 2238 12.
1787 2183 2022 2238 Gallione

420 2293 592 2337 autent
637 2280 939 2353 proconsule
980 2279 1188 2334 Achaia:
1212 2319 1227 2345 ,
1275 2279 1662 2333 insurrexerunt
1705 2292 1809 2330 uno
1851 2276 2022 2329 animo

422 2373 599 2428 Judtei
628 2374 681 2427 in
716 2372 958 2435 Paulum,
988 2381 1036 2425 et
1060 2370 1382 2426 adduxerunt
1408 2386 1524 2424 eum
1548 2369 1617 2422 ad
1645 2367 1901 2435 tribunal,
1931 2369 2017 2423 15.

420 2467 644 2522 dicentes
673 2481 691 2521 :
719 2465 851 2533 Quia
894 2474 1072 2519 contra
1114 2464 1273 2535 legem
1310 2462 1392 2516 hic
1429 2460 1700 2532 persuadet
1734 2458 2021 2516 hominibus

418 2559 587 2614 colere
612 2557 799 2613 Deum.
829 2556 1011 2612 Viden’
1032 2570 1136 2627 qua
1162 2554 1231 2611 de
1261 2568 1422 2609 causa
1446 2553 1522 2607 illi
1548 2568 1762 2620 semper
1785 2551 2022 2621 publicas

419 2652 791 2708 accusationes
822 2649 1114 2706 texebant?
1148 2647 1281 2702 Vide
1311 2646 1422 2717 jam
1446 2686 1460 2711 ,
1497 2644 1769 2716 quomodo
1796 2643 2020 2699 dicenti-

418 2745 524 2800 bus
552 2743 657 2798 illis
679 2783 697 2811 ,
730 2742 905 2813 ipsum
930 2749 1116 2797 contra
1146 2739 1322 2811 legem
1352 2736 1679 2809 persuadere
1710 2735 2019 2791 hominibus

418 2839 602 2894 colere
630 2838 792 2892 Deum
816 2879 832 2901 ,
859 2834 993 2890 nihil
1023 2834 1214 2889 horum
1243 2846 1435 2888 curare
1464 2830 1840 2901 proconsulem
1868 2871 1883 2896 ,
1910 2828 2019 2884 imo

421 2932 600 3002 potius
624 2930 848 2987 Paulum
875 2928 1189 2985 defendere.
1226 2927 1294 2982 Et
1320 2925 1469 2993 audi,
1495 2923 1767 2996 quomodo
1797 2939 2020 2995 respon-

419 3023 589 3078 deat:
623 3022 687 3078 Si
714 3022 917 3091 quidem
954 3029 1084 3076 esset
1121 3018 1190 3073 ad
1229 3019 1478 3073 ciuitatem
1519 3026 1755 3087 spectans
1794 3016 2020 3083 iniquum

421 3113 617 3183 aliquid
640 3122 728 3166 aut
758 3113 956 3184 facinus
987 3112 1277 3182 pessimum,
1308 3126 1338 3165 ο
1362 3109 1565 3175 Judtci,
1596 3119 1729 3164 recte
1757 3125 1843 3163 vos
1868 3108 2022 3163 susti-

422 3220 615 3261 nerem.
656 3203 946 3276 Equitatis
975 3218 1164 3258 amans
1203 3202 1334 3259 mihi
1365 3203 1447 3257 vir
1471 3203 1559 3258 ille
1587 3202 1828 3268 videtur,
1860 3202 2021 3272 idque

425 3296 766 3352 manifestum
796 3306 881 3351 est
909 3311 976 3351 ex
1008 3295 1095 3363 iis,
1123 3310 1243 3366 quae
1273 3294 1566 3367 prudenter
1590 3293 1900 3364 respondet.
1926 3294 2017 3349 14.

425 3390 550 3445 Cum
595 3389 795 3444 Paulus
819 3430 834 3453 ,
866 3389 1076 3460 inquit,
1106 3406 1161 3444 os
1200 3406 1348 3444 suum
1390 3400 1662 3460 operturus
1696 3396 1863 3455 esset,
1892 3387 2022 3442 dixit

427 3481 595 3537 Gallio
634 3481 836 3537 Judtris
859 3481 964 3538 :Si
1002 3481 1204 3552 quidem
1244 3492 1371 3537 esset
1409 3482 1653 3552 iniustum
1695 3480 1890 3551 aliquid
1932 3488 2022 3534 aut

426 3574 623 3645 facinus
649 3574 923 3645 pessimum
947 3614 962 3639 ,
991 3589 1021 3627 o
1044 3571 1219 3627 Judtci
1240 3614 1258 3640 ,
1283 3580 1415 3627 recte
1444 3587 1529 3626 vos
1558 3574 1855 3627 sustinerem
1884 3587 1902 3626 :
1932 3573 2019 3627 i5.

424 3668 470 3722 si
498 3682 613 3721 vero
640 3667 851 3736 quastio
880 3675 954 3721 est
982 3666 1045 3719 de
1072 3666 1219 3721 verbo
1248 3674 1294 3719 et
1323 3664 1608 3719 nominibus
1637 3674 1685 3719 et
1713 3666 1778 3719 de
1801 3666 1909 3736 lege
1937 3682 2020 3719 ue-

425 3766 552 3823 stra,
580 3773 665 3812 vos
690 3758 791 3828 ipsi
820 3756 1043 3811 videritis
1067 3772 1086 3811 :
1101 3755 1271 3826 judea:
1299 3771 1389 3827 ego
1415 3757 1598 3810 horum
1626 3755 1746 3811 nolo
1772 3772 1898 3812 esse.
1929 3756 2018 3813 16.

426 3845 500 3902 Et
532 3849 696 3922 abegit
740 3864 825 3904 eos
866 3865 900 3904 a
941 3849 1201 3904 tribunali.
1245 3849 1333 3904 17.
1371 3849 1818 3919 Apprehendentes
1855 3858 2023 3904 autent

427 3958 599 3999 omnes
626 3943 791 4000 Graeci
822 3943 1122 4000 Sosthenem
1143 3942 1424 4015 principem
1452 3959 1747 4015 synagogas,
1776 3944 2024 4013 percutie-

428 4038 549 4093 bant
581 4054 696 4091 eum
723 4045 839 4092 ante
867 4036 1090 4090 tribunal
1114 4053 1134 4090 :
1157 4046 1204 4090 et
1241 4036 1371 4091 nihil
1407 4053 1579 4091 eorum
1625 4035 1852 4092 Gallioni
1889 4053 2026 4093 cura:

427 4140 558 4187 erat.
583 4130 717 4187 [line
744 4146 958 4187 rursum
984 4130 1080 4186 viri
1103 4130 1327 4200 aequitas
1351 4138 1699 4186 monstratur.
1725 4130 1857 4187 Cum
1879 4132 2023 4188 enim

428 4224 521 4280 ille
537 4225 930 4291 verberaremr,
953 4238 1058 4277 non
1084 4223 1292 4292 putavit
1314 4222 1366 4277 id
1392 4223 1491 4294 ipsi
1513 4223 1856 4281 contumelia:
1871 4239 2021 4280 esse:

428 4319 567 4374 adeo
596 4317 894 4389 petulantes
924 4315 1096 4372 Judaei
1129 4324 1304 4373 erant.

500 4410 557 4465 2.
597 4409 700 4465 Sed
737 4408 1012 4478 Superiora
1056 4417 1382 4477 repetamus.
1422 4408 1699 4464 Audientes
1721 4418 1890 4464 autem
1937 4426 2025 4466 re-

428 4501 791 4558 surrectionem
837 4509 1151 4554 mortuorum
1174 4538 1189 4564 ,
1238 4499 1330 4553 alii
1352 4499 1558 4572 quidem
1582 4500 1863 4556 irridebant
1886 4542 1902 4569 ,
1934 4502 2027 4556 alii

429 4612 548 4651 uero
574 4593 812 4648 dinerunt
852 4608 872 4646 :
911 4592 1188 4647 Audiemus
1235 4600 1283 4646 te
1320 4593 1520 4646 iterum.
1551 4592 1760 4660 Quanta
1790 4601 1845 4648 et
1864 4609 2023 4663 quam

432 4689 679 4746 sublimia
706 4687 1010 4753 audientes,
1042 4702 1112 4743 ne
1138 4686 1487 4743 attendebant
1510 4686 1748 4757 quidem,
1767 4689 1861 4743 sed
1887 4688 2026 4743 ride-

437 4780 585 4835 bant.
604 4778 1077 4835 Heaut-rectionem
1105 4778 1405 4834 irridebant
1431 4797 1444 4835 ε
1466 4793 1588 4833 nam
1610 4778 1861 4834 Animalis
1875 4782 2026 4835 homo

439 4886 538 4924 non
566 4870 775 4942 percipit
802 4885 883 4935 ea,
914 4884 1030 4939 qua:
1055 4879 1173 4924 sunt
1192 4869 1421 4940 Spiritus
1450 4869 1470 4940 (
1497 4872 1551 4926 1.
1578 4871 1697 4926 Cor.
1729 4871 1787 4926 2.
1812 4872 1928 4944 id).
1957 4872 2026 4928 Et

441 4961 533 5023 sic,
561 4962 748 5032 inquit,
768 4960 891 5016 exiit
916 4959 1118 5015 Paulus
1139 4960 1203 5015 de
1223 4961 1387 5020 medio
1407 4978 1601 5016 eorum.
1636 4962 1725 5018 Sic
1756 4979 1775 5019 :
1803 4980 2030 5035 quomo-

440 5051 511 5106 do
534 5049 557 5104 Τ
581 5050 709 5108 Cum
733 5051 854 5107 aliis
881 5053 1258 5121 persuasisset,
1290 5053 1359 5109 ab
1383 5053 1502 5110 aliis
1524 5070 1655 5111 vero
1677 5055 1867 5111 irrisus
1896 5056 2028 5113 fuis-

434 5155 538 5203 set.
572 5146 825 5203 Secedens
853 5155 1023 5202 autem
1049 5146 1294 5216 Athenis,
1327 5149 1522 5219 inquit,
1549 5150 1683 5205 venit
1703 5150 2025 5207 Corinthum.

432 5238 503 5297 Et
521 5240 720 5295 invento
745 5240 968 5312 quodam
994 5238 1203 5307 Judazo,
1231 5240 1314 5295 cui
1333 5257 1515 5296 nomen
1538 5242 1743 5312 Aquila,
1771 5246 1858 5314 qui
1885 5244 2032 5300 Pon-

434 5332 563 5387 ticus
591 5342 697 5387 erat
719 5348 900 5403 genere
916 5342 966 5387 et
987 5348 1150 5402 nuper
1175 5342 1374 5387 venerat
1390 5349 1457 5389 ex
1475 5332 1654 5401 Italia,
1676 5338 1863 5391 mansit
1886 5338 2027 5408 apud

434 5421 550 5476 illos
575 5432 623 5476 et
648 5423 977 5492 aperabatur.
1010 5422 1163 5488 Vide,
1194 5424 1467 5493 quomodo
1488 5424 1574 5481 lex
1594 5424 1707 5495 jam
1729 5426 1867 5482 solvi
1897 5428 2033 5483 inci-

437 5517 566 5587 piat.
599 5515 700 5572 Hic
726 5517 870 5575 enim
898 5530 958 5571 se
986 5525 1199 5587 postea,
1222 5515 1445 5573 Judmus
1462 5532 1584 5575 cum
1606 5528 1774 5588 esset,
1799 5520 2032 5577 totondit

437 5609 492 5665 in
517 5609 814 5667 Cenchreis
834 5652 849 5678 ,
876 5617 932 5665 et
960 5610 1014 5665 in
1038 5607 1249 5682 Syriam
1277 5608 1637 5682 proﬁciscitur
1671 5627 1793 5667 cum
1839 5612 2027 5668 Paulo.

435 5702 696 5761 Ponticus
721 5718 845 5759 cum
875 5712 1044 5773 esset,
1075 5718 1176 5759 nec
1193 5702 1591 5777 Jerosolymam
1618 5720 1794 5775 neque
1816 5705 1870 5760 in
1895 5706 2030 5761 vici-

438 5808 507 5850 na
545 5794 664 5852 loca
699 5793 889 5850 venire
936 5793 1268 5862 festinabat,
1309 5794 1406 5851 sed
1447 5795 1633 5867 procul
1676 5804 1814 5853 erat.
1871 5798 2029 5868 Apud

436 5883 592 5944 illum
624 5898 757 5959 ergo
806 5893 1014 5948 manu.
1050 5901 1149 5944 nec
1180 5894 1399 5945 manere
1423 5889 1734 5957 erubescit;
1764 5888 1873 5946 imo
1901 5888 2024 5948 ideo

1377 408 1444 463 IN
1481 408 1661 463 ACTA
1694 406 2213 467 APOSTOLORUM.
2256 412 2483 470 llOMlL.
2527 419 2766 476 XXXIX.

3625 439 3729 497 278

2134 534 2339 593 manet,
2371 530 2522 599 quasi
2557 531 2809 590 idoneum
2842 547 3030 595 nactus
3055 539 3436 614 diversorium,
3467 556 3524 605 et
3541 558 3730 617 quavis

2132 617 2281 708 regia
2294 619 2396 674 sibi
2416 624 2774 680 commodius.
2796 626 2909 685 Nec
2927 631 3107 688 rideas
3125 633 3240 693 haec
3251 636 3496 708 audiens,
3510 640 3727 699 dilecte.

2133 707 2203 764 Ut
2249 711 2393 765 enim
2442 713 2690 783 palaestra
2734 719 2949 777 athleta:
3003 725 3176 794 magis
3224 707 3503 800 competit,
3561 748 3724 803 quam

2131 809 2299 858 strata
2343 806 2568 866 mollia:
2609 808 2688 865 sic
2737 811 2985 868 bellatori
3032 816 3238 886 gladius
3270 819 3509 888 ferreus,
3554 826 3727 895 magis

2133 908 2293 963 quam
2323 911 2540 953 aureus.
2571 899 2638 954 Et
2658 906 2962 972 operabatur
2984 908 3303 977 prmdicans.
3329 911 3727 973 Erubescamus

2132 1000 2271 1054 nos,
2326 990 2417 1059 qui
2476 993 2635 1047 etiam
2681 996 2800 1052 sine
2850 999 3230 1068 praedicatione
3256 1002 3483 1061 vivimus
3527 1008 3723 1066 otio:e.

2132 1077 2440 1151 Disputabat
2465 1097 2657 1153 autem,
2694 1088 2885 1160 inquit,
2910 1093 2962 1146 in
2984 1111 3246 1167 synagoga
3265 1114 3356 1168 per
3375 1114 3525 1154 omne
3541 1092 3726 1155 sabba-

2133 1179 2270 1239 tum,
2312 1176 2653 1248 suadebatque
2695 1180 2896 1238 Judteis
2931 1194 2978 1239 et
3005 1185 3223 1242 (ἐι-φάε.
3249 1188 3732 1247 Contradicentibns

2130 1272 2297 1315 autem
2341 1265 2414 1318 eis
2452 1281 2500 1321 et
2542 1268 3042 1343 blasphemantibus,
3087 1276 3357 1334 discessit.
3405 1280 3519 1337 Hoc
3566 1284 3728 1339 modo

2133 1368 2363 1424 sperans
2385 1358 2504 1414 illos
2525 1362 2765 1432 allicere,
2789 1365 3057 1423 discessit.
3082 1367 3189 1425 Cur
3210 1371 3298 1427 illa
3326 1374 3511 1429 relicta
3537 1375 3719 1440 domo,

2131 1458 2301 1515 prope
2336 1463 2663 1523 synagogam
2712 1455 3047 1513 habitaturus
3091 1462 3276 1516 venit?
3317 1479 3495 1519 annon
3528 1466 3619 1522 illa
3658 1468 3729 1524 de

2130 1552 2289 1629 causa
2308 1541 2333 1593 Ἰ
2359 1558 2533 1613 neque
2561 1545 2704 1602 enim
2736 1548 2808 1603 ibi
2836 1564 2920 1620 pet
2936 1552 3136 1607 iculum
3160 1554 3391 1610 videbat.
3423 1556 3727 1629 Testiﬁcans

2129 1627 2253 1684 illis.
2288 1630 2404 1687 Non
2423 1633 2534 1702 jam
2557 1635 2736 1705 ducet,
2768 1640 2864 1719 sed
2893 1644 3229 1699 testiﬁcatur.
3248 1627 3726 1705 Contradicentibus

2131 1732 2301 1777 autem
2320 1724 2426 1778 illis
2446 1767 2460 1792 ,
2486 1726 2694 1797 inquit,
2726 1739 2772 1784 et
2799 1731 3284 1803 blasphemantibus,
3317 1740 3542 1795 excussis
3570 1742 3727 1795 resti-

2128 1811 2221 1866 bus
2271 1815 2402 1869 dixit
2426 1831 2445 1869 :
2494 1817 2721 1890 Sanguis
2759 1833 2918 1878 uester
2957 1842 3111 1896 super
3153 1839 3305 1899 caput
3335 1840 3573 1887 vestrum.
3615 1832 3727 1888 Iloc

2129 1904 2274 1974 facit,
2310 1917 2366 1962 ut
2396 1923 2503 1963 non
2533 1915 2701 1967 verbo
2730 1923 2958 1984 tantum,
2988 1918 3083 1973 sed
3114 1921 3275 1975 etiam
3304 1937 3471 1991 Opere
3504 1934 3723 1981 terreat:

2129 2005 2185 2052 et
2224 1998 2599 2057 vehementius
2637 2003 2908 2075 disputat,
2954 2016 3140 2079 utpute
3177 2012 3267 2081 qui
3297 2014 3480 2068 multis
3505 2031 3731 2085 persua-

2129 2089 2310 2146 sisset.
2355 2091 2584 2151 Mundus
2607 2136 2622 2159 ,
2671 2097 2881 2167 inquit,
2924 2116 3041 2155 sum
3082 2119 3175 2173 ego
3202 2118 3222 2156 :
3251 2107 3314 2158 ab
3341 2106 3436 2158 hoc
3464 2107 3534 2160 ad
3558 2117 3730 2178 gentes

2128 2184 2330 2239 rodant.
2388 2186 2454 2241 Et
2501 2203 2599 2243 nos
2650 2190 2810 2261 igitur
2860 2194 2936 2249 tei
2964 2209 3149 2250 sumus
3193 2199 3468 2268 sanguinis
3514 2215 3725 2265 corinn,

2128 2276 2215 2345 qui
2246 2276 2402 2334 nobis
2424 2282 2719 2337 conerediti
2765 2295 2890 2339 sunt
2919 2327 2934 2351 ,
2966 2301 3088 2342 cum
3120 2289 3439 2360 negligimus
3469 2306 3583 2346 eos.
3616 2290 3726 2346 Ita-

2126 2382 2231 2437 que
2283 2384 2405 2425 cum
2449 2372 2617 2441 dicit,
2668 2373 2744 2429 De
2784 2387 2966 2432 ca’tero
3006 2396 3153 2434 nemo
3202 2382 3328 2436 mihi
3375 2383 3615 2437 molestus
3666 2384 3730 2438 sit

2128 2459 2149 2532 (
2178 2460 2295 2517 Cat.
2327 2462 2380 2519 6.
2415 2465 2521 2537 17)
2549 2509 2564 2532 ,
2609 2476 2667 2522 ιιι
2714 2477 2984 2527 exterreat
3014 2471 3290 2543 l0quitur:
3325 2488 3434 2529 non
3464 2475 3605 2529 enim
3636 2491 3721 2544 pec

2126 2553 2280 2610 rinde
2299 2555 2535 2612 terrebat
2559 2557 2679 2613 illos
2701 2561 3048 2630 supplicium,
3080 2573 3137 2616 nt
3171 2564 3301 2619 illud
3329 2564 3630 2622 mordebat.
3657 2564 3727 2619 Et

2125 2646 2353 2716 migrans
2388 2647 2508 2700 inde
2531 2686 2547 2714 ,
2578 2649 2711 2703 venit
2750 2650 2805 2704 in
2834 2651 3042 2706 domum
3070 2653 3229 2707 Iusti.
3254 2649 3507 2720 Transit,
3540 2654 3730 2709 volens

2127 2738 2233 2792 illis
2263 2737 2611 2807 persuadere,
2641 2740 2785 2811 quod
2815 2742 2882 2797 ad
2910 2751 3100 2813 gentes
3128 2744 3364 2800 festinet.
3394 2744 3605 2815 Crispus
3631 2763 3727 2801 au-

2128 2837 2227 2883 tem
2255 2829 2714 2901 archisynagogus,
2744 2832 2949 2903 inquit,
2980 2835 3196 2889 credidit
3223 2835 3445 2891 Domino
3473 2853 3587 2892 cum
3622 2847 3730 2892 tota

2127 2919 2278 2974 domo
2324 2938 2439 2976 sua.
2489 2921 2625 2977 Vide
2669 2931 2795 2980 tunc
2825 2924 3013 2981 ﬁdeles
3039 2942 3161 2982 cum
3191 2935 3297 2982 tota
3324 2926 3484 2983 domo
3513 2927 3618 2984 hoc
3647 2928 3727 2984 fe-

2125 3013 2287 3069 cisse.
2328 3015 2459 3072 Pust
2500 3015 2616 3073 haec
2653 3028 2835 3073 autem
2876 3019 2970 3074 alii
3007 3034 3224 3091 quoque
3263 3020 3419 3077 multi
3443 3021 3729 3077 credentes

2126 3106 2379 3177 baptizati
2408 3117 2556 3164 sunt.
2588 3110 2743 3165 llunc
2773 3110 3023 3182 Crispum
3048 3112 3181 3167 dicit
3204 3112 3686 3185 archisyuagogum
3708 3157 3723 3179 ,

2126 3197 2196 3254 de
2226 3214 2333 3269 quo
2360 3200 2436 3255 ait
2462 3218 2476 3256 :
2511 3200 2728 3256 Nullum
2753 3200 2913 3257 alium
2943 3204 3193 3274 baptizari
3217 3246 3235 3273 ,
3272 3206 3370 3260 nisi
3409 3204 3646 3277 Crispum
3683 3216 3730 3260 et

2129 3287 2317 3343 Gaium
2347 3291 2365 3361 (
2391 3292 2443 3345 1.
2475 3290 2597 3346 Cor.
2622 3295 2678 3348 1.
2714 3293 2781 3348 Η
2807 3292 2855 3365 ).
2881 3294 3019 3350 Ρυιο
3044 3305 3225 3350 autem
3253 3295 3397 3350 hunc
3425 3304 3481 3351 et
3503 3295 3727 3352 Sosthe-

2129 3396 2250 3435 nem
2278 3381 2383 3436 dici
2409 3423 2425 3450 ,
2458 3383 2546 3452 qui
2572 3384 2655 3437 vir
2685 3384 2823 3439 adeo
2843 3385 3019 3440 ﬁdelis
3041 3385 3159 3454 fuit,
3186 3395 3243 3441 ut
3262 3402 3552 3457 percussus
3571 3387 3731 3443 fuerit

2129 3484 2183 3529 et
2212 3488 2426 3545 semper
2453 3474 2621 3529 Paulo
2649 3475 2906 3534 adiuerit.
2934 3477 3077 3533 Dixit
3106 3489 3296 3545 autem,
3331 3480 3522 3552 inquit,
3549 3480 3733 3536 Domi-

2128 3582 2224 3621 nus
2253 3584 2344 3636 per
2368 3567 2612 3621 visionem
2639 3567 2693 3621 in
2718 3578 2863 3622 nocte
2896 3568 3064 3624 Paulo
3085 3586 3104 3624 :
3131 3570 3259 3625 Noli
3284 3572 3461 3626 timere
3480 3611 3496 3637 ,
3527 3574 3619 3627 sed
3652 3573 3732 3627 lo-

2128 3676 2299 3730 quere.
2344 3659 2472 3715 ideo
2512 3659 2685 3715 multo
2723 3660 2794 3716 ibi
2840 3671 3085 3731 tempore
3124 3674 3344 3718 manet:
3390 3664 3442 3718 id
3471 3664 3615 3723 enim
3651 3665 3729 3720 illi

2130 3756 2298 3810 suasit
2328 3752 2639 3822 multitudo,
2667 3753 2765 3810 sed
2807 3754 3146 3810 familiaritas
3168 3755 3370 3812 Christi
3395 3758 3585 3828 magis.
3617 3756 3730 3812 Ma-

2125 3848 2216 3918 jns
2249 3849 2394 3903 enim
2419 3856 2547 3902 tunc
2569 3854 2688 3901 erat
2715 3847 3009 3916 periculum
3032 3887 3049 3913 ,
3087 3848 3273 3903 multis
3299 3848 3647 3905 credentibus
3674 3862 3731 3907 et

2131 3944 2251 4013 ipso
2272 3941 2717 4013 archisynagogo.
2746 3940 2874 3997 Noli
2895 3942 3092 4011 timere,
3117 3942 3306 4013 inquit.
3329 3942 3443 3999 Hoc
3462 3944 3593 3999 satis
3613 3954 3733 4000 erat

2128 4036 2197 4091 ad
2232 4036 2381 4091 illum
2410 4035 2754 4091 excitandum
2787 4074 2802 4100 ,
2826 4034 2951 4104 quia
2982 4036 3173 4090 timere
3197 4034 3570 4106 deprehensus
3592 4036 3726 4104 fuit;

2130 4129 2233 4184 nisi
2282 4128 2426 4183 forte
2464 4144 2573 4183 non
2624 4129 2819 4182 timere
2866 4128 2936 4182 sit
2957 4126 3329 4196 deprehensus
3353 4168 3369 4196 ,
3396 4128 3492 4184 sed
3514 4127 3731 4184 contor-

2133 4231 2274 4278 tetur
2317 4228 2376 4275 ut
2412 4219 2544 4275 nihil
2596 4220 2704 4275 tale
2734 4220 2987 4290 patiatur.
3023 4219 3143 4274 Non
3182 4220 3329 4275 enim
3359 4233 3576 4291 semper
3607 4222 3730 4277 illos

2131 4314 2272 4370 male
2314 4315 2423 4385 pati
2467 4313 2721 4379 sinebat,
2759 4326 2830 4368 ne
2878 4312 3205 4367 inﬁrmiores
3245 4312 3558 4369 evaderent.
3584 4313 3727 4369 Nihil

2130 4412 2273 4466 enim
2311 4409 2382 4463 ita
2429 4407 2653 4462 Paulum
2684 4420 2918 4462 moerere
2956 4405 3260 4472 afﬁciebat,
3305 4406 3644 4462 utincreduli
3674 4418 3732 4463 et

2131 4501 2608 4558 contradicentes:
2657 4499 2761 4555 hoc
2802 4499 2933 4569 ipsis
2974 4498 3230 4568 periculis
3261 4498 3543 4552 molestius
3587 4509 3728 4553 erat.

2134 4595 2200 4649 Et
2237 4611 2301 4649 ne
2339 4603 2535 4658 taceas,
2570 4592 2780 4662 inquit,
2824 4592 2944 4662 quia
2973 4591 3165 4645 utullus
3185 4590 3310 4644 mihi
3339 4592 3559 4661 populus
3581 4600 3652 4645 est
3677 4594 3731 4646 in

2133 4686 2228 4739 hac
2254 4685 2473 4739 ciuitate.
2508 4682 2631 4737 Ideo
2674 4681 2902 4736 fortasse
2948 4682 3022 4735 illi
3051 4681 3299 4735 Christus
3324 4691 3565 4751 apparet.
3600 4682 3731 4737 Gal.

2133 4781 2268 4835 lione
2286 4788 2455 4832 autem
2475 4819 2491 4844 ,
2524 4776 2730 4847 inquit,
2762 4774 3064 4846 proconsule
3088 4774 3319 4842 Achaiae,
3345 4775 3731 4830 insurrexerunt

2133 4890 2238 4928 uno
2265 4873 2437 4927 animo
2458 4871 2636 4925 Judwi
2656 4871 2709 4924 in
2738 4868 2985 4924 Paulum.
3013 4868 3168 4936 Vide,
3192 4877 3315 4938 post
3336 4884 3535 4925 annum
3557 4878 3610 4927 et
3638 4886 3731 4926 sex

2133 4981 2353 5025 menses
2389 4967 2674 5036 insurgunt
2702 4964 2754 5018 in
2789 4979 2935 5029 eum,
2967 4962 3181 5033 quando
3208 4966 3316 5032 jam
3348 4978 3455 5019 non
3486 4972 3732 5034 poterant

2134 5060 2247 5117 suis
2273 5058 2348 5114 uti
2380 5056 2606 5127 legibus.
2652 5054 2764 5110 lloc
2789 5054 3021 5109 maxime
3048 5050 3360 5109 Corinthios
3395 5054 3728 5119 extoliebat,

2135 5152 2279 5224 quod
2306 5150 2549 5223 persuasi
2575 5156 2759 5206 essent
2780 5148 3076 5219 principem
3099 5160 3205 5203 non
3229 5162 3351 5203 sese
3370 5147 3729 5203 demissurum

2136 5261 2277 5303 esse.
2306 5244 2423 5300 Non
2451 5245 2594 5299 enim
2621 5242 2762 5299 idem
2793 5250 2912 5298 erat
2938 5257 3007 5297 ex
3037 5242 3387 5297 contentione
3411 5240 3649 5304 vincere,
3678 5249 3733 5295 et

2135 5339 2348 5395 discere
2368 5339 2542 5409 ipsum
2574 5337 2692 5393 lucc
2717 5337 2927 5408 negotia
2956 5336 3090 5391 nihil
3117 5349 3329 5390 curare.
3372 5333 3438 5390 Et
3460 5333 3733 5403 perpende

2137 5447 2296 5504 quam
2326 5432 2563 5503 prudens
2588 5431 2680 5487 ille
2711 5440 2878 5487 esset.
2905 5430 3023 5486 Non
3050 5430 3195 5484 enim
3223 5428 3405 5484 statim
3430 5428 3731 5498 respondit,

2138 5525 2278 5580 Nihil
2303 5539 2469 5590 euro;
2501 5523 2598 5580 sed
2625 5524 2749 5594 quid
2767 5524 2793 5578 τ
2818 5523 2883 5579 Si
2908 5521 3111 5595 quidem
3132 5531 3260 5576 esset
3279 5520 3509 5591 iniquum
3536 5521 3734 5592 aliquid

2138 5626 2227 5671 aut
2249 5618 2449 5688 facinus
2477 5617 2772 5686 pessimum,
2801 5631 2831 5670 ο
2853 5614 3047 5679 Judtei,
3068 5623 3202 5668 recte
3221 5626 3308 5666 vos
3333 5612 3629 5666 sustinerent
3648 5631 3668 5679 ;
3689 5615 3734 5669 si

2137 5726 2252 5765 vero
2273 5709 2484 5779 quantio
2510 5717 2583 5762 est
2604 5708 2668 5762 de
2689 5708 2851 5761 verbis
2879 5716 2924 5760 et
2948 5704 3237 5761 nominibus
3261 5713 3307 5758 et
3328 5703 3392 5759 de
3416 5704 3525 5776 lege
3543 5714 3728 5770 vestra,

2137 5816 2224 5855 vos
2243 5801 2342 5872 ipsi
2368 5785 2592 5854 uideritis
2615 5813 2634 5852 :
2653 5797 2819 5869 judea:
2863 5812 2956 5869 ego
2977 5797 3163 5852 horum
3182 5796 3302 5852 nolo
3333 5808 3459 5851 esse.
3492 5795 3734 5851 Exclusit

2141 5909 2225 5947 eos
2253 5908 2284 5945 a
2314 5890 2575 5947 tribunali.
2624 5888 2919 5962 Splendida
2950 5888 3048 5948 fuit
3068 5886 3314 5949 victoria.
3348 5887 3734 5962 Appi-clientum
