4112 6474
410 428 518 483 279

412 553 577 597 mrtem
618 540 913 596 Sosthenem
953 536 1234 608 principem
1278 549 1551 605 synagoga:
1574 574 1587 597 ,
1644 540 1999 602 percusserunt

412 646 529 689 ante
571 631 812 687 tribunal.
856 629 924 684 Et
966 630 1095 684 nihil
1140 646 1314 685 eorum
1361 627 1584 682 Gallioni
1623 640 1759 679 cura:
1798 634 1925 678 erat.
1956 624 2001 678 Ο

413 727 817 797 turpitudinem,
845 741 1006 795 quam
1036 723 1288 779 subiere!
1316 721 1382 776 Et
1404 720 1533 775 nihil
1552 735 1723 773 eorum
1744 759 1760 786 ,
1793 717 1999 786 inquit,

416 818 641 873 Gallioni
684 833 820 871 cura:
871 826 978 870 erat
1016 830 1035 879 ;
1064 814 1163 870 etsi
1203 822 1368 867 totum
1399 812 1449 866 in
1478 811 1595 879 ejus
1625 807 2001 864 contumeliam

419 919 681 980 vergeret.
707 909 813 964 Sed
845 908 920 963 illi
946 907 1097 977 quasi
1130 913 1391 974 potestate
1420 909 1638 970 accepta
1671 899 1997 970 percutiunt,

419 1002 623 1072 pudore
644 1001 842 1064 affecti,
869 998 1126 1069 illegitimi
1157 997 1356 1051 furoris
1381 1010 1517 1064 opus
1538 992 1783 1048 edentes.
1817 990 1886 1045 Et
1906 1005 2004 1042 cur

422 1093 509 1147 ille
530 1107 636 1146 non
663 1090 899 1145 vicissim
928 1088 1215 1159 percussit,
1250 1086 1352 1143 etsi
1383 1092 1702 1154 potestatem
1736 1081 1956 1136 haberet
1980 1079 2004 1133 ’ἓ

423 1182 524 1238 Sed
547 1180 910 1253 philosophari
937 1178 1319 1234 edocebantur.
1345 1177 1454 1232 Nec
1481 1176 1717 1230 vicissim
1752 1172 2003 1244 percutit,

423 1285 480 1327 ut
500 1273 661 1341 judex
693 1272 1002 1337 edisceret,
1028 1271 1148 1341 quis
1176 1270 1507 1325 mansuetior
1533 1276 1696 1324 esset.
1729 1266 1843 1321 lloc
1870 1279 2008 1335 prro-

415 1366 659 1420 sentibus
707 1382 812 1442 npn
858 1380 1044 1435 parum
1095 1363 1338 1434 profuit:
1386 1363 1570 1418 docuit
1622 1362 1765 1416 enim
1813 1359 2006 1414 horum

422 1458 667 1527 aequitas,
694 1458 1016 1528 illorumque
1043 1457 1263 1521 ferocia,
1290 1458 1407 1512 haec
1429 1456 1626 1526 judicis
1647 1454 1854 1510 calculo
1876 1465 2009 1522 Opus

416 1548 692 1604 habuisse.
726 1551 793 1604 At
824 1549 877 1604 hi
900 1551 1080 1605 omnia
1100 1550 1232 1604 citra
1262 1550 1506 1605 ordinem
1539 1548 1759 1603 faciunt.
1788 1544 1896 1599 Nec
1923 1543 2009 1598 di-

419 1642 497 1695 xit
522 1642 633 1708 ille,
664 1642 780 1698 Non
811 1652 1061 1713 oportet,
1093 1658 1159 1699 ne
1190 1657 1404 1698 rursum
1438 1647 1779 1711 percuterent
1821 1638 1967 1691 illum
1990 1678 2007 1705 ,

415 1732 530 1797 sed,
565 1731 722 1787 Nolo.
749 1732 923 1788 Judea:
948 1734 1079 1787 enim
1108 1735 1288 1786 horum
1311 1750 1421 1787 esse
1443 1734 1561 1785 noto
1590 1730 1765 1785 :adeo
1789 1730 2012 1799 mquita-

416 1823 484 1874 tis
531 1838 719 1879 amans
765 1832 901 1880 erat.
940 1824 1052 1878 1100
1089 1833 1143 1878 et
1184 1824 1389 1878 Pilatus
1420 1822 1633 1877 dicebat
1662 1822 1729 1876 de
1749 1821 2007 1877 Christo:

418 1914 642 1983 Accipite
670 1930 783 1967 eum
812 1930 921 1980 vos,
967 1922 1015 1968 et
1042 1914 1319 1966 secundum
1353 1912 1512 1985 legem
1549 1922 1763 1967 vestram
1782 1912 2014 1985 judicate

425 2005 623 2069 ('Joan.
672 2006 759 2060 i8.
804 2004 935 2077 51).
974 2005 1071 2060 1110
1111 2005 1407 2061 secundum
1448 2006 1617 2077 legem
1649 2006 1865 2061 volebat
1894 2007 2012 2061 illos

418 2094 699 2162 indicare;
752 2098 828 2151 illi
884 2112 1011 2153 vero
1056 2098 1208 2168 quasi
1248 2098 1382 2153 ebrii
1428 2108 1482 2153 et
1532 2097 1805 2153 furibundi
1837 2098 2013 2155 affecti

414 2197 590 2241 erant.
635 2187 758 2243 Ideo
807 2189 898 2245 ille
941 2190 1169 2245 Athenis
1208 2190 1468 2252 secessit.
1504 2191 1635 2256 Quia
1661 2191 1883 2261 populus
1907 2191 2015 2245 illic

425 2288 535 2331 erat
562 2280 771 2335 multus.
805 2280 1230 2345 Pcrcutiebatur,
1262 2288 1318 2335 et
1345 2280 1475 2334 nihil
1497 2279 1728 2335 dicebat.

495 2374 546 2426 5.
589 2370 937 2427 Mansuetudo
979 2372 1379 2427 commendatur.
1438 2374 1757 2429 Contumelia
1798 2376 2016 2446 aﬁiciens

421 2464 581 2534 magis
610 2464 963 2531 contemnitur,
994 2480 1145 2534 quant
1173 2465 1475 2518 contumelia
1505 2463 1736 2532 affectus.
1765 2497 1836 2505 —
1865 2467 2017 2522 Hunc

428 2561 483 2606 et
509 2568 607 2606 nos
630 2555 904 2607 imitemur
930 2571 941 2605 :
971 2554 1392 2622 percutientibus
1415 2556 1823 2611 mansuetudine
1846 2557 2015 2613 vicem

426 2643 785 2713 rependamus
810 2642 843 2710 ,"
866 2644 1081 2698 silentio
1103 2687 1117 2712 ,
1159 2645 1434 2715 patientia.
1471 2647 1597 2702 llaec
1642 2649 1861 2704 vulnera
1893 2658 2019 2705 sunt

434 2736 714 2804 graviora;
746 2735 917 2803 major
934 2736 1085 2806 plaga
1111 2746 1165 2792 et
1193 2738 1469 2795 molestior
1495 2748 1578 2796 est
1608 2760 1621 2796 :
1652 2756 1758 2797 non
1789 2742 1932 2798 enim
1964 2742 2016 2798 iu

431 2840 701 2895 corpore,
753 2825 846 2881 sed
898 2827 951 2882 in
991 2828 1173 2883 animo
1218 2831 1421 2900 percuti
1468 2846 1632 2901 grave
1680 2842 1782 2888 est.
1828 2833 2020 2891 Multos

436 2920 785 2991 percutimus,
815 2920 910 2975 sed
936 2921 1059 2991 quia
1082 2931 1139 2976 ut
1170 2924 1374 2979 amicos
1394 2966 1408 2989 ,
1436 2924 1776 2982 delectantur
1807 2928 1905 2998 ipsi
1931 2945 1945 2994 ;
1974 2930 2019 2984 si

426 3027 556 3066 vero
581 3012 823 3082 quemvis
849 3027 971 3067 cum
998 3015 1324 3069 contumelia
1372 3019 1704 3085 percusseris
1729 3061 1744 3087 ,
1777 3019 1899 3090 quia
1927 3034 2023 3076 cor

428 3101 643 3172 tetigisti
668 3143 683 3170 ,
716 3117 967 3172 magnum
998 3104 1228 3159 intulisti
1253 3120 1543 3162 mmrorem
1575 3126 1587 3161 :
1626 3108 1703 3163 ita
1728 3111 1900 3181 magis
1928 3125 2024 3166 cor

429 3194 607 3261 ipsum
638 3195 988 3263 percutimus.
1019 3196 1174 3264 Quod
1202 3205 1382 3253 autem
1412 3198 1606 3255 lenitas
1632 3203 1803 3273 magis
1830 3203 1981 3259 feriat
2006 3244 2021 3270 ,

430 3300 591 3355 quam
634 3285 855 3352 ferocia,
886 3301 983 3358 age
1026 3303 1124 3358 pro
1156 3289 1298 3344 virili
1324 3289 1769 3348 demonstremus.
1797 3295 2026 3353 Manife-

432 3385 515 3430 sta
546 3377 762 3447 quidem
789 3377 1176 3437 demoustratio
1204 3398 1368 3453 opere
1387 3383 1447 3438 tit
1465 3392 1520 3440 et
1541 3388 1911 3456 experimento
1938 3407 1952 3444 :
1980 3391 2027 3446 si

438 3480 615 3526 tamen
649 3469 859 3540 placet,
886 3472 1045 3526 etiam
1074 3486 1325 3529 sermone
1351 3477 1719 3534 examinemus
1745 3521 1760 3545 ,
1783 3482 2027 3551 quamvis

438 3561 488 3615 id
516 3560 627 3630 jam
654 3575 798 3631 saepe
853 3562 1162 3621 fecerimus.
1192 3566 1251 3622 ln
1290 3568 1633 3625 contumeliis
1659 3571 1791 3627 nihil
1819 3573 1889 3629 ita
1929 3588 2028 3631 nos

442 3651 583 3707 male
609 3651 773 3707 allicit
798 3695 813 3718 ,
847 3663 905 3708 ut
932 3657 1292 3725 spectantium
1323 3659 1561 3714 calculus
1587 3678 1601 3715 :
1631 3676 1741 3716 non
1766 3664 1908 3718 enim
1932 3680 2031 3735 par

442 3758 529 3797 res
559 3753 641 3798 est
669 3743 883 3813 publice
914 3748 1240 3804 contumelia
1269 3748 1432 3814 affici,
1455 3759 1616 3821 atque
1636 3754 1863 3809 seorsim
1889 3772 1903 3820 ;
1933 3757 2029 3812 sed

439 3833 558 3888 illas
590 3833 745 3890 facile
772 3835 993 3892 ferimus
1021 3840 1394 3906 contumelias,
1419 3858 1539 3913 quae
1565 3843 1617 3898 in
1642 3843 1881 3911 deserto,
1910 3863 2031 3917 qua:

445 3926 660 3981 nemine
694 3934 829 3983 teste
867 3928 953 3983 vel
996 3930 1199 3987 sciente
1240 3931 1564 3989 inferuntur.
1596 3935 1684 3992 Sic
1706 3952 1813 3993 non
1842 3949 2032 3995 contu-

446 4016 618 4070 melia:
663 4027 854 4074 natura
881 4028 964 4075 est
988 4060 1003 4087 ,
1033 4037 1152 4091 qua:
1182 4023 1322 4080 male
1348 4024 1548 4090 afficit,
1581 4028 1675 4084 sed
1703 4044 1825 4085 cum
1853 4033 2030 4101 palam

446 4107 674 4163 infertur
715 4128 728 4164 :
784 4120 841 4165 ut
885 4114 931 4167 si
962 4114 1084 4184 quis
1130 4115 1339 4186 publice
1386 4118 1651 4187 honoret,
1703 4132 1757 4178 et
1805 4125 2031 4179 seorsim

444 4201 768 4256 contumelia
795 4203 1015 4283 ofﬁciat,
1040 4207 1087 4261 ei
1109 4210 1335 4278 gratiam
1358 4208 1694 4268 habebimus.
1720 4213 1905 4283 Itaque
1926 4230 2032 4269 non

370 4312 374 4316 ’
442 4292 498 4345 in
531 4301 715 4347 natura
744 4295 1086 4352 contumeliae
1113 4299 1273 4354 dolor
1299 4310 1383 4357 est
1407 4343 1423 4369 ,
1456 4302 1549 4357 sed
1590 4303 1643 4357 in
1672 4306 2033 4374 spectantium

444 4386 676 4451 calculo,
701 4404 769 4445 ne
798 4390 925 4445 hinc
956 4392 1011 4446 in
1039 4402 1407 4464 contemptum
1436 4396 1678 4452 cadatur.
1708 4399 1846 4464 Quid
1875 4399 2038 4470 igitur

448 4476 493 4530 si
525 4488 855 4545 spectatores
906 4498 1003 4551 pro
1053 4485 1208 4539 nobis
1259 4486 1407 4541 sint?
1451 4503 1629 4543 annon
1676 4500 1803 4546 tunc
1833 4492 1909 4558 is,
1946 4494 2037 4562 qui

445 4569 825 4625 contumeliam
872 4572 1066 4641 infert,
1112 4576 1259 4631 illam
1287 4578 1511 4647 accipit,
1544 4594 1664 4634 cum
1705 4591 2038 4651 spectatores

451 4672 550 4726 pro
598 4659 753 4716 nobis
801 4663 1062 4719 calculum
1113 4666 1339 4723 ferunt?
1384 4670 1478 4725 Dic
1507 4671 1668 4739 mihi,
1702 4683 1878 4729 utrum
1908 4690 2041 4730 con-

448 4759 696 4805 temnunt
719 4751 824 4818 illi,
857 4768 1052 4811 eumne
1078 4758 1169 4828 qui
1192 4760 1574 4815 contumeliam
1600 4762 1780 4828 infert,
1814 4779 1881 4818 an
1914 4781 2038 4821 eum

448 4842 543 4910 qui
585 4843 730 4899 illam
772 4846 966 4916 accipit
1006 4857 1059 4903 et
1097 4852 1279 4905 tacet?
1319 4851 1402 4907 lra
1429 4863 1579 4909 certe
1619 4857 1857 4925 suggerit
1887 4855 2040 4913 illum

453 4950 575 4990 esse
595 4978 609 5003 ,
639 4938 728 5007 qui
774 4943 1156 4998 contumeliam
1197 4945 1414 5015 accipit.
1459 4946 1610 5003 Nunc
1636 4964 1789 5017 vero,
1819 4965 1940 5005 cum
1972 4950 2040 5006 ab

454 5027 617 5081 animi
673 5040 823 5084 motu
871 5032 1024 5088 liberi
1072 5050 1292 5103 sumus,
1343 5039 1739 5108 perpendamus
1795 5058 1864 5099 ne
1918 5054 2042 5099 tunc

455 5120 804 5190 abripiamur.
834 5124 1023 5180 Utrum
1054 5142 1183 5197 ergo
1226 5128 1545 5186 damnamus
1572 5133 1803 5189 omnes?
1851 5135 2041 5191 Procul

447 5209 611 5268 dubio
646 5217 1027 5271 contumeliam
1080 5218 1447 5289 inferentem;
1501 5232 1550 5277 et
1607 5225 1652 5278 si
1707 5225 1884 5280 minor
1935 5227 2040 5295 sit,

448 5304 610 5359 etiam
643 5305 880 5363 insanire
911 5308 1059 5364 illum
1090 5308 1368 5377 dicemus;
1398 5313 1441 5368 si
1479 5315 1721 5384 aequalis,
1754 5315 2039 5386 desipere;

447 5394 493 5450 si
544 5397 743 5465 major,
797 5413 973 5468 neque
1018 5399 1097 5455 sic
1143 5401 1580 5471 approbabimus.
1639 5404 1786 5472 Uter,
1835 5420 2038 5476 quaeso,

453 5487 839 5555 approbatione
864 5489 1057 5560 dignus
1085 5499 1187 5557 est,
1218 5493 1309 5562 qui
1338 5494 1605 5561 turbatur,
1630 5496 1883 5565 agitatur,
1915 5498 2046 5553 elic-

457 5588 623 5644 ratur,
655 5592 841 5637 contra
864 5599 1206 5641 communem
1233 5595 1477 5643 naturam
1511 5588 1589 5644 sic
1614 5588 1865 5658 aﬂ‘eetus;
1900 5608 1967 5647 an
2001 5593 2046 5647 is

454 5670 544 5736 qui
570 5672 622 5724 in
654 5676 1043 5745 tranquillitate
1071 5677 1236 5749 degit,
1266 5678 1320 5733 in
1354 5690 1512 5749 portu
1542 5691 1597 5737 et
1627 5684 1677 5736 in
1704 5683 2045 5754 philosOphia

456 5760 659 5816 multa?
691 5779 869 5821 annon
912 5769 999 5824 hic
1033 5772 1229 5841 angelo
1254 5772 1448 5829 similis
1469 5784 1553 5829 est
1574 5815 1591 5841 ,
1622 5776 1713 5832 ille
1743 5792 1809 5831 ne
1838 5776 2044 5833 homini

456 5852 682 5919 quidem.
722 5857 815 5912 1110
844 5874 1075 5932 namque
1116 5881 1183 5921 ne
1207 5868 1419 5937 propria
1448 5868 1664 5939 quidem
1696 5880 1868 5941 potest
1896 5875 2033 5933 mala

1092 422 1149 478 S.
1188 417 1467 476 JOANNIS
1494 415 1966 474 CIIRYSOSTOMI
2008 412 2323 471 AllClllEP.
2366 412 2900 470 CONSTANTINOP.

3593 417 3698 473 230

2115 538 2329 599 portare
2350 570 2363 592 ,
2400 528 2490 583 ille
2519 542 2650 583 vero
2677 529 2781 584 fert
2809 530 2970 584 etiam
3003 527 3173 583 aliena
3201 547 3214 584 :
3250 528 3335 584 hic
3367 544 3435 583 ne
3465 529 3701 599 seipsutu

2108 621 2321 689 quidem
2354 620 2494 675 ferre
2523 622 2713 689 potuit,
2744 622 2833 675 ille
2861 622 3031 691 potuit
3057 630 3111 676 et
3135 620 3298 677 alium
3326 639 3340 675 :
3372 622 3463 677 ille
3490 626 3546 676 in
3574 639 3703 677 nau-

2108 711 2276 782 fragio
2303 723 2406 779 est,
2438 713 2524 768 hic
2556 715 2610 768 in
2642 724 2754 768 tuto
2782 716 2996 786 navigat
3021 731 3084 769 ac
3108 716 3345 770 secundo
3368 732 3527 771 cursu
3553 717 3705 772 navis

2109 804 2277 860 fertur
2304 822 2316 858 :
2365 820 2539 875 neque
2578 806 2720 861 enim
2747 807 2992 877 permisit
3022 808 3219 863 furoris
3248 818 3467 862 ventum
3502 809 3554 862 in
3587 810 3705 864 vela

2109 898 2464 965 incidentem,
2495 900 2657 955 animi
2684 916 2873 956 navem
2905 901 3288 974 submergere,
3323 904 3417 959 sed
3442 904 3577 958 leuis
3608 905 3708 959 be-

2109 993 2381 1062 nignitatis
2433 1009 2560 1048 aura
2582 1036 2598 1060 ,
2639 1009 2759 1049 cum
2787 996 2969 1064 quiete
2999 996 3162 1051 multa
3196 997 3345 1051 illum
3377 998 3429 1051 in
3462 998 3705 1068 philoso—

2108 1084 2249 1155 phia:
2285 1096 2496 1155 portum
2529 1086 2754 1141 inducit.
2784 1087 2847 1141 Et
2878 1087 3016 1142 sicut
3042 1088 3092 1141 in
3122 1089 3278 1154 navi,
3310 1104 3431 1159 (μιτο
3458 1090 3706 1144 submer-

2111 1178 2253 1246 gitur
2275 1220 2290 1244 ,
2325 1186 2499 1233 nauta:
2526 1179 2771 1232 nesciunt
2800 1193 2920 1248 qua:
2951 1177 3208 1247 abjiciant
3234 1220 3249 1245 ,
3285 1193 3352 1232 an
3381 1194 3603 1233 suorum
3635 1195 3703 1234 an

2111 1264 2415 1323 alienorum
2462 1270 2739 1340 deposita,
2790 1268 2885 1323 sed
2932 1270 3172 1324 omnium
3213 1270 3416 1339 pariter
3440 1270 3704 1341 jacturam

2114 1360 2349 1425 faciunt,
2395 1362 2794 1431 pretiosorum,
2840 1371 2895 1415 et
2930 1361 3154 1416 minime
3194 1362 3412 1427 talium;
3457 1362 3543 1416 ubi
3580 1378 3709 1416 vero

2117 1460 2409 1520 tempestas
2435 1453 2617 1507 sedata
2640 1462 2724 1508 est
2757 1494 2772 1519 ,
2804 1462 2931 1507 tunc
2961 1468 3141 1508 secum
3170 1463 3480 1523 reputantes
3507 1462 3707 1524 quanta

2116 1528 2459 1611 projecerint,
2495 1545 2882 1614 lacrymantur,
2911 1560 3009 1600 nec
3041 1545 3331 1613 tranquillo
3360 1561 3488 1600 aere
3519 1546 3706 1600 fruun-

2118 1644 2226 1701 tur,
2278 1637 2349 1690 ob
2388 1636 2654 1704 jacturam
2690 1655 2703 1691 :
2764 1639 2834 1691 ita
2888 1647 2943 1693 et
2988 1638 3109 1703 hic,
3142 1653 3262 1693 cum
3291 1639 3457 1708 Spirat
3486 1639 3630 1693 furor
3654 1647 3709 1693 et

2117 1735 2411 1796 tempestas
2437 1729 2720 1789 excitatur,
2748 1729 2995 1783 nesciunt
3025 1745 3145 1797 qua:
3174 1730 3357 1786 debito
3385 1730 3575 1786 ordine
3605 1729 3706 1801 eji-

2116 1834 2241 1874 cere
2268 1828 2544 1889 oporteat;
2566 1820 2652 1873 ubi
2681 1835 2809 1875 vero
2830 1822 3062 1875 cessavit
3078 1822 3177 1881 ira,
3202 1829 3331 1876 tunc
3351 1820 3709 1891 recogitantes

2118 1920 2315 1978 quanta
2348 1909 2667 1978 abjccerint,
2696 1910 2951 1965 damnum
2983 1911 3368 1979 considerant,
3398 1921 3453 1967 et
3479 1913 3711 1982 quietem

2119 2016 2224 2056 non
2256 2002 2495 2056 sentiunt
2519 2044 2533 2064 ,
2567 2017 2837 2057 memores
2868 2004 3153 2059 verborum
3180 2002 3195 2073 ,
3229 2004 3423 2074 quibus
3454 2018 3512 2059 se
3538 2003 3710 2059 deho-

2120 2104 2418 2161 nestarunt,
2447 2096 2810 2166 damnumque
2837 2097 3128 2151 maximum
3155 2097 3296 2167 passi
3329 2107 3451 2151 sunt
3474 2138 3489 2164 ,
3521 2111 3626 2150 non
3655 2096 3711 2151 in

2121 2187 2363 2256 pecuniis
2386 2229 2400 2254 ,
2433 2185 2529 2242 sed
2567 2186 2620 2241 in
2649 2187 3047 2243 existimatione
3075 2188 3340 2257 mquitatis
3366 2198 3418 2243 et
3456 2202 3713 2242 mansue-

2128 2283 2509 2339 tudinis.Vera:
2539 2284 2778 2339 tenebra:
2795 2294 2917 2339 sunt
2940 2283 3089 2338 furor
3109 2293 3163 2339 et
3184 2285 3281 2337 ira.
3307 2282 3452 2338 Dixit
3472 2284 3716 2353 insipiens

2120 2376 2173 2430 in
2198 2376 2350 2430 corde
2378 2392 2499 2439 suo,
2535 2375 2742 2445 inquit,
2772 2374 2892 2429 Non
2915 2385 2986 2429 est
3023 2374 3159 2429 Deus
3187 2374 3205 2447 (
3236 2373 3378 2427 i’sal.
3412 2375 3498 2429 15.
3535 2374 3622 2443 1).
3659 2371 3716 2426 Id

2123 2468 2260 2523 forte
2302 2467 2371 2522 de
2412 2468 2552 2523 irato
2597 2478 2899 2538 opportune
2930 2467 3176 2522 dicatur:
3207 2467 3340 2521 dixit
3374 2468 3562 2535 iratus,
3595 2466 3713 2521 Non

2121 2568 2205 2615 est
2232 2560 2392 2615 Deus.
2421 2559 2554 2614 Nam
2589 2560 2885 2615 Secundum
2925 2559 3301 2614 multitudinem
3339 2561 3432 2614 ira:
3469 2574 3575 2613 suae
3613 2575 3716 2613 non

2123 2665 2311 2724 qureret
2352 2656 2370 2713 (
2401 2653 2545 2708 Psat.
2588 2653 2675 2708 lO.
2707 2655 2761 2708 4.
2792 2670 2892 2708 sec.
2928 2651 3085 2708 Hebr.
3116 2652 3173 2722 ),
3203 2652 3396 2723 inquit.
3438 2651 3531 2707 Pia
3573 2651 3715 2705 enim

2123 2747 2377 2816 cogitatio
2424 2747 2663 2815 ingressa
2691 2759 2881 2801 omnes
2922 2744 3143 2814 depellit
3186 2752 3241 2799 et
3286 2744 3481 2814 pulsat,
3528 2758 3725 2799 omnes

2126 2847 2465 2894 transversos
2500 2840 2628 2909 agit.
2671 2837 2787 2893 Nisi
2838 2847 2893 2893 tu
2924 2838 3091 2907 magis
3121 2838 3304 2891 doleas
3327 2877 3341 2902 ,
3370 2852 3527 2904 quam
3557 2836 3604 2890 is
3626 2834 3716 2889 cui

2125 2929 2448 2985 coritumelia
2474 2930 2720 2997 infertur,
2752 2929 2890 2983 infer
2919 2929 3090 2994 illam,
3120 2927 3330 2983 etiamsi
3350 2928 3526 2981 nullus
3543 2927 3718 2996 sitqui

2126 3031 2344 3075 accuset
2372 3039 2385 3073 :
2416 3020 2517 3075 nisi
2544 3020 2891 3076 conscientiae
2919 3019 3147 3073 tribunal
3168 3027 3220 3074 te
3245 3019 3471 3072 seorsim
3499 3017 3717 3073 ductum

2127 3111 2321 3167 millies
2347 3111 2613 3167 verberet.
2640 3110 2775 3167 Cum
2808 3125 2936 3181 ergo
2962 3108 3198 3165 audieris
3227 3109 3553 3165 contumelia
3583 3108 3719 3164 011⁵0-

2128 3212 2297 3271 ctum,
2325 3217 2568 3257 amarum
2599 3202 2804 3257 nullum
2822 3202 3043 3257 verbum
3066 3201 3373 3272 protulisse,
3397 3215 3575 3256 nonne
3596 3201 3721 3257 hinc

2129 3296 2299 3367 magis
2324 3296 2515 3351 doles?
2553 3295 2643 3350 Dic
2657 3294 2808 3361 mibi,
2840 3294 3110 3365 quomodo
3161 3293 3435 3349 hominem
3489 3295 3673 3349 mitem
3701 3335 3716 3361 ,

2133 3390 2409 3456 humilem,
2443 3388 2747 3445 modestum
2784 3390 2931 3444 mille
2975 3389 3231 3444 conviciis
3278 3388 3558 3444 onerasti?
3598 3388 3725 3443 Haec

2132 3484 2441 3555 frequenter
2460 3482 2689 3538 dicimus
2716 3523 2732 3549 ,
2765 3497 2940 3552 neque
2969 3497 3133 3551 opere
3163 3481 3431 3551 completa
3457 3480 3721 3535 videmus.

2133 3574 2307 3631 llomo
2336 3574 2577 3640 cum'sis,
2611 3573 2881 3629 hominem
2928 3573 3253 3628 contumelia
3278 3570 3486 3626 aflicis?
3536 3584 3727 3625 servus

2133 3666 2489 3722 conservum?
2538 3664 2645 3721 Sed
2700 3663 2826 3735 quid
2886 3664 2989 3719 hoc
3040 3663 3298 3731 admiror,
3332 3662 3546 3734 quando
3570 3662 3727 3717 multi

2135 3761 2304 3815 Deum
2331 3759 2506 3828 ipsum
2538 3757 2865 3812 contumelia
2895 3756 3155 3811 afficiunt.

2205 3853 2261 3906 4.
2311 3851 2422 3905 1100
2462 3849 2614 3904 vobis
2660 3847 2985 3903 contumelia
3035 3846 3240 3901 alfectis
3282 3847 3353 3900 sit
3404 3845 3727 3901 consolatio.

2136 3942 2470 4000 Contumelia
2520 3940 2831 3995 aflicimini?
2877 3937 3217 3993 Contumelia
3271 3936 3503 3991 afficitur
3553 3936 3728 4000 Deus;

2137 4036 2376 4091 convicia
2401 4033 2587 4089 fertis?
2617 4033 2865 4088 Convicia
2888 4030 2994 4085 fert
3013 4031 3191 4093 Deus;
3220 4029 3614 4098 conspuimini?
3642 4028 3733 4084 Sic

2138 4140 2193 4187 et
2221 4129 2479 4184 Dominus
2508 4135 2711 4181 noster.
2741 4125 2801 4179 1n
2829 4124 2913 4179 his
2933 4138 3062 4193 ergo
3084 4122 3363 4177 nobiscum
3387 4129 3490 4188 est,
3523 4121 3574 4175 in
3602 4135 3733 4176 con—

2141 4221 2320 4278 trariis
2350 4234 2455 4274 non
2489 4219 2640 4273 item.
2671 4216 2858 4287 Neque
2886 4215 3029 4269 enim
3056 4229 3309 4284 umquam
3337 4213 3519 4283 inique
3544 4220 3735 4267 contu-

2141 4313 2303 4369 melia
2340 4311 2548 4375 all‘ecit;
2592 4311 2765 4376 absit;
2814 4323 2988 4379 neque
3020 4316 3224 4363 temere
3264 4306 3611 4375 exprobravit
3638 4320 3738 4362 nec

2143 4405 2340 4475 injuste
2364 4403 2493 4473 agit.
2525 4403 2709 4471 Itaque
2734 4416 2832 4457 nos
2870 4414 3055 4455 sumus
3085 4398 3177 4469 qui
3205 4407 3483 4454 consortes
3513 4413 3731 4463 sumus,

2143 4510 2250 4550 non
2272 4509 2389 4549 vos.
2418 4492 2809 4549 Contumeliam
2834 4491 2978 4546 enim
3002 4490 3162 4553 ferre,
3193 4489 3284 4544 Dei
3310 4496 3427 4555 est;
3456 4497 3733 4542 contume-

2144 4586 2271 4641 liam
2301 4599 2429 4639 vero
2452 4592 2652 4639 temere
2681 4582 2900 4647 inferre,
2928 4580 3206 4636 dmmonis.
3243 4578 3431 4635 Videte
3456 4579 3588 4634 duas
3610 4591 3727 4647 par-

2146 4687 2246 4732 tes.
2280 4675 2603 4731 Dwmonium
2626 4673 2778 4728 habes
2800 4672 2982 4743 (Joan.
3010 4672 3062 4725 7.
3086 4670 3202 4743 ΞΟ),
3229 4670 3431 4725 audivit
3451 4670 3693 4724 Christus
3717 4684 3733 4723 :

2145 4769 2299 4839 alapa
2325 4781 2495 4822 cmsus
2550 4776 2634 4822 est
2676 4782 2707 4821 a
2754 4779 2911 4821 servo
2939 4764 3197 4832 principis
3227 4761 3566 4817 sacerdotum
3599 4761 3617 4831 (
3651 4759 3737 4814 Id.

2147 4861 2236 4917 18.
2264 4860 2383 4930 22).
2411 4859 2595 4930 Itaque
2624 4858 2715 4928 qui
2746 4856 3069 4913 contumelia
3100 4854 3295 4924 injuste
3323 4853 3584 4921 afficiunt,
3619 4867 3741 4907 cum

2147 4954 2254 5009 illis
2293 4959 2431 5007 stant
2465 4968 2480 5005 :
2522 4951 2736 5005 merito.
2780 4948 2913 5002 Nam
2945 4946 2989 5001 si
3041 4946 3229 5001 Petrus
3276 4953 3493 4999 satanas
3540 4943 3743 4998 audivit

2149 5044 2343 5117 (Marc.
2373 5044 2426 5098 8.
2455 5040 2568 5111 '55),
2602 5041 2671 5095 ob
2699 5056 2860 5095 unum
2888 5039 3090 5094 dictum
3113 5079 3128 5100 .
3159 5037 3328 5091 multo
3355 5036 3523 5106 magis
3554 5037 3607 5090 hi
3644 5036 3743 5091 Ju-

2148 5135 2250 5191 drei
2283 5133 2538 5197 audient,
2581 5146 2704 5186 cum
2730 5131 3038 5187 Judaeorum
3065 5138 3181 5184 acta
3213 5127 3435 5194 facient,
3480 5136 3539 5183 ut
3575 5138 3628 5184 et
3668 5127 3745 5183 illi

2148 5228 2347 5284 diaboli
2379 5227 2471 5282 filii
2490 5226 2770 5282 audierunt
2799 5223 2978 5295 (Ioan.
3002 5223 3057 5279 8.
3087 5223 3204 5292 41),
3235 5222 3359 5294 quia
3382 5222 3644 5278 diabolica
3670 5220 3747 5275 fa-

2149 5320 2383 5375 ciebant.
2417 5318 2754 5374 Contumelia
2785 5316 2957 5372 aflicis
2978 5359 2993 5384 ,
3033 5316 3154 5387 quis
3181 5331 3303 5371 cum
3340 5317 3437 5384 sis,
3465 5315 3552 5371 dic
3580 5314 3747 5370 mihi?

2150 5413 2263 5468 lmo
2287 5422 2567 5483 propterea
2588 5411 2909 5467 contumelia
2933 5411 3124 5478 allicis,
3147 5411 3270 5481 quia
3289 5410 3420 5465 nihil
3441 5425 3500 5466 es
3527 5428 3539 5465 :
3568 5410 3747 5465 nullus

2152 5507 2294 5561 enim
2336 5506 2425 5575 qui
2470 5504 2634 5559 homo
2680 5505 2786 5571 sit,
2839 5503 3165 5559 contumelia
3195 5502 3381 5559 afﬁcit.
3424 5504 3601 5573 Atque
3637 5502 3745 5566 ita,

2151 5598 2295 5669 quod
2319 5598 2372 5652 in
2404 5598 2595 5668 pugnis
2624 5596 2842 5665 dicitur,
2872 5597 2952 5652 Tu
2972 5597 3091 5667 quis
3115 5596 3213 5651 es?
3241 5610 3306 5650 ex
3328 5595 3557 5651 adverso
3583 5608 3746 5664 opor-

2154 5690 2299 5745 tebat
2318 5690 2422 5744 dici
2446 5709 2459 5745 :
2492 5690 2638 5745 verbi
2660 5692 2851 5760 gratia.
2877 5688 3213 5745 Contumelia
3235 5686 3412 5752 effice,
3442 5686 3578 5741 nihil
3602 5686 3746 5741 enim

2150 5797 2210 5838 es
2236 5801 2247 5837 :
2278 5800 2420 5839 nunc
2447 5790 2625 5839 autem
2656 5783 2961 5840 dicentibus
2988 5782 3162 5847 nobis,
3193 5780 3322 5847 Quis
3348 5795 3408 5835 es
3430 5788 3485 5835 tu
3507 5779 3595 5851 qui
3617 5791 3747 5832 con-

2154 5878 2372 5932 tumelia
2405 5877 2608 5933 aflicis?
2654 5876 2731 5933 Te
2771 5878 2981 5946 melior,
3025 5873 3303 5932 audiemus
3344 5875 3545 5945 utique.
3586 5870 3747 5942 Atqui
