4112 6424
328 374 434 427 273

1340 380 1405 435 ΙΝ
1444 383 1628 440 ACTA
1669 377 2208 440 APOSTOLORUM.
2255 374 2489 434 IIOMIL.
2531 375 2777 435 XXXIX.

3666 372 3773 429 280

325 491 502 547 καίτοι
526 490 608 554 είς
635 490 733 561 τήν
757 491 953 547 ἑαυτοῦ
997 492 1153 565 ὕϐριν
1184 493 1243 549 τὸ
1274 498 1383 551 πᾶν
1422 493 1523 571 ἦν·
1562 499 1677 554 ἀλλ’
1706 500 1782 563 ῶς
1829 498 1994 568 δῆθεν
2092 494 2196 565 τῆς
2249 492 2564 564 φιλοσοφίας
2609 490 2734 559 ἄγει
2785 489 2999 560 λιμένα.
3050 489 3156 543 Καὶ
3202 487 3449 559 καθάπερ
3500 491 3557 542 ἐν
3606 487 3773 556 πλοίῳ

323 579 575 648 ἐξουσίαν
631 577 889 645 λαϐόντες
949 582 1103 635 αὑτοὶ
1160 583 1489 650 τύπτουσιν,
1552 586 1714 659 ἔργον
1770 585 1994 658 ἀκρίτου

324 666 499 740 θυμοῦ
532 665 621 720 διά
649 667 749 738 τήν
778 666 1043 739 αἰσχύνην
1074 670 1371 737 ποιοῦντες.
1408 674 1518 727 Καὶ
1553 674 1641 729 διά
1667 675 1719 728 τί
1752 677 1827 747 μὴ
1854 674 1996 728 ἐκεῖ-

322 771 414 818 νος
446 752 817 824 ἀντετύπτησε
837 766 886 819 8,
927 755 1105 810 καίτοι
1159 758 1254 812 καὶ
1311 759 1475 825 αὑτὸς
1524 760 1769 826 ἐξουσίαν
1820 756 1997 831 εἷχεν;

335 841 477 895 Ἀλλ’
508 840 856 895 ἐπαιδεύοντο
890 842 1223 914 φιλοσοφεῖν.
1255 847 1370 900 Οὐκ
1397 846 1713 901 ἀντιτύπτει
1742 847 1819 913 δὲ,
1858 845 1998 901 ὥστε

322 931 421 985 καὶ
465 932 558 985 τὸν
611 929 872 1001 δικαστὴν
902 931 1129 1001 μαθεῖν,
1161 932 1244 998 τίς
1268 930 1337 1006 ἦν
1377 937 1406 988 6
1452 936 1875 1007 ἐπιεικέστερος.
1917 939 1994 995 Οὑ

202 1019 210 1029 ’
327 1018 502 1090 μικρά
557 1015 717 1072 τοῦτο
747 1016 926 1089 ὢνησε
962 1020 1089 1083 τοὺς
1135 1021 1415 1093 παρόντας
1437 1038 1454 1056 ο
1495 1024 1698 1089 ἐδίδαξε
1731 1024 1841 1095 γάρ
1872 1024 1908 1094 ἥ
1938 1040 1999 1077 τε

322 1104 529 1158 τούτων
562 1105 837 1158 ἐπιείκεια
865 1105 959 1159 καὶ
983 1107 1017 1176 ή
1048 1105 1271 1161 ἐκείνων
1298 1106 1592 1180 θρασύτης,
1617 1112 1698 1164 ὅτι
1720 1109 1787 1164 τὰ
1815 1108 1999 1165 τοιαύ-

322 1210 394 1248 τα
421 1193 745 1263 δικαστικῆς
765 1192 947 1265 ψήφου
976 1194 1167 1251 δεῖται.
1213 1196 1353 1250 Ἀλλ’
1375 1189 1521 1252 οὗτοι
1552 1198 1730 1253 πάντα
1746 1199 1999 1263 ἀτάκτως

325 1278 560 1334 ποιοῦσι.
597 1280 709 1333 Καὶ
733 1280 833 1333 οὑκ
859 1275 1035 1345 εἶπεν,
1071 1281 1146 1335 Οὑ
1174 1281 1273 1347 δεῖ,
1306 1284 1394 1338 ’ίνα
1422 1285 1499 1357 μὴ
1532 1285 1693 1339 πάλιν
1724 1285 2000 1340 κόπτωσιν

325 1368 487 1422 αὑτόν
506 1381 519 1394 ·
550 1367 688 1433 ἀλλ’,
709 1369 792 1423 Οὐ
815 1367 986 1423 θέλω.
1008 1369 1228 1439 Κριτὴς
1259 1372 1387 1441 γὰρ,
1412 1375 1601 1443 φησὶν,
1630 1372 1744 1442 ἐγὼ
1775 1373 2001 1427 τούτων

324 1452 478 1511 εἶναι
506 1457 579 1510 οὐ
613 1456 941 1524 ,ϐούλομαιο
982 1456 1157 1522 οὕτως
1187 1460 1435 1532 ἐπιεικὴς
1461 1455 1530 1533 ἦν
1571 1462 1599 1515 6
1634 1461 1795 1532 ἀνήρ.
1831 1457 2002 1514 Τοῦτο

326 1545 421 1597 καὶ
478 1542 711 1607 Πιλᾶτος
762 1542 947 1612 ἔλεγεν
985 1545 1078 1599 ἐπὶ
1128 1545 1222 1599 τοῦ
1266 1546 1524 1618 Χριστοῦο
1563 1546 1786 1602 Λάϐετε
1815 1547 2003 1602 αὑτὸν

323 1630 518 1701 ὑμεῖς,
558 1630 659 1685 καὶ
705 1630 858 1685 κατὰ
903 1630 1011 1684 τὸν
1049 1633 1238 1701 νόμον
1277 1633 1447 1703 ὑμῶν
1485 1634 1747 1702 κρίνατε.
1791 1636 1851 1688 Ὀ
1903 1635 2002 1705 μὲν

326 1718 467 1773 κατά
495 1717 586 1771 τὸν
629 1718 792 1788 νόμον
818 1718 970 1790 ήξίου
1011 1720 1219 1790 κρίνειν
1247 1721 1445 1784 αὐτοὺς
1466 1763 1482 1788 ,
1523 1723 1571 1775 οί
1612 1721 1689 1790 δὲ,
1734 1721 1925 1796 ῶσπερ
1951 1725 2002 1777 οί

329 1806 622 1877 μεθύοντες
651 1806 745 1860 καὶ
774 1807 823 1860 οί
858 1807 1198 1879 μαινόμενοι,
1237 1809 1381 1863 οὕτω
1406 1809 1689 1868 διέκειντο.
1726 1811 1825 1866 Διά
1846 1811 2003 1867 τοῦτο

326 1891 619 1965 ἐχωρίζετο
647 1892 755 1947 τῶν
795 1893 1055 1962 Ἀθηνῶν,
1087 1895 1328 1967 Ἐπειδὴ
1349 1896 1498 1965 λαὸς
1524 1893 1604 1969 ἦν
1630 1897 1759 1954 ἐκεῖ
1785 1900 1999 1967 πολύς.

339 1980 651 2043 Ἐτύπτετο,
692 1981 786 2035 καὶ
814 1981 965 2035 οὐδὲν
988 1982 1163 2053 ἔλεγε.

395 2076 467 2138 γ’.
491 2068 692 2123 Τοῦτον
709 2069 802 2122 καὶ
828 2070 988 2140 ἡμεῖς
1007 2070 1304 2143 μιμώμεθα
1321 2090 1334 2105 ο
1360 2074 1455 2128 ἀντ
1466 2076 1850 2148 ιτυπτήσωμεν
1875 2075 2004 2141 τοὺς

325 2155 673 2219 τύπτονταςὶτ
726 2159 791 2228 τῇ
839 2158 1144 2231 ἐπιεικείᾳ,
1186 2162 1252 2232 τῇ
1304 2164 1456 2234 σιγῇ,
1502 2165 1568 2235 τῇ
1619 2164 1997 2238 μακροθυμίᾳ.

326 2244 701 2314 Χαλεπώτερα
728 2242 900 2297 ταῦτα
930 2244 998 2299 τά
1026 2245 1321 2318 τραύματα
1343 2288 1358 2315 ,
1401 2250 1601 2321 μείζων
1630 2251 1662 2322 ή
1697 2251 1876 2323 πληγή
1907 2252 2002 2306 καὶ

326 2331 706 2403 φορτικωτέρα
726 2348 738 2360 ·
762 2332 824 2386 οὑ
856 2332 960 2404 γάρ
1001 2334 1061 2388 :6
1093 2335 1423 2407 πλήττεσθαι
1462 2337 1524 2392 :6
1550 2338 1711 2410 σῶμα
1730 2379 1745 2403 ,
1782 2338 1918 2394 ἀλλά
1944 2338 2003 2392 :6

326 2421 424 2492 τὴν
450 2420 709 2485 διάνοιαν,
729 2420 987 2492 χαλεπόν.
1022 2422 1261 2488 Πολλοὺς
1293 2424 1624 2498 πλήττομεν,
1651 2426 1786 2481 ἀλλά
1814 2426 2003 2500 ἐπειδὴ

328 2512 387 2563 ἐν
418 2509 567 2577 τάξει
600 2509 799 2580 φιλίας,
823 2509 918 2564 καὶ
943 2510 1164 2581 ἥδονται
1186 2530 1199 2543 ·
1227 2512 1293 2568 ἂν
1329 2513 1384 2568 δὲ
1414 2513 1505 2568 τὸν
1534 2515 1764 2584 τυχόντα
1792 2514 2003 2588 πλήξῃς

326 2597 679 2670 ὑϐριστικῶς,
703 2596 892 2670 ἐπειδὴ
918 2598 1018 2670 τῆς
1036 2599 1260 2670 καρδίας
1287 2599 1432 2671 ἥψω,
1458 2601 1663 2673 σφόδρα
1686 2600 1964 2672 ἐλύπησας
1985 2616 2000 2632 ·

325 2684 472 2739 οὕτω
523 2684 723 2756 μᾶλλον
769 2684 868 2757 τὴν
909 2685 1137 2757 καρδίαν
1185 2687 1366 2741 αὑτῶν
1410 2686 1739 2760 πλήττομεν.
1770 2689 1895 2742 Ὀτι
1942 2687 2002 2743 δὲ

329 2773 592 2844 μειζόνως
618 2770 889 2826 ἐπιείκεια
912 2770 1138 2845 πλήττει
1162 2774 1521 2846 θρασύτητος,
1546 2774 1679 2846 φέρε
1704 2773 2001 2842 ἀποδείξω-

328 2878 432 2933 μεν
457 2860 533 2925 ὡς
562 2860 787 2915 δυνατὸν
814 2861 894 2931 τῷ
924 2861 1088 2933 λόγῳ.
1134 2863 1200 2916 Ἥ
1231 2862 1329 2934 μὲν
1371 2862 1480 2936 γάρ
1521 2862 1700 2935 σαφής
1729 2863 2002 2930 ἀπόδειξις

324 2949 415 3005 διὰ
436 2949 544 3004 τῶν
571 2948 748 3021 ἔργων
775 2949 870 3003 καὶ
897 2950 998 3021 τῆς
1025 2951 1224 3022 πείρας
1241 2950 1389 3005 ἐστίν
1412 2967 1427 2982 ο
1451 2952 1498 3005 εί
1530 2950 1589 3005 δὲ
1614 2952 1780 3019 δοκεῖ,
1810 2954 1905 3007 καὶ
1923 2954 2004 3026 τῷ

323 3038 470 3111 λόγῳ
514 3038 612 3110 τὴν
658 3036 904 3102 ἐξέτασιν
950 3036 1329 3109 ποιησώμεθα,
1377 3039 1554 3094 καίτοι
1606 3038 1868 3105 πολλάκις
1900 3041 2003 3113 ήδη

324 3126 724 3198 ἐποιησάμεθα.
769 3126 858 3182 Ἐν
902 3126 1009 3197 γάρ
1038 3129 1158 3191 ταῖς
1196 3125 1419 3199 ὕϐρεσιν
1456 3128 1609 3183 οὐδὲν
1646 3126 1820 3193 οὕτως
1856 3130 2004 3200 ἡμᾶς

322 3210 519 3277 λυπεῖ,
564 3213 697 3285 ὡςή
746 3214 897 3286 παρὰ
938 3214 1048 3269 τῶν
1091 3213 1343 3285 ὁρώντων
1384 3214 1564 3287 ψῆφος
1589 3231 1602 3244 °
1634 3215 1696 3270 οὐ
1728 3215 1838 3289 γὰρ
1891 3216 2003 3270 ἴσον

322 3301 563 3375 δημοσίᾳ
604 3319 664 3356 τε
717 3301 1035 3373 ὑϐρίζεσθαι
1078 3302 1174 3357 καὶ
1204 3302 1330 3376 ἰδίᾳ,
1375 3303 1490 3357 ἀλλ’
1525 3304 1742 3369 ἐκείνας
1777 3305 1877 3376 μὲν
1911 3306 2005 3358 καὶ

326 3389 564 3461 φέρομεν
602 3389 841 3455 εὐκόλως
884 3389 983 3455 τάς
1017 3389 1238 3463 ὕϐρεις,
1285 3392 1415 3445 ὅταν
1460 3393 1547 3445 ἐπ’
1572 3391 1841 3464 ἐρημίας,
1875 3392 2005 3446 ὅταν

327 3478 557 3550 μηδενὸς
595 3479 750 3543 ὄντος
780 3477 878 3531 τοῦ
908 3478 1313 3552 μαρτυροῦντος
1357 3479 1516 3533 τοῦτο
1543 3479 1834 3551 πάθωμεν,
1869 3479 2004 3551 μηδὲ

322 3565 421 3619 τού
450 3566 769 3631 συνειδότος.
798 3564 987 3631 Οὕτως
1022 3566 1121 3637 οὑχ
1161 3567 1196 3637 ή
1226 3567 1325 3638 τῆς
1353 3565 1562 3639 ὕϐρεως
1588 3566 1750 3635 φύσις
1781 3567 1932 3621 ἐστὶν
1968 3569 2001 3639 ἡ

322 3654 615 3720 δάκνουσα,
646 3652 784 3708 ἀλλά
812 3652 874 3707 τὸ
912 3653 1009 3706 ἐπὶ
1038 3654 1258 3709 πάντων
1300 3653 1461 3708 τοῦτο
1496 3654 1689 3709 παθεῖν
1712 3670 1728 3686 ο
1753 3655 1830 3719 ὡς
1858 3656 1913 3708 εί
1940 3655 2005 3724 γέ

323 3760 410 3806 τις
451 3741 626 3813 τιμῶν
660 3741 755 3795 ἐπὶ
798 3743 1046 3807 πάντων,
1088 3739 1299 3813 ὑϐρίζοι
1349 3743 1471 3795 κατ’
1512 3740 1683 3807 ίδίαν,
1712 3743 1808 3795 καὶ
1844 3742 2004 3813 χάριν

325 3829 606 3900 εἰσόμεθα.
637 3828 847 3883 Οὐκοῦν
870 3829 971 3882 οὑκ
991 3829 1049 3882 ἐν
1070 3830 1135 3900 τῇ
1167 3829 1266 3900 τῆς
1302 3828 1514 3901 ὕϐρεως
1545 3829 1706 3899 φύσει
1741 3830 1802 3885 :6
1829 3830 2005 3904 λυπη-

327 3918 421 3991 ρόν
438 3920 607 3979 ἐστιν,
628 3916 743 3970 ἀλλ’
764 3916 823 3970 ἐν
842 3917 909 3987 τῇ
924 3914 1088 3987 ψήφῳ
1105 3916 1214 3970 τῶν
1242 3915 1516 3988 ὁρώντων,
1541 3917 1683 3972 ὥστε
1705 3928 1727 3956 ο
1757 3919 1834 3991 μή
1858 3918 2007 3984 δόξαι

324 4005 803 4078 εὐκαταφρόνητον
835 3999 999 4058 εἶναι.
1039 4003 1105 4057 Τί
1143 3998 1266 4072 οὑν,
1300 4003 1367 4059 ἂν
1400 4002 1542 4076 αὕτη
1578 4004 1720 4077 ὑπὲρ
1748 4006 1906 4077 ήμῶν
1930 4003 2005 4079 ᾖς

323 4093 450 4164 οὑχὶ
476 4092 676 4165 μᾶλλον
707 4093 736 4146 6
755 4089 993 4163 ὑϐρίζων
1024 4088 1299 4161 ὕϐρισται,
1341 4091 1469 4146 ὅταν
1491 4090 1636 4163 ὑπὲρ
1667 4090 1823 4165 [299]
1851 4092 2008 4164 ήμῶν

321 4183 424 4246 τὰς
451 4181 664 4253 ψήφους
692 4180 967 4253 φέρωσιν;
999 4179 1137 4233 Εἰπέ
1168 4197 1278 4251 μοι,
1316 4179 1462 4244 τίνος
1493 4181 1928 4252 καταφρονοῦσιν
1959 4185 2008 4236 οί

322 4271 629 4345 παρόντες;
658 4268 753 4324 τοῦ
785 4267 1121 4341 ὑϐρίζοντος,
1146 4268 1180 4340 ἢ
1210 4267 1305 4322 τοῦ
1332 4268 1679 4341 ὑϐρισθέντος
1702 4269 1796 4324 καὶ
1818 4271 2011 4340 σιγῶν-

321 4377 448 4426 τοςς
489 4358 549 4412 '0
574 4357 672 4429 μὲν
697 4355 805 4427 γάρ
826 4355 999 4428 θυμὸς
1036 4355 1352 4423 ὑποϐάλλει,
1385 4357 1467 4411 ὅτι
1499 4355 1594 4410 τοῦ
1626 4356 2005 4428 ὑϐριζομένου·

324 4445 420 4500 νῦν
445 4443 526 4511 δέ,
555 4443 645 4497 ὅτε
670 4441 901 4514 καθαροὶ
937 4441 1030 4495 τοῦ
1063 4440 1270 4505 πάθους
1305 4440 1472 4513 ἐσμὲν
1495 4482 1509 4508 ,
1544 4441 1767 4513 ῐδωμεν,
1809 4442 1893 4496 ἵνα
1933 4444 2008 4516 μὴ

323 4531 444 4586 τότε
463 4528 953 4602 συναρπασθῶμεν.
973 4529 1128 4593 Τίνος
1141 4524 1233 4583 οὑν
1252 4527 1733 4600 καταγινώσκομεν
1749 4530 2007 4597 άπαντες;

326 4612 561 4690 Εὔδηλον
584 4616 774 4672 ὅτιτοῦ
803 4614 1135 4689 ὑϐρίζοντος·
1166 4616 1271 4671 κάν
1294 4616 1393 4686 μὲν
1422 4615 1660 4671 ἐλάττων
1682 4612 1738 4690 ᾖ,
1762 4617 1855 4672 καὶ
1882 4620 2008 4689 μαί-

328 4707 513 4759 νεσθαι
541 4704 705 4759 αὑτὸν
744 4705 986 4775 φήσομεν
1005 4745 1020 4769 ,
1048 4704 1114 4757 ἂν
1137 4703 1194 4757 δὲ
1231 4702 1519 4775 ὁμότιμος,
1551 4704 1921 4777 ἀνοηταίνειν,
1944 4705 2011 4759 ἂν

333 4792 389 4847 δέ
418 4793 638 4864 μείζων,
665 4792 774 4847 οὐδ’
801 4791 975 4857 οὕτως
1004 4791 1400 4862 ἀποδεξόμεθα.
1437 4791 1535 4857 Τίς
1573 4792 1704 4865 γάρ,
1738 4793 1858 4849 εἰπέ
1883 4811 1973 4865 μοι
1994 4834 2009 4860 ,

337 4879 603 4954 ἀποδοχῆς
634 4881 783 4949 ἄξιος
808 4898 823 4948 ;
854 4882 883 4935 6
908 4880 1330 4952 ταραττόμενος,
1355 4882 1384 4933 6
1415 4881 1835 4954 χειμαζόμενος,
1866 4885 1895 4938 6
1920 4884 2013 4938 ἐκ·

336 4970 710 5044 θηριούμενος,
741 4976 769 5029 6
790 4974 927 5047 1:96;
947 4972 1045 5044 τὴν
1074 4972 1260 5044 κοινὴν
1277 4972 1438 5043 φύσιν
1462 4972 1606 5026 οὕτω
1645 4972 2008 5045 διακείμενος,

331 5062 365 5133 ἦ
395 5062 426 5115 6
464 5062 525 5114 ἐν
555 5061 753 5135 γαλήνῃ
802 5061 896 5116 καὶ
922 5060 1103 5131 λιμένι
1150 5060 1244 5115 καὶ
1274 5059 1564 5133 φιλοσοφίᾳ
1606 5059 1813 5131 πολλῇ;
1854 5060 1953 5132 οὑχ
1982 5061 2009 5113 6

329 5151 437 5221 μὲν
483 5148 696 5221 ἀγγέλῳ
729 5150 1084 5222 προσέοικεν,
1134 5149 1164 5201 6
1199 5147 1255 5200 δὲ
1300 5147 1424 5201 οὐδὲ
1468 5147 1780 5219 ἀνθρώπως
1823 5149 1880 5203 '0
1913 5149 2012 5220 μὲν

324 5238 437 5312 γάρ
479 5237 606 5292 οὑδέ
650 5237 718 5291 :6
760 5239 940 5292 οἰκεῖα
981 5236 1203 5290 δύναται
1261 5235 1530 5305 βαστάσαι
1579 5235 1761 5299 κακά,
1803 5236 2012 5300 ἐκεῖνος

323 5326 382 5381 δὲ
422 5326 519 5380 καὶ
558 5324 630 5379 τά
667 5325 956 5398 ἀλλότρια*
1002 5317 1160 5388 οὗτος
1207 5324 1330 5378 οὑδὲ
1373 5323 1568 5377 ἑαυτὸν
1596 5323 1843 5391 ἐνεγκεῖν
1894 5323 2013 5375 ἐδυ-

325 5413 487 5485 νήθη,
513 5414 721 5477 ἐκεῖνος
759 5412 820 5468 δὲ
862 5411 959 5466 καὶ
993 5411 1214 5483 ἕτερον·
1247 5413 1276 5464 6
1314 5411 1413 5482 μὲν
1453 5410 1514 5464 ἐν
1553 5410 1799 5481 ναυαγίῳ
1839 5410 2011 5476 ἐστὶν,

327 5494 484 5564 οὗτος
529 5500 587 5554 δὲ
628 5501 687 5553 ἐν
718 5499 989 5571 ἀσφαλείᾳ
1016 5498 1168 5563 πλεῖ,
1214 5496 1272 5564 ἐξ
1325 5497 1526 5569 οὑρίων
1573 5496 1724 5566 αὑτῷ
1751 5497 1851 5567 τῆς
1884 5495 2011 5567 νηὸς

329 5587 642 5659 φερομένης
667 5605 682 5619 ·
716 5587 779 5641 οὑ
821 5587 932 5660 γάρ
979 5586 1131 5640 εἴασε
1177 5586 1238 5639 :6
1272 5584 1366 5639 τοῦ
1410 5583 1584 5656 θυμοῦ
1636 5583 1854 5654 πνεῦμα
1902 5585 2013 5648 τοῖς

330 5676 521 5741 ἱστίοις
545 5674 788 5748 ἐμπεσὸν
808 5674 1111 5746 ἀνατρέψαι
1134 5674 1233 5744 τῆς
1264 5673 1502 5736 διανοίας
1525 5672 1589 5725 :6
1615 5671 1819 5740 σκάφος
1839 5688 1853 5704 ’
1875 5671 2013 5726 ἀλλά

332 5762 504 5835 λεπτή
528 5781 614 5829 τις
636 5761 780 5835 αὕρα
824 5762 919 5816 καὶ
945 5762 1098 5834 ἡδεῖα
1130 5761 1579 5833 προσπνεύσασα,
1612 5759 1711 5830 τῆς
1756 5758 2009 5824 ἀνεξικα-

338 5852 457 5917 κίας
496 5853 530 5926 ή
562 5850 738 5924 πνοή,
789 5849 1161 5921 μετὰλπολλῆς
1203 5849 1353 5921 αὑτῷ
1389 5849 1489 5919 τῆς
1538 5847 1767 5918 ἡσυχίας
1799 5846 1892 5900 ἐπὶ
1922 5847 2012 5902 τὸν

392 5958 411 5982 ⁸
431 5957 569 6010 Alius
591 5959 771 6015 ἐκεῖνος
794 5958 1044 6017 ἐτύπτησε.
1077 5957 1108 5997 ἲ)
1132 5957 1264 6008 Idem
1282 5957 1391 6013 τοὺς
1409 5955 1790 6011 ἀντιτύπτοντας.
1834 5959 1857 5990 ο
1878 5956 2014 6007 Unus

338 6019 553 6085 ὁρώντων
574 6023 724 6073 ἐστὶν,
743 6022 888 6067 ὥστε.

693 6104 969 6167 Ριιτιιοι..
1003 6104 1122 6165 Gn.
1168 6105 1296 6165 LX.

2099 581 2423 650 ναυαγοῦντι
2456 580 2508 633 οἱ
2537 578 2728 633 ναῦται
2760 577 2860 631 οὑκ
2886 578 3065 631 ἴσασιν
3088 577 3123 631 ἃ
3149 577 3451 649 ῥίπτουσιν,
3482 576 3547 631 ἀν
3578 593 3639 629 τε
3664 578 3773 629 τῶν

2098 668 2313 723 οἰκείων
2340 668 2406 723 ἀν
2436 685 2494 722 τε
2542 667 2651 721 τῶν
2682 664 2980 734 ἀλλοτρίων
3022 664 3228 718 λάϐωσι
3268 662 3769 735 παρακαταθήκας,

2098 754 2237 810 ἀλλά
2263 754 2483 809 πάντων
2504 754 2706 826 ὁμοίως
2732 751 2961 824 ἐκϐολήν
2985 751 3265 807 ποιοῦνται
3287 752 3393 805 τῶν
3416 750 3772 821 ἐγκειμένων,

2096 841 2207 896 τῶν
2237 860 2296 896 τε
2323 843 2523 914 τιμίων
2546 842 2657 895 τῶν
2677 858 2738 893 τε
2764 840 2826 894 οὑ
2848 839 3104 893 τοιούτων
3131 854 3145 870 ⁸
3174 838 3393 892 ἐπειδὰν
3426 838 3483 893 δὲ
3511 840 3540 892 6
3567 835 3775 908 χειμὼν

2098 929 2395 1001 παύσηται,
2421 929 2541 983 τότε
2572 927 3023 999 ἀναλογιζόμενοι
3050 926 3150 981 ὅσα
3176 926 3453 992 ἐξέϐαλον,
3478 926 3774 996 δακρύουσι

2098 1017 2319 1087 καὶτῆς
2352 1017 2597 1089 γαλήνης
2637 1017 2738 1070 οὑκ
2775 1015 3124 1070 αἰσθάνονται
3164 1013 3255 1069 διά
3295 1014 3392 1086 τὴν
3446 1013 3649 1084 ζημίαν
3674 1011 3775 1082 τῆς

2097 1102 2357 1174 ἐκϐολῆςο
2386 1102 2530 1158 οὕτω
2559 1103 2623 1174 δὴ
2666 1104 2761 1157 καὶ
2793 1100 3029 1156 ἐνταῦθα
3050 1141 3064 1168 ,
3108 1102 3235 1156 ὅταν
3274 1102 3303 1154 6
3331 1100 3502 1173 θυμὸς
3531 1098 3764 1171 πνεύσῃ,

2099 1190 2195 1242 καὶ
2221 1191 2248 1243 6
2271 1189 2477 1261 χειμὼν
2503 1190 2726 1262 αῖρηται
2748 1230 2762 1255 ,
2792 1189 2893 1244 οὑκ
2922 1189 3100 1244 ἴσασιν
3129 1190 3189 1243 ἐν
3213 1188 3364 1255 τάξει
3396 1187 3679 1241 ἐκϐάλλειν
3708 1186 3777 1239 τά

2098 1274 2285 1330 δέοντα
2307 1293 2320 1306 ·
2352 1278 2481 1332 ὅταν
2502 1278 2559 1331 δέ
2588 1277 2866 1349 παύσηται
2895 1278 2923 1331 6
2953 1276 3143 1347 θυμὸς,
3170 1276 3292 1329 τότε
3331 1274 3777 1343 ἀναλογιζόμενοι

2101 1365 2230 1417 ποῖα
2262 1364 2535 1430 ἐξέϐαλον,
2568 1363 2809 1419 ἐννοοῦσι
2834 1366 2931 1436 τὴν
2956 1364 3156 1435 ζημίαν
3186 1363 3282 1418 καὶ
3305 1362 3405 1416 οὑκ
3431 1361 3777 1415 αἰσθάνονται

2101 1452 2198 1522 τῆς
2222 1453 2604 1520 ἀναπαύσεως,
2635 1453 2742 1508 τῶν
2778 1453 3040 1525 ῥημάτων
3070 1451 3431 1523 μεμνημένοι,
3449 1450 3514 1503 δι’
3539 1442 3613 1504 ὧν
3643 1465 3779 1501 κατ·

2101 1541 2345 1615 ᾔσχυναν
2400 1545 2626 1609 ἑαυτοὺς
2653 1544 2747 1599 καὶ
2771 1545 2841 1599 τά
2873 1544 3107 1616 μέγιστα
3131 1540 3534 1613 ἐζημιώθησαν,
3559 1540 3617 1593 οὑ
3651 1538 3780 1608 περὶ

2101 1631 2359 1702 χρήματα
2382 1670 2396 1694 ,
2427 1630 2565 1686 ἀλλὰ
2609 1631 2739 1703 περὶ
2779 1631 2938 1697 δόξαν
2976 1630 3277 1693 ἐπιεικείας
3314 1628 3409 1682 καλ¹
3451 1626 3777 1697 πραότητος.

2106 1717 2316 1780 Ὄντως
2351 1717 2541 1781 σκότος
2566 1719 2716 1772 ἐστὶν
2744 1720 2773 1772 6
2799 1718 2987 1790 θυμός.
3016 1712 3202 1771 Εἶπεν
3236 1715 3460 1785 ἄφρων,
3499 1711 3682 1782 φησὶν,
3711 1711 3781 1765 ἐν

2102 1803 2314 1873 καρδίᾳ
2360 1803 2571 1859 αὑτοῦ·
2621 1807 2746 1859 Οὐκ
2788 1804 2923 1860 ἐστι
2971 1807 3136 1870 Θεός.
3181 1803 3335 1874 Τάχα
3383 1800 3477 1855 καὶ
3511 1800 3640 1872 περὶ
3683 1798 3779 1852 τού

2103 1891 2444 1963 θυμουμένου
2472 1892 2633 1947 τοῦτο
2662 1894 2838 1947 εἰπεῖν
2871 1890 3147 1964 εὔκαιρον,
3174 1890 3256 1944 ὅτι
3280 1884 3433 1943 εἶπεν
3455 1891 3484 1943 6
3505 1886 3781 1958 θυμούμε-

2102 1995 2211 2040 νοςο
2246 1978 2363 2032 Οὑκ
2403 1978 2519 2033 ἐστι
2561 1978 2715 2044 Θεός.
2760 1978 2926 2034 Κατὰ
2963 1978 3073 2050 γὰρ
3102 1975 3169 2031 τὸ
3200 1975 3459 2045 πλῆθος,
3487 1974 3642 2045 φησὶ,
3674 1971 3782 2039 τῆς

2102 2065 2288 2136 ὀργῆς
2318 2067 2508 2122 αὐτοῦ
2539 2068 2651 2123 οὐκ
2698 2066 3034 2136 ἐκζητήσει.
3078 2067 3177 2127 Ὃς
3213 2063 3324 2137 γάρ
3373 2063 3442 2118 ἂν
3488 2061 3780 2132 ἐπεισέλθῃ

2101 2155 2360 2231 λογισμὸς
2400 2158 2635 2228 εὐσεϐὴς
2660 2198 2676 2223 ,
2722 2157 2929 2222 πάντας
2967 2156 3242 2211 διωθεῖται
3271 2155 3366 2209 καὶ
3394 2149 3778 2223 διακρούεται,

2104 2246 2317 2308 πάντας
2351 2247 2532 2318 ῥίπτει
2581 2247 2866 2316 πλαγίους.
2911 2246 2976 2300 El
3019 2245 3094 2318 μὴ
3137 2245 3201 2298 σὺ
3236 2242 3437 2315 μᾶλλον
3470 2241 3655 2310 ἀλγεῖς
3686 2237 3782 2292 τοῦ

2102 2328 2475 2401 ὑϐρισθέντος,
2532 2328 2744 2402 ὕϐριζε,
2788 2328 2894 2384 κάν
2965 2328 3155 2401 μηδεὶς
3202 2328 3231 2382 6
3300 2324 3581 2396 ἐγκαλῶν·
3625 2324 3674 2376 εί
3706 2322 3784 2393 μὴ

2100 2416 2162 2470 :6
2195 2415 2290 2470 τοῦ
2310 2416 2337 2456 (ι
2373 2416 2675 2482 συνειδότος
2703 2417 3056 2488 δικαστήριον
3104 2415 3211 2487 ἰδίᾳ
3236 2431 3295 2469 σε
3327 2413 3492 2468 λαϐὸν
3532 2410 3783 2484 μαστίζει

2104 2505 2296 2579 μυρία.
2336 2506 2505 2560 Ὅταν
2554 2501 2647 2561 οὖν
2694 2503 2958 2578 ἀκούσῃς,
3007 2505 3090 2558 6::
3136 2505 3166 2557 6
3215 2500 3572 2575 ὑϐριζόμενος
3629 2497 3785 2552 οὐδὲν

2101 2592 2324 2658 ἐξέϐαλε
2356 2592 2515 2665 ῥῆμα
2544 2593 2762 2664 πικρὸν,
2799 2592 2921 2663 οὑχὶ
2953 2590 3126 2663 ταύτῃ
3158 2590 3358 2662 μᾶλλον
3396 2588 3619 2657 ἀλγεῖς;
3648 2584 3786 2639 Εἰπέ

2104 2697 2216 2752 μοι,
2265 2680 2385 2745 πῶς
2421 2679 2709 2751 ἄνθρωπον
2750 2681 2927 2752 πρᾶον
2982 2679 3075 2733 καὶ
3102 2676 3393 2739 ταπεινὸν,
3424 2675 3519 2729 καὶ
3563 2672 3782 2744 ἐπιεικῆ

2105 2768 2330 2840 μυρίαις
2371 2766 2605 2829 ἐπλυνας
2641 2765 2971 2838 λοιδορίαις;
3017 2764 3201 2819 Ταῦτα
3237 2763 3470 2833 λέγομεν
3513 2759 3782 2831 συνεχῶς,

2101 2855 2202 2926 οὑχ
2229 2853 2448 2927 δρῶμεν
2486 2853 2543 2907 δέ
2581 2852 3002 2924 ἐπιδεικνύμενα
3027 2851 3115 2905 διά
3154 2850 3265 2905 τῶν
3296 2850 3494 2922 ἔργων.
3538 2847 3785 2916 ’Δνθρω-

2104 2960 2203 3006 πος
2226 2941 2302 2996 ὢν
2333 2940 2620 3013 ἄνθρωπον
2666 2938 2946 3010 ὑϐρίζεις;
2998 2937 3186 3003 δοῦλος
3221 2935 3297 2991 ὢν
3330 2937 3424 2990 τὸν
3454 2933 3782 3007 δμόδουλον;

2114 3029 2277 3084 Ἀλλά
2303 3028 2357 3083 τί
2392 3027 2550 3083 τοῦτο
2591 3027 2880 3100 θαυμάζω,
2910 3027 3046 3080 ὅπου
3083 3043 3147 3097 γε
3193 3025 3288 3079 καὶ
3319 3023 3452 3079 Θεὸν
3500 3021 3784 3096 ὑϐρίζουσι

2102 3116 2286 3172 πολλοί
2305 3133 2320 3183 ;

2172 3226 2235 3282 δ’.
2269 3225 2442 3281 Τοῦτο
2468 3226 2604 3300 1:96;
2645 3227 2790 3296 ὑμᾶς
2819 3225 2961 3281 ἔστω
2988 3225 3316 3299 παραμυθία
3334 3223 3460 3288 τοὺς
3491 3219 3787 3295 ὑϐριζομέ-

2102 3331 2248 3380 νους.
2267 3315 2617 3387 Ὑϐρίζεσθε;
2641 3314 2923 3387 ὑϐρίζεται
2950 3314 3046 3369 καὶ
3066 3314 3218 3378 Θεός.
3238 3310 3623 3378 Ὀνειδίζεσθε;
3646 3310 3785 3363 ὀνει-

2105 3402 2311 3467 δίζεται
2334 3404 2427 3458 καὶ
2447 3402 2602 3466 Θεός.
2634 3401 2975 3457 Διαπτύεσθε
2998 3419 3013 3469 ;
3037 3401 3262 3474 καὶγὰρ
3288 3401 3383 3455 καὶ
3408 3398 3730 3469 δΔεσπότης
3759 3399 3788 3451 6

2103 3491 2392 3562 ἡμέτερος.
2437 3491 2528 3545 Ἐν
2563 3490 2662 3561 μὲν
2689 3486 2783 3545 οὑν
2812 3489 3023 3553 τούτοις
3046 3492 3181 3561 ἡμῖν
3213 3489 3480 3552 κοινωνεῖ,
3511 3488 3569 3542 ἐν
3597 3486 3654 3540 δὲ
3674 3488 3787 3550 τοῖς

2103 3576 2367 3641 ἐναντίοις
2394 3577 2495 3629 οὑκ
2526 3575 2625 3629 ἐτι.
2654 3575 2805 3648 [500]
2848 3577 2923 3630 UO
2940 3575 3050 3648 γὰρ
3068 3575 3291 3646 ὕϐρισεν
3306 3574 3508 3637 ἀδίκως
3530 3572 3682 3627 ποτέο
3711 3571 3786 3643 μὴ

2104 3662 2335 3733 γένοιτο⁶
2360 3662 2483 3717 οὑδὲ
2506 3662 2782 3717 ὠνείδισεν
2808 3663 3019 3727 ἁπλῶς,
3047 3662 3169 3716 ούδέ
3201 3662 3484 3732 ἠδίκησεν.
3524 3660 3688 3713 Ὥστε
3723 3661 3789 3730 ή-

2108 3753 2229 3823 μεῖς
2244 3753 2411 3822 ἐσμεν
2430 3753 2478 3804 οἱ
2501 3750 2905 3813 κοινωνοῦντες,
2925 3751 3028 3821 οὑχ
3047 3751 3225 3821 ὑμεῖς.
3259 3749 3334 3802 T6
3366 3748 3466 3819 μὲν
3488 3746 3599 3819 γὰρ
3633 3745 3788 3819 ὑϐρι-

2105 3838 2332 3909 ζόμενον
2361 3837 2572 3911 φέρειν,
2600 3837 2756 3892 Θεοῦ*
2795 3838 2856 3892 :6
2891 3838 2950 3892 δὲ
2980 3838 3222 3909 ὑϐρίζειν
3275 3834 3484 3901 ἁπλῶς,
3512 3835 3785 3905 δαίμονος.

2110 3927 2279 3980 Ἴδετε
2325 3926 2426 3991 τὰς
2482 3927 2585 3981 δύο
2624 3927 2868 4000 μερίδας.
2921 3927 3239 3996 Δαιμόνιον
3268 3926 3447 3996 ἔχεις,
3488 3925 3721 3996 ἤκουσεν
3760 3927 3790 3976 ὁ

2106 4013 2362 4084 Χριστός·
2398 4014 2706 4086 ἐρραπίσθη
2731 4015 2839 4068 ἀπὸ
2861 4013 2954 4067 τοῦ
2986 4012 3173 4067 δούλου
3206 4012 3300 4067 τού
3352 4012 3672 4084 ἀρχιερέως.
3724 4012 3787 4065 Οἱ

2107 4100 2420 4172 ὑϐρίζοντες
2476 4101 2656 4154 τοίνυν
2721 4101 2943 4165 ἀδίκως,
2984 4100 3100 4171 μετ’
3161 4099 3385 4152 ἐκείνων
3416 4110 3439 4137 ο
3469 4099 3785 4169 ἐστήκασιψ

2108 4188 2353 4252 εἰκότως.
2376 4190 2441 4244 Εἰ
2465 4190 2576 4261 γὰρ
2599 4189 2628 4241 6
2654 4188 2859 4259 Πέτρος
2888 4188 2981 4240 καὶ¹
3011 4187 3255 4249 Σατανᾶς
3287 4186 3488 4255 ήκουσε
3517 4185 3586 4238 δι’
3608 4184 3666 4237 ἐν
3694 4187 3791 4257 ῥῆ-

2111 4291 2208 4346 μα,
2243 4274 2424 4346 πο).λῷ
2455 4274 2658 4346 μᾶλλον
2714 4269 2862 4329 οὗτοι
2907 4272 3149 4330 Ἰουδαῖοι
3180 4272 3525 4336 ἀκούσονται,
3566 4271 3693 4325 ὅταν
3722 4272 3791 4326 τά

2121 4359 2388 4415 Ἰουδαίων
2413 4360 2662 4427 ποιῶσιν,
2687 4360 2877 4431 ὥσπερ
2899 4359 3142 4413 κάκεῖνοι
3163 4357 3409 4412 διαϐόλου
3435 4357 3618 4423 τέκνα,
3641 4359 3792 4413 ἐπει-

2108 4448 2173 4519 δὴ
2227 4447 2297 4501 :6
2350 4447 2445 4501 τοῦ
2504 4447 2753 4502 διαϐόλου
2817 4446 3156 4519 είργάζοντο.
3230 4443 3524 4517 ’Υϐρίζεις,
3561 4447 3646 4511 τίς
3688 4446 3786 4514 ὣν,

2110 4536 2231 4590 εἰπέ
2269 4554 2399 4608 μοι;
2437 4536 2656 4591 Μᾶλλον
2692 4535 2751 4589 δὲ
2775 4535 2866 4590 διά
2921 4535 3082 4589 τοῦτο
3112 4534 3375 4606 ὑϐρίζεις,
3409 4535 3598 4607 ἐπειδὴ
3637 4536 3790 4590 οὐδὲν

2110 4619 2179 4677 εἴ·
2229 4624 2408 4688 οὐδεὶς
2434 4624 2542 4695 γὰρ
2574 4623 2864 4695 ἄνθρωπος
2913 4621 2990 4675 ὢν
3022 4622 3256 4695 ὑϐρίζει.
3306 4622 3470 4676 Ὥστε
3502 4622 3531 4675 ὃ
3570 4622 3790 4690 λέγεται

2109 4713 2167 4764 ἐν
2193 4712 2312 4774 ταῖς
2342 4710 2564 4781 μάχαις,
2626 4710 2699 4763 Σὺ
2729 4709 2814 4774 τίς
2841 4705 2923 4776 εἷς
2977 4710 3037 4773 ἐξ
3083 4709 3332 4773 ἐναντίας
3361 4709 3466 4761 ἔδει
3514 4708 3786 4777 λέγεσθαι’

2108 4791 2244 4862 οἷον,
2274 4796 2530 4866 ’Υϐριζε,
2564 4796 2745 4865 λέγειν
2798 4797 2986 4868 ἐχρῆν·
3021 4796 3176 4850 ούδέν
3200 4794 3310 4867 γάρ
3344 4791 3417 4849 εἶ’
3476 4795 3574 4851 νῦν
3600 4795 3659 4850 δέ
3705 4796 3793 4849 λε-

2109 4885 2316 4955 γόντων
2353 4885 2534 4955 ήμῶν,
2571 4886 2660 4949 Ὠς
2689 4884 2776 4949 τίς
2808 4882 3089 4957 ὑϐρίζεις;
3132 4884 3221 4948 Ὠς
3256 4883 3478 4956 βελτίων
3533 4900 3650 4949 σου,
3701 4884 3791 4938 διά

2111 4973 2330 5028 πάντων
2357 4972 2578 5028 ἀκούειν
2609 4971 2748 5026 ἐστι.
2779 4973 2892 5027 Καὶ
2925 4974 3032 5043 μὴν
3071 4971 3135 5025 :6
3184 4972 3426 5027 ἐναντίον
3458 4971 3567 5025 ἔδει
3588 4972 3788 5041 λέγειν·

2110 5062 2226 5116 ἀλλ’
2260 5062 2449 5133 ἐπειδὴ
2473 5063 2637 5132 ἡμεῖς
2661 5061 2851 5125 κακῶς
2899 5060 3214 5133 ἐρωτῶμεν,
3239 5060 3327 5115 διὰ
3349 5060 3510 5115 τοῦτο
3537 5062 3784 5114 κάκεῖνοι

2110 5150 2296 5213 κακῶς
2319 5149 2727 5221 ἀποκρίνονταιο
2765 5149 2912 5203 ὥστε
2965 5151 3127 5220 ἡμεῖς
3159 5149 3344 5205 αἴτιοι.
3407 5150 3495 5212 Ὠς
3539 5149 3790 5219 μεγάλων

2108 5239 2219 5310 γὰρ
2256 5237 2468 5309 ἀνδρῶν
2491 5237 2660 5293 ὄντων
2692 5238 2802 5292 τῶν
2863 5239 3216 5312 ὑϐριζόντων,
3242 5238 3384 5293 οὕτω
3408 5237 3656 5306 λέγομενο
3698 5237 3787 5300 Ὧς

2108 5326 2191 5390 τίς
2218 5324 2492 5396 ὑϐρίζεις;
2519 5326 2619 5381 Διά
2655 5325 2815 5380 τοῦτο
2868 5328 3110 5380 κάκεῖνοι
3163 5324 3337 5387 οὕτως
3379 5322 3785 5393 ἀποκρίνονται.

2110 5413 2433 5468 Τούναντίον
2468 5413 2525 5468 δέ
2559 5414 2729 5486 ἐχρῆν
2759 5414 2960 5483 λέγειν·
3026 5412 3335 5484 Ὑϐρίζειςς
3371 5410 3579 5480 ὕϐριζε’
3614 5409 3788 5473 οὐδεὶς

2111 5502 2220 5573 γὰρ
2247 5498 2317 5558 εἴ.
2354 5504 2500 5575 Πρὸς
2532 5503 2590 5557 δέ
2620 5504 2747 5567 τοὺς
2771 5503 2873 5573 οὑχ
2905 5502 3229 5574 ὑϐρίζοντας
3268 5497 3428 5553 τοῦτο
3452 5497 3652 5570 μᾶλλον
3682 5497 3788 5553 ἔδει

2111 5589 2387 5660 λέγεσθαι·
2431 5591 2521 5656 Ὣς
2540 5591 2626 5655 τίς
2646 5591 2747 5661 οὑχ
2781 5589 3060 5662 ὑϐρίζεις;
3090 5586 3366 5659 ὑπερέϐης
3390 5585 3489 5657 τὴν
3515 5585 3792 5658 ἀνθρωπίο

2111 5695 2211 5748 νην
2236 5679 2420 5749 φύσιν.
2459 5676 2634 5731 Τοῦτο
2656 5678 2928 5745 εὐγένεια,
2957 5675 3118 5730 τοῦτο
3138 5673 3444 5746 ἐλευθερία,
3470 5673 3637 5746 μηδὲν
3691 5674 3790 5728 ἀν-

2111 5766 2396 5838 ελεύθερον
2418 5765 2778 5835 φθέγγεσθαι,
2806 5764 2908 5821 κᾶν
2935 5759 3141 5839 ἀξιοςῇ
3171 5780 3256 5829 τις
3290 5761 3530 5817 ἀκούειν.
3559 5762 3695 5816 Εἰπὲ
3723 5763 3786 5834 δή

2116 5872 2229 5924 μοι,
2257 5855 2413 5909 πόσοι
2444 5854 2563 5926 ούχὶ
2597 5853 2738 5922 ἄξιοί
2767 5855 2903 5908 εἰσιν
2947 5852 3321 5926 ἀναιρεῖσθαι;
3356 5850 3498 5905 Ἀλλ’
3549 5851 3701 5922 ὅμως
3728 5851 3791 5904 οὑ

2174 5955 2348 6024 {Tres
2371 5973 2486 6011 mss.
2513 5968 2566 6011 et
2588 5958 2763 6022 Savil.,
2810 5961 3023 6024 ἐγκαλῶν
3048 5958 3100 6023 ᾖ,
3146 5959 3202 6007 τὸ
3245 5954 3349 6005 τοῦ.

3453 5967 3475 5997 ι
3508 5954 3643 6006 Unus
3689 5955 3792 6017 μετ’

2117 6019 2309 6069 ἐκεῖνον.
2750 6019 2757 6022 ’
2844 6019 2853 6024 ⁷
3061 6019 3067 6023 ⁷
3528 6038 3531 6043 ι

3257 6100 3329 6160 18
