4112 6458
324 474 410 528 281

320 581 642 639 mntrarium
671 579 774 634 dici
804 578 1116 648 oportebat;
1158 577 1251 631 sed
1282 576 1403 646 quia
1438 589 1534 630 nos
1562 576 1700 632 male
1730 576 1900 630 inter-

320 691 596 749 rogamus,
641 675 760 730 ideo
803 674 876 730 illi
915 675 1053 728 male
1097 672 1462 744 respondent:
1498 671 1680 740 itaque
1722 682 1820 724 nos
1850 669 1902 722 in

315 783 475 822 causa
507 781 715 824 sumus.
747 767 821 821 Ac
849 767 891 819 si
916 767 1055 819 enim
1087 765 1161 819 illi
1188 761 1561 819 contumeliosi
1587 761 1762 831 magni
1789 758 1906 830 qui-

317 863 438 915 dam
468 860 566 914 viri
589 867 790 924 essent,
824 859 894 912 ita
925 857 1228 928 loquimur:
1253 855 1385 923 Quis
1412 863 1494 911 est
1514 854 1603 925 qui
1627 862 1905 909 contume-

319 953 440 1007 liam
487 951 717 1008 inferas?
761 952 885 1007 Ideo
925 951 997 1006 illi
1047 951 1123 1005 sic
1175 950 1518 1020 respondent.
1567 948 1905 1004 Contrarium

319 1061 448 1100 vero
478 1044 764 1115 oportebat
786 1043 968 1099 dicere
993 1060 1006 1098 :
1038 1042 1372 1098 Contumelia
1395 1041 1602 1097 aflicis?
1630 1046 1908 1095 contume-

320 1139 383 1191 lia
413 1135 604 1202 afﬁcc;
638 1135 820 1190 nullus
845 1136 988 1192 enim
1023 1149 1104 1190 es.
1139 1133 1217 1189 Ad
1251 1134 1370 1189 illos
1401 1148 1549 1198 vero,
1593 1131 1682 1202 qui
1715 1139 1903 1185 contu-

322 1229 475 1283 melia
503 1243 610 1283 non
641 1226 910 1294 afﬁciunt,
943 1227 1120 1298 potius
1145 1226 1432 1282 dicendum
1471 1234 1588 1281 erat
1616 1243 1629 1279 :
1661 1224 1788 1292 Quis
1813 1239 1870 1279 es
1890 1267 1903 1289 ,

321 1323 404 1392 qui
436 1321 761 1376 contumelia
795 1335 897 1375 non
922 1319 1129 1376 afﬁcis?
1161 1322 1445 1374 lmmanam
1469 1325 1710 1373 naturam
1734 1325 1906 1370 trans-

323 1415 568 1471 ecndisti.
619 1415 733 1470 Hoc
774 1413 1025 1469 nobilitas
1071 1421 1183 1479 est,
1231 1413 1366 1468 nihil
1408 1410 1670 1468 illiberale
1725 1409 1905 1480 loqui,

322 1509 526 1564 etiamsi
569 1508 690 1578 quis
719 1507 906 1562 :mdire
935 1505 1005 1560 sit
1033 1505 1247 1576 dignus.
1293 1505 1387 1559 Dic
1415 1517 1545 1560 vero
1580 1501 1747 1566 mihi,
1779 1509 1912 1571 quot

323 1617 426 1655 non
447 1608 572 1655 sunt
591 1600 735 1670 digni
759 1607 816 1654 ut
840 1598 1185 1654 occidantur?
1215 1611 1386 1668 nemte
1411 1606 1585 1652 tamen
1613 1611 1707 1666 per
1728 1611 1788 1651 se
1809 1595 1910 1651 hoc

323 1693 481 1760 judex
515 1692 654 1756 facit,
675 1690 768 1746 sed
795 1692 1106 1761 interrogat,
1139 1704 1311 1759 neque
1336 1704 1428 1758 per
1451 1689 1708 1759 seipsum.
1732 1687 1788 1743 Si
1809 1703 1908 1742 au-

329 1793 431 1838 tem
462 1784 658 1838 homini
688 1783 932 1852 improbo
948 1781 1111 1852 jndex
1137 1797 1239 1835 non
1263 1780 1512 1852 dignatur
1535 1795 1631 1850 per
1653 1795 1713 1836 se
1741 1779 1907 1850 loqui,

325 1875 414 1929 sed
442 1874 619 1930 medio
653 1875 901 1945 quopiam
932 1876 1116 1938 utitur,
1162 1875 1329 1929 multo
1357 1873 1526 1944 magis
1556 1887 1654 1928 nos
1700 1880 1913 1943 oportet

324 1982 474 2036 pares
501 1982 607 2020 non
631 1967 951 2021 contumelia
973 1965 1189 2021 allicere
1215 1985 1226 2019 :
1260 1965 1529 2027 nonenim
1554 1965 1626 2019 ita
1651 1964 1756 2019 illis
1779 1979 1913 2035 pra:-

324 2056 552 2127 ponendi
579 2057 781 2111 erimus
801 2097 816 2123 ,
848 2056 893 2112 si
927 2056 1048 2111 illos
1086 2055 1408 2111 contumelia
1439 2054 1752 2120 afﬁciamus,
1782 2064 1839 2109 ut
1865 2054 1910 2108 si

322 2150 632 2214 doceamur,
678 2149 820 2219 quod
863 2163 960 2204 nos
1009 2149 1156 2219 ipsos
1195 2148 1516 2204 contumelia
1553 2148 1909 2204 affeccrimus.

328 2240 485 2296 Malos
510 2256 636 2313 ergo
668 2240 788 2296 ideo
815 2240 1139 2296 cautumelia
1169 2239 1385 2295 afﬁcere
1410 2254 1514 2294 non
1549 2249 1782 2310 oportet,
1819 2239 1913 2293 bo-

327 2348 421 2388 nos
445 2341 622 2388 autem
649 2332 753 2386 alia
785 2347 996 2402 quoque
1022 2331 1088 2388 de
1111 2345 1292 2397 eausa,
1323 2330 1465 2402 quod
1491 2347 1599 2386 non
1629 2339 1908 2386 contume-

323 2424 388 2478 lia
417 2423 563 2494 digni
593 2424 733 2484 sint;
768 2424 925 2478 tertio
949 2431 1131 2479 autem
1171 2424 1290 2492 quia
1318 2423 1766 2480 contumeliosum
1793 2437 1913 2478 esse

321 2535 422 2574 non
441 2527 678 2589 oportet.
706 2517 855 2574 Nunc
875 2527 1051 2574 autem
1071 2517 1191 2574 vide
1215 2526 1413 2589 (lunata
1437 2517 1568 2572 ﬁant
1593 2534 1606 2570 :
1638 2526 1914 2574 contume-

321 2611 384 2664 lia
411 2620 469 2666 et
498 2611 698 2664 damno
725 2609 957 2666 afficitur
986 2609 1181 2676 homo,
1211 2623 1420 2664 necnon
1450 2609 1496 2664 is
1523 2610 1611 2678 qui
1646 2607 1790 2662 laedit
1812 2647 1827 2672 ,
1859 2615 1915 2660 et

319 2713 668 2774 spectatores.
703 2703 843 2771 Quid
871 2703 1039 2774 ergo?
1069 2719 1192 2758 num
1241 2702 1381 2758 feras
1406 2702 1459 2756 in
1487 2701 1723 2757 medium
1755 2715 1912 2756 acce-

318 2797 445 2852 dere
472 2805 727 2866 oportet,
774 2803 831 2850 et
872 2809 984 2850 rem
1034 2793 1368 2850 dissolvere?
1415 2793 1516 2849 hoc
1544 2792 1688 2848 enim
1728 2801 1910 2847 restat.

318 2889 448 2944 Cum
473 2889 622 2944 enim
652 2887 897 2943 homines
918 2895 1045 2944 sunt
1065 2887 1123 2954 ii,
1145 2887 1234 2959 qui
1258 2887 1311 2942 in
1335 2886 1619 2959 iniquitate
1639 2885 1912 2943 delectan-

321 2991 422 3049 tur,
479 2981 612 3038 feris
650 2982 1013 3036 reconciliatio
1061 2990 1415 3036 reservatur:
1461 2980 1915 3052 quemadmodum

320 3073 462 3129 heris
487 3072 640 3129 domi
667 3073 1049 3143 pugnantibus,
1078 3081 1245 3128 restat
1281 3081 1337 3126 ut
1365 3071 1647 3128 domestici
1676 3071 1797 3125 illos
1825 3087 1912 3126 re-

1275 462 1341 518 lN
1384 463 1561 518 ACTA
1605 456 2126 515 APOSTOIDRUM.
2171 458 2398 515 llOMlL.
2444 462 2534 517 XL

3499 488 3607 536 23-2

2011 573 2301 628 concilient
2328 574 2467 644 (hoc
2498 576 2641 630 enim
2673 587 2859 631 natura
2893 578 2966 633 rei
2995 579 3197 651 exigit,
3231 581 3438 637 etiamsi
3469 583 3605 640 forte

2009 667 2109 721 hac
2139 669 2346 724 ratione
2374 685 2478 723 non
2505 669 2617 740 ﬁat)
2643 689 2654 723 :
2686 671 2762 725 sic
2787 682 2842 726 et
2868 672 2968 727 hoc
2992 688 3144 740 casu,
3171 673 3504 731 Contumelia
3528 679 3605 730 af—

2010 759 2161 815 ﬁcis?
2194 772 2246 816 et
2268 761 2394 831 jure
2424 763 2672 833 quidem;
2705 780 2809 819 non
2841 766 2983 821 enim
3023 767 3186 823 homo
3220 786 3295 824 es.
3341 771 3464 826 Ideo
3492 787 3606 826 ma.

2007 868 2170 924 gnum
2197 856 2469 924 quidpiam
2511 872 2632 913 esse
2659 859 2770 912 visa
2801 867 2884 914 est
2914 862 3238 916 contumelia
3260 903 3276 929 ,
3311 872 3363 917 et
3391 866 3598 935 magnis

2009 959 2341 1016 congruere:
2371 950 2541 1005 servis
2572 959 2750 1006 autem
2775 953 2945 1022 magis
2970 955 3247 1023 competit,
3283 964 3340 1009 ut
3365 955 3500 1011 bene
3529 958 3609 1010 lo-

2009 1037 2096 1106 qui
2122 1038 2321 1093 liberos
2347 1039 2522 1095 decet.
2553 1041 2704 1097 Sicut
2725 1043 2868 1097 enim
2892 1045 3030 1099 male
3053 1044 3228 1100 facere
3252 1045 3316 1100 ad
3343 1046 3460 1103 illos
3485 1062 3606 1117 per-

2013 1131 2179 1195 tinet,
2215 1131 2292 1186 sic
2322 1130 2389 1186 ad
2419 1133 2518 1188 hos
2559 1133 2700 1189 mala
2744 1136 2873 1204 pati.
2908 1137 3150 1206 Exempli
3178 1152 3367 1201 causa,
3413 1137 3608 1191 ancilla

2013 1222 2212 1290 raptrix
2241 1232 2342 1287 est,
2366 1239 2485 1293 qua:
2513 1239 2599 1280 res
2621 1225 2824 1280 domini
2852 1229 3044 1296 raptim
3070 1225 3298 1297 subripit
3327 1247 3339 1282 :
3375 1229 3496 1283 talis
3519 1238 3603 1281 νει

2010 1321 2064 1366 et
2088 1314 2448 1368 contumelia:
2479 1325 2532 1371 et
2572 1325 2629 1370 ut
2654 1317 2773 1386 quis
2800 1318 3028 1384 dixerit,
3062 1318 3145 1373 fur
3181 1320 3451 1389 ingressus
3481 1329 3600 1373 stn-

2010 1403 2160 1459 diose
2187 1405 2380 1476 ubique
2410 1405 2699 1475 observat,
2728 1410 2924 1478 aliquid
2950 1410 3159 1465 auferre
3184 1425 3377 1466 curans
3403 1433 3415 1466 :
3442 1412 3521 1466 sic
3548 1420 3604 1466 et

2014 1495 2113 1551 iste
2141 1497 2320 1552 omnia
2347 1499 2710 1569 circumSpieit
2733 1541 2748 1566 ,
2776 1510 2833 1554 ut
2860 1501 3060 1570 aliquid
3090 1502 3300 1571 eripiat.
3327 1503 3444 1557 Alio
3473 1502 3610 1557 forte

2012 1587 2260 1657 exemplo
2302 1603 2475 1657 Ipsum
2507 1589 2876 1660 depingcmus.
2925 1591 3385 1658 Quemadmodum
3419 1592 3464 1646 si
3492 1593 3612 1661 quis

2015 1692 2140 1731 vasa
2170 1678 2443 1734 immunda
2473 1679 2619 1735 domi
2652 1679 2876 1748 foretur,
2909 1692 2962 1738 et
2985 1697 3168 1738 coram
3195 1683 3446 1739 omnibus
3473 1683 3610 1738 edu-

2013 1777 2098 1822 cat
2120 1807 2134 1832 ,
2164 1782 2269 1823 non
2307 1778 2415 1824 tam
2458 1769 2606 1825 illum
2638 1771 2890 1842 deturpat
2927 1772 3158 1840 furtum,
3191 1789 3348 1844 quam
3377 1775 3494 1844 ipse
3522 1790 3614 1830 se-

2016 1859 2322 1928 metipsum,
2348 1860 2474 1915 dum
2503 1861 2618 1916 haec
2644 1861 2819 1918 aufert
2845 1881 2858 1916 :
2891 1864 2968 1919 sic
2989 1873 3044 1919 et
3070 1865 3191 1931 iste,
3222 1867 3426 1934 impura
3451 1865 3614 1921 verba

2013 1966 2194 2005 coram
2218 1952 2468 2008 omnibus
2499 1953 2798 2022 proferens,
2829 1969 2934 2009 non
2965 1956 3102 2010 alios
3131 1955 3311 2011 verbis
3339 1957 3610 2025 deturpat,

2013 2041 2108 2095 scd
2137 2041 2373 2111 seipsum
2395 2084 2410 2110 ,
2441 2043 2567 2097 talia
2601 2044 2880 2112 proferens
2907 2044 3222 2116 fosdansquc
3251 2054 3308 2101 et
3335 2060 3396 2101 se
3425 2055 3476 2100 et
3505 2047 3610 2101 lin-

2015 2149 2172 2202 guam
2205 2143 2261 2189 et
2289 2144 2546 2190 mentem.
2580 2135 2812 2206 ldipsum
2842 2138 2984 2191 enim
3015 2137 3092 2204 ﬁt,
3121 2137 3336 2207 quando
3359 2137 3615 2193 adversus

2017 2226 2187 2283 malos
2221 2242 2552 2298 pugnamus,
2583 2242 2647 2282 ac
2674 2229 2719 2283 si
2750 2229 2869 2299 quis
2901 2230 2952 2284 in
2994 2229 3278 2300 putredine
3308 2240 3614 2285 versantem

2018 2327 2073 2372 nt
2100 2319 2290 2382 feriat,
2331 2319 2570 2389 seipsum
2599 2320 2941 2391 coinquinet,
2973 2336 3165 2377 manus
3198 2322 3249 2376 in
3278 2337 3492 2378 cmnum
3517 2321 3618 2377 de—

2015 2410 2252 2463 mittens.
2283 2408 2409 2466 Hice
2455 2412 2638 2468 omnia
2668 2453 2682 2477 ,
2715 2427 2932 2483 quaeso,
2979 2414 3317 2483 cogitantes,
3353 2413 3619 2484 fugiamus

2021 2500 2122 2554 hoc
2149 2499 2405 2555 damnum
2427 2544 2441 2565 ,
2471 2511 2525 2556 et
2555 2502 2750 2558 bonam
2782 2503 3076 2560 habeamus
3105 2507 3364 2576 linguam,
3399 2513 3456 2560 ut
3495 2505 3618 2575 puri

2016 2590 2084 2644 ab
2111 2591 2255 2644 omni
2295 2593 2618 2648 contumelia
2644 2634 2661 2661 ,
2693 2595 2962 2663 possimus
2989 2596 3148 2650 vitam
3182 2605 3502 2666 praesentem
3536 2595 3619 2648 di-

2019 2682 2247 2752 ligenter
2294 2683 2628 2754 transigere,
2679 2692 2733 2738 et
2771 2686 3035 2755 promissa
3071 2685 3417 2755 diligentibus
3455 2687 3621 2743 Deum

2017 2774 2153 2828 bona
2185 2775 2476 2845 consequi,
2506 2777 2674 2846 gratia
2718 2785 2770 2831 et
2813 2775 3142 2848 benignitate
3187 2776 3397 2836 Domini
3448 2780 3620 2833 nostri

2017 2867 2144 2925 Jesu
2170 2866 2401 2936 Christi,
2428 2869 2641 2941 quicum
2675 2868 2822 2926 Patri
2851 2882 2904 2925 et
2929 2870 3152 2942 Spiritui
3182 2881 3389 2938 saneto,
3419 2871 3586 2942 gloria
3607 2911 3621 2934 ,

2023 2963 2308 3033 imperium
2329 3005 2344 3029 ,
2389 2964 2587 3030 honor,
2623 2979 2766 3022 nunc
2789 2976 2843 3022 et
2865 2981 3098 3037 semper,
3132 2976 3186 3022 et
3215 2967 3268 3022 in
3296 2966 3490 3022 saecula

2019 3054 2283 3110 culorum.
2318 3056 2508 3110 Amen.

319 3200 3615 3228 mm

1688 3284 2025 3345 HOMlLlA
2063 3287 2198 3347 XL.

321 3439 448 3494 CAP.
494 3437 588 3491 18.
622 3452 673 3488 v.
709 3435 794 3494 18.
846 3433 1046 3488 Paulus
1085 3441 1252 3487 autem
1294 3449 1409 3486 cum
1451 3432 1619 3485 adhuc
1660 3432 1920 3485 ηιαηεὶδωί

391 3530 496 3584 dies
529 3529 718 3580 multos
735 3525 980 3595 fratribus
1004 3524 1308 3588 ualedicens,
1333 3523 1587 3593 navigavit
1613 3524 1666 3576 in
1689 3523 1916 3593 Syriam,

389 3632 434 3676 et
466 3635 588 3674 cum
624 3618 714 3672 illo
747 3616 985 3670 Priscilla
1021 3625 1066 3669 et
1095 3616 1281 3686 Aquila
1323 3616 1410 3685 qui
1438 3615 1534 3669 sibi
1563 3616 1843 3669 tetenderat
1869 3615 1921 3669 in

388 3712 666 3770 Cenchreis
691 3719 880 3781 caput;
911 3709 1122 3763 habebat
1143 3710 1276 3763 enim
1302 3718 1492 3763 uotum.

392 3808 443 3862 1.
488 3803 633 3862 Vide
675 3802 947 3875 quomodo
985 3803 1075 3858 lex
1116 3803 1289 3858 soluta
1329 3809 1443 3868 est;
1488 3799 1608 3855 vide
1654 3801 1924 3869 quomodo

324 3897 656 3954 conscientia
687 3895 1068 3953 detinebantur
1093 3912 1108 3951 :
1137 3894 1419 3950 Iudaicum
1452 3896 1594 3950 enim
1625 3899 1926 3962 eratcaput

327 3991 548 4046 tondere
576 4002 649 4044 ex
670 3997 816 4043 voto.
846 3987 1230 4043 Verumtamen
1248 3987 1536 4057 oportebat
1561 3987 1723 4040 etiam
1751 3986 1921 4040 sacri-

331 4082 502 4137 licium
537 4081 660 4138 ﬁeri
689 4098 702 4134 :
737 4079 880 4150 quod
916 4094 1025 4134 non
1055 4087 1138 4134 est
1171 4079 1408 4135 oblatum
1438 4089 1557 4149 post
1588 4078 1924 4134 verberatum

329 4173 671 4228 Sosthcnem.
711 4170 1004 4240 Oportebat
1041 4169 1190 4226 abire
1229 4170 1414 4235 illum;
1445 4169 1567 4225 ideo
1596 4177 1652 4224 et
1693 4167 1924 4223 festinat.

335 4266 396 4320 Et
422 4276 647 4338 rogatus
665 4263 804 4335 apud
831 4265 952 4320 illos
975 4263 1174 4334 Ephesi
1198 4279 1436 4330 manere,
1461 4277 1567 4316 non
1593 4261 1800 4316 annuit.
1821 4259 1930 4315 Cur

334 4372 458 4428 ergo
496 4371 690 4413 rursus
718 4355 1058 4412 Antiochiam
1102 4354 1388 4410 concedit?
1431 4354 1560 4408 Nam
1603 4353 1926 4417 Ascendens,

337 4451 526 4522 inquit,
556 4467 676 4506 cum
694 4451 961 4507 salutasset
985 4448 1284 4513 Ecclesium,
1314 4447 1570 4502 descendit
1587 4445 1926 4500 Antiochiam.

341 4543 587 4600 Humano
614 4543 846 4614 quodam
873 4542 1065 4599 all'ectu
1091 4541 1362 4598 civitatem
1398 4541 1542 4598 illam
1567 4537 1930 4610 prosequeba—

343 4645 460 4690 tur:
495 4635 570 4691 ibi
604 4635 751 4690 cnim
779 4634 1032 4706 appellati
1073 4643 1198 4688 sunt
1228 4633 1472 4703 discipuli
1501 4631 1828 4693 Christiani,
1862 4629 1930 4684 ibi

348 4727 566 4784 traditus
592 4735 677 4783 est
699 4728 884 4798 gratia:
910 4727 1026 4790 Dei,
1057 4726 1128 4782 ibi
1151 4727 1416 4796 dogmatis
1439 4723 1649 4795 negotia
1682 4721 1932 4793 perfecit.

354 4818 417 4870 Et
433 4819 522 4873 ille
540 4819 754 4889 quidem
789 4819 839 4872 in
864 4816 1073 4888 Syriam
1103 4818 1408 4887 navigavit;
1438 4816 1558 4870 illos
1584 4827 1713 4870 vero
1741 4811 1964 4882 Ephesi-

359 4907 608 4976 rcliquit:
648 4921 699 4966 et
742 4913 935 4966 merito
981 4910 1228 4980 quidem,
1278 4917 1469 4978 utpote
1511 4907 1789 4962 docturos.
1834 4904 1938 4972 Qui

356 5007 506 5052 tanto
527 5009 759 5069 tempore
787 5015 910 5055 cum
942 5001 1034 5055 illo
1055 5008 1333 5056 versantes
1357 5041 1372 5067 ,
1403 5000 1570 5054 multa
1598 4998 1898 5054 didicerant
1923 5015 1934 5051 :

349 5097 590 5143 attamen
614 5091 840 5147 nondum
865 5091 987 5146 illos
1002 5109 1031 5146 a
1052 5091 1440 5146 consuetudine
1460 5090 1678 5147 Iudaica
1699 5090 1942 5145 abduxe-

348 5190 452 5234 rat.
484 5180 627 5235 Ecce
659 5184 846 5238 mulier
875 5183 1015 5238 id-cm
1042 5182 1184 5252 quod
1209 5183 1307 5238 viri
1336 5183 1488 5250 facit,
1517 5192 1571 5238 et
1597 5183 1774 5237 docet.
1811 5183 1940 5236 Pro-

344 5282 529 5343 pterea
577 5274 892 5344 prohibetur
919 5275 974 5328 in
1001 5274 1182 5329 Asiam
1220 5275 1439 5342 venire,
1486 5274 1553 5329 ad
1595 5291 1694 5340 ea,
1727 5276 1939 5345 opinor,

343 5381 462 5434 qua:
489 5366 668 5436 magis
689 5366 949 5437 urgebant
972 5366 1252 5436 impulsus.
1282 5366 1409 5422 Vide
1431 5383 1661 5437 mimi-lue
1686 5369 1835 5422 illum
1860 5366 1944 5421 hic

343 5469 588 5530 rogatum
616 5465 679 5512 ut
701 5468 974 5524 maneret,
1007 5474 1107 5515 nec
1145 5473 1350 5515 morem
1380 5470 1677 5530 gerentem,
1709 5461 1830 5530 quia
1859 5477 1946 5516 ur-

340 5550 571 5619 gebatur
599 5557 663 5604 ut
689 5549 1014 5606 discederet.
1047 5550 1159 5606 Nec
1182 5551 1499 5622 simpliciter
1535 5553 1657 5608 illos
1696 5553 1943 5623 reliquit,

341 5641 432 5694 sed
447 5657 580 5695 cum
607 5636 877 5710 promissu
900 5642 1204 5697 revertendi
1233 5661 1244 5695 :
1277 5645 1548 5713 quomodo
1571 5653 1770 5710 autem,
1799 5645 1943 5700 audi.

345 5732 429 5785 19.
461 5729 820 5798 Devenitque,
863 5731 1062 5802 inquit,
1096 5731 1358 5802 Ephesum
1387 5744 1432 5788 et
1461 5736 1578 5790 illos
1603 5735 1673 5790 ibi
1706 5735 1946 5804 reliquit:

344 5821 445 5890 ipse
473 5839 598 5878 uero
631 5822 890 5890 ingressus
920 5825 974 5877 in
1013 5841 1353 5896 sgnugogam,
1391 5827 1667 5898 disputavit
1695 5845 1810 5882 cum
1845 5827 1946 5882 lu-

349 5913 482 5969 ditis.
513 5914 608 5969 20.
657 5911 972 5982 Rogantibus
1009 5924 1176 5969 autem
1211 5916 1314 5983 eis,
1360 5928 1412 5970 ut
1446 5919 1686 5988 anrpliori
1729 5929 1950 5990 tempore

2031 3444 2253 3490 "caneret
2280 3437 2420 3506 apud
2462 3437 2579 3492 illos
2599 3477 2616 3503 ,
2650 3454 2749 3490 non
2786 3439 2993 3505 annuit,
3021 3439 3110 3492 2|.
3140 3441 3230 3493 sed
3256 3440 3496 3494 valedixit
3523 3441 3625 3506 eis,

2029 3527 2202 3581 dicens
2226 3543 2244 3580 :
2277 3526 2490 3598 Oportet
2515 3544 2594 3582 me
2623 3529 2827 3582 omnino
2851 3531 3069 3600 festum,
3102 3530 3239 3598 quod
3269 3531 3455 3594 instat,
3485 3547 3634 3601 agere

2027 3616 2365 3687 Jerosolymis
2384 3634 2404 3682 ;
2441 3619 2625 3672 iterum
2671 3629 2839 3672 autem
2883 3630 3105 3673 revertar
3141 3621 3210 3673 ad
3251 3637 3366 3684 vos,
3400 3621 3510 3675 Deo
3547 3638 3631 3675 vo-

2030 3709 2161 3764 lente
2184 3723 2202 3762 :
2225 3718 2273 3763 et
2299 3709 2444 3763 solvit
2471 3709 2532 3762 ab
2566 3707 2788 3778 Epheso.
2813 3709 2903 3764 22.
2934 3708 3002 3764 Et
3030 3713 3289 3781 profectus
3320 3710 3628 3777 Cwsaream,

2032 3815 2147 3854 cum
2174 3802 2502 3864 ascendisset,
2532 3812 2580 3856 et
2609 3802 2876 3855 salutasset
2904 3799 3210 3869 Ecclesium,
3243 3803 3498 3857 descendit
3527 3803 3633 3856 An-

2031 3893 2300 3956 tiochiam;
2330 3893 2421 3949 25.
2444 3893 2608 3963 ibique
2633 3894 2895 3963 aliquanto
2923 3904 3178 3948 transacto
3210 3906 3451 3964 tempore,
3484 3896 3636 3950 exivit

2031 3985 2282 4038 transiens
2304 3985 2486 4038 deinde
2513 4002 2603 4055 per
2624 3985 2914 4038 Galaticum
2945 3987 3203 4057 regionem
3228 3997 3277 4041 et
3309 3986 3631 4058 Phrygiam,

2031 4078 2344 4146 confirmans
2371 4093 2544 4133 ontnes
2578 4079 2878 4149 discipulos.
2920 4080 3056 4135 Vide
3081 4122 3097 4148 ,
3140 4082 3333 4136 iterum
3377 4081 3526 4135 venit
3568 4081 3636 4135 ad

2035 4170 2185 4234 loca,
2231 4185 2352 4240 qua:
2399 4180 2524 4226 ante
2571 4171 2797 4226 adierat.
2836 4171 2927 4226 21.
2968 4170 3183 4227 Judccus
3223 4181 3389 4226 autem
3425 4171 3638 4240 quidam

2037 4262 2221 4331 Apollo
2251 4263 2473 4330 nomine,
2503 4262 2882 4318 Alexandrinus
2903 4280 3084 4334 genere
3103 4306 3118 4331 ,
3141 4264 3218 4318 uir
3246 4264 3483 4333 eloquens
3500 4305 3515 4330 ,
3545 4263 3636 4316 de-

2033 4353 2167 4407 venit
2193 4353 2481 4422 Ephesum,
2520 4363 2696 4423 potens
2723 4355 2776 4407 in
2813 4354 3118 4424 Scripturis.
3163 4355 3305 4410 Ecce
3341 4363 3398 4408 et
3437 4351 3631 4409 eruditi

2035 4447 2331 4517 praedicare
2365 4448 2626 4514 nituntur,
2660 4458 2714 4502 et
2760 4447 2980 4503 demum
3011 4447 3258 4518 discipuli
3285 4448 3628 4517 peregrinan-

2039 4548 2146 4594 tur.
2175 4539 2364 4596 Viden‘
2397 4539 2788 4597 incrementum
2819 4542 3253 4611 praidicationis?
3283 4541 3374 4597 25.
3407 4540 3508 4595 llic
3535 4554 3642 4596 erat

2039 4633 2244 4686 edoctus
2273 4633 2406 4685 uiam
2437 4632 2664 4696 Domini,
2700 4643 2748 4686 et
2779 4634 2976 4702 fervens
3008 4633 3212 4702 Spiritu
3243 4633 3563 4703 loquebatur,
3593 4642 3643 4687 et

2041 4725 2252 4778 docebat
2282 4723 2549 4795 diligenter
2577 4741 2638 4778 ea
2657 4766 2672 4789 ,
2700 4741 2814 4794 qua:
2837 4735 2955 4779 sunt
2979 4723 3222 4793 Domini,
3250 4727 3412 4779 sciens
3447 4734 3640 4780 tantum

2045 4816 2293 4886 baptisma
2330 4816 2573 4872 Joannis.
2603 4817 2694 4873 26.
2744 4816 2842 4872 llic
2867 4819 3014 4889 coepit
3045 4819 3200 4872 libere
3227 4819 3364 4888 loqui
3398 4822 3452 4872 in
3490 4834 3642 4888 syna-

2045 4924 2194 4978 goga.
2228 4908 2503 4963 Audientes
2531 4920 2698 4964 autem
2719 4909 2865 4963 illum
2888 4910 3141 4980 Aquilaet
3166 4909 3428 4977 Priscilla,
3447 4927 3647 4964 assum-

2048 5009 2253 5069 pscrunt
2279 5017 2416 5066 cum,
2447 5010 2492 5056 et
2517 5001 2812 5072 diligentius
2833 5011 3173 5072 exposuerunt
3198 5001 3244 5056 ei
3262 5002 3390 5056 ciam
3416 5001 3646 5056 Domini.

2047 5092 2101 5147 Si
2128 5091 2213 5145 hic
2233 5093 2502 5162 baptisma
2523 5091 2748 5147 Joannis
2772 5101 2974 5148 tantum
2999 5093 3224 5160 sciebat,
3250 5093 3522 5163 quomodo
3545 5091 3645 5146 fer-

2050 5185 2206 5239 vebat
2232 5185 2470 5254 Spiritu?
2500 5185 2732 5254 Spiritus
2762 5186 2906 5241 enim
2936 5202 3042 5241 non
3075 5187 3146 5240 ita
3179 5186 3425 5240 dabatur.
3457 5183 3514 5240 Si
3551 5197 3647 5236 au-

2052 5287 2157 5329 ti-m
2205 5275 2292 5344 qui
2336 5284 2455 5344 post
2503 5276 2652 5330 illum
2701 5277 2949 5344 fuerunt,
2991 5291 3128 5346 opus
3172 5276 3414 5331 habuere
3453 5273 3649 5328 Christi

2053 5367 2339 5437 baptismo,
2372 5368 2542 5421 nmlto
2571 5369 2739 5438 magis
2768 5368 2854 5423 hic
2873 5384 3010 5437 opus
3034 5367 3330 5422 habuisset.
3361 5363 3497 5433 Quid
3515 5378 3650 5432 ergo

2051 5457 2375 5514 dicendum?
2405 5475 2582 5529 neque
2609 5461 2752 5514 enim
2789 5461 2904 5516 sine
2948 5474 3109 5516 causa
3144 5469 3429 5528 utrumque
3474 5457 3652 5526 posuit

2051 5551 2302 5621 scriptor.
2325 5551 2551 5607 Videtur
2569 5553 2701 5607 mihi
2735 5553 2875 5607 hunc
2901 5567 3021 5609 esse
3052 5568 3216 5607 unum
3243 5567 3310 5606 ex
3332 5557 3548 5606 centum
3577 5550 3654 5603 vi-

2054 5643 2184 5710 ginti
2217 5642 2356 5708 (Act.
2393 5645 2441 5698 1.
2473 5645 2587 5712 l5),
2625 5643 2716 5713 qui
2746 5659 2867 5698 cum
2908 5643 3170 5712 apostolis
3197 5641 3450 5711 baptizati
3481 5648 3608 5695 sunt
3639 5659 3653 5695 :

2057 5736 2137 5790 vel
2167 5735 2213 5789 si
2254 5751 2361 5790 non
2398 5738 2468 5790 ita
2496 5737 2598 5803 sit,
2631 5736 2772 5805 quod
2808 5736 2862 5789 in
2890 5735 3174 5800 Cornelio,
3206 5736 3260 5789 in
3303 5734 3406 5789 hoc
3441 5748 3656 5804 quoque

2057 5829 2255 5883 factum
2280 5836 2383 5883 est.
2411 5828 2520 5885 Sed
2553 5843 2660 5884 non
2685 5828 3005 5898 baptizatur,
3035 5827 3210 5886 donec
3245 5827 3320 5883 illi
3350 5828 3652 5883 accuratius

2057 5930 2439 5991 exposuerunt.
2491 5920 2602 5977 lloc
2649 5920 2782 5976 mihi
2831 5935 3017 5976 verum
3066 5936 3188 5980 esse
3235 5921 3464 5987 videtur,
3521 5921 3646 5989 quia
