4112 6482
519 453 633 510 ἳιξῖ

527 568 787 640 baptizari
818 567 966 622 illum
997 563 1295 637 oportebat,
1324 563 1574 633 quoniam
1601 559 1881 616 duodecim
1914 557 1999 610 alii
2031 556 2115 609 ni-

531 663 601 714 hil
633 659 866 729 perfecte
893 663 1190 722 uoverunt',
1237 671 1407 726 neque
1436 670 1497 708 ea
1525 667 1645 724 qua:
1689 651 1872 707 Jesum
1904 656 2115 718 specta-

533 753 681 807 bant.
710 750 1013 806 Verisimile
1043 759 1126 804 est
1151 756 1328 801 autem
1361 747 1530 816 ipsum
1564 742 1889 813 baptizatum
1930 739 2114 794 fuisse.

528 842 793 897 Craterum
822 842 866 895 si
889 841 1110 896 Joannis
1129 838 1376 908 discipuli
1407 845 1529 907 post
1552 843 1828 903 acceptum
1854 830 2118 900 baptisma

528 933 708 990 denuo
733 934 1163 1004 baptizabantur,
1196 931 1476 1001 oportebat
1501 929 1662 985 etiam
1695 925 1990 996 discipulos
2016 924 2117 978 hoc

531 1029 726 1083 facere.
757 1027 846 1080 27.
879 1028 1004 1082 Cum
1033 1027 1178 1080 vellet
1203 1033 1372 1078 autem
1398 1023 1614 1076 transire
1641 1021 1694 1074 in
1719 1018 1997 1081 Achaiam,
2029 1031 2118 1069 ea:-

527 1121 716 1174 hortati
736 1121 920 1190 fratres
943 1120 1250 1190 scripserunt
1275 1116 1540 1185 discipulis
1559 1123 1613 1168 ut
1642 1113 1918 1182 reciperent
1944 1110 2112 1164 illum.

528 1211 626 1278 Qui
657 1228 771 1264 cum
801 1212 1035 1278 venisset,
1065 1209 1278 1264 contulit
1309 1210 1523 1262 multum
1551 1207 1616 1260 iis
1635 1247 1648 1268 ,
1681 1205 1771 1276 qui
1795 1203 2113 1258 crediderant

524 1319 613 1369 per
638 1305 876 1373 gratiam.
917 1303 1008 1358 28.
1052 1302 1374 1356 Vehementer
1411 1301 1544 1355 enim
1583 1297 1795 1354 Indicos
1834 1294 2116 1350 revincebat

523 1391 742 1460 publice,
771 1391 1040 1448 ostendens
1067 1407 1156 1461 per
1183 1392 1476 1462 Scripturas
1500 1388 1681 1443 Jesum
1710 1403 1816 1443 esse
1836 1386 2110 1440 Christum.

525 1482 679 1553 (Cap.
699 1483 875 1555 19.)1.
900 1483 1117 1538 Factum
1135 1493 1206 1538 est
1237 1492 1425 1546 autem,
1444 1497 1559 1535 cum
1592 1480 1774 1548 Apollo
1791 1487 1914 1532 esset
1934 1475 2114 1530 Corin-

528 1573 624 1639 thi,
651 1583 705 1627 ut
740 1573 939 1629 Paulus
979 1574 1260 1646 peragratis
1295 1571 1634 1644 superioribus
1667 1569 1891 1640 partibus
1927 1567 2114 1622 veniret

531 1664 810 1734 Ephesum,
855 1675 902 1719 et
926 1667 1170 1720 inveniret
1195 1666 1440 1733 quosdam
1463 1661 1763 1734 discipulos,
1801 1661 1857 1716 2.
1890 1660 2115 1728 dixitque

523 1756 594 1809 eis
619 1771 637 1808 :
651 1756 713 1810 Si
732 1755 982 1826 Spiritum
1005 1765 1236 1812 sanctum
1256 1755 1519 1824 accepistis
1538 1751 1829 1806 credentes?
1842 1749 1932 1805 Illi
1946 1758 2114 1803 autem

523 1847 760 1902 dixerunt
789 1850 834 1902 ei
858 1865 876 1903 :
907 1848 1013 1904 Sed
1039 1865 1194 1916 neque
1217 1849 1260 1902 si
1292 1847 1516 1918 Spiritus
1547 1855 1752 1900 sanctus
1779 1853 1879 1908 est,
1911 1841 2112 1896 audivi-

523 1956 655 1994 mus.
691 1940 745 1994 3.
774 1939 1018 2011 Dixitque
1045 1941 1112 1993 ad
1134 1939 1252 1994 illos
1279 1956 1297 1994 :
1331 1937 1392 1992 In
1420 1954 1522 2010 quo
1548 1954 1666 2008 ergo
1691 1935 1934 2007 baptizati
1957 1933 2114 1988 estis?

522 2030 615 2086 Illi
634 2041 800 2086 autem
817 2033 1091 2088 dixerunt:
1118 2033 1185 2086 In
1210 2031 1426 2087 Joannis
1456 2032 1772 2102 baptismate.
1795 2030 1848 2084 4.
1875 2027 2114 2096 Dixitque

523 2122 721 2178 Paulus
747 2139 765 2178 :
790 2122 1019 2180 Joannes
1047 2123 1251 2191 quidem
1275 2122 1545 2194 baptizavit
1573 2122 1824 2192 baptismo
1860 2119 2110 2191 paeniten-

521 2215 636 2277 tire,
667 2215 858 2284 populo
892 2215 1092 2279 dicens,
1132 2225 1188 2268 ut
1218 2215 1270 2268 in
1297 2230 1438 2278 eum,
1471 2214 1558 2284 qui
1587 2221 1825 2266 venturus
1865 2221 1972 2265 erat
2001 2219 2112 2280 post

517 2305 720 2373 ipsum,
763 2305 1056 2370 crederent;
1091 2306 1146 2359 id
1182 2315 1284 2373 est,
1312 2306 1364 2359 in
1390 2303 1647 2361 Christum
1681 2303 1879 2358 Jesum.
2011 2302 2113 2355 Au-

519 2396 714 2450 dientes
746 2404 913 2450 autem
939 2397 1178 2466 baptizati
1204 2405 1323 2450 sunt
1351 2396 1402 2450 in
1429 2397 1630 2450 nomine
1658 2393 1867 2448 Domini
1885 2393 2028 2448 Jesu.
2053 2391 2107 2448 6.

523 2486 590 2542 Et
618 2504 735 2542 cum
760 2489 1077 2560 imposuisset
1101 2489 1206 2544 illis
1236 2505 1416 2543 manus
1446 2487 1646 2541 Paulus
1665 2529 1680 2553 ,
1721 2487 1850 2540 venit
1887 2485 2112 2556 Spiritus

517 2589 724 2634 sanctus
747 2596 901 2650 super
921 2581 1058 2646 illos,
1083 2580 1510 2650 loquebanturque
1535 2580 1723 2649 linguis
1753 2587 1800 2633 et
1830 2578 2109 2649 prapheta-

518 2670 658 2725 bant.
695 2673 749 2726 7.
792 2671 1050 2742 Erantque
1075 2689 1248 2728 omnes
1272 2673 1367 2726 viri
1397 2673 1542 2742 quasi
1567 2671 1852 2726 duodecim.
1886 2670 2109 2726 Multum

517 2763 572 2820 hi
611 2765 680 2820 ab
707 2765 800 2820 illo
839 2765 1188 2832 differebant,
1225 2766 1314 2837 qui
1359 2780 1535 2836 neque
1572 2765 1812 2820 sciebant
1849 2763 2108 2834 Spiritum

514 2865 760 2913 sanetum
792 2872 934 2914 esse.
977 2859 1038 2913 lli
1072 2859 1232 2929 igitur
1271 2858 1360 2928 qui
1390 2857 1699 2928 diligentius
1729 2857 1802 2911 illi
1839 2871 2108 2926 esposue-

517 2956 642 3002 runt
663 2949 802 3002 viam
833 2947 1066 3012 Domini,
1095 2949 1429 3018 praemittunt
1447 2949 1608 3003 etiam
1639 2949 1927 3017 literasque
1954 2947 2105 3004 dant.

519 3039 747 3094 Volebat
779 3039 941 3110 igitur
968 3049 1025 3096 et
1051 3040 1164 3110 ipse
1207 3040 1259 3094 in
1293 3038 1550 3094 Achaiam
1580 3039 1790 3105 venire;
1817 3039 1913 3094 sed
1950 3048 2108 3094 ante-

519 3145 678 3199 quam
707 3129 858 3184 illum
887 3128 1078 3184 fratres
1101 3129 1375 3186 exhortati
1405 3138 1608 3196 essent,
1636 3144 1699 3185 ac
1727 3129 1908 3185 literas
1933 3129 1982 3184 ei
2009 3129 2106 3184 de-

515 3220 757 3288 dissent,
803 3237 910 3277 non
951 3221 1173 3277 recedit.
1209 3221 1309 3287 Qui
1351 3231 1407 3276 ut
1448 3221 1616 3288 venit,
1659 3221 1865 3292 inquit,
1897 3221 2108 3278 contulit

515 3313 730 3368 multum
759 3313 822 3368 iis
841 3355 857 3382 ,
885 3314 970 3384 qui
1005 3313 1326 3368 crediderant
1349 3329 1367 3368 :
1394 3315 1708 3369 vehementer
1735 3314 1868 3368 enim
1895 3311 2109 3367 Judteos

514 3406 792 3461 revincebat
816 3407 1035 3478 publice,
1067 3406 1333 3461 ostendens
1357 3423 1448 3477 per
1475 3406 1773 3476 Scripturas
1797 3405 1975 3460 Iesum
2001 3421 2109 3460 esse

515 3495 792 3552 Christum.
840 3497 976 3553 llinc
1018 3497 1253 3553 ostendit
1291 3513 1450 3567 quam
1483 3506 1672 3567 potens
1709 3498 1762 3552 in
1813 3496 2108 3568 Scripturis

515 3585 663 3646 esset'
687 3591 918 3661 Apollo:
949 3589 1165 3647 Judaeos
1206 3591 1351 3647 enim
1396 3592 1742 3647 vehementer
1783 3591 2109 3662 reprimebat

513 3681 537 3754 (
557 3682 659 3737 hoc
697 3683 843 3737 enim
887 3682 989 3738 sibi
1023 3684 1135 3737 vult
1171 3682 1328 3749 illud,
1363 3682 1730 3753 Revincebat);
1763 3682 2108 3739 credentibus

517 3788 645 3829 vero
670 3773 916 3828 fiduciam
955 3774 1172 3829 indebat
1202 3783 1260 3829 ut
1299 3773 1352 3829 in
1385 3774 1492 3829 title
1530 3783 1754 3830 starent.
1792 3773 2009 3828 Factum
2035 3785 2108 3830 est

509 3839 682 3920 (fidem
703 3907 718 3930 ,
748 3865 918 3936 inquit
937 3908 950 3928 ,
984 3876 1038 3919 ut
1072 3865 1290 3934 Paulus,
1319 3867 1599 3937 peragratis
1626 3866 1967 3937 superioribus
1987 3883 2108 3937 par—

517 3957 648 4012 tibus
669 3998 684 4024 ,
727 3959 916 4012 veniret
939 3957 1222 4029 Ephesum.
1251 3958 1387 4014 Sunt
1419 3967 1598 4014 autem
1627 3959 1730 4012 illa:
1753 3959 1903 4028 juxta
1931 3961 2107 4014 (Stesa-

519 4065 688 4116 ream,
713 4060 768 4105 et
796 4051 957 4105 ultra.
987 4049 1056 4104 Et
1081 4051 1268 4105 invenit
1295 4051 1543 4121 quosdam
1568 4050 1864 4120 discipulos,
1884 4051 2111 4122 dixitque

517 4141 588 4196 eis
611 4157 629 4194 :
659 4141 723 4196 Si
753 4141 1008 4211 Spiritum
1049 4149 1281 4195 sanctum
1317 4143 1582 4212 accepistis
1624 4140 1926 4196 credentes?
1955 4140 2108 4208 Quod

517 4241 696 4288 autem
727 4231 908 4287 hinon
935 4231 1222 4288 crederent
1243 4231 1294 4286 in
1319 4231 1610 4297 Christum,
1639 4231 1810 4301 palam
1829 4240 1912 4287 est
1931 4247 1995 4286 ex
2017 4247 2105 4300 eo,

516 4322 660 4392 quod
687 4322 887 4390 dicant,
916 4322 985 4376 In
1014 4339 1148 4391 eum,
1179 4323 1266 4394 qui
1292 4331 1530 4378 venturus
1555 4331 1663 4376 erat
1689 4331 1800 4391 post
1821 4323 2022 4394 ipsum,
2055 4334 2110 4378 ut

519 4416 746 4470 credant.
775 4416 956 4485 Neque
976 4415 1128 4480 dixit,
1155 4416 1298 4471 Nihil
1319 4426 1402 4472 est
1422 4415 1685 4486 baptisma
1707 4415 1926 4472 Joannis
1946 4434 1962 4484 ;
1986 4417 2108 4485 sed,

519 4505 898 4577 .mperfectum
929 4517 1030 4563 est.
1054 4508 1237 4579 Neque
1265 4508 1394 4564 illud
1416 4509 1535 4564 sine
1560 4522 1720 4562 causa
1745 4508 1982 4576 addidit,
2015 4510 2110 4565 sed

523 4606 580 4651 ut
605 4597 825 4652 doceret
853 4597 1208 4669 suaderetque
1236 4601 1327 4662 eis,
1361 4605 1420 4652 ut
1444 4598 1495 4652 in
1519 4599 1736 4653 nomine
1767 4598 1893 4654 Jesu
1938 4600 2110 4670 bapti-

516 4698 806 4745 zarentur:
838 4689 980 4761 quod
1005 4690 1169 4747 etiam
1197 4690 1428 4756 facium,
1467 4698 1524 4746 et
1553 4691 1811 4762 Spiritum
1844 4694 2114 4762 accipiunt

523 4799 590 4836 ex
611 4782 958 4852 impositione
971 4799 1221 4839 tnanuum
1242 4782 1546 4840 Pauli.Cum
1561 4785 1904 4856 imposuisset,
1920 4787 2111 4857 inquit,

526 4875 625 4928 illis
653 4890 834 4930 manus
867 4873 1102 4942 Paulus,
1145 4878 1276 4930 venit
1322 4877 1551 4947 Spiritus
1585 4887 1792 4932 sanctus
1832 4895 1984 4949 super
2008 4895 2112 4934 eos.

527 4967 710 5036 Itaque
739 4968 771 5021 ii
814 4966 1068 5037 Spiritum
1096 4969 1464 5037 accipiebant,
1505 4970 1698 5039 quibus
1725 4986 1916 5027 manus
1945 4973 2116 5044 impo-

529 5058 710 5113 nebat.
742 5056 1046 5113 Verisimile
1077 5059 1237 5128 igitur
1267 5068 1350 5114 est
1379 5060 1501 5115 illos
1529 5061 1788 5131 Spiritum
1829 5063 2114 5132 habuisse,

526 5165 626 5205 nec
649 5149 985 5220 apparuisse,
1019 5150 1119 5204 nisi
1145 5167 1209 5206 ex
1235 5152 1567 5221 operatione,
1601 5161 1656 5208 et
1679 5169 1742 5208 ex
1771 5169 1838 5210 eo
1859 5154 2000 5224 quod
2030 5156 2114 5212 lo-

524 5253 818 5313 querentur
838 5243 1051 5313 linguis.

597 5335 651 5388 2.
693 5334 926 5400 Sedea,
966 5350 1086 5405 qua:
1113 5336 1360 5405 superius
1405 5336 1541 5390 lecta
1590 5346 1749 5402 sunt,
1788 5347 2116 5408 repetamus.

533 5427 729 5484 Paulus
757 5439 927 5483 autem
948 5430 1201 5500 navigavit
1241 5427 1293 5482 in
1320 5429 1549 5497 Syriam,
1581 5430 1788 5499 inquit,
1818 5441 1863 5485 et
1889 5449 2003 5485 cum
2030 5433 2120 5486 illo

531 5518 776 5576 Priscilla
810 5532 856 5576 et
884 5522 1089 5589 Aquila,
1121 5537 1275 5592 quos,
1311 5537 1431 5577 cum
1465 5524 1795 5591 pervenisset
1823 5525 2117 5596 Ephesum,

534 5612 604 5665 ibi
631 5613 866 5682 reliquit.
895 5612 987 5667 Vcl
1015 5614 1134 5683 quia
1167 5613 1377 5669 nolebat
1404 5614 1522 5668 illos
1547 5614 1970 5682 circumducere,
2002 5607 2123 5673 ideo

536 5701 752 5771 reliquit
786 5719 802 5758 :
833 5703 915 5757 vel
945 5704 1142 5772 potius,
1177 5713 1232 5758 ut
1272 5704 1521 5760 doctores
1549 5717 1826 5762 manerent
1851 5707 2120 5777 Ephesiis.

539 5792 642 5860 Ipsi
669 5808 796 5848 vero
822 5804 1003 5862 postea
1033 5795 1271 5850 Corinthi
1304 5795 1626 5862 habitarunt,
1657 5797 1723 5852 de
1747 5800 1939 5868 quibus
1960 5801 2122 5854 etiam

534 5885 818 5958 magniﬁco
863 5888 1198 5957 testificatur,
1243 5899 1294 5945 et
1346 5889 1601 5946 Romanis
1649 5891 1894 5948 scribens
1932 5893 2124 5949 salutat

1310 451 1366 504 S.
1408 445 1684 503 JOANNIS
1718 438 2186 500 ('HRYSOSTOMI
2227 439 2542 495 ARCHIEP.
2585 437 3112 497 CONSTANTINUP.

3707 441 3806 496 983

2231 553 2395 624 i;.sos.
2427 554 2602 623 Quare
2629 556 2839 612 videtur
2889 559 3017 612 mihi
3066 558 3208 626 ipsos
3248 566 3432 628 postea
3461 560 3671 613 venisse
3698 558 3806 612 Ro-

2226 659 2403 712 mam,
2447 655 2633 714 utpote
2662 649 2749 717 qui
2797 647 3024 702 libenter
3065 647 3466 717 frequentarent
3504 650 3641 714 loca,
3669 649 3808 704 unde

2225 734 2377 805 ejeeti
2409 736 2616 791 fuerant
2643 738 2742 792 sub
2772 738 3004 794 Nerone.
3036 739 3103 793 Et
3131 741 3456 802 descendens,
3488 740 3679 810 inquit,
3709 742 3810 794 Cte-

2222 842 2441 894 saream,
2489 844 2602 881 cum
2645 829 2950 884 ascendisset
2988 841 3036 884 et
3082 833 3348 887 salutasset
3380 831 3679 895 Ecclesium,
3724 833 3809 886 de-

2222 918 2412 972 scendit
2444 919 2763 975 Antiochiam
2787 963 2802 988 ,
2829 933 3100 992 exactoque
3139 924 3209 978 ibi
3252 926 3513 994 aliquanto
3550 934 3769 994 tempore
3793 967 3806 989 ,

2222 1011 2362 1078 exiit,
2396 1015 2737 1081 pertransiens
2779 1014 3063 1071 Calaticam
3091 1018 3270 1072 exinde
3293 1020 3545 1089 regionem
3573 1028 3620 1071 et
3655 1016 3811 1088 Phry-

2220 1101 2376 1172 giam.
2406 1103 2626 1160 Videtur
2678 1107 2810 1162 mihi
2858 1107 3043 1163 lideles
3087 1108 3194 1164 illic
3241 1116 3541 1165 conventus
3592 1109 3806 1180 egisse:

2223 1209 2328 1248 non
2349 1196 2492 1250 enim
2519 1198 2700 1253 statim
2730 1200 2847 1255 illos
2877 1200 3278 1258 abstrahebant.
3314 1202 3449 1256 Vide
3470 1209 3648 1257 autem
3679 1218 3811 1271 quo-

2222 1285 2381 1341 modo
2408 1287 2528 1344 illos
2559 1300 2761 1360 urgeat.
2792 1292 2853 1346 Et
2876 1291 2972 1347 has
3002 1293 3246 1362 regiones
3275 1294 3470 1347 iterum
3499 1293 3804 1362 pertransit,

2221 1385 2280 1432 ut
2322 1383 2603 1449 praesentia
2649 1398 2743 1438 sua
2776 1383 3064 1455 discipulos
3110 1386 3408 1441 conlirmet.
3439 1385 3656 1438 Judteus
3699 1401 3808 1439 vero

2219 1469 2448 1536 quidatn,
2477 1471 2668 1542 inquit,
2713 1475 2897 1544 Apollo
2925 1477 3145 1544 nomine,
3165 1481 3303 1533 venit
3322 1476 3604 1547 Ephesum,
3637 1487 3808 1546 potens

2219 1560 2271 1612 in
2303 1561 2603 1630 Scripturis.
2635 1564 2806 1620 Homo
2851 1567 3076 1636 diligens
3121 1575 3269 1632 erat;
3300 1567 3530 1638 ideoque
3577 1569 3807 1637 peregri-

2219 1651 2466 1707 nabatur.
2501 1654 2744 1721 Quicum
2769 1658 3002 1725 venisset,
3037 1659 3235 1728 inquit,
3263 1660 3316 1712 in
3355 1659 3628 1725 Achaiam,
3661 1661 3806 1714 vehe-

2218 1751 2409 1796 menter
2438 1743 2716 1799 revincebat
2754 1745 2969 1802 Juda'os
3017 1749 3230 1818 publice.
3264 1749 3338 1804 De
3366 1765 3476 1819 quo
3511 1750 3712 1805 Paulus
3740 1751 3817 1805 tli-

2219 1831 2374 1886 cebat
2401 1848 2414 1886 :
2446 1833 2522 1888 De
2542 1835 2729 1904 Apollo
2748 1847 2917 1892 autem
2943 1842 3104 1911 fratre
3141 1841 3218 1909 (1.
3243 1841 3362 1896 Cor.
3395 1842 3484 1896 16.
3529 1843 3642 1913 η).
3672 1842 3818 1910 Quod

2219 1923 2430 1993 publice
2457 1928 2826 2000 redargueret,
2851 1931 2977 1986 hinc
3005 1932 3195 1987 ﬁducia
3221 1933 3655 2000 ostendebatur;
3679 1937 3816 2005 quod

2217 2019 2566 2079 vehementer
2596 2025 2818 2081 facultas
2848 2027 3084 2082 enitebat
3109 2044 3123 2093 ;
3153 2028 3296 2098 quod
3326 2044 3392 2084 ex
3435 2029 3642 2084 divinis
3670 2029 3814 2085 Scri-

2218 2114 2388 2184 pturis
2414 2115 2762 2184 ostenderet,
2796 2119 3127 2189 experientia
3174 2119 3606 2176 monstrabatur.
3638 2121 3815 2192 Neque

2217 2208 2359 2262 enim
2403 2208 2613 2265 dicendi
2654 2210 2874 2266 libertas
2901 2212 3100 2282 aliquid
3129 2212 3369 2282 perlicit,
3394 2212 3625 2270 absente
3651 2213 3814 2269 lacul-

2219 2311 2360 2368 tate;
2394 2317 2568 2374 neque
2598 2302 2824 2359 facultas
2851 2305 3073 2360 absente
3098 2305 3362 2360 libertate.
3387 2304 3537 2374 Ergo
3564 2321 3668 2360 non
3698 2307 3813 2362 sine

2216 2407 2376 2448 causa
2424 2394 2671 2464 Aquilam
2719 2396 2936 2466 reliquit
2976 2395 3202 2465 Ephesi,
3228 2395 3323 2450 sed
3368 2406 3594 2466 propter
3619 2399 3810 2468 Apollo

2218 2488 2396 2543 forsan
2427 2486 2660 2559 Spiritus
2684 2489 2788 2545 hoc
2817 2489 3166 2560 dispensavit,
3193 2499 3249 2545 ut
3276 2489 3464 2545 fortior
3492 2490 3812 2546 ascenderet

2215 2576 2649 2634 Corintbum.Et
2675 2595 2773 2634 cur
2818 2580 2942 2636 huic
2986 2579 3117 2635 nihil
3170 2579 3448 2646 fecerunt,
3482 2581 3534 2635 in
3585 2581 3809 2636 Paulum

2215 2678 2394 2726 autem
2438 2669 2768 2742 insurgunt?
2797 2672 3053 2728 Sciebant
3079 2672 3229 2728 illum
3269 2671 3616 2744 coryphaeum
3645 2687 3767 2728 esse
3791 2689 3806 2739 ;

2217 2765 2300 2819 vel
2329 2765 2454 2835 quia
2480 2781 2728 2838 magnum
2761 2776 2878 2822 erat
2902 2768 3002 2822 viri
3033 2781 3248 2822 nomen.
3285 2767 3612 2821 Assumentes
3640 2776 3810 2821 autem

2215 2855 2382 2921 illum,
2415 2857 2609 2927 inquit,
2640 2858 2827 2928 Aquila
2853 2867 2899 2911 et
2932 2856 3173 2913 Priscilla
3196 2899 3211 2923 ,
3248 2857 3540 2927 diligentius
3565 2874 3814 2922 exposue-

2213 2955 2332 2999 runt
2369 2948 2415 3000 ei
2457 2947 2592 3001 viam
2634 2946 2751 3002 Dei.
2785 2948 2918 3003 Vide
2946 2948 3218 3018 quomodo
3240 2949 3418 3002 omnia
3450 2947 3552 3002 fide
3579 2948 3811 3018 perlice-

2214 3044 2403 3092 rentur
2445 3047 2500 3093 et
2542 3053 2807 3110 nusquam
2853 3039 3074 3107 invidia,
3108 3054 3370 3110 nusquam
3404 3039 3542 3093 livor
3575 3057 3588 3093 :
3617 3040 3811 3111 Aquila

2213 3129 2413 3195 docet;
2449 3131 2558 3186 imo
2605 3132 2784 3201 potius
2836 3132 2954 3202 ipse
2997 3132 3239 3187 docetur.
3273 3132 3484 3188 Etenim
3534 3133 3814 3202 aliquanto

2213 3227 2456 3291 tempore
2483 3236 2604 3277 cum
2637 3222 2730 3277 illo
2749 3232 3049 3291 versantes,
3079 3224 3159 3280 sic
3187 3223 3362 3280 edocti
3384 3232 3527 3289 sunt,
3562 3233 3618 3278 ut
3646 3225 3810 3280 etiam

2212 3313 2349 3369 alios
2377 3315 2572 3370 docere
2606 3324 2846 3385 possent.
2871 3315 3000 3372 Cum
3025 3325 3193 3370 autem
3220 3317 3366 3371 vellet
3393 3317 3500 3386 ipse
3519 3319 3736 3372 transire
3757 3319 3810 3373 in

2217 3405 2480 3472 Achaiam,
2513 3407 2706 3478 inquit,
2739 3408 3073 3477 scripserunt
3097 3407 3394 3478 discipulis,
3422 3417 3480 3463 ut
3505 3409 3811 3480 reciperent

2211 3513 2356 3553 eum.
2388 3497 2496 3555 Cur
2524 3499 2705 3555 literas
2731 3499 2969 3556 seribant
2999 3500 3198 3556 indicat
3224 3517 3236 3553 :
3274 3501 3340 3556 Ut
3363 3501 3510 3556 illum
3538 3502 3804 3574 recipiant,

2214 3593 2409 3662 inquit.

2287 3685 2545 3750 Quantum
2576 3686 2830 3758 baptisma
2867 3685 3056 3742 Christi
3087 3695 3288 3758 pra’stet
3329 3685 3622 3758 baptismati
3644 3685 3807 3740 Joan-

2215 3775 2314 3829 nis.
2337 3806 2408 3818 --
2439 3776 2505 3831 Ει
2546 3777 2684 3833 unde
2713 3778 2880 3848 liquet
2907 3778 3049 3844 illos,
3086 3792 3209 3833 cum
3242 3778 3441 3847 Ephesi
3471 3787 3676 3840 essent,
3711 3779 3808 3832 ba-

2214 3868 2406 3938 ptisma
2434 3867 2658 3924 Joannis
2685 3868 2971 3924 habuisse?
2996 3868 3128 3935 Quia
3153 3868 3486 3938 interrogati,
3513 3867 3576 3920 In
3603 3885 3700 3936 quo
3721 3869 3812 3922 ba-

2214 3959 2393 4028 ptizati
2415 3961 2534 4014 estis
2557 3960 2582 4012 ?
2611 3959 2798 4014 dicunt
2826 3975 2840 4014 :
2872 3958 2940 4012 In
2989 3959 3210 4012 Joannis
3264 3958 3580 4027 baptismate.
3607 3960 3809 4014 Forsan

2215 4060 2340 4107 tunc
2368 4051 2760 4124 Jerosolymam
2791 4065 2851 4107 se
2881 4049 3240 4115 contulerant,
3272 4058 3326 4104 et
3351 4049 3601 4104 abierunt
3631 4059 3687 4104 et
3718 4051 3811 4107 lia-

2216 4143 2396 4212 ptizati
2420 4153 2546 4198 sunt
2569 4160 2584 4208 ;
2609 4143 2702 4198 sed
2725 4143 2887 4198 etiam
2923 4141 3196 4212 baptizati,
3215 4140 3396 4196 Jesum
3418 4155 3523 4194 non
3548 4141 3809 4198 sciebant.

2214 4233 2324 4289 Nec
2355 4234 2481 4290 dicit
2504 4236 2604 4303 eis,
2635 4233 2869 4289 Creditis
2898 4233 2950 4287 in
2981 4231 3198 4287 Jesum?
3225 4231 3319 4286 sed
3364 4231 3526 4303 quid?
3551 4232 3609 4287 Si
3640 4233 3814 4303 Spiri-

2217 4336 2324 4382 tum
2349 4336 2579 4382 sanctum
2610 4327 2922 4398 accepistis?
2943 4325 3146 4381 sciebat
3168 4326 3310 4381 enim
3341 4325 3484 4396 quod
3519 4341 3628 4381 non
3652 4327 3801 4382 habe

2218 4429 2358 4476 rent.
2390 4421 2460 4476 Et
2503 4421 2616 4476 vult
2662 4421 2713 4476 id
2755 4420 2876 4475 illos
2904 4419 3118 4485 dicere,
3148 4427 3206 4473 ut
3253 4419 3485 4474 scientes
3541 4418 3666 4489 quid
3711 4419 3810 4473 sibi

2217 4511 2450 4576 deesset,
2482 4511 2534 4566 id
2566 4520 2832 4582 peterent.
2869 4509 2936 4564 Et
2960 4510 3268 4580 imponente,
3294 4509 3484 4580 inquit,
3511 4510 3615 4562 illis
3644 4506 3809 4561 Paulo

2218 4618 2422 4668 manus,
2452 4603 2586 4656 venit
2618 4600 2846 4673 Spiritus
2873 4610 3077 4655 sanctus
3107 4616 3258 4670 super
3284 4615 3388 4665 eos,
3411 4609 3457 4653 et
3485 4597 3808 4665 loquebantur

2221 4695 2406 4766 linguis
2421 4702 2467 4748 et
2496 4693 2884 4764 prophetabant.
2914 4693 2995 4748 Ab
3030 4693 3146 4762 ipso
3177 4691 3442 4762 baptismo
3468 4687 3804 4760 prophetam.

2174 4813 2184 4824 -
2221 4786 2334 4841 Hoc
2375 4794 2554 4841 autem
2593 4785 2817 4840 Joannis
2845 4783 3109 4853 baptisma
3155 4797 3260 4837 non
3290 4781 3558 4845 habebat;
3589 4777 3808 4849 ideoque

2221 4876 2594 4948 imperfectum
2640 4885 2777 4932 erat.
2809 4875 2878 4932 Ut
2909 4891 3070 4946 porro
3119 4874 3202 4930 his
3247 4875 3393 4944 digni
3446 4872 3773 4928 haberentur
3799 4914 3813 4937 ,

2222 4970 2545 5039 praeparavit
2573 4968 2714 5022 illos.
2744 4967 2927 5037 Itaque
2956 4967 3057 5022 hoc
3085 4965 3298 5021 volebat
3321 4965 3560 5021 Joannes
3585 4979 3705 5019 cum
3735 4964 3816 5018 ba.

2225 5059 2478 5129 ptizabat,
2502 5068 2563 5114 ut
2592 5059 2874 5115 crederent
2920 5058 2973 5112 in
3002 5066 3283 5113 venturum
3313 5067 3433 5128 post
3466 5059 3660 5128 ipsutn.
3686 5057 3817 5112 llinc

2226 5149 2530 5205 ostenditur
2586 5165 2839 5221 magnum
2883 5148 3097 5219 dogma,
3127 5148 3270 5219 quod
3305 5149 3394 5218 qui
3449 5149 3814 5219 baptizantur,

2225 5240 2465 5311 perfecte
2489 5256 2517 5294 a
2547 5241 2780 5312 peccatis
2804 5249 3118 5310 purgentur.
3141 5239 3253 5294 Nisi
3281 5238 3424 5295 enim
3441 5247 3814 5310 purgarentur,

2225 5337 2482 5406 Spiritum
2529 5350 2633 5390 non
2671 5335 3000 5403 acciperent,
3034 5348 3140 5386 non
3185 5332 3364 5388 statim
3404 5331 3816 5386 cltarismatibus

2227 5429 2591 5498 dignarentur.
2625 5425 2694 5480 Et
2719 5425 2840 5480 vide
2863 5423 3004 5495 quod
3030 5423 3226 5494 duplex
3260 5431 3386 5478 tunc
3412 5423 3679 5478 charisma
3703 5423 3816 5476 site

2227 5522 2428 5577 donum
2460 5519 2658 5584 fuerit,
2691 5529 2744 5574 et
2772 5520 2965 5587 lingua:
3013 5527 3062 5573 et
3094 5517 3411 5587 prophetia}.
3447 5515 3614 5570 Recte
3642 5521 3814 5568 autem

2228 5615 2363 5669 dixit
2389 5613 2652 5683 baptisma
2683 5610 2907 5668 Joannis
2951 5609 3276 5681 paenitentiae
3301 5624 3422 5664 esse
3447 5649 3461 5672 ,
3489 5624 3598 5663 non
3643 5615 3814 5660 autem

2232 5705 2566 5763 remissionis
2598 5705 2852 5774 :erigens
2901 5703 3018 5758 illos
3059 5700 3402 5771 suadensque
3448 5699 3547 5764 eis,
3591 5699 3692 5751 hoc
3733 5710 3812 5748 va-

2232 5813 2392 5854 cuum
2434 5796 2601 5853 fuisse
2647 5796 2970 5866 baptismum
3021 5793 3170 5848 illum
3207 5812 3219 5847 :
3255 5807 3379 5846 nam
3425 5790 3692 5861 posterius
3715 5786 3817 5840 dati

2234 5892 2483 5962 baptismi
2507 5905 2640 5960 opus
2668 5901 2783 5943 erat
2808 5887 3053 5942 remissio
3077 5887 3183 5941 illa.
3217 5885 3280 5941 Et
3305 5883 3574 5957 quomodo
3606 5881 3695 5953 qui
3717 5873 3829 5944 Spi-
