4112 6452
376 404 484 463 285

390 515 545 586 Ἐμοὶ
569 517 625 574 δὲ
645 519 901 586 δοκεῖ,δτι
925 519 1018 574 καὶ
1043 519 1207 592 πολλὴ
1240 517 1306 593 ἦν
1331 523 1362 594 ἠ
1401 520 1680 593 παρρησία
1717 517 1810 573 τοῦ
1835 515 2044 585 ἀνδρός.

388 601 475 658 Ἃ)
486 605 530 658 λ’
543 608 590 660 εἰ
612 608 705 661 καὶ
721 607 963 679 ἀκριϐῶς
981 607 1156 662 ἐλάλει
1175 609 1242 661 τὰ
1259 613 1386 680 περὶ
1398 608 1490 661 τοῦ
1509 607 1703 676 Ἰησοῦ,
1718 607 1866 677 ὅμως
1881 605 2051 657 ἐδεῖτο

381 691 461 747 ἔτι
499 695 897 768 ἀκριϐεστέρας
943 697 1310 761 διδασκαλίας.
1344 697 1500 751 Οὕτω
1547 696 1723 750 καίτοι
1749 694 1848 747 οὐκ
1895 691 2049 756 εἰδὼς

383 779 578 847 πάντα,
612 784 720 837 ἀπὸ
758 785 859 854 τῆς
906 786 1214 858 προθυμίας
1241 785 1592 839 ἐπεσπάσατο
1623 783 1682 836 τὸ
1727 781 1952 852 Πνεῦμα
1994 783 2053 832 τὸ

379 865 555 936 ἅγιον,
585 870 839 944 καθάπερ
866 874 915 926 οἱ
943 875 1072 946 περὶ
1103 875 1426 944 Κορνήλιον.
1453 873 1607 944 Τάχα
1639 869 1826 925 πολλοὶ
1854 867 2051 922 ποθοῦ-

379 967 483 1019 σιν,
513 958 562 1010 εἰ
611 959 703 1013 καὶ
741 960 837 1014 νῦν
861 957 949 1033 ἦν,
983 962 1043 1016 τὸ
1089 961 1185 1016 τοῦ
1244 962 1491 1017 Ἰωάννου
1522 961 1824 1031 βάπτισμα.
1892 956 2053 1010 Ἀλλά

378 1042 564 1098 πολλοὶ
597 1045 663 1099 ἂν
683 1047 965 1120 ἠμέλησαν
997 1048 1112 1119 βίου
1170 1048 1447 1121 ἐναρέτου,
1489 1047 1521 1121 ἥ
1553 1049 1645 1102 καὶ
1671 1046 1932 1118 ἐνομίσθη
1986 1046 2051 1100 ἂν

375 1129 606 1197 ἕκαστος
636 1133 788 1206 [505]
819 1135 906 1190 διὰ
941 1137 1100 1190 τοῦτο
1132 1149 1181 1200 α,
1221 1137 1314 1191 καὶ
1335 1137 1394 1190 οὐ
1424 1138 1511 1191 διά
1561 1135 1838 1207 βασιλείαν
1883 1135 2046 1204 οὐρα-

375 1218 508 1283 νῶν,
544 1222 794 1290 ἐφίεσθαι
823 1222 925 1292 τῆς
948 1224 1393 1296 ἀρετῆς.¹¹Αλλως
1421 1225 1478 1279 δὲ
1505 1225 1690 1279 πολλοὶ
1711 1224 1776 1278 ἀν
1804 1223 2050 1294 ἐγένοντο

373 1304 840 1380 ψευδοπροφῆται,
901 1312 995 1366 καὶ
1040 1312 1142 1366 οὐκ
1175 1313 1240 1367 ἂν
1270 1312 1455 1366 λοιπὸν
1482 1315 1530 1366 οἱ
1583 1312 1800 1383 δόκιμοι
1848 1308 2051 1380 σφόδρα

374 1395 674 1466 ἐφάνησαν,
724 1397 835 1452 οὐδ’
864 1399 930 1454 ἂν
964 1400 1419 1472 ἐμακαρίσθησαν
1452 1401 1499 1454 οί
1532 1400 1630 1470 τὴν
1656 1399 1838 1454 πίστιν
1864 1398 2051 1460 ἀπλῶς

372 1483 828 1555 παραδεξάμενοι.
890 1487 1102 1559 Ὠσπερ
1156 1484 1248 1542 οῦν
1279 1491 1344 1542 Οἱ
1390 1488 1476 1558 μὴ
1514 1488 1744 1554 ἰδόντες
1799 1487 1898 1540 καί
1953 1501 2050 1538 πι-

371 1572 744 1638 στεύσαντες
795 1574 1096 1644 μακάριοι,
1153 1576 1324 1641 οῦτως
1357 1577 1406 1630 οἱ
1457 1579 1626 1648 χωρὶς
1664 1573 1906 1645 σημείων
1956 1590 2047 1626 πι-

373 1655 675 1724 στεύοντες.
701 1663 836 1714 Εἰπὲ
865 1663 928 1733 δή
969 1680 1082 1734 μοι,
1109 1663 1208 1718 οὐκ
1250 1663 1523 1728 ὀνειδίζων
1564 1662 1833 1726 Ἰουδαίοις
1863 1661 2047 1731 ἔλεγεν

367 1745 397 1800 6
428 1744 682 1818 Χριστός·
735 1749 875 1804 Ἐὰν
893 1749 980 1820 μὴ
1002 1751 1224 1820 σημεῖα
1255 1751 1439 1820 ἴδητε,
1489 1753 1562 1807 οὐ
1595 1751 1682 1820 μὴ
1713 1751 2047 1820 πιστεύση-

368 1850 468 1901 τε;
498 1837 706 1892 Οὐκοῦν
741 1837 892 1893 οὐδὲν
916 1840 1364 1912 παρεδλάϐημεν,
1401 1843 1448 1893 εἰ
1475 1840 1725 1911 θέλοιμεν
1757 1841 2058 1912 προσέχειν·

366 1921 603 1988 ἑαυτοῖς.
639 1925 710 1978 Τὸ
737 1927 1032 1995 κεφάλαιον
1063 1928 1258 1999 ἔχομεν
1287 1928 1397 1982 τῶν
1446 1927 1670 1996 ἀγαθῶν
1696 1927 1785 1982 διά
1813 1928 1907 1981 τοῦ
1945 1928 2043 1998 βα-

368 2008 694 2083 πτίσματος·
733 2015 930 2085 ἄφεσιν
964 2017 1380 2089 ἁμαρτημάτων
1433 2017 1722 2089 ἐλάϐομεν,
1751 2018 2042 2088 άγιασμὸν,

367 2097 686 2170 Πνεύματος
739 2105 1045 2176 μετάληψιν
1073 2145 1086 2171 ,
1149 2106 1444 2172 υἱοθεσίαν,
1486 2105 1631 2178 ζωὴν
1685 2107 1922 2161 αἰώνιον.
1981 2107 2045 2159 Τί

367 2185 624 2256 βούλεσθε
659 2190 866 2256 πλέον;
925 2196 1166 2263 σημεῖα;
1214 2193 1375 2248 Ἀλλά
1428 2195 1806 2266 καταργεῖται.
1858 2194 2045 2248 Πίστιν

365 2273 534 2346 ἔχεις,
559 2276 770 2342 ἐλπίδα,
794 2279 1038 2351 ἀγάπην,
1070 2280 1141 2334 τά
1172 2281 1424 2352 μένοντα·
1454 2282 1626 2336 ταῦτα
1668 2283 1843 2354 ζήτει,
1872 2283 2046 2336 ταῦτα

372 2363 611 2432 σημείων
636 2365 831 2436 μείζω.
863 2367 1030 2421 Οὐδὲν
1061 2369 1283 2440 ἀγάπης
1307 2370 1442 2424 ἴσον·
1473 2369 1699 2431 Μείζων
1739 2370 1982 2425 πάντων
2005 2373 2043 2441 ἡ

365 2449 591 2520 ἀγάπη,
629 2455 783 2524 φησι.
823 2454 940 2510 Νῦν
968 2456 1082 2529 δέη
1141 2458 1328 2529 ἀγάπη
1382 2459 1696 2514 κινδυνεύει·
1734 2460 1905 2530 ὄνομα
1935 2461 2044 2532 γὰρ

367 2539 538 2609 αὐτῆς
567 2542 954 2598 ὑπολέλειπται
1008 2546 1190 2615 μόνον,
1221 2546 1282 2600 τὸ
1323 2547 1381 2602 δέ
1409 2547 1572 2622 ἔργον
1619 2547 1879 2620 οὐδαμοῦ,
1904 2548 2043 2604 ἀλλά

363 2623 672 2700 διῃρήμεθα
699 2630 797 2685 ἀπ’
837 2632 1100 2704 ἀλλήλων.

433 2722 502 2784 γ’.
523 2717 588 2770 Τί
609 2714 702 2772 οὖν
731 2720 798 2774 ἄν
829 2737 913 2785 τις
929 2722 1229 2793 ἐργάσαιτο
1254 2723 1394 2778 ὥστε
1420 2722 1652 2792 συνάψαι
1676 2741 1689 2788 ;
1721 2723 1782 2777 τὸ
1809 2724 1907 2795 μὲν
1934 2723 2043 2795 γὰρ

361 2803 660 2872 ἐγκαλέσαι
711 2805 954 2874 εὔκολον,
989 2811 1125 2865 ἀλλά
1179 2810 1340 2866 τοῦτο
1399 2812 1571 2882 ἥμισύ
1606 2813 1776 2866 ἐστιν.
1832 2813 2043 2868 Οὐκοῦν

361 2893 632 2952 δεικνύναι
657 2898 740 2952 δεῖ
775 2899 892 2963 πῶς
920 2900 986 2952 ἃν
1025 2901 1322 2974 ἐργασθείη
1369 2902 1542 2973 φιλία’
1573 2900 1733 2956 τοῦτο
1765 2902 1875 2974 γάρ
1925 2905 2042 2957 ἐστι

360 2986 424 3040 τὸ
459 2987 916 3060 σπουδαζόμενον,
949 2989 1066 3053 πῶς
1096 2991 1166 3044 τά
1208 2990 1346 3060 μέλη
1390 2991 1460 3044 τά
1485 2991 1865 3061 διεσπασμένα
1921 3007 2044 3044 συν-

362 3075 686 3145 αγάγωμεν.
723 3077 798 3130 Οὐ
843 3077 953 3148 γὰρ
985 3077 1144 3131 τοῦτό
1181 3080 1298 3132 ἐστι
1348 3079 1408 3132 τὸ
1459 3077 1791 3150 ζητούμενον
1834 3079 2041 3144 ἁπλῶς,

363 3163 412 3215 εί
449 3163 577 3233 μίαν
618 3162 947 3236 Ἐκκλησίαν
985 3164 1201 3236 ἔχομεν,
1243 3167 1275 3236 ἢ
1327 3166 1385 3218 ἒν
1417 3166 1598 3238 δόγμα
1627 3184 1640 3196 ’
1673 3166 1810 3221 ἀλλά
1843 3167 1906 3220 τὸ
1933 3167 2041 3222 δει·

362 3250 453 3304 νὸν
483 3250 641 3305 τοῦτό
694 3254 875 3316 ἐστιν,
927 3253 1009 3306 ὅτι
1063 3255 1122 3306 ἐν
1165 3256 1278 3317 τοῖς
1316 3253 1499 3317 ἄλλοις
1532 3254 1916 3320 κοινωνοῦντες
1945 3257 2042 3310 ἀλ·-

362 3336 568 3409 λήλοις,
618 3340 675 3393 ἐν
723 3342 836 3404 τοῖς
888 3341 1208 3410 ἀναγκαίοις
1251 3343 1312 3396 οὐ
1343 3343 1732 3414 κοινωνοῦμεν,
1770 3344 1866 3398 καὶ
1904 3345 2043 3415 μετά

363 3427 583 3482 πάντων
639 3428 1011 3500 εἰρηνεύοντες
1039 3469 1056 3496 ,
1102 3430 1161 3482 ἐν
1204 3431 1454 3502 ἀλλήλοις
1511 3432 1897 3503 στασιάζομεν.
1949 3433 2040 3504 Μὴ

361 3516 493 3589 γάρ,
528 3517 577 3570 εί
607 3516 681 3588 μὴ
709 3517 887 3588 μάχας
918 3517 1040 3573 καθ’
1062 3517 1300 3590 ἑκάστην
1342 3521 1625 3588 ποιοῦμεν,
1680 3520 1894 3586 σκόπει,
1925 3520 2042 3576 ἀλλ’

362 3601 445 3655 ὅτι
503 3602 624 3656 ούδέ
659 3603 880 3674 ἀγάπην
937 3603 1166 3674 γνησίαν
1200 3605 1397 3678 ἔχομεν
1429 3607 1521 3660 καὶ
1567 3607 1782 3676 ἀκλινῆ.
1827 3607 2040 3662 Ἐπιδέ-

365 3706 518 3760 σμων
560 3690 718 3766 χρεία
773 3693 869 3746 καὶ
918 3691 1122 3748 ἐλαίου.
1167 3692 1562 3765 Ἐννοήσωμεν,
1617 3695 1700 3748 ὅτι
1752 3695 2042 3768 γνώρισμά

362 3779 510 3831 ἐστιν
537 3780 569 3850 η
596 3779 782 3851 ἀγάπη
809 3779 920 3834 τῶν
951 3779 1211 3852 μαθητῶν
1257 3781 1351 3836 τοῦ
1399 3782 1662 3856 Χριστοῦ,
1697 3783 1779 3838 ὅτι
1836 3784 2040 3856 ταύτης

361 3869 535 3940 χωρὶς
557 3868 710 3922 οὐδὲν
752 3868 924 3939 ἰσχύει
962 3869 1030 3922 τά
1064 3869 1217 3925 ἄλλα·
1252 3869 1332 3924 ὅτι
1387 3870 1590 3926 ἄπονόν
1632 3874 1748 3926 ἐστι
1784 3874 2039 3943 πρᾶγμα,

362 3957 458 4010 ἐὰν
489 3957 753 4028 θέλωμεν.
813 3957 939 4024 Ναὶ,
995 3961 1180 4028 φησὶν,
1213 3957 1435 4030 οἴδαμεν
1482 3960 1676 4020 ταῦτα,
1713 3959 1848 4014 ἀλλά
1897 3960 2038 4028 πῶς,

365 4046 453 4099 ἵνα
491 4045 850 4116 κατορθωθῇ;
911 4047 1000 4111 Τί,
1028 4047 1114 4100 ἵνα
1143 4048 1406 4119 γένηται;
1461 4049 1600 4114 πῶς,
1653 4049 1740 4102 ἵνα
1797 4049 2040 4120 φιλῶμεν

361 4134 661 4204 ἀλλήλους;
702 4134 978 4207 Πρότερον
1007 4134 1075 4189 τὰ
1106 4135 1428 4208 ἀναιρετικά
1460 4139 1560 4207 τῆς
1597 4137 1819 4207 ἀγάπης
1847 4136 2040 4201 ἐξέλω-

365 4240 485 4294 μεν,
517 4225 610 4278 καὶ
637 4224 758 4277 τότε
785 4226 1055 4296 στήσομεν
1084 4224 1309 4293 ταύτην.
1343 4225 1549 4297 Μηδεὶς
1604 4223 1744 4278 ἔστω
1775 4225 2042 4296 μνησίκα-

363 4326 478 4376 κος,
511 4309 697 4382 μηδεὶς
719 4310 861 4365 ἔστω
893 4311 1182 4382 βάσκανος,
1231 4311 1423 4384 μηδεὶς
1476 4312 1830 4384 χαιρέκακος⁶
1865 4311 2042 4366 ταῦτά

361 4399 480 4453 ἐστι
531 4399 599 4452 τὰ
638 4399 952 4454 κωλυτικά·
986 4400 1054 4454 τά
1097 4400 1155 4453 δὲ
1206 4399 1467 4471 ποιητικά
1512 4400 1696 4471 ἕτερα.
1739 4401 1854 4453 Οὐκ
1882 4401 2043 4470 ἀρκεῖ

361 4489 432 4541 τά
464 4485 744 4540 κωλύοντα
797 4487 1028 4552 ἀνελεῖν,
1088 4487 1225 4540 ἀλλὰ.
1269 4487 1459 4541 καὶτὰ
1512 4487 1742 4541 ἱστῶντα
1775 4488 1881 4559 χρὴ
1907 4489 2042 4542 07:0-

362 4573 659 4628 δεικνύναι.
702 4575 761 4628 Ὀ
819 4576 919 4646 μὲν
974 4571 1066 4630 οὖν
1128 4576 1298 4648 Σιράχ
1356 4576 1504 4646 λέγει
1559 4577 1626 4630 τὰ
1677 4577 2036 4648 ἀναιρετικά,

363 4664 460 4717 καὶ
508 4664 610 4718 οὐκ
654 4662 734 4718 ἔτι
782 4665 849 4718 τά
898 4665 1276 4729 συνάπτοντα,
1313 4665 1621 4736 ὀνειδισμὸν
1673 4665 1900 4736 φάσκων
1946 4668 2041 4720 καὶ

367 4751 669 4822 μυστηρίου
728 4751 1074 4822 ἀποκάλυψιν
1105 4751 1197 4805 καὶ
1253 4751 1468 4823 πληγὴν
1499 4753 1701 4806 δολίαν.
1773 4752 1912 4806 Ἀλλ’
1952 4754 2038 4808 ἐπ’

364 4838 589 4892 ἐκείνων
610 4838 708 4907 μὲν
724 4839 948 4903 εἰκότως
969 4840 1161 4903 ταῦτα,
1179 4840 1273 4894 άτε
1287 4841 1563 4912 σαρκικῶν
1577 4842 1765 4896 ὄντων’
1783 4844 1867 4913 ἐφ’
1882 4844 2041 4915 ήμῶν

363 4925 419 4980 δὲ
447 4925 522 4996 μὴ
548 4924 774 4994 γένοιτοο
805 4927 906 4980 οὐκ
929 4927 1038 4981 ἀπὸ
1069 4927 1274 4982 τούτων
1297 4928 1441 4999 ὑμᾶς
1469 4930 1756 5000 ἐνάγομεν,
1783 4929 1899 4984 ἀλλ’
1932 4931 2041 4986 ἀπὸ

364 5012 473 5068 τῶν
499 5011 693 5067 ἄλλων.
718 5013 883 5066 Οὐδὲν
912 5015 1044 5081 ἡμῖν
1065 5015 1180 5068 ἐστι
1203 5017 1437 5086 χρηστὸν
1461 5016 1644 5087 φιλίας
1660 5016 2042 5089 χωρίς.Ἔστω

367 5102 540 5176 μυρία
587 5100 788 5170 ἀγαθά,
845 5101 981 5156 ἀλλά
1011 5103 1064 5156 τί
1091 5103 1152 5156 τὸ
1179 5103 1403 5174 δφελος;
1435 5104 1576 5158 ἔστω
1619 5104 1865 5170 πλοῦτος,
1902 5105 2043 5161 ἔστω

367 5192 548 5266 τρυφὴ
594 5190 765 5262 φίλων
791 5191 963 5262 χωρὶς
997 5191 1047 5256 b,
1076 5192 1210 5246 ἀλλά
1235 5193 1291 5246 τί
1314 5193 1377 5248 τὸ
1407 5193 1635 5264 κέρδος;
1667 5195 1833 5250 Οὐδὲν
1856 5197 2043 5267 κτῆμα

364 5281 558 5335 τούτου
584 5278 804 5335 κάλλιον
827 5279 922 5334 καὶ
952 5281 1010 5334 ἐν
1028 5283 1142 5343 τοῖς
1176 5279 1451 5350 βιωτικοῖς
1473 5283 1817 5353 πράγμασιν,
1853 5281 2042 5358 ὥσπερ

364 5365 458 5424 οὖν
512 5367 620 5422 τῶν
659 5367 1054 5440 ἐχθραινόντων
1087 5368 1238 5421 οὐδὲν
1263 5368 1663 5441 χαλεπώτερον.
1694 5369 1912 5440 Ἀτάπη
1947 5389 2046 5425 κα-

365 5456 578 5510 λύπτει
605 5451 836 5524 πλῆθος
858 5451 1309 5526 ἁμαρτημάτων·
1343 5455 1454 5527 ἡδὲ
1491 5453 1661 5528 ἔχθρα
1709 5455 1895 5510 καὶτὰ
1945 5458 2046 5510 οὐκ

365 5541 495 5597 ὅντα
530 5543 851 5600 ὑποπτεύει.
885 5544 1000 5598 Οὐκ
1030 5544 1194 5615 ἀρκεῖ
1233 5542 1307 5614 μὴ
1352 5538 1490 5598 εἶναι
1523 5542 1742 5616 ἐχθρὸν,
1793 5543 1929 5598 ἀλλά
1967 5545 2046 5598 δεῖ

369 5631 462 5683 καὶ
509 5630 662 5702 [506]
718 5632 914 5700 φιλεῖν.
959 5631 1262 5702 Ἐννόησον,
1300 5633 1382 5685 ὅτι
1434 5633 1462 5684 6
1499 5631 1734 5703 Χριστὸς
1767 5630 2044 5695 ἐκέλευσε,

371 5719 463 5770 καὶ
483 5719 644 5788 ἀρκεῖ
663 5717 841 5773 τοῦτο.
876 5719 989 5772 Καὶ
1015 5719 1192 5789 θλῖψις
1222 5722 1368 5773 ποιεῖ
1408 5720 1612 5789 φιλίας,
1647 5720 1743 5774 καὶ
1800 5720 2043 5789 συνάγει.

373 5797 436 5852 Τί
465 5800 578 5867 οῦν,
611 5805 766 5872 φησὶ,
797 5804 910 5868 νῦν,
946 5806 1033 5857 ὅτε
1063 5805 1237 5875 θλῖψις
1261 5809 1361 5860 οὐκ
1382 5806 1564 5875 ἔστιν;
1601 5806 1743 5870 εἰπὲ,
1768 5806 1908 5872 πῶς,
1959 5807 2046 5861 ἵνα

377 6051 403 6094 L
841 6003 1130 6094 'éjapétoaJ'
1149 6012 1234 6058 κᾶν
1275 6014 1494 6090 ἐνομίσθη
1520 6017 1735 6072 ἕκαστος.
1774 6016 1861 6065 Διά
1887 6015 2043 6066 τοῦτο,

435 6061 637 6123 Quidam
679 6077 814 6125 “185.,
841 6061 986 6127 τρυφή
1032 6071 1184 6128 φιλίας
1206 6061 1372 6139 ﬁeri}:

1158 409 1213 465 S.
1259 408 1546 465 JOANNIS
1579 405 2070 466 CHRYSOSTUM!
2110 405 2426 463 ARCIIIEP.
2469 409 3014 468 CONSTANTINOP.

3721 411 3826 464 280

2157 514 2442 587 γενώμεθα
2469 520 2644 588 φίλοι;
2689 522 2802 576 Οὐκ
2848 522 3000 592 ἔχετε
3034 520 3222 590 φίλους
3281 519 3492 583 ἄλλους,
3543 522 3665 578 εἰπέ
3705 543 3829 595 μοις

2160 601 2276 666 πῶς
2303 605 2482 659 αὐτῶν
2534 610 2659 661 ἐστε
2697 609 2876 677 φίλοις
2940 609 3058 672 πῶς
3089 607 3407 678 διαμένετε;
3443 609 3593 674 Τέως
3643 612 3831 682 μηδεὶς

2162 691 2365 760 μηδένα
2423 693 2616 765 ἐχθρὸν
2667 695 2856 766 ἐχέτω*
2898 697 2997 750 οὐκ
3029 696 3144 750 ἔστι
3200 695 3358 749 τοῦτο
3389 696 3606 766 μικρόν·
3643 698 3833 768 μηδείς

2155 779 2440 848 φθονείτω’
2473 783 2574 835 οὐκ
2596 782 2674 836 ένι
2703 783 2796 837 τὸν
2823 784 2898 856 μὴ
2933 784 3234 854 φθονοῦντα
3282 787 3631 856 κατηγορεῖν.
3685 786 3830 840 Μίαν

2152 867 2410 939 οἰκοῦμεν
2460 871 2791 941 οἰκουμένην
2831 874 3089 939 ἅπαντες,
3143 873 3256 936 τοῖς
3298 873 3483 933 αὐτοῖς
3520 873 3832 943 τρεφόμεθα

2153 957 2405 1026 καρποῖς.
2455 956 2616 1012 Ἀλλά
2647 956 2820 1012 ταῦτα
2857 961 3050 1030 μικρά’
3098 962 3212 1024 τοῖς
3242 959 3427 1022 αὐτοῖς
3483 961 3826 1030 μυστηρίοις,

2149 1043 2250 1112 τῆς
2305 1043 2474 1115 αὐτῆς
2529 1050 2903 1117 πνευματικῆς
2958 1047 3166 1118 τροφῆς
3217 1045 3582 1117 ἀπολαύομεν.
3641 1048 3830 1102 Ταῦτα

2152 1130 2324 1199 δήπου
2364 1133 2481 1186 ἐστὶ
2532 1133 2879 1204 δικαιώματα
2924 1133 3019 1186 τοῦ
3072 1134 3264 1200 φιλεῖν.
3304 1134 3426 1199 ΙΙῶς
3463 1131 3555 1189 οὖν
3609 1133 3828 1206 θερμῶς

2150 1217 2556 1290 διακεισόμεθα,
2593 1222 2758 1292 φησί;
2793 1222 2857 1274 Τί
2898 1224 3041 1275 ποιεῖ
3101 1222 3368 1293 σωμάτων
3410 1222 3624 1294 ἔρωτας
3675 1225 3829 1294 Λαμ-

2151 1306 2358 1378 πρότης
2406 1306 2677 1378 σώματος.
2716 1308 2925 1362 Οὐκοῦν
2959 1311 3054 1363 καὶ
3103 1309 3201 1374 τὰς
3231 1309 3410 1380 ψυχάς
3441 1310 3610 1374 καλάς
3659 1313 3827 1382 ἐργα-

2152 1393 2394 1464 σώμεθα,
2432 1397 2528 1449 καὶ
2571 1395 2808 1467 ἐσόμεθα
2863 1397 3115 1468 ἀλλήλοις
3145 1398 3462 1468 ἐπέραστοι·
3496 1399 3557 1451 οὐ
3612 1398 3719 1468 γὰρ
3761 1398 3825 1468 δὴ

2151 1484 2327 1552 φιλεῖν
2347 1485 2428 1538 δεῖ
2463 1485 2646 1556 μόνον,
2667 1485 2803 1539 ἀλλά
2830 1486 2926 1540 καὶ
2958 1486 3249 1555 φιλεῖσθαι.
3276 1486 3498 1554 Πρῶτον
3521 1487 3677 1541 τοῦτο
3703 1505 3827 1542 κατ-

2148 1571 2502 1643 ορθώσωμεν,
2531 1573 2672 1627 ὥστε
2731 1573 3026 1641 φιλεῖσθαι,
3059 1573 3154 1627 καὶ
3202 1575 3380 1628 ἐκεῖνο
3408 1573 3630 1628 εῦκολον
3652 1575 3821 1630 ἔσται.

2151 1660 2276 1725 Πῶς
2297 1655 2388 1715 οὖν
2409 1659 2561 1715 ἔσται
2586 1661 2671 1715 ἵνα
2699 1661 3016 1732 (puli-p.500;
3041 1661 3333 1732 Γενώμεθα
3357 1661 3532 1724 καλοὶ,
3557 1663 3650 1716 καὶ
3669 1662 3826 1716 τοῦτο

2147 1748 2533 1819 ἐργαζώμεθα,
2566 1748 2708 1802 ὥστε
2749 1749 2988 1820 ἐραστὰς
3027 1749 3170 1822 ἔχειν
3198 1751 3300 1805 ἀεί.
3357 1751 3564 1822 Μηδεὶς
3596 1752 3826 1806 σπουδα-

2150 1836 2287 1901 ξέτω
2309 1838 2383 1908 μὴ
2421 1837 2678 1908 χρήματα
2716 1837 2972 1900 κτᾶσθαι,
3031 1837 3106 1909 μὴ
3137 1839 3468 1910 ἀνδράποδα,
3499 1840 3573 1910 μὴ
3627 1841 3823 1904 οἰκίας,

2147 1925 2224 1987 ὡς
2253 1925 2316 1978 τὸ
2350 1925 2643 1994 φιλεῖσθαι,
2701 1924 2777 1988 ὡς
2814 1924 2988 1995 ὄνομα
3044 1925 3282 1997 χρηστὸν
3335 1927 3498 1997 ἔχειν.
3547 1927 3827 1995 Κρεῒττον

2150 2012 2359 2081 ὄνομα,
2407 2012 2445 2080 ἢ
2475 2013 2739 2080 πλοῦτος
2789 2013 3009 2076 πολύς.
3053 2015 3127 2067 Τὸ
3155 2014 3252 2085 μὲν
3301 2015 3413 2086 γὰρ
3472 2015 3645 2086 μένει,
3695 2016 3724 2068 6
3766 2015 3823 2069 δὲ

2147 2099 2466 2155 ἀπόλλυται*
2527 2098 2623 2153 καὶ
2677 2099 2735 2153 τὸ
2773 2101 2874 2171 μὲν
2906 2100 3134 2156 δυνατὸν
3168 2102 3500 2172 κτήσασθαι,
3543 2103 3716 2156 ἐκεῖνο
3765 2103 3823 2157 δὲ

2146 2189 2429 2243 ἀδύνατον.
2472 2188 2530 2242 '0
2559 2188 2659 2259 μὲν
2687 2187 2796 2260 γάρ
2841 2189 3086 2261 πονηράν
3121 2190 3279 2255 δόξαν
3305 2189 3507 2257 λαϐὼν,
3553 2191 3825 2255 δυσκόλως

2146 2275 2314 2348 αὐτὴν
2340 2275 2696 2347 ἀποθήσεται·
2725 2279 2752 2330 ὁ
2784 2276 2840 2330 δέ
2865 2277 3031 2349 πένης
3065 2277 3276 2348 ταχέως
3307 2278 3415 2331 ἀπὸ
3444 2277 3537 2331 τοῦ
3564 2279 3826 2349 ὀνόματος

2146 2364 2299 2418 ἔσται
2324 2363 2598 2429 πλούσιος.
2635 2365 2816 2418 Ἔστω
2841 2381 2925 2428 τις
2955 2365 3125 2436 μυρία
3155 2366 3394 2419 τάλαντα
3412 2365 3575 2437 ἔχων,
3603 2368 3632 2420 6
3655 2367 3712 2421 δὲ
3734 2369 3824 2436 φί-

2146 2453 2270 2518 λους
2324 2454 2540 2508 ἐκατόψ
2599 2449 2756 2519 οὗτος
2788 2454 3000 2507 ἐκείνου
3047 2455 3450 2526 εὐπορώτερος.
3503 2455 3594 2526 Μὴ
3646 2456 3826 2511 τοίνυν

2145 2546 2332 2611 ἁπλῶς
2359 2545 2520 2600 τοῦτο
2555 2545 2823 2617 ποιῶμεν,
2849 2545 2965 2598 ἀλλ’
3001 2544 3363 2616 ἐργαζώμεθα
3425 2546 3502 2610 ὡς
3565 2546 3824 2616 εὐπορίαν

2148 2635 2272 2689 τινά
2294 2645 2340 2690 ε.
2357 2635 2468 2688 Καὶ
2491 2633 2609 2698 πῶς
2635 2632 2935 2704 δυνάμεθα,
2957 2632 3090 2703 φησί
3111 2651 3124 2700 ;
3155 2631 3399 2703 Λάρυγε
3416 2632 3648 2702 γλυκὺς
3673 2637 3826 2700 πλη-

2144 2728 2311 2781 θύι-ει
2339 2727 2560 2798 φίλους
2589 2725 2796 2790 αὑτοῦ,
2828 2725 2924 2778 καὶ
2949 2724 3202 2794 γλῶσσα
3233 2723 3615 2793 εὐχάριστος.
3643 2723 3826 2794 Στόμα

2144 2815 2390 2887 εὔφημον
2447 2813 2802 2886 κτησώμεθα,
2838 2814 2934 2867 καὶ
2964 2813 3199 2884 τρόπους
3249 2812 3545 2883 καθαρούς.
3601 2811 3715 2866 Οὐκ
3747 2811 3826 2864 ἔνι

2143 2903 2327 2958 λαθεῖν
2366 2904 2456 2957 τὸν
2484 2903 2627 2957 οὕτω
2660 2903 3026 2973 διακείμενον.

2213 2991 2275 3045 δ’.
2296 2991 2600 3064 Ὅραπόσα
2628 2992 2677 3044 οί
2695 2990 2894 3055 ἔξωθεν
2916 2988 3218 3058 ἐπενόησαν
3240 2986 3449 3056 φιλικὰ,
3482 2987 3825 3052 συντεκνίαν,

2143 3080 2434 3150 γειτονίαν,
2482 3080 2819 3150 συγγενείας.
2865 3079 3027 3133 Ἀλλά
3074 3079 3281 3132 τούτων
3318 3078 3535 3131 πάντων
3570 3077 3639 3131 τά
3689 3080 3821 3149 παρ’

2144 3168 2274 3238 ἡμῖν
2307 3164 2529 3237 μείζονα
2550 3185 2564 3198 ο
2595 3168 2628 3237 ἡ
2653 3164 2900 3237 τράπεζα
2937 3165 3076 3236 αῦτη
3099 3164 3518 3236 αἰδεσίμωτέρα.
3542 3163 3737 3217 Πολλοὶ
3767 3164 3825 3218 δὲ

2143 3255 2252 3309 τῶν
2282 3254 2614 3327 προσιόντων
2659 3254 2780 3307 οὐδὲ
2815 3254 2972 3326 ῖσμεν
3005 3253 3289 3321 ἀλλήλους.
3333 3252 3408 3305 Τὸ
3439 3253 3646 3324 πλῆθος
3668 3251 3827 3306 τοῦτο

2145 3345 2308 3409 ποιεῖ,
2352 3341 2538 3413 φησίν.
2583 3341 2868 3412 Οὐδαμῶς,
2917 3341 3033 3394 ἀλλ’
3067 3343 3098 3412 ἡ
3133 3341 3378 3412 ἡμετέρα
3408 3339 3626 3394 νωθεία.
3661 3341 3824 3410 Τρισ-

2143 3432 2303 3502 χίλιοι
2335 3428 2476 3504 ἦσαν
2497 3433 2591 3488 καὶ
2622 3430 3066 3502 πεντακισχίλιοι,
3092 3432 3184 3484 καὶ
3210 3431 3412 3494 πάντες
3466 3425 3612 3500 εἶχον
3646 3429 3824 3500 ψυχὴν

2148 3523 2308 3594 μίαν·
2353 3521 2448 3576 νῦν
2498 3521 2555 3576 δὲ
2588 3523 2820 3585 ἕκαστος
2844 3519 2936 3574 τὸν
2968 3519 3198 3589 ἀδελφὸν
3223 3520 3427 3589 ἀγνοεῖ,
3461 3519 3558 3573 καὶ
3603 3519 3703 3571 οὐκ
3737 3520 3824 3572 αἰ-

2145 3611 2477 3682 σχύνεταιτδ
2506 3611 2708 3682 πλῆθος
2739 3611 3086 3681 αἰτιώμενος.
3131 3607 3190 3663 Ὁ
3228 3608 3411 3681 μέντοι
3467 3605 3694 3670 πολλοὺς
3732 3607 3822 3676 φί-

2143 3698 2267 3762 λους
2314 3698 2473 3769 ἔχων,
2510 3698 2783 3760 ἀνάλωτος
2839 3697 3042 3751 ἅπασίν
3096 3697 3234 3762 ἐστι,
3291 3697 3558 3767 τυράννου
3622 3693 3823 3759 παντὸς

2144 3781 2298 3849 οὗτος
2329 3787 2694 3857 ἰσχυρότερος.
2732 3785 2842 3854 Οὐχ
2875 3784 3051 3848 οὕτως
3079 3786 3287 3837 ἐκεῖνον
3331 3785 3379 3837 οἰ
3404 3783 3691 3854 δορυφόροι
3727 3799 3822 3850 φυο

2143 3875 2449 3940 λάττουσιν,
2472 3874 2548 3938 ὡς
2575 3873 2765 3926 τοῦτον
2814 3873 2862 3924 οί
2907 3872 3049 3940 φίλοι
3071 3887 3084 3901 ’
3121 3871 3215 3924 καὶ
3235 3871 3621 3942 λαμπρότερος
3669 3863 3824 3933 οὗτος

2141 3963 2371 4018 ἐκείνου.
2417 3961 2476 4015 '0
2512 3961 2611 4030 μὲν
2648 3960 2756 4030 γὰρ
2786 3959 2937 4030 παρὰ
2963 3958 3072 4012 τῶν
3104 3957 3269 4012 αὐτοῦ
3301 3958 3504 4011 δούλων
3556 3959 3823 4027 φυλάττε-

2141 4068 2250 4117 ται,
2281 4053 2310 4104 ό
2330 4050 2386 4105 δὲ
2409 4049 2558 4122 παρὰ
2583 4049 2690 4103 τῶν
2723 4047 3002 4120 ὁμοτίμων
3026 4065 3039 4076 ’
3075 4049 3170 4103 καὶ
3199 4049 3227 4101 6
3260 4048 3358 4121 μὲν
3395 4047 3549 4119 παρά
3571 4048 3820 4103 ἀκόντων

2142 4141 2235 4196 καὶ
2263 4140 2600 4204 δεδοικότων,
2630 4132 2784 4202 οὗτος
2810 4137 2866 4190 δέ
2899 4135 3054 4208 παρά
3081 4137 3339 4203 ἐκόντων,
3371 4137 3466 4191 καὶ
3493 4137 3556 4190 οὐ
3581 4137 3819 4190 δεδοικόο

2142 4248 2248 4286 των
2265 4247 2279 4262 ο
2315 4229 2410 4284 καὶ
2437 4229 2584 4281 ἔστιν
2613 4228 2741 4281 ἰδεῖν
2765 4228 3001 4297 πρᾶγμα
3022 4226 3358 4296 θαυμαστὸν,
3384 4227 3442 4279 ἐν
3463 4225 3680 4288 πολλοῖς
3703 4227 3820 4288 ἕνα,

2144 4317 2237 4370 καὶ
2263 4318 2319 4370 ἐν
2352 4316 2431 4368 ἐνὶ
2464 4313 2712 4378 πολλούς.
2760 4313 2872 4367 Καὶ
2901 4313 3152 4384 καθάπερ
3187 4313 3282 4365 ἐπὶ
3309 4312 3545 4383 κιθάρας
3577 4313 3822 4384 διάφοροι

2147 4404 2242 4475 μὲν
2265 4403 2312 4456 οἱ
2339 4402 2586 4472 φθόγγοι.
2617 4402 2714 4473 μία
2741 4401 2798 4454 δὲ
2823 4403 2856 4472 ἡ
2883 4401 3167 4471 συμφωνία
3192 4400 3242 4465 ἃ,
3276 4395 3356 4464 εἷς
3379 4400 3434 4454 δὲ
3455 4401 3482 4453 ὁ
3510 4401 3764 4471 μουσικὸς
3794 4402 3822 4454 ό

2141 4493 2241 4563 τὴν
2274 4491 2506 4563 κιθάραν
2536 4490 2930 4562 μεταχειρίξων
2956 4505 2970 4520 ·
3002 4489 3174 4554 οὕτως
3199 4487 3455 4554 ἐνταῦθα,
3487 4489 3688 4560 κιθάρα
3721 4487 3820 4556 μὲν

2143 4583 2287 4636 ἔστιν
2319 4581 2457 4652 αὐτὴ
2483 4582 2516 4652 ἡ
2548 4579 2760 4649 ἀγάπη,
2792 4577 3019 4649 φθόγγοι
3046 4579 3102 4633 δὲ
3133 4577 3393 4650 ἡχοῦντες
3420 4576 3487 4630 τά
3511 4576 3578 4629 δι’
3597 4575 3818 4644 ἀγάπης

2144 4670 2530 4744 προφερόμενα
2562 4670 2785 4741 ῥήματα
2815 4667 3025 4737 φιλικὰ,
3062 4666 3190 4738 μίαν
3212 4668 3308 4720 καὶ
3337 4666 3436 4737 τὴν
3453 4662 3619 4734 αὐτὴν
3645 4661 3817 4716 ἀπαν-

2142 4778 2232 4824 τες
2256 4760 2507 4829 ἀφιέντες
2537 4757 2802 4830 ἁρμονίαν
2837 4757 2933 4810 καὶ
2966 4755 3287 4828 συμφωνίαν
3306 4771 3319 4786 ·
3368 4755 3396 4806 ὁ
3421 4753 3477 4807 δὲ
3504 4750 3760 4824 μουσικὸς
3788 4752 3821 4821 ἠ

2142 4848 2243 4918 τῆς
2291 4848 2510 4918 ἀγάπης
2541 4845 2804 4917 δύναμιςο
2846 4843 2983 4916 αῦτη
3040 4843 3228 4916 κρούει
3279 4843 3340 4896 τὸ
3389 4841 3550 4913 μέλος
3605 4839 3667 4894 τὸ
3699 4839 3820 4910 ἡδύ.

2156 4935 2485 5007 Ἐϐουλόμην
2517 4935 2660 5005 ὑμᾶς
2691 4935 2920 5002 ἀγαγεῖν
2947 4933 3028 4995 εἰς
3075 4931 3230 4984 πόλιν
3254 4929 3531 5001 τοιαύτην,
3565 4929 3618 4982 εί
3637 4945 3699 4998 γε
3737 4929 3824 4981 δυ-

2144 5026 2322 5090 νατὸν,
2356 5024 2485 5079 ἔνθα
2519 5023 2616 5094 μία
2641 5021 2789 5092 ψυχὴ
2803 5016 2889 5092 ἦν,
2917 5021 3012 5074 καὶ
3028 5015 3170 5082 εἶδες
3203 5019 3268 5073 ἂν
3290 5018 3436 5083 ὅπως
3461 5017 3643 5088 πάσης
3675 5016 3822 5089 [507]

2144 5113 2378 5183 κιθάρας
2402 5113 2495 5166 καὶ
2527 5111 2723 5174 παντὸς
2741 5108 2906 5164 αὐλοῦ
2929 5107 3355 5180 ἁρμοδιωτέραή
3377 5108 3495 5159 ἐκεῖ
3518 5106 3823 5177 συμφωνία,

2145 5202 2292 5256 οὐδὲν
2321 5201 2531 5272 ἀπηχὲς
2552 5201 2752 5272 ᾅδουσα
2777 5198 2961 5270 μέλος.
3007 5196 3178 5251 Τοῦτο
3199 5195 3292 5250 καὶ
3311 5195 3579 5265 ἀγγέλους
3603 5194 3700 5248 καὶ
3731 5195 3823 5248 τὸν

2145 5291 2390 5361 ἀγγέλων
2412 5289 2690 5360 Δεσπότην
2718 5285 2850 5341 Θεὸν
2877 5286 3156 5358 εὐφραίνει
3189 5284 3252 5339 τὸ
3281 5284 3472 5354 μέλος·
3515 5282 3673 5337 τοῦτο
3705 5283 3825 5337 ὅλον

2144 5380 2204 5432 τὸ
2229 5381 2285 5432 ἐν
2313 5378 2392 5449 τῷ
2418 5375 2634 5448 οὐρανῷ
2655 5375 2880 5446 θέατρον
2896 5374 3200 5444 διανίστησι
3217 5388 3230 5402 ·
3261 5371 3417 5426 τοῦτο
3445 5373 3538 5426 καὶ
3555 5370 3825 5442 δαιμόνων

2146 5468 2303 5540 κηλεῖ
2329 5467 2518 5537 θυμὸν,
2549 5463 2740 5517 παθῶν
2777 5462 3099 5532 καταθέλγει
3146 5461 3323 5531 ὁρμάς
3347 5471 3393 5512 θ.
3442 5458 3613 5512 Τοῦτο
3643 5459 3704 5512 τὸ
3738 5457 3828 5528 μέ-

2146 5557 2236 5620 λος
2259 5557 2320 5610 οὐ
2363 5555 2520 5626 μόνον
2545 5552 2695 5623 πάθη
2721 5551 2898 5622 κηλεῖ,
2926 5551 3039 5605 ἀλλ’
3066 5550 3186 5604 οὐδὲ
3215 5548 3572 5618 διαναστῆναι
3607 5546 3824 5616 ἀφίησι,

2147 5645 2241 5700 καὶ
2267 5643 2470 5714 πολλὴν
2502 5643 2601 5714 τὴν
2633 5641 2790 5712 σιγὴν
2819 5638 3131 5712 ἐργάζεται.
3171 5636 3439 5707 Καθάπερ
3483 5635 3590 5707 γὰρ
3621 5637 3676 5687 ἐν
3702 5634 3830 5688 θεά-

2211 5894 2232 5923 ⁰
2259 5891 2434 5940 Morel.
2463 5893 2527 5946 ὡς
2554 5888 2774 5952 εὐπορίαν
2805 5888 2928 5952 τινά,
2958 5895 3060 5952 {res
3109 5890 3174 5952 ᾡς
3208 5886 3436 5952 ἐμπορίαν
3461 5885 3580 5952 τινά.
3607 5883 3828 5952 1'qu7106

2148 5956 2298 6005 lectio
2315 5952 2556 6014 quadrare
2583 5946 2762 6012 polést.
2793 5949 2817 5988 ά
2843 5950 2977 6014 Unus
2999 5950 3082 6010 μία
3106 5951 3156 6014 δέ
3177 5952 3205 6006 ἡ
3232 5946 3453 6014 άομονίοι,
3473 5947 3657 6014 καίῃτῂν
3681 5946 3830 6003 αὐτὴν

2148 6010 2348 6068 ἅπαντες
2372 6016 2555 6076 ἀφῶσιν
2579 6010 2802 6075 ἇρμονίαν
2826 6013 3219 6076 καίσυμφωνίαν.
3289 6015 3310 6041 θ
3336 6011 3469 6073 Hac,
3493 6010 3653 6059 παθῶν
3676 6024 3828 6057 κατιδ-

2149 6080 2297 6137 θέλγει
2322 6072 2485 6144 ὁρμάς,
2524 6072 2701 6125 desum
2726 6077 2773 6123 in
2820 6072 3107 6134 quibusdam
3131 6087 3243 6123 mss.
