4112 6448
455 401 566 456 285

458 519 622 571 ritmn
652 517 977 582 acceperant
1004 523 1109 564 non
1137 508 1562 571 docebant,cum
1579 504 1792 576 Apollo,
1812 503 1902 573 qui
1925 518 2050 556 non-

458 607 590 660 dum
612 609 914 671 acceperat,
933 599 1185 655 doceret?
1207 598 1342 666 Quia
1369 612 1474 654 non
1490 606 1644 655 erant
1666 595 1738 649 ita
1762 592 2049 655 ferventes.

463 710 570 750 nec
591 692 815 748 instituti
846 706 859 741 :
891 690 979 745 ille
1018 705 1146 745 vero
1167 699 1222 744 et
1246 690 1521 744 institutus
1548 694 1742 742 eratet
1765 683 2055 739 admodum

466 787 703 841 fervens.
730 780 856 836 Mihi
879 790 1058 836 autem
1086 779 1297 835 videtur
1318 780 1536 835 multam
1569 777 1622 832 in
1653 777 1768 831 viro
1798 773 1964 829 fuisse
1984 772 2060 828 dl-

470 878 629 933 ccndi
674 875 996 929 libertatem.
1046 871 1152 928 Sed
1202 872 1302 926 etsi
1348 879 1595 925 accurate
1638 866 1946 937 loqueretur
1992 861 2060 917 de

469 970 620 1031 Iesu,
670 964 1004 1022 accuratiore
1036 973 1213 1018 tamen
1241 963 1484 1018 doctrina
1522 975 1655 1032 opus
1682 956 1909 1014 habebat
1940 974 1953 1010 :
1983 955 2061 1010 sic

470 1062 572 1117 etsi
601 1074 707 1114 non
733 1057 915 1113 omnia
941 1056 1122 1120 sciret,
1153 1071 1218 1110 ex
1245 1053 1455 1109 fervore
1482 1049 1785 1107 attrahebat
1802 1046 2059 1117 Spiritum

471 1165 739 1217 sanctum,
773 1149 1008 1204 utetiam
1038 1147 1339 1203 Cornelius.
1375 1145 1624 1199 Fortasse
1661 1140 1812 1195 multi
1849 1137 2062 1193 deside-

471 1251 615 1307 rant,
643 1241 846 1295 utinam
870 1237 1035 1293 etiam
1067 1251 1209 1291 nunc
1251 1243 1395 1290 esset
1419 1231 1640 1289 Joannis
1668 1228 1964 1299 baptisma!
1998 1227 2064 1279 At

474 1332 629 1387 intuiti
660 1331 913 1384 virtutem
952 1327 1319 1397 negligercnt;
1349 1333 1402 1378 ct
1433 1321 1574 1378 forte
1614 1321 1925 1376 crederetur
1964 1316 2065 1370 siu-

475 1425 631 1494 gulos
658 1430 877 1494 propter
909 1420 1030 1482 hoc,
1057 1434 1160 1473 non
1184 1426 1403 1488 propter
1423 1429 1653 1496 regnum
1682 1411 1934 1467 ca-lorum
1961 1408 2068 1461 vir-

478 1525 648 1573 tutem
694 1512 863 1569 adire.
888 1511 1141 1581 Alioquin
1187 1518 1368 1564 autem
1410 1500 1560 1560 mulli
1608 1510 1791 1559 essent
1832 1498 2066 1572 pseudo-

484 1606 759 1681 prophetae
782 1646 799 1671 ,
829 1618 932 1660 nec
982 1611 1165 1673 postea
1207 1601 1297 1671 qui
1343 1597 1551 1670 probati
1596 1604 1780 1652 essent
1803 1635 1820 1661 ,
1846 1592 2067 1646 multum

485 1703 841 1771 apparerent,
888 1709 989 1749 nec
1020 1692 1159 1749 beati
1192 1692 1611 1762 praedicarentur
1638 1688 1727 1757 qui
1761 1684 1918 1740 fidem
1949 1684 2070 1737 sim-

488 1788 697 1860 pliciter
720 1785 1076 1855 susciperent.
1104 1782 1175 1838 Ut
1199 1795 1328 1852 ergo
1354 1780 1454 1847 Qui
1493 1794 1593 1833 non
1633 1778 1866 1831 viderunt
1895 1780 1941 1828 et
1967 1787 2075 1827 cre-

488 1880 746 1945 diderunt,
769 1877 902 1932 beati
925 1883 1042 1931 sunt
1063 1874 1243 1947 (Joan.
1274 1873 1366 1929 20.
1397 1872 1517 1940 29),
1545 1870 1623 1926 sic
1649 1868 1737 1939 qui
1765 1868 1882 1923 sine
1908 1863 2075 1936 signis

483 1970 853 2034 crediderunt,
886 1969 1047 2024 beati.
1079 1968 1175 2023 Dic
1201 1966 1346 2022 enim
1373 1964 1503 2020 mihi
1528 2006 1542 2030 ,
1569 1977 1748 2017 annon
1780 1960 2075 2031 exprobra-

490 2065 582 2119 bat
604 2060 851 2117 Christus
875 2058 1094 2124 Judacis,
1125 2057 1310 2113 dicens
1337 2075 1349 2111 :
1386 2054 1505 2109 Nisi
1530 2054 1677 2125 signa
1704 2051 1948 2115 uideritis,
1978 2064 2079 2101 non

490 2154 704 2211 credetis
726 2151 909 2225 (Ioan.
932 2152 985 2205 4.
1017 2150 1151 2221 48)?
1178 2149 1359 2218 Itaque
1388 2147 1520 2201 nihil
1544 2146 1666 2200 hinc
1688 2143 1843 2199 nobis
1875 2140 2077 2203 damni,

495 2248 539 2301 si
569 2244 722 2300 uobis
765 2241 1043 2298 attendere
1081 2241 1426 2296 voluerimus.
1476 2238 1649 2307 Caput
1696 2236 1960 2291 bonorum
1992 2232 2078 2287 ha-

495 2341 683 2392 bemus
709 2350 804 2406 per
832 2335 1154 2404 baptismum
1187 2351 1201 2387 :
1231 2340 1570 2404 peccatorum
1608 2329 1977 2386 remissionem
2003 2340 2084 2381 ac-

495 2429 758 2499 cepimus,
787 2424 1260 2481 sanctiﬁcationcm
1288 2467 1303 2492 ,
1333 2423 1564 2493 Spiritus
1592 2419 2079 2492 participationem,

493 2520 840 2589 adoritionem
865 2558 882 2586 ,
916 2517 1079 2571 vitam
1110 2524 1387 2571 auternam.
1421 2513 1558 2582 Quid
1603 2512 1835 2583 amplius
1882 2508 2086 2564 vultis?

498 2610 690 2682 signa?
714 2608 821 2664 Sed
864 2616 1229 2664 cessaverunt.
1258 2606 1445 2661 Fidem
1481 2603 1669 2671 babes,
1689 2617 1838 2673 spem
1858 2643 1875 2670 ,
1897 2600 2089 2655 carita-

500 2711 631 2768 tem,
659 2716 779 2770 qua:
804 2709 1056 2754 manent:
1088 2699 1202 2753 haec
1229 2711 1430 2767 qurere,
1467 2695 1583 2751 haec
1626 2693 1794 2763 signis
1834 2700 1958 2746 sunt
1986 2704 2091 2745 ma-

500 2795 641 2863 jora.
672 2791 813 2846 Nihil
840 2806 936 2861 par
959 2792 1202 2855 caritati;
1230 2790 1404 2861 Major
1440 2789 1664 2843 omnium
1690 2794 1761 2841 est
1784 2786 1973 2840 caritas
1994 2783 2014 2852 (
2037 2785 2087 2842 1.

505 2885 625 2940 Cor.
648 2884 736 2939 l3.
769 2885 885 2952 15),
918 2884 1111 2954 inquit.
1135 2883 1291 2938 Nunc
1320 2896 1449 2937 vero
1492 2880 1687 2936 caritas
1716 2877 2047 2949 periclitatur
2076 2891 2089 2928 :

508 2978 680 3033 solum
717 2977 915 3048 quippe
948 2991 1144 3032 nomen
1191 2975 1309 3045 ejus
1350 2974 1596 3030 relictum
1642 2978 1761 3040 est,
1791 2984 1927 3041 opus
1968 2982 2096 3023 vero

511 3083 795 3139 nusquam,
828 3068 921 3122 sed
951 3066 1107 3122 divisi
1134 3081 1322 3122 sumus
1348 3067 1488 3120 inter
1515 3078 1636 3119 nos.

580 3161 635 3215 3.
676 3159 877 3215 Caritas
900 3158 1140 3214 amicitia:
1159 3157 1414 3211 vinculum
1437 3196 1452 3222 ,
1483 3164 1529 3210 et
1554 3152 1922 3222 discipulorum
1951 3149 2097 3205 Clari-

511 3254 579 3309 sti
606 3261 812 3308 tessera.
842 3278 915 3292 -—
941 3250 1078 3319 Quid
1108 3250 1269 3320 igitur
1295 3248 1560 3320 agendum
1592 3255 1650 3302 ut
1679 3243 2101 3302 connectamur?

514 3359 639 3398 nam
664 3340 1063 3412 reprehendere
1088 3340 1245 3396 facile
1272 3350 1389 3405 est,
1419 3338 1514 3395 sed
1543 3338 1645 3393 hoc
1670 3335 1951 3393 dimidium
1976 3345 2102 3390 tau-

513 3444 650 3489 smn.
694 3432 879 3503 Itaque
928 3431 1336 3487 monstrandum
1376 3438 1459 3489 est
1484 3471 1498 3495 ,
1543 3427 1815 3501 quomodo
1862 3434 2105 3482 nectatnr

518 3524 750 3580 amicitia
778 3543 794 3578 :
827 3523 930 3579 hoc
956 3523 1099 3579 enim
1129 3522 1427 3579 curandum
1457 3519 1727 3592 quomodo
1754 3517 1994 3581 membra
2022 3516 2107 3572 di-

520 3616 667 3670 vulsa
688 3622 1092 3671 connectamus.
1123 3613 1308 3684 Neque
1337 3613 1439 3668 hoc
1465 3620 1669 3666 tantum
1696 3608 2008 3680 quierimus,
2037 3621 2107 3661 an

522 3721 683 3761 unam
712 3705 1008 3762 Ecclesiam
1056 3705 1142 3760 vel
1192 3720 1358 3759 unum
1410 3702 1604 3775 dogma
1653 3700 1983 3763 habeamus;
2012 3695 2106 3753 sed

522 3800 628 3853 hoc
651 3813 813 3869 grave
837 3806 940 3865 est,
963 3797 1104 3868 quod
1128 3812 1249 3853 cum
1290 3797 1342 3852 in
1383 3796 1503 3852 aliis
1542 3803 1727 3850 mutuo
1751 3791 2110 3849 communice-

526 3905 646 3945 mus
672 3930 688 3954 ,
739 3888 794 3944 in
843 3890 1161 3945 necessariis
1209 3904 1316 3944 non
1367 3887 1856 3951 communicemus,
1887 3892 1944 3940 et
1987 3897 2110 3938 cum

527 3979 774 4035 onmibus
803 3994 986 4051 pacem
1012 3979 1294 4045 habentes,
1321 3979 1459 4034 inter
1486 3993 1587 4033 nos
1611 3976 2010 4032 dissentiamus.
2033 3972 2113 4029 Ne

529 4071 670 4125 enim
696 4111 711 4135 ,
733 4070 876 4141 quod
908 4086 1013 4124 non
1046 4070 1287 4140 quotidie
1323 4084 1529 4141 pugnas
1558 4082 1870 4124 moveamus
1894 4107 1908 4132 ,
1937 4064 2111 4121 consi-

529 4161 700 4224 dera,
731 4159 824 4216 sed
853 4160 995 4233 quod
1036 4161 1303 4218 sinceram
1360 4171 1415 4217 et
1459 4159 1788 4215 immobilem
1836 4158 2112 4213 caritatem

528 4267 641 4308 non
669 4251 946 4308 habemus.
977 4253 1340 4323 Ligaminibus
1369 4267 1505 4324 Opus
1533 4261 1616 4307 est
1654 4260 1709 4306 et
1735 4250 1875 4307 oleo.
1904 4248 2116 4318 Cogite-

532 4358 653 4398 mus
677 4342 953 4405 caritatcm
999 4352 1257 4399 tesseram
1301 4357 1422 4398 esse
1467 4341 1849 4413 discipulorum
1876 4338 2113 4404 Christi,

532 4445 589 4489 et
618 4435 733 4489 sine
763 4435 852 4490 illa
880 4434 1013 4489 nihil
1044 4436 1221 4491 valere
1246 4435 1373 4501 alia,
1404 4449 1624 4502 remque
1649 4447 1768 4487 esse
1790 4432 1908 4488 sine
1936 4432 2120 4487 labore

535 4528 579 4581 si
608 4523 852 4581 velimus.
879 4524 1052 4581 Etiam
1079 4568 1095 4593 ,
1119 4526 1327 4596 inquies
1350 4566 1366 4592 ,
1396 4525 1512 4581 haec
1550 4525 1834 4588 novimus;
1863 4522 1955 4578 sed
1983 4537 2117 4592 quo-

532 4616 699 4672 modo
739 4615 792 4671 id
819 4628 963 4673 recte
988 4617 1244 4689 geretur?
1264 4616 1544 4685 Quomodo
1572 4615 1706 4672 fiet?
1729 4614 1999 4686 quomodo
2022 4628 2120 4668 nos

540 4719 725 4764 mutuo
748 4709 1072 4781 diligemus?
1102 4711 1282 4767 Primo
1310 4725 1373 4766 ea
1398 4750 1414 4775 ,
1436 4726 1554 4781 qua:
1579 4708 1855 4765 caritatem
1884 4708 2079 4763 tollunt
2103 4748 2118 4771 ,

538 4802 607 4855 de
633 4801 811 4856 medio
840 4801 1173 4872 abjiciamus,
1199 4811 1255 4858 et
1280 4811 1405 4857 tunc
1429 4801 1572 4856 illam
1596 4807 1891 4855 statuemus
1918 4815 1933 4853 :
1962 4813 2122 4852 nemo

545 4895 614 4947 sit
648 4893 962 4964 iniuriarum
992 4909 1220 4962 memor,
1254 4909 1412 4949 nemo
1438 4892 1669 4957 invidus,
1697 4905 1858 4947 nemo
1885 4891 1936 4945 in
1967 4889 2124 4944 malis

550 4984 809 5052 gaudeat:
855 4985 971 5041 haec
1025 4986 1364 5067 dilectionem
1414 4984 1730 5055 impediunt.
1780 4982 1897 5038 Alia
1943 4989 2123 5037 autem

548 5085 709 5141 sunt,
732 5089 851 5149 qua:
877 5092 995 5133 eam
1025 5078 1279 5134 exhibent
1307 5095 1321 5133 :
1352 5092 1457 5131 non
1484 5076 1626 5133 enim
1668 5073 1868 5130 sufficit
1895 5087 2015 5144 quae
2056 5071 2123 5127 il-

548 5164 652 5218 lam
683 5166 968 5237 impediunt
998 5168 1206 5233 tollere,
1233 5167 1327 5224 sed
1357 5167 1517 5223 etiam
1545 5183 1664 5238 quae
1702 5167 1846 5221 illam
1870 5173 2123 5231 statuant,

542 5267 668 5312 sum
690 5259 1040 5316 ostendenda.
1067 5259 1255 5318 Siracb
1282 5274 1409 5329 ergo
1436 5258 1586 5326 dicit,
1612 5273 1677 5315 ea
1704 5273 1826 5329 quae
1855 5257 1997 5312 illam
2028 5256 2127 5311 tol-

542 5347 681 5413 lunt,
702 5357 756 5404 et
782 5365 890 5405 non
918 5365 981 5406 ea
1009 5367 1128 5422 qua:
1152 5351 1476 5415 conciliant,
1508 5350 1978 5421 exprobrationem
2007 5361 2129 5403 esse

538 5450 595 5493 et
618 5441 857 5511 mystcrii
901 5443 1280 5498 revelationcm
1306 5451 1362 5496 et
1400 5441 1605 5511 plagam
1648 5441 1887 5496 dolosam
1920 5437 2124 5511 (Eccli.

537 5530 633 5585 ἥ.
660 5531 730 5585 27
758 5533 797 5602 ).
823 5533 928 5589 Sed
955 5535 1060 5590 illis
1093 5543 1275 5603 utpote
1299 5533 1602 5589 carnalibus
1633 5534 1822 5587 merito
1857 5531 1976 5585 talia
2009 5546 2118 5600 pro-

540 5623 762 5678 veniunt
783 5641 797 5690 ;
822 5625 975 5680 nobis
1001 5632 1205 5686 autem,
1229 5624 1367 5677 absit
1397 5641 1410 5679 :
1442 5638 1549 5679 non
1577 5622 1645 5679 ab
1672 5623 1755 5678 his
1783 5638 1877 5677 vos
1907 5621 2127 5676 induce-

538 5730 682 5782 mus,
712 5717 807 5771 scd
837 5718 904 5773 ab
930 5717 1070 5773 aliis.
1099 5716 1241 5771 Nihil
1273 5715 1425 5770 nobis
1470 5724 1551 5771 est
1590 5715 1720 5771 tttilc
1765 5714 1965 5782 absque
1994 5712 2129 5768 dilc-

539 5807 740 5862 ctione.
800 5809 919 5865 Sint
962 5807 1128 5865 millia
1179 5807 1320 5865 bona
1369 5824 1379 5861 :
1435 5809 1559 5880 quid
1613 5809 1734 5864 inth
1782 5805 1962 5861 lucri?
2005 5805 2125 5863 Sint

1460 394 1530 449 ΙΝ
1571 388 1750 446 ACTA
1794 386 2319 442 APOSTOLORUM.
2363 384 2591 441 llOlllL.
2628 383 2739 440 XL.

3639 386 3747 439 288

2161 502 2381 567 divitum,
2417 502 2523 557 sint
2551 501 2757 557 delicize
2786 501 2985 572 absque
3012 502 3197 558 amicis
3232 519 3245 555 :
3278 501 3404 573 quid
3449 502 3570 557 hinc
3604 505 3745 558 utili-

2162 593 2322 647 tatis?
2354 592 2503 648 Nttlla
2538 592 2805 664 possessio
2832 593 2990 648 etiam
3022 594 3072 647 in
3124 594 3472 649 saecularibus
3498 594 3598 649 hac
3629 595 3748 663 pul-

2161 685 2360 750 chrior,
2388 693 2446 740 ut
2474 684 2605 745 nihil
2648 684 2880 741 inimicis
2909 685 3188 740 molestius
3220 695 3321 740 est.
3355 685 3555 741 Caritas
3593 687 3752 757 operit

2162 777 2536 832 multitudinem
2582 787 2901 849 peccatorum
2952 778 2971 848 (
2998 777 3048 831 l.
3081 776 3195 832 Pet.
3227 779 3280 834 4.
3312 776 3421 850 8);
3471 778 3751 834 inimicitia

2163 876 2341 922 autem
2372 868 2529 922 etiam
2556 884 2641 932 ea,
2674 883 2794 938 qua:
2822 884 2926 922 non
2956 877 3100 936 sunt,
3134 868 3455 938 suspicatur.
3483 869 3597 924 Non
3636 869 3749 924 suf-

2166 958 2275 1013 ficit
2319 974 2425 1013 non
2461 973 2581 1014 esse
2611 959 2884 1014 inimicum
2917 1001 2932 1027 ,
2959 958 3057 1015 sed
3096 966 3310 1029 Oportet
3336 960 3498 1015 etiam
3549 974 3752 1014 amare.

2164 1048 2349 1120 Cogita
2374 1050 2426 1104 id
2454 1050 2723 1107 Christum
2749 1051 2999 1122 jussisse,
3029 1061 3083 1107 et
3108 1050 3210 1107 hoc
3238 1049 3456 1107 sufficit.
3488 1051 3657 1105 Etiam
3680 1050 3757 1105 af-

2169 1139 2333 1196 ﬂictio
2361 1142 2623 1197 amicitias
2655 1141 2781 1197 facit
2803 1151 2858 1198 et
2885 1142 3117 1214 copulat.
3150 1142 3288 1210 Quid
3320 1142 3499 1214 igitur,
3524 1142 3754 1214 inquies,

2170 1247 2330 1299 nunc,
2362 1248 2482 1289 cum
2516 1233 2732 1289 afﬂictio
2762 1250 2867 1290 non
2897 1236 3014 1291 est?
3038 1235 3306 1308 quomodo
3336 1236 3539 1291 erimus
3565 1235 3757 1290 amici?

2172 1325 2363 1388 Annon
2394 1325 2528 1381 alios
2559 1326 2767 1382 habetis
2807 1328 3011 1383 amicos
3030 1370 3044 1396 ,
3072 1328 3294 1398 quaeso?
3323 1328 3593 1399 quomodo
3637 1328 3759 1383 illo-

2172 1430 2289 1470 rum
2360 1416 2490 1471 estis
2535 1417 2735 1471 amici?
2787 1418 3057 1488 quomodo
3103 1419 3493 1489 perseveretis?
3539 1418 3758 1475 Interim

2173 1521 2332 1561 nemo
2362 1506 2635 1563 inimicum
2668 1508 2894 1577 habeat;
2924 1524 3031 1569 non
3071 1509 3281 1567 esthoc
3330 1525 3515 1581 parum
3550 1529 3563 1563 :
3606 1526 3763 1565 nemo

2176 1597 2445 1666 invideat;
2496 1614 2602 1655 non
2643 1600 2770 1656 licet
2815 1617 2923 1657 non
2969 1601 3208 1657 invidum
3266 1615 3538 1657 accusare.
3587 1601 3765 1657 Unum

2179 1690 2476 1748 habitamus
2523 1693 2711 1757 orbem
2758 1695 3194 1762 omnes,iisdem
3240 1696 3434 1751 alimur
3487 1695 3763 1751 fructibus.

2178 1780 2285 1837 Sed
2328 1782 2443 1840 haec
2467 1798 2626 1857 parva
2655 1794 2780 1841 sunt
2812 1804 2823 1839 :
2851 1787 3036 1843 iisdem
3067 1787 3338 1859 mysteriis
3357 1829 3372 1854 ,
3396 1787 3584 1843 eadem
3613 1787 3770 1859 Spiri-

2178 1873 2308 1928 tuali
2360 1889 2481 1930 esca
2532 1874 2775 1932 fruimur.
2823 1877 2950 1933 lltcc
2993 1894 3124 1935 sane
3174 1879 3423 1933 amicitia:
3450 1880 3571 1950 jura
3623 1888 3769 1933 sunt.

2180 1965 2461 2031 Quomodo
2490 1967 2650 2038 igitur
2676 2009 2691 2034 ,
2721 1969 2928 2039 inquies
2952 2011 2967 2036 ,
2998 1969 3267 2025 ferventer
3306 1971 3483 2025 affecti
3526 1969 3727 2025 erimus
3749 1970 3773 2021 ’ἐ

2180 2057 2317 2125 Quid
2359 2057 2485 2114 facit
2511 2074 2794 2129 corporum
2838 2060 3124 2116 amorem?
3151 2059 3404 2131 Corporis
3436 2060 3628 2116 forma.
3674 2059 3773 2114 lta—

2182 2165 2290 2221 que
2317 2158 2372 2206 et
2390 2149 2600 2207 animas
2628 2150 2892 2208 formosas
2914 2151 3233 2217 efﬁciamus,
3256 2152 3564 2222 crimusque
3593 2161 3776 2205 mutuo

2181 2250 2491 2300 amatores:
2522 2258 2628 2299 non
2656 2253 2868 2315 oportet
2896 2246 3037 2300 enim
3066 2246 3238 2303 solum
3267 2258 3470 2309 amare,
3502 2243 3597 2298 sed
3615 2243 3777 2297 etiam

2189 2335 2376 2389 amari.
2397 2335 2578 2390 Primo
2595 2334 2648 2390 id
2665 2350 3034 2407 assequamur,
3057 2345 3116 2392 ut
3138 2350 3399 2404 amemur,
3420 2343 3475 2391 et
3489 2334 3615 2391 illud
3638 2334 3781 2388 aliud

2187 2426 2343 2482 facile
2373 2428 2496 2482 erit.
2525 2427 2805 2495 Quomodo
2830 2429 2996 2484 amari
3025 2429 3355 2499 poterimus?
3378 2428 3558 2485 Simus
3578 2426 3782 2496 pulchri

2190 2526 2245 2573 et
2272 2516 2420 2583 boni,
2446 2526 2502 2573 ct
2529 2518 2633 2575 hoc
2659 2520 3026 2590 operabimur,
3061 2529 3117 2574 ttt
3144 2534 3359 2592 semper
3383 2528 3654 2574 amatores
3684 2517 3780 2570 ha-

2191 2607 2432 2664 beamus.
2459 2608 2630 2665 Nemo
2657 2609 2727 2664 ita
2755 2618 2908 2665 curet
2932 2610 3187 2680 pecunias
3227 2609 3523 2680 possidere,
3552 2610 3636 2665 vel
3664 2624 3781 2664 ser-

2194 2714 2311 2766 vos,
2341 2698 2426 2754 vel
2451 2699 2665 2767 domos,
2694 2710 2752 2755 ut
2779 2700 2970 2767 amari,
3002 2709 3064 2755 ut
3094 2701 3291 2755 bonum
3334 2700 3536 2756 habere
3561 2715 3780 2755 nomen.

2199 2787 2384 2844 Helius
2409 2798 2481 2844 est
2505 2806 2707 2856 nomen,
2735 2807 2887 2861 quam
2907 2790 3097 2846 divitia
3117 2792 3292 2845 multm
3319 2792 3339 2862 (
3373 2791 3527 2845 Prov.
3559 2791 3650 2846 2‘2.
3685 2793 3708 2846 Ι
3747 2795 3784 2859 ).

2200 2879 2333 2936 lllud
2360 2881 2504 2937 enim
2533 2890 2733 2948 manet,
2764 2881 2847 2936 ιιεθ
2868 2890 3095 2952 pereunt
3122 2900 3136 2935 :
3164 2891 3220 2937 et
3246 2882 3376 2937 illud
3400 2881 3659 2952 possideri
3688 2898 3786 2953 po-

2199 2978 2325 3040 test,
2351 2970 2434 3026 hte
2454 2988 2583 3027 vero
2616 2972 2860 3028 minime.
2889 2970 3020 3027 Nam
3050 2973 3140 3043 qui
3164 2973 3359 3028 malam
3382 2971 3544 3028 habet
3572 2971 3786 3035 famam.

2203 3063 2291 3119 vix
2340 3064 2483 3118 illam
2537 3072 2790 3120 excutere
2835 3062 3066 3135 poterit;
3111 3079 3315 3135 pauper
3347 3079 3474 3121 vero
3512 3079 3543 3120 a
3574 3065 3792 3121 nomine

2200 3158 2312 3214 cito
2339 3156 2490 3214 dives
2526 3158 2649 3213 erit.
2673 3157 2754 3214 Sit
2780 3159 2900 3229 quis
2945 3157 3082 3214 dena
3128 3157 3293 3213 millia
3326 3159 3522 3213 talenta
3556 3156 3758 3213 habens
3780 3199 3793 3221 ,

2206 3249 2342 3306 alius
2369 3264 2503 3305 vero
2545 3250 2748 3305 amicos
2777 3257 2992 3305 centum
3027 3265 3041 3303 :
3073 3247 3163 3304 hic
3188 3248 3283 3303 illo
3323 3247 3629 3318 opulentior
3670 3247 3795 3303 erit.

2208 3339 2286 3397 Ne
2334 3341 2493 3411 igitur
2532 3340 2637 3396 hoc
2677 3341 2850 3397 obiter
2889 3354 3160 3407 curemus,
3190 3339 3283 3395 sed
3327 3339 3479 3410 quasi
3508 3338 3795 3409 quamdam

2207 3432 2587 3489 abundantiam
2608 3433 2628 3464 ¹
2653 3446 2976 3503 quaeramus.
3008 3431 3078 3487 Et
3116 3430 3387 3503 quomodo
3409 3471 3424 3498 ,
3469 3432 3674 3502 inquit,
3702 3446 3799 3501 po-

2213 3508 2469 3579 terimus?
2494 3522 2648 3578 Fama:
2668 3523 2834 3578 dulcis
2861 3521 3161 3593 multiplicat
3180 3522 3391 3589 amicos,
3417 3531 3466 3577 et
3485 3523 3663 3594 lingua
3683 3538 3811 3592 gra-

2215 3616 2342 3670 tiosa
2372 3617 2390 3685 (
2416 3615 2578 3671 Eccli.
2604 3615 2659 3671 6.
2692 3616 2788 3687 5).
2816 3616 2891 3671 Os
2914 3615 3054 3672 bene
3099 3615 3326 3685 loquens
3359 3614 3726 3685 possideamus
3753 3625 3805 3667 et

2216 3720 2394 3762 mores
2415 3722 2599 3777 puros.
2627 3706 2743 3762 Non
2777 3715 2954 3778 potest
2981 3707 3150 3763 latere
3179 3708 3269 3777 qui
3298 3707 3376 3762 sic
3404 3704 3627 3761 affectus
3655 3716 3757 3760 εει.

2285 3797 2340 3852 4.
2389 3797 2523 3852 Vide
2567 3807 2763 3869 quanta
2791 3800 2991 3853 amoris
3016 3798 3224 3854 vincula
3276 3797 3486 3853 externi
3531 3797 3804 3867 excogita-

2218 3889 2367 3945 rint:
2398 3889 2778 3961 adoptionem,
2823 3890 3112 3957 viciniam,
3167 3892 3534 3963 cognationes.
3575 3890 3679 3947 Sed
3727 3890 3808 3945 his

2217 3980 2464 4037 omnibus
2497 3992 2680 4039 nostra
2708 3991 2833 4039 sunt
2880 3985 3083 4055 majora
3120 4002 3133 4039 :
3164 3984 3281 4040 hinc
3312 3999 3496 4040 mensa
3529 3985 3808 4040 venerabi-

2218 4076 2340 4130 lior.
2368 4075 2519 4131 Multi
2545 4087 2727 4132 autem
2771 4092 2839 4132 ex
2883 4078 2968 4143 iis,
3022 4078 3114 4147 qtti
3144 4078 3447 4134 accedimus
3468 4120 3482 4142 ,
3511 4092 3685 4148 neque
3712 4093 3811 4133 nos

2223 4177 2406 4224 mutuo
2429 4169 2695 4226 novimus.
2712 4169 2826 4226 Hoc
2850 4170 3139 4226 multitudo
3166 4171 3310 4235 facit,
3344 4171 3573 4241 inquies.
3601 4170 3811 4241 Nequa-

2222 4276 2400 4331 quam,
2430 4260 2525 4317 sed
2576 4262 2783 4332 ignavia
2812 4270 3015 4317 nostra.
3056 4262 3163 4318 Ter
3211 4262 3389 4327 mille,
3439 4271 3494 4317 et
3523 4262 3810 4334 quinquies

2226 4353 2371 4409 mille
2399 4362 2556 4409 erant
2579 4354 2676 4420 illi,
2710 4364 2764 4409 et
2792 4367 2982 4409 omnes
3011 4353 3279 4409 habebant
3324 4354 3557 4408 animam
3600 4369 3762 4409 unam
3797 4373 3809 4407 :

2227 4459 2367 4500 nunc
2383 4453 2562 4500 autem
2589 4445 2782 4517 singuli
2810 4445 3029 4501 fratrem
3055 4461 3210 4503 suum
3237 4446 3505 4517 ignorant,
3532 4462 3634 4501 nec
3655 4448 3817 4517 pudet

2226 4550 2321 4591 eos
2350 4536 2746 4593 multitudinem
2775 4548 3093 4609 praetexere.
3136 4537 3235 4607 Qui
3265 4540 3462 4595 multos
3491 4539 3654 4595 habet
3682 4542 3817 4596 ami-

2226 4642 2339 4695 cos,
2370 4629 2620 4686 omnibus
2648 4640 2732 4687 est
2756 4631 3204 4702 inexpugnabilis,
3245 4634 3434 4703 quovis
3458 4642 3685 4705 tyranno
3713 4634 3819 4689 for-

2231 4720 2354 4773 tior.
2384 4719 2500 4775 Non
2524 4720 2598 4776 ita
2627 4720 2778 4776 illum
2798 4722 2962 4776 alium
2985 4722 3266 4789 satellites,
3299 4734 3355 4778 ut
3380 4725 3519 4779 hunc
3544 4727 3702 4781 amici
3725 4742 3820 4781 cu-

2229 4810 2511 4867 stodiunt-:
2530 4811 2724 4883 hicque
2746 4813 2942 4868 clarior
2960 4812 3052 4869 illo
3069 4823 3176 4870 est.
3197 4814 3291 4870 Illo
3319 4829 3551 4886 namque
3570 4832 3598 4869 a
3621 4818 3818 4883 servis,

2228 4904 2319 4959 hic
2347 4904 2416 4960 ab
2442 4905 2738 4974 aequalibus
2754 4906 3093 4962 custoditur:
3128 4906 3219 4962 ille
3239 4908 3309 4962 ab
3334 4907 3514 4966 invitis
3547 4918 3604 4966 et
3630 4911 3822 4966 timcn-

2235 4999 2395 5061 tibus,
2423 4997 2513 5053 hic
2548 5013 2578 5054 a
2610 4999 2917 5055 lubentibus
2962 5014 3065 5055 nec
3100 5002 3502 5067 metuentibus;
3535 5001 3821 5072 videt-eque

2233 5100 2317 5145 est
2343 5105 2456 5145 rem
2482 5091 2705 5156 miram,
2739 5090 2793 5145 in
2838 5090 3021 5145 multis
3058 5106 3246 5161 unum,
3278 5100 3335 5148 et
3364 5093 3415 5147 in
3455 5108 3562 5147 uno
3603 5093 3817 5149 multos.

2235 5183 2408 5254 Atque
2438 5192 2494 5238 ut
2514 5183 2567 5238 in
2593 5181 2800 5239 cithara
2826 5183 3031 5240 diversi
3062 5185 3180 5242 soni
3217 5193 3362 5252 sunt,
3388 5200 3491 5240 una
3521 5199 3651 5240 vero
3671 5199 3820 5256 sym-

2236 5276 2455 5346 phonia,
2481 5291 2727 5347 unusque
2749 5276 2989 5333 musicus
3015 5278 3106 5349 qui
3133 5277 3391 5333 citharam
3419 5276 3593 5346 pulsat
3617 5294 3629 5329 :
3658 5276 3729 5329 ita
3769 5285 3824 5330 et

2239 5368 2325 5422 hic
2355 5385 2366 5423 :
2396 5367 2602 5423 cithara
2625 5368 2842 5439 quidem
2858 5377 2941 5423 est
2960 5368 3172 5430 caritas,
3197 5367 3313 5425 soni
3342 5381 3473 5421 vero
3496 5364 3658 5421 verba
3683 5368 3821 5421 cari-

2239 5467 2344 5514 tate
2368 5458 2549 5528 plcna,
2579 5457 2707 5514 dum
2734 5472 2924 5515 omnes
2949 5458 3105 5513 simul
3129 5446 3289 5513 unam
3327 5456 3677 5526 eamdemque
3700 5456 3824 5511 har-

2240 5551 2473 5605 moniam
2500 5559 2556 5606 et
2575 5549 2954 5621 symphoniam
2982 5547 3252 5614 efficiunt;
3289 5546 3526 5602 musicus
3551 5558 3826 5603 autemest

2239 5641 2476 5696 caritatis
2505 5642 2673 5695 virtus
2709 5657 2721 5693 :
2754 5640 2867 5710 ipsa
2900 5639 3061 5695 dulce
3091 5638 3260 5695 melos
3282 5637 3476 5709 pulsat.
3498 5638 3701 5694 Vellem
3732 5654 3829 5695 vos

2305 5755 2321 5786 ί
2346 5753 2453 5818 ,Alii
2478 5753 2668 5818 legunt,
2691 5751 3083 5817 negotiationem,
3105 5766 3209 5818 pro,
3229 5752 3589 5807 abundantiam.
3617 5760 3829 5817 Utraque

2241 5815 2389 5866 lectio
2413 5817 2650 5879 quadrare
2676 5821 2856 5879 potest.
