4112 6454
366 439 468 493 237

363 557 418 609 in
455 553 612 609 talem
661 549 932 604 civitatem
975 547 1206 610 ducere,
1239 546 1284 601 si
1317 546 1431 600 fieri
1460 554 1662 615 posset,
1697 544 1786 599 ubi
1821 558 1960 599 unus

363 653 506 700 esset
533 644 762 707 animus,
787 651 843 696 et
858 639 1070 695 videres
1093 639 1163 694 ibi
1191 637 1564 710 symphoniam
1585 637 1728 691 omni
1751 636 1956 692 cithara

362 747 416 793 et
461 736 586 791 tibia
623 734 947 800 suaviorem,
980 731 1225 801 nihilque
1251 729 1440 784 absoni
1477 729 1786 783 habentem.
1829 728 1956 784 llaec

364 827 595 882 melodia
619 835 673 881 et
693 825 916 895 angelos
943 832 997 879 et
1023 823 1338 894 angelorum
1365 820 1654 876 Dominum
1683 835 1747 876 ac
1788 819 1955 876 Deum

363 919 624 984 delectat;
650 917 766 972 lucc
795 926 964 972 totunt
992 916 1043 970 in
1066 915 1200 977 cado
1223 916 1490 968 theatrum
1511 912 1743 978 excitat;
1771 911 1885 967 base
1904 920 1958 967 et

363 1013 667 1068 danuonnm
709 1008 945 1065 furorem
968 1005 1263 1077 compescit
1297 1013 1351 1061 et
1388 1005 1673 1060 affectuum
1699 1004 1955 1075 impetum

363 1103 637 1158 demulcet
667 1103 707 1157 ³.
742 1100 868 1155 llaec
915 1097 1146 1154 melodia
1179 1112 1284 1152 non
1333 1095 1492 1152 modo
1523 1095 1748 1152 aﬂ'eczus
1779 1095 1954 1161 sedat,

360 1195 458 1251 sed
491 1209 592 1250 nec
614 1206 904 1262 exsurgere
929 1191 1079 1257 sinit,
1115 1203 1474 1260 magnumque
1506 1189 1632 1244 facit
1659 1189 1952 1243 silentium.

359 1288 513 1344 Sicut
537 1285 680 1342 enim
711 1284 762 1338 in
793 1284 1004 1338 theatro
1025 1281 1354 1336 musicorum
1372 1295 1561 1336 omnes
1587 1280 1810 1336 chorum
1833 1293 1954 1334 cum

359 1379 572 1432 silentio
605 1376 849 1442 audiunt,
876 1373 1160 1444 nullusque
1187 1373 1257 1428 ibi
1295 1373 1554 1428 tumultus
1575 1381 1691 1427 est:
1717 1372 1796 1427 sic
1818 1372 1957 1426 inter

359 1468 583 1535 amicos,
616 1467 842 1523 caritate
869 1467 1137 1536 pulsante,
1185 1480 1373 1521 omnes
1409 1464 1633 1521 affectus
1674 1465 1957 1537 quiescunt

359 1571 418 1618 et
449 1559 723 1625 sedantur,
761 1567 821 1614 ut
847 1558 970 1613 ferte
1001 1557 1259 1613 demulsaz
1285 1566 1338 1613 et
1359 1558 1647 1627 mitigatm;
1681 1558 1840 1624 sicut,
1864 1557 1954 1611 ubi

358 1653 656 1710 inimicitiae
686 1662 832 1719 sunt,
863 1653 934 1708 ibi
980 1652 1161 1706 omnia
1207 1661 1332 1707 sunt
1361 1653 1651 1708 contraria.
1683 1649 1788 1706 Sed
1819 1648 1954 1705 nihil

356 1750 462 1819 jam
505 1747 574 1802 de
606 1744 884 1801 inimicitia
920 1745 1236 1815 loquamur:
1270 1744 1338 1800 de
1365 1743 1601 1799 amicitia
1643 1752 1847 1798 tantum
1873 1741 1954 1797 di-

355 1855 559 1897 camus.
583 1838 784 1910 Siquid
812 1839 1154 1893 temerarium
1173 1837 1341 1903 dicas,
1367 1851 1525 1892 nemo
1557 1845 1638 1892 est
1665 1835 1751 1906 qui
1774 1835 1954 1890 insur-

354 1941 447 2004 gat
469 1934 520 1987 in
554 1943 628 2000 te,
653 1931 749 1986 sed
777 1945 967 1986 omnes
995 1929 1320 2000 ignoscunt;
1350 1931 1394 1984 si
1426 1929 1552 2000 quid
1581 1929 1764 1993 facias,
1795 1943 1954 1984 nemo

353 2025 676 2094 suspicatur,
718 2021 811 2079 sed
850 2037 1042 2093 magna
1069 2029 1153 2078 est
1200 2021 1528 2091 indulgentia
1555 2040 1566 2074 :
1593 2019 1806 2075 cadenti
1833 2035 1950 2072 oin-

358 2131 454 2172 nzis
485 2122 737 2188 prompte
786 2128 998 2169 manum
1028 2113 1347 2185 porrigunt;
1377 2126 1564 2166 omnes
1608 2112 1780 2182 ipsum
1813 2121 1955 2166 stare

353 2217 562 2262 Clll‘ﬂl'll.

428 2298 676 2353 Amicitia:
700 2299 843 2352 ratio.
867 2327 938 2338 -
968 2296 1151 2353 Murus
1181 2311 1305 2351 vere
1332 2297 1683 2352 inconcussus
1711 2305 1791 2350 est
1823 2296 1956 2350 ami-

354 2392 498 2459 citia,
525 2391 613 2461 qui
643 2405 742 2446 nec
767 2405 795 2443 a
827 2388 1044 2444 diabolo
1069 2388 1294 2459 capitur,
1327 2387 1522 2442 nedum
1544 2387 1610 2441 ab
1630 2387 1952 2441 hominibus.

354 2486 468 2541 Non
523 2493 699 2554 potest
753 2483 804 2537 in
851 2482 1093 2553 pericula
1153 2481 1390 2535 incidere
1412 2480 1501 2550 qui
1544 2480 1747 2533 amicos
1790 2479 1955 2533 habet

353 2577 550 2630 inultos
579 2592 593 2629 ε
623 2575 765 2629 nulla
794 2573 948 2629 adest
997 2574 1095 2627 irte
1145 2573 1378 2635 occasio,
1409 2570 1503 2625 sed
1531 2572 1811 2625 suavitatis
1848 2581 1959 2623 tan-

353 2679 465 2726 ttun
502 2687 514 2724 :
549 2668 600 2722 in
627 2668 740 2722 risu
773 2681 988 2736 semper
1017 2673 1099 2720 est
1120 2679 1184 2720 ac
1206 2663 1415 2719 deliciis
1441 2681 1454 2717 :
1483 2663 1625 2717 nulla
1650 2663 1720 2718 ibi
1745 2662 1955 2716 invidia:

349 2761 583 2827 occasio,
617 2759 763 2834 nulla
791 2757 1111 2829 injuriarum
1139 2755 1421 2812 memoria.
1453 2755 1603 2810 llunc
1623 2754 1746 2809 vide
1774 2764 1825 2808 ct
1849 2754 1954 2818 sai-

353 2852 564 2909 ritualia
619 2847 692 2906 et
743 2849 977 2906 carnalia
1044 2847 1200 2904 facile
1259 2847 1600 2917 dirigentem.
1645 2845 1779 2914 Quid
1831 2845 1954 2900 huic

351 2961 446 3016 par
472 2943 670 2999 fuerit?
697 2939 794 2997 llic
819 2951 902 2996 est
930 2955 1028 2995 ceu
1051 2940 1240 2994 civitas
1267 2937 1504 3008 undique
1532 2939 1703 2993 muris
1727 2937 1902 2992 cincta
1932 2952 1949 3003 ;

348 3040 438 3094 ille
473 3053 601 3093 vero
629 3037 764 3091 alius
806 3035 956 3106 quasi
997 3032 1184 3088 civitas
1239 3033 1357 3088 sine
1389 3033 1573 3087 muris.
1607 3031 1812 3103 Magnas
1860 3047 1950 3087 sa-

348 3131 562 3201 pientiae
608 3138 712 3193 est,
747 3142 907 3199 posse
932 3126 1194 3181 amicitias
1221 3124 1534 3180 conciliare.
1567 3123 1722 3180 Tolle
1761 3125 1950 3180 amici-

350 3224 474 3278 tiam
501 3230 556 3278 et
581 3219 760 3276 omnia
783 3217 1085 3284 sustuleris,
1117 3217 1296 3272 omnia
1319 3213 1648 3271 confuderis.
1681 3215 1736 3272 Si
1759 3226 1937 3271 autem

347 3315 597 3370 amicitia:
620 3312 798 3382 imago
824 3318 1022 3364 tantam
1049 3309 1155 3362 vim
1178 3306 1363 3374 habet,
1390 3307 1504 3377 ipsa
1532 3307 1730 3363 veritas
1749 3317 1948 3378 quanta

351 3406 493 3462 erit?
518 3403 737 3460 Amicos
763 3418 891 3473 ergo
934 3401 1090 3456 nobis
1137 3415 1409 3472 paremus,
1438 3400 1684 3468 obsecro,
1713 3409 1764 3456 et
1813 3399 1950 3457 hanc

347 3545 406 3656 dt
440 3541 577 3656 limi,
601 3546 647 3593 et
668 3541 926 3604 aﬂ’ectuum
937 3537 1168 3604 unpetum
1190 3535 1449 3599 demulcet,
1474 3537 1657 3588 desunt
1678 3538 1730 3587 in
1744 3538 1946 3601 quibus-

1072 434 1128 489 S.
1170 429 1445 488 JUANNIS
1473 428 1947 486 CllllYSOSTOMl
1977 430 2296 488 ARClliEP.
2328 435 2858 495 CONSTANTINOP.

3549 446 3651 501 288

2067 555 2236 602 artem
2261 547 2434 618 quivis
2478 559 2750 604 exerceat.
2787 551 2853 605 Et
2879 565 3029 617 ecce,
3060 552 3286 623 inquies,
3329 569 3428 626 ego
3451 569 3652 624 conor;

2065 639 2156 694 ille
2186 655 2314 695 vero
2335 655 2441 695 non
2463 649 2632 697 curat.
2664 642 2833 714 Major
2865 644 2954 699 tibi
2985 661 3192 702 merces
3222 647 3298 702 sic
3317 649 3436 702 erit.
3459 649 3649 716 Etiam,

2064 730 2296 802 inquies,
2325 731 2419 786 sed
2445 748 2534 788 res
2564 743 2690 788 tunc
2738 733 3006 792 difﬁcilior
3032 747 3133 792 est.
3167 738 3478 808 Quomodo,
3509 757 3649 812 qua:-

2062 823 2162 878 so?
2194 824 2335 880 Ecce
2365 824 2624 880 testificor
2639 834 2693 882 et
2719 826 2860 894 dico,
2893 844 2936 882 su
2962 829 3148 885 decem
3174 840 3380 888 tantum
3410 849 3506 890 vos
3525 849 3654 890 con-

2056 916 2356 988 jungeretis
2378 958 2394 983 ,
2449 927 2503 973 et
2527 932 2664 988 opus
2700 919 3024 990 praedicandi
3074 923 3213 978 sicut
3241 926 3470 994 apostoli
3503 926 3654 982 vobis

2061 1009 2481 1077 constitueretis,
2513 1019 2569 1066 et
2593 1011 2733 1066 sicut
2762 1013 3036 1082 prophetae
3084 1014 3374 1083 docebant,
3403 1019 3482 1074 sic
3512 1019 3646 1074 ami-

2060 1115 2154 1154 cos
2183 1099 2360 1157 facere
2380 1100 2688 1168 studeretis,
2715 1117 2963 1173 magnam
2995 1104 3152 1160 vobis
3181 1106 3294 1163 fore
3321 1109 3650 1165 mercedem.

2060 1189 2255 1261 Regias
2297 1191 2450 1248 nobis
2481 1193 2742 1264 imagines
2773 1209 3026 1264 paremus
3052 1214 3065 1251 :
3096 1195 3200 1252 hoc
3233 1197 3377 1253 enim
3416 1199 3653 1271 discipu-

2058 1284 2230 1339 lorum
2257 1285 2559 1356 symbolum
2590 1296 2692 1341 est.
2728 1287 2910 1341 Etcur
2939 1303 3044 1343 non
3074 1289 3245 1358 majus
3273 1290 3542 1361 quidpiam
3578 1293 3652 1350 fa-

2058 1378 2250 1446 cimus,
2281 1391 2439 1447 quam
2471 1378 2514 1431 si
2541 1378 2695 1432 nobis
2734 1377 3038 1435 facultatem
3079 1383 3477 1452 nequiret-emus
3505 1400 3645 1440 mor-

2060 1475 2180 1522 tuos
2205 1467 2535 1524 suscitandi?
2564 1469 2820 1524 Diadema
2851 1479 2904 1526 et
2922 1486 3154 1542 purpura
3181 1488 3362 1544 regem
3381 1473 3648 1530 indicant:

2058 1560 2104 1615 si
2133 1561 2250 1616 hate
2279 1575 2387 1615 non
2418 1559 2616 1624 adsint,
2648 1561 2860 1616 etiamsi
2887 1576 3051 1617 aurea
3085 1563 3279 1621 habeat
3305 1567 3644 1632 vestimenta,

2060 1651 2298 1707 nondum
2335 1667 2429 1708 rex
2455 1652 2828 1708 manifestatus
2849 1664 2950 1708 est.
2974 1652 3049 1708 Ita
3071 1662 3124 1709 et
3155 1663 3210 1709 tu
3232 1670 3371 1710 nunc
3399 1656 3533 1712 hanc
3561 1657 3653 1712 tibi

2059 1755 2319 1802 tesseram
2350 1745 2529 1812 facito,
2553 1755 2608 1801 et
2635 1746 2729 1801 tibi
2759 1755 2812 1801 et
2841 1746 2964 1802 aliis
2989 1747 3192 1802 amicos
3215 1748 3452 1817 parabis.
3483 1749 3654 1806 Nemo

2058 1839 2148 1909 qui
2173 1846 2402 1903 ametur,
2434 1837 2559 1893 odio
2583 1836 2783 1894 habere
2808 1838 2956 1896 velit.
2991 1838 3270 1895 Discamus
3300 1841 3508 1896 colores
3535 1841 3653 1897 illos

2058 1932 2148 2002 qui
2174 1932 2489 1998 miscentur,
2517 1931 2708 2002 quibus
2734 1931 2911 2001 imago
2943 1931 3031 1985 illa
3053 1932 3398 1987 constituitur
3424 1949 3437 1985 :
3467 1932 3652 1989 diserti

2058 2025 2226 2080 simus
2249 2041 2262 2076 :
2283 2039 2353 2080 ne
2367 2034 2738 2094 exspectemus
2756 2024 3049 2094 proximos.
3072 2023 3151 2080 Ne
3171 2024 3320 2080 dicas
3347 2041 3362 2079 :
3388 2024 3444 2080 Si
3471 2025 3654 2080 videro

2057 2118 2290 2188 aliquem
2320 2117 2553 2183 tardum,
2582 2131 2684 2188 ego
2726 2116 2964 2172 deterior
3005 2115 3076 2172 lio
3110 2135 3123 2171 :
3154 2117 3264 2172 imo
3314 2117 3361 2172 si
3415 2117 3610 2173 videris
3633 2160 3649 2184 ,

2062 2223 2411 2279 pra-occupa,
2444 2218 2500 2264 et
2529 2208 2644 2278 ejus
2669 2208 2855 2262 vitium
2887 2209 3187 2278 exStingue.
3222 2207 3447 2278 [Egrum
3481 2209 3648 2269 vides.

2060 2312 2110 2356 et
2144 2302 2389 2357 morbum
2419 2303 2622 2371 auges?
2647 2301 2760 2357 lloc
2792 2301 3024 2356 maxime
3069 2309 3124 2356 et
3151 2310 3277 2355 ante
3308 2301 3484 2355 omnia
3514 2317 3652 2371 pra:-

2061 2402 2284 2460 stcmus,
2307 2393 2582 2448 uthonore
2602 2407 2698 2446 nos
2723 2400 2908 2446 mutuo
2927 2391 3320 2462 praeveniamus
3353 2390 3527 2462 (llam.
3566 2391 3650 2451 12.

2061 2484 2174 2554 10),
2209 2499 2307 2538 nec
2325 2491 2483 2553 putes
2507 2491 2556 2536 te
2579 2479 2772 2550 minui,
2797 2498 2921 2538 cum
2952 2491 3109 2552 putas
3132 2481 3268 2536 alios
3300 2489 3351 2537 te
3378 2482 3647 2538 excellen-

2059 2577 2245 2632 tiores.
2279 2576 2336 2632 Si
2367 2577 2539 2646 ipsum
2595 2575 2802 2631 honore
2853 2575 3172 2646 praevenias,
3225 2575 3452 2646 teipsum
3484 2577 3654 2647 magis

2061 2668 2333 2723 honorasti
2366 2667 2567 2738 tibique
2598 2667 2860 2722 honorem
2888 2667 3178 2722 attraxisti.
3218 2665 3426 2738 Ubique
3457 2668 3654 2737 primas

2059 2762 2178 2818 aliis
2205 2761 2586 2816 concedamus.
2609 2759 2750 2815 Nihil
2767 2775 2978 2824 eorum,
3009 2775 3128 2830 quae
3158 2758 3315 2815 nobis
3341 2759 3483 2814 illata
3507 2769 3651 2826 sunt,

2060 2855 2320 2909 malorum
2349 2853 2720 2918 recordemur,
2741 2853 2836 2908 sed
2867 2854 3133 2908 bonorum
3159 2860 3386 2907 tantum.
3411 2851 3554 2908 Nihil
3578 2854 3655 2908 sic

2059 2950 2182 3004 facit
2206 2951 2437 3004 amicum
2466 2957 2523 3002 ut
2550 2954 2703 3018 grata
2733 2947 2935 3018 lingua,
2954 2961 3017 3000 os
3042 2946 3180 3002 bene
3210 2945 3456 3016 loquens,
3474 2946 3651 3002 anima

2057 3045 2174 3098 sine
2203 3043 2356 3108 fastu,
2376 3057 2526 3097 vanae
2540 3041 2724 3112 gloria:
2749 3050 2798 3095 et
2830 3041 3049 3095 honoris
3071 3048 3428 3107 contemptus.
3460 3039 3516 3093 Si
3539 3038 3654 3095 hate

2056 3134 2365 3201 fecerimus,
2394 3133 2692 3203 poterimus
2734 3131 2931 3186 diaboli
2966 3129 3167 3201 laqueis
3205 3129 3462 3186 inaccessi
3493 3144 3650 3196 esse;

2055 3234 2111 3281 et
2140 3225 2391 3280 virtutem
2445 3233 2696 3280 accurate
2723 3222 2956 3287 sectati,
3007 3223 3268 3293 promissa
3308 3222 3653 3292 diligentibus

2055 3318 2226 3373 Deum
2257 3317 2397 3372 bona
2447 3315 2727 3386 consequi,
2779 3315 2949 3386 gratia
2982 3323 3036 3370 et
3064 3313 3395 3385 benignitate
3442 3313 3653 3371 Domini

2053 3410 2226 3465 nostri
2255 3409 2383 3466 Jesu
2411 3408 2633 3475 Christi,
2675 3409 2890 3480 quicum
2943 3406 3092 3462 Patri
3131 3417 3185 3463 et
3213 3405 3437 3477 Spiritui
3466 3414 3654 3461 sancto

2057 3502 2250 3574 gloria,
2268 3502 2574 3572 imperium,
2597 3500 2794 3569 honor,
2824 3514 2962 3555 nunc
2983 3508 3037 3554 et
3052 3515 3282 3571 semper,
3304 3508 3359 3556 et
3382 3499 3435 3555 in
3457 3499 3652 3556 saecula

2051 3595 2398 3650 saeculorum.
2418 3593 2612 3650 Amen.

376 3708 3656 3733 “mm

1672 3773 2023 3837 HOMILIA
2068 3775 2228 3837 XL].

347 3927 480 3981 Car.
527 3924 613 3979 i9.
648 3938 702 3976 v.
733 3923 784 3977 8.
831 3918 1100 3991 Ingressus
1133 3919 1186 3972 in
1231 3933 1563 3989 synagogam,
1605 3934 1719 3971 cum
1756 3918 1946 3988 ﬁducia

421 4014 724 4088 loquebatur
769 4027 860 4083 per
889 4021 990 4066 tres
1021 4025 1241 4074 menses,
1269 4009 1537 4080 disputans
1572 4017 1617 4063 et
1639 4008 1859 4064 suadens
1883 4007 1946 4063 de

421 4123 579 4178 regno
605 4103 721 4159 Dei.

423 4203 449 4256 ‘l
464 4239 477 4254 .
499 4199 802 4270 Synagogas
824 4200 1109 4269 frequenter
1133 4193 1241 4248 adit
1272 4192 1472 4248 Paulus
1487 4233 1501 4259 ,
1529 4209 1703 4264 quare.
1723 4221 1794 4232 —
1811 4189 1944 4246 Vide

353 4293 569 4362 ubique,
597 4301 655 4346 ut
682 4306 742 4346 se
771 4290 826 4344 in
853 4301 1156 4360 synagogas
1179 4286 1440 4353 immittit,
1465 4293 1520 4340 et
1545 4285 1625 4340 sic
1645 4284 1940 4355 demigrat:

353 4388 550 4457 ubique
580 4385 722 4440 enim
761 4383 829 4437 ab
870 4382 975 4436 illis
1004 4378 1220 4435 volebat
1244 4377 1584 4433 occasionem
1625 4389 1942 4440 assumere,

350 4495 408 4534 nt
427 4477 561 4533 dixi.
599 4475 733 4530 Nam
762 4482 952 4544 gentes
984 4471 1094 4542 jam
1133 4470 1253 4525 zelo
1294 4467 1594 4533 fervebant,
1634 4475 1691 4522 et
1714 4466 1946 4522 libenter

350 4584 473 4625 cum
502 4565 874 4637 accipiebant;
913 4561 1084 4618 Judaei
1115 4576 1245 4616 vero
1292 4559 1544 4632 gentibus
1591 4557 1750 4614 fidem
1769 4559 1943 4614 susei-

349 4662 651 4734 pientibus,
683 4657 1053 4730 penitentiam
1091 4655 1342 4726 agebant.
1386 4653 1614 4709 Volebat
1651 4651 1944 4723 discipulos

354 4757 502 4811 illinc
543 4752 879 4818 abstrahere,
922 4759 977 4805 et
1001 4750 1067 4804 ab
1094 4749 1199 4804 illis
1220 4747 1482 4818 incipere,
1515 4754 1574 4801 ut
1603 4761 1670 4800 ne
1696 4759 1817 4801 cum
1841 4744 1948 4798 illis

350 4853 808 4916 congregarentur
834 4861 847 4896 :
875 4856 1050 4912 neque
1073 4841 1191 4895 sine
1219 4853 1380 4893 causa
1406 4838 1512 4893 hoc
1552 4835 1800 4891 faciebat.
1823 4833 1948 4890 Ideo

353 4940 666 5009 frequenter
710 4951 832 4991 cum
865 4935 972 4989 illis
1017 4932 1362 5002 disputabat,
1405 4931 1529 5001 quia
1567 4927 1944 5000 persuadebat.

354 5034 432 5090 Ne
461 5033 656 5104 igitur,
689 5031 814 5101 quia
843 5028 1056 5084 dicendi
1098 5027 1398 5082 libertatem
1424 5025 1654 5091 audisti,
1684 5024 1946 5093 asperita-

355 5134 460 5182 tem
495 5132 652 5196 putes
681 5142 694 5177 :
728 5122 798 5178 de
823 5121 1044 5176 utilibus
1074 5120 1236 5175 rebus
1276 5117 1605 5188 disputabat,
1634 5115 1704 5170 de
1730 5129 1897 5185 regno
1927 5131 1941 5167 :

365 5218 484 5286 quis
511 5232 618 5271 ncn
660 5211 934 5269 audisset?
963 5211 1018 5267 9.
1055 5230 1074 5263 ‹
1106 5211 1240 5266 Cum
1270 5217 1448 5263 autem
1476 5205 1692 5277 quidam
1734 5204 1948 5259 indura-

355 5326 560 5376 rentur,
590 5318 643 5363 et
665 5323 769 5362 non
792 5305 1114 5369 crederent,
1145 5301 1532 5356 maledicentes
1563 5299 1700 5352 viam
1731 5296 1947 5352 Domini

361 5416 543 5455 coram
573 5399 910 5454 multitudine
930 5438 944 5461 ,
969 5394 1252 5450 discedens
1275 5392 1342 5446 ab
1381 5391 1492 5456 eis,
1525 5389 1826 5459 segregavit
1869 5387 1950 5442 di-

364 5492 621 5560 scipulos,
648 5488 889 5560 quotidie
915 5487 1198 5556 disputans
1220 5485 1272 5537 in
1302 5481 1487 5536 schola
1510 5479 1747 5552 Tyranni
1774 5481 1949 5549 cujus-

363 5579 509 5633 dam.
537 5580 623 5634 10.
659 5579 772 5634 Hoc
797 5587 977 5632 autem
999 5575 1205 5630 factum
1237 5581 1318 5628 est
1344 5587 1440 5642 per
1478 5571 1776 5636 biennium,
1807 5571 1956 5625 itaut

363 5672 705 5749 mnneshqui
755 5670 1068 5726 habitabant
1115 5669 1168 5722 in
1219 5667 1386 5733 Asia,
1443 5664 1691 5720 audirent
1731 5662 1953 5718 verbum

372 5762 582 5816 Domini
611 5762 767 5830 Jesu,
804 5771 912 5817 tam
958 5762 1130 5818 Judaei
1174 5776 1334 5832 quam
1375 5758 1570 5816 Grmci.
1610 5777 1629 5811 ι
1659 5755 1813 5811 Viam
1837 5770 1952 5810 mc—

367 5852 469 5903 rito
497 5853 759 5905 vocabant
792 5853 1226 5921 prtedicationem
1252 5871 1266 5918 ;
1298 5868 1424 5907 vere
1456 5851 1599 5906 enim
1625 5850 1741 5905 hmc
1766 5849 1849 5902 via
1873 5855 1957 5902 cst

370 5958 486 6010 qum
519 5941 661 5995 ducit
704 5945 770 5998 ad
800 5960 1022 6015 regnum
1074 5949 1349 6003 cal-lotum.
1386 5946 1449 6000 In
1510 5946 1702 6015 schola,
1756 5945 1949 6015 inquit,

2059 3917 2289 3988 Tyranni
2329 3915 2602 3987 cujusdam
2641 3913 2956 3985 disputabat.
3018 3911 3084 3967 Et
3119 3913 3215 3966 Itoc
3237 3916 3430 3984 factum
3460 3923 3532 3966 est
3563 3928 3653 3982 per

2055 4008 2312 4062 biennium
2331 4047 2345 4071 ,
2369 4008 2440 4059 ita
2468 4014 2522 4058 ut
2558 4020 2732 4058 omnes
2758 4001 2993 4056 audirent
3038 4018 3321 4056 sermonem
3349 4012 3454 4056 tam
3479 4001 3652 4054 Judan’

2053 4114 2206 4165 quant
2234 4096 2418 4152 Grazci.
2448 4094 2611 4151 Vides
2640 4101 2897 4166 quantum
2929 4092 3126 4161 profuit
3169 4092 3386 4148 assidue
3411 4091 3649 4163 urgere?

2053 4189 2123 4244 Et
2149 4187 2320 4243 Judaei
2351 4195 2406 4242 ct
2427 4185 2598 4241 Graeci
2641 4183 2951 4240 audiebant.
2979 4183 3068 4243 il.
3095 4203 3114 4236 ι
3153 4183 3497 4254 Virtutesque
3528 4199 3635 4238 non

2052 4281 2323 4355 quaslibet
2372 4279 2604 4335 faciebat
2654 4278 2796 4334 Deus
2849 4292 2945 4347 per
2997 4292 3189 4332 manus
3235 4275 3408 4342 Pauli,
3465 4274 3554 4330 12.
3595 4286 3655 4330 ut

2059 4377 2222 4432 etiam
2255 4389 2418 4444 super
2461 4372 2744 4445 languidos
2796 4372 3139 4428 deterrentur
3177 4371 3245 4427 de
3271 4386 3498 4441 corpore
3537 4371 3653 4443 ejus

2063 4465 2307 4535 sudaria,
2349 4475 2406 4522 et
2449 4464 2819 4529 semicinctia,
2877 4474 2930 4518 et
2959 4464 3276 4519 recederent
3330 4463 3399 4518 ab
3435 4463 3650 4518 eislan-

2052 4575 2269 4632 guores,
2298 4565 2354 4613 et
2372 4557 2593 4627 spiritus
2611 4571 2838 4627 nequam
2867 4557 3079 4611 exirent
3108 4555 3176 4610 ab
3202 4555 3305 4610 eis.
3343 4574 3361 4607 ι
3390 4553 3504 4610 Non
3530 4562 3647 4607 tan-

2053 4653 2254 4724 gebant
2284 4650 2456 4704 solum
2488 4649 2754 4716 ferentes,
2782 4647 2877 4703 sed
2919 4649 3244 4718 accipientes
3273 4645 3640 4717 imponebant.

2052 4744 2178 4800 Ideo
2208 4758 2316 4798 non
2344 4742 2468 4796 sivit
2491 4741 2738 4796 Christus
2777 4741 2928 4794 illum
2961 4740 3040 4795 ire
3070 4741 3120 4794 in
3159 4739 3368 4806 Asiam,
3401 4737 3650 4792 hoctem-

2053 4851 2154 4909 pus
2179 4835 2494 4900 observans,
2523 4844 2694 4903 utego
2720 4841 2869 4902 puto.
2903 4833 2988 4887 15.
3031 4851 3048 4883 ι
3081 4832 3452 4887 Tentaverunt
3471 4839 3648 4884 autem

2053 4927 2271 5000 quidam
2306 4941 2373 4982 ex
2432 4923 2893 4979 circumeuntibus
2925 4922 3125 4978 Judaiis
3171 4921 3451 4977 cxorcistis
3498 4921 3644 4977 invo-

2055 5035 2179 5075 care
2202 5032 2363 5087 super
2403 5030 2530 5081 eos,
2562 5015 2652 5084 qui
2680 5013 2950 5069 habebant
2975 5016 3196 5084 spiritus
3229 5013 3424 5079 malos,
3456 5026 3654 5068 nomen

2058 5108 2271 5166 Domini
2298 5107 2426 5162 Jesu
2451 5149 2466 5173 ,
2500 5105 2781 5160 dicentes:
2815 5104 3140 5175 Adjuramus
3179 5119 3278 5159 vos
3315 5118 3412 5173 per
3442 5101 3652 5168 Iesum,

2057 5215 2217 5272 quem
2249 5197 2448 5255 Paulus
2490 5197 2766 5268 praedicat.
2793 5214 2812 5248 ›
2858 5195 2933 5251 lta
2975 5197 3153 5252 omnia
3197 5195 3467 5252 faciebant
3521 5194 3665 5252 lucti-

2056 5307 2239 5348 causa.
2273 5289 2409 5345 Vide
2442 5307 2455 5343 :
2491 5288 2712 5343 credere
2743 5288 2956 5357 quidem
2988 5287 3244 5344 nolebant
3266 5329 3281 5355 ,
3305 5286 3400 5342 scd
3431 5301 3527 5358 per
3554 5287 3660 5342 hoc

2059 5401 2255 5440 nomen
2292 5383 2546 5437 volebant
2582 5381 2781 5450 ejicere
2817 5381 3102 5436 daemonia.
3150 5382 3307 5451 Papae
3331 5423 3346 5447 ,
3397 5387 3656 5450 quantum

2057 5486 2175 5531 erat
2215 5489 2409 5530 nomen
2440 5472 2587 5528 Pauli
2617 5471 2631 5525 ι
2663 5473 2753 5527 14.
2791 5491 2809 5523 ι
2844 5472 3009 5527 Erant
3037 5481 3214 5527 autem
3241 5470 3458 5542 quidam
3484 5466 3658 5525 Judmi

2065 5570 2274 5633 Sccvae,
2324 5563 2582 5636 principis
2622 5563 2998 5630 sacerdotum,
3039 5573 3244 5634 septem
3288 5562 3405 5630 lilii,
3437 5561 3527 5632 qni
3551 5559 3657 5615 hoc

2061 5661 2346 5717 faciebant.
2382 5658 2472 5716 15.
2497 5657 2853 5729 Respondens
2883 5665 3062 5713 autem
3107 5656 3330 5726 spiritus
3379 5669 3614 5725 nequam
3637 5694 3652 5720 ,

2061 5755 2195 5813 dixit
2220 5753 2299 5808 eis
2330 5770 2343 5805 :
2377 5752 2562 5807 lesum
2589 5751 2752 5817 novi,
2798 5759 2853 5806 et
2891 5749 3110 5805 Paulum
3158 5748 3310 5816 scio;
3347 5757 3446 5803 vos
3473 5755 3653 5799 autem

2063 5847 2154 5918 qui
2181 5843 2351 5899 estis?
2403 5840 2488 5897 l6.
2519 5843 2584 5897 Et
2613 5842 2857 5897 insiliens
2886 5841 2937 5895 in
2965 5855 3061 5896 eos
3089 5839 3255 5895 homo
3274 5882 3288 5906 ,
3325 5840 3377 5894 in
3406 5853 3512 5908 quo
3541 5847 3656 5891 erat

2065 5935 2395 5995 daemonium
2443 5934 2739 6005 pessimum
2770 5943 2823 5990 et
2853 5932 3154 5990 dominatus
3180 5947 3368 5991 eorum
3391 5972 3406 5998 ,
3432 5927 3653 5986 invaluit
