4112 6478
374 405 480 458 287

374 538 496 591 τρῳ
519 517 683 593 χοροῦ
717 517 993 591 μουσικῶν
1022 515 1223 579 πάντες
1253 513 1390 585 μετά
1420 514 1578 585 σιγῆς
1608 513 2064 578 ἐπακούουσι,καὶ

374 608 558 672 ούδεξ
580 609 700 660 ἐκεῖ
724 605 971 674 θόρυϐος·
990 604 1132 658 οὕτω
1156 604 1250 658 καὶ
1275 604 1332 656 ἐν
1356 604 1468 666 τοῖς
1497 601 1692 671 φίλοις,
1715 602 1814 672 τῆς
1841 603 2064 675 ἀγάπης

377 693 712 767 κρουούσης,
742 693 921 747 πάντα
952 693 1150 764 ἠρεμεῖ
1172 689 1241 744 τά
1281 688 1427 759 πάοη
1463 690 1559 742 καὶ
1587 687 2061 759 κατακοιμίζεται,

381 782 638 853 καθάπερ
669 780 838 853 θηρία
879 779 1193 851 κηλούμενα
1240 777 1336 831 καὶ
1382 774 1703 846 θελγόμενα,
1731 774 1923 847 ὥσπερ
1971 771 2066 830 οῦν

382 870 510 924 ἔνθα
536 868 734 940 ἔχθρα,
768 869 948 924 πάντα
978 867 1047 921 τά
1071 865 1311 920 ἐναντία.
1329 862 1491 917 Ἀλλά
1522 862 1688 935 μηδὲν
1710 862 1839 933 περὶ
1865 861 2066 934 ἔχθρας

381 958 520 1021 τέως
548 959 831 1028 εἴπωμεν⁸
876 954 1006 1028 περὶ
1049 951 1230 1023 φιλίας
1273 950 1524 1022 λέγωμεν
1564 950 1743 1021 μόνον.
1782 950 1880 1003 Ἂν
1904 949 2067 1023 εἴπῃς

382 1063 436 1100 τι
471 1043 766 1117 προπετὲς,
817 1043 992 1106 οὐδεὶς
1042 1043 1071 1096 ὁ
1124 1038 1647 1111 ἐπιλαμϐανόμενος,
1677 1035 1814 1090 ἀλλά
1863 1037 2067 1101 πάντες

386 1133 892 1204 συγγινώσκουσινο
942 1132 1010 1185 ἂν
1059 1128 1292 1201 πράξῃς,
1330 1126 1505 1190 οὐδεὶς
1563 1125 1882 1191 ὑποπτεύει,
1928 1125 2068 1179 ἀλλά

383 1222 555 1294 πολλὴ
580 1224 614 1294 ή
647 1219 945 1291 συγγνώμη
967 1237 982 1251 ’
1018 1219 1216 1280 πάντες
1238 1217 1287 1270 οἱ
1326 1217 1482 1287 χεῖρα
1508 1213 1794 1286 ὀρέγοντες
1816 1212 2068 1268 πίπτοντι

386 1312 697 1382 πρόχειροι⁸
733 1308 936 1369 πάντες
964 1303 1357 1375 οῖβουλόμενοι
1394 1302 1583 1372 στῆναι
1623 1300 1918 1372 πρόθυμοι.

458 1397 648 1468 Τεῖχος
689 1395 860 1459 ὅντως
884 1392 1125 1465 ἀρῤαγές
1161 1392 1194 1462 ή
1226 1389 1400 1461 φιλία.
1445 1389 1540 1442 καὶ
1565 1387 1686 1442 ούδέ
1713 1387 1791 1459 τῷ
1833 1387 2068 1458 διαϐόλῳ

389 1482 689 1553 ἁλώσιμον,
728 1482 858 1553 μήτι
885 1496 948 1549 γε
974 1476 1303 1549 ἀνθρώποις.
1343 1476 1458 1530 Οὐκ
1476 1475 1555 1529 ἔνι
1587 1473 1817 1543 κινδύνῳ
1843 1490 2068 1545 περιπε-

390 1573 507 1625 σεῖν
553 1571 648 1624 τὸν
692 1570 879 1639 φίλους
931 1567 1270 1639 κεκτημένον
1315 1563 1542 1627 πολλούς
1562 1580 1574 1592 ·
1625 1562 1727 1617 οὐκ
1774 1561 1854 1617 ενι
1899 1561 2070 1633 ὀργῆς

393 1658 659 1713 ὑπόθεσιν
684 1658 845 1727 σχεῖν,
878 1655 1015 1709 ἀλλά
1047 1651 1347 1726 θυμηδίαςο
1388 1653 1447 1706 ἐν
1480 1650 1679 1721 γέλωτι
1708 1649 1796 1704 ἀεί
1829 1650 1947 1703 ἐστι
1976 1649 2065 1703 καλ

393 1747 616 1818 τρυφῇ·
672 1744 768 1797 ούκ
820 1741 898 1797 ἔνι
957 1740 1259 1814 βασκανίας
1308 1737 1565 1793 ὑπόθεσιν
1609 1737 1790 1807 σχεϊψ
1843 1736 1944 1789 οὐκ
1990 1734 2069 1789 ἔνι

402 1831 765 1904 μνησικακίας
792 1830 1067 1902 ἀφορμήν.
1094 1829 1235 1900 Ὅρα
1261 1826 1352 1881 τὸν
1374 1825 1614 1880 τοιοῦτον
1643 1825 1740 1879 καὶ
1764 1824 1834 1877 τά
1862 1836 1888 1865 ει
1911 1840 2069 1876 πνευ-

404 1920 609 1994 ματικά
628 1920 721 1974 καὶ
746 1919 821 1974 τά
842 1916 1083 1989 σαρκικὰ
1107 1914 1481 1989 κατορθοῦντα
1500 1912 1616 1984 μετ’
1636 1910 1904 1976 εὐκολίας.
1923 1911 1989 1964 Τί
2006 1910 2070 1983 δὴ

393 2006 487 2064 οὖν
514 2008 705 2062 τούτου
741 2008 856 2061 ἴσον
888 2005 1087 2077 γένοιτ’
1113 2005 1214 2071 ἀν;
1251 2004 1465 2075 Ὥσπερ
1495 2000 1652 2066 πόλις
1689 1999 2072 2070 τετειχισμένη

392 2098 658 2153 πάντοθεν
687 2090 843 2160 οὗτός
872 2100 1041 2159 ἐστιν,
1059 2097 1263 2157 ἐκεῖνος
1282 2093 1338 2148 δὲ
1362 2092 1551 2164 ὥσπερ
1578 2090 1733 2155 πόλις
1747 2088 2069 2160 ἀτείχιστος.

390 2187 657 2259 Μεγάλης
684 2184 876 2256 σοφίας
907 2184 968 2238 τὸ
1016 2181 1276 2237 δύνασθαι
1328 2178 1512 2251 φιλίας
1542 2173 1681 2232 εἶναι
1718 2176 2071 2247 δημιουργόν.

395 2274 587 2329 Ἀνελε
615 2273 715 2346 τὴν
745 2272 948 2343 φιλίαν,
971 2272 1066 2326 καὶ
1093 2269 1273 2324 πάντα
1297 2267 1531 2335 ἀνεῖλες,
1582 2267 1763 2322 πάντα
1796 2264 2069 2337 συνέχεες.

391 2363 457 2416 Εἰ
479 2362 534 2416 δέ
561 2360 725 2415 εἰκὼν
753 2359 935 2430 φιλίας
956 2357 1224 2425 τοσαύτην
1255 2355 1369 2427 ἔχει
1396 2357 1494 2428 τὴν
1525 2353 1699 2425 ἰσχὺν,
1726 2350 1865 2423 αὐτὴ
1886 2353 1920 2422 ή
1942 2351 2077 2423 ἀλή-

390 2450 514 2504 θεια
540 2450 681 2522 πόση
718 2467 804 2511 τις
823 2447 889 2501 ἂν
915 2447 1030 2518 εἴη;
1066 2443 1588 2513 Κατασκευάσωμεν
1614 2440 1796 2495 τοίνυν
1820 2441 1949 2511 ὑμῖν
1979 2439 2075 2508 φί-

389 2538 537 2603 λους,
567 2535 891 2611 παρακαλῶ,
922 2536 1015 2588 καὶ
1039 2533 1242 2605 ταύτην
1276 2531 1508 2595 ἕκαστος
1530 2529 1701 2600 ἐχέτω
1728 2527 1827 2600 τὴν
1855 2528 2070 2599 τέχνην.

404 2627 545 2681 Ἀλλ’
572 2627 703 2693 ἰδοὺ,
746 2625 934 2695 φησὶν,
964 2622 1074 2692 ἐγὼ
1098 2619 1404 2687 σπουδάζω,
1436 2620 1643 2682 ἐκεῖνος
1662 2617 1719 2671 δὲ
1747 2616 1810 2669 οὑ
1842 2615 2077 2673 σπουδά-

393 2714 498 2780 ζει.
530 2714 738 2769 Πλείων
761 2713 791 2766 ὁ
822 2710 1014 2779 μισθὸς
1037 2709 1209 2774 οὑτως
1235 2708 1389 2762 ἔσται
1428 2724 1530 2761 σοι.
1565 2705 1697 2769 Ναὶ,
1727 2705 1914 2775 φησὶν,
1938 2703 2075 2758 ἀλλά

391 2805 453 2858 τὸ
474 2804 707 2875 πρᾶγμα
743 2799 1164 2870 δυσκολώτερον.
1188 2796 1338 2863 Πῶς,
1367 2793 1488 2849 εἰπέ
1520 2810 1645 2864 μοι;
1686 2792 1819 2845 Ἰδοὺ
1850 2791 2076 2863 διαμαρ-

391 2890 630 2964 τύρομαι
685 2889 779 2944 καὶ
820 2887 984 2957 λέγω,
1036 2887 1118 2940 ὅτι
1172 2884 1306 2940 δέκα
1368 2883 1527 2955 μόνον
1571 2880 1668 2935 ἐὰν
1716 2879 2075 2950 συμφράξητε

393 2980 643 3046 ἑαυτοὺς,
677 2977 772 3033 καὶ
812 2974 973 3048 ἔργον
994 2973 1158 3030 τοῦτο
1191 2973 1323 3045 θῆτε
1349 2969 1603 3042 καθάπερ
1626 2969 1674 3023 οἰ
1698 2966 1990 3023 ἀπόστολοι
2015 2968 2076 3022 τὸ

459 3246 479 3271 ⁸
502 3248 635 3313 Ὅρα
649 3248 791 3298 αὑτὸν
810 3247 893 3297 καὶ
913 3246 991 3306 τά,
1017 3245 1086 3296 sic
1103 3244 1303 3308 quidam
1326 3244 1429 3295 am.

1485 397 1552 452 IN
1595 397 1778 454 ACTA
1810 395 2350 456 APOSTOLORUM.
2388 400 2622 458 ΙΙΟΜΙΙ...
2665 400 2805 457 XLI.

3730 399 3840 455 288

2167 517 2478 592 κηρύττειν,
2520 518 2774 590 καθάπερ
2798 517 2828 558 ι)
2874 517 2923 571 οί
2957 516 3237 590 προφῆται
3282 513 3349 570 τὸ
3375 515 3665 576 διδάσκειν,
3695 515 3840 568 οὕτω

2166 604 2260 659 καὶ
2287 607 2446 678 ἡμεῖς
2468 606 2529 660 τὸ
2551 606 2738 677 φίλους
2758 608 2955 672 ποιεῖν,
2998 605 3188 675 μισθὸς
3215 604 3366 658 ἔσται
3404 604 3599 674 μέγας.
3625 602 3841 656 Βασιλι-

2167 694 2270 759 κάς
2311 694 2522 758 εἰκόνας
2559 696 2692 766 ἡμῖν
2718 694 2899 758 αὐτοῖς
2927 691 3463 762 κατασκευάζωμεν·
3497 689 3659 744 τοῦτο
3698 689 3839 757 γνώ-

2171 799 2341 854 ρισμα
2387 780 2666 855 μαθητῶν.
2704 781 2815 836 Καὶ
2850 781 2968 846 πῶς
3001 780 3061 834 οὑ
3105 779 3288 852 μεῖζον
3317 777 3682 848 ἐργαζόμεθα,
3716 776 3750 846 ἢ
3796 777 3844 829 εἰ

2166 869 2396 941 δύναμιν
2428 870 2613 934 αὐτοῖς
2641 869 2952 942 ἐνετίθεμεν
2975 870 3204 943 νεκροὺς
3230 868 3475 938 ἀνιστᾷν;
3511 864 3583 918 Τὸ
3603 863 3845 935 διάδημα

2170 957 2266 1010 καὶ
2313 958 2346 1028 ή
2378 957 2639 1029 ἁλουργὶς
2681 958 2922 1012 δείκνυσι
2954 956 3044 1011 τὸν
3095 955 3341 1027 βασιλέα,
3371 955 3468 1007 καὶ
3504 952 3708 1006 τούτων
3745 951 3846 1004 οὐκ

2169 1044 2357 1107 ὄντων,
2403 1045 2508 1099 κᾶν
2536 1046 2715 1117 χρυσᾶ
2741 1044 2838 1117 ἔχῃ
2871 1045 3083 1116 ἱμάτια,
3119 1042 3274 1097 οὔπω
3305 1044 3334 1096 ὁ
3378 1039 3629 1113 βασιλεὺς
3667 1038 3843 1110 δῆλος.

2171 1132 2327 1187 υῦτω
2351 1133 2414 1207 δὴ
2443 1134 2536 1188 καὶ
2557 1134 2673 1199 νῦν,
2700 1136 2759 1188 τὸ
2784 1132 3073 1205 γνώρισμα
3105 1133 3168 1186 σὺ
3195 1130 3452 1201 ἐργάζου,
3472 1128 3567 1181 καὶ
3600 1127 3848 1197 ποιήσεις

2172 1222 2383 1294 σεαυτῷ
2412 1222 2600 1292 φίλους
2620 1222 2714 1276 καὶ
2742 1221 2944 1285 ἄλλοις.
2969 1220 3157 1282 Οὐδείς
3179 1220 3328 1271 ἐστιν
3356 1217 3505 1278 ὅστις
3528 1213 3850 1284 φιλούμενος

2172 1310 2391 1382 θελήσει
2419 1313 2616 1382 μισεῖν.
2650 1310 2927 1381 Μάθωμεν
2948 1307 3017 1363 τά
3041 1307 3331 1380 χρώματα,
3354 1306 3421 1358 δι’
3451 1298 3528 1358 ὧν
3555 1303 3848 1374 κεράννυν-

2170 1417 2280 1466 ται,
2305 1401 2373 1454 δι’
2390 1395 2465 1455 ὧν
2482 1398 2620 1471 αῦτη
2646 1399 2951 1454 συντίθεται
2972 1401 3004 1471 ἡ
3029 1395 3192 1452 εἰκών
3212 1413 3225 1426 ·
3256 1396 3657 1467 εὐπροσήγορον,
3675 1386 3847 1462 ὦμεν·

2176 1486 2251 1560 μὴ
2285 1488 2669 1560 περιμένωμεν
2692 1488 2819 1551 τοὺς
2842 1486 3087 1557 πλησίον.
3120 1485 3210 1555 Μὴ
3241 1484 3422 1556 εἴπῃς·
3457 1481 3585 1535 Ἐἀν
3607 1479 3702 1534 ῐδω
3727 1477 3851 1532 τινά

2173 1575 2558 1647 περιμένοντα,
2592 1575 2793 1648 χείρων
2834 1574 3005 1629 αὑτοῦ
3046 1573 3302 1643 γίνομαι·
3333 1568 3470 1624 ἀλλά
3498 1567 3697 1639 μᾶλλον
3723 1566 3854 1619 ὅταν

2176 1662 2313 1737 ἴδῃς,
2358 1663 2599 1735 πρόλαϐε
2634 1663 2731 1717 καὶ
2780 1663 2972 1717 σϐέσον
3010 1660 3175 1715 αὑτοῦ
3208 1658 3270 1713 τὸ
3312 1658 3503 1722 πάθος.
3532 1657 3696 1726 Ὁρᾷς
3751 1653 3852 1707 κά-

2182 1768 2402 1823 μνοντα,
2438 1751 2529 1806 καὶ
2583 1750 2872 1815 ἐπιτείνεις
2899 1749 2998 1821 τὴν
3024 1748 3220 1814 νόσονς
3254 1746 3427 1800 Τοῦτο
3481 1743 3714 1817 μάλιστα
3747 1740 3857 1812 πρὸ

2179 1838 2403 1894 πάντων
2435 1839 2903 1912 κατορθώσωμεν,
2937 1834 3093 1909 [508]
3123 1834 3184 1889 τὸ
3217 1832 3577 1906 προηγεῖσθαι
3612 1831 3680 1900 τῇ
3719 1829 3852 1898 τιμῇ

2179 1928 2443 1999 ἀλλήλους
2463 1945 2476 1958 ·
2503 1928 2566 1981 τὺ
2577 1926 2828 1999 ἡγεῖσθαι
2852 1925 3116 1997 ἀλλήλους
3135 1921 3501 1995 ὑπερέχοντας
3527 1915 3756 1978 ἑαυτῶν,
3780 1914 3855 1986 μὴ

2174 2015 2402 2087 νομίσῃς
2436 2012 2809 2068 ἐλαττοῦσθαι.
2837 2012 2934 2065 Ἂν
2967 2011 3075 2082 ἀρα
3104 2008 3398 2080 προηγήσῃ
3427 2006 3496 2076 τῇ
3523 2003 3682 2074 τιμῇ,
3717 2016 3854 2054 σαυ-

2173 2103 2265 2157 τὸν
2303 2103 2569 2173 ἐτίμησας
2592 2101 2775 2166 πλέον,
2808 2102 2888 2165 εἰς
2923 2099 2983 2153 τὸ
3012 2098 3170 2151 πλέον
3204 2094 3501 2167 τιμηθῆναι
3530 2087 3853 2158 ἐπισπώμε-

2174 2208 2284 2255 νος.
2334 2188 2617 2261 Πανταχοῦ
2660 2188 2769 2243 τῶν
2822 2187 3107 2261 πρωτείων
3147 2185 3354 2254 ἑτέροις
3411 2173 3853 2251 παραχωρῶμεν.

2173 2278 2360 2351 Μηδὲν
2388 2278 2498 2332 τῶν
2528 2279 2609 2342 εἰς
2652 2277 2803 2348 ἡμᾶς
2834 2273 3215 2348 εἰργασμένων
3263 2267 3451 2323 δεινῶν
3501 2261 3856 2351 μνημονεύωο

2178 2349 2300 2438 μεν,
2354 2366 2471 2420 ἀλλ’
2514 2365 2570 2419 ει
2608 2384 2663 2418 τι
2704 2363 2929 2434 ἀγαθόν.
2985 2361 3150 2416 Οὐδὲν
3187 2358 3328 2413 οὕτω
3366 2356 3511 2410 ποιεῖ
3561 2353 3734 2423 φίλον,
3784 2349 3860 2412 ὡς

2175 2454 2395 2525 γλῶσσα
2427 2455 2768 2527 εὐχάριστος,
2814 2450 2988 2522 στόμα
3039 2447 3307 2521 εὔφημον,
3335 2445 3483 2517 ψυχὴ
3516 2442 3737 2509 ἄτυφος,
3775 2454 3862 2491 κε-

2174 2541 2416 2610 νοδοξίας
2436 2540 2730 2613 ὑπεροψία,
2752 2539 2925 2611 τιμῆς
2951 2536 3381 2607 καταφρόνησις.
3408 2533 3506 2585 Ἂν
3534 2528 3711 2583 ταῦτα
3738 2544 3863 2580 κατ-

2174 2628 2526 2702 ορθώσωμεν,
2570 2626 2913 2700 δυνησόμεθα
2953 2622 3213 2693 γενέσθαι
3243 2621 3535 2691 ἀχείρωτοι
3573 2618 3699 2702 ταῖς,
3754 2630 3858 2702 πα-

2174 2699 2292 2786 γίσι
2313 2699 2419 2770 τοῦ
2452 2715 2726 2779 διαϐόλου,
2763 2713 2858 2767 καὶ
2891 2710 3031 2783 μετὰ
3063 2707 3353 2782 ἀκριϐείας
3417 2704 3518 2775 τὴν
3547 2700 3765 2786 ἀρετὴνῃ
3779 2699 3863 2750 δι-

2175 2779 2473 2862 ανύσαντες
2523 2796 2633 2851 τῶν
2687 2779 3114 2866 ἐπηγγελμένων
3141 2779 3382 2859 ἀγαθῶν
3407 2788 3521 2849 τοῖς
3576 2779 3862 2851 ἀγαπῶσιν

2179 2887 2341 2943 αὑτὸν
2386 2886 2688 2956 ἐπιτυχεῖν,
2725 2883 2909 2955 χάριτι
2942 2879 3039 2935 καὶ
3096 2873 3478 2948 φιλανθρωπίᾳ
3516 2869 3610 2926 τοῦ
3649 2866 3862 2956 Κυρίου

2176 2976 2335 3047 ἡμῶν
2373 2954 2847 3047 ἸησοῦηΧριστοῦ,
2880 2968 2998 3042 μεθ’
3032 2960 3094 3021 οῦ
3124 2964 3204 3036 τῷ
3242 2962 3440 3034 Πατρὶ,
3473 2960 3595 3047 ἅμα
3615 2956 3694 3047 τῶ
3720 2954 3863 3047 ἁγίῳ

2122 3090 2125 3091 ν
2179 3040 2480 3134 Ιῖνεύματι,
2511 3040 2660 3126 δόξα,
2685 3040 2907 3132 κράτος,
2936 3053 3096 3127 τιμὴ,
3132 3052 3227 3107 νῦν
3254 3049 3351 3105 καὶ
3373 3047 3482 3114 ἀεὶ,
3512 3045 3611 3100 καὶ
3635 3044 3716 3107 εἰς
3733 3040 3862 3104 τοὺς

2177 3149 2381 3214 αἰῶνας
2422 3148 2531 3202 τῶν
2563 3147 2798 3203 αἰώνων.
2839 3145 3038 3217 ’Δμῆν.

2241 3239 2270 3279 b
2301 3238 2435 3288 Unus
2458 3237 2723 3287 ἀπόστολοι
2755 3233 3067 3299 κηρύττοντες
3086 3229 3319 3293 καθάπερσ

506 3370 3748 3414 ______________________.______.._.____———-——

1946 3508 2193 3566 OMIAIA
2229 3506 2368 3565 MA'.

385 3620 700 3680 Εἰσελθὼν
727 3618 796 3674 δὲ
825 3619 913 3684 είς
935 3615 1054 3684 τὴν
1077 3610 1464 3684 συναγωγὴν,
1479 3604 1955 3684 ,ἐπαρρησιάζετο
1976 3603 2075 3684 ἐπί

462 3672 675 3765 ξλῆἑρὶιξ
694 3672 905 3765 τρεῖς,
931 3672 1356 3765 διαλεγόμενος
1387 3672 1497 3736 ’καὶ
1556 3672 1777 3735 πείθων
1812 3676 1886 3730 τὰ
1944 3672 2079 3743 περί

470 3754 583 3834 τῆς
604 3754 932 3828 βασιλείας
954 3758 1063 3812 τοῦ
1090 3754 1261 3811 Θεοῦ.

470 3863 541 3911 α’.
576 3856 716 3926 Ὅρα
739 3847 1010 3921 πανταχοῦ
1034 3845 1227 3901 ἑαυτὸν
1248 3839 1580 3897 είσωθοῦντα
1610 3838 1689 3903 εἰς
1708 3835 1808 3901 τάς
1837 3850 2082 3903 συναγω-

398 3945 527 4017 γάς.
563 3921 659 3998 καί
690 3939 864 4003 οὕτως
914 3935 1129 4002 ἐξιόντα
1153 3948 1168 3964 ο
1228 3927 1510 4001 πανταχοῦ
1563 3927 1680 4017 γάρ
1731 3926 1877 4017 παρ’.
1900 3921 2082 4017 αὑτῶν

399 4010 653 4089 ἐϐούλετο
686 4028 876 4084 λαϐεῖν
915 4021 1193 4096 ἀφορμὴν,
1223 4020 1362 4091 ὅπερ
1412 4017 1571 4089 ἐφην.
1608 4013 1691 4070 Τά
1716 4030 1778 4067 τε
1819 4011 1930 4083 γάρ
1953 4010 2080 4081 ἔθνη

400 4120 715 4196 παρεζήλου
763 4113 948 4170 λοιπὸν
974 4151 991 4178 ,
1054 4110 1151 4165 καὶ⁸
1219 4104 1520 4180 προθύμως
1594 4101 1920 4173 ἀπεδέχοντο
1981 4098 2083 4151 αύ-

397 4191 497 4270 τὺν
523 4226 571 4281 ι,
606 4191 673 4265 ἠοῖ
707 4226 766 4263 τε
810 4204 1079 4268 Ἰουδαῖοι,
1121 4200 1231 4255 τῶν
1282 4198 1454 4253 ἐθνῶν
1493 4195 1823 4268 δεχομένων,
1869 4191 2086 4265 μετενό-

396 4319 519 4357 ουν.
558 4276 842 4353 Ἐϐούλετο
896 4290 1203 4361 ἀποστῆσαι
1245 4286 1374 4350 τοὺς
1432 4281 1681 4356 μαθητὰς
1743 4279 1953 4333 ἐκεῖθεν
1993 4276 2087 4332 καὶ

400 4391 533 4464 παρ’
563 4386 743 4443 αὐτῶν
768 4381 956 4436 λαϐεῖν
1007 4379 1106 4450 τὴν
1152 4375 1349 4448 ἀρχὴν,
1380 4372 1522 4464 ὥστε
1585 4370 1660 4442 μὴ
1717 4366 2085 4437 συνάγεσθαι·

401 4456 497 4536 καί
527 4478 627 4548 οὐχ
645 4473 834 4537 ἁπλῶς
863 4468 1021 4525 τοῦτο
1051 4466 1246 4521 ἐποίει.
1295 4462 1394 4516 Διά
1421 4459 1581 4515 τοῦτο
1607 4458 1880 4526 διελέγετο
1906 4456 2091 4519 αὐτοῖς

404 4545 666 4638 συνεχῶς,
695 4565 779 4617 ὅτι
808 4556 1011 4613 ἔπειθε.
1046 4554 1138 4626 Μὴ
1161 4548 1256 4607 οῦν
1277 4549 1464 4638 ἐπειδή
1488 4545 1804 4638 παρρησίαν
1829 4545 2089 4615 ῆκουσας,

405 4630 722 4726 τραχύτητα
754 4647 985 4719 νομίσῃς
1007 4660 1024 4676 ο
1081 4642 1212 4714 περὶ
1243 4636 1501 4726 χρηστῶν
1553 4632 1894 4706 πραγμάτων
1919 4630 2092 4726 διελέ-

412 4717 557 4812 γετο..
591 4717 719 4812 περὶ
750 4717 1058 4808 βασιλείαςο
1107 4730 1191 4795 τίς
1219 4728 1320 4782 οὐκ
1349 4725 1416 4780 ἂν
1445 4725 1714 4796 ήκουσενς
1781 4720 1878 4812 :0;-
1909 4717 1977 4812 δέ
2008 4733 2092 4770 τι-

415 4802 552 4893 ἐπ’
580 4802 1029 4892 ἐσκληρύνοντο
1092 4814 1193 4870 καὶ
1254 4812 1569 4881 ἠπείθουν,
1615 4802 2097 4893 κακολογοῦντες

416 4887 533 4983 τὴν
556 4912 694 4967 ὁδὸν
709 4887 966 4966 ἐνώπιον
985 4904 1095 4960 τοῦ
1125 4900 1419 4970 πλήθους,
1449 4894 1722 4983 ἀποστὰς
1744 4892 1845 4947 ἀπ’
1870 4887 2089 4983 αὐτῶν,

410 4980 679 5073 (ig-=03!)de
730 4998 871 5065 τοὺς
913 4991 1205 5068 μαθητὰς,
1248 4987 1378 5044 καθ’
1414 4980 2092 5073 ἡμέραν-διαλεγόμενος

407 5064 483 5147 ἐν
509 5064 585 5157 τξῖ
624 5085 815 5157 σχολῇ
848 5064 1158 5153 Τυράννου
1188 5078 1370 5143 τινός.
1409 5073 1590 5129 Τοῦτο
1633 5067 1702 5124 δὲ
1728 5070 1966 5157 ἐγένετο
1993 5064 2095 5157 ἐπὶ

406 5185 515 5250 ἐτη
539 5155 839 5243 δύο,ὥστε
864 5172 1097 5236 πάντας
1123 5166 1266 5233 τοὺς
1286 5160 1719 5225 κατοικοῦντας
1742 5156 1860 5226 τὴν
1886 5155 2097 5210 Ἀσίαν

405 5244 668 5325 ἀκοῦσαι
696 5264 804 5320 τὸν
826 5263 1014 5332 λόγον
1038 5255 1144 5312 τοῦ
1176 5254 1399 5322 Κυρίου
1426 5248 1652 5319 Ἰησοῦ,
1670 5244 2000 5311 Ἰουδαίους
2032 5259 2098 5297 τε

405 5357 506 5411 καὶ
555 5356 890 5422 Ἕλληνας.
951 5345 1101 5401 Ὀδὸν
1160 5342 1220 5396 τὸ
1252 5343 1516 5411 κήρυγμα
1565 5336 1791 5398 εἰκότως
1847 5332 2096 5422 ἐκάλουν.

410 5448 622 5507 Ὄντως
646 5420 756 5512 γάρ
795 5436 937 5508 αῦτη
968 5437 1003 5507 ἡ
1036 5434 1155 5496 ὁδὸς
1203 5426 1272 5503 ῆν
1308 5431 1342 5499 ή
1392 5426 1684 5495 ἀπάγουσα
1708 5425 1790 5487 εἰς
1813 5421 1911 5493 τὴν
1931 5420 2100 5512 ’βασι-

404 5536 555 5592 λείαν
589 5507 698 5585 τῶν
725 5507 1017 5600 οὐρανῶν.
1051 5523 1156 5577 Ἐν
1198 5517 1273 5587 τῇ
1322 5514 1550 5585 σχολῇ,
1581 5512 1737 5583 φησὶ,
1794 5507 2099 5600 τυράννου

406 5622 574 5688 τινος
621 5596 942 5687 διελέγετο.
1000 5609 1108 5666 Καὶ
1148 5606 1325 5662 τοῦτο
1379 5602 1617 5676 ἐγένετο
1665 5600 1767 5654 ἐπὶ
1804 5598 1910 5667 ἐτη
1965 5596 2100 5663 δύο,

404 5684 564 5769 ὥστε
596 5684 832 5770 πάντας
859 5699 1121 5758 ἀκοῦσαι
1165 5695 1273 5750 τὸν
1312 5693 1501 5763 λόγον
1534 5688 1868 5753 Ἰουδαίους
1902 5703 1967 5741 τε
2000 5684 2103 5741 καὶ

409 5802 748 5865 ’Ἑλληνας.
783 5790 948 5862 Ὁρᾷς
978 5787 1143 5841 πόσον
1175 5784 1373 5855 ῆνυσεν
1400 5782 1434 5852 ή
1463 5776 1796 5840 ἐπιστασίας
1826 5774 1937 5829 Καὶ
1968 5774 2098 5827 ’1ου-

406 5890 543 5946 δαῖοι
572 5863 669 5939 καὶ
690 5881 956 5951 Ἕλληνες
985 5877 1199 5949 ῆκουον.
1224 5869 1514 5938 Δυνάμεις
1544 5883 1607 5921 τε
1637 5867 1709 5921 οὺ
1738 5863 1842 5931 τὰς
1882 5863 2095 5934 τυχού-

470 6053 489 6076 ⁹
513 6051 614 6107 ΑιῘὶ
640 6049 810 6102 λοιπὸν
833 6049 912 6097 καὶ
939 6045 1112 6113 ῥᾳδίως
1139 6042 1278 6092 αὐτὸν
1309 6041 1389 6090 ἐπε
1400 6039 1605 6094 δέξαντο.

2179 3617 2298 3669 σας
2321 3600 2511 3655 ἐποίει
2542 3601 2575 3653 ὁ
2605 3595 2750 3661 Θεὸς
2776 3592 2876 3647 διὰ
2902 3590 3022 3647 τῶν
3049 3589 3266 3660 χειρῶν
3293 3588 3563 3654 Παύλου,
3587 3585 3745 3642 ὥστε
3767 3585 3869 3641 καί

2178 3690 2277 3745 ἐπὶ
2307 3690 2448 3756 τοὺς
2476 3684 2891 3749 ἀσθενοῦντας
2915 3679 3303 3750 ἐπιφέρεσθαι
3347 3676 3469 3732 ἀπὸ
3501 3675 3609 3730 τοῦ
3640 3673 3869 3745 χρωτὸς

2179 3777 2367 3833 αὐτοῦ
2417 3773 2711 3843 σουδάρια
2763 3770 2802 3841 ἢ
2830 3768 3182 3841 σιμικίνθια,
3218 3763 3325 3817 παὶ
3355 3761 3868 3818 ἀπαλλάσσεσθαι

2181 3865 2284 3921 ἀπ’
2303 3863 2504 3921 αὐτῶν
2540 3861 2647 3929 τὰς
2690 3862 2940 3925 νόσους,
2971 3855 3045 3911 τά
3075 3872 3140 3910 τε
3179 3854 3491 3924 πνεύματα
3528 3850 3600 3905 τὰ
3634 3848 3867 3919 πονηρὰ

2181 3953 2530 4023 ἐξέρχεσθαι
2556 3951 2657 4007 ἀπ’
2686 3948 2905 4005 αὐτῶν.
2932 3945 3065 4018 Οὐχὶ
3095 3943 3387 4015 φοροῦντες
3415 3942 3652 4013 ἥπτοντο
3683 3938 3865 4011 μόνον,

2183 4042 2322 4097 ἀλλά
2351 4041 2444 4096 καὶ
2470 4039 2835 4112 λαμϐάνοντες
2885 4033 3225 4090 ἐπετίθεσαν.
3255 4031 3354 4085 Διά
3408 4029 3565 4084 τοῦτο
3593 4028 3694 4082 οὐκ
3723 4027 3809 4082 εἴα
3840 4029 3868 4080 ὁ

2185 4132 2420 4205 Χριστὸς
2459 4128 2715 4185 ἀπελθεῖν
2754 4127 2916 4183 αὑτὸν
2948 4126 3028 4187 εἰς
3060 4123 3161 4194 τὴν
3203 4120 3410 4186 Ἀσίαν,
3444 4116 3630 4190 τηρῶν
3680 4117 3868 4170 τοῦτον

2185 4204 2278 4276 τδν
2309 4219 2524 4292 καιρὸν,
2549 4217 2625 4281 ὡς
2663 4215 2836 4286 ἔγωγε
2885 4208 3059 4284 οἶμαι.
3107 4206 3545 4277 Ἐπεχείρησαν
3589 4204 3658 4292 δε
3709 4219 3869 4270 τινες

2187 4310 2305 4366 ἀπὸ
2339 4290 2458 4363 τῶν
2478 4302 2950 4376 περιερχομένων
2986 4296 3294 4355 Ἰουδαίων
3321 4290 3709 4363 ἐξορκιστῶν,
3737 4291 3870 4345 ὀνο-

2330 4414 2390 4453 ιν
2417 4397 2517 4451 ἐπὶ
2538 4394 2680 4460 τοὺς
2707 4392 2962 4462 ἔχοντας
2992 4385 3065 4441 τὰ
3092 4384 3406 4453 πνεύματα
3441 4378 3515 4435 τὰ
3544 4379 3778 4447 πονηρὰ
3803 4378 3871 4432 τὸ

2192 4465 2380 4557 ὑνομα
2403 4483 2512 4539 τοῦ
2535 4480 2688 4555 [509]
2715 4478 2935 4548 Κυρίου
2950 4472 3176 4543 Ἰησοῦ,
3202 4470 3485 4545 λέγοντες
3502 4487 3517 4500 ο
3538 4465 3875 4557 ’ρρκίζομεν

2191 4553 2349 4645 ὑμᾶς
2379 4572 2486 4627 τὸν
2511 4553 2776 4639 Ἰησοῦν,
2801 4566 2873 4620 ὃν
2898 4563 3141 4637 Παῦλος
3161 4559 3478 4628 κηρύσσει.
3510 4553 3666 4611 Οῦτω
3697 4554 3874 4609 πάντα

2194 4641 2410 4718 ἐποίουν
2437 4655 2822 4733 πραγματείας
2848 4653 3056 4707 ἕνεκεν.
3094 4649 3271 4718 Ὅρα⁸
3317 4642 3607 4699 πιστεῦσαι
3639 4641 3739 4714 μὲν
3774 4642 3877 4697 οὐκ

2196 4750 2411 4822 ῆθελον,
2442 4729 2530 4801 διά
2567 4745 2625 4799 δὲ
2667 4742 2759 4799 τοῦ
2794 4740 3057 4812 ὀνόματος
3083 4734 3276 4807 ἤθελον
3302 4732 3586 4822 ἐκϐάλλεὲι
3607 4731 3734 4822 τους
3759 4729 3877 4785 δαί-

2202 4814 2625 4912 μοναςξΒαϐαίῑ
2657 4832 2718 4887 τὸ
2764 4830 2936 4900 ὄνομα
2982 4826 3076 4881 τοῦ
3103 4824 3317 4879 Παύλου
3349 4822 3512 4875 πόσον
3542 4814 3611 4892 ἦν
3637 4820 3650 4873 !
3683 4815 3879 4873 Ἦσαν

2200 4907 2268 4982 δέ
2319 4941 2482 4991 τινες
2516 4920 2635 4977 υἱοὶ
2668 4916 2866 4975 Σκευᾶ
2909 4913 3204 4972 Ἰουδαίου
3258 4908 3576 4981 ἀρχιερέως
3623 4907 3775 4962 ἑπτὰ
3823 4908 3878 4961 οι

2200 5012 2374 5070 τοῦτο
2412 5011 2746 5076 ποιοῦντες.
2787 5001 3137 5073 Ἀποκριθὲν
3182 4999 3250 5054 δὲ
3287 4999 3351 5053 τὸ
3391 4997 3627 5068 πνεῦμα
3663 4996 3730 5050 τὸ
3774 5009 3881 5048 πο·

2201 5104 2407 5175 κηρὸν,
2430 5098 2600 5157 εἶπεν
2627 5096 2829 5164 αὐτοῖς
2848 5112 2865 5128 ο
2911 5092 3022 5149 Τὸν
3051 5088 3288 5160 Ἰησοῦν
3305 5084 3597 5158 γινώσκω,
3637 5082 3738 5138 καὶ
3773 5079 3880 5135 τὸν

2203 5170 2448 5249 Παῦλον
2481 5188 2823 5257 ἐπίσταμαι,
2850 5182 3021 5253 ὑμεῖς
3048 5179 3118 5234 δὲ
3160 5179 3326 5242 τινες
3350 5173 3491 5257 ἐστέ
3505 5189 3526 5238 ;
3560 5170 3668 5226 Καὶ
3694 5171 3880 5257 ἐφαι-

2197 5282 2455 5351 λομεν-ος
2478 5277 2569 5331 ἐπ’
2594 5255 2818 5339 αὐτοὺς
2849 5272 2883 5325 ὁ
2911 5269 3244 5338 ἄνθρωπος,
3273 5265 3344 5318 ὲν
3367 5256 3414 5329 ᾧ
3440 5258 3520 5333 ἦν
3544 5259 3612 5312 τὸ
3643 5255 3882 5326 πνεῦμα

2198 5379 2267 5434 τὸ
2291 5376 2581 5445 πονηρὸν,
2611 5373 2710 5428 καὶ
2734 5366 3218 5437 κατακυριεῦσαν
3249 5359 3468 5424 αὐτῶν,
3502 5358 3726 5425 Ζσχυσε
3751 5352 3882 5409 κατ’

2200 5465 2421 5530 αὐτῶν,
2437 5443 2609 5518 θῶστε
2633 5459 2903 5532 γυμνοὺς
2932 5455 3032 5510 καὶ
3062 5445 3685 5521 τετραυματισμένους
3700 5443 3880 5512 ἐκφυο

2207 5560 2330 5631 γεῖν
2349 5560 2419 5613 ἐκ
2441 5557 2548 5612 τοῦ
2573 5531 2742 5610 οἴκου
2763 5549 3020 5605 ἐκείνου.
3057 5543 3240 5600 Τοῦτο
3266 5539 3336 5594 δὲ
3353 5536 3593 5607 ἐγένετο
3607 5531 3882 5604 γνωστὸν

2202 5656 2394 5712 πᾶσιν
2430 5651 2741 5715 Ἰουδαίοις
2781 5664 2846 5701 τε
2897 5641 2997 5698 καί
3030 5642 3296 5706 Ἕλλησι
3350 5632 3476 5700 τοῖς
3533 5628 3883 5685 κατοικοῦσι

2195 5753 2313 5823 τὴν
2332 5753 2618 5822 Ἔφεσον.
2645 5742 2854 5801 Οὐκοῦν
2872 5736 3241 5798 λανθανόντως
3270 5729 3506 5796 ἐποίουν,
3534 5723 3654 5782 εἶτα
3677 5727 3882 5796 ἐκπομο

2195 5814 2425 5899 πεύεταί
2455 5836 2635 5893 αὐτῶν
2669 5837 2703 5906 ή
2747 5830 3024 5888 ἀσθένεια.
3076 5828 3184 5881 Καὶ
3229 5820 3492 5876 ἐπέπεσε
3537 5817 3739 5906 ,φόϐος
3781 5814 3883 5906 tu}

2193 5897 2425 5995 πάντας
2478 5897 2722 5989 αὐτοὺς,
2788 5919 2889 5974 καί
2949 5912 3351 5987 ἐμεγαλύνετο
3404 5907 3473 5961 τὸ
3524 5905 3714 5995 ὄνομα
3774 5897 3887 5995 τοῦ

2192 5984 2417 6086 Κυρίου
2445 5984 2922 6084 Ἰησοῦίπολλοί
2977 5984 3037 6059 τε
3066 5984 3209 6057 τῶν
3254 5989 3740 6053 πεπιστευκότων
3766 5984 3874 6057 ἧρ-
