4112 6468
371 367 478 421 '23!)

369 497 549 549 χογτο
571 477 882 545 ἐξομολογ-
902 477 1104 545 (qur-ro:
1131 475 1225 527 καί
1260 472 1737 543 ἀναγγέλλοντες
1766 468 1872 535 τὰς
1901 464 2046 534 πρά-

369 567 494 632 ξεις
521 564 738 618 αὐτῶν.
785 563 1004 632 Ἐπειδὴ
1036 562 1145 632 γὰρ
1194 561 1462 630 τοσαύτην
1500 559 1651 628 ἰσχὺν
1686 557 1864 627 ἔσχον,
1902 553 2044 606 ὥστε

369 653 455 705 δια
477 649 584 704 τῶν
629 650 919 720 δαιμονίων
946 648 1169 702 τοιαῦτα
1201 649 1397 710 ποιεῖν,
1438 645 1661 707 εἰκότως
1696 643 1868 696 ταῦτα
1897 639 2038 708 γίνε-

371 749 480 786 ται.
526 731 736 785 Ἱιιανοί
765 749 828 784 τε
880 731 996 783 τῶν
1027 730 1098 784 τὰ
1131 729 1411 797 περίεργα
1443 725 1800 796 πραξάντων
1826 738 2046 776 συνεν-

369 813 654 882 έγκαντες
682 815 786 879 τὰς
812 815 1087 880 βίϐλους,
1127 812 1443 866 κατέκαιον
1469 809 1726 864 ἐνώπιον
1779 805 2043 865 πάντων,

370 902 466 954 καὶ
499 901 938 973 συνεψήφισαν
971 902 1070 966 τὰς
1100 899 1268 973 τιμὰς
1293 897 1510 964 αὐτῶν,
1536 895 1631 950 καί
1657 889 1838 962 εὗρον
1870 893 2047 962 ἀργυ-

370 989 503 1054 ρίου
519 989 814 1058 μυριάδας
830 989 1031 1044 πέντε.
1065 987 1228 1040 Οὕτω
1255 985 1406 1039 κατὰ
1434 982 1652 1052 κράτος
1676 985 1708 1036 ὀ
1735 981 1918 1050 ,λόγος
1940 977 2047 1030 τοῦ

373 1076 595 1142 Κυρίου
624 1077 853 1144 ηὔξανε
888 1077 984 1131 καὶ
1025 1077 1260 1144 ἴσχυεν.
1295 1073 1538 1136 Ἰδόντες,
1575 1071 1656 1124 ὅτι
1681 1068 1834 1122 οὐδὲν
1867 1064 2046 1120 αὐτῶν

371 1161 562 1230 ὄφελος
599 1162 780 1216 λοιπὸν
812 1158 900 1232 ἦν,
953 1161 1310 1215 κατακαίουσι
1361 1159 1460 1223 τὰς
1492 1158 1751 1228 βίϐλουςει
1780 1173 1793 1186 ·
1834 1155 1922 1208 ὅτε
1955 1153 2048 1206 καὶ

373 1249 527 1302 αύτοί
556 1252 601 1302 οί
631 1239 881 1319 δαίμονες
904 1249 1078 1303 ταῦτα
1113 1248 1378 1302 ποιοῦσιν.
1417 1249 1529 1301 Οὐκ
1558 1246 1666 1317 ἄρα
1692 1244 1752 1298 τὸ
1794 1242 1965 1312 ὄνομά
1993 1258 2047 1295 τι

374 1339 536 1398 ποιεῖ,
569 1336 634 1388 ἂν
664 1337 738 1406 μὴ
771 1337 907 1406 μετά
937 1335 1172 1399 πίστεως
1200 1335 1446 1406 λέγηται.
1474 1331 1672 1395 Καλῶς
1703 1332 1811 1400 ἄρα
1841 1329 2044 1396 ἔλεγεν,

384 1423 446 1475 '0
471 1425 772 1477 πιστεύων
797 1426 881 1490 εἰς
929 1423 1055 1494 ἐμὲ.
1084 1424 1323 1493 μείζονα
1355 1420 1614 1488 ποιήσει,
1647 1419 1804 1472 τοῦτο
1833 1417 1896 1469 τὸ
1939 1415 2046 1469 τῶν

373 1510 541 1562 σκιῶν
566 1512 954 1581 αἰνιττόμενος.
987 1512 1129 1582 Ὅρα
1165 1510 1281 1574 πῶς
1312 1512 1425 1574 τοῖς
1459 1509 1644 1570 ὅπλοις
1685 1505 1808 1558 καθ’
1838 1502 2048 1557 ἑαυτῶν

371 1597 672 1668 ἐχρήσαντο
741 1598 847 1654 Καὶ
885 1597 1204 1666 διελέγετο,
1239 1599 1423 1668 φησὶν,
1478 1596 1548 1649 ἐν
1576 1592 1648 1662 τῇ
1682 1589 1882 1661 σχολῇ
1939 1594 2040 1644 Τυ-

363 1683 595 1750 ράννου
623 1686 783 1752 τινὸς
816 1687 915 1739 ἐπὶ
965 1687 1068 1753 ἐτη
1112 1685 1241 1740 δύο.
1296 1685 1464 1736 Ἔνθα
1518 1681 1699 1735 πιστοὶ
1745 1676 1905 1750 ἦσαν,
1953 1677 2046 1731 καὶ

376 1771 580 1840 σφόδρα
611 1771 809 1825 πιστοί.
843 1771 1029 1835 Οὕτως
1053 1771 1202 1824 οὐδὲν
1245 1771 1385 1841 μέγα
1414 1768 1664 1840 ἐνόμιζον
1692 1766 1784 1820 τὸν
1813 1763 2041 1836 Ἰησοῦν,

373 1857 454 1910 ὅτι
485 1859 576 1911 καὶ
599 1858 688 1915 τὸν
715 1859 924 1916 Παῦλον
954 1859 1363 1930 προσετίθεσαν,
1397 1857 1472 1922 ῶς
1504 1857 1667 1910 αὑτὸν
1701 1854 1874 1928 ταύτῃ
1905 1852 2045 1923 μέγα

370 1960 423 1995 τι
455 1944 765 2014 νομίζοντες
797 1941 956 2001 εἶναι.
991 1946 1172 2011 ’Ἄξιον
1219 1943 1454 2000 ἐνταῦθα
1495 1943 1796 2013 θαυμάσαι,
1856 1941 1974 2002 πῶς
2017 1941 2046 1993 ό

367 2030 576 2100 δαίμων
598 2033 657 2085 οὐ
690 2032 1023 2104 συνέπραξεν
1047 2035 1253 2097 ἐκεῖνος
1279 2035 1342 2104 τῇ
1366 2031 1473 2084 τῶν
1499 2028 1828 2100 ἐξορκιστῶν
1847 2027 2042 2098 πλάνῃ,

371 2116 507 2170 ἀλλά
538 2118 816 2190 διήλεγξεν
849 2120 1067 2184 αὐτοὺς,
1090 2120 1187 2173 καὶ
1218 2121 1317 2190 τὴν
1357 2119 1561 2189 σκηνὴν
1600 2116 1780 2170 αὐτῶν
1811 2114 2047 2185 φανερὰν

371 2205 644 2276 ἐποίησεν.
689 2205 845 2276 Ἐμοὶ
898 2206 1046 2259 δοκεῖ
1102 2202 1308 2276 σφόδρα
1354 2204 1648 2276 θυμωθεὶς,
1679 2203 1866 2274 ῶσπερ
1899 2202 1964 2256 ἂν
1997 2203 2050 2262 εἴ

370 2309 453 2353 τις
476 2294 602 2364 περί
624 2292 733 2346 τῶν
765 2293 1007 2363 ἐσχάτων
1024 2292 1367 2357 κινδυνεύων,
1390 2292 1496 2345 ὑπό
1521 2308 1666 2352 τινος
1699 2287 1917 2364 οἰκτροῦ
1951 2288 2046 2341 καὶ

370 2378 717 2451 ταλαιπώρου
747 2379 1096 2451 διελέγχοιτο,
1131 2384 1224 2434 καὶ
1272 2379 1448 2432 πάντα
1480 2380 1558 2443 εἰς
1587 2378 1791 2432 ἐκεῖνον
1831 2377 2046 2445 ἀφεῖναι

374 2464 623 2533 βούλεται
663 2465 755 2520 τὸν
783 2465 973 2537 θυμόν.
1026 2467 1142 2520 Ἵνα
1181 2466 1290 2537 γὰρ
1327 2466 1401 2537 μὴ
1435 2464 1560 2535 δόξῃ
1589 2461 2046 2538 καταφρονεῖσθαι

371 2553 432 2604 τὸ
452 2551 619 2622 ὄνομα
639 2553 732 2606 τοῦ
765 2552 962 2624 Ἰησοῦ,
989 2553 1252 2625 πρότερον
1281 2553 1647 2622 ὁμολογήσας,
1679 2551 1835 2604 τοῦτο
1858 2549 2046 2604 ἐλαϐεν

370 2639 636 2705 ἐξουσίαν.
680 2643 800 2696 Ὀτι
834 2642 942 2713 γὰρ
980 2643 1040 2696 οὐ
1077 2642 1169 2695 τοῦ
1203 2641 1465 2712 ὀνόματος
1493 2637 1560 2714 ἦν
1587 2639 1867 2700 ἀσθένεια,
1909 2638 2046 2693 ἀλλά

370 2731 468 2798 τῆς
497 2729 721 2785 ἐκείνων
745 2731 960 2800 ἀπάτης
981 2731 1041 2784 τὸ
1067 2731 1194 2797 πᾶν,
1220 2731 1315 2783 ἐπὶ
1337 2730 1553 2783 Παύλου
1578 2729 1666 2783 διὰ
1690 2729 1743 2782 τί
1777 2729 1852 2800 μὴ
1875 2727 2048 2782 ταῦτα

371 2817 698 2888 γεγένηται;
751 2818 860 2874 Καὶ
899 2819 1332 2889 ἐφαλλόμενος,
1381 2819 1564 2891 φησὶν,
1642 2821 1676 2872 ό
1737 2819 2047 2886 ἄνθρωπος

369 2904 462 2957 ἐπ’
492 2907 732 2972 αὐτούς.
769 2907 928 2970 Ἴσως
978 2905 1266 2977 διέρρηξεν
1322 2905 1500 2960 αὐτῶν
1555 2905 1624 2960 τὰ
1684 2906 1896 2974 ἱμάτια,
1954 2905 2046 2958 καὶ

381 2991 726 3062 προσήραξεν
751 2992 930 3048 αὐτῶν
950 2993 1050 3057 τὰς
1071 2991 1312 3062 κεφαλάς
1333 3009 1345 3021 ·
1383 2992 1541 3045 τοῦτο
1567 2992 1674 3062 γὰρ
1704 2991 1937 3061 ἐδήλωσε
1971 2990 2048 3059 τῷ

370 3080 568 3144 εἰπεῖν,
605 3079 1074 3147 Ἐφαλλόμενος·
1130 3079 1382 3138 τουτέστι
1433 3077 1572 3147 μετά
1631 3077 1812 3148 ῥύμης
1845 3079 2046 3149 ἐπιπη-

373 3164 562 3234 δήσας,
607 3164 748 3219 ὥστε
808 3165 993 3219 ἱκανὸν
1040 3162 1108 3236 ἦν
1145 3166 1304 3220 τοῦτο
1357 3165 1715 3236 ἐργάσασθαι.
1761 3164 1826 3217 Τί
1865 3165 2045 3228 ἐστιν,

387 3254 672 3319 Ἀποστὰς
697 3253 798 3307 ἀπ’
827 3253 1025 3308 αὐτῶν
1049 3253 1310 3323 ἀφώρισε
1334 3252 1474 3317 τοὺς
1499 3251 1802 3321 μαθητάς;
1837 3252 2048 3305 Ἐνὲκο-

374 3339 474 3408 ψεν
515 3340 715 3405 αὐτῶν,
751 3342 905 3411 φησί,
967 3341 1065 3410 τὴν
1098 3341 1442 3409 κακολογίαν.
1490 3338 1660 3392 Τοῦτο
1692 3338 1748 3392 δέ
1783 3341 1926 3391 ποιεῖ
1958 3338 2049 3392 καί

376 3428 692 3496 ἀφίσταται,
720 3429 841 3481 ἐπεὶ
870 3428 969 3481 ούκ
993 3426 1251 3497 ἠϐούλετο
1275 3423 1542 3480 ἐκκαῦσαι
1576 3425 1754 3479 αὐτῶν
1800 3425 1890 3478 τὸν
1916 3425 2049 3493 φθό-

377 3531 487 3579 νον,
517 3514 636 3568 ούδέ
664 3517 743 3580 εἰς
766 3514 881 3586 ἔριν
901 3514 1159 3586 ἐμϐαλεῖν
1183 3513 1426 3568 πλείονα.
1456 3513 1530 3567 Τὸ
1561 3512 1638 3576 δὲ,
1658 3511 2050 3580 Ἐπαρῤησιὰο

378 3601 526 3669 ζετο,
553 3602 724 3672 λέγει,
783 3603 958 3674 δηλῶν
992 3603 1072 3657 ὅτι
1107 3604 1201 3656 καὶ
1229 3601 1366 3674 πρὸς
1411 3599 1687 3665 κινδύνους
1711 3594 1779 3671 ἦν
1813 3615 2050 3668 παρατε-

375 3692 666 3762 ταγμένος,
700 3692 791 3745 καί¹
829 3690 1206 3762 φανερώτερον
1255 3688 1560 3758 διελέγετο,
1619 3687 1678 3740 οὐ
1745 3685 2050 3749 συσκιάζων

377 3779 445 3832 τὰ
476 3779 740 3848 δόγματα.
779 3778 1053 3832 Ἐντεῦθεν
1110 3778 1474 3848 μανθάνομεν,
1538 3775 1612 3846 μὴ
1661 3774 1828 3845 ὁμόσε
1875 3774 1905 3815 ιδ
1951 3791 2051 3844 χω-

380 3869 493 3937 ρεῖν
513 3867 622 3928 τοῖς
634 3865 1043 3932 κακολογοῦσιν,
1063 3865 1176 3918 ἀλλ’
1193 3863 1528 3934 ἀφίστασθαι
1545 3861 1698 3935 [510]
1715 3861 1912 3916 αὐτῶν.
1937 3862 2050 3916 Οὐκ

379 3953 746 4022 ἐκακολόγησε
806 3953 992 4016 κακῶς
1045 3953 1258 4006 ἀκούων
1309 3951 1404 4005 καὶ
1453 3951 1634 4014 αὐτὸς,
1703 3949 1839 4002 ἀλλά
1912 3950 2051 4021 μᾶλ-

379 4042 469 4094 λον
525 4040 793 4109 διελέγετο
848 4040 970 4101 καθ’
1013 4039 1260 4112 ἡμέραν,
1308 4038 1403 4093 καὶ
1453 4037 1625 4109 ταύτῃ
1688 4037 1918 4107 μάλιστα
1960 4037 2052 4090 οἰ-

381 4127 697 4201 κειούμενος
738 4129 866 4193 τοὺς
920 4128 1149 4192 πολλοὺς
1197 4127 1274 4198 τῷ
1329 4126 1513 4190 κακῶς
1549 4125 1727 4180 καίτοι
1753 4124 1989 4189 ἀκούσας
2023 4135 2046 4164 ο

385 4219 458 4288 μὴ
505 4218 852 4290 ἀποπηδῆσαι
905 4216 1040 4289 μηδὲ
1087 4216 1439 4286 χωρισθῆναι.
1492 4215 1604 4268 Καὶ
1656 4214 1870 4278 σκόπει,
1905 4216 2052 4267 ἐπει-

381 4305 444 4374 δὴ
489 4307 518 4358 ό
547 4303 655 4359 τῶν
702 4303 808 4370 ἔξω
837 4303 1142 4376 πειρασμὸς
1165 4303 1465 4368 ἐπαύσατο,
1493 4301 1599 4355 ἀπὸ
1635 4301 1742 4354 τῶν
1779 4300 2051 4371 δαιμόνων

384 4393 604 4462 ἤρξατο.
1595 4397 1598 4399 ’

467 4480 629 4550 Ὁρᾷς
669 4477 924 4550 πώρωσιν
961 4478 1287 4549 Ἰουδαῖκήν;
1313 4477 1392 4531 Τὰ
1425 4477 1615 4546 ἱμάτια
1644 4476 1806 4530 αὐτοῦ
1841 4475 2046 4539 ἰδόντες

387 4565 733 4637 ἐνεργοῦντα,
765 4567 827 4619 οὐ
857 4568 1163 4637 προσεῖχον.
1195 4567 1260 4620 Τί
1285 4566 1478 4620 τούτου
1512 4565 1696 4636 μεῖζον
1719 4564 1786 4618 ἂν
1813 4565 2050 4632 γένοιτο;

391 4656 517 4718 Τοῖς
547 4654 603 4706 δέ
632 4653 834 4726 μᾶλλον
869 4655 951 4717 εἰς
980 4655 1292 4708 τούναντίον
1322 4654 1603 4724 περιέστη.
1650 4654 1716 4707 Εἰ
1749 4671 1834 4717 τις
1874 4651 2054 4723 Ἐλλήο

379 4760 495 4796 νων
515 4743 755 4804 ἀπιστεῖ,
803 4740 900 4813 τὴν
940 4740 1096 4796 σκιὰν
1145 4743 1286 4813 ὁρῶν
1341 4742 1515 4796 ταῦτα
1564 4741 1941 4814 ἐργαζομένην
1966 4758 2055 4793 πιο

390 4828 642 4882 στευέτω.
673 4827 831 4882 Οὕτω
851 4828 927 4899 τῷ
965 4828 1025 4892 ἐξ
1059 4829 1234 4883 αὐτῶν
1262 4830 1563 4900 ἀποστῆναι
1602 4829 1652 4881 οἱ
1698 4828 1797 4899 μὲν
1829 4825 2057 4881 κακολο-

379 4915 610 4982 γοῦντες
642 4915 737 4968 καὶ
761 4915 1139 4978 διαϐάλλοντες
1164 4916 1226 4969 τὸ
1252 4917 1428 4986 δόγμα
1455 4915 1724 4986 ἡττῶνται
1751 4915 1930 4985 (τοῦτο
1949 4913 2056 4984 γάρ

390 5002 650 5058 ἐκάλεσεν
699 5000 874 5072 ὁδόν)·
909 5002 1072 5066 αὐτὸς
1125 5003 1182 5057 δέ
1243 5003 1560 5072 ἀφίσταται,
1615 5005 1692 5066 ὡς
1744 5004 1880 5074 μήτε
1934 5004 2058 5066 τοὺς

381 5088 640 5161 ,μαθητὰς
672 5089 1041 5160 ἀναχωρῆσαι,
1081 5090 1218 5160 μήτε
1249 5089 1488 5154 ἐκείνους
1515 5092 1594 5154 εἰς
1624 5089 1796 5161 θυμὸν
1826 5091 2056 5161 ἐγεῖραι,

376 5179 604 5243 -δεικνὺς
666 5177 940 5248 πανταχοῦ
996 5177 1390 5248 διωθουμένους
1443 5179 1544 5251 τὴν
1601 5179 1896 5250 σωτηρίαν.
1947 5177 2060 5232 Καὶ

387 5265 573 5320 λοιπὸν
605 5263 839 5319 ἐνταῦθα
868 5263 988 5318 οὐδὲ
1033 5264 1385 5334 ἀπολογεῖται
1416 5267 1617 5328 αὐτοῖς,
1658 5266 1753 5319 ἆτε
1786 5262 2060 5334 πανταχοῦ

383 5356 500 5409 τῶν
527 5353 697 5408 ἐθνῶν
745 5355 1173 5408 πιστευσάντων.
1222 5353 1333 5407 Καὶ
1374 5352 1702 5421 διαλέγεται.
1734 5352 1833 5422 οὐχ
1873 5351 2063 5416 ἁπλῶς

387 5443 482 5496 τὸν
507 5443 671 5495 τόπον
695 5441 955 5514 ζητήσας,
988 5441 1104 5495 ἀλλ’
1124 5440 1254 5494 ἔνθα
1284 5440 1446 5512 σχολὴ
1474 5435 1564 5511 ἦν,
1589 5439 1665 5502 ώς
1703 5438 2066 5507 ἐπιτηδειότε-

386 5547 490 5601 ρον
515 5531 604 5585 διὸ.
628 5530 689 5586 τό
709 5531 828 5585 ἐκεῖ
857 5529 1186 5600 συνάγεσθαι
1213 5540 1258 5584 ε.

458 5811 838 5886 ’Κατακαίουσι
860 5811 941 5886 τὰς
957 5815 1159 5886 βίϐλους
1196 5813 1341 5883 qcosl
1381 5812 1426 5886 ἱιι
1457 5809 1774 5886 ἠιιὼιιειίιιηι
1827 5807 1900 5886 rb
1933 5806 2065 5886 L‘nu's

436 5877 693 5935 ανθὰνομεν
737 5876 817 5922 καὶ
863 5869 997 5936 ἡμεῖς
1037 5878 1100 5934 μὴ
1139 5875 1300 5932 ὁμόσε.
1393 5876 1414 5903 ο
1457 5869 1538 5936 Sic
1572 5886 1698 5919 unus
1740 5877 1788 5918 cl
1826 5869 2060 5936 (ῖιιιιιηιρι.

436 5895 693 5935 ανυανομεν
737 5895 817 5922 και
863 5895 997 5936 ημειι,
1037 5895 1100 5934 μη
1139 5895 1300 5932 ομοσε.
1394 5895 1411 5903 "
1458 5895 1538 5922 nu;
1573 5895 1698 5919 unua
1740 5895 1788 5918 t'l
1826 5895 2060 5918 Lnllllllul.

396 5895 1032 6006 raliqllsi'nlerpﬁesﬁavil.
1061 5943 1113 5985 et
1135 5937 1300 5985 Μοιιιί.
1317 5949 1423 5984 cum
1451 5935 1619 5994 tribus,
1646 5937 1804 5988 κακῶς
1846 5933 2062 5994 πάσχειν,

403 6005 484 6052 καὶ
507 5996 733 6051 ἀκούσας.
765 5996 898 6045 Emr.

1182 359 1239 415 S.
1281 357 1566 414 JOANNIS
1605 345 2097 413 (IHIHSOSTOMI
2134 347 2452 404 ARCIIIEP.
2495 341 3037 403 CONSTANTINOP.

3706 339 3814 395 290

2224 463 2289 532 β’.
2313 463 2482 516 Βαϐαῖ
2509 464 2521 516 !
2553 462 2692 531 πόση
2720 460 2828 514 τῶν
2859 456 3263 512 πιστευσάντων
3294 453 3594 524 ἡδύναμις,
3613 453 3694 505 ὅτι
3722 447 3817 504 καὶ

2151 551 2356 622 ἑτέροις
2377 550 2470 602 τοῦ
2498 549 2566 602 τὰ
2602 548 2742 602 αὐτά
2785 548 2959 600 ποιεῖν
2996 541 3242 612 γίνεταιι
3291 540 3432 609 πόση
3460 539 3516 592 δὲ
3561 538 3816 607 πώρωσις

2148 638 2255 692 τῶν
2293 637 2386 690 καὶ
2417 636 2556 708 μετά
2583 636 2680 708 τὴν
2709 634 2977 698 ἀπόδειξιν
3006 633 3105 702 τῆς
3125 630 3403 700 δυνάμεως
3435 627 3514 681 ἔτι
3546 628 3815 698 μενόντων

2146 728 2211 797 τῇ
2238 725 2500 792 ἀπιστίαι
2531 725 2742 795 Ὥσπερ
2762 721 2857 776 οὖν
2880 724 3061 792 Σίμων
3102 719 3369 791 ἐμπορίας
3405 717 3592 770 ἓνεκεν
3632 716 3812 784 ἐζήτει

2146 812 2238 865 τοῦ
2271 811 2588 882 Πνεύματος
2629 811 2731 880 τὴν
2766 811 2954 881 χάριν,
2995 808 3136 863 οὕτω
3192 809 3286 860 καί¹
3331 798 3474 858 οῦτοι
3522 804 3614 856 τοῦ
3645 801 3813 857 αὑτοῦ

2146 901 2336 964 τούτου
2387 900 2572 953 ἐνεκεν
2617 898 2772 952 τοῦτο
2819 897 3054 952 ἐποίουν.
3089 896 3238 966 Πόση
3289 894 3576 966 πώρωσιςῖ
3620 891 3733 956 Καὶ
3762 891 3814 942 τί

2147 988 2344 1059 δήποτε
2366 989 2393 1040 ό
2417 987 2626 1050 Παῦλος
2651 987 2750 1038 οὐκ
2779 986 3040 1056 ἐπιτιμᾷ;
3071 984 3194 1037 ’Ὀτι
3216 981 3394 1047 ἔδοξεν
3425 981 3491 1034 ἂν
3519 979 3815 1050 βασκανίας

2149 1071 2365 1130 εἶναιτὸ
2388 1077 2620 1146 πρᾶγμα
2651 1092 2663 1106 ·
2704 1073 2792 1126 διὰ
2834 1072 2991 1126 τοῦτο
3039 1073 3403 1143 οἰκονομεῖται
3447 1067 3611 1123 οὓτω.
3645 1067 3816 1120 Τοῦτο

2149 1164 2244 1216 καὶ
2268 1165 2361 1215 ἐπὶ
2382 1161 2476 1216 τοῦ
2507 1160 2741 1233 Χριστοῦ
2764 1159 3011 1229 γέγονεν·
3038 1159 3173 1213 ἀλλά
3201 1158 3321 1210 τότε
3345 1157 3442 1226 μὲν
3465 1155 3526 1208 ού
3548 1153 3814 1208 κωλύεται

2149 1250 2325 1322 (ἀρχὴ
2377 1249 2486 1320 γὰρ
2544 1249 2651 1302 τῶν
2702 1247 3040 1318 πραγμάτων
3097 1241 3239 1317 ἦν)·
3288 1245 3411 1296 ἐπεὶ
3459 1244 3552 1296 καί.
3615 1241 3814 1306 Ἰούδας

2151 1337 2397 1391 κλέπτων
2425 1337 2525 1390 οὐκ
2545 1334 2811 1388 ἐκωλύετο
2827 1332 2854 1373 ἀ
2871 1352 2883 1365 ·
2931 1333 3178 1397 Ἀνανίας
3207 1332 3263 1386 δέ
3288 1331 3383 1384 καὶ
3411 1331 3696 1399 Σάπφειρα
3721 1329 3814 1382 καὶ

2150 1423 2495 1495 ἀνῃρέθησαν
2521 1440 2534 1453 ·
2572 1421 2665 1476 καὶ
2700 1421 2884 1475 πολλοί
2921 1419 3161 1473 Ἰουδαῖοι
3189 1419 3288 1487 μὲν
3316 1418 3410 1474 καὶ
3433 1417 3812 1487 ἀνθιστάμενοι

2148 1514 2299 1568 οὐδὲν
2339 1513 2595 1584 ἔπασχον,
2635 1511 2872 1581 Ἐλύμας
2902 1511 2959 1563 δὲ
2997 1509 3304 1579 ἐτυφλώθη.
3341 1511 3422 1564 Οὐ
3458 1508 3568 1577 γὰρ
3601 1504 3810 1578 ἦλθον,

2149 1602 2334 1672 φησιν,
2389 1601 2489 1654 ἵνα
2539 1603 2720 1672 κρίνω
2771 1598 2878 1653 τόν
2928 1599 3182 1670 κόσμον,
3234 1597 3384 1652 ἀλλ’
3432 1597 3532 1650 ἵνα
3580 1593 3745 1664 σωθῇ
3781 1599 3814 1650 ό

2148 1693 2396 1760 κόσμος.
2436 1692 2577 1761 Ὅρα
2609 1689 2863 1760 μιαρίανί
2914 1686 3152 1741 Ἰουδαῖοι
3178 1686 3430 1757 μένοντες
3458 1685 3561 1747 ἔτι,
3595 1684 3701 1738 ἀπὸ
3721 1684 3814 1738 τοῦ

2149 1778 2413 1848 ὀνόματος
2452 1775 2813 1850 χρηματίζειν
2846 1773 3068 1846 ἦθελον·
3105 1773 3245 1827 ὥστε
3287 1773 3463 1827 πάντα
3495 1773 3632 1843 πρὸς
3659 1771 3816 1837 δόξαν

2148 1865 2366 1920 ἐποίουν
2394 1866 2488 1918 καί.
2540 1863 2828 1935 πορισμόν.
2877 1861 2987 1915 Θέα
3038 1859 3314 1931 πανταχοῦ
3367 1861 3464 1930 οὐχ
3517 1859 3660 1913 οὕτω
3691 1859 3815 1921 τοὺς

2147 1951 2467 2020 ἀνθρώπους
2501 1951 2996 2021 ἐπιστρεφομένους
3018 1949 3125 2004 ἀπὸ
3153 1947 3262 2001 τῶν
3289 1947 3565 2019 χρηστῶν,
3601 1948 3676 2010 ὡς
3708 1946 3816 2000 ἀπὸ

2147 2038 2255 2092 τῶν
2286 2037 2551 2110 φοϐερῶν.
2594 2038 2719 2091 Ἐπὶ
2747 2036 3061 2107 Σαπφείρας
3105 2035 3267 2105 φόϐος
3299 2034 3569 2088 ἐπέπεσεν
3596 2035 3688 2086 ἐπί
3719 2033 3816 2104 τὴν

2161 2126 2507 2197 Ἐκκλησίαν,
2530 2126 2625 2179 καὶ
2651 2125 2750 2180 ούκ
2772 2123 3012 2194 ἐτόλμων
3037 2122 3327 2177 κολλᾶσθαι
3345 2123 3552 2184 αὐτοῖς·
3584 2119 3816 2174 ἐνταῦθα

2153 2213 2409 2284 σουδάρια
2435 2215 2528 2266 καὶ
2557 2210 2863 2282 σιμικίνθια
2900 2211 3202 2281 ἐλάμϐανον
3229 2209 3322 2263 καὶ
3348 2208 3526 2272 ἰῶντο,
3559 2208 3656 2262 καί¹
3678 2209 3817 2278 μετά

2149 2301 2306 2356 τοῦτο
2334 2302 2455 2355 τότε
2489 2297 2652 2372 ἦλθον
2681 2298 3158 2372 ἐξομολογούμενοι
3194 2299 3293 2361 τὰς
3324 2297 3594 2367 ἁμαρτίας
3615 2296 3813 2352 αὐτῶν.

2161 2391 2294 2444 Ἀπὸ
2319 2390 2415 2445 τοῦ
2441 2391 2763 2460 ἐφάλλεσθαι
2793 2389 3066 2442 δείκνυται
3100 2387 3208 2442 τῶν
3239 2387 3510 2456 δαιμόνων
3536 2387 3570 2457 ὴ
3589 2385 3817 2456 δύναμις
3924 2460 3927 2461 ν

2153 2477 2364 2548 μεγάλη
2388 2495 2470 2541 τις
2506 2475 2659 2543 οὖσα,
2699 2481 2826 2534 ὅταν
2870 2475 3005 2548 πρὸς
3037 2475 3298 2538 ἀπίστους
3345 2473 3467 2547 ἐχῃ.
3503 2473 3613 2527 Καὶ
3636 2472 3724 2526 διὰ
3766 2473 3817 2526 τί

2152 2566 2226 2637 μὴ
2255 2561 2502 2636 εἷπε,τίς
2543 2567 2690 2618 ἐστιν
2744 2568 2773 2618 ὁ
2813 2562 3039 2636 Ἰησοῦς,
3089 2562 3148 2615 τὸ
3202 2560 3420 2631 πνεῦμα
3454 2561 3514 2614 τὸ
3552 2559 3812 2630 πονηρὸν,

2147 2653 2262 2706 ἀλλ’
2292 2647 2413 2706 εἷπε
2444 2652 2642 2723 μᾶλλον
2675 2651 2744 2708 τά
2799 2651 3036 2722 ἀνόνητα
3087 2651 3346 2722 Mutata;
3399 2647 3696 2718 Ἐφοϐεῖτο,
3743 2648 3818 2718 μὴ

2149 2742 2243 2795 καὶ
2268 2740 2429 2804 αὐτὸς
2460 2739 2617 2812 δίκην
2664 2739 2771 2810 δῷ·
2807 2739 2924 2812 ᾔδει
2982 2738 3112 2810 γάρ,
3171 2739 3252 2793 ὅτι
3292 2735 3353 2790 τὸ
3398 2737 3818 2808 συγχωρηθῆναι

2151 2829 2299 2902 αὐτῷ
2325 2830 2568 2894 ἐκείνους
2595 2828 2932 2908 ,ἀμύνασθαι
2991 2828 3119 2890 τοὺς
3177 2825 3616 2890 κατωπαίζοντας
3658 2824 3817 2878 αὐτοῦ

2149 2917 2305 2971 τοῦτο
2337 2917 2400 2970 τὸ
2429 2907 2611 2987 ὄνομα
2633 2915 2924 2986 πεποίηκε.
2950 2915 3050 2968 Διά
3074 2915 3127 2968 τί
3148 2913 3206 2967 δέ
3231 2915 3328 2968 καὶ
3354 2915 3402 2966 οἱ
3432 2911 3606 2967 ἄθλιοι
3639 2911 3714 2983 μὴ
3742 2907 3820 2964 εἰ-

2152 3023 2252 3059 πον
2285 3005 2458 3075 αὐτῷ,
2513 3004 2880 3075 Πιστεύομενς
2938 3003 3311 3056 Ἐδεδοίκεσαν
3365 3001 3609 3056 Παῦλον·
3644 3000 3820 3054 καίτοι

2153 3095 2306 3164 πόσῳ
2336 3092 2534 3163 μᾶλλον
2573 3091 2943 3164 λαμπρότεροι
3001 3090 3068 3144 ἂν
3116 3087 3256 3162 ἦσαν
3285 3089 3444 3145 τοῦτο
3472 3089 3734 3152 εἰπόντες,
3769 3087 3823 3140 εἰ

2150 3198 2214 3248 γε
2245 3179 2591 3251 ᾠκειώσαντο
2637 3178 2803 3232 αὐτοῦ
2850 3177 2947 3249 τὴν
2998 3178 3344 3243 δεσποτείαν;
3382 3176 3591 3239 Ἀλλως
3633 3193 3692 3229 τε
3725 3177 3821 3229 καὶ

2149 3269 2211 3322 τὸ
2257 3270 2313 3321 ἐν
2363 3267 2651 3332 Φιλίπποις
2700 3267 2994 3338 γενόμενον
3045 3268 3141 3320 καὶ
3194 3267 3418 3332 τούτους
3463 3267 3816 3340 ἐσωφρόνισε.

2153 3358 2223 3412 Σὺ
2256 3357 2312 3410 δέ
2343 3375 2432 3428 μοι
2477 3357 2666 3411 σκόπει
2717 3356 2812 3410 τοῦ
2873 3356 3231 3428 συγγραφέιιις
3276 3356 3511 3411 ἐνταῦθα
3538 3356 3600 3410 τὸ
3651 3358 3821 3409 ἀνεπ-

2151 3446 2333 3516 αχθὲς,
2367 3445 2460 3498 καὶ
2487 3444 2602 3507 πῶς
2631 3444 2870 3516 ἱστορίαν
2899 3444 3056 3515 μόνον
3085 3445 3306 3514 γράφει,
3329 3444 3423 3498 καὶ
3439 3445 3498 3497 ού
3523 3443 3817 3498 διαϐάλλει.

2149 3533 2302 3606 [511]
2332 3533 2500 3586 Τοῦτο
2522 3534 2646 3596 τοὺς
2691 3532 3018 3594 ἀποστόλους
3041 3531 3216 3585 ἐποίει
3247 3531 3616 3601 θαυμαστούς.
3664 3530 3823 3584 Ἀλλὰ

2151 3621 2296 3684 τίνος
2315 3615 2456 3692 ἦσαν
2491 3620 2617 3684 υἱοὶ,
2646 3619 2706 3673 τὸ
2731 3619 2904 3691 ὄνομα
2953 3619 3100 3688 λέγει
3153 3619 3250 3673 καὶ
3298 3613 3392 3672 τὸν
3423 3618 3654 3691 ἀριθμόν
3681 3635 3694 3648 ·
3753 3619 3822 3672 δι-

2150 3707 2274 3772 δοὺς
2303 3711 2416 3772 τοῖς
2448 3709 2568 3763 τότε
2614 3708 2916 3782 τεκμήριον
2953 3706 3264 3772 ἀξιόπιστον
3297 3699 3371 3760 ὧν
3410 3705 3638 3776 ἔγραφε.
3668 3706 3824 3770 Τίνος

2151 3794 2208 3847 δὲ
2238 3795 2424 3849 ἕνεκεν
2473 3795 2567 3848 καὶ
2597 3795 3000 3866 ,περιήρχοντος
3045 3792 3345 3864 Ἐμπορίας
3381 3793 3541 3864 χάριν
3563 3811 3576 3823 ·
3624 3794 3683 3846 ού
3715 3793 3822 3863 γὰρ

2151 3881 2216 3953 δὴ
2267 3882 2358 3935 τὸν
2406 3880 2564 3951 λόγον
2615 3879 3076 3948 καταγγέλλοντες
3098 3896 3113 3910 ο
3171 3878 3289 3940 πῶς
3333 3879 3471 3950 γάρ;
3522 3879 3718 3943 Καλῶς
3766 3880 3825 3932 δέ

2151 3969 2373 4040 ἔτρεχον
2421 3967 2627 4031 λοιπὸν,
2673 3965 3033 4038 κηρύττοντες
3074 3965 3154 4018 δι’
3197 3957 3272 4021 ὧν
3335 3964 3600 4034 ἔπασχον.
3661 3965 3825 4021 Ὅθεν

2150 4055 2310 4110 τοῦτο
2336 4054 2530 4126 δηλῶν,
2549 4053 2660 4110 Καὶ
2678 4053 2936 4123 ἐγένετο,
2969 4052 3124 4124 φησὶ,
3147 4051 3421 4122 γνωστὸν
3445 4051 3636 4108 πᾶσιν
3668 4052 3827 4108 Ἰου-

2151 4143 2343 4210 δαίοις
2369 4160 2433 4198 τε
2457 4143 2558 4197 καὶ
2590 4143 2857 4210 "Ellum
2881 4139 3005 4207 τοῖς
3029 4139 3374 4194 κατοικοῦσι
3398 4140 3513 4207 τὴν
3533 4141 3822 4209 Ἔφεσον.

2152 4232 2325 4286 Τοῦτο
2345 4231 2466 4302 οὐχὶ
2494 4232 2589 4285 καὶ
2633 4232 2760 4296 τοὺς
2796 4229 3265 4300 σκληρυνομένους
3297 4227 3622 4298 ἐπιστρέψαι
3660 4229 3823 4299 ῶφει-

2113 4361 2116 4363 »
2153 4325 2266 4387 λεν,
2291 4322 2416 4378 εἰπὲ
2471 4338 2597 4393 μοι;
2655 4321 2794 4380 Ἀλλ’
2831 4321 2932 4373 οὐκ
2978 4318 3302 4390 ἐπέστρεψε.
3354 4319 3464 4370 Καὶ
3510 4319 3586 4390 μὴ
3617 4319 3824 4389 θαυμά-

2158 4428 2255 4484 σῃς
2287 4427 2299 4440 ·
2341 4410 2442 4480 τὴν
2467 4408 2577 4480 γὰρ
2609 4409 2810 4463 κακίαν
2843 4407 2996 4461 οὐδὲν
3043 4405 3236 4461 πείθει.
3293 4405 3430 4474 Φέρε
3468 4404 3525 4458 δὲ
3580 4408 3671 4459 καὶ
3693 4407 3821 4459 αὐτὸ

2155 4501 2214 4554 τὺ
2248 4499 2355 4554 τῶν
2387 4498 2716 4570 ἐξορκιστῶν
2756 4495 2955 4566 ἴδωμεν
3007 4496 3138 4566 ὅσης
3181 4493 3297 4546 ἐστὶ
3334 4493 3549 4557 κακίας.
3593 4491 3818 4554 Τίνοςδὲ

2158 4590 2346 4642 ἕνεκεν
2407 4588 2500 4640 ἐπὶ
2557 4585 2654 4639 τοῦ
2703 4583 2942 4656 Χριστοῦ
2998 4582 3156 4637 τοῦτο
3210 4582 3286 4653 μὴ
3333 4581 3571 4650 γέγονεν,
3621 4579 3807 4648 ἐτέρου

2159 4675 2374 4749 καιροῦ,
2403 4675 2498 4728 καὶ
2530 4676 2591 4728 οὐ
2620 4673 2714 4727 τοῦ
2757 4672 3025 4743 παρόντος
3054 4669 3319 4741 ζητῆσαι·
3359 4668 3493 4739 πλὴν
3525 4667 3606 4720 ὅτι
3642 4663 3820 4726 καλῶς

2158 4763 2319 4817 τοῦτο
2362 4760 2594 4817 ἐνταῦθα
2653 4761 2845 4828 γέγονε
2901 4757 2995 4811 καὶ
3031 4755 3340 4828 χρησίμως.
3395 4753 3548 4825 Ἐμοὶ
3600 4751 3655 4804 δὲ
3681 4751 3826 4804 δοκεῖ

2160 4851 2523 4924 χλευάζοντας
2567 4848 2767 4910 αὐτοὺς
2809 4845 2970 4899 τοῦτο
3017 4845 3224 4898 ποιεῖν·
3266 4843 3389 4897 ὅθεν
3436 4839 3824 4912 τιμωροῦνται,

2161 4942 2300 4995 ὥστε
2329 4939 2423 4993 καί
2449 4937 2557 4993 ἀπὸ
2588 4935 2778 4990 τούτου
2811 4933 3014 5004 μηδένα
3067 4932 3271 5004 τολμᾷν
3308 4929 3444 5002 μηδὲ
3483 4929 3560 4992 ῶς
3584 4928 3740 4998 ἔτυχε
3769 4928 3828 4980 τὸ

2161 5020 2334 5099 ὄνομα
2354 5025 2642 5097 ὀνομάζειν
2669 5022 2874 5076 λοιπόν.
2904 5020 3074 5075 Τοῦτο
3099 5020 3325 5083 πολλοὺς
3358 5018 3467 5072 τῶν
3501 5016 3827 5070 πιστευσάν-

2161 5134 2270 5169 των
2314 5115 2391 5177 είς
2438 5112 2828 5182 ἐξομολόγησιν
2875 5110 3083 5180 ἤγαγεο
3120 5108 3278 5161 τοῦτο
3318 5105 3412 5159 καὶ
3453 5104 3616 5174 φόϐον
3648 5103 3829 5166 αὐτοῖς

2163 5203 2402 5266 ἐνέϐαλε,
2433 5202 2526 5255 καί
2556 5199 2648 5254 τοῦ
2670 5198 2846 5252 πάντα
2874 5197 3072 5249 εἰδέναι
3101 5197 3190 5252 τὸν
3224 5195 3356 5249 Θεὸν
3393 5194 3650 5265 μέγιστον
3676 5191 3830 5244 τοῦτο

2163 5293 2463 5364 τεκμήριον
2481 5290 2698 5360 γέγονε.
2728 5287 2865 5358 Πρὶν
2885 5285 2916 5356 ἢ
2940 5285 3043 5338 ὑπὸ
3061 5285 3170 5339 τῶν
3193 5284 3460 5354 δαιμόνων
3485 5280 3828 5350 ἐλεγχθῆναι.

2166 5381 2377 5436 ἑαυτῶν
2407 5377 2770 5450 κατηγόρουν,
2806 5372 3129 5443 φοϐούμενοι
3157 5371 3232 5443 μὴ
3262 5370 3334 5423 τὰ
3363 5369 3504 5423 αὺτά
3539 5368 3783 5422 πάθωσιν
3815 5381 3828 5395 ·

2167 5469 2412 5532 εἰκότως.
2451 5468 2620 5520 Ὅταν
2661 5464 2768 5537 γὰρ
2801 5463 2852 5516 οί
2889 5459 3208 5532 βοηθοῦντες
3249 5459 3500 5528 δαίμονες
3543 5456 3834 5524 κατήγοροι

2168 5557 2350 5612 αὐτῶν
2379 5550 2510 5621 ὦσι,
2542 5555 2636 5608 καὶ
2659 5554 2718 5606 ού
2753 5551 3056 5620 σύμμαχοι,
3091 5549 3221 5600 ποία
3263 5547 3449 5600 λοιπὸν
3479 5545 3654 5608 ἐλπὶς,
3688 5542 3720 5613 ἢ
3748 5541 3834 5594 διὰ

2166 5647 2276 5700 τῶν
2330 5644 2507 5716 ἐργων
2566 5640 2990 5712 ἐξομολόγησις;
3023 5636 3165 5704 Ὅρα
3219 5633 3276 5686 δέ
3329 5627 3418 5686 οία
3475 5633 3614 5704 μετά
3643 5627 3837 5716 μικρὸν

2171 5737 2380 5805 γίνεται
2418 5730 2563 5787 κακά
2589 5771 2601 5795 ,
2641 5728 2901 5783 τοιούτων
2948 5722 3187 5796 σημείων
3235 5722 3565 5793 γενομένων.
3603 5713 3837 5787 Τοιαύτη

2239 5983 2266 6023 ιῖ
2296 5984 2429 6034 Unus
2455 5982 2509 6030 οὐ
2531 5979 2786 6028 κωλύεται.
