4112 6440
417 404 521 463 ἨΘ

419 527 609 580 contra
636 527 752 579 eos,
794 510 866 566 ita
892 513 955 565 ut
979 500 1105 562 nudi
1132 507 1188 557 et
1206 494 1373 554 saucii
1417 490 1714 562 eﬁ’ugercnt
1756 484 1825 539 de
1849 481 2011 536 domo

420 616 537 672 illa.
566 612 656 669 17.
690 608 805 665 lloc
831 611 1011 660 autem
1042 603 1228 659 notum
1259 590 1459 646 factum
1503 592 1588 642 est
1612 579 1813 638 Iudaeis
1843 586 2008 644 atque

422 664 736 780 gentilibus,
777 697 869 768 qui
921 689 1235 748 habitabant
1278 679 1499 754 Ephesi.
1531 696 1553 730 ι
1588 675 1753 746 lgitur
1778 668 1916 724 clam
1939 664 2013 719 fa-

424 755 664 859 :iehant,
692 755 892 849 deinde
934 783 1204 853 divulgata
1253 783 1339 833 est
1377 773 1592 828 illorum
1618 763 1922 822 inﬁrmitas.
1949 755 2018 811 Et

426 890 611 946 cecidit
641 855 793 943 timor
817 893 974 950 super
1001 888 1176 932 omnes
1222 869 1363 934 illos,
1406 874 1452 923 et
1475 855 1901 932 magniﬁcabatur
1920 865 2016 905 no-

430 943 544 1039 men
570 975 783 1034 Domini
808 943 956 1028 Iesu.
983 968 1071 1024 l8.
1118 961 1371 1031 Multique
1397 952 1708 1012 credentium
1738 943 2016 1007 veniebant,

431 1075 731 1144 conﬁtentes
757 1077 805 1123 et
854 1060 1217 1119 annuntianm
1265 1060 1409 1111 actus
1464 1061 1603 1104 suos.
1657 1039 1792 1112 Quia
1822 1045 2022 1093 tantam

436 1128 761 1239 potestatem
814 1152 1107 1215 habebant,
1139 1156 1200 1203 ut
1242 1159 1343 1216 per
1395 1134 1660 1196 daemonia
1715 1131 1836 1186 talia
1879 1128 2022 1183 face-

435 1215 581 1324 ;eut,
614 1253 811 1312 merito
832 1248 948 1306 huic
974 1245 1131 1300 ﬁunt.
1157 1215 1259 1299 l9.
1279 1256 1299 1291 ι
1335 1229 1488 1290 Multi
1511 1236 1691 1283 autem
1722 1238 1789 1279 ex
1820 1220 1907 1286 iis,
1934 1215 2025 1288 qui

434 1355 653 1411 fuerant
674 1343 887 1402 curiosa
935 1333 1164 1401 sectati,
1215 1326 1565 1386 contulerunt
1592 1318 1779 1379 libros,
1802 1320 1856 1368 et
1882 1323 2030 1366 corii-

439 1447 727 1503 husserunt
762 1446 946 1492 coram
973 1399 1224 1485 omnibus
1252 1438 1265 1475 :
1295 1428 1350 1477 et
1377 1409 1704 1486 computatis
1757 1403 1945 1477 pretiis
1967 1399 2031 1454 il-

442 1540 642 1598 lorum,
688 1529 1021 1585 invenerunt
1049 1514 1334 1590 pecuniam
1377 1504 1726 1567 denariorum
1766 1495 2030 1567 quinqua-

448 1628 599 1699 ginta
627 1579 873 1677 inillium.
900 1612 991 1667 ΞΟ.
1023 1579 1099 1664 lla
1127 1604 1337 1660 fortiter
1350 1592 1637 1654 crescebat
1660 1587 1885 1645 verbum
1914 1579 2030 1644 Dei,

455 1678 510 1778 ξι
525 1710 955 1774 conﬁrmabatur.
991 1723 1009 1757 ι
1053 1698 1307 1757 Videntes
1344 1698 1523 1751 autem
1570 1700 1640 1747 ex
1665 1681 1752 1737 his
1778 1678 2035 1745 deinceps

460 1812 586 1868 nihil
615 1806 713 1863 sibi
740 1799 991 1862 utilitatis
1042 1793 1180 1861 fore,
1204 1789 1546 1844 exusserant
1586 1778 1792 1834 libros:
1824 1767 2037 1842 quando

457 1862 854 1977 ipsi—demones
878 1894 979 1950 hoc
1001 1888 1224 1944 faciunt.
1247 1881 1363 1937 Non
1388 1890 1517 1947 ergo
1534 1885 1730 1928 nomen
1757 1862 2034 1938 quidpiam

453 1953 735 2059 nisi
765 2001 886 2045 cum
929 1983 1033 2039 fide
1061 1979 1289 2035 dicatur.
1342 1972 1487 2027 Bene
1516 1978 1645 2037 ergo
1664 1959 1878 2018 dicebat
1897 1998 1912 2025 ,
1941 1953 2040 2019 Qui

643 2049 697 2139 in
717 2094 829 2147 me,
866 2075 1064 2147 majora
1104 2068 1253 2142 faciet
1288 2062 1487 2137 (Joan.
1518 2058 1603 2114 id.
1634 2051 1773 2126 ιλ),
1805 2049 1902 2105 has
1922 2062 2042 2103 um-

455 2178 582 2235 bras
613 2172 911 2230 insinuans.
942 2163 1077 2221 Vide
1100 2141 1374 2232 quomodo
1411 2150 1576 2207 armis
1595 2154 1783 2204 contra
1834 2141 2045 2211 seipsos

456 2230 714 2323 sunt.
772 2260 840 2316 Et
872 2230 1193 2326 disputabat,
1241 2246 1438 2318 inquit,
1496 2243 1552 2297 in
1594 2237 1770 2296 schola
1818 2230 2046 2305 Tyranni

457 2359 727 2433 cujusdam
751 2370 841 2427 per
869 2365 1032 2407 annos
1061 2348 1212 2402 duos.
1241 2341 1348 2400 Ubi
1399 2337 1590 2395 ﬁdeles
1608 2337 1767 2391 erant
1788 2371 1804 2398 ,
1857 2327 2048 2384 admo-

463 2424 592 2511 ddm
633 2424 788 2509 erant
829 2444 1037 2502 ﬁdeles.
1087 2441 1161 2496 lta
1190 2435 1324 2495 nihil
1354 2444 1605 2504 magnum
1643 2424 1904 2497 putabant
1929 2433 2050 2476 esse

462 2548 644 2604 Jcsum
670 2584 687 2610 ,
718 2534 1154 2613 quandoquidem
1197 2538 1253 2587 et
1290 2524 1514 2584 Paulum
1556 2518 1843 2580 addidere,
1876 2515 2048 2584 ipsum

465 2638 589 2692 hinc
639 2604 894 2703 magnum
943 2604 1221 2698 quidpiam
1262 2633 1394 2680 esse
1440 2622 1628 2685 putare
1683 2604 2050 2669 ostendentes.

465 2730 565 2785 llic
584 2697 766 2783 musci
793 2697 1258 2788 subit,7quomodo
1295 2710 1510 2767 dmmon
1542 2703 1636 2759 ille
1661 2697 2055 2761 exorcistarum

466 2821 639 2878 errori
667 2832 775 2874 non
816 2818 1138 2884 conparatus
1192 2814 1296 2870 est,
1339 2800 1434 2857 sed
1485 2794 1759 2866 redarguit
1796 2790 1972 2856 illum,
2003 2795 2059 2843 et

466 2925 687 2970 scenam
717 2921 906 2965 eorum
923 2883 1209 2974 petatem.
1240 2893 1368 2955 Mihi
1401 2890 1613 2947 videtur
1638 2883 1792 2944 valde
1834 2894 2060 2937 succen-

469 3005 665 3071 suisse,
692 3017 758 3060 ac
781 3000 828 3056 si
858 2998 977 3069 quis
997 2995 1067 3052 de
1096 2989 1355 3051 extremis
1392 2983 1726 3063 periclitans,
1782 2992 1811 3032 a
1860 2975 2062 3031 misero

475 3096 710 3168 quodam
736 3101 793 3150 et
820 3101 1129 3149 mrumnoso
1153 3082 1438 3145 refutetur,
1468 3084 1525 3132 et
1549 3051 1783 3130 furorem
1805 3082 1960 3127 suum
1981 3073 2064 3121 to-

470 3201 584 3254 tum
609 3191 666 3246 in
685 3188 840 3245 illum
865 3194 1166 3243 exonerare
1193 3175 1347 3232 velit.
1378 3172 1458 3228 Ne
1477 3169 1757 3226 videretur
1782 3162 1927 3220 enim
1956 3174 2059 3215 no-

472 3299 599 3342 men
626 3282 755 3340 lesu
803 3277 1101 3348 despicere,
1154 3268 1330 3340 primo
1379 3263 1556 3334 ipsum
1586 3257 1865 3314 confessus
1886 3293 1902 3320 ,
1937 3259 2067 3305 tunc

476 3384 801 3448 potestatem
829 3341 1037 3439 accepit
1090 3364 1162 3421 Ut
1203 3370 1384 3417 autem
1414 3353 1677 3429 probetur
1720 3362 1830 3405 non
1876 3359 1943 3400 ex
1968 3341 2068 3397 de-

478 3433 688 3527 bilitate
719 3433 976 3528 nominis,
1005 3456 1099 3513 sed
1127 3469 1193 3511 ex
1236 3451 1449 3507 illorum
1495 3440 1683 3499 fraude
1727 3444 1897 3497 totum
1927 3433 2071 3490 acci-

480 3525 649 3631 disse,
668 3575 771 3618 cur
795 3571 903 3613 nou
948 3525 1116 3609 l’aulo
1149 3546 1256 3602 tale
1290 3539 1566 3613 quidpiam
1591 3528 1864 3601 contigit?
1893 3525 1961 3581 Et
1989 3529 2070 3581 iu-

482 3618 690 3718 51...},
737 3646 931 3720 inquit,
978 3643 1128 3697 homo
1157 3637 1213 3691 in
1240 3634 1378 3689 ῑιιοο.
1423 3627 1586 3684 Forte
1613 3620 1829 3679 discidit
1860 3618 2072 3674 illorum

484 3755 680 3811 vestes,
734 3752 790 3799 et
812 3707 998 3809 capita
1028 3727 1307 3790 dilaniavit
1335 3741 1350 3778 :
1383 3722 1487 3777 hoc
1525 3716 1672 3774 enim
1710 3709 1969 3767 indicavit
1993 3707 2076 3763 di-

486 3854 636 3905 cens,
667 3833 945 3895 Insitiens;
988 3825 1043 3882 id
1085 3831 1190 3886 est,
1237 3831 1363 3875 cum
1408 3814 1611 3883 impetu
1658 3808 1894 3868 irruens,
1921 3801 1991 3856 ita
2019 3809 2079 3856 ut

489 3885 1035 3986 Ennaeas...
1063 3885 1201 3978 Quid
1246 3902 1349 3960 sibi
1400 3898 1534 3962 vult,
1576 3890 1854 3949 Discedens
1875 3887 1938 3941 ab
1964 3885 2072 3951 eis,

489 3976 763 4089 sepregavit
801 3976 1122 4076 discipulos?
1161 3997 1405 4060 Illorum,
1429 3987 1619 4063 inquit.
1649 3976 2078 4039 maledicentiam

493 4066 742 4163 suaccidit.
777 4100 893 4157 Hoc
933 4066 1119 4152 autem
1148 4088 1275 4145 facit
1317 4093 1370 4141 et
1398 4077 1661 4142 abscedit,
1712 4072 1837 4146 quia
1864 4066 2085 4126 nolebat

495 4199 708 4256 illorum
750 4189 1005 4248 invidiam
1053 4176 1402 4241 succendere,
1434 4184 1611 4242 neque
1638 4167 1692 4222 in
1720 4163 1983 4233 majorem
2012 4158 2084 4213 ri-

497 4306 618 4349 xam
649 4288 893 4345 incitare.
920 4277 1056 4336 Illud
1083 4285 1284 4338 autem,
1335 4264 1674 4323 Fiducialitcr
1703 4258 1907 4331 agebat,
1929 4252 2084 4318 dicit,

498 4380 804 4453 signiﬁcans
845 4375 1019 4444 ipsum
1064 4366 1130 4423 ad
1175 4359 1410 4436 pericula
1454 4361 1724 4428 paratum,
1768 4345 1966 4413 clarius
1989 4355 2089 4397 nec

502 4440 751 4546 ddgmata
766 4440 1174 4524 obumbrantem
1194 4456 1516 4525 disputasse.
1538 4445 1676 4504 llinc
1695 4440 1955 4498 discimus
1981 4450 2089 4491 non

506 4525 536 4531 _
573 4525 659 4546 ον

505 4580 604 4622 nus
633 4560 936 4617 immiscere
961 4566 1084 4609 eum
1113 4542 1389 4602 maledicis
1415 4582 1430 4606 ,
1461 4535 1554 4593 sed
1585 4533 1655 4590 ah
1685 4531 1796 4587 illis
1823 4525 2086 4584 abscede-

508 4675 587 4713 re.
618 4653 735 4711 Non
763 4644 1044 4705 maledixit
1065 4643 1181 4711 ipse
1199 4678 1215 4704 ,
1242 4648 1365 4690 cum
1420 4629 1565 4685 male
1590 4622 1838 4687 audiret,
1868 4620 1977 4674 imo
1992 4630 2093 4688 po-

511 4753 615 4806 tius
640 4742 880 4820 quotidie
902 4709 1227 4809 disputabat,
1258 4738 1313 4785 et
1339 4726 1441 4780 hac
1466 4720 1699 4778 maxime
1724 4714 1934 4773 ratione
1958 4709 2100 4766 mul-

519 4853 598 4896 tos
627 4838 727 4895 sibi
748 4806 1065 4896 concilians,
1093 4822 1237 4897 quod
1278 4816 1522 4892 quamvis
1551 4811 1692 4870 mala
1724 4806 1957 4872 audiret,
1989 4815 2100 4858 non

523 4929 819 4987 discederet
841 4937 1017 4994 neque
1043 4922 1404 4988 separaretur.
1436 4908 1506 4963 Et
1533 4905 1786 4967 observa,
1817 4905 2102 4970 postquam

530 5025 743 5082 tentatio
770 5022 840 5077 ab
864 4987 1373 5075 externiscessavit,
1401 5018 1432 5059 a
1461 4995 1800 5057 daemonibus
1825 4987 2049 5060 incepit.

601 5116 893 5172 Italicorum
937 5109 1153 5165 cwcitas.
1200 5131 1272 5145 -—
1310 5094 1500 5154 Viden‘
1557 5088 1854 5147 cazcitatem
1920 5076 2108 5139 Judai-

525 5209 682 5266 eam?
709 5208 841 5263 Cum
877 5201 1123 5257 viderent
1155 5202 1338 5250 vestes
1379 5189 1498 5259 ejus
1532 5188 1842 5255 operantes,
1880 5190 1987 5230 non
2010 5170 2107 5227 ad-

527 5391 860 5451 coutrarium
906 5401 996 5442 res
1049 5394 1206 5437 versa
1261 5384 1364 5432 est.
1413 5373 1470 5429 Si
1518 5368 1640 5440 quis
1691 5361 1974 5436 gentilium
2005 5371 2113 5412 non

524 5485 740 5550 credat,
769 5478 958 5535 videns
1000 5472 1245 5530 umbram
1288 5465 1403 5519 haec
1425 5466 1763 5532 Operantem,
1787 5450 1994 5507 credat.
2027 5447 2120 5503 Sic

530 5595 598 5634 ex
619 5592 708 5642 eo,
741 5571 883 5644 quod
915 5566 1115 5625 abillis
1143 5558 1447 5619 discederet
1466 5595 1482 5619 ,
1506 5547 1754 5609 maledici
1797 5554 1853 5601 et
1903 5541 1996 5614 qui
2024 5539 2121 5596 do-

532 5684 655 5742 gma
702 5662 1200 5723 calumniabantur,
1253 5656 1577 5723 superantur
1616 5643 1746 5714 (hoc
1790 5638 1936 5695 enim
1978 5636 2119 5689 viam

534 5727 771 5829 :ocavil)
797 5774 811 5810 :
841 5754 929 5810 ille
953 5767 1081 5808 vero
1109 5744 1356 5808 discedit,
1384 5750 1442 5795 ut
1485 5750 1664 5807 neque
1690 5727 1939 5800 discipuli
1966 5738 2114 5781 sece-

542 5857 738 5914 derent
769 5867 939 5921 neque
970 5848 1089 5904 illos
1110 5842 1176 5898 ad
1230 5841 1361 5895 iram
1386 5833 1712 5899 concitaret,
1744 5821 2032 5883 ostendens
2057 5817 2125 5873 il-

1417 377 1480 433 lN
1520 372 1697 431 ACTA
1740 356 2265 426 APOSTOLORUM.
2308 349 2538 410 HOMIL.
2571 343 2713 406 XLI.

3605 330 3708 387 Si"!

2123 472 2205 527 los
2225 468 2425 539 ubique
2454 463 2682 521 salutem
2730 457 3016 530 repellere.
3060 454 3125 517 Et
3162 453 3275 525 jam
3318 450 3425 506 illis
3453 462 3558 505 non
3592 460 3712 503 sese

2122 568 2336 634 purgat,
2363 573 2430 615 eo
2454 555 2597 629 quod
2627 560 2819 625 gentes
2864 550 3063 620 ubique
3106 546 3409 602 crederent.
3440 541 3508 597 Et
3535 540 3710 609 ἀίερυς

2123 630 2370 721 ιειξηοη
2417 647 2666 720 quemvis
2698 645 2876 700 locum
2924 654 3208 712 quaerens,
3263 635 3360 693 sed
3382 634 3473 690 ubi
3529 630 3715 686 schola

2124 754 2261 812 erat,
2284 742 2434 815 quasi
2462 737 2912 801 commodiorem,
2950 748 3016 791 eo
3053 729 3196 802 quod
3225 729 3296 784 ibi
3322 737 3716 796 congregaren-

2129 845 2236 892 ltll‘.

2197 930 2251 985 2.
2285 931 2466 1001 Paptn,
2497 932 2698 1000 quanta
2720 921 3058 981 credentium
3093 917 3267 973 virtus
3291 954 3308 982 ,
3332 927 3495 983 quum
3524 918 3578 964 et
3600 907 3720 962 aliis

2128 1037 2340 1094 quoque
2369 1021 2555 1078 eadem
2588 1019 2703 1090 ipsa
2755 1014 2939 1071 facere
2971 1007 3334 1073 concedatur!
3363 1011 3560 1075 quanta
3592 1015 3721 1054 vero

2130 1117 2346 1171 Caecitas
2375 1129 2588 1178 eorum,
2620 1110 2709 1182 qui
2731 1105 3038 1165 etiamdum
3068 1102 3239 1157 virtus
3271 1098 3358 1154 illa
3389 1096 3726 1151 demonstra—

2130 1219 2315 1275 retur,
2345 1207 2399 1262 in
2443 1201 2818 1261 incredulitate
2859 1194 3168 1253 manebant.
3214 1190 3283 1246 Ut
3328 1186 3490 1260 igitur
3536 1184 3723 1240 Simon

2132 1300 2268 1359 lucri
2293 1313 2452 1356 causa
2477 1296 2706 1369 gratiam
2741 1290 2975 1363 Spiritus
3004 1284 3319 1358 quaerebat,
3351 1279 3430 1335 sic
3458 1288 3513 1334 et
3544 1276 3599 1331 hi
3629 1289 3726 1329 ea-

2132 1391 2259 1448 dem
2295 1390 2361 1447 de
2386 1364 2551 1446 causa
2594 1385 2826 1455 idipsum
2872 1377 3160 1435 faciebant.
3208 1374 3420 1443 Quanta
3463 1364 3725 1424 cmeitas?

2137 1482 2208 1537 Et
2245 1494 2414 1551 quare
2463 1476 2668 1535 Paulus
2708 1488 2817 1529 non
2863 1466 3141 1540 increpat?
3170 1465 3303 1533 Quia
3341 1462 3517 1517 visum
3545 1457 3733 1513 fuisset

2141 1575 2244 1631 hoc
2264 1550 2333 1630 ex
2354 1570 2554 1628 invidia
2605 1567 2756 1634 ﬁeri;
2797 1563 2922 1621 ideo
2940 1575 3031 1618 res
3069 1560 3142 1615 ita
3173 1558 3540 1628 dispensatur.
3567 1550 3657 1607 Sic
3676 1558 3734 1604 et

2138 1666 2355 1723 Christo
2387 1661 2614 1728 accidit;
2653 1658 2747 1715 sed
2801 1665 2926 1713 tunc
2974 1669 3080 1709 non
3121 1647 3511 1722 impediebatur
3558 1645 3728 1718 (nam

2144 1769 2269 1817 tunc
2290 1757 2501 1814 initium
2525 1768 2705 1811 rerum
2728 1758 2846 1808 erat
2869 1749 2917 1822 ),
2941 1745 3202 1818 siquidem
3232 1751 3287 1800 et
3314 1740 3480 1798 ludas
3509 1738 3592 1792 fur
3622 1750 3729 1790 non

2143 1851 2535 1913 cohibebatur;
2585 1843 2824 1900 Anauias
2878 1853 3012 1896 vero
3062 1846 3118 1893 et
3156 1833 3421 1905 Sapphira
3471 1826 3735 1884 interiecti

2145 1953 2268 2001 sunt
2299 1958 2315 2002 ;
2350 1939 2613 2009 multique
2628 1933 2798 1992 Judaei
2846 1931 3197 1994 obsistentes,
3230 1923 3362 1981 nihil
3387 1921 3531 1995 passi
3563 1927 3730 1984 sunt;

2148 2035 2363 2106 Elymas
2386 2046 2516 2088 vero
2543 2035 2846 2085 excmcatus
2885 2031 2987 2080 est.
3028 2019 3151 2075 Non
3179 2018 3338 2085 enim,
3371 2013 3565 2085 inquit,
3597 2012 3731 2078 veni,

2148 2103 2450 2196 utvjudicem
2474 2120 2743 2185 mundum,
2778 2115 2866 2172 sed
2891 2123 2946 2168 ut
2970 2112 3191 2168 salvetur
3234 2106 3455 2162 mundus
3480 2103 3662 2176 (Joan.
3686 2103 3739 2158 '5.

2152 2217 2266 2289 l7).
2304 2214 2435 2271 Vide
2461 2228 2578 2270 rem
2605 2205 2990 2267 exsecrandam
3011 2222 3025 2260 :
3047 2201 3218 2260 Judaei
3246 2197 3422 2255 adhuc
3438 2203 3740 2261 manentes,

2151 2323 2222 2364 ex
2249 2308 2367 2378 ipso
2396 2304 2618 2361 nomine
2667 2298 2866 2356 lucrari
2909 2293 3196 2351 volebant:
3227 2292 3409 2361 itaque
3446 2288 3628 2345 omnia
3675 2286 3742 2340 ad

2153 2377 2380 2470 gloriam
2403 2405 2457 2451 et
2480 2395 2692 2450 lucrum
2735 2387 3023 2445 iaciebant.
3070 2382 3319 2452 Undique
3345 2378 3468 2435 vide
3492 2377 3743 2433 homines

2157 2503 2265 2544 non
2295 2487 2366 2542 ita
2414 2500 2511 2557 per
2567 2483 2742 2549 utilia,
2799 2488 2859 2535 ut
2911 2493 3007 2548 per
3058 2472 3315 2531 terribilia
3368 2469 3631 2526 converti.
3667 2468 3751 2522 Ex

2156 2578 2435 2649 Sapphirae
2487 2574 2738 2644 exemplo
2777 2581 2956 2628 terror
3002 2566 3193 2623 incidit
3242 2565 3294 2618 iu
3346 2561 3666 2625 Eeclesiam,
3699 2569 3754 2613 et

2159 2672 2246 2726 alii
2284 2684 2388 2724 non
2416 2666 2687 2723 audebant
2715 2677 2776 2718 se
2805 2659 3134 2729 conjungere
3174 2655 3280 2709 illis
3306 2654 3325 2725 (
3349 2652 3465 2706 Act.
3492 2651 3546 2707 5.
3572 2650 3686 2720 15)
3729 2667 3742 2703 :

2163 2763 2250 2819 hic
2274 2759 2487 2818 sudaria
2509 2765 2563 2813 et
2590 2751 2922 2811 semicinctia
2944 2745 3282 2818 accipiebant
3306 2751 3361 2797 et
3385 2742 3714 2798 sanabantur
3736 2758 3750 2804 ;

2164 2865 2218 2911 et
2260 2859 2447 2924 postea
2491 2846 2785 2905 veniebant
2827 2852 2886 2899 ut
2931 2840 3321 2898 confiterentur
3363 2840 3582 2904 peccata
3638 2847 3753 2888 sua.

2169 2948 2248 3003 Ex
2274 2962 2364 3013 eo,
2395 2941 2537 3015 quod
2577 2937 2838 3003 insiliret,
2869 2930 3172 2990 ostenditur
3214 2928 3520 2982 daemonum
3566 2938 3758 2994 magna

2167 3037 2412 3117 quaedam
2438 3034 2541 3100 vis,
2570 3047 2691 3087 cum
2719 3037 2906 3086 contra
2940 3022 3183 3081 inﬁdeles
3212 3026 3396 3090 agunt.
3429 3017 3498 3073 Et
3525 3032 3622 3071 cur
3649 3031 3756 3071 nou

2168 3106 2306 3186 dixit
2356 3125 2580 3198 spiritus
2623 3120 2833 3176 malus:
2863 3115 2995 3186 Quis
3037 3120 3124 3169 est
3171 3108 3371 3168 Jesus?
3412 3106 3506 3163 sed
3552 3106 3759 3163 inutilia

2170 3223 2338 3280 verba
2392 3214 2657 3291 protulit?
2708 3210 2978 3277 Timehat,
3036 3221 3106 3262 ne
3155 3205 3272 3275 ipse
3328 3215 3517 3272 pinnas
3562 3198 3763 3254 daret:

2173 3312 2381 3370 sciebat
2417 3309 2561 3367 enim
2601 3304 2761 3375 hujus
2788 3298 3025 3357 nominis
3077 3296 3275 3350 virtute
3311 3305 3631 3348 concessum
3661 3289 3763 3343 sibi

2174 3405 2358 3469 fuisse,
2395 3409 2453 3463 ut
2480 3399 2732 3455 illusores
2758 3394 2880 3450 illos
2899 3391 3276 3448 ulcisceretur.
3306 3384 3419 3441 Cur
3445 3393 3627 3438 autem
3657 3384 3761 3437 mi-

2174 3498 2282 3554 seri
2312 3496 2389 3552 illi
2419 3508 2524 3549 non
2554 3491 2808 3546 dixerunt
2835 3485 2907 3551 ei,
2932 3481 3220 3539 Credimus
3244 3477 3269 3532 ?
3311 3476 3597 3532 Timebant
3626 3475 3767 3530 Pan-

2178 3588 2290 3643 lum
2315 3595 2677 3656 :quamquam
2709 3576 2879 3633 multo
2924 3571 3185 3628 clariores
3218 3566 3381 3621 futuri
3410 3574 3585 3631 erant,
3612 3564 3657 3619 si
3685 3563 3774 3620 Je-

2177 3694 2299 3736 sum
2349 3655 2634 3732 Dominum
2687 3665 3057 3741 agnovissent.
3106 3659 3176 3715 Et
3223 3655 3461 3726 alioquin
3515 3655 3589 3717 id,
3627 3656 3772 3725 quod

2184 3768 2444 3841 Philippis
2500 3759 2911 3835 contigit,illos
2960 3750 3287 3812 emendavit.
3341 3748 3421 3802 Tu
3463 3763 3594 3803 vero
3643 3746 3771 3801 mihi

2182 3862 2491 3926 considera,
2516 3871 2677 3929 quam
2724 3849 3002 3909 modestus
3050 3846 3154 3901 hoc
3194 3842 3315 3898 loco
3341 3840 3409 3897 sit
3438 3840 3692 3911 scriptor,
3722 3850 3778 3895 et

2184 3954 2458 4032 quomodo
2497 3948 2779 4006 historiam
2829 3942 3006 4000 solum
3045 3936 3280 4005 scribat,
3332 3949 3432 3991 nec
3471 3934 3777 4004 quempiam

2188 4026 2425 4108 accuset.
2457 4044 2572 4100 Hoc
2595 4037 2868 4111 apostolos
2913 4030 3188 4090 mirabiles
3213 4027 3494 4085 reddebat.
3528 4026 3597 4081 Et
3628 4028 3781 4095 cujus

2189 4148 2374 4198 essent
2398 4136 2491 4192 ﬁlii
2517 4133 2666 4199 dicit,
2694 4137 2747 4185 et
2776 4140 2972 4182 nomen
2995 4131 3046 4178 et
3075 4134 3382 4183 numerum,
3414 4116 3548 4172 dans
3573 4116 3659 4182 iis,
3692 4117 3781 4185 qui

2192 4246 2319 4292 tunc
2344 4237 2517 4296 erant,
2574 4233 2783 4281 certum
2830 4215 3156 4275 narrationis
3197 4227 3309 4268 sua:
3356 4208 3634 4264 indicium.
3673 4207 3785 4264 Cur

2194 4338 2375 4387 autem
2411 4319 2709 4378 circnibant
2730 4312 2853 4369 illi?
2884 4308 3043 4366 Lucri
3070 4318 3265 4369 causa,
3313 4316 3419 4357 non
3461 4308 3517 4355 ut
3560 4300 3781 4355 verbum

2195 4418 2580 4478 aununtiarent
2608 4428 2622 4465 :
2654 4403 2927 4480 quomodo
2972 4397 3157 4456 enim?
3205 4396 3352 4451 Bene
3378 4401 3557 4448 autem
3597 4407 3782 4446 curre-

2197 4515 2327 4571 bant
2350 4517 2533 4581 postea
2558 4545 2574 4570 ,
2617 4499 2971 4573 praedicantes
3012 4507 3108 4562 per
3152 4504 3214 4545 ea
3265 4502 3386 4559 qua:
3428 4486 3786 4558 patiebantur.

2200 4578 2380 4676 Quare
2408 4600 2513 4656 hoc
2536 4594 2823 4653 declarans
2847 4589 2922 4644 ait
2947 4604 2960 4641 :
2994 4582 3061 4638 Et
3085 4591 3262 4637 notum
3295 4583 3495 4650 factum
3520 4586 3591 4631 est
3618 4578 3783 4631 cinni-

2204 4670 2297 4757 bus
2350 4705 2457 4751 tam
2523 4687 2725 4744 Iudaeis
2776 4697 2932 4755 quam
2988 4674 3295 4749 gentilibus,
3341 4672 3427 4741 qui
3501 4670 3794 4726 habitabant

2208 4788 2417 4863 Ephesi.
2449 4784 2660 4848 Nonne,
2680 4789 2889 4850 qureso,
2907 4771 3069 4827 etiam
3092 4782 3203 4834 eos,
3234 4764 3324 4835 qui
3352 4762 3599 4819 duriores
3619 4772 3794 4829 erant,

2216 4887 2537 4940 convertere
2558 4869 2774 4929 debuit?
2793 4863 2902 4924 Sed
2931 4878 3038 4918 non
3068 4856 3362 4922 convertit;
3396 4868 3497 4910 nec
3528 4853 3743 4909 mireris
3776 4872 3788 4906 :

2166 5024 2171 5029 .
2226 4973 2446 5035 malitia:
2472 4967 2616 5025 enim
2646 4961 2780 5018 nihil
2808 4967 2891 5016 est
2928 4953 3071 5027 quod
3118 4947 3461 5023 persuadeat.
3507 4947 3621 5017 Age
3647 4962 3799 5012 vero,

2224 5072 2329 5128 hoc
2357 5062 2744 5123 exorcistarum
2790 5067 2925 5127 opus
2954 5049 3233 5105 videamus
3260 5051 3473 5116 quantm
3510 5040 3581 5096 sit
3609 5039 3801 5109 nequi-

2218 5165 2330 5220 tiae.
2375 5158 2486 5215 Cur
2518 5161 2700 5210 autem
2744 5147 2847 5203 hoc
2887 5142 2989 5199 sub
3031 5138 3249 5196 Christo
3314 5150 3419 5190 non
3482 5130 3805 5201 contigerit,

2223 5254 2468 5320 alterius,
2492 5263 2602 5304 non
2629 5240 2912 5317 prmsentis
2954 5233 3212 5306 temporis
3240 5237 3325 5285 est
3351 5225 3682 5297 disquirere;
3714 5237 3807 5276 ve-

2232 5363 2352 5406 rum
2392 5313 2535 5417 quod
2579 5313 2688 5411 jam
2741 5331 2963 5406 pulchre
3002 5336 3059 5384 et
3088 5324 3288 5382 utiliter
3316 5318 3525 5374 accidit.
3587 5313 3816 5370 Videtur

2227 5441 2369 5499 enim
2399 5437 2519 5492 illos
2549 5404 2804 5486 irridendi
2835 5435 2997 5479 causa
3043 5419 3145 5471 hoc
3168 5412 3402 5473 fecisse;
3438 5405 3662 5474 ideoque
3703 5404 3816 5473 ple-

2229 5540 2479 5589 ctuntur;
2501 5525 2572 5579 ita
2598 5530 2659 5576 ut
2677 5516 2899 5591 posthac
2929 5523 3089 5566 nemo
3106 5504 3329 5560 auderet
3357 5508 3563 5554 temere
3588 5495 3690 5549 hoc
3718 5509 3816 5548 uo-

2232 5588 2356 5680 men
2382 5617 2647 5692 proferre.
2672 5588 2787 5666 lloc
2808 5604 3051 5661 fidelium
3094 5597 3291 5653 multos
3331 5590 3398 5648 ad
3423 5588 3818 5647 confessionem

2236 5713 2481 5777 deduxit,
2502 5708 2607 5761 hoc
2633 5711 2689 5759 et
2710 5703 2956 5757 timorem
2979 5692 3110 5766 ipsis
3137 5685 3397 5752 incussit,
3425 5680 3825 5749 maximumque

2243 5812 2344 5867 hoc
2368 5806 2739 5878 argumentum
2770 5792 2867 5849 fuit
2897 5791 3064 5846 Deum
3086 5784 3264 5842 omnia
3297 5792 3481 5836 nosse.
3504 5775 3825 5846 Priusquam
