4112 6468
373 388 472 446 29!

372 518 400 556 a
448 499 784 559 daemonibus
834 497 1319 570 redarguerentur,’
1350 495 1560 565 seipsos
1582 492 1942 557 accusabant,

374 594 627 650 timentes
678 605 746 647 ne
795 589 980 647 eadem
1040 598 1385 659 paterentur;
1435 594 1491 644 et
1547 586 1669 657 jure
1718 583 1956 656 quidem.

373 686 600 753 Quando
620 683 764 739 enim
806 682 1082 753 adjutores
1119 679 1429 744 da-mones,
1460 688 1805 733 accusatores
1842 676 1959 730 illo-

375 794 490 833 rum
523 785 700 842 erant,
732 791 838 831 non
868 775 1253 837 auxiliatores,
1286 772 1460 843 qualis
1485 785 1613 842 spes
1656 777 1957 839 supererat,

373 870 473 924 nisi
499 868 771 924 coal‘essio
808 884 903 939 per
941 865 1154 936 opera?
1192 865 1329 921 Vide
1366 873 1562 935 quanta
1597 863 1745 918 brevi
1774 872 1961 927 posma

373 962 512 1016 mala
531 961 781 1015 eveniant
816 967 935 1028 post
965 967 1041 1013 tot
1088 958 1221 1012 facta
1246 957 1417 1027 signa.
1475 953 1621 1009 Talis
1651 956 1851 1023 quippe
1877 963 1964 1009 est

372 1056 602 1110 humana
626 1064 809 1107 natura
841 1070 853 1107 :
887 1052 1064 1105 statim
1084 1048 1464 1105 beneﬁciorum
1496 1047 1850 1103 obliviscitur.

440 1146 614 1201 Terra:
630 1154 791 1199 motus
811 1141 1270 1211 Constantinopoli.
1296 1170 1368 1181 ——
1389 1143 1581 1195 Annon
1604 1138 1949 1205 meministis,

370 1239 600 1309 idipsum
659 1235 820 1291 etiam
870 1235 1068 1289 nostris
1123 1230 1457 1303 temporibus
1522 1228 1823 1286 accidisse?
1868 1221 1982 1284 Die'

369 1333 512 1387 enim
541 1330 668 1384 mibi
696 1347 709 1383 :
742 1343 920 1382 nonne
945 1340 1088 1381 anno
1110 1324 1389 1395 superiore
1415 1322 1690 1380 concussit
1721 1322 1862 1378 Deus
1887 1320 1966 1376 ci-

370 1426 588 1477 vitatem
648 1429 812 1477 totam
853 1420 970 1491 (a)?
1025 1419 1163 1487 Quid
1217 1418 1391 1474 vero?
1444 1433 1625 1473 nonne
1663 1429 1850 1472 omnes
1894 1414 1960 1469 ad

368 1515 690 1586 baptismum
713 1512 1080 1569 accedebant?
1104 1526 1284 1567 nonne
1308 1520 1653 1577 scortatores,
1686 1508 1879 1563 molles
1909 1516 1965 1562 et

368 1611 604 1682 corrupti
658 1610 924 1670 homines,
977 1607 1181 1662 relictis
1227 1605 1476 1660 domibus
1526 1612 1581 1659 ct
1622 1600 1958 1666 habitaculis,

367 1702 613 1759 conversi
661 1710 715 1756 et
756 1701 829 1771 pii
881 1699 1057 1754 eﬁ‘ecti
1111 1700 1275 1753 sunt?
1323 1695 1424 1752 Ubi
1478 1703 1656 1750 autem
1694 1702 1803 1749 tres
1846 1692 1962 1747 dics

371 1795 722 1853 transierunt.
753 1805 938 1847 rursus
978 1789 1044 1843 ad
1077 1788 1353 1858 pristinam
1393 1785 1596 1842 reversi
1623 1792 1747 1840 sunt
1771 1781 1960 1853 nequi-

368 1887 516 1941 tiam.
544 1883 694 1940 Unde
724 1882 828 1937 boc
853 1879 1159 1949 contingit?
1183 1876 1261 1931 Ex
1290 1876 1499 1947 ignatia
1532 1875 1719 1929 multa.
1756 1870 1961 1944 Ecquid

276 2044 299 2051 ᾔ
367 1975 581 2041 mirum,
601 1974 644 2029 si
669 1973 754 2027 ubi
775 1987 862 2028 res
883 1972 1234 2036 transierunt,
1259 1968 1475 2040 quando
1506 1966 1824 2037 imaginibus
1848 1979 1964 2034 per-

368 2078 531 2138 petuo
560 2064 902 2121 manentibus
929 2062 1032 2118 hoc
1068 2061 1245 2132 ipsum
1284 2058 1503 2117 evenit?
1542 2058 1672 2125 Qua:
1701 2057 1753 2111 in
1788 2055 1962 2113 Sodo-

368 2158 492 2221 mis,
521 2156 607 2211 dic
630 2155 780 2221 mihi,
826 2167 1007 2208 nonne
1050 2160 1310 2222 perpetuo
1339 2148 1599 2204 manent?
1632 2145 1768 2214 Quid
1798 2145 1964 2214 ergo?

366 2267 432 2305 an
460 2250 616 2305 vicini
646 2256 929 2319 propterea
957 2245 1209 2301 meliores
1226 2242 1352 2299 facti
1376 2241 1533 2297 sunt?
1557 2241 1792 2296 Minime.
1824 2238 1963 2305 Quid

369 2355 423 2400 et
454 2345 591 2400 ﬁlius
620 2342 771 2398 Noe?
817 2356 999 2397 nonne
1043 2339 1165 2395 talis
1213 2337 1375 2394 erat?
1415 2351 1596 2392 nonne
1637 2346 1834 2389 tantam
1865 2333 1965 2389 sub

366 2437 539 2491 oeulis
589 2434 795 2490 habens
840 2431 1207 2494 solitudinem,
1255 2428 1428 2482 malus
1462 2437 1638 2481 tamen
1680 2424 1840 2479 erat?
1885 2422 1963 2478 Ne

367 2530 628 2585 miremur
670 2518 843 2597 ergo,
877 2525 922 2581 si
965 2523 1050 2579 bis
1098 2524 1171 2578 ita
1223 2520 1390 2592 gestis
1442 2534 1550 2574 non
1593 2516 1958 2581 crediderunt,

362 2621 578 2693 quando
608 2620 723 2691 ipsa
755 2617 887 2674 ﬁdes
919 2616 1025 2672 illis
1065 2629 1211 2684 smpe
1239 2615 1290 2668 in
1334 2610 1665 2668 contrarium
1696 2616 1752 2665 et
1778 2608 1831 2663 in
1862 2621 1960 2663 ne-

365 2713 589 2784 quitiam
618 2711 883 2776 vertitur;
915 2716 976 2763 ut
1002 2704 1220 2778 quando
1246 2703 1639 2760 daemoniacum
1663 2715 1785 2757 esse
1810 2700 1961 2755 dice-

362 2796 491 2863 bant
524 2805 615 2863 Dei
645 2804 861 2860 Filium.
884 2803 1073 2857 Annon
1104 2798 1300 2855 videtis
1326 2797 1428 2851 hoc
1463 2810 1607 2851 nunc
1630 2794 1791 2849 etiam
1811 2792 1961 2858 ﬁeri,

361 2914 413 2959 et
444 2900 640 2956 multos
662 2899 914 2953 homines
943 2892 1285 2965 serpentibus
1310 2890 1540 2956 similes,
1574 2886 1882 2943 incredulos
1908 2894 1965 2941 et

366 2996 604 3066 ingratos
628 2990 718 3062 qui
737 2990 907 3045 instar
927 2987 1228 3056 viperarum
1251 2997 1372 3037 cum
1390 2979 1651 3037 beneﬁcia
1669 2975 1960 3049 accipiunt,

363 3083 624 3141 beneﬁcis
650 3079 830 3137 infesti
878 3076 1045 3132 sunt?
1076 3073 1202 3129 llaec
1222 3089 1251 3126 a
1275 3071 1430 3127 nobis
1456 3069 1599 3126 dicta
1628 3076 1772 3134 sunt,
1806 3077 1863 3122 ut
1893 3081 1964 3121 ne

364 3176 484 3248 quis
511 3173 735 3229 miretur
757 3211 772 3238 ,
798 3166 943 3241 quod
973 3175 1050 3222 tot
1077 3164 1240 3222 editis
1268 3161 1439 3234 signis
1466 3175 1574 3216 non
1602 3173 1791 3214 omnes
1832 3171 1966 3213 con-

365 3266 506 3323 versi
527 3266 655 3320 sint.

438 3360 492 3413 5.
536 3354 746 3412 Nostris
770 3351 968 3424 quippe
1013 3347 1345 3418 temporibus
1372 3343 1687 3402 acciderunt
1720 3357 1807 3410 ea,
1840 3356 1961 3413 qua:

367 3450 583 3505 beatum
620 3445 874 3517 Babylam
902 3450 1152 3515 spectant
1174 3439 1248 3513 (b)
1278 3480 1292 3506 ,
1324 3454 1445 3510 quae
1472 3435 1829 3510 Jerosolymis
1863 3448 1959 3506 ge-

366 3554 449 3600 sta
476 3549 621 3604 sunt,
652 3555 771 3611 qua:
800 3538 852 3592 in
879 3534 1249 3592 destructione
1289 3530 1636 3602 templorum,
1670 3541 1843 3598 neque
1883 3534 1964 3581 ta-

368 3649 490 3688 men
521 3645 708 3686 onmes
737 3626 986 3684 conversi
1036 3632 1180 3680 sunt.
1212 3622 1351 3692 Quid
1390 3636 1526 3693 opus
1552 3627 1636 3676 est
1663 3629 1842 3674 vetera
1870 3631 1960 3673 re-

365 3739 589 3781 censere
609 3723 633 3775 ‘l
656 3721 772 3776 Dixi
801 3719 974 3783 vobis,
1002 3715 1128 3788 quid
1155 3730 1297 3771 anno
1320 3713 1565 3785 proximo
1595 3709 1871 3775 acciderit,
1907 3715 1963 3762 et

367 3830 526 3872 nemo
567 3812 833 3876 attendit;
864 3808 961 3866 sed
1006 3822 1192 3863 rursus
1238 3805 1494 3878 paulatim
1524 3801 1866 3858 deﬂuxerunt
1906 3809 1962 3855 et

367 3905 594 3976 collapsi
625 3912 770 3958 sunt.
811 3900 930 3956 Stat
949 3913 1166 3969 semper
1192 3897 1383 3953 cadum
1409 3895 1650 3951 clamans
1678 3908 1739 3949 se
1767 3891 1959 3947 Domi-

368 4014 496 4054 num
519 3996 737 4059 habere,
768 4002 823 4049 et
850 3991 952 4047 hoc
981 3991 1287 4046 universum
1310 4003 1430 4044 esse
1450 3984 1728 4056 cujusdam
1754 3983 1960 4054 opiﬁcis

371 4091 460 4164 (de
505 4086 707 4144 mundo
750 4084 999 4157 loquor);
1031 4094 1087 4139 et.
1110 4081 1298 4138 dicunt
1325 4080 1545 4152 quidam
1577 4094 1685 4135 non
1716 4080 1787 4132 ita
1814 4091 1955 4132 esse.

365 4183 495 4252 Quae
532 4180 674 4236 circa
721 4175 1065 4233 Theodormn
1114 4188 1256 4227 anno
1299 4171 1546 4242 proximo
1593 4174 1742 4239 gesta
1792 4176 1956 4234 sunt,

367 4289 525 4345 quem
557 4286 663 4326 nou
714 4263 1221 4338 obstupefecerant?
1247 4263 1316 4319 Et
1354 4271 1535 4317 tamen
1565 4260 1700 4316 nihil
1731 4258 1960 4329 amplius

368 4365 563 4420 factum
582 4370 686 4430 est,
712 4360 805 4417 sed
823 4358 890 4415 ad
915 4366 1123 4427 tempus
1153 4356 1225 4426 pii
1253 4355 1455 4420 cﬁ‘ecﬁ,
1487 4368 1553 4409 eo
1582 4352 1781 4407 reversi
1811 4358 1956 4414 sunt,

367 4456 508 4510 unde
531 4455 781 4524 pietatem
805 4450 1057 4506 inierant.
1090 4448 1201 4502 [loc
1218 4446 1381 4502 etiam
1409 4444 1649 4500 Hebraeis
1677 4453 1805 4498 tunc
1831 4456 1962 4497 con-

372 4550 487 4619 tigit
518 4567 531 4603 :
556 4546 676 4602 ideo
703 4544 913 4603 diccbat
940 4542 1237 4614 propheta:
1263 4539 1392 4596 Cum
1410 4539 1657 4593 occideret
1682 4554 1786 4604 eos,
1817 4553 1960 4608 qua:-

373 4642 550 4695 rcbant
587 4654 721 4703 eam,
759 4646 807 4692 et
846 4636 1220 4689 revertebantur
1260 4641 1306 4685 et
1335 4630 1565 4686 diluculo
1595 4628 1857 4684 veniebant
1892 4627 1960 4681 ad

374 4733 531 4787 Deum
563 4728 756 4801 (.Psal.
796 4728 885 4782 77.
917 4723 1044 4798 5i).
1080 4722 1287 4793 Ecquid
1317 4729 1530 4793 oportet
1571 4719 1844 4791 generalia
1871 4718 1961 4775 illa

373 4800 649 4892 proferre?
677 4828 809 4891 quot
836 4819 888 4873 in
931 4817 1150 4872 morbos
1186 4812 1526 4870 inciderunt?
1554 4800 1689 4883 quot
1733 4826 1957 4883 surgen'

370 4925 449 4969 tes
488 4911 706 4984 polliciti
759 4919 885 4966 sunt
911 4925 971 4965 se
1002 4923 1181 4963 mores
1210 4908 1265 4962 in
1309 4908 1501 4962 melius
1546 4913 1863 4973 mutaturos,
1908 4913 1965 4961 et

373 5021 550 5064 tamen
592 5004 753 5061 iidem
785 5005 888 5074 ipsi
918 5003 1270 5058 manserunt?
1315 5002 1425 5056 lloc
1464 5001 1697 5056 maxime
1727 5000 1965 5056 ostendit

373 5102 528 5158 nubis
556 5097 853 5154 naturalem
883 5105 1123 5152 nostram
1166 5094 1376 5150 arbitrii
1408 5095 1733 5159 libertatem,
1764 5110 1959 5165 repen-

369 5196 476 5249 tina
507 5207 700 5262 nempe
726 5189 975 5246 mutatio.
1023 5188 1154 5244 Nam
1200 5188 1245 5242 si
1283 5187 1543 5242 naturalia
1576 5187 1717 5242 mala
1754 5194 1960 5253 essent,

368 5288 595 5359 libertas,
628 5299 735 5339 non
770 5292 915 5337 esset
954 5297 967 5332 :
1000 5294 1118 5351 quae
1148 5280 1294 5335 enim
1323 5294 1391 5336 ex
1421 5289 1612 5334 natura
1641 5288 1694 5333 et
1720 5278 1963 5334 necessi-

370 5393 477 5438 tate
507 5381 674 5445 ﬁunt,
703 5368 914 5433 mutare
953 5388 1059 5428 non
1102 5388 1408 5443 possumus.
1461 5372 1621 5443 Atqui
1653 5378 1962 5438 mutamnr,

368 5473 598 5545 inquies.
633 5471 825 5525 Annon
856 5465 1101 5522 videmus
1128 5464 1396 5520 interdum
1428 5478 1524 5520 eos
1548 5504 1564 5532 ,
1592 5463 1684 5535 qui
1711 5476 1742 5517 a
1775 5469 1965 5519 natura

431 5606 505 5666 (α)
523 5613 659 5654 ttunc
696 5607 848 5653 terra:
872 5607 1057 5650 motum
1074 5635 1088 5659 ,
1111 5599 1198 5666 qui
1220 5611 1348 5666 anno
1370 5600 1597 5666 proximo
1613 5634 1629 5658 ,
1647 5609 1839 5666 nempe
1873 5596 1988 5666 599,

367 5660 636 5725 acciderat,
660 5678 796 5727 saepe
840 5669 1096 5713 memorat.
1130 5660 1206 5711 Ea
1247 5660 1315 5710 de
1357 5660 1416 5710 re
1438 5661 1488 5710 iu
1507 5660 1617 5712 Vita
1640 5660 1967 5724 Chrysostomi

371 5733 774 5850 navigiorum
799 5791 1089 5836 enarrantur
1114 5785 1162 5835 in
1183 5781 1363 5835 Homil.
1380 5782 1445 5834 de
1468 5791 1512 5834 s.
1540 5783 1732 5850 Babyla,
1758 5792 1890 5836 Tom.
1909 5785 1962 5848 2,

367 5850 459 5902 col.
489 5849 578 5903 ’561
607 5856 659 5900 et
681 5861 789 5912 seq.

1118 381 1167 441 S.
1214 378 1489 438 JOANNIS
1536 373 2008 434 CllRYSOSTOMI
2047 375 2369 432 ARCIIIISP.
2409 374 2936 435 CONSTANTINOP.

3549 373 3658 429 292

2070 491 2274 547 habent
2316 499 2373 544 nt
2416 491 2668 560 videant,
2700 510 2810 564 prae
2852 503 3000 550 metu
3026 493 3367 550 cxcmcatosl
3393 491 3656 561 Quoniam

2069 584 2201 638 illud
2241 592 2444 639 natura:
2473 592 2590 652 est,
2635 593 2692 639 ut
2716 586 3073 655 reprimatnr,
3118 594 3458 642 cum'natura
3488 585 3656 641 altera

2066 674 2286 730 advenit
2330 692 2345 730 :
2394 675 2467 730 ita
2522 676 2816 731 secundum
2859 687 3104 734 naturam
3153 686 3395 735 nostram
3449 685 3549 740 est,
3603 687 3659 731 ut

2067 770 2337 840 perterriti
2387 784 2494 825 non
2536 770 2831 826 videamus.
2887 770 3193 829 Secundum
3237 780 3484 826 naturam
3532 771 3656 825 item

2067 871 2171 928 est,
2200 873 2258 919 ut
2283 862 2488 932 majore
2515 861 2835 918 adveniente
2855 872 3021 930 metu,
3053 864 3188 920 alter
3219 872 3395 919 metus
3419 862 3656 918 recedat.

2067 951 2205 1024 Quid
2233 954 2414 1026 igitur.
2446 954 2655 1026 inquies
2676 996 2693 1022 ,
2721 954 2765 1009 si
2791 957 3141 1025 temperantia
3171 954 3465 1011 secundum
3496 962 3659 1009 natu-

2069 1062 2183 1100 ram
2224 1047 2315 1114 sit,
2370 1054 2428 1102 et
2468 1056 2645 1102 metus
2687 1046 3024 1102 invalescens
3062 1047 3208 1102 illam
3254 1046 3474 1116 ejiciat?
3520 1044 3658 1113 Quid

2069 1140 2264 1209 igitur,
2304 1140 2349 1195 si
2376 1139 2667 1195 ostendero
2690 1181 2706 1205 ,
2736 1154 2806 1195 ne
2842 1139 3055 1211 quidem
3098 1147 3225 1196 tunc
3251 1141 3511 1212 quosdam
3538 1138 3689 1196 esse

2071 1241 2453 1302 temperantes,
2482 1231 2576 1287 sed
2606 1232 2658 1287 in
2679 1241 2823 1287 metu
2854 1231 3016 1286 etiam
3046 1231 3352 1302 petulantes
3378 1231 3536 1286 esse?
3560 1231 3662 1286 hoc

2069 1325 2311 1380 naturale
2339 1341 2446 1379 non
2496 1333 2596 1380 est.
2630 1326 2717 1381 An
2759 1332 2940 1382 vetera
2981 1324 3196 1381 dicam?
3220 1341 3288 1380 an
3318 1325 3495 1380 nova?
3519 1324 3657 1392 Quot

2069 1418 2123 1474 in
2151 1418 2267 1485 ipso
2296 1417 2488 1472 timore
2504 1425 2821 1473 manserunt
2848 1417 3112 1486 ridentes,
3137 1425 3193 1473 et
3222 1417 3356 1473 nihil
3382 1418 3489 1471 tale
3510 1417 3653 1491 passi

2069 1510 2232 1565 sunt?
2260 1510 2371 1575 Dic,
2393 1524 2595 1579 qmeso,
2627 1508 2837 1581 Pharao
2866 1524 3045 1565 nonne
3073 1509 3254 1565 statim
3279 1518 3513 1564 mutatus
3545 1517 3659 1575 est,

2068 1611 2123 1659 et
2149 1602 2216 1657 ad
2247 1602 2521 1672 pristinam
2562 1602 2792 1657 recurrit
2819 1600 3158 1672 nequitiam?
3188 1600 3300 1655 Hoc
3327 1610 3507 1654 autem
3534 1598 3654 1655 loco

2068 1692 2443 1760 dtemoniacis,
2494 1691 2738 1763 quamvis
2777 1693 2879 1763 ipsi
2907 1707 3015 1747 non
3048 1692 3381 1763 ignorarent,
3409 1691 3660 1746 dixerunt

2069 1786 2383 1856 simpliciter
2411 1803 2424 1840 :
2463 1784 2563 1840 Per
2589 1783 2769 1839 Iesum
2796 1784 3096 1857 adjuramus
3120 1801 3207 1840 vos
3227 1825 3241 1849 ,
3279 1800 3426 1856 quem
3466 1782 3659 1854 praedi-

2070 1895 2149 1938 cat
2172 1883 2368 1938 Paulus
2395 1897 2413 1937 :
2436 1896 2607 1951 perea
2633 1881 2799 1946 enim,
2820 1895 2939 1951 quae
2964 1879 3314 1949 respondent,
3344 1880 3489 1949 ipsos
3514 1877 3653 1933 scire

2070 1976 2346 2047 probatur.
2391 1972 2575 2029 Jesum
2617 1988 2748 2028 vero
2793 1971 2979 2027 dicunt
3020 1971 3096 2026 illi
3143 1969 3480 2041 simpliciter,
3530 1983 3654 2022 cum

2070 2068 2394 2138 eportuisset
2449 2066 2654 2134 dicere,
2709 2065 3051 2122 Servatorem
3091 2063 3298 2129 mundi,
3334 2062 3427 2133 qui
3480 2076 3663 2117 resur-

2069 2161 2216 2216 rexit
2255 2176 2269 2213 :
2311 2158 2406 2214 sed
2449 2158 2742 2214 noluerunt
2787 2157 3032 2213 conﬁteri
3074 2156 3300 2228 gloriam
3349 2155 3488 2226 ejus.
3538 2154 3671 2211 Ideo

2070 2255 2341 2325 redarguit
2390 2254 2510 2309 illos
2549 2252 2786 2318 daemon,
2816 2250 3060 2307 insiliens
3100 2251 3153 2306 in
3192 2262 3288 2306 eos
3316 2251 3611 2320 diceusque
3645 2267 3658 2303 :

2067 2346 2246 2402 .Iesum
2273 2345 2408 2412 novi,
2448 2354 2498 2399 et
2543 2342 2763 2397 Paulum
2792 2344 2936 2410 scio;
2977 2356 3042 2398 ac
3081 2342 3127 2398 si
3153 2342 3379 2409 diceret,
3419 2341 3528 2397 Vos
3554 2357 3661 2395 non

2070 2437 2309 2504 creditis,
2336 2434 2431 2491 sed
2463 2434 2554 2490 illo
2586 2434 2867 2490 abutentes
2893 2433 3112 2489 nomine
3148 2432 3252 2488 hoc
3274 2432 3471 2488 dicitis.
3502 2431 3664 2502 Igitur

2071 2532 2341 2584 desertum
2374 2525 2631 2597 templum
2655 2533 2738 2580 est
2760 2566 2776 2593 ,
2806 2534 3110 2596 expugnato
3138 2523 3310 2579 facilia
3340 2538 3491 2580 arma
3520 2540 3533 2576 :
3566 2523 3665 2577 ita-

2070 2635 2176 2691 que
2217 2635 2327 2675 non
2368 2619 2500 2676 estis
2531 2632 2809 2690 praecones
2840 2659 2856 2684 ,
2886 2617 3077 2687 inquit,
3109 2615 3207 2672 sed
3237 2614 3340 2670 mei
3367 2613 3519 2670 estis.
3547 2612 3662 2667 Ma-

2069 2725 2207 2784 gnus
2236 2709 2388 2766 furor
2407 2709 2688 2766 daemonis.
2716 2708 3027 2765 Potuissent
3046 2706 3163 2762 haec
3188 2706 3417 2777 apostoli
3441 2703 3620 2760 facere
3641 2742 3660 2772 ,

2071 2805 2167 2862 sed
2225 2806 2443 2861 interim
2494 2818 2601 2861 non
2651 2802 2939 2858 faciebant.
2996 2800 3131 2857 Nam
3183 2800 3274 2871 qui
3326 2799 3665 2869 imperabant

2071 2898 2176 2953 illis
2215 2938 2230 2965 ,
2287 2898 2378 2967 qui
2433 2895 2558 2951 talia
2602 2895 2655 2951 in
2702 2895 2849 2965 ipsos
2878 2892 3263 2964 operabantur,
3293 2892 3465 2947 multo
3488 2890 3663 2962 magis

2071 2989 2201 3061 ipsis
2256 2991 2633 3060 imperassent.
2703 2985 2839 3043 Vide
2912 2985 3186 3058 quomodo
3229 2985 3444 3040 illorum
3506 2998 3663 3039 man-

2069 3080 2300 3138 snetudo
2365 3088 2698 3136 monstratur
2728 3121 2744 3149 ,
2790 3079 2934 3151 quod
2983 3078 3110 3148 illi,
3167 3078 3256 3150 qui
3302 3077 3664 3149 pellebantur,

2071 3173 2193 3228 talia
2224 3172 2518 3239 iaciebant;
2551 3172 2827 3228 daemones
2865 3187 2997 3229 vero
3023 3213 3041 3240 ,
3081 3172 3278 3243 quibus
3320 3171 3662 3236 serviebant,

2068 3265 2362 3321 contraria.
2404 3263 2621 3333 Iesum,
2685 3263 2898 3335 inquit,
2956 3265 3094 3320 novi.
3154 3264 3301 3336 Ergo
3362 3263 3666 3321 crubescite

2069 3373 2186 3427 vos,
2209 3359 2299 3429 qui
2322 3358 2470 3414 illum
2491 3356 2768 3428 ignoratis.
2803 3356 2864 3411 Et
2885 3356 3107 3412 Paulum
3125 3358 3251 3413 scio.
3276 3358 3343 3412 Et
3367 3358 3471 3415 hoc
3494 3357 3663 3425 bene;

2068 3462 2292 3510 noverat
2335 3453 2480 3509 enim
2511 3453 2605 3508 Dei
2657 3466 2779 3508 esse
2825 3467 3151 3522 praeconem.
3182 3451 3388 3509 Deinde
3416 3452 3585 3507 insilit
3611 3451 3665 3506 in

2067 3559 2182 3612 eos,
2207 3553 2262 3601 et
2290 3553 2471 3601 vestes
2498 3543 2798 3611 dilacerat;
2827 3543 2963 3617 aclsi
2988 3558 3086 3615 per
3104 3557 3270 3614 opera
3295 3543 3499 3600 diceret
3524 3543 3662 3599 illis:

2067 3635 2144 3691 Ne
2172 3635 2372 3706 putetis
2398 3650 2486 3692 me
2515 3634 2639 3690 ideo
2666 3634 2718 3691 id
2746 3633 2946 3703 facere,
2974 3634 3118 3707 quod
3149 3633 3273 3690 illos
3297 3643 3662 3690 contemnam.

2067 3726 2291 3798 Magnus
2322 3727 2485 3782 timor
2521 3725 2804 3783 daemonis.
2839 3726 2908 3781 Et
2931 3742 3029 3782 cur
3052 3740 3161 3782 non
3192 3726 3311 3782 sine
3336 3726 3519 3782 verbis
3548 3725 3665 3782 istis

2067 3828 2244 3876 veStes
2268 3834 2454 3875 eorum
2484 3817 2739 3874 discidit?
2768 3817 2840 3872 ita
2870 3818 3014 3872 enim
3041 3826 3097 3873 et
3124 3816 3363 3873 furorem
3392 3817 3667 3889 implevis-

2066 3922 2169 3978 set,
2192 3922 2247 3968 et
2269 3926 2514 3967 errorem
2537 3911 2830 3966 statuisset.
2863 3909 3129 3976 Timebat,
3163 3920 3222 3964 ut
3247 3909 3383 3977 dixi,
3415 3911 3661 3967 inacces-

2065 4020 2181 4061 sam
2224 4010 2546 4074 potestatem
2574 4018 2587 4055 :
2610 4008 2665 4055 et
2684 4015 2790 4055 non
2816 4008 3022 4056 tantum
3050 3999 3329 4068 potuisset,
3361 4000 3406 4054 si
3431 3999 3534 4054 hoc
3555 4015 3663 4055 non

2065 4096 2308 4151 dixisset.
2342 4092 2475 4148 Vide
2504 4091 2702 4162 ubique
2726 4091 3001 4148 daemones
3028 4092 3296 4162 gratiores
3320 4132 3337 4158 ,
3367 4107 3527 4163 quam
3563 4092 3659 4147 Ju-

2065 4186 2245 4251 dazos,
2272 4197 2373 4239 nec
2399 4182 2662 4239 audentes
2692 4180 3064 4238 contradicere
3084 4221 3099 4247 ,
3128 4181 3211 4235 vel
3242 4195 3502 4237 accusare
3531 4198 3662 4255 apo-

2066 4276 2234 4332 stolos
2256 4319 2271 4343 ,
2302 4291 2478 4346 neque
2502 4274 2800 4330 Christum.
2835 4273 2948 4328 Illic
2984 4272 3172 4328 dicunt
3201 4292 3215 4327 :
3244 4273 3449 4330 Scimus
3479 4284 3528 4330 te
3554 4278 3667 4348 quis

2067 4369 2178 4433 sis;
2208 4378 2298 4433 et,
2347 4365 2450 4421 Cur
2501 4367 2678 4421 uenisti
2728 4365 2825 4420 huc
2868 4373 2987 4420 ante
3042 4375 3242 4435 tempus
3292 4375 3527 4436 torquere
3578 4384 3667 4422 uos

2069 4458 2283 4529 (Matth.
2315 4458 2369 4514 8.
2414 4457 2564 4531 29);
2601 4466 2658 4514 et
2694 4472 2930 4524 rursum,
2979 4457 3102 4515 Scio
3145 4467 3194 4513 te
3229 4459 3344 4528 quis
3371 4459 3461 4524 sis,
3493 4458 3665 4514 Filius

2070 4549 2167 4605 Dei
2195 4549 2386 4620 (Marc.
2420 4551 2471 4605 1.
2512 4550 2606 4621 24)
2638 4568 2651 4602 :
2684 4549 2772 4605 hic
2798 4565 2928 4605 vero
2953 4591 2968 4617 ,
3020 4549 3095 4605 Hi
3135 4550 3364 4605 homines
3408 4552 3538 4605 servi
3569 4550 3661 4605 Dei

2069 4640 2258 4696 excelsi
2281 4651 2400 4696 sunt
2433 4641 2571 4713 (Act.
2604 4642 2691 4697 16.
2720 4642 2785 4696 17
2804 4639 2861 4714 );
2889 4650 2945 4697 et
2972 4656 3210 4711 rursum,
3240 4641 3416 4697 Iesum
3450 4641 3586 4705 novi,
3614 4652 3661 4695 et

2074 4732 2294 4786 Paulum
2321 4732 2445 4786 scio.
2473 4731 2695 4787 Multum
2725 4732 2870 4787 enim
2899 4733 3255 4789 formidabant
3283 4743 3337 4789 ct
3368 4732 3663 4788 tremebant

2070 4833 2288 4880 sanctos
2315 4825 2457 4879 illos.
2487 4824 2652 4881 Forte
2674 4826 2795 4896 quis
2820 4835 3057 4880 vestrum
3081 4826 3330 4893 audiens,
3357 4827 3504 4896 cupit
3528 4826 3669 4882 hanc

2070 4917 2268 4972 habere
2307 4924 2651 4988 potestatem,
2701 4925 2758 4971 ut
2801 4932 2870 4973 ne
2912 4918 3089 4973 ausint
3133 4917 3351 4989 quidem
3394 4918 3671 4973 daemones

2068 5010 2327 5065 adversus
2379 5007 2528 5063 illum
2587 5009 2881 5079 respicere,
2934 5020 2989 5065 et
3040 5020 3259 5065 sanctos
3311 5010 3434 5066 illos
3488 5025 3551 5067 ea
3600 5011 3671 5066 de

2069 5118 2229 5159 causa
2263 5103 2446 5157 beatos
2470 5102 2753 5172 prtedicat,
2786 5104 2910 5173 quia
2939 5111 3139 5159 tantam
3162 5103 3400 5160 habuere
3431 5112 3671 5174 potesta-

2071 5206 2201 5251 tem.
2239 5193 2346 5249 Sed
2377 5195 2561 5249 audiat
2589 5194 2862 5250 Christum
2898 5195 3202 5251 dicentem:
3229 5195 3405 5252 Nolite
3424 5197 3667 5268 gaudere,

2070 5290 2191 5359 quia
2233 5286 2488 5342 daemonia
2514 5286 2654 5341 vobis
2682 5284 3019 5357 subjiciuntur
3066 5286 3218 5358 (Luc.
3253 5287 3342 5343 10.
3369 5287 3463 5358 20)
3493 5305 3508 5355 ;
3543 5288 3664 5357 quia

2074 5379 2280 5434 sciebat
2305 5391 2497 5434 omnes
2525 5377 2772 5432 homines
2798 5379 2869 5434 ob
2912 5393 3107 5434 vanam
3145 5381 3370 5450 gloriam
3403 5395 3466 5435 ea
3512 5379 3581 5434 de
3612 5394 3668 5433 re

2073 5473 2308 5528 maxime
2355 5471 2638 5543 gavisuros
2675 5486 2818 5527 esse.
2863 5471 2998 5527 Nam
3039 5474 3085 5528 si
3134 5473 3210 5540 id,
3240 5471 3383 5543 quod
3412 5473 3667 5543 placitum

2074 5565 2186 5621 Deo
2207 5572 2329 5633 est,
2356 5564 2554 5635 quaeris
2578 5607 2594 5633 ,
2623 5573 2679 5620 et
2706 5564 2849 5635 quod
2879 5566 2935 5621 in
2978 5570 3249 5622 communi
3279 5566 3537 5635 prodest,
3564 5566 3665 5620 alia

2073 5657 2246 5727 major
2282 5665 2366 5713 est
2395 5657 2500 5713 via.
2542 5656 2660 5713 Non
2690 5657 2759 5713 ita
2790 5673 3039 5728 maguum
3070 5667 3151 5714 est
3197 5673 3228 5713 a
3259 5659 3505 5714 daemone
3533 5658 3666 5712 Iibe-

2075 5751 2180 5804 rari
2200 5788 2218 5815 ,
2247 5755 2309 5803 ut
2351 5764 2382 5803 a
2413 5758 2658 5819 peccato.
2693 5749 2917 5805 Danaen
2949 5765 3057 5804 non
3102 5748 3348 5820 impedit,
3380 5750 3667 5820 quominus

2078 5856 2305 5913 regnum
2333 5842 2589 5900 caelorum
2620 5857 3049 5915 consequamur;
3078 5844 3188 5902 imo
3214 5854 3557 5917 cooperator,
3588 5843 3665 5899 in-
