4112 6440
346 418 444 474 291

347 532 457 602 γὰρ
504 529 540 599 ἡ
604 520 917 596 ἀνθρωπίνη
971 516 1168 590 φύσις*
1219 511 1429 585 ταχέως
1485 506 1902 564 ἐπιλανθάνεται
1949 498 2025 557 ῶν

347 623 740 697 εὐεργετεῖται.

423 693 494 773 “il
517 717 579 771 οὐ
604 711 909 787 μέμνησθε,
937 710 1023 763 ὅτι
1049 706 1144 762 καὶ
1192 704 1287 759 ἐπὶ
1320 702 1431 757 τῶν
1454 698 1578 754 καθ’
1614 700 1647 769 ἡ
1658 699 1765 770 μᾶς
1800 693 2029 765 γενομέ-

350 832 458 870 νων
486 812 550 866 τὺ
576 809 709 865 αὐτὸ
736 806 894 861 τοῦτο
939 803 1195 873 γέγονεν;
1247 796 1387 853 Είπέ
1418 796 1528 866 γάρ
1557 811 1648 864 μοι
1669 832 1684 857 ,
1705 793 1768 846 οὐ
1800 791 2031 862 πέρυσιν

353 908 598 975 ἐτίναξεν
628 907 658 958 6
685 903 819 966 Θεὸς
838 902 938 973 τὴν
974 898 1132 952 πόλιν
1164 895 1375 957 πᾶσανς
1408 891 1472 944 Τί
1512 890 1636 955 δαίς
1667 887 1789 958 οὐχί
1831 885 2031 949 πάντες

355 1007 448 1060 ἐπὶ
474 1002 537 1056 τὸ
562 1000 819 1072 φώτισμα
856 996 1124 1067 έδραμον;
1163 990 1284 1061 οὐχὶ
1312 988 1501 1060 πόρνοι
1528 984 1627 1039 καὶ
1664 979 1899 1055 μαλακοὶ
1938 979 2034 1072 καὶ

357 1065 766 1168 διεφθαρμένοι,
790 1065 1065 1161 οἰκήματα
1096 1084 1328 1156 ἀφέντες
1355 1081 1450 1136 καὶ
1481 1080 1608 1143 τοὺς
1624 1077 1821 1139 τόπους
1857 1074 1916 1127 ἐν
1951 1065 2033 1137 οἷς

358 1192 662 1266 διέτριϐον,
738 1184 1140 1259 μετετέθησαν,
1210 1178 1308 1233 καὶ
1374 1174 1665 1245 γεγόνασιν
1739 1168 2031 1234 εὐλαϐεῖςς

372 1263 593 1359 Ἐπειδὴ
646 1285 706 1339 δὲ
753 1284 903 1354 τρεῖς
952 1278 1157 1351 ἡμέραι
1222 1270 1533 1345 παρῆλθον,
1585 1266 1750 1322 πάλιν
1798 1264 1889 1317 ἐπὶ
1935 1263 2036 1334 τὴν

362 1382 566 1437 οίκείαν
623 1375 925 1446 ἐπανῆλθον
971 1371 1191 1426 κακίαν.
1248 1366 1421 1421 Πόθεν
1475 1364 1533 1418 δέ
1587 1362 1745 1416 τοῦτο
1789 1361 2035 1430 γίνεται;

375 1475 509 1530 Ἀπὸ
544 1475 645 1546 τῆς
671 1470 872 1540 πολλῆς
926 1465 1177 1526 νωθείας.
1224 1461 1329 1515 Καὶ
1375 1459 1430 1513 τί
1475 1455 1809 1529 θαυμαστὸν,
1846 1456 1895 1508 εί
1924 1453 2034 1507 τῶν

367 1566 711 1639 πραγμάτων
743 1560 1123 1635 παρελθόντων
1142 1598 1158 1626 ,
1197 1558 1333 1611 ὅπου
1362 1572 1427 1624 γε
1454 1552 1563 1607 τῶν
1591 1551 1815 1605 εἰκόνων
1855 1548 2038 1620 διηνε-

372 1665 484 1728 κῶς
518 1660 786 1736 μενουσῶν
814 1659 875 1713 τὸ
907 1656 1042 1711 αὐτὸ
1086 1655 1329 1725 γίνεται;
1386 1651 1468 1705 Τά
1509 1651 1567 1704 ἐν
1616 1648 1891 1720 Σοδόμοις,
1916 1644 2041 1699 είπέ

380 1780 494 1835 μοι,
519 1760 637 1830 οὐχὶ
664 1756 891 1829 διηνεκῆ
934 1752 1222 1823 τυγχάνει;
1258 1748 1325 1802 Τί
1345 1743 1475 1813 οῦν;
1525 1747 1576 1799 οί
1624 1741 2044 1817 προσοικοῦντες

376 1832 484 1912 ἀπὸ
506 1853 705 1909 τούτων
733 1850 990 1921 γεγόνασι
1032 1843 1311 1917 βελτίους;
1347 1839 1633 1911 Οὐδαμῶς.
1673 1838 1738 1890 Τί
1772 1836 1863 1890 δαὶ
1894 1837 1923 1889 6
1949 1832 2045 1888 τοῦ

376 1947 497 2002 Νῶε
553 1946 701 2014 υίός;
760 1944 882 2014 οὐχὶ
942 1938 1179 2002 τοιοῦτος
1228 1932 1331 2008 ἦν;
1397 1933 1519 2006 οὐχὶ
1558 1934 1616 1986 ἐν
1650 1930 1806 2002 ὄψεσι
1836 1929 2048 2001 βλέπων

373 2043 608 2116 ἐρημίαν
628 2037 899 2109 τοσαύτην
941 2034 1114 2099 κακὸς
1155 2026 1258 2104 ἦν;
1293 2028 1386 2100 Μὴ
1413 2026 1477 2099 δὴ
1520 2024 1891 2097 θαυμάζωμεν
1928 2022 2047 2087 πῶς

373 2138 474 2192 οὐκ
514 2134 845 2187 ἐπίστευσαν
899 2127 1106 2182 τούτων
1159 2122 1489 2195 γενομένων,
1547 2121 1684 2175 ὅπου
1738 2134 1803 2186 γε
1844 2116 1982 2188 αὐτὴ
2012 2119 2047 2188 ἡ

377 2232 562 2292 πίστις
591 2226 855 2288 πολλάκις
882 2225 962 2287 είς
980 2221 1293 2276 τούναντίον
1315 2216 1500 2279 αὐτοῖς
1525 2213 1939 2287 περιτρέπεται,
1972 2214 2052 2277 εἰς

378 2327 576 2382 κακίαν
595 2342 610 2355 ·
647 2319 761 2376 οἷον
790 2321 866 2383 ὡς
885 2321 1016 2373 ὅταν
1057 2312 1398 2388 δαιμονῶντα
1437 2309 1641 2379 λέγωσι
1668 2309 1762 2362 τὸν
1790 2308 1918 2361 Υίὸν
1955 2306 2051 2361 τοῦ

376 2419 532 2477 Θεοῦ.
584 2418 658 2471 ’Π
698 2415 800 2486 οὐχ
850 2412 1015 2484 δρᾶτε
1063 2411 1158 2465 καὶ
1213 2409 1310 2463 νῦν
1380 2405 1556 2460 ταῦτα
1612 2402 1906 2473 γινόμενα,
1960 2401 2055 2455 καὶ

377 2517 627 2590 ὀφιώδεις
665 2509 988 2584 ἀνθρώπους
1037 2508 1199 2571 ὄντας
1239 2503 1491 2571 πολλοὺς,
1542 2502 1807 2564 ἀπίστους
1853 2515 1913 2552 τε
1959 2496 2056 2551 καὶ

379 2610 726 2684 ἀγνώμονας,
772 2606 822 2660 οἳ
849 2606 945 2660 καὶ¹
972 2604 1115 2659 κατὰ
1146 2601 1246 2666 τάς
1293 2601 1457 2672 ἔχεις,
1507 2600 1637 2654 ὅταν
1673 2594 2057 2651 ἀπολαύσωσιν

379 2708 742 2784 εὐεργεσίας,
786 2704 883 2759 καὶ
938 2698 1249 2771 θαλφθῶσιν
1282 2697 1386 2752 ύπό
1420 2713 1604 2763 τινων,
1663 2694 1783 2748 τότε
1825 2688 2056 2745 λυποῦσι

381 2808 508 2871 τοὺς
541 2802 871 2875 εὐεργέτας;
906 2796 1093 2852 Ταῦτα
1123 2796 1256 2868 ἡμῖν
1300 2794 1535 2868 εἴρηται,
1577 2791 1666 2845 ῐνα
1704 2789 1886 2861 μήτις
1924 2786 2059 2840 θαυ-

352 2901 540 2976 ,μάζῃ
598 2897 717 2961 πῶς
765 2893 1023 2950 τοιούτων
1082 2889 1327 2963 σημείων
1384 2887 1691 2960 γενομένων
1756 2885 1816 2940 οὐ
1856 2884 2059 2947 πάντες

386 2992 755 3066 ἐπέστρεψαν.

455 3190 528 3257 γ’.
562 3183 691 3240 Ἰδοὺ
708 3181 818 3253 γάρ
833 3177 1051 3235 ἐπὶτῶν
1068 3179 1277 3251 καιρῶν
1295 3177 1403 3233 τῶν
1425 3173 1706 3249 ἡμετέρων
1723 3171 1793 3228 τὰ
1815 3168 1956 3226 κατά
1975 3168 2063 3224 τὸν

395 3279 667 3353 μακάριον
689 3276 941 3334 Βαϐύλαν
959 3274 1171 3345 γέγονε,
1186 3274 1339 3348 [512]
1356 3273 1425 3328 τά
1444 3272 1587 3327 κατά
1608 3270 1678 3325 τά
1694 3268 1959 3342 Ἱεροσόλυ
1967 3282 2067 3338 μα,

390 3376 461 3429 τά
496 3374 640 3430 κατὰ
671 3374 773 3445 τὴν
803 3371 1124 3442 καθαίρεσιν
1162 3370 1271 3424 τῶν
1297 3367 1481 3441 ίερῶν,
1511 3367 1607 3422 καλ⁵
1646 3365 1706 3420 οὐ
1748 3363 1950 3427 πάντες
1979 3363 2073 3415 ἐπ-

393 3469 757 3543 έστρεψαν.Τί
770 3468 851 3522 δεῖ
870 3468 939 3521 τά
950 3466 1159 3521 παλαιά
1173 3466 1370 3536 λέγειν;
1388 3465 1622 3535 Πέρυσιν
1640 3457 1793 3516 εἷπον
1809 3460 1939 3531 ὑμῖν
1959 3452 2071 3513 οἷον

393 3567 614 3637 γέγονε,
646 3564 743 3619 καὶ
764 3564 942 3627 οὐδεὶς
970 3560 1297 3633 προσέσχεν,
1343 3558 1478 3613 ἀλλά
1499 3556 1665 3612 πάλιν
1691 3554 1834 3609 κατά
1876 3553 2072 3624 μικρὸν

396 3664 752 3738 ὐπερῤύησαν
780 3663 876 3717 καὶ
916 3660 1237 3716 κατέπεσον.
1276 3656 1519 3727 Ἔστηκε
1550 3651 1815 3725 διηνεκῶς
1842 3653 1871 3706 6
1909 3651 2074 3721 οὐρα-

397 3764 489 3828 νὸς
519 3762 679 3835 βοῶν,
710 3761 794 3815 ὅτι
844 3756 1110 3828 δεσπότην
1174 3753 1310 3825 ἔχει,
1344 3751 1439 3805 καὶ
1486 3747 1730 3821 τεχνίτου
1781 3745 1925 3810 τινός
1960 3748 2077 3799 ἐστι

400 3858 519 3913 τόδε
547 3856 607 3911 τὸ
630 3856 739 3911 πᾶν
771 3853 897 3925 (τὸν
932 3852 1139 3922 κόσμον
1161 3847 1365 3919 λέγω),
1411 3846 1506 3901 καὶ
1536 3842 1751 3914 λέγουσί
1800 3858 1967 3906 τινες,
1994 3843 2077 3895 ὅτι

407 3954 543 4025 οὐχί.
580 3953 663 4007 Τά
706 3949 848 4005 κατά
895 3948 1170 4019 Θεόδωρον
1220 3946 1427 4000 ἐκεῖνον
1474 3939 1818 4012 γεγενημένα
1857 3938 2079 4010 πέρυσι,

406 4051 524 4105 τίνα
550 4050 650 4103 οὐκ
671 4044 933 4116 ἐξέπληξε
957 4062 972 4111 ;
1005 4043 1116 4097 Καὶ
1139 4042 1290 4113 ὅμως
1317 4040 1468 4093 οὐδὲν
1490 4036 1653 4092 πλέον
1679 4037 1925 4106 γέγονεν,
1946 4034 2083 4089 ἀλλά

405 4147 543 4220 πρὸς
566 4145 758 4218 καιρὸν
785 4143 1069 4213 γενόμενοι
1111 4139 1384 4203 εὐλαϐεῖς,
1427 4135 1593 4191 πάλιν
1629 4134 1935 4206 ἐπανῆλθον
1958 4132 2083 4186 ὃθεν

405 4242 693 4311 γεγόνασιν
719 4239 987 4301 εὐλαϐεῖς.
1012 4235 1185 4291 Τοῦτο
1216 4235 1312 4290 καὶ
1360 4234 1455 4288 ἐπὶ
1501 4232 1610 4287 τῶν
1647 4229 1917 4302 Ἐϐραίων
1963 4227 2085 4282 τότε

408 4336 610 4408 συνέϐη
628 4353 642 4367 ⁸
670 4335 749 4390 διδ
774 4336 868 4389 καὶ
896 4333 1085 4402 ἔλεγεν
1110 4333 1139 4385 6
1167 4332 1456 4402 προφήτης
1478 4344 1495 4359 ⁸
1517 4328 1702 4382 Ὅταν
1730 4327 2086 4381 ἀπέκτεινεν

410 4432 655 4498 αὐτοὺς,
687 4431 824 4485 τότε
848 4427 1172 4499 ἐξεζήτουν
1198 4425 1409 4492 αὑτὸν,
1440 4423 1540 4479 καὶ
1577 4422 1956 4492 ἐπέστρεφον
1985 4420 2087 4475 καί

408 4527 690 4600 ὤρθριζον
732 4526 882 4594 πρὸς
909 4525 1018 4580 τὸν
1050 4524 1217 4579 Θεόν.
1266 4521 1380 4577 Καὶ
1416 4519 1471 4574 τί
1512 4519 1593 4573 δεῖ
1641 4518 1822 4588 λέγειν
1858 4518 1927 4572 τὰ
1952 4516 2087 4573 καθ-

412 4625 604 4690 ολικά;
640 4620 800 4676 πόσοι
836 4621 1012 4684 νόσοις
1056 4619 1419 4692 περιέπεσον;
1476 4615 1634 4669 πόσοι
1693 4613 2091 4686 ἐπηγγείλαντο

418 4721 748 4783 ἀναστάντες
777 4717 977 4789 πολλὴν
997 4717 1097 4790 τὴν
1133 4714 1437 4788 μεταϐολὴν
1471 4711 1837 4783 ἐργάσασθαι,
1865 4710 1959 4765 καὶ
1981 4708 2087 4765 πά-

424 4816 504 4868 λιν
527 4819 575 4869 οί
624 4814 780 4869 αὐτοὶ
831 4812 1117 4885 γεγόνασι;
1149 4810 1322 4864 Τοῦτο
1367 4807 1603 4880 μάλιστα
1636 4804 1911 4860 δείκνυσιν
1958 4804 2091 4875 ἡμῖν

428 4910 524 4980 τὴν
579 4910 936 4982 προαίρεσιν,
992 4906 1088 4960 καὶ
1135 4904 1235 4976 τὴν
1291 4901 1607 4974 ἐλευθερίαν
1665 4899 1770 4970 τῆς
1816 4897 2093 4971 ἡμετέρας

432 5005 662 5075 φύσεως,
689 5008 723 5077 ἡ
749 5005 921 5076 ἀθρόα
953 5001 1243 5075 μεταϐολή.
1264 5000 1328 5053 Εί
1357 5000 1467 5072 γὰρ
1505 4995 1713 5069 φυσικά
1738 4991 1809 5067 ἦν
1833 4994 1902 5049 τά
1922 4994 2091 5058 κακά,

426 5103 540 5158 οὐδ’
566 5103 631 5157 ἂν
657 5103 788 5175 αὕτη
817 5101 1009 5171 γέγονε
1028 5117 1041 5129 ·
1070 5099 1180 5153 τῶν
1208 5097 1317 5169 γάρ
1346 5095 1491 5151 κατά
1515 5095 1677 5165 φύσιν
1703 5096 1799 5149 καὶ
1846 5091 2092 5163 ἀνάγκην

422 5200 488 5255 οὐ
510 5198 785 5271 δυνάμεθα
824 5194 1211 5269 μεθίστασθαι.
1242 5193 1355 5248 Καὶ
1384 5191 1491 5264 μὴν
1513 5187 1912 5262 μεθιστάμεθα,
1936 5187 2091 5257 φησί.

423 5301 500 5356 Οὐ
523 5299 795 5372 βλέπομεν
813 5297 923 5372 γάρ
950 5312 1106 5360 τινας
1137 5293 1297 5367 φύσει
1325 5292 1425 5365 μέν
1458 5291 1681 5363 ἔχοντας
1717 5288 1965 5360 βλέπειν,
1989 5290 2096 5343 ὐπὸ

419 5395 520 5451 τοῦ
558 5395 726 5465 φόϐου
749 5393 810 5448 δέ
833 5391 1277 5463 τυφλουμένους;
1311 5388 1535 5457 Ἐπειδὴ
1563 5387 1657 5441 καὶ
1694 5385 1852 5441 τοῦτο
1883 5384 2099 5454 φύσεώς

422 5496 544 5548 ἐστι
576 5488 980 5554 συστέλλεσθαι,
1032 5489 1159 5545 ὅταν
1197 5486 1358 5558 φύσις
1400 5485 1561 5557 ἐτέρα
1612 5483 1924 5558 προσέλθῃ·
1958 5483 2099 5537 ὥστε

423 5590 571 5645 κατά
590 5590 752 5661 φύσιν
781 5590 914 5660 ἡμῖν
943 5589 1061 5642 ἐστι
1084 5585 1148 5640 τὸ
1179 5583 1580 5656 πεφοϐημένοις
1603 5581 1679 5655 μὴ
1702 5582 1939 5653 βλέπειν,
1959 5581 2099 5636 κατὰ

426 5686 589 5758 φύσιν
616 5685 674 5740 δὲ
704 5685 801 5739 καὶ
849 5684 933 5749 τὸ,
1000 5682 1241 5755 μείζονος
1289 5679 1737 5753 παραγενομένου
1783 5678 1948 5746 φόϐου
1970 5718 1986 5742 ,
2010 5678 2102 5731 τὸν

423 5786 615 5855 ἕτερον
667 5780 1086 5847 ὑπεξίστασθαι.
1145 5778 1212 5832 Τί
1260 5795 1375 5846 ουν,
1423 5774 1491 5830 ἂν
1536 5776 1630 5829 καὶ
1666 5776 1700 5844 ἡ
1749 5774 2098 5847 σωφροσύνη,

427 5881 587 5954 φησὶ,
614 5878 760 5934 κατὰ
793 5877 893 5948 μέν
921 5875 1083 5947 φύσιν
1119 5868 1194 5950 ᾖ,
1225 5875 1254 5928 6
1281 5873 1338 5926 δὲ
1376 5871 1538 5941 φόϐος
1592 5871 1869 5944 κρατήσας
1898 5868 2102 5938 ταύτην

498 6038 516 6062 ⁸
542 6035 690 6089 Alius
711 6035 777 6098 μὴ
812 6032 1030 6096 φυσικόν.

1403 395 1471 451 ΙΝ
1509 392 1694 449 ACTA
1732 383 2271 445 APOSTOLORUM.
2311 382 2545 441 lIOMlL.
2577 383 2712 439 XLI.

3688 379 3794 433 9.92

2128 500 2369 573 ἐκϐάλῃς
2412 500 2478 553 Τί
2505 496 2620 566 οῦν,
2669 500 2734 554 ἂν
2783 499 2940 566 δείξω
2971 500 3122 566 τινὰς
3154 497 3288 570 μηδὲ
3315 496 3437 551 τότε
3465 491 3793 566 σωφρονιζο-

2130 598 2355 667 μένους,
2377 595 2513 650 ἀλλά
2542 596 2636 651 καὶ
2664 597 2721 649 ἐν
2745 594 2955 661 τούτοις
2981 600 3095 661 τοῖς
3125 596 3309 667 φόϐοις
3340 594 3500 657 ὄντας
3537 590 3761 662 ἰταμούς
3779 629 3794 655 ,

2127 693 2188 747 οὐ
2213 694 2442 764 φυσικὸν
2480 706 2505 735 α
2533 694 2693 748 τοῦτό
2745 695 2913 749 ἐστιν.
2970 696 3123 749 Εἴπω
3168 694 3235 748 τά
3281 692 3518 757 παλαιάς
3551 689 3686 744 ἀλλά
3726 691 3797 743 τὰ

2126 790 2256 857 νέα;
2299 791 2463 844 Πόσοι
2493 791 2558 862 δὴ
2603 792 2660 845 ἐν
2697 790 2882 855 αὐτοῖς
2938 790 3167 853 ἐκείνοις
3221 791 3334 852 τοῖς
3393 786 3581 857 φόϐοις
3634 786 3799 838 ἐναπ-

2127 885 2347 955 έμετναν
2380 884 2665 952 γελῶντες,
2701 884 3078 955 χλευάζοντες,
3110 898 3203 937 και
3223 882 3373 935 οὐδὲν
3407 881 3605 935 ἔπαθον
3624 876 3801 937 τοιοῦ-

2127 995 2253 1045 τον;
2283 976 2419 1030 Είπέ
2448 994 2558 1048 μοι,
2591 976 2835 1049 όΦαραὼ
2861 977 2963 1031 οὐκ
2996 975 3202 1040 εὐθέως
3244 973 3555 1046 μεθίστατο,
3587 973 3681 1026 καὶ
3706 971 3800 1023 ἐπὶ

2126 1073 2224 1146 τὴν
2252 1073 2527 1147 προτέραν
2572 1073 2772 1128 κακίαν
2823 1073 3117 1144 ἀνέτρεχε;
3162 1069 3431 1125 Ἐνταῦθα
3470 1069 3549 1135 δὲ,
3575 1066 3802 1123 ἐπὶτῶν

2128 1171 2198 1225 τά
2244 1171 2496 1241 δαιμόνια
2548 1171 2815 1242 ἐχόντων,
2862 1170 3039 1224 καίτοι
3069 1169 3172 1223 οὐκ
3219 1165 3558 1236 ἀγνοούντων
3596 1164 3801 1230 αὐτῶν,

2131 1265 2522 1338 προσετίθεσαν
2551 1266 2741 1330 ἁπλῶς
2769 1267 2818 1319 οί
2851 1265 3121 1334 λέγοντες.
3167 1261 3278 1316 Τόν
3319 1258 3555 1326 Ἰησοῦν
3577 1256 3803 1328 ὁρκίζο-

2126 1378 2242 1430 μεν
2262 1361 2439 1433 ὑμᾶς,
2487 1363 2560 1418 ὃν
2590 1363 2835 1428 Παῦλος
2875 1360 3201 1431 κηρύσσειο
3255 1357 3324 1410 δι’
3362 1349 3436 1410 ὢν
3465 1355 3578 1426 γὰρ
3608 1354 3807 1409 ἀπολο-

2132 1456 2377 1526 γοῦνται,
2417 1459 2713 1525 δείκνυται,
2760 1459 2844 1512 ὅτι
2880 1456 3049 1509 ἴσασι.
3081 1454 3185 1506 Τὸν
3217 1450 3426 1523 Ἰησοῦν
3457 1449 3514 1502 δὲ
3554 1449 3808 1516 λέγουσιν

2134 1556 2331 1609 ἐκεῖνοι
2365 1554 2574 1619 ἁπλῶς,
2616 1554 2733 1607 δέον
2756 1554 2933 1606 εἰπεῖν
2961 1551 3054 1604 τὸν
3077 1549 3177 1619 τῆς
3199 1546 3524 1616 οἰκουμένης
3554 1543 3808 1612 Σωτῆρα.

2136 1649 2228 1702 τὸν
2249 1649 2560 1703 ἀναστάντα
2581 1663 2595 1676 ·
2636 1645 2764 1700 ἀλλ’
2792 1645 2892 1699 οὐκ
2924 1642 3115 1715 ἤθελον
3150 1639 3487 1711 ὁμολογῆσαι
3516 1635 3614 1707 τὴν
3651 1634 3811 1701 δόξαν

2140 1742 2327 1799 αὐτοῦ.
2362 1742 2453 1796 Διὸ
2481 1742 2574 1795 καὶ
2627 1741 2838 1812 ἐλέγχει
2895 1738 3095 1802 αὐτοὺς
3151 1738 3180 1790 6
3227 1735 3436 1804 δαίμων
3467 1730 3813 1801 ἐπιπηδήσας

2142 1840 2347 1903 αὐτοῖς,
2392 1838 2489 1891 καὶ
2538 1836 2741 1890 εἰπών·
2809 1835 2922 1890 Τὸν
2959 1834 3204 1903 Ἰησοῦν
3247 1831 3539 1902 γινώσκω,
3579 1827 3676 1882 καὶ
3710 1827 3816 1880 τεν

2143 1933 2389 1988 Παῦλον
2407 1932 2753 2002 ἐπίσταμαι.
2790 1933 2937 1985 Ὠσεὶ
2958 1932 3144 2001 ἔλεγεν
3164 1946 3176 1960 ·
3209 1929 3400 2000 Ὑμεῖς
3428 1927 3489 1980 οὐ
3508 1923 3814 1986 πιστεύετε,

2146 2031 2274 2085 ἀλλ’
2309 2031 2754 2102 ἀποκεχρημένοι
2802 2028 2880 2101 τῷ
2931 2029 3156 2101 ὀνόματι
3189 2026 3366 2080 ταῦτά
3404 2041 3563 2094 φατε.
3599 2018 3816 2075 Οὐκοῦν

2146 2125 2351 2199 ἕρημος
2391 2128 2420 2181 6
2456 2126 2604 2192 ναὸς,
2652 2124 3127 2193 εὐκαταγώνιστον
3180 2125 3241 2177 τὸ
3289 2121 3514 2184 σκεῦος·
3548 2118 3689 2172 ὥστε
3714 2115 3818 2169 οὐκ

2147 2224 2272 2278 ἐστέ
2299 2225 2565 2298 κήρυκες,
2613 2223 2743 2278 ἀλλ’
2789 2222 2938 2294 ἐμοὶ,
2975 2221 3162 2293 φησὶν,
3209 2218 3353 2272 ἐστέ.
3391 2214 3565 2278 Πολύς
3595 2213 3625 2266 ὁ
3650 2210 3820 2283 θυμὸς

2147 2321 2240 2376 τοῦ
2271 2321 2544 2391 δαίμονος.
2594 2318 2887 2374 Ἥδύναντο
2928 2316 3101 2372 ταῦτα
3149 2315 3349 2377 αὐτοὺς
3408 2308 3747 2383 ἐργάσασθαι
3771 2308 3822 2360 οί

2149 2416 2457 2481 ἀπόστολοι,
2487 2414 2733 2470 ἀλλὀὐκ
2775 2415 2994 2468 ἐποίουν
3035 2414 3193 2477 τέως.
3225 2412 3287 2466 Οί
3318 2411 3429 2480 γὰρ
3460 2408 3568 2463 τῶν
3596 2407 3824 2478 ἐργαζο-

2152 2514 2334 2586 μένων
2359 2514 2559 2589 αὐτούς
2588 2510 2762 2567 ταῦτα
2796 2510 3147 2583 κρατοῦντες,
3180 2507 3363 2577 πολλῷ
3393 2504 3594 2577 μᾶλλον
3621 2500 3822 2555 αὐτῶν.

2153 2612 2297 2683 Ὅρα
2352 2609 2470 2673 πῶς
2508 2607 2784 2662 δείκνυται
2846 2604 3030 2660 αὐτῶν
3094 2607 3128 2675 ἡ
3185 2603 3477 2668 ἐπιείκεια,
3527 2599 3610 2653 ὅτι
3645 2595 3826 2666 οἱμὲν

2153 2705 2505 2776 ἐλαυνόμενοι
2523 2702 2752 2758 τοιαῦτα
2779 2701 3047 2766 ποιοῦσιν,
3079 2699 3130 2753 οί
3154 2699 3212 2752 δὲ
3244 2694 3674 2768 θεραπευόμενοι
3712 2688 3827 2743 δαί-

2158 2818 2317 2875 μονες
2337 2799 2620 2854 τάναντία.
2653 2798 2765 2852 Τὸν
2804 2796 3071 2865 Ἰησοῦν,
3104 2797 3260 2864 φησὶ,
3295 2791 3588 2864 γινώσκω.
3614 2786 3828 2843 Οὐκοῦν

2157 2893 2485 2967 αἰσχύνθητε
2517 2893 2568 2947 οί
2587 2891 2741 2966 [515]
2769 2890 3087 2961 ἀγνοοῦντες
3110 2890 3289 2962 ὑμεῖς.
3318 2887 3429 2942 Καὶ
3457 2886 3562 2940 τὸν
3585 2881 3832 2939 Παῦλον

2155 2990 2502 3059 ἐπίσταμαι.
2549 2986 2747 3053 Καλῶς
2800 2987 2899 3042 καὶ
2953 2985 3149 3040 τοῦτο’
3196 2984 3315 3057 ᾔδει
3361 2983 3470 3055 γάρ
3520 2978 3657 3035 Θεοῦ
3701 2978 3834 3031 ὄντα

2160 3087 2397 3158 κήρυκα.
2422 3080 2557 3139 Εἶτα
2584 3083 2872 3153 ἐφάλλεται
2888 3082 2990 3136 ἐπ’
3012 3082 3232 3149 αὐτοὺς,
3265 3081 3359 3136 καὶ
3374 3080 3738 3153 διαρρήγνυσι
3765 3076 3835 3128 τὰ

2163 3181 2388 3253 ίμάτια’
2420 3180 2502 3234 δι’
2540 3173 2615 3235 ὧν
2653 3178 2827 3234 ἐποίει
2856 3178 3066 3245 αὐτοῖς,
3104 3175 3267 3230 τοῦτο
3305 3175 3589 3247 μονονουχὶ
3620 3172 3792 3237 λέγων
3818 3183 3832 3198 ·

2163 3278 2256 3352 Μὴ
2308 3277 2589 3352 νομίσητε,
2641 3278 2724 3332 ὅτι
2768 3273 3126 3346 καταφρονῶν
3172 3272 3397 3326 ἐκείνων
3446 3269 3621 3324 ταῦτα
3678 3265 3836 3321 ποιῶ.

2167 3376 2343 3439 Πολὺς
2383 3377 2413 3429 6
2466 3373 2631 3445 φόϐος
2679 3371 2774 3426 τοῦ
2825 3370 3101 3441 δαίμονος.
3155 3367 3267 3422 Καὶ
3306 3366 3397 3421 διά
3449 3365 3503 3419 τί
3543 3363 3714 3436 χωρὶς
3731 3362 3843 3415 τῶν

2170 3471 2433 3546 ῥημάτων
2460 3468 2666 3523 τούτων
2712 3467 2773 3520 οὐ
2802 3463 3086 3536 διέρρηξεν
3120 3460 3299 3516 αὐτῶν
3324 3461 3395 3514 τά
3439 3460 3665 3531 ίμάτια;
3700 3458 3843 3512 οὕτω

2167 3567 2278 3638 γὰρ
2305 3565 2373 3621 ἂν
2394 3563 2492 3616 καὶ
2519 3561 2612 3615 τὸν
2637 3558 2809 3628 θυμὸν
2834 3556 3143 3627 ἐπλήρωσε,
3181 3553 3276 3608 καὶ
3307 3553 3408 3623 τὴν
3448 3552 3656 3622 πλάνην
3683 3552 3844 3623 ἔστη⁶

2172 3679 2284 3716 σεν.
2325 3656 2627 3727 Έφοϐεῖτο,
2646 3655 2785 3724 ὅπερ
2813 3652 2971 3722 ἔφην,
2988 3649 3088 3720 τὴν
3111 3648 3405 3721 ἀπρόσιτον
3426 3648 3455 3688 ιι
3476 3646 3728 3719 δύναμιν,
3752 3646 3847 3700 ιὼιὶ

2170 3759 2273 3812 οὐκ
2298 3756 2364 3811 ἂν
2395 3752 2648 3809 τοσοῦτον
2711 3751 2954 3820 ἴσχυσεν,
3012 3748 3061 3800 εί
3115 3745 3189 3816 μὴ
3236 3744 3393 3798 τοῦτο
3416 3739 3589 3798 εἶπεν.
3623 3744 3765 3814 Ὅρα
3790 3741 3848 3796 δέ

2175 3848 2453 3922 πανταχοῦ
2495 3847 2622 3912 τοὺς
2673 3844 2933 3917 δαίμονας
2988 3839 3527 3911 εὐγνωμονεστέρους
3567 3837 3676 3891 τῶν
3718 3837 3850 3889 ἰου-

2175 3948 2359 4013 δαίων,
2394 3943 2492 3998 καὶ
2517 3942 2578 3996 οὐ
2612 3938 2929 4012 τολμῶντας
2965 3938 3266 4003 ἀντειπεῖν,
3311 3935 3431 3989 οὐδέ
3469 3932 3853 4005 κατηγορῆσαι

2184 4045 2294 4098 τῶν
2349 4039 2690 4103 ἀποστόλων,
2730 4036 2852 4090 οὐδὲ
2914 4035 3012 4089 τοῦ
3074 4032 3330 4104 Χριστοῦ.
3396 4032 3542 4084 Ἐκεῖ
3582 4030 3850 4098 λέγουσιν,

2185 4136 2444 4208 Οἴδαμέν
2493 4149 2570 4188 σε
2602 4132 2695 4200 τίς
2722 4127 2814 4185 ετ·
2843 4131 2958 4196 καὶ,
3008 4128 3073 4181 Τί
3111 4124 3295 4197 ἦλθες
3323 4118 3440 4179 ὧδε
3492 4123 3606 4194 πρὸ
3637 4120 3851 4191 καιροῦ

2176 4231 2521 4300 βασανίσαι
2554 4226 2746 4297 ἡμᾶς;
2776 4225 2872 4279 καὶ
2909 4223 3093 4286 πάλιν,
3131 4218 3277 4275 Οἶδά
3314 4237 3390 4275 σε
3417 4221 3511 4286 τίς
3530 4215 3604 4287 εἴ,
3640 4220 3674 4273 ὁ
3713 4218 3847 4283 Υἱὸς

2183 4325 2289 4380 τοῦ
2319 4322 2468 4379 Θεοῦ
2497 4339 2512 4353 ·
2540 4319 2775 4376 ἐνταῦθα
2826 4318 2906 4385 δὲ,
2958 4312 3135 4374 οὗτοι
3193 4318 3251 4372 οί
3302 4314 3602 4384 ἅνθρωποι
3643 4312 3857 4368 δοῦλοι

2183 4419 2287 4477 τοῦ
2324 4418 2470 4473 Θεοῦ
2521 4415 2632 4471 τοῦ
2684 4414 2957 4484 ὑψίστου
3000 4411 3123 4467 είσί
3170 4426 3184 4441 ’
3235 4409 3330 4464 καὶ
3386 4409 3570 4475 πάλιν,
3609 4407 3726 4463 Τὸν
3742 4407 3859 4477 μὲν

2196 4514 2442 4584 Ἰησοῦν
2463 4510 2756 4584 γινώσκω,
2797 4507 3027 4564 καὶτὸν
3054 4505 3305 4561 Παῦλον
3333 4505 3680 4574 ἐπίσταμαι.
3709 4502 3860 4558 Πάνυ

2185 4613 2294 4683 γάρ
2314 4609 2650 4665 ἐδεδοίκεσαν
2680 4607 2775 4661 καὶ
2795 4604 3022 4676 ἔτρεμον
3053 4605 3179 4666 τοὺς
3210 4602 3398 4671 ἁγίους
3421 4600 3684 4664 ἐκείνους.
3707 4600 3861 4671 Τάχα

2185 4727 2270 4774 τις
2298 4706 2454 4779 ὑμῶν
2483 4705 2696 4762 ἀκούων
2719 4744 2734 4770 ,
2765 4702 2921 4757 ποθεῖ
2945 4701 3040 4756 ἐπὶ
3072 4699 3277 4769 ταύτης
3308 4697 3564 4768 γενέσθαι
3582 4696 3683 4767 τῆς
3710 4696 3863 4762 ἐξου-

2190 4807 2331 4872 σίας,
2380 4802 2522 4857 ῶστε
2577 4801 2651 4873 μὴ
2699 4797 2960 4855 δύνασθαι
2998 4796 3260 4868 δαίμονας
3308 4794 3650 4849 ἀντιϐλέπειν
3693 4793 3862 4864 αὐτῷ,

2188 4903 2283 4958 καὶ
2307 4897 2600 4973 μακαρίζει
2637 4897 2763 4960 τούς
2803 4894 2994 4964 ἀγίους
3034 4893 3275 4957 ἐκείνους
3307 4892 3395 4946 διὰ
3413 4890 3606 4957 τοῦτο,
3633 4890 3715 4944 ὅτι
3740 4906 3867 4943 τοσ-

2189 4998 2361 5069 αύτην
2410 4991 2556 5066 εἶχον
2612 4990 2788 5063 ίσχύν.
2823 4988 2964 5043 Ἀλλ’
2991 4988 3236 5043 ἀκουέτω
3280 4987 3375 5042 τοῦ
3414 4984 3651 5060 Χριστοῦ
3678 4986 3869 5055 λέγον-

2190 5111 2281 5158 τος
2312 5108 2327 5123 '
2356 5089 2456 5159 Μὴ
2480 5089 2741 5158 χαίρετε,
2769 5086 2856 5139 ὅτι
2879 5084 2953 5140 τὰ
2972 5084 3249 5155 δαιμόνια
3266 5082 3413 5154 ὑμῖν
3430 5079 3865 5138 ὑποτάσσεται·

2193 5188 2383 5258 ἐπειδὴ
2414 5185 2530 5257 ᾔδει
2560 5183 2772 5247 πάντας
2819 5179 3139 5253 ἀνθρώπους
3180 5178 3415 5250 μάλιστα
3460 5175 3635 5246 τούτῳ
3660 5173 3871 5244 χαίρον-

2192 5301 2290 5349 τας
2323 5283 2413 5338 διά
2433 5278 2760 5344 κενοδοξίαν.
2798 5276 2863 5330 El
2888 5275 2997 5344 γάρ
3029 5274 3090 5327 τὸ
3121 5272 3196 5343 τῷ
3233 5271 3353 5342 Θεῷ
3380 5280 3403 5310 ο
3445 5267 3636 5323 δοκοῦν
3688 5266 3872 5339 ζητεῖς

2197 5383 2292 5436 καὶ
2326 5379 2390 5433 τδ
2425 5379 2580 5449 κοινῇ
2630 5371 2931 5446 συμφέρον,
2982 5369 3144 5440 ἑτέρα
3170 5368 3373 5439 μείζων
3411 5365 3558 5420 ἐστὶν
3585 5363 3722 5429 ὁδός.
3755 5361 3872 5418 Οὐκ

2196 5478 2343 5533 ἐστιν
2399 5475 2544 5530 οὕτω
2592 5472 2737 5544 μέγα
2787 5467 3041 5539 δαίμονος
3093 5462 3423 5529 ἀπαλλάξαι,
3478 5463 3554 5526 ὡς
3598 5460 3875 5533 ἁμαρτίας

2199 5572 2503 5645 ἐξελέσθαι.
2529 5569 2756 5639 Δαίμων
2776 5568 2839 5619 οὐ
2865 5563 3066 5618 κωλύει
3095 5559 3372 5633 βασιλείας
3407 5557 3654 5628 οὐρανῶν
3691 5558 3876 5611 ἐπιτυ-

2197 5675 2337 5745 χεῖν,
2366 5667 2503 5724 ἀλλά
2531 5665 2627 5720 καὶ
2657 5660 3001 5733 συμπράττει
3022 5697 3037 5724 ,
3067 5660 3217 5713 ἀκων
3253 5655 3375 5728 μὲν,
3424 5655 3770 5726 συμπράττει
3794 5652 3875 5718 δὲ,

2202 5763 2643 5838 σωφρονέστερον
2678 5759 2769 5812 τὸν
2815 5756 3010 5827 ἔχοντα
3054 5751 3222 5807 ποιῶν
3251 5768 3264 5781 ·
3304 5750 3549 5823 ἁμαρτία
3591 5749 3648 5802 δὲ
3676 5747 3876 5802 ἐκϐάλο

2202 5865 2304 5917 λει.

2179 6075 2189 6084 _
2260 6040 2290 6080 ι,
2313 6016 2450 6069 Idem
2477 6016 2563 6073 τὴν
2602 6012 2884 6078 ἀπόῤῥητον.
2954 6012 2976 6041 ε
2998 6007 3135 6059 Unus
3158 6006 3246 6070 γὰρ
3264 6008 3332 6067 τῷ
3353 6007 3464 6068 Θεῷ
