4112 6474
266 416 365 468 22:5

330 524 392 580 δ’.
432 523 572 576 Ἀλλ’
606 521 864 591 ἴσως-ἐρεῖ
887 534 989 582 τις·
1019 518 1110 590 Μὴ
1127 517 1337 586 γένοιτό
1365 534 1455 588 μοι
1487 514 1728 570 τοιούτου
1755 513 1940 582 τυχεῖν

260 609 668 683 σωφρονισμοῦ.
695 609 830 662 Οὐδὲ
864 606 976 676 ἐγὼ
1009 605 1294 677 βούλομαι,
1324 605 1440 658 ἀλλ’
1472 604 1686 674 ἐτέρου,
1717 601 1825 654 ἀπὸ
1846 598 1940 652 τοῦ

265 700 432 754 πόθου
462 698 556 751 τοῦ
585 695 823 768 Χριστοῦ
849 695 1028 748 πάντα
1076 696 1272 746 ποιεῖν.
1302 693 1366 746 Εἰ
1396 691 1474 754 δὲ,
1514 690 1543 743 ὃ
1587 689 1663 761 μὴ
1709 687 1939 758 γένοιτο,

266 786 510 858 συμϐαίη
571 786 664 839 καὶ
699 785 840 856 ὑπὲρ
868 782 1059 837 τούτου
1093 780 1454 854 παρακαλεῖν.
1489 781 1553 833 EE
1583 779 1762 831 τοίνυν
1793 770 1949 838 οὗτος

271 877 369 945 μὲν
396 875 495 928 οὐκ
523 872 797 937 ἐκϐάλλει,
822 871 1006 941 ἐκείνη
1049 871 1104 923 δέ
1132 868 1403 932 ἐκϐάλλει,
1452 867 1514 920 τὸ
1536 865 1751 936 ἐκείνης
1775 864 1951 928 ἀπαλ-

267 960 429 1025 λάξαι
458 959 704 1032 μείζονος
729 959 1065 1030 εὐεργεσίας.
1085 955 1295 1011 Οὐκοῦν
1325 953 1530 1024 ταύτης
1558 953 1950 1022 σπουδάζωμεν

267 1048 630 1102 ἀπαλλάττειν
656 1048 782 1109 τοὺς
803 1045 1032 1116 πλησίον
1067 1044 1162 1097 καὶ
1187 1042 1294 1114 πρὸ
1309 1040 1418 1096 τῶν
1447 1039 1836 1110 πλησίονήμᾶς
1855 1037 1953 1092 αὐ-

265 1136 413 1199 τούς.
443 1135 690 1204 Ἷδωμεν,
735 1133 809 1204 μὴ
832 1133 1062 1203 δαίμονα
1093 1131 1327 1202 ἔχωμεν·
1351 1129 1700 1199 ἐξετάσωμεν
1725 1125 1953 1190 ἑαυτοὺς

267 1222 514 1294 ἀκριϐῶς
527 1262 540 1276 .
559 1223 821 1293 Δαίμονος
836 1218 1116 1291 χαλεπώτε
1126 1236 1218 1289 ρον
1231 1217 1474 1289 ἀμαρτία
1485 1233 1498 1247 ·
1513 1217 1719 1279 ἐκεῖνος
1734 1214 1833 1285 μὲν
1844 1213 1951 1284 γάρ

271 1311 559 1372 ταπεινοὺς
598 1311 764 1363 ποιεῖ.
801 1309 873 1360 "H
897 1307 996 1378 οὐχ
1023 1308 1188 1379 ὁρᾶτε
1240 1307 1367 1370 τοὺς
1395 1303 1790 1375 δαιμονῶντας,
1825 1301 1952 1354 ὅταν

271 1398 635 1465 ἀνενέγκωσιν
663 1394 775 1449 ἀπὸ
828 1396 929 1466 τῆς
961 1395 1144 1462 νόσου,
1181 1393 1300 1457 πῶς
1337 1395 1444 1446 εἰσι
1495 1392 1782 1460 κατηφεῖς,
1836 1388 1953 1452 πῶς

273 1487 630 1558 σκυθρωποί;
663 1487 783 1548 πῶς
815 1485 1082 1555 αἰσχύνης
1113 1484 1182 1538 τά
1223 1484 1493 1555 πρόσωπα
1541 1484 1722 1538 αὐτῶν
1751 1483 1948 1554 γέμει;

273 1576 390 1639 πῶς
440 1576 562 1629 οὐδέ
621 1573 947 1642 ἀντιϐλέψαι
1001 1571 1308 1643 τολμῶσιν;
1369 1572 1511 1644 Ὅρα
1562 1571 1659 1642 τὴν
1699 1571 1950 1625 ἀτοπίαν·

273 1665 474 1717 ἐκεῖνοι
506 1665 604 1734 μὲν
633 1664 775 1734 ὑπὲρ
807 1656 882 1716 ὧν
934 1661 1239 1731 πάσχουσιν
1288 1659 1655 1728 αἰσχύνονται,
1687 1659 1847 1729 ἡμεῖς
1897 1657 1955 1711 δὲ

276 1751 415 1821 ὑπὲρ
447 1743 522 1804 ὧν
546 1749 859 1822 πράττομεν
879 1747 979 1801 οὐκ
1011 1745 1402 1818 αἰσχυνόμεθα·
1435 1747 1632 1799 ἐκεῖνοι
1659 1743 1953 1814 ἀδικούμε-

275 1857 355 1892 νοι
389 1838 691 1904 αἰδοῦνται,
724 1839 885 1908 ἡμεῖς
933 1834 1248 1896 ἀδικοῦντες
1287 1834 1387 1886 οὐκ
1414 1833 1730 1903 αἰδούμεθα·
1779 1832 1957 1886 καίτοι

201 1909 210 1916 ’
275 1928 343 1979 τὰ
373 1926 596 1978 ἐκείνων
651 1926 752 1977 οὐκ
807 1921 1072 1993 αἰσχύνης
1103 1921 1250 1986 ἄξια,
1285 1919 1402 1974 ἀλλ’
1436 1919 1588 1973 ἐλέου
1623 1919 1717 1973 καὶ
1767 1919 1956 1989 φιλαν-

279 2013 526 2084 θρωπίας
560 2013 654 2066 καὶ
683 2010 1034 2080 συγγνώμης,
1073 2010 1167 2062 καὶ
1189 2007 1381 2061 πολλοῦ
1411 2007 1504 2060 τοῦ
1538 2006 1814 2077 θαύματος
1843 2008 1960 2060 ·καί

281 2099 491 2170 μυρίων
523 2098 632 2152 τῶν
677 2098 936 2162 ἐπαίνων,
975 2097 1104 2150 ὅταν
1163 2096 1258 2149 καὶ
1285 2094 1512 2165 τοιούτῳ
1559 2094 1956 2162 προσπαλαίον-

245 2205 368 2251 ..τες
415 2187 653 2258 δαίμονι,
707 2184 888 2239 πάντα
932 2184 1276 2255 εὐχαρίστως
1327 2183 1558 2254 φέρωσι·
1617 2183 1684 2237 τά
1731 2181 1790 2236 δέ
1821 2181 1961 2255 ἡμέ-

279 2292 413 2346 τερα
441 2277 676 2344 γέλωτος
725 2273 916 2339 ὅντως,
953 2273 1236 2343 αἰσχύνης,
1268 2273 1626 2344 κατηγορίας,
1667 2271 1962 2336 κολάσεως,

280 2363 572 2433 τιμωρίας,
606 2360 716 2416 τῶν
756 2360 1002 2431 ἐσχάτων
1041 2360 1228 2414 κακῶν
1256 2360 1351 2412 καὶ
1393 2359 1638 2430 γεέννης,
1671 2358 1786 2412 ἀλλ’
1817 2359 1966 2412 οὐδε-

287 2451 416 2520 μιᾶς
458 2448 609 2522 [514]
661 2448 790 2514 ἀξια
846 2446 1197 2518 συγγνώμης.
1237 2447 1424 2518 Ὁρᾷς,
1461 2447 1542 2499 δτι
1587 2445 1967 2517 χαλεπώτερον

284 2539 538 2608 δαίμονος
572 2537 854 2609 άμαρτία;
913 2537 1024 2588 Καὶ
1075 2539 1274 2589 ἐκεῖνοι
1326 2536 1424 2607 μὲν
1474 2535 1536 2600 ἐξ
1564 2529 1639 2589 ὧν
1697 2535 1967 2606 πάσχουσι

287 2625 474 2684 κακῶς
505 2639 554 2690 ιι,
587 2625 935 2695 κερδαίνουσι
964 2625 1156 2698 κέρδος
1181 2623 1424 2678 διπλοῦν·
1458 2623 1516 2677 ἓν
1539 2625 1638 2695 μὲν
1667 2623 1729 2676 τὸ
1752 2640 1967 2694 σωφρο-

287 2715 526 2778 νίζεσθαι
569 2714 663 2768 καὶ¹
701 2712 1130 2785 φιλοσοφώτεροι
1184 2706 1350 2779 εἶναι,
1389 2711 1646 2785 δεύτερον
1689 2711 1832 2766 δὲτὸ
1869 2711 1969 2783 τὴν

288 2802 507 2854 κόλασιν
564 2801 802 2856 ἐνταῦθα
852 2803 960 2856 τῶν
1019 2801 1235 2855 οἰκείων
1295 2801 1706 2874 ἁμαρτημάτων
1765 2801 1968 2864 δόντες,

289 2888 518 2960 καθαροί
573 2889 709 2961 πρὸς
742 2889 834 2943 τὸν
885 2889 1166 2960 Δεσπότην
1196 2889 1474 2944 ἀπελθεῖν.
1529 2888 1643 2943 Καὶ
1673 2888 1781 2961 γὰρ
1829 2889 1970 2959 ὑπὲρ

289 2977 482 3030 τούτου
538 2975 897 3049 διελέχθημεν
964 2977 1247 3044 πολλάκις,
1304 2978 1398 3031 καὶ
1447 2977 1733 3048 ἐδείξαμεν
1783 2978 1833 3044 ι),
1889 2977 1971 3030 ὅτι

289 3068 413 3130 τοὺς
461 3067 698 3121 ἐνταῦθα
734 3067 1154 3138 κολαζομένους,
1214 3066 1280 3120 ἂν
1330 3066 1688 3137 εὐγνωμόνως
1741 3066 1969 3138 φέρωσι,

292 3155 462 3209 πολλά
511 3155 621 3208 τῶν
657 3156 1080 3227 ἁμαρτημάτων
1121 3152 1476 3207 ἀποτίθεσθαι
1527 3153 1694 3218 εἰκός.
1733 3153 1867 3207 Ἀπὸ
1916 3154 1974 3208 δὲ

292 3243 402 3298 τῶν
446 3244 864 3315 ἁμαρτημάτων
910 3243 1075 3295 διπλᾶ
1125 3241 1194 3295 τὰ
1234 3240 1403 3304 δεινὰ,
1449 3240 1507 3293 ἓν
1543 3241 1640 3312 μὲν
1668 3240 1750 3295 ότι
1801 3259 1974 3314 προσ·

295 3333 589 3403 κρούομεν,
629 3333 816 3402 ἕτερον
871 3330 927 3384 δὲ
965 3331 1045 3383 ὅτι
1087 3329 1304 3401 χείρους
1342 3329 1627 3399 γινόμεθα.
1671 3331 1975 3402 Προσέχετε

293 3414 338 3487 ᾧ
379 3421 545 3489 λέγω.
599 3421 674 3473 Οὐ
711 3419 868 3473 τοῦτο
925 3419 1086 3489 μόνον
1129 3415 1462 3489 ἀδικούμεθα
1491 3417 1604 3472 ἀπὸ
1645 3417 1746 3488 τῆς
1796 3419 1978 3492 ἁμαρ-

295 3509 438 3573 τίας,
473 3509 555 3562 ὅτι
601 3508 1015 3579 ἁμαρτάνομεν,
1052 3505 1189 3560 ἀλλά
1217 3506 1314 3560 καὶ
1361 3505 1574 3577 ἕτερον,
1619 3506 1700 3559 ὅτι
1747 3505 1861 3571 ἕξιν
1889 3507 1977 3560 δέ·

296 3598 511 3667 χεταιή
545 3595 713 3668 ψυχὴ,
743 3591 856 3649 οἷον
903 3595 979 3659 ὡς
1020 3595 1112 3648 ἐπὶ
1156 3593 1429 3666 σώματος·
1482 3595 1819 3666 σαφέστερον
1871 3597 1980 3669 γὰρ

297 3683 452 3738 ἔσται
497 3684 590 3738 ἐπὶ
642 3683 1043 3755 ὑποδείγματος
1088 3681 1405 3753 λεγόμενον.
1456 3681 1729 3754 Καθάπερ
1791 3683 1900 3755 γὰρ
1954 3687 1982 3738 ό

297 3771 539 3847 πυρέξας
565 3773 627 3826 οὐ
669 3771 831 3825 τοῦτο
878 3771 1040 3841 μόνον
1075 3769 1355 3840 ἠδίκηται,
1392 3771 1476 3824 δτι
1530 3774 1696 3836 νοσεῖ,
1733 3771 1848 3826 ἀλλ’
1899 3773 1982 3826 ὅτι

303 3858 446 3930 μετά
465 3859 562 3930 τὴν
613 3859 767 3912 νόσον
806 3857 1198 3926 ἀσθενέστερος
1245 3857 1458 3924 γίνεται
1503 3857 1709 3924 λοιπὸν,
1748 3857 1853 3912 κᾶν
1903 3860 1984 3922 είς

304 3949 496 4016 ὑγείαν
544 3944 830 4000 ἐπανέλθοι
862 3943 969 3998 ἀπὸ
996 3945 1152 3997 νόσου
1190 3945 1428 4015 μακρᾶς·
1462 3943 1606 3998 οὕτω
1638 3944 1702 4016 δὴ
1755 3945 1849 3999 καὶ
1893 3945 1985 3998 ἐπὶ

303 4036 401 4106 τῆς
452 4033 755 4105 ἁμαρτίας,
800 4031 904 4085 κᾶν
956 4031 1312 4102 ὐγιαίνωμεν,
1364 4030 1444 4084 ἔτι
1501 4030 1706 4102 πολλῆς
1754 4032 1985 4101 δεόμεθα

303 4125 404 4194 τῆς
441 4122 644 4194 ἰσχύος.
697 4121 805 4175 Ἴδε
845 4121 953 4192 γάρ
987 4136 1083 4190 μοι
1115 4120 1414 4190 ὑϐρίσαντά
1445 4137 1587 4186 τινα,
1637 4121 1731 4173 καὶ
1773 4121 1851 4193 μὴ
1902 4141 1988 4177 τι·-

309 4211 656 4283 μωρηθέντα’
717 4209 778 4263 οὐ
819 4209 908 4262 διὰ
945 4209 1104 4262 τοῦτο
1158 4209 1316 4278 μόνον
1350 4208 1633 4280 δακρύειν,
1667 4210 1749 4263 ὅτι
1797 4212 1856 4264 οὐ
1889 4213 1987 4282 τῆς

309 4299 521 4370 ὕϐρεως
553 4297 710 4368 δίκην
771 4296 1030 4362 δίδωσιν,
1077 4295 1214 4350 άλλά
1266 4296 1361 4350 καὶ
1407 4295 1473 4350 δι’
1533 4297 1722 4368 ἕτερον
1770 4298 1987 4352 πενθεῖν

308 4386 476 4452 ἄξιον.
535 4385 695 4439 Ποῖον
747 4380 812 4457 δὴ
859 4383 1050 4450 τοῦτο;
1103 4384 1227 4438 Ὅτι
1281 4385 1744 4456 ἀναισχυντοτέρα
1793 4385 1986 4455 γέγονε

309 4474 494 4527 λοιπὸν
523 4475 558 4544 ἠ
592 4473 764 4544 ψυχή.
807 4471 1074 4525 Ἑκάστου
1107 4470 1214 4541 γάρ
1257 4469 1366 4525 τῶν
1399 4471 1839 4543 ἁμαρτημάτων,
1896 4475 1989 4528 καὶ

309 4564 410 4633 τῆς
462 4563 742 4634 ἁμαρτίας
780 4560 1142 4631 ἐργασθείσης
1189 4560 1286 4613 καὶ
1314 4561 1695 4631 παυσαμένης,
1743 4563 1992 4616 ἐναποτί-

307 4652 463 4705 θεταί
512 4667 597 4715 τις
634 4651 792 4722 ήμῶν
850 4650 928 4713 ίδς
975 4651 1043 4721 τῇ
1069 4647 1236 4720 ψυχῇ.
1293 4648 1407 4701 Οὐκ
1453 4648 1673 4713 ἀκούεις
1724 4648 1991 4718 λεγόντων

311 4741 494 4804 τινῶν,
544 4741 675 4794 ὅταν
727 4742 794 4794 ἐκ
847 4741 1004 4794 νόσου
1050 4738 1366 4809 ὐγιάνωσιν,
1418 4739 1499 4792 ὅτι
1533 4740 1648 4793 Οὐκ
1693 4739 1774 4793 ἔτι
1809 4740 1993 4812 τολμῶ

313 4830 460 4900 ὕδωρ
493 4832 670 4896 πιεῖν;
703 4827 884 4884 καίτοι
934 4845 1000 4896 γε
1051 4827 1290 4896 ὑγίανεν·
1342 4827 1457 4881 ἀλλ’
1489 4829 1522 4897 ἡ
1565 4828 1718 4890 νόσος
1751 4828 1846 4881 καὶ
1871 4828 1994 4881 τοῦθ

313 4936 375 4972 το
429 4918 676 4990 ἠδίκησε.
730 4918 990 4971 Κάκεῖνοι
1053 4917 1152 4987 μὲν
1205 4915 1389 4978 κακῶς
1444 4916 1770 4986 πάσχοντες,
1828 4917 1995 4988 εὐχα-

314 5006 613 5077 ριστοῦσιν·
653 5007 817 5076 ἡμεῖς
864 5006 921 5060 δὲ
953 5002 1014 5059 εὖ
1045 5005 1402 5077 πράττοντες,
1432 5005 1862 5076 βλασφημοῦμεν
1904 5006 1996 5060 τὸν

314 5095 469 5160 Θεὸν,
500 5095 593 5150 καὶ
627 5095 1134 5166 ἀποδυσπετοῦμεν·
1178 5095 1431 5156 πλείονας
1463 5093 1572 5164 γάρ
1618 5093 1800 5166 εὕροις
1832 5095 1898 5148 ἂν
1939 5096 1996 5147 ἐν

315 5185 474 5257 ὐγείᾳ
533 5185 628 5238 καὶ
680 5183 895 5256 πλούτῳ
937 5185 1096 5238 τοῦτο
1146 5182 1455 5248 ποιοῦντας,
1521 5182 1554 5254 ἢ
1599 5184 1656 5236 ἐν
1708 5183 1870 5254 πενίᾳ
1904 5183 1996 5236 καὶ

315 5273 620 5345 ἀρρωστίᾳ.
685 5272 988 5344 Ἐφέστηκε
1015 5271 1124 5344 γὰρ
1155 5273 1184 5325 ὁ
1230 5270 1436 5341 δαίμων
1484 5271 1560 5334 ώς
1587 5271 1778 5341 δήμιος
1827 5272 1998 5332 ὅντως

318 5362 550 5433 σφοδρὸς
599 5359 841 5416 ἀπειλῶν
894 5359 1085 5424 πολλὰ,
1135 5358 1387 5428 καθάπερ
1437 5368 1460 5397 ε
1516 5376 1599 5422 τις
1654 5360 2000 5426 παιδαγωγὸς

319 5454 409 5508 τὸν
468 5454 670 5524 ἱμάντα
724 5452 1021 5506 ἀνατείνων
1055 5489 1070 5515 ,
1140 5449 1235 5503 καὶ
1305 5447 1604 5520 οὐδαμόθεν
1665 5447 2000 5518 ἀναχυθῆναι

318 5540 518 5609 ἀφιείς.
557 5542 620 5595 Εἰ
658 5541 714 5594 δέ
738 5556 885 5604 τινες
915 5538 1036 5609 μηδ’
1074 5535 1218 5592 οῦτω
1251 5539 1492 5609 νήφοιεν,
1547 5535 1660 5590 ἀλλ’
1714 5531 1808 5588 οὖν
1866 5535 2003 5588 ἐκεῖ·

319 5643 400 5680 νοι
425 5628 630 5682 διδέασι
654 5629 683 5668 ά
721 5629 899 5699 δίκην.
938 5627 1011 5680 Οὐ
1061 5627 1257 5698 μικρὸν
1287 5626 1345 5679 δέ
1377 5627 1469 5680 καὶ
1517 5625 1692 5679 τοῦτο·
1748 5624 2002 5694 καθάπερ
2046 5615 2050 5621 ’

321 5715 431 5784 7&9
489 5715 539 5766 οἱ
579 5715 776 5784 μωροὶ,
838 5714 1092 5787 καθάπερ
1149 5715 1200 5767 οί
1259 5714 1600 5785 μαινόμενοι,
1664 5711 1919 5781 καθάπερ
1953 5715 2003 5764 οἱ

386 5862 401 5883 ³
432 5863 683 5930 Πάσχουσι
707 5863 1033 5930 κακῷςιίρεδί
1071 5868 1116 5912 in
1168 5879 1267 5914 uno
1307 5865 1496 5914 codice.
1587 5865 1729 5930 ι,Καὶ
1760 5863 1999 5930 ἐδείξαμεν

323 5921 677 5990 ιιξηιξιιειὶιιίιιιιο.
767 5927 787 5952 ε
816 5927 910 5990 Alii
956 5930 1348 5990 mppﬁpégﬁcl‘la
1394 5930 1542 5984 λέγων
1580 5921 1810 5987 καθάπερ.
1879 5921 1995 5971 ιΓΙιιι

329 5985 562 6050 ¹λῖ.’¹η¹“ξ¹·
592 5989 644 6028 9L
665 5995 789 6050 '39“?
821 5985 929 6050 “id;
956 5998 968 6041 ;
1001 5985 1210 6050 Μύιιγὶλίη
1238 5997 1342 6048 [ml
1370 5990 1541 6047 Savil.,
1571 5990 1624 6035 Εἰ
1649 5989 1699 6036 δέ
1719 5985 1840 6040 τινες
1888 5987 1997 6048 gew‘.’

326 6043 455 6089 ίαᾶϊω
476 6043 603 6100 νήια,
635 6041 739 6089 οὐδὲ
767 6045 835 6090 ἐκ.
865 6045 1090 6093 δώσουσι.
1125 6041 1255 6096 Ιίοᾶτί

1045 407 1104 462 S.
1149 402 1435 462 JOANNIS
1477 393 1971 458 CIIIWSOSTOMI
2012 392 2338 454 ARCHIEP.
2388 397 2938 456 CONS'I‘ANTINOP.

3616 394 3716 454 293

2049 510 2234 574 παῖδες
2265 512 2364 565 οὐκ
2417 512 2774 567 ἀπαιτοῦνται
2835 511 3096 574 εὐθύνας,
3153 509 3324 573 οὕτως
3372 510 3491 564 οὐδέ
3551 504 3716 565 οὗτοι·

2046 598 2155 650 τῶν
2189 599 2296 668 γὰρ
2352 599 2452 653 οὐκ
2511 602 2571 653 ἐν
2627 598 2828 668 γνώσει
2881 597 3273 668 πραττομένων
3319 597 3496 660 οὐδεὶς
3552 595 3724 658 οὓτως

2049 686 2219 757 ὠμὸς,
2261 686 2401 740 ὥστε
2454 689 2758 759 ἀπαιτῆσαι
2802 688 2958 758 δίκην
3006 688 3157 741 ποτέ.
3193 687 3337 756 Ἀρα
3389 683 3572 755 πολλῷ
3619 683 3726 737 τῶν

2051 775 2434 846 δαιμονώντων
2456 779 2639 848 χεῖρον
2668 775 2990 846 διακείμεθα
3017 778 3066 828 οί
3111 775 3537 846 ἁμαρτάνοντες.
3585 773 3726 826 Ἀλλ’

2052 864 2250 918 ὃτιούγ
2283 865 2608 935 ἀφρίζομεν,
2637 864 2760 917 οὐδέ
2803 864 3198 934 διαστρέφομεν
3242 863 3343 928 τάς
3393 863 3583 934 κόρας,
3605 862 3728 915 οὐδέ

2052 950 2149 1016 τὰς
2177 955 2396 1023 χεῖρας;
2431 951 2556 1006 Εἴθε
2585 953 2642 1004 ἐν
2668 952 2746 1023 τῷ
2783 951 2996 1024 σώματι
3050 951 3209 1005 τοῦτο
3239 951 3607 1022 ἐπράττομεν,
3636 951 3733 1004 καὶ

2057 1042 2133 1112 μὴ
2157 1043 2213 1094 ἐν
2242 1045 2309 1114 τῇ
2339 1042 2504 1113 ψυχῇ.
2524 1041 2714 1095 Βούλει
2742 1059 2824 1096 σοι
2848 1040 3006 1106 δείξω
3032 1040 3209 1111 ψυχὴν
3235 1040 3572 1110 ἀφρίζουσαν
3593 1040 3729 1094 ἀκάο

2055 1129 2272 1201 θαρτον,
2313 1130 2409 1184 καὶ
2438 1129 2770 1202 διαστροφὴν
2805 1129 3067 1200 ὀμμάτων
3110 1129 3392 1194 διανοίας;
3448 1127 3730 1198 Ἐννόησον

2053 1218 2179 1280 τοὺς
2199 1216 2583 1291 ὀργιζομένους
2620 1218 2714 1270 καί
2755 1213 3054 1288 μεθύοντας
3085 1215 3190 1268 ὑπὸ
3212 1213 3305 1268 τοῦ
3342 1213 3536 1285 θυμοῦ,
3564 1216 3729 1268 πόσου

2055 1307 2232 1378 ἀφροῦ
2280 1305 2378 1360 οὐκ
2418 1307 2832 1378 ἀκαθαρτότερα
2869 1304 3192 1358 ἐκϐάλλουσι
3236 1304 3485 1374 ῥήματα;
3525 1305 3731 1366 Ὄντως

2054 1393 2244 1466 ὥσπερ
2276 1396 2484 1465 δυσώδη
2519 1396 2692 1448 σίελον
2715 1391 3099 1457 ἀποδλύζουσι.
3124 1391 3234 1446 Καὶ
3260 1389 3512 1462 καθάπερ
3536 1390 3732 1444 ἐκεῖνοι

2055 1483 2248 1536 οὐδένα
2284 1483 2430 1536 ῐσασι
2453 1483 2561 1536 τῶν
2597 1482 2902 1552 παρόντων,
2947 1478 3119 1543 οὕτως
3148 1477 3270 1532 οὐδέ
3326 1471 3494 1531 οῦτοι.
3547 1479 3733 1532 Σκοτι-

2061 1570 2284 1642 σθείσης
2312 1571 2420 1643 γάρ
2446 1571 2631 1634 αὐτοῖς
2659 1571 2759 1642 τῆς
2781 1567 3020 1632 διανοίας
3047 1568 3141 1621 καί
3159 1567 3602 1638 διαστραφέντων
3627 1567 3732 1620 τῶν

2057 1659 2373 1732 ὀφθαλμῶν,
2397 1659 2458 1712 οὐ
2492 1659 2666 1727 φίλον,
2717 1659 2816 1711 οὐκ
2871 1655 3084 1728 ἐχθρὸν,
3137 1657 3237 1710 οὐκ
3286 1655 3586 1726 αἰδέσιμον,
3634 1655 3734 1708 οὐκ

2059 1748 2556 1820 εὐκαταφρόνητον,
2589 1746 2722 1800 ἀλλά
2761 1745 2969 1808 πάντας
2996 1745 3183 1808 ἁπλῶς
3214 1743 3434 1815 ὁρῶσιν.
3472 1744 3585 1814 υύχ
3603 1745 3735 1814 ὁρᾷς

2060 1837 2256 1899 αὐτοὺς
2291 1837 2382 1888 καὶ
2412 1835 2710 1906 τρέμοντας
2763 1831 2918 1906 [515]
2969 1833 3221 1904 καθάπερ
3251 1830 3526 1896 ἐκείνους;
3596 1830 3738 1882 Ἀλλ’

2061 1926 2121 1977 οὐ
2155 1925 2413 1977 πίπτουσι
2442 1923 2654 1994 χαμαί;
2701 1923 2861 1976 Ἀλλά
2893 1923 2925 1992 ἡ
2955 1921 3102 1992 ψυχὴ
3155 1920 3334 1974 αὐτῶν
3367 1919 3541 1990 χαμαὶ
3564 1921 3738 1972 κεῖται

2063 2013 2156 2064 καὶ
2188 2011 2376 2065 πίπτει
2417 2011 2744 2082 σπαίρουσα·
2780 2011 2829 2063 εἰ
2875 2009 2983 2080 γὰρ
3023 2008 3160 2080 ὀρθὴ
3211 2008 3477 2078 εἱστήκει,
3521 2009 3620 2060 οὐκ
3671 2007 3738 2061 ἂν

2063 2099 2269 2152 ἔπαθεν
2299 2101 2480 2154 ἐκεῖνα
2509 2099 2652 2170 άπερ
2676 2098 2901 2152 ἔπαθεν.
2938 2099 3009 2151 Ἣ
3039 2099 3098 2149 οὐ
3130 2097 3276 2150 δοκεῖ
3303 2113 3382 2150 σοι
3403 2095 3743 2166 καταϐεϐλη-

2068 2189 2239 2260 μένης
2298 2184 2435 2242 εἶναι
2479 2187 2680 2258 ψυχῆς,
2729 2187 2824 2241 καὶ
2870 2186 2969 2257 τὴν
3006 2184 3213 2240 οίκείαν
3253 2185 3415 2255 νῆψιν
3461 2183 3740 2238 ἀπολωλε-

2066 2277 2226 2340 κυίας
2252 2288 2298 2340 θ,
2331 2277 2428 2330 καὶ
2462 2273 2499 2330 ἀ
2531 2275 2741 2330 ποιοῦσι
2766 2275 2862 2328 καὶ
2893 2275 3106 2342 λέγουσι
3132 2272 3423 2344 μεθύοντες
3449 2273 3527 2344 τῷ
3547 2271 3738 2343 θυμῷ;

2073 2364 2230 2416 Ἔστι
2258 2381 2311 2417 τι
2339 2364 2432 2417 καί
2460 2364 2646 2435 ’έτερον
2680 2363 2878 2434 μανίας
2927 2357 3066 2425 εἶδος
3099 2359 3288 2414 τούτου
3339 2359 3739 2431 χαλεπώτερον.

2070 2450 2228 2506 Ποῖον
2260 2450 2324 2523 δὴ
2342 2451 2540 2519 τοῦτο;
2573 2451 2743 2504 Ὅταν
2776 2448 2911 2521 μηδὲ
2940 2451 3161 2519 ἀφεῖναι
3187 2449 3287 2520 τὴν
3313 2448 3483 2520 ὀργὴν
3517 2449 3743 2518 ἀνέχων-

2069 2558 2180 2605 ται,
2213 2540 2348 2595 ἀλλά
2367 2539 2608 2612 τρέφωσι
2636 2541 2766 2612 παρ’
2799 2541 3012 2602 ἐαυτοῖς
3044 2537 3318 2592 οἰκειακὸν
3354 2535 3604 2608 καθάπερ
3627 2534 3747 2588 τινὰ

2068 2629 2262 2701 δήμιον
2293 2629 2394 2700 τὴν
2421 2628 2808 2700 μνησικακίαν.
2833 2626 3043 2690 Αὐτοὺς
3069 2626 3178 2698 γὰρ
3207 2623 3458 2697 πρώτους
3485 2623 3747 2679 ἀπόλλυσι

2070 2720 2130 2771 τὸ
2161 2720 2522 2789 μνησικακεῖν
2543 2715 2793 2771 ἐντεῦθεν
2841 2716 2967 2789 ἢδη,
3003 2715 3090 2769 ἵνα
3141 2715 3210 2769 τά
3249 2713 3510 2784 μέλλοντα
3563 2711 3744 2784 παρῶ.

2073 2807 2252 2878 Πόσην
2283 2806 2393 2878 γὰρ
2418 2805 2522 2860 οῖει
2577 2806 2810 2877 βάσανον
2857 2800 2997 2859 εἶναι
3054 2800 3328 2875 ἀνθρώπῳ
3378 2801 3750 2872 πεπληγμένῳ

2073 2896 2170 2966 τὴν
2198 2895 2397 2968 ψυχὴν,
2431 2894 2555 2950 καθ’
2596 2895 2834 2963 ἑκάστην
2867 2893 3080 2964 ἡμέραν
3119 2891 3411 2946 σκοποῦντι
3436 2891 3584 2953 ὅπως
3604 2889 3748 2960 ἀμύ-

2073 3000 2232 3054 νηται
2264 2983 2356 3038 τὺν
2387 2983 2610 3055 ἐχθρόν;
2647 2983 2918 3053 Πρότερον
2945 2981 3137 3034 ἐαυτὸν
3162 2979 3382 3044 κολάζει
3427 2979 3458 3031 ὁ
3487 2977 3748 3044 τοιοῦτος,

2074 3073 2170 3128 καὶ
2201 3075 2527 3144 τιμωρεῖται
2553 3073 2822 3138 οἰδαίνων,
2850 3072 2984 3143 πρὸς
3007 3070 3198 3125 ἑαυτὸν
3229 3071 3556 3142 μαχόμενος,
3583 3070 3753 3139 ἐμπυ-

2077 3159 2381 3233 ριζόμενος.
2428 3160 2670 3230 Ἀνάγκη
2702 3159 2812 3230 γὰρ
2843 3159 3139 3223 διαπαντὸς
3183 3158 3432 3214 καίεσθαι
3490 3159 3641 3228 παρά
3671 3159 3754 3210 cro".

2075 3247 2137 3301 τὸ
2172 3245 2304 3319 πῦρ·
2338 3245 2433 3299 καὶ
2485 3244 2575 3298 τὸν
2608 3245 2844 3317 πυρετὸν
2896 3246 2990 3299 ἐπὶ
3019 3244 3273 3299 τοσοῦτον
3324 3244 3606 3310 ἐκτείνων,
3651 3243 3755 3296 οὐκ

2077 3335 2245 3406 ἀφίης
2280 3334 2666 3408 παρακμάσαι,
2704 3335 2800 3389 καὶ
2827 3333 3068 3406 νομίζεις
3126 3332 3320 3403 ἐκείνῳ
3345 3332 3547 3386 διδόναι
3575 3350 3625 3384 τι
3654 3349 3754 3386 κα-

2079 3425 2192 3492 κὸν,
2227 3424 2390 3488 αὐτὸς
2421 3423 2478 3477 δὲ
2537 3423 2764 3477 σεαυτὸν
2821 3424 3034 3493 τήκεις,
3079 3421 3378 3485 διαπαντὸς
3426 3420 3525 3492 τὴν
3583 3419 3759 3490 φλόγα

2079 3508 2438 3585 ἀκμάζουσαν
2471 3514 2674 3585 φέρων,
2705 3513 2800 3566 καὶ
2827 3511 3298 3567 διαναπαύσασθαι
3330 3511 3430 3582 τὴν
3455 3509 3631 3581 ψυχὴν
3659 3511 3759 3563 οὐκ

2081 3603 2207 3664 ἐῶν,
2244 3603 2358 3656 ἀλλ’
2389 3602 2814 3675 ἐκθηριούμενος
2839 3602 2947 3668 ἀεὶ,
2981 3602 3078 3656 καὶ
3097 3601 3157 3656 ἐν
3184 3602 3393 3672 ταραχῇ
3427 3599 3522 3654 καί
3570 3601 3627 3655 ἐν
3651 3616 3760 3671 χει-

2085 3689 2224 3761 μῶνι
2243 3690 2334 3743 τὸν
2361 3685 2621 3761 λογισμὸν
2659 3689 2818 3761 ἔχων.

2151 3786 2212 3832 ε’.
2247 3773 2311 3832 Τί
2335 3779 2540 3850 ταύτης
2569 3779 2950 3850 χαλεπώτερον
2983 3777 3082 3849 τῆς
3112 3777 3328 3849 μανίας,
3353 3774 3645 3838 διαπαντὸς
3671 3773 3762 3827 λυ⁶

2082 3867 2306 3921 πεῖσθαι
2335 3865 2429 3920 καὶ
2460 3866 2620 3922 οἰδεῖν
2647 3865 2745 3919 καὶ
2791 3866 3186 3935 φλεγμαίνεινς
3233 3863 3496 3916 Τοιαῦται
3547 3863 3657 3933 γὰρ
3709 3864 3764 3916 αἱ

2083 3955 2193 4010 τῶν
2231 3954 2589 4026 μνησικάκων
2619 3952 2811 4023 ψυχαί·
2865 3950 2994 4004 ἔνθα
3031 3951 3097 4004 ἂν
3151 3951 3336 4003 ἴδωσιν
3362 3950 3420 4003 ὃν
3481 3950 3765 4020 βούλονται

2084 4042 2418 4116 ἀμύνασθαι,
2472 4040 2675 4105 εὐθέως
2726 4040 3066 4111 ἐπλήγησαν·
3107 4039 3173 4092 ἂν
3227 4039 3412 4109 φωνῆς
3464 4037 3764 4106 ἀκούσωσι,

2086 4131 2410 4195 κατέπεσον,
2441 4129 2756 4201 τρέμουσιν·
2785 4126 2853 4182 ἂν
2883 4129 2976 4181 ἐπὶ
3007 4127 3197 4198 κλίνης
3249 4120 3371 4192 ὦσι,
3412 4127 3610 4198 μυρίας
3636 4127 3766 4178 ἐαυ-

2086 4222 2196 4282 τοῖς
2228 4217 2610 4290 ὐπογράφουσι
2637 4216 2931 4288 τιμωρίας,
2958 4215 3322 4286 ἀναρτῶντες,
3383 4214 3770 4284 βασανίζοντες

2089 4310 2302 4362 ἐκεῖνον
2324 4307 2417 4361 τὸν
2469 4305 2686 4377 ἐχθρόν·
2728 4307 2864 4377 πρὸς
2897 4305 2958 4358 δὲ
3012 4305 3247 4369 τούτοις,
3307 4303 3375 4358 ἂν
3423 4303 3520 4358 καὶ
3563 4303 3770 4358 εὐδοκι-

2092 4397 2298 4468 μοῦντα
2355 4396 2529 4461 ῖδωσι,
2569 4393 2732 4464 βαϐαὶ
2781 4394 2882 4464 τῆς
2935 4393 3238 4464 τιμωρίαςί
3277 4393 3449 4459 ’Ἄφες
3507 4392 3656 4462 αὐτῷ
3709 4392 3770 4444 τὸ

2090 4487 2417 4558 ἁμάρτημα,
2446 4484 2541 4538 καὶ
2565 4481 2877 4549 ἀπάλλαξον
2908 4483 3101 4534 σαυτὸν
3160 4479 3261 4550 τῆς
3295 4480 3552 4550 βασάνου.
3576 4479 3640 4531 Τί
3671 4478 3767 4549 μέ-

2090 4593 2200 4637 νεις
2221 4572 2513 4636 διαπαντὸς
2556 4570 2937 4641 κολαζόμενος,
2971 4571 3055 4624 ἵνα
3091 4571 3299 4622 ἐκεῖνον
3333 4566 3478 4633 ἅπαξ
3535 4565 3767 4636 κολάσῃς

2093 4665 2191 4718 καὶ
2218 4663 2552 4734 τιμωρήσῃ;
2587 4660 2638 4714 τί
2682 4657 3113 4722 κατασκευάζεις
3145 4656 3362 4710 ἑκτικὸν
3391 4651 3570 4723 σαυτῴ
3607 4653 3768 4722 νόση-

2098 4767 2176 4820 μα
2214 4747 2235 4787 ί
2265 4765 2281 4816 ;
2327 4749 2377 4801 τί
2415 4747 2736 4818 βουλόμενον
2757 4743 3143 4814 ἀπαλλαγῆναί
3183 4759 3275 4800 σου
3303 4743 3392 4796 τὸν
3422 4740 3591 4812 θυμὸν
3636 4756 3770 4792 κατ-

2097 4839 2274 4907 έχεις;
2316 4836 2470 4905 Μηδέ
2507 4835 2698 4906 μέχρις
2729 4833 2967 4902 ἑσπέρας
2993 4832 3226 4903 μενέτω,
3255 4831 3419 4901 φησὶν
3461 4832 3490 4884 ὁ
3543 4828 3770 4892 Παῦλος.

2099 4927 2367 4994 Καθάπερ
2414 4924 2523 4994 γὰρ
2568 4919 2811 4994 τηκεδών
2845 4939 2929 4983 τις
2973 4920 3068 4973 καὶ
3100 4919 3218 4991 σὴς,
3278 4918 3422 4971 οῦτω
3473 4918 3574 4988 τὴν
3622 4916 3776 4988 ῥίζαν

2097 5016 2198 5085 τῆς
2229 5014 2503 5082 ἡμετέρας
2553 5007 2844 5081 διατρώγει
2904 5007 3163 5070 διανοίας.
3218 5007 3284 5059 Τί
3335 5005 3523 5078 θηρίον
3581 5008 3772 5059 ἐναπο-

2100 5102 2301 5164 κλείεις
2326 5099 2407 5163 εἰς
2435 5100 2504 5153 τὰ
2532 5099 2818 5168 σπλάγχνα
2841 5097 2910 5151 τά
2943 5097 3046 5163 σά;
3078 5096 3298 5150 Βέλτιον
3327 5096 3454 5164 ὅφιν
3487 5093 3520 5166 ἢ
3545 5095 3660 5166 ἔχιν
3685 5096 3777 5161 ἐγ-

2102 5191 2314 5244 κεῖσθαι
2343 5192 2410 5259 τῇ
2438 5186 2658 5259 καρδίᾳ,
2706 5185 2740 5256 ἢ
2800 5184 2969 5256 θυμὸν
3007 5186 3101 5240 καὶ
3150 5184 3538 5256 μνησικακίαν·
3600 5185 3780 5236 ἐκεῖνα

2106 5281 2203 5349 μὲν
2233 5277 2340 5349 γὰρ
2367 5275 2571 5338 εὐθέως
2591 5275 2658 5328 ἂν
2685 5275 2836 5345 ἡμᾶς
2864 5273 3194 5344 ἀπήλλαξεν,
3222 5266 3378 5336 οὗτος
3401 5271 3458 5324 δὲ
3493 5273 3644 5342 μένει
3670 5269 3782 5324 δια-

2099 5367 2328 5431 παντὸς,
2370 5366 2492 5428 τοὺς
2513 5363 2736 5426 ὀδόντας
2767 5363 3084 5433 ἐμπηγνὺς,
3137 5363 3229 5416 τὸν
3267 5362 3343 5416 ίὸν
3381 5361 3629 5424 ἐντιθεὶς,
3657 5361 3782 5422 τούς

2104 5458 2372 5529 χαλεποὺς
2398 5451 2805 5524 ἐπιστρατεύων
2837 5461 2864 5500 ε
2891 5452 3204 5523 λογισμούς.
3245 5452 3406 5505 Ἀλλὰ
3431 5451 3605 5506 ταῦτα
3626 5447 3782 5512 ποιῶ,

2105 5549 2289 5618 φησὶν,
2309 5547 2399 5598 ἵνα
2433 5543 2510 5615 μὴ
2536 5540 2905 5612 καταγελάσῃ,
2940 5542 3025 5595 ἵνα
3057 5543 3131 5615 μὴ
3156 5542 3566 5611 καταφρονήσῃ.
3602 5535 3784 5590 Ἀθλιε

2105 5636 2358 5704 ἄνθρωπε
2389 5634 2483 5687 κοιλ⁵
2509 5632 2850 5705 ταλαίπωρε,
2877 5633 2939 5685 οὐ
2965 5631 3144 5702 βούλει
3179 5629 3653 5698 καταγελασθῆναι
3681 5641 3786 5676 πα-

2109 5723 2175 5794 ρὰ
2209 5722 2301 5776 τοῦ
2334 5721 2644 5786 συνδούλου,
2685 5720 2821 5775 ἀλλά
2857 5719 3159 5790 μισηθῆναι
3224 5717 3373 5788 παρά
3405 5716 3499 5771 τοῦ
3559 5714 3651 5767 σοῦ
3685 5716 3779 5766 Δε-

2192 5866 2214 5892 θ
2244 5851 2362 5912 Alii,
2384 5851 2707 5907 ἀπολωλυίας,
2731 5850 2882 5898 male.
2954 5849 2973 5886 ί
3003 5849 3208 5910 Quidam
3255 5849 3461 5912 ἐκτῆκον
3495 5844 3678 5912 σαυτὸν.
3713 5844 3785 5903 τῷ

2105 5907 2359 5977 νοσήματι,
2382 5926 2506 5977 (ιιιωῂ
2527 5915 2685 5977 μινεοιὶο
2719 5925 2820 5977 n0n_
2863 5907 3161 5977 sperpénda,
3188 5917 3231 5960 te
3251 5909 3438 5977 morbo
3476 5907 3783 5977 tqbcl'aqiens.

2108 5984 2130 6020 8
2159 5969 2258 6036 SiE,
2281 5969 2581 6030 cunfcodd.,
2607 5974 2844 6024 Commel.
2889 5969 2944 6022 ει
2969 5969 3153 6035 δεινὴ,
3169 5974 3472 6035 scripsimus.
3502 5969 3787 6031 Legvbalur

2110 6039 2456 6090 ξας-στρατεύων.
2507 6036 2642 6084 Ευιτ.
