4112 6434
311 395 407 450 2.93

310 512 443 564 vitas
471 503 709 576 quidem,
740 500 836 556 sed
866 510 1044 553 tamen
1069 503 1391 567 cooperator
1411 537 1426 561 ,
1454 494 1580 549 dum
1614 493 1894 549 continen-

311 602 493 656 tiorem
527 594 705 651 reddit
739 602 863 648 eum
888 597 1050 661 quem
1079 594 1305 658 occupat
1333 601 1348 639 :
1397 595 1673 657 peccatum
1704 598 1838 640 vero
1865 600 1896 640 e

311 703 466 761 regno
489 685 658 757 ejicit.

378 801 427 857 ὁ.
460 798 664 853 Habere
689 802 954 867 peccatum
983 806 1133 863 quam
1159 788 1340 844 habere
1381 788 1662 843 damnent
1689 786 1899 859 gravius

318 906 405 951 est.
431 923 498 933 —
522 891 595 948 At
627 890 767 945 forte
795 887 940 943 dicet
979 883 1243 956 quispiam
1288 901 1301 937 :
1334 872 1487 937 Absit
1513 922 1529 948 ,
1558 888 1616 935 ut
1642 880 1721 935 sic
1747 893 1896 934 asse-

316 1002 442 1058 quar
468 981 879 1040 continentiam.
910 976 1096 1048 Neque
1124 991 1225 1046 ego
1251 974 1433 1040 velim,
1477 971 1573 1029 sed
1600 971 1709 1027 alio
1739 969 1900 1026 modo

318 1089 370 1133 ut
397 1075 575 1131 omnia
611 1072 775 1128 facias
804 1085 869 1126 ex
895 1082 1082 1124 amore
1108 1067 1329 1123 Christi.
1357 1064 1414 1122 Si
1443 1079 1574 1120 vero
1604 1067 1726 1129 hoc,
1755 1061 1897 1132 quod

314 1170 463 1235 :tbsll,
495 1165 773 1235 coruingat
804 1204 820 1229 ,
847 1171 948 1232 pro
973 1161 1074 1216 hoc
1102 1167 1184 1215 est
1209 1158 1491 1215 orandum.
1519 1155 1574 1213 Si
1602 1155 1763 1226 igitur
1788 1153 1899 1208 dae-

316 1274 433 1314 mon
464 1272 571 1312 non
600 1255 766 1324 ejicit,
792 1260 1071 1322 peccatum
1099 1264 1226 1304 vero
1251 1248 1420 1317 ejicit,
1446 1246 1514 1301 ab
1543 1245 1646 1302 hoc
1675 1245 1897 1301 liberari

316 1350 481 1421 majus
524 1356 608 1403 est
635 1344 978 1400 beneficium.
1013 1343 1151 1412 Ergo
1195 1340 1264 1394 ab
1292 1339 1393 1394 hoc
1422 1338 1721 1408 proximum
1764 1335 1896 1391 libe-

315 1443 417 1498 rari
441 1450 712 1505 curemus,
737 1445 791 1492 et
817 1443 938 1489 ante
960 1433 1288 1504 proximum,
1309 1444 1406 1485 nos
1439 1426 1900 1500 ipsos.Videamus

315 1550 383 1591 ne
416 1532 714 1590 daemonem
767 1528 1094 1592 habeamus,
1126 1524 1406 1594 diligenter
1453 1536 1551 1576 nos
1590 1522 1735 1591 ipsos
1762 1533 1896 1575 exa-

320 1626 606 1680 minemus.
636 1622 886 1676 Damione
914 1619 1136 1690 gravius
1164 1626 1248 1673 est
1276 1623 1554 1687 peccatum
1580 1627 1596 1680 ;
1630 1611 1722 1668 ille
1750 1627 1903 1666 nam-

318 1732 426 1789 que
475 1715 702 1771 humiles
753 1712 958 1769 reddit.
1016 1711 1211 1766 Annon
1262 1707 1459 1765 videtis
1497 1705 1898 1770 daemoniacos,

318 1809 530 1884 quando
552 1823 581 1864 a
604 1806 789 1862 morbo
805 1813 1139 1865 recreantur,
1164 1817 1323 1873 quam
1346 1801 1454 1855 sint
1472 1798 1717 1865 demissi,
1740 1812 1900 1869 quam

320 1901 538 1957 uuesti?
566 1897 834 1971 quomodo
872 1897 1050 1951 vultus
1094 1894 1299 1965 pudore
1352 1890 1712 1955 suffundatur,
1768 1903 1903 1960 quo-

315 1993 473 2051 modo
499 2009 603 2048 non
632 1993 810 2046 ausint
838 1988 1088 2046 obtueri?
1115 1986 1248 2044 Vide
1272 1984 1656 2042 absurditatem
1690 1999 1705 2035 :
1738 1980 1816 2036 illi
1838 1980 1905 2036 de

313 2089 376 2146 iis
403 2102 526 2158 quae
568 2086 846 2156 patiuntur
893 2079 1262 2144 erubescunt,
1294 2094 1393 2133 nos
1437 2077 1505 2133 de
1535 2076 1669 2131 actis
1704 2070 1904 2129 nostris

314 2196 418 2235 non
445 2176 820 2234 erubescimus
865 2189 880 2227 :
909 2173 985 2227 illi
1032 2171 1228 2242 injuria
1259 2168 1437 2226 ηπεοιί
1478 2175 1736 2223 verentur
1760 2206 1776 2232 ,
1807 2178 1905 2218 nos

311 2270 504 2342 injuria
532 2268 830 2323 allicientes
862 2279 965 2319 non
993 2278 1262 2318 veremur.
1291 2259 1452 2330 Atqui
1482 2258 1697 2312 illorum
1727 2266 1902 2311 status

313 2377 417 2416 non
447 2359 657 2431 pudore
688 2357 901 2427 dignus,
933 2353 1028 2414 sed
1057 2351 1425 2409 misericordia
1452 2357 1507 2405 et
1544 2348 1902 2414 humanitate,

309 2454 506 2519 venia,
563 2450 917 2506 admiratione
968 2461 1194 2517 magna,
1250 2442 1545 2499 innumeris
1612 2441 1905 2509 laudibus,

310 2545 533 2617 quando
559 2557 682 2599 cum
729 2542 818 2597 tali
860 2539 1107 2594 daemone
1134 2543 1508 2593 concertantes
1531 2574 1548 2602 ,
1578 2532 1756 2588 omnia
1784 2546 1906 2586 cum

308 2639 607 2710 gratiarum
638 2634 850 2689 actione
877 2631 1147 2701 patiuntur
1176 2646 1189 2682 :
1222 2634 1405 2682 nostra
1445 2639 1575 2679 vero
1600 2621 1759 2693 digna
1780 2628 1908 2676 sunt

310 2732 438 2795 risu,
471 2728 707 2800 pudore,
735 2724 1097 2787 accusatione,
1128 2718 1414 2792 supplicio,
1445 2730 1622 2786 poena,
1652 2711 1910 2769 extremis

310 2824 492 2890 malis,
551 2811 824 2891 geheuna,
878 2816 1129 2885 nullaque
1172 2811 1349 2867 venia.
1401 2808 1587 2864 Viden’
1631 2814 1909 2878 peccatum

309 2916 564 2972 dmmune
605 2910 842 2967 deterius
885 2906 1045 2965 esse?
1094 2905 1160 2961 Et
1198 2904 1277 2959 illi
1308 2901 1526 2972 quidem
1555 2915 1625 2956 ex
1654 2899 1720 2955 iis
1744 2939 1761 2966 ,
1789 2913 1909 2970 qua:

309 3008 555 3079 graviter
588 3002 862 3076 patiuntur
892 3041 907 3067 ,
940 2997 1138 3069 duplex
1166 2997 1374 3052 lucrum
1402 3000 1678 3064 reportant
1703 3007 1718 3045 :
1745 3003 1910 3046 unum

311 3099 455 3171 quod
487 3094 901 3166 temperatiores
924 3091 1033 3146 sint
1057 3099 1110 3144 et
1132 3086 1300 3158 magis
1329 3081 1652 3156 philosophi,
1682 3081 1909 3137 alterum

313 3191 483 3264 quod.
520 3202 638 3243 cum
681 3186 768 3241 hic
799 3191 1142 3255 peccatorum
1187 3193 1373 3251 ptenas
1398 3176 1664 3239 dederint,
1693 3173 1815 3247 puri
1843 3172 1911 3229 ad

314 3282 608 3338 Dominum
632 3276 882 3348 migrent.
912 3273 1047 3329 Nam
1078 3272 1179 3326 hac
1204 3270 1275 3325 de
1300 3284 1360 3325 re
1390 3282 1533 3339 saepe
1562 3265 1912 3322 disseruimus

313 3385 367 3433 et
385 3371 758 3437 ostendimus,
780 3378 876 3424 eos
895 3366 986 3438 qui
1015 3366 1102 3420 hic
1130 3362 1424 3434 puniuntur
1450 3401 1464 3427 ,
1494 3360 1539 3416 si
1569 3358 1801 3428 benigne
1829 3357 1909 3412 fe-

317 3476 473 3535 rant,
542 3474 786 3536 magnam
837 3468 1177 3532 peccatorum
1232 3455 1498 3512 sarcinam
1553 3450 1916 3508 verisimiliter

316 3558 621 3630 deponere.
651 3554 699 3610 Α
726 3552 960 3624 peccatis
983 3560 1163 3605 autem
1188 3546 1421 3617 duplicia
1450 3543 1590 3599 mala
1616 3543 1873 3599 eveniunt
1898 3558 1913 3596 :

320 3667 484 3708 unum
549 3646 694 3719 quod
740 3642 1096 3707 oll'endamus,
1148 3640 1375 3694 alterum
1424 3633 1569 3707 quod
1618 3633 1916 3690 deteriores

320 3743 646 3801 evadamus.
680 3735 954 3793 Atten‘dite
992 3732 1169 3788 dictis.
1214 3727 1331 3784 Non
1358 3726 1412 3782 in
1455 3724 1560 3781 hoc
1589 3731 1797 3779 tantum
1825 3722 1917 3777 la:-

325 3837 500 3890 dimur
546 3847 576 3886 a
626 3835 869 3900 peccato,
918 3822 1060 3896 quod
1106 3830 1428 3893 peccemus;
1477 3813 1571 3871 sed
1601 3823 1655 3869 et
1695 3813 1749 3867 in
1788 3811 1912 3876 alio,

331 3928 472 3997 quod
496 3925 677 3980 anima
709 3921 947 3976 habitum
994 3916 1275 3977 admittat;
1304 3911 1443 3967 sicut
1484 3907 1619 3965 etin
1643 3918 1872 3976 corpore
1900 3920 1914 3956 :

332 3996 524 4074 clarius
552 4015 701 4072 enim
744 4012 847 4069 erit
891 4008 1015 4065 inde
1044 4014 1314 4076 sumptum
1360 4000 1686 4071 exemplum.
1717 3996 1917 4065 Quem-

329 4109 619 4165 admodum
663 4105 808 4160 enim
844 4100 1152 4157 febricitans
1195 4111 1306 4150 non
1344 4095 1401 4149 in
1429 4093 1533 4148 hoc
1564 4090 1742 4147 solum
1769 4085 1920 4142 laedi-

331 4211 435 4264 tur,
475 4198 624 4271 quod
662 4195 978 4253 intirmetur,
1008 4189 1103 4245 sed
1137 4188 1297 4244 etiam
1326 4183 1469 4256 quod
1515 4190 1635 4255 post
1677 4180 1921 4236 morbum

329 4293 399 4348 sit
428 4289 724 4355 inﬁrmior,
751 4284 964 4342 etiamsi
1002 4297 1069 4336 ex
1104 4280 1358 4335 diuturno
1402 4276 1592 4332 morbo
1633 4274 1687 4329 in
1725 4272 1921 4329 bonam

330 4381 699 4438 valetudinem
740 4375 963 4432 redeat:
995 4376 1073 4427 sic
1101 4378 1156 4426 et
1178 4369 1248 4425 de
1276 4375 1497 4439 peccato
1518 4363 1829 4429 dicendum,
1861 4361 1927 4416 li-

330 4486 417 4531 cet
442 4486 724 4535 sanemur,
755 4468 929 4524 adhuc
957 4474 1137 4521 tamen
1159 4475 1379 4534 egemus
1424 4458 1759 4515 fortitudine.
1791 4455 1926 4512 Vide

332 4579 571 4636 namque
597 4561 727 4618 mihi
766 4557 1112 4631 quempiam,
1140 4554 1231 4625 qui
1273 4550 1598 4608 contumelia
1641 4548 1879 4604 all'eeerit
1904 4588 1919 4611 ,

338 4672 438 4712 nec
469 4668 660 4726 pmnas
685 4650 894 4708 dederit
929 4668 943 4704 :
973 4664 1078 4704 non
1106 4646 1229 4702 ideo
1253 4645 1426 4699 solum
1450 4639 1736 4714 lacrymari
1760 4654 1925 4710 opor-

344 4756 441 4814 tet,
469 4746 614 4818 quod
640 4743 981 4800 contumelia-
1012 4753 1198 4812 poenas
1221 4752 1333 4793 non
1357 4734 1608 4792 dederit?
1636 4733 1744 4789 Sed
1767 4731 1929 4788 etiam

351 4837 455 4891 alia
487 4836 558 4891 de
603 4850 763 4891 causa
796 4831 1108 4904 lugendum.
1155 4828 1374 4896 Quare?
1403 4826 1535 4895 Quia
1571 4823 1932 4895 impudentior

348 4925 579 4982 ell‘ectus
613 4928 694 4982 est
727 4925 959 4979 animus.
1001 4921 1344 4992 Singulorum
1372 4918 1517 4974 enim
1547 4924 1889 4988 peccatorum
1915 4955 1928 4980 ,

342 5028 633 5091 postquam
668 5019 918 5074 delictum
966 5023 1249 5087 peractum
1273 5020 1357 5068 est
1394 5020 1450 5067 et
1490 5008 1757 5077 cessavit,
1789 5007 1935 5062 virus

338 5108 626 5182 quoddam
654 5109 710 5164 in
733 5108 911 5163 anima
938 5105 1213 5161 inseritur.
1243 5101 1359 5158 Non
1387 5099 1538 5156 audis
1568 5099 1832 5171 quosdam
1854 5096 1936 5152 di-

334 5212 560 5267 centes,
594 5207 873 5271 postquam
913 5210 945 5251 a
975 5194 1166 5252 morbo
1194 5192 1423 5250 recreati
1453 5201 1580 5246 sunt
1606 5210 1620 5246 :
1650 5189 1768 5245 Non
1798 5188 1937 5244 ultra

330 5294 513 5351 ausim
547 5304 742 5360 aquam
772 5289 960 5345 bibere
984 5305 1001 5356 ;
1022 5288 1155 5342 licet
1178 5285 1293 5340 sani
1325 5283 1470 5340 sint?
1497 5282 1592 5351 sed
1630 5281 1850 5336 morbus
1882 5280 1935 5333 in

332 5387 440 5440 hoc
480 5376 655 5439 etiam
698 5379 856 5435 laisit.
886 5379 953 5435 Et
998 5378 1079 5433 illi
1107 5375 1321 5448 quidem
1365 5372 1505 5428 mala
1551 5372 1714 5442 passi,
1740 5370 1940 5441 gratias

330 5485 540 5550 agunt;
597 5487 700 5528 nos
737 5481 918 5528 autem
950 5469 1078 5525 dum
1121 5467 1260 5523 bene
1289 5464 1573 5531 habemus,
1621 5462 1787 5518 Deum
1827 5460 1941 5516 blaa

333 5571 727 5642 Sphemamus,
756 5570 811 5619 et
852 5570 995 5633 :egrc
1021 5559 1242 5616 ferimus
1276 5574 1289 5613 :
1317 5556 1499 5626 plures
1525 5555 1670 5609 enim
1700 5552 1949 5607 invenias

330 5665 386 5718 in
420 5660 674 5718 sanitate
710 5669 774 5709 ac
801 5653 1006 5710 divitiis
1030 5651 1135 5707 hoc
1162 5658 1383 5721 agentes
1402 5688 1416 5715 ,
1446 5660 1605 5717 quam
1634 5645 1688 5699 in
1715 5658 1943 5713 pauper-

332 5762 449 5808 tate
470 5759 535 5807 et
563 5746 900 5804 inﬁmitate.
923 5745 1090 5798 Instat
1117 5742 1260 5797 enim
1286 5740 1494 5795 daemon
1530 5736 1678 5809 quasi
1700 5734 1940 5791 carnifex

322 5845 530 5902 ardens
581 5838 762 5893 minas
790 5838 1082 5903 intentans,
1115 5833 1250 5889 sicut
1276 5830 1490 5901 quidam
1522 5828 1840 5901 paedagogus
1866 5827 1946 5884 lo-

1295 380 1359 436 lN
1399 381 1572 436 ACTA
1608 376 2106 436 APOSTOLORUM
2170 377 2396 467 HUMIL.
2442 376 2571 433 XLI.

3497 380 3599 438 (294

2007 509 2124 547 rtnn
2162 493 2394 564 erigens,
2440 502 2489 547 et
2518 507 2780 563 nusquam
2810 491 3099 549 deflectere
3128 494 3332 548 sinens.
3362 493 3515 560 Quod
3555 495 3599 550 si

2006 585 2096 656 qui
2120 601 2187 640 ne
2210 587 2280 641 ita
2311 585 2527 656 quidem
2567 586 2799 656 sapiant,
2843 600 2952 641 non
2979 586 3104 642 dant
3139 587 3214 642 illi
3245 601 3450 658 pmuas.
3484 583 3599 645 Non

2012 686 2200 746 parum
2231 686 2410 733 autem
2443 678 2544 732 hoc
2584 686 2687 733 est.
2723 677 2788 733 Ut
2815 678 2956 733 enim
2986 678 3156 746 stulti,
3187 689 3243 734 ut
3284 680 3496 746 furiosi,
3543 691 3599 735 ut

2009 768 2162 837 pueri
2214 783 2320 823 non
2366 767 2498 823 dant
2545 782 2730 838 poenas
2751 810 2765 832 ,
2797 768 2874 823 sic
2908 785 3082 839 neque
3113 769 3164 823 hi
3199 788 3212 824 :
3243 786 3427 826 eorum
3455 757 3599 826 enim

2007 870 2127 929 quae
2155 859 2448 915 inscienter
2487 868 2604 914 acta
2634 870 2759 913 sunt
2784 901 2800 925 ,
2833 874 2994 915 nemo
3026 870 3131 914 tam
3164 860 3398 916 crudelis
3427 873 3509 916 est
3540 873 3599 916 ut

2009 964 2195 1019 poenas
2222 959 2449 1020 repetat.
2477 950 2619 1021 Ergo
2650 962 2936 1020 peccantes
2964 952 3133 1007 multo
3157 950 3394 1006 deterius
3425 951 3599 1007 affecti

2007 1056 2193 1097 sumus
2238 1056 2399 1112 quam
2440 1040 2783 1099 daemoniaci.
2831 1036 2938 1099 Sed
2970 1060 3077 1099 non
3122 1059 3470 1115 spumamus,
3503 1060 3601 1100 nec

2009 1132 2237 1203 pupillas
2259 1132 2659 1203 distorquemus
2678 1134 2759 1189 vel
2789 1149 2979 1189 manus
3000 1134 3024 1188 ἲ
3051 1133 3261 1190 Utinam
3286 1136 3388 1191 hoc
3414 1137 3468 1191 in
3484 1152 3598 1191 cor-

2009 1236 2140 1294 pore
2186 1233 2524 1293 pateremur,
2560 1239 2664 1279 non
2708 1224 2760 1278 in
2809 1225 2985 1279 anima
3016 1223 3142 1280 lVis
3189 1227 3284 1280 tibi
3316 1228 3598 1282 ostendant

2006 1315 2238 1368 animam
2285 1323 2645 1384 spumantem,
2693 1315 2982 1386 impuram,
3009 1327 3063 1372 ct
3111 1317 3371 1372 distortos
3415 1318 3602 1374 oculos

2010 1403 2240 1460 mentis?
2279 1404 2464 1475 Cogita
2493 1405 2658 1460 iratos
2697 1417 2752 1461 et
2801 1409 2979 1464 furore
3021 1407 3223 1472 ebrios,
3259 1426 3362 1479 qua
3413 1422 3600 1481 spuma

2009 1515 2112 1552 non
2168 1498 2521 1553 imununliora
2568 1498 2845 1570 proferunt
2889 1493 3088 1556 verba?
3144 1502 3392 1557 Profecto
3441 1504 3594 1574 quasi

2009 1588 2253 1643 fmtidum
2298 1600 2513 1660 sputum
2550 1590 2821 1645 emittunt.
2864 1591 2931 1647 Et
2978 1592 3117 1647 sicut
3167 1592 3239 1647 illi
3283 1593 3487 1647 nullum
3535 1609 3603 1649 ex

2011 1684 2365 1753 przrsentibus
2393 1693 2617 1752 norunt,
2648 1686 2725 1741 sic
2755 1698 2930 1758 neque
2957 1686 3032 1743 hi.
3062 1689 3425 1746 Obtencbrata
3451 1691 3594 1746 enim

2010 1774 2223 1829 illorum
2260 1784 2440 1829 mente
2467 1783 2521 1830 et
2546 1776 2787 1832 distortis
2813 1777 2987 1834 oculis
3011 1823 3026 1846 ,
3055 1794 3160 1836 non
3192 1784 3422 1837 amicum
3449 1825 3462 1848 ,
3496 1799 3602 1837 nun

2011 1865 2307 1933 inimicum,
2342 1881 2448 1921 non
2480 1869 2843 1927 venerabilem
2875 1912 2890 1937 ,
2922 1882 3027 1925 non
3054 1871 3478 1942 deepiciendunt,
3510 1876 3602 1930 sed

2011 1972 2199 2012 onmes
2229 1972 2334 2011 uno
2382 1958 2576 2014 intuitu
2603 1969 2851 2015 cernunt.
2880 1960 2995 2016 Non
3027 1962 3179 2018 vides
3222 1963 3320 2018 hos
3368 1973 3603 2019 tremere

2011 2050 2147 2103 sicut
2178 2049 2302 2105 illos
2324 2048 2469 2105 ?Sed
2492 2065 2604 2106 non
2628 2051 2826 2107 cadunt
2843 2053 2895 2107 in
2925 2055 3170 2110 terram?
3199 2054 3395 2111 Verum
3423 2055 3603 2113 anima

2012 2154 2201 2197 eorum
2251 2142 2395 2197 humi
2431 2142 2576 2214 jacet
2602 2151 2657 2200 et
2682 2144 2825 2199 cadit
2854 2145 3122 2216 palpitans
3156 2167 3170 2203 z
3199 2149 3243 2203 si
3284 2149 3426 2204 enim
3459 2158 3604 2205 recta

2012 2241 2196 2297 staret,
2228 2248 2332 2287 non
2363 2242 2638 2303 pateretur
2659 2234 2746 2290 illa
2774 2252 2892 2306 qua:
2923 2238 3142 2307 patitur.
3179 2239 3372 2295 Annon
3411 2240 3601 2296 viden-

2012 2330 2099 2377 tur
2149 2323 2242 2379 tibi
2273 2323 2496 2395 abiectae
2527 2340 2649 2381 esse
2688 2327 2882 2382 animae
2904 2369 2922 2395 ,
2950 2343 3067 2400 quae
3097 2329 3424 2401 vigilantiam
3455 2348 3606 2387 suam

2013 2413 2322 2485 perdiderit,
2352 2430 2413 2469 ea
2442 2431 2560 2485 qua:
2588 2417 2664 2471 illi
2691 2415 2873 2473 dicunt
2906 2428 2959 2473 et
2990 2418 3194 2475 faciunt
3219 2418 3401 2477 animo
3427 2422 3608 2478 ebrii?

2014 2507 2109 2562 Est
2157 2514 2210 2561 et
2257 2506 2402 2561 aliud
2445 2507 2637 2563 furoris
2685 2522 2856 2579 genus
2907 2509 3012 2565 hoc
3044 2511 3279 2582 gravius.
3326 2512 3607 2579 Quodnam

2015 2597 2142 2653 illud
2164 2598 2188 2652 ?
2209 2598 2432 2667 Quando
2449 2610 2625 2668 neQue
2647 2601 2781 2654 iram
2805 2601 3001 2656 remitti
3032 2602 3321 2669 sustinent,
3345 2604 3439 2659 sed
3467 2605 3608 2673 apud

2014 2703 2074 2745 se
2099 2689 2249 2743 alunt
2271 2731 2285 2757 ,
2313 2691 2461 2760 quasi
2495 2690 2858 2746 domesticum
2887 2692 3195 2748 carniﬁcem
3229 2693 3521 2750 ulciscendi
3549 2710 3609 2751 se

2015 2783 2378 2854 cupiditatem.
2436 2783 2562 2838 Illos
2606 2785 2748 2840 enim
2800 2784 3003 2855 primos
3055 2786 3170 2841 htec
3216 2786 3482 2857 cupiditas
3520 2787 3607 2843 hie

2016 2877 2211 2949 perdit,
2292 2886 2350 2933 ut
2390 2878 2566 2933 futura
2613 2889 2950 2949 praeteream.
2982 2879 3114 2934 Nam
3144 2883 3401 2949 quantum
3450 2889 3604 2952 putas

2015 2988 2138 3030 esse
2192 2981 2514 3029 tormentum
2563 2972 2796 3028 hominis
2845 2975 3026 3027 animo
3078 2973 3335 3044 perculsi,
3384 2974 3608 3046 singulis

2016 3064 2208 3121 diebus
2234 3064 2549 3120 meditantis
2575 3106 2591 3133 ,
2620 3079 2730 3136 quo
2760 3073 2918 3135 pacto
2948 3064 3224 3121 inimicum
3273 3065 3606 3122 ulciscatur?

2018 3155 2202 3212 Primo
2260 3156 2500 3226 seipsum
2546 3156 2719 3226 punit,
2776 3164 2831 3211 et
2882 3154 3122 3210 inflatum
3168 3155 3369 3227 plectit,
3424 3150 3613 3213 centra

2018 3248 2252 3320 Seipsum
2277 3254 2516 3320 pugnans
2536 3254 2591 3302 et
2614 3248 2883 3303 incensus.
2910 3246 3139 3304 Necesse
3160 3249 3302 3303 enim
3324 3258 3408 3304 est
3433 3251 3613 3320 ignem

2018 3356 2234 3412 semper
2278 3341 2331 3396 in
2376 3348 2433 3396 te
2458 3340 2649 3396 ardere
2682 3358 2696 3394 :
2731 3350 2786 3396 ct
2816 3338 3006 3395 febrim
3039 3348 3245 3395 tantum
3293 3340 3575 3397 intendens
3595 3387 3610 3405 ,

2019 3443 2127 3485 nun
2158 3429 2292 3486 sinis
2311 3429 2646 3495 decrescere,
2671 3440 2934 3501 pntasque
2965 3438 3016 3485 le
3043 3430 3119 3485 illi
3148 3432 3346 3487 malum
3375 3432 3614 3499 inferre;

2022 3521 2137 3592 ipse
2165 3534 2293 3576 vero
2324 3522 2554 3591 teipsum
2584 3520 2855 3586 tabefacis,
2888 3519 3157 3575 flammam
3183 3535 3400 3594 semper
3432 3524 3614 3594 vigen-

2023 3623 2129 3668 tem
2153 3622 2388 3683 gestans,
2413 3628 2515 3668 nee
2540 3611 2726 3668 sinens
2761 3613 2993 3667 animam
3022 3614 3321 3684 quiescere,
3359 3616 3452 3670 sed
3481 3616 3612 3671 clfe-

2023 3714 2172 3760 ratus
2197 3712 2430 3774 semper,
2454 3711 2508 3758 et
2534 3702 2585 3758 in
2614 3703 3018 3773 perturbatione
3036 3711 3094 3760 et
3115 3713 3432 3777 tempestate
3460 3720 3613 3761 men-

2025 3804 2130 3852 tem
2172 3794 2434 3850 retinens.
2882 3794 2883 3799 “

2096 3888 2149 3944 5.
2183 3887 2320 3956 Quid
2361 3887 2460 3943 hoc
2488 3888 2667 3943 lurore
2696 3886 2952 3956 deterius,
2975 3902 3187 3960 semper
3208 3890 3276 3944 ita
3298 3889 3503 3954 dolere,
3533 3890 3613 3946 in-

2027 3978 2166 4049 ﬂari,
2188 3980 2416 4038 ardere?
2438 3980 2595 4037 Tales
2619 3980 2762 4036 enim
2786 3992 2907 4037 sunt
2929 3982 3214 4038 vindictam
3242 3983 3616 4040 meditantium

2026 4074 2219 4136 animae
2248 4090 2261 4127 :
2294 4074 2381 4129 ubi
2411 4073 2641 4129 viderint
2664 4090 2810 4140 eum,
2842 4089 3002 4145 quem
3029 4074 3215 4131 ulcisci
3239 4076 3479 4146 cupiunt,
3507 4086 3621 4132 sta-

2030 4166 2125 4220 tim
2154 4168 2525 4231 concitantur;
2567 4166 2613 4221 si
2643 4182 2829 4221 vocem
2856 4165 3146 4232 audierint,
3179 4167 3452 4232 decidunt,
3501 4176 3614 4223 tre-

2030 4265 2220 4323 munt;
2260 4256 2305 4311 si
2351 4257 2403 4311 in
2436 4257 2574 4312 lecto
2598 4256 2938 4324 decumbant,
2980 4257 3127 4313 mille
3173 4258 3273 4312 sibi
3318 4258 3614 4329 depingunt

2032 4349 2250 4406 ultionis
2277 4363 2494 4420 genera,
2526 4348 2939 4419 suspendentes,
2982 4358 3293 4421 torquentes
3336 4352 3612 4409 inimlcum

2034 4441 2180 4496 illum
2210 4456 2224 4494 :
2255 4440 2322 4495 ad
2353 4439 2489 4507 haec,
2519 4439 2565 4496 si
2595 4439 2744 4495 illum
2774 4440 2979 4497 clarum
3005 4451 3060 4497 et
3087 4442 3435 4509 consuicuum
3462 4443 3615 4500 vide-

2034 4534 2163 4600 rint,
2197 4547 2370 4604 paptr,
2397 4540 2655 4604 quantum
2682 4531 3000 4602 supplicium
3030 4534 3043 4588 l
3080 4533 3297 4590 Dimitte
3322 4534 3399 4589 illi
3431 4550 3621 4605 pecca-

2039 4632 2172 4691 tum,
2203 4633 2361 4695 teque
2387 4637 2416 4677 a
2449 4631 2715 4679 tormento
2751 4622 2945 4679 exime.
2976 4622 3087 4679 Cur
3113 4639 3328 4695 semper
3353 4626 3627 4682 cruciatus

2039 4731 2366 4789 perseveras,
2398 4724 2455 4771 ut
2478 4717 2626 4771 illum
2656 4716 2823 4773 semel
2851 4717 3124 4774 ulciscaris
3145 4727 3201 4774 et
3238 4721 3462 4790 punias?
3490 4723 3624 4793 quid

2041 4825 2194 4882 paras
2219 4809 2311 4865 tibi
2340 4809 2604 4866 hecticum
2635 4806 2881 4864 morbum
2897 4809 2929 4863 ἵ
2945 4812 3041 4865 cur
3060 4810 3295 4867 animum
3323 4820 3471 4867 tuum
3492 4814 3626 4870 libe-

2039 4903 2145 4958 rari
2183 4902 2455 4958 volentem
2482 4900 2737 4958 detines?
2785 4900 2862 4958 Ne
2899 4918 3069 4975 usque
3097 4902 3162 4959 ad
3194 4920 3474 4977 vesperam
3512 4922 3633 4962 ma-

2041 5003 2187 5060 neat,
2220 4993 2393 5064 inquit
2430 4992 2625 5049 Paulus
2656 4991 2867 5064 (Ephcs.
2901 4992 2956 5048 4.
2983 4992 3098 5066 26).
3130 4994 3278 5051 Sicut
3304 4997 3449 5052 enim
3478 4997 3633 5055 tabes

2040 5084 2289 5158 quaedam
2315 5094 2370 5141 et
2407 5085 2571 5153 tinea,
2617 5085 2694 5142 sic
2725 5086 2922 5142 mentis
2949 5097 3147 5142 nostrae
3187 5087 3430 5144 radicem
3465 5086 3632 5144 rodit.

2042 5180 2151 5236 Cur
2180 5178 2345 5235 feram
2384 5178 2616 5235 includis
2658 5177 2712 5233 in
2758 5178 3063 5235 visceribus
3089 5179 3239 5235 tuis?
3268 5180 3456 5236 Melius
3482 5192 3631 5236 esset

2043 5283 2346 5344 serpentem
2393 5280 2446 5327 et
2476 5270 2715 5341 viperam
2760 5270 2813 5326 in
2855 5270 3018 5326 corde
3053 5285 3193 5338 esse,
3221 5286 3383 5342 quam
3413 5271 3547 5327 iram
3572 5280 3628 5327 et

2045 5362 2335 5421 ulciscendi
2364 5361 2709 5434 cupiditatem
2739 5379 2752 5415 :
2783 5375 2905 5416 nam
2929 5361 3019 5416 illa
3041 5361 3248 5432 reptilia
3269 5362 3447 5416 statim
3475 5377 3506 5416 a
3528 5376 3627 5416 no-

2046 5457 2130 5513 bis
2152 5455 2534 5519 abseederent;
2564 5453 2679 5508 lszec
2706 5458 2884 5507 autem
2926 5465 3139 5522 semper
3172 5459 3373 5516 manet,
3414 5464 3634 5521 semper

2049 5551 2302 5607 dentibus
2328 5549 2515 5611 laniat,
2556 5546 2702 5601 virus
2751 5543 3009 5611 immittit,
3039 5543 3384 5599 molestarum
3422 5543 3635 5614 cogita-

2051 5644 2253 5700 tionum
2281 5640 2574 5697 exercitum
2601 5637 2866 5709 producit.
2896 5638 2966 5692 At
2988 5637 3102 5692 haec
3121 5634 3280 5703 facio,
3309 5634 3539 5706 inquies,
3565 5653 3641 5693 ne

2052 5751 2140 5793 me
2156 5734 2355 5798 rideat,
2387 5747 2455 5786 ne
2498 5736 2826 5785 contemnat.
2852 5724 3018 5784 Miser
3043 5728 3202 5783 homo
3230 5737 3286 5784 et
3304 5744 3633 5793 mrumnosc,

2053 5843 2157 5884 non
2182 5841 2258 5879 τις
2282 5842 2311 5879 a
2338 5835 2596 5878 conservo
2623 5819 2857 5889 irrideri,
2879 5816 2978 5878 sed
2995 5819 3120 5876 odio
3143 5817 3329 5877 haberi
3351 5837 3379 5875 a
3408 5821 3641 5878 Domino
