4112 6468
432 386 538 443 ροδ

434 509 523 553 tuo
554 494 611 549 ‘?
642 507 744 546 non
778 489 856 545 vis
882 485 1083 556 despici
1112 501 1140 539 a
1172 499 1458 547 conservo,
1492 482 1582 536 sed
1614 478 1898 534 Dominum
1922 475 2016 530 de-

430 582 853 658 spicis?despici
895 580 964 634 ab
1009 578 1099 632 illo
1137 592 1242 630 non
1285 574 1504 645 pateris,
1548 573 1821 638 Deumque
1866 579 2018 638 putas

433 695 541 733 non
589 674 872 744 indignari,
911 668 1057 740 quod
1111 669 1283 738 ipsum
1331 665 1598 728 derideas,
1650 661 1789 731 quod
1846 660 2017 727 ipsum

432 783 675 838 spernas,
706 765 832 819 dum
863 776 966 816 non
1000 761 1079 814 vis
1110 759 1207 828 ipsi
1230 753 1636 824 obtemperare?
1666 750 1817 819 Quod
1841 758 2018 802 autem

436 863 522 916 ille
549 876 654 914 non
688 867 739 913 tc
768 855 1047 916 deridebit,
1083 852 1207 904 hinc
1236 846 1579 903 manifestum
1615 853 1714 898 est.
1764 841 1827 915 Si
1851 848 1903 894 tc
1938 839 2019 892 nl-

435 951 674 1013 ciscaris,
699 949 822 1001 hinc
841 958 1064 1013 magnus
1086 942 1244 1005 risus,
1269 951 1490 1007 magnus
1506 940 1841 1001 contemptus
1862 948 1875 993 ;
1900 945 2021 984 nam

437 1038 887 1112 pusillanimitatis
915 1042 997 1090 est
1026 1047 1160 1101 Opus
1192 1048 1204 1083 :
1236 1031 1279 1084 si
1307 1043 1436 1083 vero
1457 1024 1749 1085 dimiseris,
1773 1035 2021 1090 magnum

437 1133 790 1192 miraculum;
827 1121 1277 1196 magnanimitatis
1306 1120 1449 1174 enim
1492 1117 1597 1171 hoc
1644 1128 1778 1184 opus
1806 1122 1907 1167 est.
1956 1113 2025 1164 At

440 1227 550 1287 ille,
583 1220 809 1290 inquies,
847 1216 897 1271 id
926 1217 1154 1284 ignorat.
1186 1211 1332 1267 Sciat
1362 1209 1524 1271 Deus,
1550 1216 1607 1260 ut
1640 1204 1897 1273 majorem
1928 1200 2023 1253 ba-

439 1314 566 1368 bcas
592 1308 915 1365 mercedem.
943 1306 998 1360 lu
1032 1306 1204 1358 fmnus
1246 1300 1389 1365 date,
1422 1297 1612 1367 inquit,
1646 1296 1732 1360 iis,
1776 1309 1805 1347 a
1837 1292 2026 1361 quibus

441 1404 571 1459 nihil
612 1404 857 1473 accipere
900 1398 1127 1470 speratis
1158 1394 1308 1469 (Luc.
1342 1394 1429 1447 14.
1462 1391 1571 1460 14).
1632 1388 1721 1444 Sic
1769 1384 2026 1441 beneficia

441 1505 755 1566 praestemus
801 1493 885 1557 iis,
917 1491 1005 1561 qui
1058 1504 1161 1542 non
1205 1487 1444 1540 sentiunt
1474 1497 1532 1536 se
1559 1478 1836 1535 beneficiis
1863 1475 2024 1540 affici,

442 1599 501 1644 ut
529 1603 594 1643 ne
623 1588 706 1641 vel
733 1585 945 1640 laudem
972 1582 1053 1636 vel
1077 1577 1277 1649 aliquid
1300 1575 1442 1630 aliud
1470 1574 1625 1629 nobis
1647 1569 2025 1642 rependentes,

442 1678 745 1736 mercedem
773 1675 926 1730 nobis
956 1674 1216 1726 minuant.
1251 1668 1386 1723 Cum
1417 1665 1557 1719 enim
1589 1662 1720 1716 nihil
1748 1662 1814 1715 ab
1852 1659 2028 1713 homi-

446 1772 602 1826 nibus
623 1768 938 1836 accipimus,
964 1773 1091 1818 tunc
1109 1760 1310 1830 majora
1338 1775 1364 1810 a
1393 1757 1502 1811 Deo
1526 1754 1867 1823 accipiemus.
1893 1748 2029 1817 Quid

446 1873 621 1917 autem
653 1862 760 1915 risu
792 1859 1023 1928 dignius,
1052 1853 1179 1924 quid
1210 1850 1449 1920 frigidius
1474 1846 1648 1901 anima
1674 1859 1794 1915 qua)
1819 1856 2033 1911 semper

448 1953 693 2007 irascitur
722 1958 774 2005 et
806 1964 863 2003 se
894 1946 1005 2000 vult
1034 1943 1219 1999 ulcisci
1244 1941 1265 1993 ’ἰ
1295 1939 1549 1994 Muliebre
1588 1951 1651 1990 ac
1682 1935 1884 2004 puerile
1912 1946 2034 2001 pro-

448 2042 675 2112 positum
699 2048 799 2094 est.
828 2036 959 2092 Nam
984 2044 1041 2089 ut
1065 2034 1153 2088 illa
1181 2039 1367 2087 contra
1402 2028 1688 2082 inanimata
1735 2026 1893 2079 etiam
1931 2023 2036 2076 ira-

447 2133 634 2197 scitur,
667 2128 790 2185 etsi
828 2126 1189 2197 pavimentum
1219 2137 1322 2175 non
1358 2118 1642 2190 percutiat,
1675 2130 1781 2170 non
1817 2113 2037 2169 remittit

448 2223 580 2277 iram
611 2239 624 2274 :
660 2221 730 2274 ita
759 2228 815 2273 et
841 2218 892 2271 hi
922 2230 1035 2281 eos,
1064 2214 1154 2284 qui
1178 2228 1234 2268 se
1260 2210 1583 2274 afﬂixerunt,
1611 2206 1794 2261 ulcisci
1825 2205 2032 2258 volunt.

448 2310 588 2381 Ergo
629 2320 681 2363 et
720 2307 822 2378 ipsi
870 2308 981 2361 risu
1008 2304 1152 2375 digni
1185 2323 1197 2357 :
1240 2319 1361 2356 nam
1411 2302 1503 2355 irae
1552 2299 1852 2367 subjectum
1892 2309 2035 2359 esse,

451 2401 672 2472 puerilis
700 2410 782 2455 est
824 2398 1019 2463 animi;
1064 2397 1156 2450 iraa
1202 2395 1487 2465 imperare,
1536 2390 1740 2445 strenui
1786 2389 1886 2444 viri
1931 2398 2034 2443 est.

453 2494 595 2564 Ergo
625 2509 729 2546 non
776 2506 874 2545 nos
906 2489 1215 2555 irridemur,
1264 2486 1309 2540 si
1361 2482 1660 2554 phil050phi
1711 2481 1898 2544 simus,
1944 2479 2039 2534 sed

456 2587 553 2640 illi.
579 2584 695 2640 Non
728 2592 810 2639 est
840 2580 969 2636 illud
1009 2576 1488 2646 contemptibilium
1520 2573 1817 2635 hominum,
1850 2586 1880 2624 a
1920 2585 2039 2641 pas-

451 2677 606 2731 sione
635 2690 743 2729 non
771 2672 910 2726 vinci
942 2689 954 2724 :
987 2666 1464 2737 contemptibilium
1496 2662 1769 2717 hominum
1791 2668 1873 2716 est
1889 2669 2043 2715 exte-

450 2784 630 2823 rerum
682 2766 846 2820 risum
902 2764 1112 2826 timere,
1157 2763 1226 2815 ita
1259 2769 1314 2813 ut
1354 2758 1474 2813 ideo
1524 2755 1820 2820 extollat-is,
1877 2753 2039 2808 animi

450 2860 639 2917 morbo
695 2857 1015 2927 subjiciaris,
1067 2853 1235 2909 Deum
1264 2851 1527 2914 offendas,
1576 2859 1630 2904 et
1667 2859 1717 2904 te
1744 2848 2038 2903 ulciscaris.

451 2952 577 3009 time
603 2967 729 3007 vere
766 2959 891 3005 sunt
919 2952 1027 3003 risu
1055 2946 1234 3017 digna.
1267 2944 1393 2998 [lare
1418 2957 1547 3013 ergo
1575 2941 1857 3011 fugiamus.
1892 2939 2044 2993 Dicat

450 3058 531 3109 se,
564 3043 783 3113 quinos
810 3040 1080 3094 sexcentis
1126 3036 1389 3107 impetivit
1433 3034 1607 3099 malis,
1653 3032 1784 3086 nihil
1828 3046 2041 3100 passum

451 3150 573 3190 esse
602 3133 726 3187 mali
757 3150 770 3186 :
802 3132 945 3186 dicat
983 3144 1063 3196 se,
1110 3129 1152 3183 si
1185 3129 1235 3181 in
1287 3142 1385 3181 nos
1432 3126 1622 3180 iterum
1664 3122 2042 3185 debacchetur,

454 3227 586 3283 nihil
615 3240 735 3281 esse
765 3239 1065 3295 passurum.
1110 3220 1223 3276 Non
1265 3220 1421 3274 aliter
1464 3226 1701 3272 nostram
1732 3214 2047 3285 praedicaret

453 3317 727 3381 virtutem,
777 3330 885 3369 non
918 3314 1018 3366 alia
1066 3319 1332 3382 qumreret
1374 3308 1553 3373 verba,
1603 3308 1649 3362 si
1696 3321 1795 3360 nos
1829 3305 2048 3360 laudare

456 3409 640 3469 vellet.
675 3423 832 3475 quam
864 3405 1003 3471 bare,
1034 3420 1152 3474 qum
1182 3415 1239 3457 ut
1283 3417 1379 3456 nos
1410 3400 1651 3455 mordeat
1676 3397 1896 3469 profert.
1927 3397 2047 3453 Uti-

458 3516 579 3555 nam
604 3514 796 3554 omnes
822 3498 938 3552 haec
975 3497 1043 3552 de
1076 3512 1163 3551 me
1192 3495 1435 3551 dicerent
1474 3511 1487 3547 :
1534 3492 1779 3562 Frigidus
1809 3492 1971 3546 homo
1995 3498 2051 3545 et

460 3594 623 3648 miser
648 3602 727 3647 est
762 3611 776 3647 :
809 3605 997 3646 omnes
1028 3590 1126 3660 ipsi
1159 3587 1535 3644 contumeliam
1566 3585 1820 3648 inferunt,
1854 3594 1907 3639 et
1938 3585 2051 3654 ipse

459 3684 593 3747 fert;
614 3698 801 3737 omnes
827 3682 1087 3745 insiliunt,
1117 3690 1170 3735 et
1192 3681 1279 3735 ille
1306 3692 1410 3733 non
1434 3693 1493 3733 se
1518 3677 1812 3732 ulciscitur.
1837 3675 2049 3731 Utinam

459 3775 718 3828 adderent
744 3789 759 3827 :
792 3770 975 3841 Neque
1006 3774 1050 3825 si
1080 3771 1225 3835 velit,
1257 3777 1473 3838 potest;
1508 3776 1565 3821 ut
1594 3766 1724 3820 mihi
1760 3765 1876 3819 laus
1907 3775 2053 3820 esset

460 3881 488 3916 a
518 3865 644 3926 Deo,
670 3872 724 3918 et
754 3878 859 3916 non
888 3863 954 3917 ab
994 3859 1321 3914 hominibus.
1363 3859 1531 3922 Dicat,
1567 3855 1707 3927 quod
1754 3856 1823 3909 ob
1851 3854 2055 3909 timidi-

466 3964 627 4007 tatem
680 3968 786 4007 non
829 3968 929 4007 nos
962 3951 1292 4007 ulciscimur.
1338 3948 1479 4003 Nihil
1524 3949 1628 4002 hoc
1672 3946 1828 4001 nobis
1875 3952 2054 4011 nocet,

465 4044 680 4114 quando
711 4044 851 4099 Deus
876 4044 1011 4109 scit;
1045 4042 1139 4098 sed
1177 4042 1486 4097 thesaurum
1517 4049 1755 4095 nostrum
1784 4038 1837 4092 in
1871 4037 2055 4107 majori

467 4200 902 4326 dc;letlunt,
943 4197 1029 4249 sed
1051 4195 1163 4247 odio
1186 4195 1355 4247 haben“
1389 4207 1420 4245 a
1445 4193 1646 4246 Domino
1678 4199 1788 4252 tuo,
1811 4198 1857 4243 et
1879 4190 1939 4242 ab
1957 4190 2062 4256 ipso

1240 368 1602 429 5.10.“le
1639 361 2111 423 CHRYSOSTOMI
2151 359 2465 416 ARCIIIEP.
2506 358 3034 416 CONSTANTINOP.

3605 363 3711 419 2‘36

2124 475 2273 543 ponit
2301 473 2560 528 custodia.
2595 474 2651 529 Si
2685 474 2806 531 illos
2829 482 3155 543 spectemus,
3192 474 3258 529 ab
3288 475 3537 530 omnibus
3565 477 3710 531 exci-

2122 565 2333 619 demus.
2362 565 2439 620 Ne
2470 565 2750 621 videamus
2790 565 2918 636 quid
2959 566 3158 633 dicant,
3200 566 3295 621 sed
3331 567 3459 636 quid
3490 582 3588 622 nos
3614 567 3714 622 de-

2123 667 2261 711 ceat.
2289 658 2360 710 At
2405 657 2501 723 illi,
2532 657 2612 712 Ne
2642 674 2725 712 me
2751 659 2872 728 quis
2900 658 3141 725 irrideat,
3187 659 3454 729 inquiunt,
3490 676 3559 715 ne
3590 660 3713 730 qui-

2124 747 2246 801 dam
2278 746 2591 817 glorientur.
2625 746 2669 802 Ο
2708 749 2985 803 stultitiam
3013 749 3026 802 !
3057 749 3225 804 Nemo
3252 750 3341 819 qui
3383 767 3470 806 me
3516 752 3717 807 laeserit

2127 854 2211 892 me
2252 839 2437 905 irrisit,
2486 838 2767 909 inquiunt;
2803 840 2854 894 id
2893 850 2996 905 est,
3035 841 3178 895 ultus
3205 858 3324 896 sum
3354 842 3527 897 illum.
3554 844 3716 914 Atqui

2133 931 2231 985 hac
2261 931 2329 986 de
2376 946 2535 986 causa
2595 932 2898 986 irridendus
2941 948 3031 998 es,
3074 934 3195 1003 quia
3250 934 3421 1001 ipsum
3466 935 3609 989 ultus
3636 950 3715 989 es.

2131 1022 2409 1078 Undenam
2454 1022 2569 1076 haec
2600 1022 2761 1075 verba
2794 1022 3007 1077 inducta
3048 1034 3193 1089 sunt,
3239 1025 3409 1093 turpia
3450 1035 3503 1079 et
3539 1027 3717 1094 perui-

2129 1113 2295 1180 eiosa,
2325 1128 2444 1184 quae
2474 1113 2636 1167 vitam
2685 1123 2924 1167 nostram
2971 1122 3026 1168 et
3069 1115 3451 1184 rempublicam
3494 1116 3718 1172 subver-

2133 1203 2284 1257 tunt?
2316 1218 2514 1269 nonne,
2547 1206 2668 1273 quia
2704 1204 2812 1259 Deo
2840 1204 3179 1260 adversantia
3223 1206 3537 1275 loquimur?
3563 1209 3715 1275 Quod

2132 1295 2275 1350 enim
2316 1295 2423 1349 Deo
2451 1295 2628 1350 reddit
2654 1296 2933 1365 :equaletn,
2965 1311 3157 1365 nempe
3197 1312 3303 1351 non
3332 1312 3391 1352 se
3417 1299 3618 1362 ulcisci,
3664 1301 3717 1356 id

2132 1396 2186 1441 tu
2215 1387 2377 1441 risum
2405 1397 2621 1456 reputas
2645 1402 2784 1443 esse.
2813 1387 2999 1442 Nonne
3032 1388 3151 1443 ideo
3190 1389 3301 1444 risu
3330 1390 3477 1461 digni
3512 1408 3715 1458 sumus,

2132 1490 2185 1534 et
2210 1479 2348 1550 apud
2377 1494 2474 1534 nos
2501 1480 2647 1549 ipsos
2688 1488 2741 1536 et
2769 1480 2907 1550 apud
2937 1481 3186 1551 gentiles,
3230 1482 3371 1552 quod
3420 1485 3492 1537 ita
3534 1496 3717 1541 contra

2136 1570 2298 1624 Deum
2333 1570 2657 1639 loquamur?

2214 1660 2441 1715 Historia
2477 1662 2664 1732 reperti
2711 1663 2953 1716 thesauri.
2984 1694 3053 1703 —
3083 1663 3216 1719 Volo
3255 1666 3528 1736 quidpiam
3567 1684 3721 1725 enar—

2136 1768 2257 1808 rare
2283 1753 2423 1823 apud
2451 1764 2659 1808 veteres
2696 1765 2924 1824 gestum,
2957 1772 3061 1810 non
3092 1758 3234 1812 circa
3276 1758 3431 1825 iram,
3462 1761 3553 1813 sed
3580 1763 3719 1816 circa

2138 1846 2440 1913 pecuniam.
2480 1843 2610 1899 Erat
2639 1845 2850 1900 cuidam
2880 1847 3159 1917 praedium,
3191 1851 3459 1904 occulunn
3502 1854 3721 1908 thesau-

2138 1953 2254 1991 rum
2286 1938 2507 2002 habens,
2553 1937 2720 1992 inscio
2752 1939 2988 2004 domino,
3019 1942 3159 2009 quod
3191 1943 3279 1997 ille
3307 1945 3544 1999 vendidit
3571 1965 3581 1999 :
3612 1964 3725 2001 em-

2141 2038 2261 2098 ptor
2290 2044 2420 2083 vero
2448 2045 2567 2083 cum
2597 2029 2823 2094 foderet,
2849 2041 2903 2083 ut
2930 2031 3193 2098 plantarct
3216 2041 3271 2087 et
3297 2045 3527 2101 curaret,
3560 2038 3726 2105 depo-

2140 2123 2298 2176 situm
2328 2121 2635 2177 thesaurum
2676 2123 2899 2178 invenit.
2928 2124 3077 2191 Quod
3106 2140 3226 2181 eum
3258 2126 3533 2183 didicisset
3562 2130 3605 2183 is
3634 2131 3724 2200 qui

2140 2213 2473 2279 vendiderat,
2506 2215 2726 2270 veniens
2753 2224 3051 2284 emptorem
3082 2217 3305 2286 cogebat
3335 2228 3388 2272 ut
3418 2219 3725 2275 thesaurum

2142 2303 2411 2369 redderet,
2444 2304 2625 2359 dicens
2655 2320 2713 2360 se
2734 2305 2993 2374 prtedium
3019 2306 3341 2373 vendidisse,
3374 2324 3477 2362 non
3508 2309 3722 2364 thesau-

2143 2416 2281 2454 rum.
2314 2398 2407 2453 llle
2435 2408 2620 2453 contra
2660 2399 2947 2468 repellebat
2991 2414 3113 2453 eum
3144 2399 3346 2467 dicens,
3380 2416 3437 2456 se
3469 2403 3723 2471 praedium

2142 2509 2263 2548 cum
2295 2492 2546 2547 thesauro
2570 2492 2787 2556 emisse,
2816 2500 2869 2546 et
2911 2506 2969 2547 se
2997 2492 3097 2547 hoc
3127 2492 3255 2546 nihil
3284 2508 3491 2548 curare.
3523 2495 3627 2550 Res
3672 2497 3724 2550 in

2144 2584 2289 2639 litem
2318 2585 2459 2637 inter
2499 2583 2688 2638 ambos
2722 2597 2872 2638 versa
2905 2592 3008 2649 est,
3058 2583 3153 2637 illo
3179 2584 3327 2639 reddi
3369 2586 3469 2640 sibi
3495 2587 3724 2653 volente,

2143 2676 2421 2746 alteroque
2473 2683 2721 2744 negante.
2774 2673 3074 2730 lncidcntes
3131 2686 3311 2731 autem
3364 2678 3415 2732 in
3460 2680 3728 2735 hominem

2145 2768 2448 2839 quempiam
2481 2765 2791 2836 litigabant;
2820 2765 3119 2836 deindcqne
3142 2767 3534 2837 interrogarnnt
3555 2770 3727 2839 illum,

2145 2860 2231 2916 eui
2259 2860 2485 2916 deberet
2531 2859 2813 2914 thesaurus
2861 2859 3175 2929 adjudicari.
3205 2860 3299 2918 llle
3328 2878 3454 2919 vero
3476 2879 3580 2918 non
3612 2880 3735 2919 sen-

2149 2957 2367 3010 tentiam
2399 2953 2540 3019 tulit,
2568 2953 2807 3023 dixitque
2836 2967 2894 3008 se
2924 2954 3070 3008 litem
3095 2955 3392 3010 soluturum
3422 2972 3561 3020 esse,
3590 2958 3733 3027 quod

2149 3048 2264 3118 ipse
2291 3046 2538 3100 dominus
2566 3053 2726 3099 esset.
2760 3044 2827 3099 Et
2852 3045 2958 3098 illis
2986 3047 3345 3102 annitentibus
3375 3058 3594 3118 accepto
3619 3050 3735 3103 the-

2150 3155 2331 3207 sauro,
2362 3142 2641 3196 innumera
2673 3141 2866 3196 deinde
2903 3142 3039 3195 mala
3068 3157 3257 3211 passus
3293 3152 3398 3209 est,
3430 3152 3485 3198 et
3509 3159 3567 3198 re
3593 3142 3734 3198 didi-

2149 3234 2243 3300 cit,
2270 3234 2393 3304 jure
2423 3234 2543 3289 illos
2571 3234 2637 3289 ab
2680 3233 2782 3290 hoc
2818 3235 3159 3289 abstinuisse.
3195 3236 3307 3290 Hoc
3349 3245 3403 3291 et
3429 3236 3572 3290 circa
3604 3236 3736 3290 iram

2155 3326 2266 3380 fieri
2311 3334 2546 3395 oportet,
2578 3333 2637 3380 ut
2675 3334 2728 3380 et
2760 3340 2857 3380 nos
2905 3326 3313 3396 contendamus,
3347 3342 3454 3382 non
3490 3342 3610 3381 esse
3648 3342 3737 3380 su-

2153 3419 2400 3476 mendam
2424 3419 2700 3482 ultionem,
2720 3426 2775 3472 et
2794 3417 2883 3487 qui
2916 3417 3170 3471 laeserunt
3196 3417 3542 3483 contendant,
3575 3434 3737 3487 opor-

2155 3522 2267 3567 tere
2293 3526 2353 3566 se
2376 3525 2560 3581 poenas
2589 3510 2736 3564 dare.
2770 3511 2873 3565 Sed
2904 3510 3085 3565 forsan
3113 3512 3228 3566 hme
3267 3512 3487 3567 ridicula
3520 3512 3741 3567 videan-

2158 3616 2263 3659 tur.
2291 3603 2516 3671 Quando
2537 3602 2680 3657 enim
2709 3603 2822 3657 haec
2850 3603 3055 3658 insania
3075 3603 3362 3658 admodum
3385 3613 3628 3674 occupat,
3651 3606 3741 3673 qui

2159 3696 2399 3752 modeste
2427 3703 2591 3765 agunt
2616 3694 2925 3760 irridentur,
2949 3703 3003 3748 ct
3024 3694 3160 3748 inter
3178 3694 3502 3749 insanientes
3527 3696 3740 3759 tnultos,

2158 3787 2248 3856 qui
2277 3802 2382 3840 non
2412 3786 2610 3839 insanit
2654 3784 2861 3839 videtur
2902 3785 3157 3839 insanire.
3196 3784 3554 3852 Quamobrem
3583 3785 3744 3840 obse-

2160 3894 2273 3943 cro,
2301 3880 2554 3943 feramus,
2584 3891 2789 3946 nosque
2828 3877 3221 3943 contineamus,
3250 3886 3304 3930 ut
3343 3877 3610 3946 possimus
3646 3877 3747 3931 hoc

2165 3968 2465 4039 pernicioso
2508 3967 2697 4022 morbo
2742 3966 2917 4034 liberi,
2962 3983 3185 4037 regnum
3230 3968 3481 4022 caelorum
3514 3968 3743 4037 asquui,

2162 4060 2329 4132 gratia
2361 4067 2415 4114 et
2444 4058 2879 4113 miserationibus
2907 4057 3162 4128 unigeniti
3192 4058 3334 4125 Filii,
3363 4060 3574 4127 quicum
3608 4058 3750 4112 Patri

2166 4162 2217 4206 et
2249 4148 2471 4218 Spiritui
2509 4157 2695 4202 saneto
2738 4148 2929 4219 gloria,
2966 4150 3269 4217 imperium,
3317 4150 3505 4215 honor,
3536 4165 3670 4204 nunc
3699 4157 3755 4203 ct

2166 4256 2397 4310 semper,
2428 4248 2481 4296 et
2510 4240 2563 4294 in
2593 4239 2786 4294 sarcula
2817 4239 3158 4293 saeculorum.
3187 4241 3377 4294 Amen.

994 4370 3737 4394 MM

1819 4449 2163 4511 HOMILIA
2205 4448 2403 4511 XLII.

470 4606 602 4660 Car.
642 4605 721 4660 l9.
756 4618 805 4657 v.
838 4603 929 4657 2l.
982 4601 1079 4656 "is
1122 4611 1290 4656 autem
1328 4601 1557 4671 expletis,
1605 4597 1866 4669 proposuit
1916 4593 2063 4648 Pau-

549 4702 626 4753 lus
652 4700 703 4751 in
735 4696 951 4768 Spiritu,
986 4696 1198 4748 transito
1246 4692 1549 4747 Macedonia
1587 4700 1634 4743 et
1663 4689 1852 4743 Achaia
1880 4688 1953 4742 ire
1973 4685 2067 4740 Je-

548 4788 876 4860 rosolymam,
909 4788 1078 4842 dicens
1104 4802 1122 4839 :
1166 4784 1440 4855 Postquam
1469 4784 1613 4853 fuero
1638 4781 1725 4848 ibi,
1764 4789 1957 4850 oportet
1988 4794 2067 4832 me

550 4892 595 4936 et
629 4881 844 4936 Romam
874 4879 1061 4932 videre.
1085 4876 1175 4929 22.
1207 4876 1418 4929 Mittens
1444 4884 1610 4928 autem
1637 4873 1689 4925 in
1718 4871 2067 4926 Macedoniam

552 4974 679 5025 duos
710 4988 772 5025 ea:
799 4969 1195 5023 ministrantibus
1235 4968 1328 5022 sibi
1358 4966 1677 5021 Timotheum
1715 4974 1761 5019 et
1803 4963 2064 5028 Erastum,

552 5067 661 5135 ipse
682 5064 919 5118 remansit
944 5063 1011 5115 ad
1032 5071 1226 5132 tempus
1246 5066 1299 5114 in
1332 5059 1470 5113 Asia.
1494 5059 1582 5113 23.
1618 5055 1663 5110 F
1667 5066 1777 5111 acta
1804 5066 1875 5109 est
1902 5065 2068 5109 autent

552 5156 643 5213 illo
669 5165 891 5227 tempore
914 5153 1135 5206 turbatio
1162 5169 1260 5206 non
1289 5152 1498 5205 minima
1526 5150 1589 5203 de
1608 5148 1707 5202 via.

552 5250 606 5303 1.
652 5247 793 5302 Sat-is
823 5254 1061 5299 moratus
1095 5244 1146 5297 in
1179 5243 1266 5296 illa
1309 5243 1546 5308 civitate,
1583 5240 1698 5295 vult
1728 5238 1919 5294 iterum
1964 5237 2068 5291 alio

481 5341 754 5410 migrare:
782 5337 905 5391 ideo
935 5337 1095 5390 mittit
1133 5334 1475 5390 Timotheum
1504 5342 1559 5388 et
1587 5333 1833 5387 Erastum
1867 5332 1919 5385 in
1960 5329 2070 5383 Ma-

481 5433 784 5497 cedoniam,
815 5431 931 5501 ipse
962 5445 1090 5485 vero
1113 5434 1297 5483 manet
1317 5426 1538 5496 Ephesi.
1569 5423 1849 5492 Quomodo
1868 5434 2067 5487 autem,

484 5525 636 5579 initio
663 5525 853 5580 volens
874 5523 927 5577 in
953 5522 1166 5593 Syriam
1198 5519 1368 5582 abire,
1418 5518 1471 5570 in
1501 5516 1863 5571 Macedoniam
1892 5530 2071 5569 revera

487 5616 650 5669 titur?
677 5616 747 5671 Ut
781 5614 1030 5669 ostendat
1058 5628 1117 5666 se
1159 5626 1267 5665 non
1308 5609 1485 5663 omnia
1535 5624 1598 5662 ex
1630 5609 1841 5677 propria
1873 5607 2071 5661 virtute

489 5701 683 5757 facere.
708 5704 825 5760 Jam
856 5703 1138 5772 pr0phetat
1170 5699 1356 5753 dicens
1389 5715 1400 5750 :
1437 5696 1643 5766 Oportet
1674 5715 1751 5751 me
1779 5708 1823 5750 et
1855 5695 2071 5750 Romam

490 5790 674 5846 videre.
708 5794 821 5849 [loc
848 5809 977 5849 vero
1022 5792 1247 5848 fortasse
1284 5788 1431 5857 dicit,
1459 5799 1513 5844 ut
1542 5790 1849 5845 consoletur
1874 5803 1989 5856 eos,
2017 5800 2075 5843 ut

2170 4594 2260 4664 qui
2300 4608 2404 4648 non
2452 4603 2665 4649 maneat
2694 4595 2931 4665 quidem,
2963 4594 3057 4651 sed
3109 4610 3291 4651 rursus
3324 4596 3529 4649 vicinus
3567 4608 3749 4648 eorum

2174 4684 2381 4739 futurus
2406 4686 2497 4751 sit,
2525 4693 2578 4739 et
2609 4685 2887 4755 prophetia
2907 4686 3285 4757 discipulorum
3309 4688 3513 4739 animos
3535 4686 3756 4740 excitat.

2174 4777 2309 4831 llinc
2339 4776 2469 4831 mihi
2498 4777 2709 4832 videtur
2747 4778 2945 4847 Ephesi
2977 4778 3269 4835 Corinthiis
3311 4776 3544 4833 scribere
3584 4792 3648 4831 ac
3675 4777 3760 4832 di-

2172 4886 2295 4925 cere
2329 4888 2340 4924 :
2379 4869 2516 4923 Nolo
2560 4887 2645 4925 vos
2682 4872 2917 4942 ignorare
2956 4872 3020 4926 de
3064 4872 3384 4927 tribulatione
3423 4880 3617 4938 nostra,
3653 4887 3762 4942 qua

2175 4967 2311 5033 facta
2338 4972 2409 5017 est
2438 4964 2490 5016 in
2520 4964 2641 5016 Asia
2670 4963 2746 5035 (2.
2780 4963 2897 5018 Cor.
2924 4966 2975 5020 l.
3005 4965 3080 5037 8).
3111 4966 3245 5034 Quia
3276 4967 3417 5022 enim
3444 4966 3759 5036 promiserat

2174 5070 2233 5110 se
2262 5055 2577 5110 Corinthum
2621 5072 2740 5111 esse
2769 5066 3077 5126 venturum,
3125 5060 3269 5129 quod
3322 5075 3499 5115 moras
3545 5059 3762 5114 traxerit

2177 5163 2299 5202 sese
2329 5157 2536 5218 purgat,
2583 5158 2636 5203 et
2666 5150 3014 5205 tentationem
3060 5160 3354 5217 memorat,
3406 5169 3527 5222 qua:
3573 5153 3760 5206 Deme-

2180 5240 2339 5294 trium
2368 5248 2611 5309 speetant
2643 5256 2924 5295 enarrans.
2961 5243 3111 5297 llune
3141 5245 3284 5298 enim
3316 5244 3622 5299 subindicat
3645 5259 3765 5298 cum

2176 5329 2304 5385 dicit
2326 5330 2684 5385 turbationem
2714 5346 2821 5385 non
2867 5332 3140 5387 minimam
3173 5332 3241 5389 de
3268 5334 3374 5388 via.
3400 5334 3602 5388 Rursus
3630 5334 3764 5405 peri.

2177 5423 2379 5489 culum,
2408 5438 2593 5477 rursus
2626 5423 2878 5478 turbatio.
2908 5424 3096 5481 Viden’
3125 5442 3285 5497 quam
3312 5426 3382 5481 sit
3402 5427 3767 5495 conspicuus?

2176 5513 2341 5569 Facta
2378 5526 2502 5569 sunt
2534 5517 2682 5584 signa
2714 5516 2944 5586 duplicia
2978 5536 2991 5572 :
3025 5518 3098 5572 illi
3139 5532 3266 5572 vero
3310 5518 3765 5572 contradiecbant.

2178 5606 2268 5661 Sic
2299 5622 2392 5676 per
2418 5608 2595 5661 omnia
2640 5623 2728 5663 res
2767 5619 3145 5666 contexuntur.
3178 5610 3268 5664 24.
3314 5610 3599 5664 Demetrius
3640 5611 3774 5663 enim

2178 5698 2385 5766 quidam
2433 5698 2652 5764 nomine,
2700 5701 3050 5771 argentarius,
3098 5701 3289 5769 faciens
3337 5700 3471 5754 cedes
3511 5709 3770 5769 argenteus

2180 5789 2383 5855 Diantv,
2419 5794 2690 5859 pra'stabat
2727 5793 3007 5861 artiﬁcibus
3054 5809 3154 5845 non
3201 5793 3453 5846 modicum
3498 5800 3763 5861 qua'stum.
