4112 6420
312 410 424 468 ἱ95

313 526 519 581 σπύτου
549 535 574 565 ⁸
602 542 616 590 ;
649 521 711 576 οὐ
745 522 924 594 βούλει
955 522 1439 596 καταφρονηθῆναι
1469 523 1621 595 παρά
1649 523 1742 576 τοῦ
1766 523 1990 594 ὁμοδούο

309 617 429 678 λου,
461 612 601 667 ἀλλά
632 613 1000 684 καταφρονεῖς
1044 611 1139 664 τοῦ
1168 612 1478 679 Δεσπότου;
1512 612 1992 684 καταφρονηθῆναι

314 703 444 776 παρ’
464 700 636 757 αὑτοῦ
659 703 761 755 οὐκ
787 700 978 773 ἀνέχῃ,
1012 699 1105 755 τὸν
1136 699 1194 753 δέ
1229 699 1364 756 Θεὸν
1395 701 1723 770 ἀγανακτεῖν
1747 702 1849 755 οὐκ
1865 702 1990 769 οῖει,

318 794 401 846 ὅτι
424 790 592 846 αὑτοῦ
624 789 954 862 καταγελᾷς,
987 791 1070 842 ὅτι
1108 789 1276 844 αὑτοῦ
1312 794 1690 862 καταφρονεῖς,
1711 792 1774 844 οὐ
1805 791 1992 862 βουλό-

319 896 474 952 μενος
501 878 656 949 αὐτῷ
685 878 1006 944 πείθεσθαι;
1037 879 1162 932 Ὅτι
1181 878 1240 932 δὲ
1260 879 1385 933 οὐδὲ
1413 880 1846 948 καταγελάσεταί
1871 897 1988 945 σου,

311 967 469 1038 δῆλον
496 966 730 1020 ἐκεῖθεν.
770 967 870 1018 Ἂν
899 966 1000 1038 ¹μὲν
1041 960 1134 1019 οῦν
1163 965 1476 1037 ἐπεξέλθῃς,
1529 967 1700 1030 πολὺς
1727 968 1756 1019 6
1793 965 1988 1034 γέλως,

311 1055 546 1126 πολλὴὴ
585 1055 1012 1126 καταφρόνησις·
1079 1054 1448 1126 μικροψυχίας
1487 1055 1598 1126 γὰρ
1625 1056 1688 1108 τὸ
1735 1057 1986 1126 πρᾶγμα·

311 1143 380 1198 ἂν
411 1142 468 1196 δὲ
496 1145 667 1214 ἀφῇς,
702 1142 838 1196 πολὺ
865 1142 929 1195 τὸ
987 1141 1194 1212 θαῦμα·
1236 1143 1643 1214 μεγαλοψυχίας
1669 1142 1779 1214 γὰρ
1807 1141 1988 1196 τοῦτο.

327 1231 463 1285 Ἀλλ’
497 1233 708 1295 ἐκεῖνος
739 1231 840 1284 οὐκ
860 1226 994 1296 οἶδε,
1035 1230 1222 1301 φησίν.
1264 1232 1427 1285 ’Ἱστω
1476 1233 1506 1286 6
1531 1231 1682 1296 Θεὸς,
1727 1232 1812 1286 ἵνα
1869 1231 1991 1302 μεί-

315 1320 443 1385 ζονά
473 1319 605 1391 ἔχῃς
633 1319 725 1371 τὸν
758 1318 970 1388 μισθόν.
1020 1316 1309 1382 Δανείζετε
1351 1318 1482 1390 γὰρ,
1536 1321 1693 1390 φησὶ,
1730 1320 1862 1390 παρ’
1914 1311 1990 1370 ὧν

311 1411 413 1463 οὐκ
433 1406 586 1480 [516]
624 1406 873 1470 ἐλπίζετε
921 1407 1239 1460 ἀπολαϐεῖν.
1273 1405 1431 1460 Οῦτω
1463 1407 1557 1460 καὶ
1610 1406 1989 1478 εὐεργετῶμεν

308 1498 440 1560 τοὺς
498 1496 632 1566 μηδὲ
685 1494 1129 1566 αἰσθανομένους,
1189 1496 1272 1548 ὄτι
1304 1495 1740 1566 εὐεργετοῦνται,
1773 1495 1862 1548 ἴνα
1914 1493 1988 1565 μὴ

313 1584 674 1646 ἀντιδιδόντες
706 1585 838 1655 ἡμῖν
868 1583 958 1636 τὸν
982 1583 1266 1654 ἐπαινον,ἢ
1293 1584 1321 1636 ὅ
1346 1601 1399 1636 τι
1428 1584 1648 1653 δήποτε,
1672 1582 1990 1636 ἐλαττώσω-

320 1692 408 1728 σιν
441 1675 577 1744 ἡμῖν
609 1672 698 1726 τὸν
753 1672 964 1743 μισθόν.
1021 1674 1188 1726 Ὅταν
1220 1673 1328 1743 γὰρ
1365 1672 1532 1742 μηδὲν
1581 1671 1733 1743 παρά
1787 1671 1992 1742 ἀνθρώ-

322 1777 444 1814 πων
483 1759 744 1830 λάϐωμεν,
775 1759 896 1812 τότε
930 1759 1152 1831 μείζονα
1181 1761 1334 1831 παρά
1386 1759 1480 1812 τοῦ
1514 1759 1648 1812 Θεοῦ
1679 1758 1984 1830 ληψόμεθα.

321 1853 388 1905 Τί
423 1851 480 1904 δὲ
507 1851 1053 1919 καταγελαστότερον,
1085 1851 1138 1904 τί
1167 1851 1226 1904 δὲ
1269 1850 1606 1922 ψυχρότερον
1636 1851 1814 1922 ψυχῆς
1838 1852 1989 1921 ὀργι-

315 1940 552 2010 ζομένης
580 1939 892 2006 διαπαντὸς,
928 1941 1021 1993 καὶ
1052 1939 1388 2010 βουλομένης
1420 1939 1763 2007 έπεξελθεῖνς
1797 1940 1837 1992 Γ
1841 1957 1989 1993 υναι-

311 2026 494 2096 κώδης
518 2026 655 2098 αὐτη
687 2029 720 2096 ἡ
752 2027 1069 2099 προαίρεσις
1112 2027 1208 2080 καὶ
1267 2025 1514 2098 παιδική.
1566 2026 1835 2099 Καθάπερ
1880 2027 1987 2098 γὰρ

310 2116 494 2187 εκείνη
526 2115 785 2187 καὶπρὸς
811 2117 881 2168 τὰ
915 2115 1097 2186 ἀψυχα
1138 2113 1436 2186 ὀργίζεται.
1475 2115 1580 2170 κᾶν
1608 2115 1683 2187 μὴ
1716 2116 1895 2189 πλήξῃ
1927 2117 1988 2168 τὸ

317 2205 527 2275 ἔδαφος,
559 2207 659 2259 οὐκ
687 2205 881 2275 ἀφίησι
906 2206 1004 2275 τὴν
1024 2207 1215 2277 ὀργήν·
1248 2204 1391 2259 οὕτω
1417 2206 1480 2277 δὴ
1541 2207 1636 2258 καὶ
1663 2198 1808 2259 οὗτοι
1845 2207 1987 2268 «τοὺς

320 2293 664 2364 λυπήσαντας
695 2293 1006 2364 ἀμύνασθαι
1039 2293 1337 2364 βούλονται.
1377 2295 1519 2364 Ἀρα
1553 2293 1708 2348 αὐτοὶ
1754 2292 1988 2362 γέλωτος

317 2385 474 2449 ἄξιοι·
497 2384 560 2437 τὸ
585 2385 696 2454 γὰρ
731 2384 836 2437 ὑπὸ
870 2383 1043 2454 θυμοῦ
1066 2384 1408 2456 κρατεῖσθαι,
1440 2383 1698 2454 παιδικῆς
1726 2381 1983 2446 διανοίας·

313 2472 375 2524 τὸ
404 2473 460 2525 δὲ
493 2473 742 2543 κρατεῖν,
777 2472 1176 2543 ἀνδρειότητος.
1207 2473 1351 2544 Ἀρα
1373 2473 1473 2544 οὐχ
1493 2473 1654 2543 ἡμεῖς
1675 2470 1992 2540 καταγελώ-

318 2559 478 2630 μεθα,
500 2560 631 2612 ὅταν
657 2558 1058 2630 φιλοσοφῶμεν,
1092 2559 1207 2614 ἀλλ’
1242 2563 1462 2614 ἐκεῖνοι.
1516 2561 1631 2614 υύκ
1669 2561 1785 2613 ἐστι
1828 2559 1987 2612 τοῦτο

310 2649 806 2719 εὐκαταφρονήτων
855 2649 1178 2720 ἀνθρώπων,
1238 2649 1300 2702 τὸ
1361 2650 1436 2722 μὴ
1489 2649 1754 2720 ἡττᾶσθαι
1798 2647 1982 2701 πάθει·

310 2737 807 2809 εὐκαταφρονήτων
831 2737 890 2789 δέ
935 2740 1053 2790 ἐστι
1097 2739 1158 2790 τὸ
1187 2736 1330 2790 οὑτω
1385 2735 1610 2808 τρέμειν
1651 2737 1743 2789 τὸν
1787 2737 1988 2803 ἔξωθεν

309 2824 543 2892 γέλωτα,
578 2824 656 2888 ὡς
682 2824 771 2877 διὰ
799 2823 986 2878 τοῦτον
1016 2824 1285 2896 αἱρεῖσθαι
1319 2826 1410 2879 καὶ
1468 2825 1630 2881 πάθει
1660 2827 1986 2881 ὑποπίπτειν

307 2912 519 2983 οἰκείῳ,
549 2912 644 2966 καὶ
671 2912 790 2984 Θεῷ
845 2914 1228 2985 προσκρούειν,
1267 2916 1361 2968 καὶ
1409 2914 1602 2969 ἑαυτὸν
1648 2915 1983 2987 ἀμύνασθαι.

309 2999 500 3052 Ταῦτα
523 2999 692 3062 ὅντως
715 2999 950 3068 γέλωτος
999 3002 1144 3065 ἄξια.
1181 3002 1392 3056 Οὐκοῦν
1444 3001 1618 3055 ταῦτα
1669 3002 1983 3072 φεύγωμεν·

306 3087 544 3156 λεγέτω,
575 3089 656 3142 ὅτι
695 3088 868 3160 μυρία
897 3091 1044 3160 ἡμᾶς
1072 3091 1445 3162 ἐργασάμενος
1463 3091 1630 3158 κακά,
1648 3091 1801 3144 οὐδὲν
1824 3093 1985 3156 αὐτὸς

307 3176 510 3230 ἔπαθε·
538 3176 758 3244 λεγέτω,
797 3178 879 3230 ὅτι
931 3179 1024 3230 καὶ
1075 3179 1238 3231 πάλιν
1289 3182 1421 3250 ἡμῖν
1453 3180 1502 3231 εἰ
1557 3181 1984 3256 ἐπικωμάσειεν,

307 3264 472 3318 οὐδὲν
505 3265 770 3319 πείσεται.
803 3267 918 3320 Οὐκ
941 3268 1006 3319 ἂν
1031 3267 1231 3337 ἑτέρως
1273 3269 1430 3339 ἡμῶν
1459 3268 1698 3341 ἐκήρυξε
1724 3269 1823 3342 τὴν
1857 3273 1988 3341 ἁρε-

305 3353 434 3424 τὴν,
467 3353 565 3406 οὐκ
590 3352 659 3406 ἂν
689 3353 826 3407 ἄλλα
859 3353 1092 3426 ἐζήτησε
1143 3358 1385 3428 ῥήματα,
1440 3359 1488 3410 εἰ
1521 3359 1804 3412 ἐπαινέσαι
1837 3363 1986 3429 ἡμᾶς

310 3441 588 3507 ἐϐούλετο,
623 3443 738 3495 ἀλλ’
763 3443 798 3515 ἢ
856 3444 1047 3508 ταῦτα,
1076 3444 1112 3498 ἃ
1164 3446 1311 3499 δοκεῖ
1343 3447 1583 3510 κακίζων
1607 3448 1806 3517 λέγειν.
1859 3449 1987 3503 Εἴθε

317 3532 516 3596 πάντες
548 3533 680 3604 περὶ
719 3531 856 3602 ἐμοῦ
880 3533 1055 3587 ταῦτα
1075 3534 1279 3603 ἔλεγον,
1314 3536 1396 3588 ὅτι
1435 3537 1655 3608 Ψυχρὸς
1677 3539 1984 3607 ἄνθρωπος,

312 3621 410 3674 καὶ
441 3621 784 3694 ταλαίπωρός
822 3624 958 3675 ἐστι·
985 3624 1186 3688 πάντες
1222 3626 1302 3687 εἰς
1339 3625 1502 3678 αὐτὸν
1535 3627 1863 3697 ὑϐρίζουσιν,
1889 3627 1986 3678 αὐ-

307 3709 494 3772 τὸςδὲ
517 3710 693 3781 φέρει·
728 3709 931 3774 πάντες
962 3711 1296 3777 ἐνάλλονται,
1343 3713 1506 3777 αὐτὸς
1562 3713 1618 3767 δὲ
1641 3715 1742 3766 οὐκ
1782 3713 1986 3785 ἀμύνε-

305 3815 427 3853 ται.
462 3799 586 3852 Είθε
607 3799 1028 3872 προσετίθεσαν,
1063 3802 1146 3854 ὅτι
1173 3802 1310 3855 Οὐδὲ
1347 3802 1443 3855 ἐὰν
1465 3802 1594 3875 θέλῃ
1622 3803 1870 3871 δύναται,
1899 3803 1986 3858 ἵνα

318 3904 415 3958 μοι
441 3886 654 3953 έπαινος
674 3885 744 3961 ἦν
771 3891 836 3942 ὲκ
862 3889 956 3942 τοῦ
991 3890 1150 3956 Θεοῦ,
1184 3891 1281 3944 καὶ
1315 3892 1389 3963 μὴ
1417 3891 1476 3959 ἐξ
1523 3891 1846 3964 ἀνθρώπων.
1879 3895 1987 3946 Λε-

315 3976 483 4046 γέτω,
515 3978 593 4030 ὅτι
617 3979 770 4050 παρά
798 3979 1114 4052 ψυχρότητα
1134 3981 1236 4034 οὐκ
1276 3982 1619 4053 ἀμυνόμεθα.
1647 3983 1813 4036 Οὐδὲν
1839 3985 1987 4055 ἡμᾶς

318 4064 544 4135 βλάπτει
565 4065 746 4133 τοῦτο,
767 4068 894 4121 ὅταν
914 4070 941 4120 6
961 4068 1093 4132 Θεὸς
1119 4070 1255 4141 εἰδῇ,
1280 4069 1395 4123 ἀλλ’
1415 4072 1472 4124 ἐν
1496 4072 1704 4142 μείζονι
1730 4073 1989 4144 καθίστη-

315 4171 402 4208 σιν
430 4155 586 4226 ήμῶν
609 4155 702 4210 τὸν
728 4156 1000 4229 θησαυρὸν
1027 4159 1264 4231 φυλακῇ.
1284 4161 1348 4213 Εἰ
1366 4160 1656 4233 μέλλοιμεν
1679 4163 1815 4234 πρὸς
1840 4165 1983 4217 ἐκεί-

259 4297 266 4304 _
312 4259 436 4308 νῡυς
457 4245 614 4316 ὀρᾷν,
651 4246 870 4301 πάντων
891 4248 1336 4321 ἀποπεσούμεθα.
1377 4250 1469 4322 Μὴ
1493 4252 1544 4305 τί
1563 4253 1986 4320 λέγουσιν,ἀλλά

380 4410 398 4434 ⁸
418 4411 519 4464 Alii
554 4414 820 4476 Δεσπὸτου,
846 4417 927 4464 καὶ
952 4413 1360 4481 καταφρονηθῆναι
1383 4421 1494 4482 παρ’
1533 4420 1710 4481 αὑτοῦ;

403 4555 823 4570 ———-——-——..—_

1310 405 1374 460 IN
1412 406 1597 462 ACTA
1637 405 2174 464 APOS'I'OLORUM.
2229 404 2468 463 HOMIL.
2509 406 2669 463 XLII.

3665 409 3772 466 296

2091 524 2144 576 τί
2172 525 2301 593 ἡμῖν
2333 523 2552 594 πρέπει,
2576 523 2796 594 ἴδωμεν.
2822 525 2887 578 Οί
2912 524 2988 589 δὲ,
3007 525 3099 596 Μὴ
3120 525 3230 596 γάρ
3269 543 3370 595 μου
3403 527 3775 603 καταγελάσῃ,

2091 612 2346 679 φασὶ,κα“ι
2362 611 2676 680 καυχῶνταί
2687 615 2922 676 τινες.Ὣ
2937 614 3035 685 τῆς
3045 614 3234 678 ἀνοίας
3251 616 3264 668 1
3280 599 3478 678 Οὐδείς
3491 631 3559 685 με
3583 617 3742 687 ἀδική
3753 649 3776 659 -

2093 715 2192 762 σας
2226 699 2560 768 κατεγέλασέ
2591 717 2718 770 μου,
2756 701 2925 771 φησι·
2957 701 3258 765 τουτέστιν,
3295 702 3640 774 Ἐπῆλθαν.
3665 706 3779 759 Καὶ

2094 786 2203 856 μὴν
2238 785 2415 857 τούτῳ
2437 787 2846 855 καταγελᾶσθαι
2863 787 3125 857 ὀφείλεις,
3155 790 3238 842 ὅτι
3261 789 3576 861 ἐπεξῆλθες.
3601 791 3778 846 Πόθεν

2089 870 2265 925 ταῦτα
2293 871 2360 925 τά
2384 874 2606 943 ῥήματα
2631 873 2976 944 ἐπεισῆλθεν,
3001 875 3232 946 αἰσχύνη
3259 877 3354 929 καὶ
3377 877 3596 948 ὄλεθρος
3621 878 3774 942 ὂντα,

2091 959 2186 1010 καί
2213 958 2495 1031 ἀνατροπὴ
2528 960 2629 1031 τῆς
2662 961 2810 1032 ζωῆς
2855 962 2955 1032 τῆς
2987 963 3286 1033 ἡμετέρας,
3339 966 3433 1016 καὶ
3485 967 3583 1036 τῆς
3622 964 3776 1018 πολι-

2088 1045 2274 1113 τείας;
2307 1043 2418 1118 ἆρα
2463 1049 2562 1102 οὐκ
2595 1049 2822 1102 ἀπὸτοῦ
2875 1050 3209 1114 ἀπεναντίας
3259 1050 3338 1121 τῷ
3373 1050 3495 1122 Θεῷ
3544 1051 3774 1120 φθέγγεο

2093 1132 2216 1186 σθαι
2243 1151 2257 1200 ;
2295 1137 2360 1188 Ὅ
2387 1136 2495 1208 γὰρ
2528 1139 2674 1190 ποιεῖ
2697 1136 2834 1190 Θεοῦ
2875 1138 3010 1201 ἴσον,
3039 1138 3100 1191 τὸ
3127 1138 3202 1209 μὴ
3242 1139 3574 1210 ἀμύνασθαι,
3612 1139 3772 1192 τοῦτο

2089 1220 2307 1289 γέλωτα
2339 1225 2602 1293 νομίζεις.
2635 1225 2708 1277 Οὐ
2755 1224 2844 1278 διὰ
2883 1224 3060 1279 ταῦτα
3105 1226 3370 1294 γελᾶσθαί
3416 1229 3584 1296 ἐσμεν
3630 1226 3772 1291 ἄξιοι

2091 1309 2188 1361 καὶ
2215 1311 2346 1380 παρ’
2370 1312 2403 1381 ἡ
2414 1311 2531 1380 μῶν
2561 1311 2763 1377 αὐτῶν,
2810 1312 2904 1366 καὶ
2939 1315 3068 1384 παρ’
3116 1313 3406 1385 Ἑλλήνων,
3425 1313 3599 1379 οὑτως
3619 1316 3774 1368 ἀντι-

2091 1395 2454 1467 φθεγγὸμενοι
2473 1399 2552 1470 τῷ
2572 1399 2720 1470 Θεῷ;

2160 1485 2431 1556 Βούλομαι
2465 1505 2516 1541 τι
2540 1489 2908 1560 διηγήσασθαι
2940 1492 3231 1562 γενόμενον
3252 1493 3346 1546 ἐπὶ
3367 1493 3475 1547 τῶν
3500 1494 3768 1557 παλαιῶν.

2089 1575 2151 1628 οὐ
2176 1575 2306 1646 περὶ
2324 1575 2515 1648 ὀργῆς,
2538 1577 2676 1632 ἀλλά
2723 1580 2856 1650 περὶ
2896 1581 3216 1651 χρημάτων·
3255 1577 3363 1633 Ἢν
3411 1598 3517 1635 τινι
3574 1583 3774 1652 χωρίον

2091 1664 2370 1734 θησαυρὸν
2401 1665 2526 1735 ἔχον
2582 1667 3036 1739 ἐγκεκρυμμένον
3064 1669 3166 1722 οὐκ
3200 1669 3403 1732 εἰδότος
3431 1670 3524 1722 τοῦ
3573 1671 3771 1723 δεσπό-

2090 1767 2206 1804 του·
2227 1751 2390 1804 τοῦτο
2414 1753 2622 1816 ἐκεῖνος
2646 1754 2710 1806 τὸ
2737 1757 2937 1825 χωρίον
2966 1757 3216 1811 ἀπέδοτο.
3252 1758 3310 1810 ὐ
3332 1760 3634 1828 πριάμενος
3656 1759 3773 1812 δια-

2093 1839 2352 1894 σκάπτων
2380 1839 2520 1894 ὥστε
2551 1840 2816 1910 φυτεῦσαι
2851 1843 2945 1896 καὶ
2983 1845 3446 1916 ὲπιμελήσασθαι,
3508 1839 3633 1919 εὗρε
3680 1847 3773 1900 τὸν

2091 1927 2367 2000 θησαυρὸν
2410 1931 2859 2000 ἐναποκείμενον.
2894 1932 3102 1986 Μαθὼν
3153 1933 3182 1985 ὁ
3215 1934 3549 2004 ἀποδόμενος
3587 1934 3768 1999 τοῦτο,

2089 2015 2261 2069 ἐλθὼν
2286 2017 2537 2082 ἐϐιάζετο
2564 2019 2656 2071 τὸν
2689 2019 3002 2090 ὴγορακότα
3022 2021 3319 2076 ἀπολαϐεῖν
3349 2023 3444 2076 τὸν
3471 2023 3766 2095 θησαυρόν·

2049 2107 2290 2176 -χωρίον
2345 2105 2454 2178 γὰρ
2502 2107 2657 2178 ἔλεγε
2702 2110 3086 2179 πεπρακέναι,
3141 2114 3204 2165 οὐ
3257 2112 3548 2184 θησαυρόν.
3602 2114 3771 2168 Πάλιν

2089 2197 2297 2259 ἐκεῖνος
2334 2195 2579 2250 διωθεῖτο
2626 2197 2808 2264 αὐτὸν,
2838 2199 3034 2268 λέγων,
3079 2199 3142 2252 τὸ
3184 2203 3382 2273 χωρίον
3435 2203 3771 2273 ἠγορακέναι

2093 2285 2233 2352 μετά
2290 2283 2444 2356 [517]
2511 2286 2608 2338 τοῦ
2666 2286 2967 2360 θησαυροῦ,
3002 2289 3100 2343 καὶ
3155 2291 3347 2344 οὐδένα
3404 2291 3562 2360 λόγον
3596 2295 3770 2345 ποιεῖν

2090 2371 2236 2442 ὑπὲρ
2288 2372 2502 2427 τούτου.
2561 2375 2657 2437 Εἰς
2721 2377 3135 2449 ἀμφισϐήτησιν
3185 2381 3529 2451 κατέστησαν
3589 2382 3770 2452 ἀμφό-

2087 2477 2240 2532 τεροι
2272 2502 2288 2527 ,
2356 2465 2386 2517 6
2442 2464 2543 2533 μὲν
2597 2465 2781 2519 λαϐεῖν
2855 2466 3178 2538 βουλόμενος
3209 2508 3225 2534 ,
3307 2473 3336 2522 6
3407 2471 3464 2524 δέ
3537 2472 3771 2541 φιλονει-

2089 2546 2202 2600 κῶν
2257 2548 2332 2618 μὴ
2404 2549 2610 2604 δοῦναι.
2679 2553 2790 2604 Καὶ
2860 2555 3208 2624 ἐπιτυχόντες
3262 2557 3553 2628 ἀνθρώπου
3625 2559 3769 2622 τινὸς

2088 2634 2406 2704 διελέγοντο·
2447 2634 2567 2692 εἶτα
2606 2639 2837 2708 ἠρώτων
2872 2641 3054 2704 αὐτὸν,
3089 2641 3194 2696 τίνι
3241 2644 3324 2696 δεῖ
3372 2647 3768 2715 προσγενέσθαι

2085 2723 2178 2776 τὸν
2212 2723 2504 2796 θησαυρόν.
2549 2726 2606 2779 Ὀ
2643 2728 2700 2780 δὲ
2723 2728 2822 2781 οὐκ
2851 2730 3193 2800 ἀπεφήνατο,
3240 2731 3344 2801 ἔφη
3368 2733 3424 2784 δὲ
3463 2733 3767 2789 καταλῦσαι

2088 2812 2268 2867 αὐτῶν
2297 2814 2395 2886 τὴν
2424 2816 2856 2888 ἀμφισϐήτησιν·
2891 2819 3052 2882 αὐτὸς
3084 2820 3196 2891 γὰρ
3246 2821 3464 2874 ἔσεσθαι
3499 2822 3686 2894 κύριος
3710 2825 3762 2878 h.

2089 2902 2202 2957 ΚαὶΙ
2226 2903 2407 2958 λαϐὼν
2467 2907 2560 2960 τὸν
2613 2906 2888 2978 θησαυρὸν
2947 2908 3187 2962 ἑκόντων
3238 2913 3766 2984 παραχωρησάντων

2089 2991 2338 3057 ἐκείνων,
2370 2995 2540 3064 μυρία
2564 2993 2790 3064 ὕστερον
2813 2995 3022 3066 ὑπέστη
3045 2997 3211 3062 κακὰ,
3232 3000 3328 3051 καὶ
3348 3000 3494 3071 ἔργῳ
3524 3000 3766 3070 ἐμάνθα-

2087 3095 2198 3146 νεν,
2237 3081 2320 3134 ὅτι
2350 3082 2576 3146 εἰκότως
2606 3085 2802 3137 ἐκεῖνοι
2826 3084 3018 3138 τούτου
3067 3086 3410 3157 ἀπέστησαν.
3461 3089 3632 3144 Τοῦτο
3672 3095 3766 3145 καὶ

2087 3171 2217 3242 περὶ
2249 3171 2350 3241 τῆς
2388 3172 2558 3243 ὀργῆς
2586 3173 2668 3226 δεῖ
2698 3172 2972 3241 γενέσθαι,
3003 3175 3099 3228 καὶ
3135 3177 3281 3248 ἡμᾶς
3308 3177 3632 3247 φιλονεικεῖν
3690 3181 3766 3253 μὴ

2087 3258 2420 3328 ἀμύνασθαι,
2479 3261 2729 3324 καὶτοὺς
2776 3262 3150 3334 λελυπηκότας
3209 3264 3534 3334 φιλονεικεῖν
3585 3268 3767 3324 δοῦναι

2086 3345 2263 3418 δίκην.
2308 3348 2468 3402 Ἀλλά
2515 3350 2658 3420 τάχα
2712 3351 2888 3404 ταῦτα
2922 3354 3014 3406 καὶ
3068 3353 3243 3422 γέλως
3287 3372 3371 3419 τις
3418 3353 3559 3410 εἶναι
3596 3359 3765 3412 δοκεῖ*

2085 3435 2214 3488 ὅταν
2241 3435 2351 3506 γὰρ
2371 3437 2630 3491 ἐπιπλέον
2668 3440 2702 3508 ή
2755 3441 2924 3509 μανία
2958 3443 3227 3514 κατάσχῃ,
3260 3445 3311 3496 οἰ
3361 3447 3766 3516 σωφρονοῦντες

2085 3522 2376 3592 γελῶνται,
2408 3526 2503 3576 καὶ
2532 3528 2591 3580 ὲν
2625 3527 2840 3591 πολλοῖς
2877 3529 3227 3598 μαινομένοις
3270 3531 3299 3584 6
3331 3533 3406 3604 μὴ
3439 3534 3766 3605 μαινόμενος

2085 3610 2236 3664 δοκεῖ
2285 3611 2595 3682 μαίνεσθαι.
2630 3614 2724 3666 Διὸ
2757 3617 3062 3685 παρακαλῶ
3097 3621 3431 3688 ἀνενεγκεῖν,
3480 3623 3576 3676 καὶ
3607 3626 3638 3692 ἡ
3650 3625 3767 3693 μῶν

2087 3699 2268 3753 αὐτῶν
2299 3700 2574 3768 γενέσθαι,
2619 3703 2706 3755 ἵνα
2744 3703 3063 3776 δυνηθῶμεν
3085 3706 3178 3760 τοῦ
3217 3707 3461 3777 ὀλεθρίου
3494 3722 3516 3748 ε
3573 3714 3764 3766 τούτου

2085 3788 2295 3852 πάθους
2320 3788 2738 3860 καθαρεύοντες,
2761 3793 2860 3864 τῆς
2893 3794 3002 3847 τῶν
3027 3795 3272 3865 οὐρανῶν
3298 3796 3574 3867 βασιλείας
3602 3799 3765 3868 ἀξίῳ-

2087 3875 2268 3946 θῆναι,
2329 3877 2513 3948 χάριτι
2575 3881 2670 3932 καὶ
2729 3881 3034 3953 οἰκτιρμοῖς
3073 3882 3166 3936 τοῦ
3220 3886 3546 3954 μονογενοῦς
3597 3888 3763 3941 αὐτοῦ

2087 3963 2305 4028 Παιδὸς,
2332 3965 2452 4036 μεθ’
2491 3961 2553 4020 οὗ
2582 3967 2662 4038 τῷ
2698 3969 2874 4039 Πατρὶ
2902 3968 3018 4040 ἅμα
3046 3970 3127 4041 τῷ
3148 3971 3289 4042 ἁγίῳ
3314 3971 3592 4044 Πνεύματι
3614 3974 3764 4041 δόξα,

2047 4095 2052 4098 .
2086 4054 2308 4122 κράτος,
2366 4055 2521 4124 τιμὴ,
2563 4054 2660 4110 νῦν
2695 4056 2791 4110 καί
2827 4058 2936 4124 ἀεὶ,
2972 4059 3065 4112 καὶ
3099 4061 3180 4122 εἰς
3226 4061 3352 4124 τοὺς
3399 4061 3602 4127 αἰῶνας
3653 4064 3764 4118 τῶν

2086 4138 2318 4196 αἰώνων.
2363 4143 2558 4214 Ἀμήν.

2172 4329 2200 4367 ι,
2226 4308 2627 4374 Hapcjegcplem
2664 4318 2850 4374 sponte
2891 4312 3024 4362 subit
3064 4314 3300 4362 memoria
3341 4313 3484 4363 faceti
3516 4313 3696 4374 judicia
3733 4329 3760 4364 ε

2088 4381 2255 4419 nomo
2278 4370 2565 4421 Lufonlaiue
2591 4370 2777 4423 indticli
2800 4377 2848 4422 in
2873 4376 3032 4424 fabula
3055 4377 3132 4424 cui
3161 4377 3334 4424 lilulus
3356 4396 3366 4422 :
3398 4370 3606 4428 L‘lmilrc:
3625 4383 3670 4428 el
3692 4374 3763 4428 le:

2089 4429 2356 4495 pluideurs.
2384 4434 2520 4483 lim-1'.
2589 4438 2613 4466 θ
2641 4435 2740 4484 Τοῦ
2767 4438 2978 4500 ὀλεθρίου
2998 4438 3143 4486 deest
3168 4441 3214 4486 in
3234 4438 3539 4498 quibusdam.

831 4560 3589 4603 Ἢ*

1841 4676 2097 4730 ΟΜΙΛΙΛ
2137 4677 2271 4731 MB'.

333 4776 536 4856 ὭςδιέΔ
567 4780 884 4856 ἐπληρώθη
915 4784 1140 4856 ταῦτα,
1177 4784 1346 4839 ἔθετο
1402 4787 1434 4840 d
1485 4787 1728 4852 Παῦλος
1778 4788 1848 4841 ἐν
1901 4789 1981 4856 τῷ

390 4852 700 4926 Πνεὺματι,
735 4853 985 4926 διελθὼν
1011 4855 1126 4922 τὴν
1156 4857 1535 4910 Μακεδονίαν
1573 4859 1673 4911 καὶ
1713 4852 1977 4926 Ἀχαΐαν,

393 4923 741 4994 πορεύεσθαι
778 4927 866 4990 εἰς
905 4923 1324 4994 Ἰερουσαλὴμ,
1363 4927 1568 4994 είπὼν,
1601 4928 1688 4981 ὅτι
1717 4923 1885 4985 Μετὰ
1911 4923 1980 4986 τὸ

389 4991 762 5067 γενέσθαιμε
791 4991 1057 5067 έκεῖηδεῐ
1077 5014 1154 5065 με
1184 4991 1284 5052 καὶ
1332 4991 1566 5067 Ῥώμην
1591 4999 1760 5056 ἰδεῖν.
1805 5002 1980 5056 Ἀπο-

371 5063 635 5134 ,στείλας
664 5061 728 5116 δὲ
757 5066 845 5131 είς
895 5065 1011 5134 τὴν
1055 5061 1567 5123 Μακεδονίαίδῦο
1612 5071 1732 5123 τῶν
1780 5070 1981 5126 διακο-

384 5133 659 5208 νούντων
703 5134 882 5208 αὐτῷ,
925 5139 1218 5208 ,Τιμόθεον
1272 5139 1370 5192 καί
1414 5141 1738 5208 Ἔραστον,
1796 5145 1980 5208 αὐτὸς

270 5206 298 5222 ‘
377 5203 610 5278 ἐπέσχε
636 5207 968 5278 χρόνονλείς
991 5203 1107 5277 τὴν
1151 5210 1378 5263 Ἀσίαν.
1424 5203 1692 5278 Ἐγένετο
1726 5203 1797 5265 δὲ
1830 5203 1980 5267 κατὰ

377 5275 718 5353 τίὲν-καιρὸν
755 5274 994 5333 ἐκεῖνον
1023 5274 1281 5350 τάραχος
1317 5283 1430 5335 οὐκ
1461 5274 1665 5352 ὀλίγος
1689 5283 1824 5353 περὶ
1871 5284 1981 5352 τῆς
2045 5316 2048 5318 -

377 5346 544 5404 ὀδοῦ.

377 5443 450 5489 α’.
483 5434 704 5499 Ἰκανῶς
720 5435 1071 5507 ἐνδιατρίψας
1095 5438 1162 5508 τῇ
1183 5436 1334 5490 πόλει
1365 5437 1616 5508 βούλεται
1643 5439 1980 5509 μεταστῆναι

290 5525 488 5582 πάλιν.
523 5525 615 5578 Διὸ
643 5525 738 5579 καὶ
787 5525 998 5595 πέμπει
1021 5523 1114 5578 τὸν
1146 5525 1409 5595 Τιμόθεον
1438 5525 1534 5580 καὶ
1583 5526 1674 5581 τὸν
1710 5528 1978 5599 Ἔραστον

288 5617 382 5678 εἰς
420 5612 784 5678 Μακεδονίαν,
813 5611 978 5677 αὐτὸς
1005 5611 1062 5664 δὲ
1097 5612 1248 5683 μένει
1278 5614 1358 5674 είς
1388 5614 1641 5682 Ἔφεσον.
1674 5615 1798 5679 Πῶς
1830 5615 1890 5669 δὲ
1919 5617 1979 5683 ἐξ

287 5702 482 5776 ἀρχῆς
516 5701 769 5772 ἑλόμενος
798 5702 880 5764 εἰς
908 5701 1112 5774 Συρίαν
1144 5712 1171 5742 α
1231 5701 1508 5768 ἀπελθεῖν,
1545 5701 1707 5756 πάλιν
1739 5704 1819 5767 είς
1859 5706 1980 5758 Μα-

289 5789 550 5848 κεδονίαν
581 5788 950 5860 ὑποστρέφει;
1003 5791 1247 5856 Δεικνύς,
1292 5791 1376 5842 ὅτι
1430 5791 1612 5845 πάντα
1662 5791 1977 5862 οὐκόἱκείᾳ

285 5877 532 5944 δυνάμει
568 5874 857 5946 ἰἔπραττεν.
893 5874 1035 5945 Ἤδη
1069 5874 1400 5945 προφητεύει
1431 5874 1623 5944 λέγων,
1647 5876 1751 5929 Δεῖ
1776 5893 1854 5945 με
1877 5876 1977 5931 καί

298 5959 548 6028 Ῥώμην
586 5959 756 6014 ἰδεῖν.
791 5957 962 6013 Τοῦτο
991 5959 1049 6012 δὲ
1077 5955 1252 6026 εἶπεν,
1303 5961 1434 6026 ἴσως
1483 5960 1977 6036 παραμυθούμενος

359 6047 390 6113 ⁸,
404 6047 586 6101 lore].
609 6047 849 6107 ἀπελθεῖν,
876 6049 942 6105 εἰς
962 6048 1279 6099 Μακεδονίαν.

668 6147 945 6208 Ρλτιιοι..
992 6146 1110 6210 Gn.
1161 6148 1288 6210 LX.

2083 4795 2298 4858 αὐτοὺς,
2335 4794 2410 4858 ὡς
2443 4797 2542 4850 οὐκ
2575 4796 2886 4867 ἀπομένων,
2915 4798 3030 4850 ἀλλ’
3055 4798 3132 4864 ὡς
3179 4798 3340 4852 πόλιν
3374 4802 3656 4875 ἐγγυτέρω
3679 4824 3762 4877 γιη

2083 4882 2309 4952 νόμενος
2348 4883 2547 4948 αὐτῶν,
2581 4885 2675 4939 καὶ
2711 4885 2998 4939 διανιστῶν
3029 4887 3127 4952 τὰς
3155 4887 3335 4958 ψυχὰς
3363 4891 3473 4944 τῶν
3501 4893 3761 4966 μαθητῶν

2081 4975 2148 5043 τῇ
2179 4974 2508 5044 προφητείᾳ.
2550 4973 2832 5028 Ἐντεῦθέν
2863 4992 2956 5045 μοι
2988 4975 3139 5030 δοκεῖ
3186 4979 3422 5050 γράφειν
3450 4980 3760 5052 Κορινθίοις

2081 5063 2190 5117 ἀπὸ
2231 5060 2483 5135 Ἐφέσου,
2507 5067 2602 5120 καὶ
2632 5066 2835 5136 λέγειν,
2859 5069 2943 5122 ὅτι
2987 5072 3069 5126 Οὐ
3115 5070 3269 5126 θέλω
3320 5072 3482 5143 ὑμᾶς
3517 5076 3758 5144 ἀγνοεῖν

2081 5152 2233 5220 ὑπὲρ
2258 5153 2370 5224 τῆς
2399 5155 2661 5223 θλίψεως
2697 5154 2808 5225 τῇς
2830 5159 3159 5228 γενομένης
3188 5160 3331 5229 ἡμῖν
3350 5161 3422 5214 ἐν
3454 5159 3529 5230 τῇ
3564 5164 3752 5231 Ἀσίᾳ.

2082 5237 2301 5312 Ἐπειδὴ
2349 5242 2456 5315 γὰρ
2484 5243 2854 5315 ἐπηγγέλλετο
2889 5246 2969 5309 εἰς
3007 5246 3270 5318 Κόρινθον
3317 5243 3595 5314 ἀπελθεῖν,
3622 5250 3757 5304 ἀπο-

2081 5329 2321 5400 λογεῖται
2336 5332 2431 5386 ἀτε
2445 5333 2840 5406 βραδύνας,καὶ
2865 5334 3012 5404 λέγει
3027 5335 3120 5388 τὸν
3140 5337 3444 5408 πειρασμὸν
3454 5335 3658 5404 λοιπὸν,
3685 5341 3756 5394 τὰ

2083 5418 2221 5472 κατά
2236 5421 2546 5496 Δημήτριον
2567 5421 2942 5494 διηγούμενος.
2969 5422 3169 5477 Τοῦτον
3191 5426 3299 5496 γὰρ
3323 5423 3640 5487 αἰνίττεται,
3655 5427 3754 5482 τά-

2083 5523 2249 5578 ραχον
2270 5510 2373 5563 οὐκ
2392 5509 2575 5579 ὀλίγον
2593 5510 2764 5565 εἰπὼν
2786 5512 2918 5582 περὶ
2939 5513 3039 5583 τῆς
3057 5510 3178 5565 ὁδοῦ
3201 5512 3553 5582 γεγενῆσθαι.
3585 5515 3756 5569 Πάλιν

2083 5596 2343 5662 κίνδυνος,
2363 5597 2527 5652 πάλιν
2549 5597 2813 5669 τάραχος.
2844 5601 3006 5670 Ὁρᾷς
3020 5599 3120 5670 τὴν
3141 5598 3513 5670 εὐδοκίμησιν;
3545 5601 3757 5671 Ἐγένεο

2080 5699 2142 5736 το
2193 5687 2395 5755 σημεῖα
2445 5684 2629 5737 διπλᾶ·
2679 5687 2730 5738 οί
2763 5685 2820 5738 δὲ
2847 5687 3158 5755 ἀντέλεγον.
3191 5687 3349 5741 Οὐτω
3399 5688 3487 5742 διὰ
3535 5689 3754 5744 πάντων

2082 5773 2366 5842 ὑφαίνεται
2393 5772 2460 5826 τά
2508 5774 2830 5844 πράγματα.
2861 5776 3192 5846 Δημήτριος
3223 5776 3334 5848 γάρ
3363 5794 3456 5844 τις
3484 5778 3750 5848 ὀνόματι,

2078 5861 2512 5930 ἀργιφοκόπος,
2568 5862 2758 5918 ποιῶν
2799 5865 2987 5932 ναοὺς
3039 5866 3336 5938 ἀργιφοῦς
3394 5866 3752 5937 Ἀρτέμιδος,

2078 5950 2399 6019 παρείχετο
2423 5950 2550 6005 τοῖιν
2576 5952 2874 6021 τεχνίταις
2906 5954 3200 6025 ἐργασίαν
3225 5957 3337 6011 οὐκ
3365 5956 3599 6027 ὀλίγην.
3631 5954 3754 6021 Οὓς

2083 6042 2179 6099 καί
2231 6040 2385 6116 [5181
2432 6044 2865 6117 συναθροίσας,
2932 6047 3032 6104 καί
3087 6045 3549 6136 ἐπισυναγςιγὼν
3606 6043 3749 6110 τοὺς

3214 6157 3290 6217 19
