4112 6422
394 386 498 443 297

394 510 528 581 περὶ
557 512 634 564 τὰ
685 505 931 561 τοιαῦτα
959 501 1236 574 ᾣγάτας,
1286 498 1475 556 εἶπεν·
1529 501 1792 569 ¹Ἄνδρες,
1830 500 2074 554 ἐπίστα-

1182 386 1242 445 S.
1281 385 1570 443 JOANNIS
1606 379 2101 442 CHRYSOSTOMI
2136 379 2462 437 ARCHIEP.
2505 380 3059 441 CONSTANTINOP.

3746 389 3848 448 998

2180 491 2325 568 ἦσαν
2350 498 2838 570 εὐκαταφρόνητοι,
2862 496 2939 562 ὡς
2988 499 3122 552 πᾶσι
3151 499 3495 570 προκεῖσθαι.
3537 499 3847 559 Ἀκούσαν-

397 603 530 663 σθε,
564 597 655 653 ὅτι
700 595 770 649 ἐκ
817 593 1036 660 ταύτης
1070 589 1182 659 τῆς
1209 591 1496 660 ἐργασίας
1541 590 1581 658 ἠ
1612 588 1864 658 εὐπορία
1905 586 2076 658 ἡμῶν
2177 600 2279 650 τες
2313 583 2403 650 δὲ,
2449 585 2551 639 καί
2595 585 2905 657 γενόμενοι
2938 585 3199 655 πλήρεις
3219 585 3435 655 θυμσῦ,
3465 587 3655 656 φησιν,
3686 586 3848 658 ἔχρα-

397 688 551 741 ἐστι·
581 683 680 738 καὶ
708 680 975 751 θεωρεῖτε
994 679 1094 733 καὶ
1127 678 1401 741 ἀκούετε,
1436 676 1528 731 ὅτι
1550 677 1623 730 οὐ
1666 677 1866 751 μόνον
1903 675 2072 744 Ἐφέ-

396 790 538 839 σου,
564 771 728 828 ἀλλὰ
749 749 852 825 καὶ
874 767 1105 840 σχεδόν
1122 765 1463 839 πάσηςτῆς
1502 749 1709 833 mata}
1758 769 1792 820 δ
1832 765 2076 831 Παῦλος

396 859 581 929 οὗτος
600 858 823 923 πείσας
849 855 1233 927 μετέστησεν
1264 853 1454 923 ὄχλον
1479 854 1714 918 ἱκανὸν,
1741 850 1957 922 λέγων,
1986 848 2079 903 ὅτι

400 954 525 1006 Οὐκ
551 948 673 1004 είσὶ
700 946 822 1003 θεοὶ
850 948 906 1001 οι
926 943 1026 999 διὰ
1053 942 1272 1013 χειρῶν
1290 940 1618 1011 ἀνθρώπων
1645 942 1964 1011 γινόμενοι.
1993 940 2076 993 Οὐ

394 1040 590 1111 μόνον
622 1035 691 1091 δὲ
711 1033 889 1091 τοῦτο
919 1028 1430 1111 κινδυνεύειήμῖν
1452 1030 1518 1083 τὸ
1541 1029 1723 1099 μέρος
1748 1031 1835 1095 είς
1859 1030 2076 1083 ἀπελε-

399 1108 555 1198 ﬁun-
592 1123 817 1187 ἐλθεῖν,
847 1119 1009 1177 ἀλλὰ
1055 1117 1158 1174 και
1186 1108 1402 1185 τότῆς
1435 1116 1707 1188 μεγάλης
1752 1115 1889 1182 θεᾶς
1919 1116 2080 1186 ἱερὸν

412 1212 753 1283 Ἀρτέμιδος
798 1211 887 1277 είς
924 1205 1108 1263 οὐδὲν
1154 1204 1536 1275 λογισθῆναι,
1561 1205 1813 1274 μέλλειν
1861 1203 1930 1257 δέ
1979 1204 2078 1257 καὶ

399 1294 818 1363 καθαιρεῖσθαι
877 1290 995 1361 τὴν
1040 1290 1475 1360 μεγαλειότητα
1518 1286 1733 1357 αὐτῆς,
1764 1285 1845 1355 ἣν
1878 1287 1991 1355 ὅλη
2038 1289 2078 1357 ἡ

401 1384 577 1439 Ἀσία
609 1381 709 1436 καὶ
739 1381 778 1449 ἡ
805 1378 1129 1450 οἰκουμένη
1174 1378 1433 1432 σέϐεται.
1467 1374 1682 1439 Ποιῶν,
1713 1376 1868 1447 φησὶ,
1895 1375 2080 1442 ναοὺς

400 1470 699 1541 ἀργυροῦς
758 1467 1123 1539 Ἀρτέμιδος.
1158 1467 1272 1521 Καὶ
1316 1465 1435 1527 πῶς
1489 1464 1568 1518 Evn
1603 1466 1763 1527 ναοὺς
1807 1462 2082 1536 ἀργυροῦς

399 1557 692 1627 γενέσθαι;
728 1558 891 1619 Ἴσως
920 1556 997 1619 ὡς
1020 1554 1256 1626 κιϐωρια
1298 1552 1492 1625 μικρά·
1540 1552 1710 1624 πολλὴ
1741 1552 1851 1623 γὰρ
1878 1550 2081 1621 ταύτης

400 1643 470 1719 ἦν
493 1648 527 1718 ἡ
555 1646 692 1717 τιμὴ
719 1648 778 1699 ἐν
814 1643 1046 1715 Ἐφέσῳ,
1088 1645 1223 1697 ὅπου
1246 1643 1341 1696 καὶ
1367 1642 1429 1695 τὸ
1474 1642 1618 1712 ἱερὸν
1641 1640 1820 1695 αὐτῶν
1867 1642 2084 1711 ἐμπρη-

404 1735 532 1789 σθὲν
562 1734 737 1797 οὓτως
764 1731 1036 1803 ἐλύπησεν
1069 1731 1288 1795 αὐτοὺς,
1317 1730 1393 1793 ὡς
1440 1728 1533 1782 τὸν
1566 1730 1928 1800 ἐμπρήσαντα
1987 1745 2082 1782 κε-

403 1822 585 1876 λεύειν
613 1820 750 1893 μηδὲ
771 1819 998 1891 ὀνόματι
1021 1817 1300 1887 λέγεσθαι.
1333 1818 1477 1886 Ὅρα
1503 1816 1780 1888 πανταχοῦ
1800 1816 1902 1887 τὴν
1926 1816 2083 1870 εἰδω-

366 1964 372 1971 ,
405 1909 721 1981 λολατρείαν
748 1908 858 1962 ἀπὸ
888 1925 994 1979 χρη
1004 1905 1191 1977 μάτων
1217 1905 1531 1976 γινομένην.
1556 1907 1815 1960 Κάκεῖνοι
1835 1906 1925 1960 διὰ
1951 1905 2085 1976 χρή-

407 1998 697 2071 ματα,καὶ
749 1990 905 2061 οὗτος
937 1996 1026 2050 διὰ
1053 1996 1331 2068 χρήματαο
1365 1993 1466 2065 οὐχ
1518 1994 1594 2057 ὡς
1654 1994 1752 2064 τῆς
1803 1993 2085 2057 εὐσεϐείας

402 2084 822 2156 κινδυνευούσης
860 2085 1066 2147 αὐτοῖς,
1098 2081 1212 2137 ἀλλ’
1241 2081 1317 2146 ὼς
1337 2081 1432 2134 τοῦ
1474 2079 1748 2151 πορισμοῦ
1772 2080 1870 2152 τὴν
1897 2080 2087 2134 ὑπόθε-

408 2192 493 2228 σιν
524 2174 626 2227 οὐκ
662 2171 896 2243 ἔχοντος.
952 2172 1064 2224 Καὶ
1099 2169 1290 2223 σκόπει
1337 2167 1537 2222 κακίαν
1577 2166 1789 2239 ἀνδρόςο
1840 2166 2086 2240 Εὖπορος

406 2259 478 2335 ἦν
521 2260 708 2327 αὐτὸς,
738 2260 834 2314 καὶ
860 2257 1011 2329 αὐτῷ
1057 2258 1154 2330 μὲν
1187 2257 1248 2310 ού
1289 2254 1526 2326 τοσαύτη
1568 2253 1760 2327 ἔμελλε
1800 2254 1972 2327 βλάϐη
2002 2273 2089 2325 γε-

408 2350 598 2404 νέσθαι
644 2351 708 2403 ἐκ
740 2346 964 2401 τούτοιν
1012 2343 1244 2408 ἐκείνοις
1275 2342 1333 2396 δὲ
1383 2337 1452 2414 ἦν
1498 2342 1693 2413 πολλὴ,
1729 2342 1825 2396 ἅτε
1862 2342 2089 2413 πένησιν

408 2432 531 2492 οὖσι
587 2436 684 2492 καὶ
712 2434 822 2490 ἀπὸ
853 2433 956 2504 τῆς
1007 2431 1133 2486 καθ’
1161 2431 1374 2502 ἡμέραν
1416 2430 1679 2502 ἐργασίας
1712 2430 2085 2502 τρεφομένοις.

410 2527 523 2580 Καὶ
549 2525 699 2595 ὅμως
727 2517 873 2576 οῦτοι
896 2520 991 2592 μὲν
1012 2520 1164 2573 οὐδὲν
1189 2518 1458 2587 λέγουσιν,
1482 2516 1644 2581 αὐτὸς
1663 2516 1723 2571 δέ
1738 2534 1753 2548 ⁸
1798 2520 2090 2583 κοινωνοὺς

407 2614 468 2668 δὲ
509 2613 668 2676 ὄντας
700 2610 898 2672 αὐτοὺς
935 2610 1034 2679 τῆς
1073 2606 1293 2677 τέχνης,
1346 2606 1635 2669 κοινωνοὺς
1690 2604 1955 2678 λαμϐάνει
1994 2608 2091 2662 καὶ

368 2762 375 2767 ,
408 2701 505 2756 τοῦ
540 2700 791 2771 θορύϐου.
826 2693 960 2752 Εἶτα
984 2695 1079 2749 καὶ
1102 2695 1193 2748 τὸν
1220 2693 1465 2748 κίνδυνον
1496 2693 1754 2765 ηὔξησεν,
1777 2696 2087 2765 ἐπαγαγὼν,

408 2792 494 2843 ὅτι
542 2785 890 2843 Κινδυνεύει
923 2782 1071 2854 ἡμῖν
1112 2781 1291 2837 τοῦτο
1332 2781 1400 2836 τὸ
1432 2781 1617 2851 μέρος
1639 2784 1726 2849 είς
1748 2782 2094 2854 ἀπελεγμὸν

408 2873 631 2932 ἐλθεῖν.
665 2873 835 2928 Τοῦτο
855 2872 964 2943 γὰρ
988 2870 1176 2942 σχεδὸν
1200 2869 1288 2923 διὰ
1319 2867 1512 2923 τούτου
1538 2870 1712 2940 δηλοῖ,
1737 2870 1821 2923 ὅτι
1859 2871 1969 2925 ἀπὸ
1992 2872 2093 2943 τῆς

413 2964 610 3034 τέχνης
637 2960 841 3031 ταύτης
872 2957 1254 3027 κινδυνεύομεν
1282 2956 1362 3021 εις
1394 2955 1553 3028 λιμὸν
1586 2959 1867 3028 ἐμπεσεῖν.
1898 2959 2093 3013 Καίτοι

412 3051 486 3106 τὰ
510 3048 779 3121 εἰρημένα
810 3046 972 3099 ἱκανὰ
1004 3048 1084 3108 εἰς
1123 3042 1408 3099 εὐσέϐειαν
1438 3044 1636 3108 αὐτοὺς
1662 3045 1923 3113 ἀγαγεῖν’
1957 3045 2095 3103 ἀλλὰ

413 3136 752 3209 ταλαίπωροί
778 3151 923 3198 τινες
945 3133 1097 3196 ὅντες
1124 3132 1218 3185 καὶ
1242 3131 1466 3203 ψυχροὶ,
1492 3132 1935 3186 ἐπισυνίστανται
1959 3132 2096 3204 μᾶλ-

414 3228 531 3291 λον,
551 3227 648 3280 καὶ
670 3225 771 3278 οὐκ
791 3220 1085 3286 ἐννοοῦσιν,
1110 3221 1190 3273 ὅτι
1217 3220 1281 3273 El
1307 3222 1336 3273 ὁ
1362 3219 1647 3290 ἄνθρωπος
1675 3213 1831 3285 οὗτος
1858 3221 2097 3277 τοσαῦτα

421 3313 600 3386 ἰσχύει
633 3312 709 3376 ὡς
763 3310 1099 3384 μεταστῆσαι
1138 3310 1368 3373 πάντας,
1402 3308 1498 3362 καὶ
1551 3307 1847 3363 κινδυνεύει
1886 3310 1954 3364 τά
1986 3310 2097 3364 τῶν

421 3405 583 3471 θεῶν,
634 3402 821 3475 ἡλίκος
877 3403 906 3455 ό
956 3398 1147 3452 τούτου
1193 3397 1354 3464 Θεόςῑ
1408 3397 1503 3453 καὶ
1550 3398 1634 3452 ὅτι
1682 3397 1869 3470 Πολλῷ
1898 3399 2097 3471 μᾶλλον

420 3494 605 3548 ἐκεῖνα
637 3492 767 3562 ἡμῖν
812 3486 998 3554 δώσει,
1033 3486 1176 3558 ὑπὲρ
1203 3479 1279 3539 ὧν
1314 3484 1652 3556 φοϐούμεθα.
1679 3487 1818 3557 Ἤδη
1854 3504 2088 3559 προκατ.

420 3580 614 3636 ἐλαϐεν
657 3576 838 3632 αὐτῶν
865 3575 965 3638 τὰς
986 3574 1185 3646 ψυχάς,
1210 3573 1407 3642 λέγων,
1431 3574 1514 3627 ὅτι
1556 3575 1679 3629 οὐκ
1719 3575 1840 3628 εἰσὶ
1884 3576 2006 3630 θεοὶ
2042 3578 2099 3631 οί

420 3666 547 3739 ὑπὸ,
596 3664 814 3737 χειρῶν
838 3661 1167 3733 ἀνθρώπων
1197 3662 1519 3733 γινόμενοι.
1562 3662 1706 3734 Ὅρα
1759 3662 1899 3736 ὑπὲρ
1955 3664 2099 3729 τινος

420 3752 825 3824 ἀγανακτοῦσιν
860 3750 1119 3822 Ἕλληνες
1142 3765 1157 3780 ·
1194 3749 1385 3819 ἐπειδὴ
1417 3745 1592 3816 εἶπεν,
1628 3750 1712 3803 ὅτι
1748 3753 1813 3804 Ol
1841 3750 1960 3806 ὑπὸ
1993 3752 2100 3808 ἀν-

424 3844 674 3912 θρώπων
710 3840 1032 3912 γινόμενοι.
1073 3838 1185 3892 οὐκ
1211 3836 1331 3891 εἰσί
1359 3836 1503 3891 θεοί.
1536 3838 1818 3908 Πανταχοῦ
1870 3840 1951 3903 εἰς
2000 3839 2100 3911 τὴν

422 3932 621 4003 τέχνην
642 3928 775 3983 ὠθεῖ
802 3927 895 3980 τὸν
918 3926 1097 3994 λόγον.
1123 3919 1255 3978 Εἶτα
1277 3924 1340 3977 τὸ
1370 3923 1605 3995 μάλιστα
1631 3926 1830 3990 αὐτοὺς
1853 3926 2100 3998 λυπῆσαν

426 4020 654 4091 ὕστερον
679 4016 891 4089 τίθησι,
912 4014 1091 4083 λέγων
1110 4028 1126 4043 ο
1178 4013 1261 4066 Οὐ
1302 4011 1583 4083 μόνονδέ
1615 4013 1791 4068 τοῦτο
1826 4013 1894 4068 τὸ
1924 4015 2102 4083 μέρος

424 4104 792 4163 κινδυνεύει*
837 4102 1111 4166 τουτέστι,
1158 4098 1280 4154 Τῶν
1334 4099 1436 4171 μὲν
1479 4098 1658 4154 ἄλλων
1706 4101 1880 4167 οὐδεὶς
1919 4102 2097 4172 λόγος,

424 4194 540 4251 ἀλλ’
568 4194 652 4250 δτι
673 4191 852 4247 καὶτὸ
872 4190 972 4261 τῆς
996 4189 1237 4261 μεγάλης
1264 4187 1393 4252 θεᾶς
1414 4188 1560 4260 ἱερὸν
1588 4188 1903 4261 ’Δρτέμιδος
1920 4190 2102 4245 κινδυ-

425 4283 572 4338 νεύει
631 4279 1036 4352 καθαιρεῖσθαι.
1095 4272 1232 4330 Εἶτα
1280 4276 1367 4330 ἵνα
1423 4276 1499 4347 μὴ
1546 4275 1672 4348 δόξῃ
1716 4278 2101 4350 χρηματισμοῦ

426 4374 615 4429 ἓνεκεν
638 4371 821 4440 λέγειν
854 4366 1049 4433 ταῦτα,
1080 4366 1183 4438 δρα
1204 4363 1259 4419 τί
1286 4362 1640 4439 προστίθησιν
1656 4380 1670 4394 ·
1708 4366 1822 4418 Ἦν
1844 4364 1884 4433 ἠ
1906 4366 2105 4419 οἰκου-

425 4464 584 4534 μένη
616 4458 871 4514 σέϐεται.
912 4456 1075 4527 Ὀρᾷς
1104 4452 1222 4518 πῶς
1243 4452 1409 4518 ἔδειξε
1440 4450 1611 4523 μείζω
1638 4452 1738 4523 τὴν
1767 4450 1862 4505 τοῦ
1889 4453 2102 4507 Παύλου

429 4550 684 4620 δύναμιν,
714 4546 923 4607 πάντας
956 4541 1175 4605 ἀθλίους
1209 4542 1303 4595 καὶ
1332 4537 1716 4611 ταλαιπώρους
1740 4539 1939 4603 αὐτοὺς
1963 4539 2103 4593 ἀπο·

430 4639 657 4708 φαίνων,
675 4634 803 4705 είγε
814 4632 1097 4705 ἄνθρωπος
1126 4631 1483 4702 ἐλαυνόμενος
1507 4629 1603 4684 καὶ
1635 4629 1957 4700 σκηνοποιδς
1977 4647 2105 4686 τοσ-

430 4726 576 4781 αῦτα
620 4724 885 4787 δύναται;
928 4722 1072 4792 Ὀρα
1102 4721 1233 4791 παρ’
1273 4718 1487 4791 ἐχθρῶν
1522 4717 1623 4783 τὰς
1653 4718 1960 4790 μαρτυρίας
1993 4720 2106 4784 τοῖς

431 4812 754 4875 ἀποστόλοις
792 4810 1101 4879 γινομένας.
1145 4809 1292 4861 Ἐκεῖ
1330 4807 1428 4879 μὲν
1456 4805 1662 4874 ἔλεγον,
1695 4805 1845 4860 Ἰδοὺ
1874 4810 2106 4876 πεπλη-

424 4900 657 4971 ρώκατε
674 4896 1190 4967 τὴνίερόυσαλὴμ
1211 4894 1321 4964 τῆς
1343 4893 1597 4964 διδαχῆς
1615 4893 1784 4963 ὑμῶν
1799 4911 1814 4925 ·
1846 4893 2103 4961 ἐνταῦθα,

428 4990 514 5042 ὅτι
541 4986 768 5043 Μέλλει
799 4983 1204 5063 καθαιρεῖσθαι
1232 4981 1341 5051 τῆς
1370 4981 1710 5052 Ἀρτέμιδος
1740 4982 1780 5050 ἡ
1791 4984 2107 5052 μεγαλειό-

429 5092 562 5145 τηςο
576 5076 723 5139 τότε,
757 5075 823 5127 Ol
873 5070 990 5141 τὴν
1010 5071 1371 5141 οίκουμένην
1394 5069 1545 5144 [519]
1569 5071 2107 5138 ἀναστατώσαντες

430 5161 651 5237 ἢκουον,
678 5165 763 5218 ὅτι
798 5155 975 5217 οὗτοι
1007 5159 1108 5213 καί
1145 5158 1358 5215 ἐνθάδε
1414 5157 1685 5228 πάρεισιο
1706 5157 1824 5222 νῦν,
1858 5158 1942 5212 ότι
1969 5161 2106 5213 Κιν-

432 5252 672 5308 δυνεύει
698 5248 845 5321 ἡμῖν
871 5246 1048 5303 τοῦτο
1072 5245 1143 5301 τὸ
1161 5246 1345 5317 μέρος
1386 5250 1475 5314 εις
1503 5245 1850 5315 ἀπελεγμὸν
1885 5245 2102 5302 ἐλθεῖν.

431 5341 591 5396 Οὕτω
627 5340 723 5395 καὶ
770 5336 1013 5393 Ἰουδαῖοι
1064 5335 1157 5390 ἐπὶ
1186 5334 1283 5390 τοῦ
1331 5335 1573 5407 Χριστοῦ
1625 5334 1842 5405 ελεγονο
1886 5333 2104 5405 Ὁρᾶτε,

431 5426 523 5482 ὅτι
559 5430 594 5483 ὁ
626 5426 858 5498 κόσμος
894 5423 1089 5477 όπίσω
1111 5422 1296 5478 αὑτοῦ
1342 5422 1579 5492 ὑπάγει.
1620 5421 1719 5476 καὶ
1749 5422 2105 5478 ἐλεύσονται

388 5524 393 5533 ’
433 5519 487 5570 οί
514 5513 787 5585 Ῥωμαῖοι
811 5510 910 5567 καί
939 5510 1197 5581 ἀροῦσιν
1213 5508 1385 5582 ἡμῶν
1406 5509 1523 5578 τὴν
1539 5510 1743 5567 πόλιν.
1784 5511 2110 5568 Ἀκούσαν-

432 5619 531 5672 τες
566 5603 638 5658 δὲ
663 5602 852 5658 ταῦτα
885 5600 1291 5671 ἐπλήσθησαν
1318 5600 1530 5673 θυμοῦ.
1581 5601 1719 5656 Πότε
1746 5603 1776 5655 ό
1807 5603 1977 5675 θυμὸς
2016 5605 2109 5674 γέ-

432 5705 624 5760 γονεν;
648 5690 779 5744 Ὅτε
811 5688 945 5762 περὶ·
967 5690 1066 5762 τῆς
1091 5689 1411 5762 Ἀρτέμιδος
1443 5691 1709 5762 ἥκουσαν,
1741 5691 1831 5745 ὅτε
1855 5693 1986 5764 περὶ
2013 5692 2107 5745 τοῦ

432 5774 731 5848 πορισμοῦ.
761 5774 1006 5834 Τοιαῦτα
1027 5776 1141 5849 γὰρ
1164 5776 1237 5831 τά
1265 5777 1376 5831 τῶν
1400 5777 1676 5851 ἀγοραίων
1707 5778 1837 5850 ἢθη,
1870 5780 1978 5834 ἀπὸ
2010 5780 2107 5834 τοῦ

434 5864 691 5935 τυχόντος
745 5863 1185 5931 συναρπάζεσθαι
1242 5866 1336 5919 καὶ
1380 5864 1722 5921 ἐκκαίεσθαι.
1782 5868 1882 5922 Διά
1933 5867 2110 5923 ταῦτα

434 5951 556 6023 μετ’
600 5945 901 6013 ἐξετάσεως
947 5949 1031 6005 δεῖ
1075 5953 1253 6008 ποιεῖν
1290 5952 1470 6009 πάντα
1484 5963 1526 6009 ⁸.
1559 5954 1703 6026 Ὅρα
1750 5953 1806 6010 δέ
1864 5955 1982 6021 πῶς
2013 5958 2110 6013 καὶ

494 6071 515 6097 ⁸
536 6067 707 6121 Πάντα
730 6065 879 6117 ἀθεεὶ
900 6064 951 6116 in
970 6078 1085 6119 uno.

2185 670 2286 733 ζον
2313 672 2591 742 λέγοντες
2617 688 2632 704 ο
2680 671 2924 742 Μεγάλη
2966 674 3006 742 η
3051 676 3320 742 Ἄρτεμις
3371 674 3711 743 Ἐφεσίωνί
3756 681 3849 734 Kal

2183 759 2466 829 ἐπλήσθη
2491 759 2530 827 τι
2563 759 2741 826 πόλις
2758 760 2875 829 ὅλη
2900 759 3013 829 τῆς
3047 763 3410 831 συγχύσεως
3430 778 3445 793 ·
3489 761 3777 833 ὥρμησάν
3803 784 3861 823 τε

2184 847 2569 918 ὁμοθυμαδὸν
2615 850 2705 914 εὶς
2772 847 2840 903 τὸ
2895 847 3166 916 θέατρον.
3234 849 3749 919 Σωαρπάσαντες
3804 853 3864 906 δὲ

2185 934 2373 990 Γάϊον
2406 938 2508 990 καί
2552 936 2952 1005 Ἀρίσταρχον
3006 934 3385 1003 Μακεδόνας,
3446 937 3866 1008 συνεκδήμους

2186 1025 2461 1090 Παύλου,
2489 1024 2791 1078 εἵλκυσαν
2816 1023 3061 1088 αὐτούς.

2260 1111 2327 1183 β’.
2344 1112 2557 1176 ’Λπλῶς
2574 1112 2737 1167 πάλιν
2749 1110 2966 1165 ἐπίασιν
2978 1111 3054 1173 ὡς
3071 1110 3099 1150 ιι
3113 1110 3208 1164 ἐπὶ
3240 1111 3472 1177 Ἰάσονος
3494 1113 3761 1181 Ἰουδαῖοι,
3778 1116 3870 1168 καὶ

2187 1198 2464 1270 πανταχοῦ
2497 1200 2683 1264 αὐτοῖς
2705 1199 3022 1270 πρόκεινται
3046 1216 3060 1229 ο
3091 1197 3265 1263 οὕτως
3292 1200 3447 1255 οὐδὲν
3478 1197 3623 1272 εἰχον
3652 1204 3869 1274 κόμπου

2188 1288 2362 1358 γέμον
2400 1288 2531 1342 ὀὐδὲ
2565 1288 2744 1359 δόξης.
2804 1285 2914 1341 Τοῦ
2947 1286 3016 1339 δὲ
3046 1288 3294 1342 Παύλου
3324 1289 3713 1358 βουλομένου
3741 1294 3873 1345 εισ-

2186 1375 2389 1430 ελθεῖν
2414 1379 2503 1440 εὶς
2544 1376 2652 1428 τὸν
2698 1373 2917 1443 δῆμον,
2968 1375 3083 1427 οὐκ
3113 1373 3256 1428 είων
3291 1374 3481 1429 αὐτὸν
3509 1378 3564 1430 οί
3586 1377 3871 1445 μαθηταί.

2194 1460 2362 1526 Τινὲς
2386 1460 2454 1514 δὲ
2477 1460 2599 1514 τῶν
2627 1459 2964 1529 Ἀσιαρχῶν
2992 1459 3163 1528 ὄντες
3188 1460 3352 1527 αὐτῷ
3379 1463 3566 1532 φίλοι,
3598 1462 3874 1531 πέμψαν-

2187 1566 2287 1615 τες
2313 1548 2465 1617 πρὸς
2492 1547 2681 1602 αὐτὸν
2728 1547 3116 1617 παρεκάλουν
3158 1549 3245 1618 μὴ
3274 1545 3489 1606 δοῦναι
3519 1550 3736 1605 ἑαυτὸν
3788 1552 3873 1615 είς

2189 1636 2258 1690 τὸ
2304 1636 2574 1705 θέατρον.
2637 1635 3079 1707 Παρακαλοῦσιν,
3112 1637 3194 1690 ὅτι
3239 1636 3472 1702 ἄτακτος
3521 1633 3662 1709 ἦσαν
3704 1638 3877 1709 δῆμος

2190 1724 2460 1794 ἀλογίστῳ
2495 1723 2647 1796 ῥύμῃ
2671 1725 2848 1778 πάντα
2875 1724 3205 1795 τολμῶντες.
3249 1727 3359 1779 Καὶ
3384 1727 3414 1778 ὁ
3449 1727 3660 1790 Παῦλος
3687 1727 3877 1779 πείθε-

2190 1829 2280 1867 ται
2306 1831 2318 1843 ·
2343 1813 2404 1865 ού
2442 1813 2553 1883 γὰρ
2579 1808 2648 1883 ἦν
2691 1812 2988 1885 κενόδοξος,
3043 1813 3163 1866 οὐδὲ
3191 1810 3494 1883 φιλότιμος.
3532 1815 3734 1869 Ἄλλοι

2192 1897 2310 1956 οὖν
2338 1899 2493 1953 ἄλλο
2515 1916 2569 1953 τι
2599 1899 2843 1969 ἔκραζον
2867 1919 2881 1932 ·
2924 1897 3005 1971 ἦν
3027 1905 3139 1970 γὰρ
3180 1902 3217 1970 ἡ
3252 1902 3549 1970 ἐκκλησία
3581 1919 3878 1972 συγκεχυ-

2187 1989 2365 2059 μένη.
2399 1987 2653 2041 Τοιοῦτον
2682 1988 2791 2062 γὰρ
2820 1988 2881 2041 τὸ
2902 1989 3105 2059 πλῆθος
3125 2006 3140 2019 ⁸
3182 1989 3368 2054 άπλῶς
3392 1990 3584 2045 ἐπεται
3617 1990 3876 2064 καθάπερ

2195 2076 2310 2149 πῦρ
2342 2078 2422 2139 εἰς
2461 2076 2594 2148 ὓλην
2628 2078 2892 2149 ἐμπεσόν.
2925 2078 3035 2132 Καὶ
3069 2081 3124 2132 οἱ
3171 2079 3423 2145 πλείους
3449 2081 3560 2134 οὐκ
3592 2079 3876 2149 ᾔδεισαν,

2195 2165 2358 2231 τίνος
2394 2165 2602 2219 ἕνεκεν
2645 2166 3201 2233 συνεληλύθεισαν.
3248 2168 3351 2221 Ἐκ
3398 2166 3469 2220 δὲ
3519 2167 3628 2222 τοῦ
3680 2168 3878 2238 ὄχλου

2196 2253 2599 2323 προεϐίϐασαν
2621 2252 3031 2322 Ἀλέξανδρον,
3067 2254 3491 2321 προϐαλόντων
3530 2254 3716 2308 αὑτὸν
3754 2253 3880 2308 τῶν

2209 2343 2525 2398 Ἰουδαίων.
2558 2342 2928 2413 Προεϐάλοντο
2968 2342 3213 2396 Ἰουδαῖοι
3254 2343 3633 2414 οἰκονομικῶς,
3658 2343 3746 2405 ἵνα
3766 2360 3882 2415 μη-

2197 2433 2287 2487 δὲν
2314 2433 2512 2502 ἔχωσιν
2556 2431 2783 2503 ὕστερον
2812 2432 3138 2502 ἀντιλέγειν.
3169 2427 3335 2497 Οὗτος
3366 2435 3460 2488 καὶ
3484 2433 3877 2504 προϐάλλεται,

2198 2523 2292 2576 καὶ
2320 2522 2637 2592 φθέγγεται,
2670 2522 2765 2576 καὶ
2784 2522 2860 2586 τί,
2885 2521 3072 2577 ἀκουε’
3103 2523 3167 2577 '0
3187 2523 3257 2577 δέ
3278 2523 3665 2592 Ἀλέξανδρος
3697 2541 3882 2578 κατα-

2198 2611 2415 2677 σείσας
2469 2609 2546 2681 τῇ
2612 2610 2782 2680 χειρί,
2807 2610 3029 2679 ἤθελεν
3083 2604 3514 2682 ἀπολογεῖσθαι
3556 2610 3638 2677 τῷ
3685 2611 3877 2681 δήμῳ.

2211 2699 2593 2769 Ἐπιγνόντες
2642 2697 2733 2764 δὲ,
2784 2698 2875 2753 ὅτι
2908 2697 3193 2765 Ἰουδαῖός
3229 2699 3384 2763 ἐστι,
3424 2698 3595 2768 φωνὴ
3640 2699 3882 2768 ἐγένετο

2195 2788 2306 2857 μία
2330 2788 2401 2841 ἐκ
2438 2785 2705 2852 πάντων,
2732 2787 2815 2854 ὡς
2837 2787 2937 2840 ἐπὶ
2963 2785 3122 2855 ὥρας
3153 2786 3264 2841 δύο
3286 2786 3649 2855 κραζόντωνο
3684 2787 3884 2857 Mard-

2198 2877 2279 2943 λη
2318 2875 2356 2943 η
2388 2875 2664 2943 Ἄρτεμις
2691 2874 2999 2943 Ἐφεσίων.
3051 2873 3284 2944 Παιδικὴ
3317 2873 3487 2938 ὅντως
3539 2877 3572 2945 ἡ
3631 2874 3845 2929 διάνοια
3864 2892 3880 2906 ο

2200 2961 2455 3032 καθάπερ
2500 2959 2847 3031 φοϐούμενοι,
2879 2960 2954 3031 μὴ
2989 2959 3188 3032 σϐεσθῇ
3216 2960 3276 3014 τὸ
3321 2959 3486 3024 σέϐας
3514 2960 3715 3026 αὐτῶν,
3746 2979 3881 3015 συν-

2201 3049 2342 3120 εχῶς
2370 3048 2559 3103 ἐϐόων.
2604 3049 2710 3101 Δύο
2736 3047 2833 3120 ἐτη
2868 3048 3123 3103 ἐκάθισεν
3151 3051 3292 3116 ἐκεῖ,
3322 3049 3418 3105 καὶ
3459 3050 3563 3122 δρα
3593 3049 3750 3103 πόσοι
3796 3051 3883 3105 ἐτι

2204 3136 2466 3207 ’Έλληνες
2496 3133 2665 3209 ἦσαν.
2696 3137 3110 3204 Καταστείλας
3157 3135 3227 3190 δὲ
3267 3140 3303 3192 ὁ
3349 3138 3725 3208 γραμματεὺς
3772 3138 3884 3192 τόν

2204 3224 2411 3295 ὄχλον,
2445 3225 2673 3295 φησίνο
2714 3224 2966 3293 Ἀνδρες
3000 3222 3279 3294 Ἐφέσιοι,
3318 3228 3411 3292 τίς
3436 3226 3550 3295 γάρ
3576 3227 3747 3281 ἐστιν
3770 3224 3877 3280 ἆν-

2204 3316 2457 3383 θρωπος,
2517 3312 2587 3380 ὃς
2637 3313 2710 3366 οὐ
2747 3312 3029 3384 γινώσκει
3069 3312 3184 3381 τὴν
3208 3314 3504 3383 Ἐφεσίων
3531 3315 3708 3370 πόλιν
3738 3330 3871 3367 νεω-

2204 3406 2388 3473 κόρον
2418 3399 2616 3460 οὗσαν
2641 3402 2751 3473 τῆς
2772 3405 3046 3475 μεγάλης
3075 3403 3217 3471 θεᾶς
3250 3404 3579 3476 Ἀρτέμιδος
3632 3407 3723 3462 καί
3759 3405 3870 3460 τοῦ

2204 3492 2560 3559 Διοπετοῦς;
2606 3491 2795 3564 Τούτῳ
2846 3491 3050 3563 πρώτῳ
3090 3493 3183 3545 τὸν
3231 3492 3402 3562 θυμὸν
3440 3492 3621 3548 αὐτῶν
3665 3492 3873 3553 ἔσϐεσε.

2205 3580 2316 3635 Kal
2344 3578 2453 3633 τοῦ
2482 3579 2819 3647 διοπετοῦς.
2885 3580 2929 3633 Τ
2931 3579 3057 3634 οῦτο
3099 3581 3270 3649 λέγει,
3303 3579 3378 3643 ὡς
3412 3582 3514 3634 οὐκ
3540 3581 3691 3646 ὄντος
3718 3581 3879 3652 δήλου

2206 3668 2300 3723 τοῦ
2333 3662 2680 3740 πράγματος.
2728 3668 2893 3738 Ἱερὸν
2921 3668 2979 3722 δὲ
3004 3667 3188 3740 ἕτερον
3225 3667 3366 3722 οὕτω
3412 3669 3660 3723 ἐκαλεῖτο
3695 3674 3887 3723 Διοπε-

2204 3756 2333 3819 τέςο
2392 3758 2508 3828 ἦτοι
2534 3757 2596 3810 τὸ
2629 3755 2846 3810 εἴδωλον
2886 3756 3064 3810 τοίνυν
3118 3755 3220 3825 τῆς
3264 3756 3578 3829 Ἀρτέμιδος
3623 3757 3886 3822 Διοπετὲς

2206 3841 2414 3910 ἔλεγον,
2454 3843 2530 3903 ὡς
2574 3843 2640 3896 ἐκ
2681 3842 2776 3896 τοῦ
2809 3843 2931 3907 Διὸς
2975 3844 3037 3897 τὸ
3068 3842 3334 3916 ὄστρακον
3365 3846 3541 3898 ἐκεῖνο
3568 3846 3888 3910 πεπτωκὸς,

2209 3931 2305 3984 καὶ
2349 3930 2447 4001 οὐχ
2494 3930 2600 3984 ὑπὸ
2645 3929 2935 4002 ἀνθρώπου
2979 3932 3267 4003 γενόμενον
3289 3948 3305 3963 ·
3352 3932 3386 4003 ἢ
3420 3933 3607 4003 ἕτερον
3656 3934 3893 4005 ἄγαλμα

2210 4018 2343 4089 παρ’
2382 4020 2569 4082 αὐτοῖς
2609 4018 2783 4083 οὕτως
2825 4020 3060 4089 ἐλέγετο.
3097 4020 3562 4089 Ἀναντιρριὶτων
3618 4017 3733 4076 οὗν
3788 4023 3898 4076 ὄν-

2211 4124 2329 4162 των
2347 4108 2596 4173 τούτων,
2624 4106 2767 4163 δέον
2812 4106 2986 4162 ἐστὶν
3024 4108 3182 4180 ὑμᾶς
3206 4107 3728 4178 κατεσταλμένους
3773 4112 3899 4163 ὐπ-

2209 4196 2439 4266 άρχειν,
2488 4194 2587 4250 καί
2643 4194 2839 4265 μηδὲν
2895 4198 3188 4266 προπετὲς
3240 4197 3562 4266 πράσσειν.
3629 4197 3902 4267 Ἠγάγε-

2212 4300 2274 4339 τε
2331 4283 2441 4353 γὰρ
2508 4281 2651 4350 τοὺς
2703 4281 2926 4351 ἄνδρας
2964 4286 3213 4349 τούτους
3232 4319 3249 4347 ,
3292 4283 3430 4338 οὔτε
3484 4284 3853 4353 ἱεροσύλους
3875 4328 3895 4350 ,

2209 4371 2350 4426 οὔτε
2397 4368 2928 4439 βλασφημοῦντας
2978 4370 3094 4439 τὴν
3146 4368 3292 4425 θεὰν
3338 4368 3525 4439 ὑμῶν.
3595 4371 3741 4442 ’Δρα
3827 4373 3900 4426 τὸ

2212 4461 2321 4514 πᾶν
2366 4459 2599 4531 ψεῦδος·
2654 4456 2827 4512 ταῦτα
2872 4458 2929 4512 δέ
2977 4458 3116 4531 πρὸς
3161 4460 3251 4514 τὸν
3301 4460 3501 4532 δῆμον,
3569 4460 3713 4516 ῶστε
3782 4467 3896 4518 κά-

2211 4549 2424 4613 κείνους
2495 4547 2934 4619 ἐπιεικεστέρους
2999 4548 3251 4617 γενέσθαι
3285 4590 3301 4616 ,
3370 4550 3554 4622 φησίν.
3636 4555 3705 4607 El
3767 4552 3900 4622 μὲν

2211 4634 2328 4696 οὖν
2350 4637 2680 4709 Δημήτριος
2699 4638 2798 4693 καὶ
2822 4641 2877 4693 οἱ
2898 4639 3021 4693 σὺν
3042 4639 3202 4705 αὐτῷ
3220 4640 3479 4710 τεχνῖται
3499 4642 3713 4711 έχουσι
3734 4647 3901 4714 πρός

2213 4743 2347 4783 τινα
2375 4728 2581 4797 λόγον,
2612 4726 2879 4796 ἀγοραῖοι
2900 4727 3171 4798 ἄγονται,
3203 4729 3302 4783 καί
3334 4730 3666 4787 ἀνθύπατοί
3687 4736 3861 4789 εἰσιν
3879 4753 3895 4767 °

2216 4813 2365 4887 [3‘20]
2388 4814 2837 4884 ἐγκαλείτωσαν
2870 4817 3193 4885 ἀλλήλοις.
3222 4823 3292 4875 El
3315 4820 3384 4875 δέ
3418 4838 3472 4874 τι
3502 4822 3638 4890 περὶ
3668 4822 3904 4891 ἐτέρων

2212 4900 2535 4970 ἐπιζητεῖτε
2552 4944 2569 4968 ,
2596 4902 2667 4955 ἐν
2702 4902 2780 4971 τῇ
2820 4903 3052 4974 ἐννόμῳ
3090 4907 3394 4975 ἐκκλησίᾳ
3433 4909 3899 4976 ἐπιλυθήσεται.

2213 4989 2323 5044 Kal
2370 4989 2483 5057 γὰρ
2516 4988 2954 5060 κινδυνεύομεν
2997 4993 3379 5062 ἐγκαλεῖσθαι
3435 4994 3708 5063 στάσεως
3752 5000 3901 5067 περὶ

2213 5075 2325 5145 τῆς
2357 5074 2645 5147 σήμερον,
2679 5078 2943 5147 μηδενὸς
2970 5080 3163 5135 αἰτίου
3189 5081 3571 5152 ὑπάρχοντος
3591 5124 3610 5150 ,
3649 5086 3788 5153 περὶ
3818 5083 3901 5142 οὗ

2216 5163 2313 5235 [οὐ
2332 5163 2386 5236 ο]
2421 5163 2808 5235 δυνησόμεθα
2828 5166 3161 5223 ἀποδοῦναι
3184 5169 3372 5239 λόγον
3399 5170 3512 5240 τῆς
3533 5172 3905 5244 συστροφῆς

2216 5252 2460 5320 ταύτης.
2500 5252 2615 5310 Kal
2636 5253 2824 5309 ταῦτα
2850 5254 3059 5322 εὶπὼν,
3080 5256 3357 5313 ἀπέλυσε
3374 5260 3494 5328 τὴν
3523 5260 3897 5329 ἐκκλησίαν.

2218 5338 2485 5413 Ἔννομον
2521 5339 2839 5412 ἐκκλησίαν,
2885 5344 3052 5415 φησὶ,
3084 5344 3219 5399 διότι
3263 5349 3413 5418 τρεῖς
3443 5347 3733 5418 ἐκκλησίαι
3773 5349 3904 5419 ἐγί-

2214 5448 2369 5486 νοντο
2394 5431 2538 5485 κατά
2570 5431 2736 5502 νόμον
2763 5432 2887 5487 καθ’
2910 5434 3144 5489 ἕκαστον
3180 5436 3327 5509 μῆνα
3343 5454 3358 5468 ·
3382 5436 3523 5505 αὓτη
3544 5437 3601 5490 δὲ
3626 5433 3695 5509 ἧν
3710 5442 3906 5510 παρά-

2213 5536 2401 5592 νομος.
2420 5515 2558 5573 Εἶτα
2588 5520 2684 5574 καὶ
2708 5520 2978 5592 ἐφόϐησεν
2998 5525 3199 5588 αὐτοὺς
3223 5522 3418 5579 εἰπών’
3442 5528 3907 5596 Κινδυνεύομεν

2212 5606 2594 5678 ἐγκαλεῖσθαι
2639 5609 2937 5678 στάσεως.
2971 5611 3113 5665 Ἀλλ’
3146 5612 3344 5682 ἴδωμεν
3385 5613 3594 5669 ἄνωθεν
3619 5616 3689 5668 τά
3736 5618 3905 5686 εἰρη-

2220 5695 2377 5766 μένα.
2411 5697 2511 5763 Ὧς
2527 5695 2597 5750 δὲ
2614 5696 2929 5767 ἐπληρώθη
2956 5700 3162 5767 ταῦτα,
3187 5701 3374 5772 φησὶν,
3401 5703 3569 5758 έθετο
3590 5707 3625 5758 ό
3646 5703 3901 5770 Παῦλος

2212 5780 2288 5833 ἐν
2340 5779 2423 5847 τῷ
2478 5782 2773 5851 Πνεύματι
2793 5820 2812 5848 ,
2875 5784 3131 5839 διελθὼν
3188 5784 3305 5854 τὴν
3354 5785 3730 5841 Μακεδονίαν
3785 5786 3907 5842 καὶ

2280 6012 2310 6053 ιι
2344 6012 2561 6085 Ἐτίαστν
2581 6017 2645 6086 ᾡς
2664 6015 3101 6086 deeggigeogiem.
3119 6081 3149 6086 _
3167 6021 3193 6049 ο
3222 6019 3356 6074 ΕΔΜ
3380 6025 3434 6073 ει
3455 6034 3569 6086 mgs.
3594 6021 3700 6086 περὶ
3721 6021 3777 6072 οὗ
3795 6021 3890 6079 οὗ.

2217 6077 2438 6140 quamvis
2462 6079 2659 6139 negalio
2678 6079 2729 6126 in
2751 6076 2921 6129 Bibliis
2944 6080 3085 6131 absit.
3118 6081 3249 6132 Enn.
3501 6076 3531 6121 ι
