4112 6440
424 481 525 538 9.97

422 599 510 655 25.
544 598 688 664 Quos
714 615 1018 669 convocans,
1046 611 1090 658 et
1120 619 1202 659 eos
1247 607 1333 674 qui
1375 606 1667 679 hujusmodi
1689 621 1830 665 erant
1854 614 2008 685 opifi-

425 709 524 754 ces.
576 693 709 748 dixit
732 709 753 749 :
792 693 918 762 Viri,
964 696 1105 752 scitis
1140 699 1261 768 quia
1289 716 1353 754 ea:
1382 701 1476 755 hoc
1503 704 1719 772 arti/icio
1756 715 1829 761 est
1864 707 2010 765 nobis

428 794 640 852 natestus
677 801 699 839 :
733 784 824 841 96.
870 776 921 840 el
956 789 1131 842 videtis
1174 799 1222 844 et
1271 792 1460 846 auditis
1482 836 1497 857 ,
1542 795 1662 864 quia
1704 812 1807 852 non
1845 798 2008 854 solum

423 876 630 946 Ephesi,
655 877 747 931 sed
769 879 920 933 etiam
948 884 1051 951 fere
1078 883 1230 937 totius
1267 882 1421 948 Asice,
1458 882 1656 941 Paulus
1679 887 1760 942 hic
1789 893 2007 948 suadens

414 969 593 1023 avertit
623 971 822 1024 turbam
848 972 1073 1038 multam,
1107 974 1277 1030 dicens
1303 991 1323 1029 :
1356 976 1476 1032 Non
1511 990 1627 1033 sunt
1645 980 1736 1045 dii,
1764 992 1857 1052 qui
1892 1002 2003 1036 nia-

414 1059 561 1113 nibus
584 1058 822 1116 humanis
860 1064 1008 1132 ﬁunt.
1045 1064 1135 1119 27.
1180 1065 1303 1122 Non
1342 1070 1505 1123 solum
1533 1082 1697 1126 autem
1727 1075 1833 1128 haec
1867 1080 1994 1145 peri-

415 1149 669 1204 clitabitur
695 1154 839 1206 nobis
862 1171 1002 1225 pars,
1033 1173 1097 1211 ne
1118 1157 1173 1212 in
1203 1162 1601 1231 confutationem
1629 1167 1815 1232 ueniat,
1847 1171 1936 1223 sed
1954 1180 2001 1222 et

416 1256 479 1295 ne
507 1258 705 1313 magna
740 1244 850 1298 deae
890 1245 1071 1301 Diana:
1109 1251 1347 1321 templum
1387 1269 1480 1322 pro
1520 1255 1681 1310 nihilo
1718 1267 1995 1327 reputatur,

415 1332 790 1405 destrueturque
824 1338 1065 1406 majestas
1088 1342 1217 1411 ejus,
1241 1360 1392 1409 quam
1417 1353 1522 1399 tota
1548 1347 1672 1403 Asia
1695 1359 1741 1405 et
1761 1352 1896 1405 orbis
1920 1369 1999 1407 co.

409 1423 489 1477 lit.
515 1422 752 1492 Faciens,
773 1426 962 1499 inquit,
985 1430 1119 1485 cedes
1137 1447 1399 1502 argenteos
1424 1437 1624 1493 Dianas.
1645 1442 1710 1495 Et
1726 1448 1995 1513 quernodo

408 1526 637 1584 possunt
688 1517 829 1574 mdes
872 1531 1143 1591 argentea;
1192 1524 1352 1581 ﬁeri?
1395 1528 1559 1584 Forte
1598 1534 1751 1602 quasi
1790 1537 1991 1594 ciboria

410 1622 616 1675 parva:
646 1625 859 1681 magnus
888 1614 1028 1668 enim
1068 1616 1165 1685 ipsi
1198 1617 1373 1674 honor
1399 1632 1517 1676 erat
1546 1623 1765 1693 Ephesi,
1797 1628 1882 1683 ubi
1927 1630 1992 1684 il-

414 1697 590 1754 lorum
616 1701 822 1758 incenso
850 1706 1048 1776 templo
1074 1708 1147 1763 ita
1179 1710 1423 1777 doluere,
1451 1724 1507 1769 ut
1533 1731 1602 1772 ne
1630 1733 1825 1775 nomen
1865 1723 1986 1791 qui-

411 1787 535 1842 dem
561 1790 693 1859 ejus,
737 1794 825 1863 qui
868 1798 1242 1866 succenderat,
1287 1803 1513 1873 proferri
1545 1807 1819 1877 juberent.
1854 1787 1987 1870 \iide

408 1879 602 1951 ubique
626 1882 980 1942 idololatriam
1009 1905 1039 1944 a
1072 1893 1314 1960 pecuniis
1343 1907 1613 1953 constare.
1647 1900 1713 1955 Et
1755 1901 1832 1957 illi
1861 1919 1985 1973 prc-

399 1981 522 2040 pter
560 1978 834 2045 pecunias,
887 1989 943 2036 et
979 1981 1067 2039 hic
1104 1997 1326 2055 propter
1370 1991 1664 2059 pecunias:
1695 2010 1801 2050 non
1830 1999 1981 2067 quasi

394 2064 653 2134 religione
700 2070 1070 2139 periclitante,
1119 2077 1213 2131 sed
1257 2080 1408 2148 quasi
1446 2093 1654 2152 quaestu
1702 2064 1978 2142 materiam

395 2170 506 2210 non
534 2157 780 2217 habente.
826 2163 892 2218 Et
942 2168 1213 2239 perpende
1256 2171 1355 2227 viri
1400 2176 1804 2246 malignitatem.
1835 2180 1980 2252 Opu-

401 2248 569 2305 lentus
609 2253 702 2309 ille
729 2266 867 2323 erat,
898 2268 954 2314 et
981 2259 1109 2317 hinc
1136 2262 1211 2318 illi
1245 2280 1349 2320 non
1382 2277 1584 2325 tantum
1613 2270 1865 2329 damnum
1897 2276 1979 2331 fu-

402 2348 569 2395 turum
595 2353 748 2411 erat;
792 2347 898 2403 illis
939 2364 1089 2416 vero,
1136 2363 1325 2425 utpote
1367 2362 1693 2430 pauperibus
1720 2366 1970 2435 multum,

393 2432 482 2502 qui
509 2432 701 2492 diurno
739 2449 947 2510 quaestu
985 2444 1183 2500 victum
1219 2451 1493 2518 pararent.
1522 2454 1774 2511 Attamen
1810 2458 1863 2513 bi
1895 2432 1980 2513 ni;-

391 2524 467 2579 hil
515 2526 719 2597 dicunt,
772 2532 872 2588 sed
918 2535 1010 2592 ille
1052 2546 1255 2593 tantum
1291 2557 1304 2593 :
1337 2545 1472 2599 artis
1503 2561 1630 2601 vero
1673 2549 1807 2605 socii
1849 2566 1970 2606 cum

388 2624 607 2685 essent,
655 2622 911 2679 tumultus
955 2638 1235 2685 consortes
1274 2634 1520 2689 assumit.
1569 2638 1771 2695 Deinde
1809 2642 1968 2697 etiam

388 2706 680 2776 periculum
708 2720 1069 2786 exaggeravit,
1099 2719 1282 2776 dicens
1306 2741 1319 2777 :
1348 2722 1475 2779 Htec
1494 2728 1808 2795 periclitatur
1828 2731 1971 2788 nobis

385 2815 526 2867 pars,
567 2818 632 2856 ne
656 2803 710 2858 in
747 2810 1143 2877 confutationem
1184 2813 1395 2869 incidat.
1443 2817 1553 2873 Hoc
1579 2820 1721 2876 enim
1753 2820 1865 2879 fere
1890 2825 1966 2880 si-
2028 2882 2029 2885 η

382 2888 636 2957 gniﬁcat:
664 2894 747 2950 Ab
774 2895 873 2952 hac
913 2908 1029 2955 arte
1058 2901 1113 2956 in
1150 2902 1343 2959 famem
1375 2906 1550 2963 delabi
1582 2911 1963 2979 periclitamur.

383 2980 543 3050 Atqui
574 2992 823 3052 poterant
868 2988 1007 3045 dicta
1041 2993 1129 3049 illa
1159 2995 1303 3064 ipsos
1347 2997 1414 3053 ad
1461 3000 1603 3069 piam
1651 3004 1965 3075 religionem

377 3072 689 3143 adducere;
721 3079 815 3134 sed
848 3081 1028 3139 miseri
1058 3100 1120 3140 ac
1147 3087 1279 3143 viles
1304 3105 1426 3145 cum
1453 3103 1654 3160 essent,
1685 3099 1966 3170 insurgunt

380 3167 576 3237 magis,
607 3184 704 3226 nec
727 3172 984 3244 cogitant,
1013 3178 1057 3232 si
1088 3177 1176 3235 hic
1204 3180 1365 3237 homo
1394 3185 1513 3242 talia
1551 3191 1739 3259 possit,
1769 3167 1966 3249 utom-

376 3270 484 3312 ucs
511 3270 787 3318 convertat
812 3273 866 3319 et
888 3266 979 3321 'dii
1015 3270 1403 3339 periclitentur,
1433 3289 1668 3346 quantus
1708 3283 1779 3338 sit
1821 3285 1964 3343 illius

377 3349 524 3405 Deus
556 3367 572 3404 :
597 3362 655 3408 et
680 3356 822 3425 quod
851 3359 1018 3415 multo
1046 3365 1212 3435 magis
1240 3368 1357 3439 ipse
1383 3370 1538 3427 nobis
1561 3373 1647 3429 illa
1678 3375 1841 3444 dabit,
1865 3395 1961 3449 pro

374 3443 571 3511 quibus
611 3447 881 3506 timemus.
928 3452 1047 3509 Jam
1091 3472 1560 3532 prmoccupavcrat
1597 3467 1807 3524 illorum
1846 3474 1960 3527 ani.

377 3549 537 3602 suos,
581 3536 808 3595 dicens:
859 3542 981 3599 Non
1035 3560 1152 3604 sunt
1198 3553 1306 3620 dii,
1338 3558 1423 3625 qui
1451 3560 1682 3616 manibus
1723 3564 1958 3621 humanis

374 3624 528 3691 ﬁunt.
563 3626 695 3685 Vide
743 3646 841 3701 pro
878 3650 980 3706 qua
1018 3654 1079 3694 re
1124 3624 1467 3714 indignentur
1515 3654 1742 3721 gentiles
1780 3673 1795 3710 :
1833 3662 1955 3727 quia

377 3716 591 3773 dixerat
617 3720 759 3789 :‘Qui
786 3725 850 3781 ab
876 3727 1161 3786 hominibus
1206 3736 1328 3805 facti
1379 3716 1540 3807 sunt;
1562 3758 1663 3798 non
1697 3756 1815 3800 sunt
1851 3716 1952 3803 Idii.

372 3805 585 3878 Ubique
610 3810 663 3867 in
691 3828 864 3872 artem
904 3833 1209 3879 sermonem
1239 3831 1524 3886 convertit.
1572 3833 1772 3891 Deinde
1811 3840 1952 3908 quod

374 3902 605 3959 maxime
633 3906 685 3960 in
716 3922 971 3980 angorem
1000 3916 1268 3986 conjicere
1294 3931 1523 3992 poterat,
1550 3926 1697 3995 dicit,
1731 3902 1853 3985 Non
1871 3950 1954 3988 so-

373 3987 485 4043 lum
508 3992 611 4048 haec
628 4013 749 4066 pars
777 4003 1131 4072 periclitatur;
1160 4009 1210 4064 id
1240 3987 1345 4077 est,
1374 4015 1602 4072 aliorum
1629 4021 1784 4077 nobis
1808 4025 1952 4080 nulla

369 4097 499 4138 cura
520 4098 621 4153 est,
652 4091 745 4145 sed
771 4095 913 4163 quod
960 4113 1163 4169 magna:
1188 4102 1305 4159 dere
1346 4108 1527 4164 Diana:
1559 4117 1813 4183 templum
1851 4118 1950 4176 de-

365 4178 502 4232 strui
534 4182 884 4249 periclitetur.
919 4189 1120 4247 Deinde
1141 4209 1209 4250 ne
1232 4197 1475 4256 videatur
1497 4203 1627 4259 lucri
1652 4222 1810 4265 causa
1837 4210 1951 4267 haec

363 4267 564 4338 dicere,
596 4274 718 4330 vide
738 4278 862 4347 quid
883 4281 1042 4337 addat
1067 4302 1080 4338 :
1103 4285 1266 4353 Quam
1292 4292 1426 4346 orbis
1445 4296 1584 4355 colit.
1611 4296 1799 4353 Videu’
1818 4317 1949 4370 quo-

363 4361 526 4417 modo
552 4364 806 4434 majorem
822 4373 1070 4429 ostendat
1089 4377 1238 4433 Pauli
1257 4381 1528 4450 virtutem,
1546 4401 1734 4444 omnes
1753 4408 1948 4447 acrum-

360 4468 527 4510 nosos
550 4466 607 4512 et
658 4460 880 4517 miseros
906 4466 1026 4522 illos
1067 4471 1377 4540 ostendens,
1423 4478 1467 4531 si
1495 4477 1657 4534 homo
1688 4484 1868 4551 pulsus
1893 4495 1947 4541 et

360 4548 717 4606 tentoriorum
743 4555 933 4610 artifex
963 4559 1084 4612 talia
1119 4566 1333 4631 potest?
1374 4566 1506 4623 \‘ide
1536 4548 1840 4630 testimonia
1876 4577 1945 4633 de

260 4689 279 4705 ι
359 4642 618 4707 apostolis
645 4644 712 4698 ab
738 4646 869 4717 ipsis
899 4650 1129 4709 inimicis
1158 4657 1386 4714 reddita.
1420 4661 1533 4718 lllie
1559 4664 1772 4734 quidem
1793 4668 1942 4727 dice-

362 4728 492 4784 bant
515 4750 528 4785 :
557 4733 689 4790 Ecce
709 4737 927 4810 impletis
948 4742 1234 4801 Jerusalem
1258 4750 1491 4807 doctrina
1516 4728 1678 4810 vestra
1699 4758 1838 4829 (Act.
1879 4764 1935 4818 5.

365 4818 495 4888 28);
516 4823 615 4888 hic,
645 4826 898 4885 Futurum
926 4845 1018 4901 est,
1047 4846 1102 4889 ut
1127 4838 1420 4898 destruatur
1442 4843 1628 4902 Diana:
1651 4852 1892 4923 ~ntujestas
1922 4871 1940 4909 :

364 4920 499 4966 tunc
521 4917 817 4987 audiebant,
851 4924 952 4991 Qui
979 4928 1325 4987 subuerterant
1353 4936 1525 4992 orbem
1552 4917 1822 5010 terrarum,
1857 4946 1939 5000 hic

356 5004 554 5060 adsunt
582 5009 734 5073 (Ibid.
766 5017 852 5073 17.
907 5022 1005 5089 6);
1059 5040 1220 5091 nunc,
1269 5027 1596 5087 Periclitatur
1640 5037 1783 5092 nobis
1808 5004 1938 5094 vhazc

355 5113 486 5167 pars
507 5099 562 5152 in
590 5106 970 5174 confutationem
995 5117 1180 5173 uenire.
1213 5117 1304 5176 Sic
1328 5120 1499 5179 Judaei
1528 5124 1596 5181 de
1620 5127 1832 5185 Christo
1851 5132 1938 5186 di-

348 5188 600 5247 cebant:
639 5193 805 5255 Videte
846 5205 982 5272 quod
1030 5210 1251 5266 mundus
1300 5223 1412 5281 post
1453 5216 1621 5287 ipsum
1644 5221 1827 5288 vadat;
1856 5228 1932 5290 et,

362 5279 572 5338 Veniant
595 5286 829 5353 Romani.
850 5307 899 5349 et
917 5298 1092 5353 tollent
1110 5279 1334 5358 nostram
1361 5307 1607 5363 civitatem
1638 5311 1816 5380 (Joan.
1846 5317 1931 5374 1‘3.

348 5372 443 5429 l9.
466 5387 515 5430 et
546 5380 631 5434 ll.
661 5384 777 5456 48).
811 5387 911 5444 His
937 5403 1104 5448 autem
1129 5398 1340 5466 auditis,
1384 5403 1566 5473 repleti
1592 5372 1706 5460 sunt
1739 5372 1928 5479 furore.

346 5464 506 5521 Unde
528 5468 675 5528 furor
700 5475 790 5533 ille
808 5480 834 5531 γ
856 5480 1080 5547 Quando
1104 5485 1172 5542 de
1199 5464 1361 5544 Diana
1383 5464 1684 5562 audierunt,
1717 5464 1933 5569 quando

341 5557 421 5610 de
449 5557 579 5615 lucri
600 5561 829 5632 jactura.
859 5570 1005 5627 Talis
1033 5574 1175 5631 enim
1218 5577 1511 5638 forensium
1549 5601 1666 5642 mos
1694 5557 1798 5657 est,
1824 5590 1928 5647 levi

341 5646 421 5700 de
439 5663 598 5705 causa
625 5655 796 5727 abripi
824 5669 877 5716 et
907 5666 1147 5722 accendi.
1176 5668 1379 5727 Idcirco
1396 5688 1517 5729 cum
1539 5680 1787 5737 examine
1814 5697 1929 5738 om-

342 5739 435 5795 nia
478 5755 606 5802 sunt
650 5754 878 5821 agenda.
910 5757 1044 5816 Vide
1086 5771 1266 5820 autem
1290 5782 1448 5837 quam
1478 5771 1807 5842 despiciendi
1833 5792 1922 5833 es-

340 5845 484 5899 sent,
509 5838 597 5908 qui
624 5842 693 5898 ab
709 5847 958 5906 omnibus
982 5867 1468 5919 commoverentur.
1494 5838 1592 5921 28:
1615 5865 1717 5923 llis
1738 5871 1926 5927 auditis

337 5925 523 5994 repleti
543 5942 660 5989 sunt
685 5935 786 6005 ira,
813 5948 862 5996 et
879 5943 1301 6022 exclamaverunt,
1337 5950 1526 6027 Magna
1550 5956 1718 6016 Diana
1749 5960 1922 6037 Ephe-

1431 486 1493 545 l'.\'
1536 490 1709 548 ACTA
1755 491 2274 557 APOSTOLORUM.
2320 500 2545 561 ιιωιιι..
2588 506 2743 564 XLII.

3599 538 3701 594 298

2114 618 2444 678 sioruml'29.
2473 624 2537 679 Et
2563 628 2771 696 impleta
2795 643 2865 684 est
2902 635 3076 694 civitas
3103 648 3404 715 confusione
3427 667 3446 707 :
3472 665 3517 706 ct
3541 658 3701 725 impe-

2114 720 2218 764 tum
2246 716 2469 783 fecerunt
2495 735 2596 774 uno
2623 722 2792 775 animo
2814 724 2867 779 iu
2888 727 3158 788 theatrum.
3186 736 3352 808 llupto
3378 755 3548 799 autem
3570 749 3700 804 Gaio

2112 814 2157 854 et
2178 805 2470 862 Aristarcho
2501 811 2883 881 Macedonibus,
2942 819 3094 877 Pauli
3120 830 3404 900 comitibus,
3433 844 3700 896 traxerunt

2108 900 2246 947 :tios.
2707 914 2719 924 ’

2177 985 2230 1040 9..
2250 988 2378 1046 Sine
2405 1008 2564 1050 causa
2584 1015 2771 1056 rursus
2796 1006 3053 1063 invadunt
3073 1012 3207 1068 sicut
3223 1014 3473 1075 .lasouem
3494 1022 3690 1092 Judmi,

2105 1085 2160 1130 et
2186 1079 2379 1150 ubique
2395 1096 2518 1142 sunt
2543 1095 2710 1160 parati
2738 1111 2755 1149 :
2782 1098 2851 1152 ita
2877 1101 3074 1157 nullam
3102 1107 3184 1159 vel
3215 1108 3404 1177 gloriae
3432 1114 3516 1169 vel
3540 1116 3697 1172 fama:

2106 1170 2370 1227 rationem
2401 1177 2688 1238 habebant.
2721 1187 2812 1243 30.
2865 1190 3030 1247 Paulo
3063 1210 3230 1252 autem
3278 1202 3475 1259 volente
3502 1209 3696 1262 intrare

2102 1261 2155 1315 in
2193 1271 2460 1336 populum,
2512 1290 2613 1328 non
2657 1284 2987 1346 permiserunt
3035 1289 3293 1360 discipuli.
3334 1298 3422 1352 51.
3469 1300 3691 1368 Quidam

2100 1365 2268 1411 autem
2295 1360 2361 1414 de
2384 1363 2516 1419 Asiae
2538 1370 2870 1441 principibus,
2901 1380 2989 1447 qui
3014 1394 3153 1436 erant
3182 1387 3291 1455 ejus
3316 1391 3484 1455 amici,
3531 1397 3688 1452 mise-

2098 1459 2217 1501 runt
2243 1451 2314 1504 ad
2342 1470 2453 1508 eum
2481 1473 2734 1529 rogantes,
2768 1483 2830 1519 ne
2853 1486 2907 1523 se
2924 1472 3066 1526 daret
3093 1476 3147 1529 in
3175 1479 3446 1540 theatrum.
3477 1486 3688 1560 Rogant

2096 1540 2219 1607 quia
2271 1542 2536 1603 incondita
2584 1555 2735 1610 turba
2774 1570 2909 1628 erat,
2935 1581 3053 1632 qua:
3077 1583 3223 1626 emco
3266 1574 3464 1647 impetu
3504 1587 3682 1641 omnia

2094 1634 2345 1692 audebat.
2389 1640 2457 1695 Et
2498 1644 2693 1703 Paulus
2736 1652 3075 1727 obtemperat
3119 1634 3525 1737 :ncqudenim
3567 1690 3685 1733 erat

2093 1737 2245 1780 vana:
2266 1729 2451 1796 gloria:
2497 1739 2724 1806 cupidus
2768 1746 2849 1799 vel
2897 1750 3230 1810 ambitiosus.
3260 1760 3349 1814 59..
3377 1763 3482 1819 Alii
3516 1768 3684 1839 itaque

2095 1817 2236 1839 -13--J
2274 1821 2332 1839 -Ιν
2438 1825 2450 1839 ⁸
2540 1838 2545 1839 ν
2823 1838 2829 1839 “

2089 1817 2236 1870 aliud
2262 1821 2547 1880 clamabant
2575 1846 2595 1882 :
2620 1844 2727 1885 erat
2746 1838 2933 1907 quippe
2947 1842 3308 1915 incompositus
3339 1867 3514 1913 cretus.
3538 1817 3682 1919 Ttilis

2087 1916 2173 1961 est
2194 1911 2346 1966 "mm
2366 1919 2578 1985 Ροιιιιιίε
2609 1930 2808 1981 temere
2831 1934 3087 2001 sequitur,
3109 1911 3246 1996 sicut
3274 1945 3409 2014 ignis
3436 1950 3488 2004 iu
3518 1954 3680 2025 stipu-

2091 1996 2193 2025 Ιιι...
2220 2001 2445 2025 ε--ε.ιγ-μγ
2519 2009 2578 2025 nn
2641 2014 2653 2025 ο

2909 1996 2922 2001 _
3075 1996 3083 1999 _
3289 1996 3406 2014 οη--
3518 1996 3676 2025 -..γης

2088 1996 2194 2052 lam
2220 2001 2477 2062 incidens.
2507 2009 2749 2085 Plerique
2780 2032 2945 2076 autem
2976 2030 3261 2087 nesciebant
3289 2054 3379 2091 cur
3411 2050 3676 2103 convenis-

2085 2099 2214 2145 sent.
2229 2093 2317 2147 33.
2340 2094 2416 2149 De
2432 2100 2578 2154 turba
2591 2114 2757 2160 autem
2785 2110 3111 2173 detraxerunt
3153 2122 3519 2201 Alexandrum,
3553 2156 3677 2208 pro-

2086 2183 2382 2208 --ll‘_n:L-_-
2574 2194 2590 2208 Ι
2655 2198 2666 2208 ι
2718 2201 2729 2208 .
2809 2203 2837 2208 _

2084 2183 2386 2290 pellentibus
2418 2208 2532 2247 eum
2555 2194 2774 2255 Judtris.
2807 2203 3181 2277 Propellebaut
3206 2183 3375 2278 Judaei

2082 2272 2505 2346 dispensatione,
2556 2296 2613 2341 ut
2664 2291 2796 2346 nihil
2839 2310 3058 2366 possent
3097 2307 3235 2365 ultra
3279 2320 3669 2382 contradicere.

2083 2366 2181 2420 llic
2211 2374 2548 2444 propellitur,
2579 2380 2829 2455 loquitur,
2863 2399 3065 2466 etquid
3091 2401 3234 2460 dicat
3257 2411 3404 2469 audi.
3438 2366 3670 2477 Ales-ai:-

2078 2459 2172 2513 dcr
2195 2473 2361 2517 autent
2389 2484 2543 2524 manu
2568 2475 2766 2533 silentio
2811 2459 3087 2555 postulato,
3112 2495 3308 2554 volebat
3347 2506 3561 2565 reddere
3582 2531 3671 2568 ra-

2077 2548 2264 2604 ίίοηθπι
2289 2558 2500 2625 Pallida-
2524 2562 2614 2618 διο
2647 2548 2885 2633 Quem'ut
2910 2594 3249 2650 cognoverunt
3272 2591 3513 2654 Iudicum
3533 2619 3662 2672 esse,

2077 2653 2175 2672 Imm
2216 2643 2348 2672 6⁸η-..-
2393 2659 2461 2672 --ι
2507 2668 2568 2672 --μ
2586 2670 2596 2672 ,
2775 2662 2787 2672 .

2074 2653 2175 2693 vos:
2211 2643 2348 2713 facta
2387 2659 2461 2703 est
2504 2668 2607 2708 una
2647 2662 2893 2732 omnium,
2921 2673 3070 2738 quasi
3095 2676 3166 2729 ad
3190 2679 3319 2737 duas

2066 3197 2155 3266 qui
2165 3201 2713 3273 nesciat,Ephesiorum
2731 3216 2981 3276 civitatem
3002 3241 3200 3298 magna:
3218 3232 3402 3294 Diana:
3415 3259 3521 3298 esse
3537 3260 3660 3303 neo-

2067 3304 2241 3345 coram
2276 3303 2326 3347 et
2343 3294 2574 3368 Diopetis
2598 3304 2624 3357 ?
2646 3305 2758 3364 Hoc
2785 3314 3013 3380 primum
3045 3294 3281 3384 furorem
3311 3332 3524 3394 illorum
3553 3357 3652 3399 ex-

2065 3381 2273 3438 stinxit.
2302 3384 2374 3441 Et
2395 3387 2644 3463 Diapetis.
2677 3399 2791 3458 Hoc
2817 3406 2986 3476 dicit,
3014 3427 3135 3471 cum
3167 3435 3275 3478 non
3317 3428 3387 3482 sit
3427 3446 3511 3486 res
3539 3452 3655 3490 ma-

2065 3473 2279 3535 nifesta.
2331 3484 2490 3543 Aliud
2531 3504 2743 3551 sacrum
2794 3501 2862 3556 ita
2906 3510 3200 3568 vocabatur
3239 3517 3491 3591 Diopetes
3523 3548 3538 3584 :
3565 3535 3654 3590 vel

2065 3567 2258 3591 “AL”;
2293 3574 2353 3591 ,ν
2507 3583 2567 3591 _.

3178 3567 3185 3568 ,
3240 3567 3491 3591 --.τωρ
3523 3570 3537 3584 .
3573 3567 3650 3590 νυ.

2064 3567 2262 3626 idolum
2293 3574 2475 3635 Dianas
2505 3583 2754 3655 Diapctes
2784 3597 3066 3669 vocabant,
3098 3609 3240 3675 quod
3266 3627 3330 3667 ex
3357 3615 3490 3675 Jove
3518 3632 3650 3678 testa

3051 3658 3065 3669 1
3108 3658 3128 3675 1
3190 3658 3240 3663 -.-
3271 3658 3330 3667 -π
3357 3658 3489 3675 νννυ
3518 3658 3650 3678 ιιιδιιι

2063 3658 2152 3712 illa
2200 3663 2416 3735 delapsa
2461 3684 2624 3741 esset,
2656 3695 2755 3736 nec
2778 3684 2847 3739 ab
2875 3688 3089 3748 homine
3137 3699 3271 3756 facta
3297 3703 3483 3765 fuisset
3518 3731 3531 3766 :
3562 3719 3651 3773 vel

2063 3751 2163 3773 ._I!,_
2188 3754 2201 3773 Ι
2234 3757 2244 3767 ⁸
2270 3757 2281 3773 Ι
2326 3761 2337 3773 Ι
2587 3768 2600 3773 ⁸
2648 3772 2675 3773 ί⁷

3197 3751 3271 3756 -τ-
3297 3751 3483 3765 -ν--υυνι
3518 3755 3529 3766 σ
3571 3751 3649 3773 νιι

2060 3751 2202 3809 aliud
2233 3757 2432 3816 idolum
2462 3768 2602 3836 apud
2646 3772 2764 3828 illos
2792 3778 2871 3834 sic
2894 3787 3206 3846 vocabatur.
3236 3795 3326 3852 '56.
3358 3798 3484 3857 Cum
3529 3825 3649 3883 ergo

2061 3842 2137 3883 ΙΙδι
2165 3851 2444 3883 Μηινηλὲηέ
2480 3874 2580 3883 ..--
2634 3880 2713 3883 __-,
2756 3868 2786 3883 -.

3134 3842 3205 3846 η--
3237 3842 3326 3852 vv.
3361 3842 3484 3857 νυνι.
3529 3842 3597 3862 ut
3619 3842 3649 3864 υ

2060 3842 2137 3898 Itis
2165 3851 2444 3915 matradici
2480 3874 2582 3913 non
2631 3868 2806 3933 possit,
2840 3885 3034 3941 oportet
3063 3895 3150 3934 vos
3191 3886 3394 3946 sedatos
3440 3842 3649 3964 esse,Jet

2060 3938 2188 3964 ..ειη
2213 3951 2386 3964 .-.μιμ-
2610 3955 2679 3964 --
2751 3960 2759 3964 ‘
2799 3961 2805 3964 ‘
2836 3963 2841 3964 ’

2874 3938 2881 3941 ⁷
3228 3938 3233 3939 ⁷
3268 3938 3273 3939 ⁷
3288 3938 3391 3946 ⁷⁷⁷⁷*
3441 3938 3569 3964 νην,
3602 3938 3648 3955 Io.

2058 3938 2188 3993 nihil
2208 3951 2390 3999 temere
2409 3964 2574 4020 agere.
2609 3955 2699 4010 57.
2725 3960 3024 4022 Adtluarislis
3044 3972 3176 4028 enim
3204 3978 3337 4035 uiros
3378 3985 3470 4039 hos
3491 4007 3648 4061 neque

2060 4032 2329 4061 ana-il----
2386 4057 2443 4061 --_
2460 4060 2465 4061 ,
2484 4060 2491 4061 ,
2532 4060 2535 4061 ,
2590 4045 2604 4061 ι
2626 4049 2637 4061 ι
2742 4052 2754 4061 .

2055 4032 2351 4106 mallet)“.
2382 4057 2541 4111 neque
2583 4045 2986 4120 blasphemantes
3029 4063 3176 4121 dcam
3214 4084 3449 4133 vestram.
3478 4032 3643 4155 Atqui

2057 4130 2224 4155 Intnm
2251 4132 2527 4155 MA-J--9__
2552 4154 2575 4155 η
2668 4149 2679 4155 -
2749 4145 2761 4155 ι

2057 4130 2224 4180 letum
2251 4132 2583 4191 mendacium
2602 4149 2686 4196 est
2707 4159 2721 4197 :
2748 4145 2846 4201 i5ta
2865 4160 3041 4208 autem
3070 4157 3136 4211 ad
3157 4165 3410 4233 populum
3427 4130 3644 4246 compe-

2057 4217 2307 4246 ann-nl“...
2338 4222 2461 4246 J!_!.
2504 4229 2572 4246 μνη
2647 4234 2682 4246 Α
2778 4239 2789 4246 .
2845 4241 2856 4246 -
2894 4241 2920 4246 _

2053 4217 2308 4275 scendum
2334 4222 2483 4284 dixit.
2503 4229 2591 4285 53.
2639 4234 2789 4302 Quod
2811 4241 2857 4293 si
2881 4217 3173 4305 Demetrius.
3188 4295 3203 4317 ,
3228 4217 3279 4310 2:
3309 4262 3398 4329 qui
3430 4217 3640 4325 cumleo

2051 4318 2168 4363 sunt
2191 4314 2431 4383 artiﬁces,
2456 4320 2641 4378 habent
2667 4329 2906 4388 adversus
2923 4339 3143 4408 aliquem
3168 4362 3395 4419 causam,
3421 4373 3639 4417 conven-

2051 4407 2131 4453 tus
2154 4403 2376 4471 forenses
2390 4422 2628 4481 aguntur,
2643 4427 2690 4472 et
2713 4430 3038 4489 proconsules
3062 4447 3183 4491 sunt
3213 4456 3233 4493 .'
3256 4458 3492 4511 accusent
3509 4452 3633 4508 iuvi-

2051 4504 2175 4545 cem.
2191 4493 2278 4548 59.
2301 4497 2365 4552 Si
2380 4502 2506 4570 quid
2517 4519 2686 4564 autem
2711 4513 2774 4566 de
2793 4518 2907 4572 aliis
2924 4522 3070 4579 rebus
3083 4508 3327 4602 qureritis,
3342 4539 3395 4593 in
3412 4541 3636 4614 legitimo

2051 4593 2471 4614 .......-.....--.__-.,
2570 4601 2623 4614 η.
2677 4603 2721 4614 ..

2048 4593 2538 4651 conventusolvetur.
2556 4601 2643 4656 40.
2665 4603 2805 4661 Ναηι
2821 4621 2867 4664 et
2892 4593 3240 4682 periclitamur
3257 4634 3407 4702 argui
3427 4593 3638 4696 deitio—

2048 4678 2126 4702 ..ἕρ
2153 4680 2176 4702 Ι.
2190 4698 2207 4702 ι
2221 4683 2266 4702 -19
2279 4699 2292 4702 Α
2655 4696 2665 4702 ’
2676 4699 2685 4702 ’
2766 4701 2771 4702 ⁷

2047 4678 2126 4731 nis
2145 4680 2420 4752 hodiernae,
2439 4706 2555 4746 cum
2575 4696 2716 4751 nulla
2730 4701 2794 4754 sit
2809 4720 2981 4774 causa,
3005 4714 3139 4790 unde
3156 4678 3408 4785 possinatus
3426 4731 3638 4790 reddere

2045 4772 2290 4828 mtionem
2333 4778 2485 4850 hujus
2525 4790 2788 4847 tumultus.
2831 4795 2897 4852 Et
2941 4772 3020 4857 his
3044 4772 3193 4865 dictis

2043 5063 2341 5113 conventus
2390 5061 2700 5133 illegitimus
2740 5086 2874 5132 erat.
2911 5080 3118 5142 Deinde
3160 5095 3349 5152 terruit
3392 5061 3631 5160 illosiidio

2040 5155 2170 5199 cens
2201 5162 2215 5199 :
2248 5145 2544 5209 Periculum
2588 5170 2693 5227 est,
2741 5181 2805 5220 ne
2852 5185 3148 5232 accusemur
3185 5185 3467 5245 seditionis.
3515 5192 3622 5249 Sed

2038 5237 2288 5304 superius
2312 5240 2453 5298 dicta
2480 5260 2805 5318 repetamus.
2846 5259 2943 5318 His
2969 5270 3251 5339 completis,
3275 5237 3464 5349 inquit,
3498 5237 3624 5351 pro-

2040 5332 2209 5394 posuit
2231 5331 2432 5392 Paulus
2452 5339 2503 5394 in
2527 5341 2747 5413 Spiritu,
2772 5356 2985 5411 transitu
3014 5331 3318 5423 Macedonia
3338 5331 3387 5425 ξε
3403 5331 3622 5442 Aeliam,

2040 5420 2111 5442 ξ..-
2152 5420 2173 5442 1
2189 5440 2227 5442 μη
2244 5441 2251 5442 κ
2328 5427 2341 5442 ¹
2558 5434 2602 5442 ’⁸
2715 5439 2725 5442 “

2036 5420 2112 5474 ire
2135 5420 2530 5499 Jerosolymam.
2558 5434 2671 5491 Non
2705 5439 2816 5510 jam
2847 5443 3081 5505 humana
3117 5458 3327 5514 ratione
3369 5464 3495 5532 agit,
3523 5420 3622 5523 sed

2038 5507 2232 5532 ΩΑῙμΞ-κκ
2554 5526 2567 5532 “
2670 5529 2682 5532 ’

2037 5507 2372 5626 Ξρίποὶιιῌιυο
2404 5526 2630 5584 transire
2650 5507 2891 5590 decrevit
2922 5560 2935 5591 :
2966 5540 3016 5594 id
3041 5545 3181 5600 enim
3206 5548 3306 5606 sibi
3328 5507 3440 5609 vnit
3464 5507 3613 5626 illud,

2035 5599 2335 5676 Proposuit,
2363 5622 2420 5668 et
2457 5614 2548 5674 hic
2590 5630 2674 5677 est
2716 5624 2979 5686 dictorum
3023 5647 3234 5694 sensus.
3287 5641 3397 5700 Cur
3441 5602 3618 5709 auteni

2034 5694 2211 5753 mittat
2256 5700 2595 5764 Timotheum
2626 5722 2681 5768 et
2723 5715 2993 5789 Erastum,
3042 5741 3150 5783 non
3193 5730 3369 5791 dicit:
3401 5740 3617 5799 videtur

2033 5795 2210 5844 autem
2255 5794 2385 5849 mihi
2429 5799 2589 5855 etiam
2634 5804 2701 5861 de
2748 5807 2851 5865 hoc
2889 5813 3015 5881 dici,
3045 5816 3114 5874 In
3137 5820 3360 5895 Spiritu.
3395 5794 3619 5905 Propter

3182 5881 3195 5895 .
3330 5881 3333 5882 ν
3395 5881 3417 5884 -
3447 5881 3456 5886 -
3476 5881 3606 5905 'r'"

2029 5881 2165 5948 quod
2206 5901 2308 5941 non
2348 5894 2645 5953 sustinentes
2683 5906 2925 5977 amplius,
2949 5911 3143 5981 placuit
3180 5920 3323 5978 nobis
3359 5942 3615 5988 remanere
3712 5975 3715 5979 ν

2012 5972 2261 6050 Athenis,
2291 5983 2413 6041 solis
2438 5986 2517 6058 (l.
2556 5986 2730 6053 Thess.
2855 5972 2929 6074 1).
2949 5972 3035 6062 'Et
3078 5972 3611 6082 vide,
