4112 6472
555 514 659 574 299

558 626 744 686 nistris
774 626 886 683 suis
913 623 1083 691 misit,
1101 630 1240 679 utet
1266 622 1555 678 adventum
1579 636 1735 677 suum
1765 620 2145 675 annnntiarent

556 731 611 776 et
631 720 989 791 promptiores
1005 718 1124 773 illos
1152 716 1473 772 redderent.
1494 715 1722 770 Maxime
1742 715 1792 766 in
1816 713 1941 767 Asia
1958 726 2144 766 versa-

560 822 645 867 tur
666 830 682 870 :
700 822 758 868 et
783 812 979 866 merito
1004 828 1017 860 :
1049 810 1158 865 illic
1172 809 1314 864 enim
1333 820 1683 877 eratmagnus
1705 804 2143 875 philosophorum

555 913 752 962 ctetus.
782 906 846 961 Et
871 904 1123 969 veniens,
1157 917 1343 957 rursus
1371 903 1490 956 illos
1511 900 1882 971 alloquebatur
1911 917 1925 954 :
1953 914 2144 969 magna

557 1000 756 1070 quippe
781 998 889 1055 illic
914 1006 1030 1052 erat
1050 996 1379 1066 superstitio.
1424 994 1710 1050 Demetrius
1738 995 1876 1048 enim
1911 995 2141 1064 quidam,

558 1090 750 1160 inquit,
782 1087 1099 1158 argentarius
1123 1085 1343 1140 collectis
1371 1085 1517 1139 istius
1538 1086 1662 1139 artis
1681 1084 1951 1153 Opiﬁcibus
1979 1084 2147 1137 dixit:

567 1181 698 1248 Viri,
725 1181 868 1236 scitis
896 1189 943 1233 et
966 1179 1143 1234 uidetis
1168 1188 1217 1232 et
1246 1176 1473 1242 auditis;
1508 1177 1580 1230 ita
1618 1175 1960 1231 manifestum
2012 1172 2144 1237 illud

554 1282 672 1328 erat
702 1287 718 1323 :
749 1269 884 1339 quod
910 1269 993 1323 hic
1026 1266 1223 1323 Paulus
1254 1267 1475 1323 suadens
1515 1265 1751 1322 subvertit
1796 1267 2010 1321 multam
2036 1273 2145 1319 tur-
2214 1324 2219 1329 ,

555 1365 688 1417 bam.
717 1362 896 1431 Itaque
917 1375 1022 1416 non
1048 1360 1332 1425 violenter,
1357 1359 1402 1414 si
1425 1360 1594 1415 suasit
1622 1376 1638 1415 :
1671 1358 1743 1412 ita
1775 1357 2143 1427 persuadenda

554 1454 746 1508 civitas
770 1460 872 1509 est.
903 1451 1106 1507 Deinde
1135 1450 1351 1505 adducit
1390 1449 1465 1514 id,
1493 1449 1643 1518 quod
1679 1450 1797 1504 illos
1824 1446 2140 1503 mordebat:

558 1543 709 1612 Quod
731 1559 833 1598 non
860 1551 976 1597 sunt
996 1543 1090 1609 dii,
1112 1542 1198 1612 qui
1219 1541 1450 1596 manibus
1470 1541 1704 1596 humanis
1728 1541 1878 1609 ﬁunt.
1901 1539 2039 1606 Quid
2059 1549 2142 1595 est

559 1635 696 1691 hoc?
721 1634 1014 1698 Subvertit,
1042 1632 1235 1703 inquit,
1259 1642 1428 1688 artem
1457 1639 1719 1691 nostram.
1742 1630 1820 1685 Ne
1839 1646 1970 1686 vero
1994 1630 2141 1701 cogi-

556 1739 733 1785 tarent
758 1739 813 1784 et
840 1727 1102 1793 dicerent,
1134 1725 1274 1795 quod
1321 1725 1473 1779 solus
1501 1723 1662 1779 homo
1708 1722 1831 1777 talia
1862 1722 2059 1792 possit;
2084 1731 2141 1778 et

555 1822 718 1893 quod,
749 1823 795 1876 si
821 1830 1027 1875 tantum
1050 1819 1240 1890 possit.
1265 1818 1340 1874 illi
1370 1817 1593 1887 obsequi
1608 1816 2136 1886 oporteat:addidit:

559 1914 724 1979 Quam
767 1922 870 1967 tota
899 1913 1020 1966 Asia
1058 1920 1103 1965 et
1141 1909 1275 1967 orbis
1300 1910 1437 1963 colit.
1470 1907 1671 1964 Vocem
1701 1922 1851 1968 suam
1882 1907 2141 1977 putabant

550 2007 731 2063 divino
773 2005 993 2075 Spiritui
1022 2005 1345 2069 obfuturam,
1383 2017 1508 2059 cum
1539 2000 1714 2058 Graeci
1754 2001 1905 2072 pueri
1929 2008 2134 2056 essent.

550 2101 628 2156 Ex
660 2101 780 2165 hoc,
812 2100 1002 2170 inquit,
1044 2098 1258 2168 opificio
1296 2097 1589 2153 lucramur.
1618 2096 1687 2152 Et
1713 2095 1759 2151 si
1787 2110 1855 2151 ex
1884 2095 1986 2150 hoc
2015 2094 2135 2164 opi-

549 2191 673 2247 ticio
700 2190 852 2245 vobis
896 2191 1101 2244 lucrum
1126 2192 1219 2256 sit,
1252 2188 1524 2259 quomodo
1570 2186 1876 2243 homovilis
1903 2185 2134 2242 suadere

549 2284 756 2357 potuit?
784 2282 1051 2353 quomodo
1076 2290 1236 2337 tantzn
1260 2279 1634 2336 consuetudini
1661 2278 1984 2349 praevaluit?
2005 2278 2134 2347 quid

548 2377 695 2441 fecit,
726 2375 850 2445 quid
881 2373 1050 2428 dixit?
1074 2372 1189 2427 Non
1218 2382 1300 2428 est
1329 2371 1500 2436 Pauli,
1543 2386 1647 2425 non
1678 2378 1759 2425 est
1784 2369 1906 2424 viri.
1937 2370 2007 2425 Et
2033 2373 2135 2426 hoc

548 2468 747 2525 sufficit
771 2466 992 2532 dixisse,
1027 2464 1149 2518 Non
1178 2473 1294 2518 sunt
1313 2464 1402 2517 dii.
1438 2463 1495 2519 Si
1521 2477 1648 2533 ergo
1668 2463 1739 2516 ita
1763 2461 1917 2519 facile
1940 2461 2132 2531 depre-

547 2559 804 2617 henditur
832 2557 991 2626 impia
1020 2555 1230 2625 religio,
1257 2555 1365 2625 jam
1408 2553 1536 2608 olim
1566 2552 1871 2607 damnatam
1915 2560 2130 2622 oporte-

519 2638 663 2717 bat;
693 2652 737 2706 si
762 2666 889 2704 vero
911 2648 1081 2703 Solida
1113 2649 1203 2711 sit,
1238 2662 1343 2701 non
1376 2654 1482 2700 tam
1510 2647 1617 2700 cito
1647 2643 1763 2698 tolli
1789 2652 1983 2714 potest.
2008 2643 2131 2698 Non

540 2743 693 2798 modo
722 2751 911 2808 autem,
947 2739 1138 2810 inquit,
1163 2740 1259 2792 hoc
1279 2736 1595 2808 periclitatur
1619 2736 1782 2793 nobis.
1809 2736 1973 2804 Quasi
2003 2736 2128 2805 quid

542 2836 714 2906 majtts
740 2834 949 2895 dicens.
980 2831 1084 2886 hoc
1108 2829 1366 2887 subdidit.
1405 2827 1500 2883 llis
1528 2829 1718 2883 auditis
1746 2829 1925 2899 repleti
1955 2830 2131 2899 furore

540 2926 826 2983 clamabunt
868 2940 887 2979 :
930 2921 1123 2992 Magna
1164 2921 1336 2974 Diana
1394 2916 1765 2990 Ephesiorum!
1806 2918 1864 2974 in
1904 2916 2129 2987 singulis

518 3008 683 3073 cnim
713 3014 1020 3069 civitatibus
1041 3012 1113 3066 dii
1136 3009 1340 3081 proprii
1361 3016 1533 3065 erant.
1558 3010 1637 3064 Ac
1655 3010 1736 3063 sic
1753 3007 1925 3063 affecti
1951 3017 2124 3072 erant,

539 3108 688 3178 quasi
716 3120 849 3173 voce
878 3118 971 3158 sua
1003 3103 1204 3158 cultum
1235 3101 1350 3171 ejus
1377 3100 1738 3166 restituerent,
1767 3108 1823 3156 et
1848 3114 1966 3169 qum
1988 3098 2126 3155 facta

516 3212 694 3273 ,erant
719 3200 1094 3255 dissulverent.

612 3296 666 3349 Ei.
697 3292 828 3348 Vide
861 3289 1187 3347 inconditam
1226 3286 1455 3342 turbam.
1489 3285 1658 3341 Paulo
1684 3296 1890 3352 autem,
1924 3287 2123 3357 inquit,

540 3386 735 3440 uolente
763 3385 953 3438 intrare
980 3383 1033 3435 in
1062 3379 1344 3451 populum,
1377 3393 1478 3434 non
1506 3378 1840 3448 permiserunt
1867 3379 2120 3449 discipuli.

542 3476 740 3533 Paulus
762 3475 922 3546 igitur
943 3472 1146 3541 ingredi
1167 3454 1381 3525 volebat
1403 3469 1753 3525 concionandi
1782 3485 1940 3526 causa
1968 3489 1981 3525 :
2007 3486 2125 3540 per-

540 3568 885 3638 sequutiones
914 3567 1055 3620 enim
1096 3563 1160 3616 ad
1190 3562 1487 3617 doctrinam
1515 3561 1792 3631 captabat;
1834 3562 1928 3618 sed
1959 3563 2121 3619 disci-

540 3661 648 3731 puli
681 3675 785 3713 non
822 3655 1218 3727 permittebant.
1254 3654 1532 3724 Perpende
1564 3662 1764 3724 quanta
1792 3655 2121 3725 erga‘ipsum

538 3767 751 3821 semper
773 3749 1103 3821 providentia
1123 3756 1356 3801 utantur.
1380 3748 1445 3800 Et
1464 3745 1532 3802 ab
1551 3746 1702 3801 initio
1726 3746 1900 3817 ipsum
1921 3745 2122 3802 eduxe-

538 3853 693 3911 runt,
734 3859 801 3898 ne
833 3838 1050 3896 letalem
1094 3838 1365 3908 acciperet
1392 3839 1596 3908 plagam
1627 3856 1641 3893 :
1669 3854 1991 3911 quamquam
2025 3855 2121 3897 au-

536 3936 764 3995 dierant,
779 3931 919 4003 quod
937 3939 1210 4001 oporteret
1225 3930 1395 3998 ipsum
1412 3930 1633 3984 Romam
1651 3930 1865 3999 videre;
1881 3940 2117 3989 attamen

537 4024 840 4097 prohibent.
869 4022 985 4077 Non
1011 4021 1129 4077 sine
1157 4021 1486 4091 providentia
1511 4031 1688 4077 autem
1716 4024 2112 4094 praenuntiavit,

538 4136 603 4175 ne
629 4118 695 4174 de
719 4133 777 4174 re
800 4125 947 4189 gesta
975 4116 1338 4170 turbarentur.
1372 4110 1446 4169 ita
1470 4114 1721 4170 nolebant
1747 4116 1896 4172 illum
1917 4117 2117 4188 aliquid

532 4212 661 4283 pati.
695 4209 762 4265 Et
790 4209 997 4279 quidam
1034 4208 1320 4278 principum
1345 4207 1508 4276 Asiae,
1542 4207 1748 4279 inquit,
1773 4209 2020 4281 rogabant
2045 4213 2115 4267 il-

534 4306 663 4371 lum,
689 4321 752 4359 ne
775 4305 985 4358 intraret
1006 4303 1058 4355 in
1090 4302 1360 4355 theatrum.
1394 4302 1705 4372 Promptum
1736 4304 1854 4374 ejus
1877 4306 2135 4363 animum.

530 4396 774 4452 videntes
796 4393 1148 4450 obsecrabant
1176 4412 1191 4448 :
1215 4394 1350 4449 adeo
1372 4394 1517 4449 illum
1545 4393 1731 4450 ﬁdeles
1757 4411 1944 4452 omnes
1969 4414 2117 4455 ama-

538 4487 687 4542 bant.
739 4486 808 4541 Et
842 4500 970 4552 cur,
1018 4485 1256 4555 inquies,
1299 4485 1602 4541 Alexander
1639 4487 1807 4562 voluit
1851 4490 2112 4547 rationem

532 4578 795 4634 reddere?
823 4594 948 4632 num
972 4588 1026 4631 et
1047 4577 1163 4647 ipse
1187 4579 1568 4649 accusabatur?
1593 4579 1658 4635 Ut
1684 4581 1895 4637 inventa
1919 4598 2114 4654 oppor-

532 4671 756 4725 tunitate
787 4680 954 4724 totum
982 4669 1337 4737 subverteret,
1363 4681 1415 4726 et
1443 4672 1619 4742 populi
1653 4670 1888 4729 furorem
1908 4678 2112 4733 exstin-

506 4744 738 4833 gueret.
790 4760 1037 4817 Vidistin’
1085 4761 1318 4817 furorem
1375 4764 1803 4821 tumultuosum?
1860 4767 2004 4823 Bene
2054 4778 2112 4824 et

532 4854 853 4924 increpantis
883 4867 1032 4908 more
1059 4852 1232 4908 scriba
1260 4870 1275 4909 :
1303 4852 1428 4920 Quis
1458 4864 1553 4920 est,
1585 4853 1776 4926 inquit,
1798 4858 1894 4927 qui
1923 4860 2112 4914 nesciat

531 4943 871 5015 Ephesiorum
894 4943 1183 4998 civitatem?
1208 4943 1297 4999 Sic
1319 4944 1465 5010 dicit,
1495 4945 1563 5000 de
1590 4961 1696 5017 quo
1727 4948 2017 5016 timebant;
2047 4965 2111 5006 ac

528 5035 573 5091 si
600 5033 825 5101 diceret,
852 5031 1041 5089 Nonne
1068 5034 1244 5089 colitis
1270 5033 1453 5089 illam?
1481 5034 1664 5105 Neque
1688 5036 1839 5104 dixit,
1872 5037 2002 5106 Quis
2028 5052 2110 5097 est

526 5129 618 5201 qui
652 5143 759 5183 non
803 5127 1013 5182 noverit
1059 5124 1325 5182 Dianam?
1361 5126 1486 5195 sed,
1527 5126 1790 5183 Civitatem
1833 5140 2106 5197 nostram,

525 5223 645 5277 illos
670 5218 1048 5291 compescens.
1078 5217 1204 5275 Cum
1232 5236 1350 5291 ergo
1379 5219 1459 5274 his
1485 5221 1763 5275 contradici
1788 5238 1889 5277 non
1917 5224 2106 5293 possit,

523 5320 720 5387 Oportet
757 5329 846 5367 ros
872 5312 1071 5367 sedatos
1096 5328 1221 5366 esse.
1252 5311 1327 5367 De
1355 5311 1439 5366 his
1468 5312 1771 5383 redarguit,
1797 5327 1861 5368 ac
1888 5315 1934 5369 si
1961 5314 2109 5370 dice-

524 5415 649 5464 ret:
674 5409 813 5475 Quid
843 5418 973 5474 ergo
997 5403 1277 5478 quaeritis,
1317 5404 1468 5473 quasi
1504 5402 1621 5458 haec
1651 5404 1852 5460 incerta
1890 5408 2108 5462 essent?

523 5502 702 5573 palam
732 5503 848 5565 est,
874 5495 1254 5552 contumeliam
1284 5496 1337 5549 in
1363 5494 1518 5550 deam
1550 5496 1693 5552 illam
1720 5498 1969 5554 transire.
2003 5498 2105 5556 Re-

518 5590 736 5663 ligionis
755 5589 975 5645 obtentu
994 5587 1199 5642 lucrum
1215 5602 1368 5642 suum
1388 5585 1603 5645 firmare
1617 5589 1883 5646 volebant.
1905 5592 2108 5649 Deinde

525 5681 716 5738 leniter
736 5679 1044 5751 perstringit
1068 5693 1196 5745 eos;
1229 5678 1521 5735 ostendens
1542 5679 1661 5737 illos
1679 5681 1881 5753 absque
1901 5686 2110 5745 ratione

522 5768 861 5825 convenisse.
891 5762 961 5824 Et
986 5771 1136 5835 nihil,
1169 5769 1362 5841 inquit,
1397 5779 1581 5827 temere
1607 5788 1775 5849 agere.
1803 5774 2107 5845 Ostendens

525 5876 621 5917 eos
642 5862 939 5934 petulanter
966 5863 1159 5933 egisse,
1192 5861 1296 5918 hoc
1323 5862 1475 5921 dixit.
1506 5865 1655 5934 Quod
1672 5868 1718 5922 si
1745 5865 2033 5923 Demetrius
2058 5877 2107 5923 et

518 5951 613 6021 qui
639 5966 754 6005 cum
770 5965 829 6004 eo
850 5965 991 6020 sunt,
1018 5955 1201 6009 habent
1226 5956 1464 6013 adversus
1490 5959 1708 6032 aliquem
1728 5976 1959 6031 cauam,
1983 5977 2103 6034 pro-

1276 508 1330 565 S.
1367 505 1645 564 .IOANNIS
1692 501 2169 561 CHRYSOSTOMI
2214 502 2535 559 ARCHIEP.
2574 502 3107 561 CONSTANTINOP.

3738 507 3830 565 300

2249 617 2483 673 consules
2513 627 2652 673 sunt.
2682 617 2795 673 llac
2835 618 2905 675 de
2957 634 3020 675 re
3063 618 3279 690 culpat,
3309 628 3366 675 et
3392 618 3687 675 ostendens
3728 637 3821 677 non

2210 766 2213 769 ,
2248 718 2501 778 oportere
2520 711 2852 780 privatorum
2873 712 3157 767 criminum
3177 726 3338 768 causa
3359 727 3698 769 communem
3726 717 3827 774 lieri

2247 808 2593 868 conventum.
2623 799 2765 855 Nam
2789 802 3073 869 periculum
3096 812 3189 869 est,
3220 802 3413 873 inquit,
3433 820 3498 858 ne
3521 821 3830 863 accusemur.

2249 891 2362 947 Hac
2388 907 2446 947 re
2474 892 2596 947 illos
2619 892 2669 946 in
2695 894 2967 963 angustias
2990 894 3230 964 conjicit.
3252 893 3382 950 Cum
3400 895 3545 951 nulla
3570 898 3636 952 sit
3657 913 3833 963 causa,

2249 986 2451 1056 inquit,
2495 985 2559 1041 de
2593 1002 2693 1056 qua
2719 987 2970 1055 possimus
2998 988 3152 1056 hujus
3179 989 3423 1053 tumultus
3447 990 3697 1045 rationem
3723 992 3836 1046 red-

2248 1080 2388 1132 dere.
2428 1078 2563 1135 Vide
2606 1094 2764 1149 quam
2816 1079 3108 1149 prudenter
3151 1080 3236 1136 vel
3284 1080 3527 1137 infideles
3573 1083 3834 1138 rationem

2249 1169 2497 1232 reddant,
2541 1179 2596 1226 et
2633 1186 2793 1241 quam
2823 1172 3116 1240 sapienter.
3162 1173 3253 1227 Sic
3294 1175 3527 1229 furorem
3556 1177 3832 1231 exstinxit.

2250 1257 2319 1316 Ut
2338 1268 2480 1316 enim
2506 1260 2660 1318 facile
2682 1262 3010 1329 accenditur,
3036 1264 3257 1333 perinde
3277 1264 3431 1321 facile
3454 1267 3830 1336 exstinguitur.

2248 1348 2319 1403 Et
2360 1352 2440 1405 his
2479 1354 2628 1408 dictis
2670 1364 2851 1410 coetum
2878 1354 3044 1409 solvit.
3086 1354 3276 1411 Viden’
3309 1356 3473 1411 Deum
3514 1360 3834 1415 tentationcs

2250 1444 2583 1510 permittere,
2615 1460 2678 1500 ac
2706 1462 2800 1513 per
2828 1446 2944 1500 illas
2981 1445 3277 1515 discipulos
3303 1448 3537 1503 excitare
3561 1460 3615 1502 et
3641 1450 3834 1519 vigiles

2246 1535 2506 1604 reddere,
2547 1553 2611 1595 ac
2655 1538 3008 1597 ferventiores
3049 1539 3299 1597 efﬁcere?
3328 1541 3404 1597 Ne
3428 1558 3554 1614 ergo
3580 1544 3833 1603 concida-

2244 1640 2364 1682 mus
2390 1627 2444 1681 in
2476 1629 2864 1686 tentationibus
2890 1648 2903 1685 :
2929 1631 3044 1702 ipse
3080 1646 3311 1703 namque
3340 1633 3539 1689 exitum
3568 1633 3743 1703 dabit,
3776 1643 3835 1690 ut

2245 1720 2510 1789 possimus
2537 1722 2823 1779 sustinere.

2313 1809 2574 1879 Ait-unum
2597 1816 2785 1871 amicos
2814 1815 3047 1870 devincit.
3071 1817 3395 1888 Comparatio
3417 1818 3604 1875 domus
3626 1822 3833 1892 nuptia-

2241 1917 2356 1957 rum
2388 1919 2505 1957 cum
2550 1905 2701 1961 domo
2752 1907 3187 1965 luctus.-—Nihil
3230 1909 3301 1964 ita
3342 1912 3546 1967 amicos
3592 1911 3830 1969 devincit

2242 2003 2298 2048 ct
2337 1997 2613 2068 conjungit
2651 2007 2708 2054 ut
2743 2015 3013 2065 aerumna;
3050 2001 3180 2057 nihil
3221 2002 3297 2059 ita
3337 2001 3570 2058 fidelium
3614 2004 3827 2065 animos

2237 2092 2555 2177 ponstringit
2581 2100 2637 2148 et
2665 2095 2908 2166 colligat;
2952 2096 3084 2152 nihil
3117 2097 3272 2163 nobis
3299 2099 3604 2155 doctoribus
3625 2114 3826 2169 oppor-

2240 2180 2442 2248 tunius,
2474 2193 2531 2237 ut
2558 2183 2697 2241 dicta
2729 2196 2911 2242 nostra
2930 2187 3233 2243 audiantur.
3258 2188 3484 2245 Auditor
3506 2190 3652 2245 enim
3679 2199 3826 2246 tran-

2243 2272 2410 2341 quille
2434 2289 2601 2344 agens
2641 2279 2817 2333 mollis
2841 2288 2927 2335 est
2953 2288 3008 2334 et
3046 2281 3313 2349 ignavus,~
3338 2292 3393 2338 et
3429 2282 3656 2339 moleste
3682 2281 3827 2339 ferre

2238 2363 2446 2419 videtur
2470 2378 2768 2434 oratorem;
2802 2370 2854 2424 in
2881 2373 3141 2427 utrumuis
3164 2390 3294 2429 vero
3317 2384 3373 2428 et
3393 2373 3652 2442 angustiis
3678 2375 3827 2444 posi-

2237 2462 2340 2521 tus,
2373 2456 2423 2511 in
2451 2459 2671 2513 multum
2697 2461 2947 2516 audiendi
2969 2461 3293 2521 desiderium
3316 2464 3517 2523 incidit.
3539 2464 3672 2523 Nam
3697 2480 3824 2521 cum

2234 2547 2448 2616 angitur
2478 2550 2712 2618 animus,
2745 2552 2979 2623 undique
3005 2554 3424 2610 consolationem
3453 2557 3678 2623 quierit;
3712 2572 3826 2614 non

2238 2639 2514 2696 minimam
2561 2653 2740 2698 autem
2794 2660 2973 2701 sermo
3023 2646 3180 2704 aﬂhrt
3216 2647 3666 2704 consolationem.
3715 2651 3829 2706 Cur

2234 2744 2384 2799 ergo,
2417 2731 2646 2801 inquies,
2677 2732 2849 2788 Judaei
2876 2750 2997 2790 cum
3023 2736 3405 2807 afﬂigerentur,
3447 2753 3519 2797 ex
3549 2737 3825 2808 pusillani-

2233 2820 2422 2877 mitate
2460 2838 2567 2879 non
2614 2824 2941 2891 audiebant?
2982 2828 3115 2896 Quia
3153 2829 3325 2901 Judaei
3363 2839 3556 2896 erant,
3607 2847 3825 2903 semper

2232 2911 2528 2970 imbecilles
2549 2927 2601 2971 et
2624 2917 2804 2973 miseri
2831 2937 2845 2972 :
2868 2918 3102 2990 alioquin
3126 2936 3255 2976 vero
3274 2937 3462 2993 magna
3486 2923 3555 2979 ibi
3577 2927 3821 2995 angustia

2231 3014 2378 3072 erat;
2411 3007 2567 3062 nobis
2585 3018 2762 3064 autem
2781 3010 2850 3065 de
2872 3011 3126 3068 mediocri
3148 3021 3231 3068 est
3251 3028 3449 3070 sermo.
3469 3014 3597 3072 Vide
3618 3031 3780 3087 porro
3802 3036 3818 3072 :

2231 3097 2620 3164 exspectabant
2661 3099 2737 3153 illi
2779 3099 2994 3157 liberari
3021 3117 3051 3157 a
3081 3104 3235 3158 malis
3261 3106 3611 3174 prtesentibus
3631 3147 3644 3170 ,
3677 3118 3732 3163 et
3760 3109 3817 3164 in

2230 3187 2476 3255 graviora
2504 3188 2782 3245 innumera
2809 3191 3152 3249 incidebant:
3177 3195 3278 3251 hoc
3305 3206 3483 3255 autem
3504 3214 3607 3255 non
3628 3197 3820 3256 leviter

2228 3278 2464 3334 animum
2506 3280 2558 3335 in
2598 3297 2887 3340 maerorem
2918 3286 3097 3341 trahit.
3129 3286 3408 3345 JErutnua:
3440 3306 3539 3346 nos
3562 3292 3630 3349 ab
3656 3294 3812 3365 hujus

2229 3371 2413 3425 mundi
2440 3371 2632 3428 affectu
2662 3374 2981 3432 abstrahunt
3006 3395 3019 3432 :
3042 3379 3222 3436 statim
3254 3396 3381 3436 vero
3420 3395 3643 3440 mortem
3670 3385 3801 3453 peti-

2229 3474 2381 3527 tnus,
2417 3477 2516 3517 nec
2557 3480 2741 3520 sumus
2767 3469 3010 3537 corporis
3036 3478 3332 3539 amatores;
3358 3475 3502 3544 quod
3534 3487 3615 3533 est
3639 3476 3803 3547 philo.

2229 3552 2434 3622 sophiae
2462 3569 2584 3623 pars
2612 3558 2867 3631 maxima,
2893 3575 2998 3615 non
3026 3561 3264 3620 deditum
3288 3580 3388 3621 nec
3406 3566 3670 3624 addictum
3692 3585 3808 3627 esse

2228 3647 2477 3716 praisenti
2508 3650 2651 3704 vitae.
2684 3649 2893 3707 Afflicta
2921 3654 3099 3708 anima
3122 3672 3227 3711 non
3250 3659 3363 3713 vult
3383 3661 3562 3717 multis
3584 3663 3809 3731 hatrere,

2227 3738 2323 3795 Sed
2350 3745 2745 3798 recreationcm
2767 3753 2969 3801 tantum
2996 3750 3281 3818 quamdam
3306 3760 3363 3808 et
3379 3754 3613 3821 quietem
3637 3766 3810 3814 amat:

2223 3840 2372 3902 optat
2400 3846 2429 3886 a
2458 3835 2814 3903 praesentibus
2843 3837 3015 3908 eripi,
3047 3839 3257 3897 etiamsi
3284 3843 3418 3899 nihil
3447 3846 3592 3903 aliud
3622 3850 3710 3904 sit.
3739 3848 3812 3907 Ut

2222 3937 2416 3994 corpus
2442 3924 2791 3997 defatigatum
2839 3940 2895 3985 et
2937 3930 2991 3985 in
3037 3933 3249 3989 miseria
3278 3950 3524 4004 versans,
3558 3955 3665 3995 non
3698 3943 3815 4000 vult

2222 4029 2404 4070 amare
2432 4031 2532 4089 nec
2562 4019 2736 4073 ventri
2763 4021 2989 4087 servire,
3019 4024 3115 4078 sed
3143 4026 3417 4095 quiescere
3441 4036 3498 4083 et
3526 4031 3814 4101 tranquille

2221 4120 2382 4177 agere
2414 4125 2427 4161 :
2457 4109 2536 4165 sic
2574 4120 2629 4165 et
2666 4112 2842 4165 anima
2885 4114 3178 4171 innumeris
3216 4128 3480 4174 numerata
3522 4121 3703 4185 malis,
3733 4124 3808 4178 ad

2221 4198 2453 4268 quietem
2475 4210 2529 4255 et
2557 4204 2999 4273 tranquillitatem
3024 4204 3255 4261 festinat.
3278 4206 3395 4275 Illa,
3412 4224 3532 4279 quae
3548 4211 3603 4265 in
3622 4212 3812 4281 quiete

2218 4291 2348 4361 agit,
2380 4292 2714 4381 stupida.est,
2748 4297 3016 4365 turbatur,
3036 4300 3279 4355 sublimis
3306 4302 3504 4369 fertur;
3532 4303 3651 4361 haec
3674 4321 3816 4365 vero

2220 4384 2357 4445 nihil.
2398 4384 2462 4440 ad
2516 4387 2660 4458 quod
2709 4388 2919 4454 inhiet,
2969 4393 3101 4446 nihil
3148 4392 3349 4449 ﬂuxum
3398 4395 3643 4465 habens,
3688 4406 3809 4455 tota

2216 4480 2633 4550 constringitur,
2671 4498 2773 4536 nec
2799 4483 3030 4540 sublime
3053 4487 3197 4556 sapit
3216 4506 3232 4539 ;
3255 4496 3310 4543 et
3336 4488 3428 4543 illa
3453 4490 3659 4558 fortior,
3686 4490 3811 4547 haec

2217 4570 2472 4638 puerilior
2509 4582 2624 4637 est;
2672 4573 2758 4627 illa
2797 4576 3043 4644 gravior,
3095 4577 3210 4632 hare
3253 4579 3445 4636 levior.
3486 4580 3558 4637 Et
3588 4582 3725 4638 sicut
3752 4584 3809 4639 si

2217 4663 2342 4733 quid
2369 4662 2430 4718 in
2457 4664 2770 4734 profundam
2793 4684 2983 4736 aquam
3008 4668 3229 4740 incidat,
3253 4674 3296 4727 si
3321 4673 3441 4729 leve
3457 4675 3530 4730 sit
3545 4673 3770 4732 ﬂuctuat
3783 4693 3808 4733 ε

2217 4756 2295 4810 sic
2324 4765 2380 4811 et
2404 4758 2582 4812 anima
2626 4762 2677 4813 in
2706 4760 2956 4830 gaudium
2996 4765 3223 4819 multum
3264 4767 3527 4824 incidens.
3571 4768 3821 4828 Maxima

2215 4861 2345 4903 vero
2367 4858 2585 4917 peccata
2610 4866 2640 4905 a
2665 4851 2833 4907 multa
2857 4855 3129 4924 voluptate
3156 4858 3310 4915 nobis
3332 4860 3461 4916 oriri
3484 4860 3671 4919 videre
3691 4877 3808 4925 ait.

2215 4938 2312 5005 Et,
2361 4940 2407 4994 si
2456 4942 2666 5012 placet,
2712 4943 2905 5002 domos
2949 4947 3085 5004 duas
3128 4950 3537 5019 describamus;
3575 4955 3806 5011 alteram

2214 5030 2563 5100 nuptiarum,
2608 5033 3078 5103 alteramluctus:
3105 5040 3156 5093 in
3188 5050 3472 5113 utramque
3499 5054 3681 5101 mente
3718 5048 3809 5102 its-

2213 5118 2519 5188 grediamur
2543 5140 2557 5178 :
2580 5123 2856 5181 videamus
2884 5138 2999 5185 utra
3045 5131 3117 5185 sit
3142 5132 3352 5188 melior.
3383 5133 3581 5192 Luctus
3602 5136 3804 5194 domus

2215 5209 2518 5266 invenietur
2542 5212 2880 5286 philosophia
2907 5220 3082 5289 plena,
3112 5221 3305 5278 domus
3332 5240 3461 5281 vero
3486 5229 3805 5298 nuptiarum

2214 5302 2565 5373 turpitudine.
2602 5307 2734 5364 Vide
2775 5318 3238 5387 namquezturpia
3280 5318 3390 5374 illic
3434 5322 3595 5377 verba
3638 5332 3804 5386 sunt,

2211 5393 2354 5447 risus
2398 5393 2725 5466 inconditus,
2763 5416 2981 5470 gressus
3020 5404 3383 5476 incompositi,
3425 5412 3587 5466 vestis
3620 5421 3677 5468 et
3714 5413 3805 5466 iu-

2210 5498 2395 5540 cessus
2428 5487 2758 5557 turpitudine
2784 5492 3004 5562 plenus,
3031 5506 3216 5567 gestus
3244 5498 3452 5554 insania
3484 5510 3541 5557 et
3566 5501 3803 5559 stultitia

2210 5578 2377 5633 multa
2403 5598 2417 5634 :
2441 5579 2494 5636 in
2536 5597 2742 5638 summa
2773 5585 2908 5644 nihil
2950 5588 3048 5655 ibi,
3094 5604 3258 5661 quam
3295 5591 3440 5648 risus
3480 5602 3537 5649 et
3571 5594 3803 5650 derisio.

2211 5666 2328 5723 Non
2378 5669 2445 5726 de
2484 5672 2616 5743 ipsis
2654 5676 2855 5747 nuptiis
2892 5678 3048 5745 dico,
3090 5680 3261 5749 absit;
3299 5681 3396 5739 sed
3432 5683 3502 5741 de
3537 5684 3637 5753 iis,
3674 5701 3805 5756 qua:

2211 5762 2425 5833 nuptias
2463 5769 2807 5824 comitantur.
2856 5770 3008 5830 Tunc
3046 5783 3234 5829 natura
3274 5774 3636 5834 debacchatur
3662 5796 3675 5831 :
3703 5778 3806 5849 qui

2210 5851 2410 5910 adsunt
2438 5871 2503 5911 ex
2535 5858 2839 5916 hominibus
2873 5862 3027 5919 bruta
3063 5864 3237 5934 ﬁunt,
3280 5866 3371 5922 alii
3413 5878 3473 5923 ut
3506 5869 3629 5940 equi
3666 5868 3806 5925 itin-

2217 5943 2389 6015 niunt,
2409 5948 2497 6005 alii
2521 5961 2575 6006 ut
2595 5951 2729 6008 asini
2749 5953 3027 6013 calcitrant
3043 5973 3059 6015 :
3077 5972 3268 6031 magna
3287 5958 3583 6028 dissolulio.
3604 5974 3809 6032 3133'“
