4112 6444
365 483 641 553 'Azal‘ur,
684 481 1047 551 πορεύεσθαι
1084 484 1173 550 είς
1226 481 1638 553 Ἱεροσόλυμα.
1670 482 1784 535 Οὐκ
1826 480 1908 535 ἐτι
1939 483 2040 545 ἀν-

352 574 649 646 θρωπίνως
681 572 918 626 ἐνταῦθα
942 574 1104 635 ποιεῖ,
1133 572 1271 627 ἀλλά
1302 573 1583 643 Πνεύματι
1608 613 1624 637 ,
1652 567 1698 642 ᾧ
1724 573 1819 627 καὶ
1851 573 2040 645 προεί-

350 662 482 714 λετο
502 659 760 714 διελθεῖν.
793 659 963 714 Τοῦτο
996 659 1108 731 γάρ
1131 662 1246 714 ἐστι
1270 659 1359 724 τὸ,
1394 660 1626 727 Ἕθετο,
1656 661 1754 715 καὶ
1780 661 2037 734 τοιαύτην

356 751 391 803 ὁ
418 748 570 817 λόγος
597 747 811 802 ἔννοιαν
836 747 971 820 ἔχει.
999 748 1159 812 Τίνος
1198 748 1257 802 δὲ
1292 749 1478 804 ἕνεκεν
1519 748 1842 804 ἀποστέλλει
1870 750 2039 821 Τιμό-

363 836 484 891 θεον
515 836 609 890 καὶ
630 836 932 906 Ἔραστον,
977 837 1040 890 οὐ
1086 836 1267 906 λέγει·
1304 838 1429 909 ἐμοὶ
1477 837 1539 892 δέ
1574 837 1723 892 δοκεῖ
1764 839 1860 893 καὶ
1909 840 2039 909 περὶ

355 923 551 979 τούτου
576 914 859 989 εἰπεῖν’τὸ,
913 925 1017 978 Ἔν
1052 926 1373 1001 Πνεύματι.
1420 926 1521 981 Διὸ
1543 925 1757 996 μηκέτι
1784 925 2037 996 στέγον-

350 1029 476 1078 τες,
508 1010 931 1081 εὐδοκήσαμεν
949 1014 1420 1082 καταλειφθῆναι
1443 1015 1513 1068 ὲν
1541 1014 1819 1081 Ἀθήναις
1837 1016 2034 1085 μόνοι.

354 1102 470 1155 Καὶ
493 1101 616 1169 δρα,
647 1098 740 1153 δύο
765 1100 876 1153 τῶν
903 1100 1298 1156 διακονούντων
1331 1102 1481 1173 αύτῷ
1506 1102 1818 1167 ἀπέστειλε,
1849 1104 1948 1173 τήν
1975 1119 2038 1156 τε

354 1187 663 1259 παρουσίαν
736 1188 1070 1256 ἀπαγγεῖλαι
1141 1190 1235 1243 καὶ
1293 1189 1734 1262 προθυμοτέρους
1782 1192 2034 1263 ποιῆσαι.

357 1278 611 1333 Μάλιστα
650 1278 870 1332 πάντων
905 1282 974 1350 τῇ
1010 1278 1165 1349 Ἀσία
1189 1279 1547 1351 ἐνδιατρίϐει·
1603 1281 1868 1344 εἰκότως*
1919 1283 2038 1335 ἐκεῖ

357 1367 472 1437 γάρ
515 1362 584 1438 ἦν
629 1368 662 1437 ή
704 1364 873 1436 πολλὴ
909 1365 1111 1436 φατρία
1154 1366 1265 1420 τῶν
1315 1367 1639 1437 φιλοσόφων.
1693 1370 1805 1422 Καὶ
1838 1368 2032 1437 ἐλθὼν,

352 1457 521 1510 πάλιν
559 1458 742 1519 αὐτοῖς
782 1455 1050 1524 διελέγετο
1069 1471 1084 1488 ο
1128 1457 1223 1511 καί¹
1252 1457 1361 1529 γὰρ
1387 1458 1556 1531 πολλὴ
1578 1456 1646 1530 ἦν
1680 1460 1799 1513 ἐκεῖ
1824 1462 1856 1532 ἡ
1881 1460 2037 1515 δεισι-

349 1544 633 1614 δαιμονία.
688 1544 1011 1614 Δημήτριος
1069 1545 1180 1614 γάρ
1230 1563 1340 1611 τις,
1371 1549 1557 1618 φησὶν,
1598 1550 2032 1619 ἀργυροκόπος,

355 1633 776 1700 συναθροίσας
800 1633 939 1698 τοὺς
963 1634 1098 1702 περὶ
1133 1636 1205 1689 τὰ
1237 1636 1483 1691 τοιαῦτα
1525 1638 1802 1706 ἐργάτας,
1829 1639 2031 1692 εἶπεν*

363 1719 641 1787 Ἀνδρες,
665 1720 987 1775 ἐπίστασθε
1007 1721 1107 1775 καὶ
1149 1723 1416 1792 θεωρεῖτε
1454 1726 1552 1779 καὶ
1576 1727 1862 1779 ἀκούετεο
1890 1725 2034 1779 οὕτω

358 1808 663 1880 κατάδηλον
706 1805 771 1880 ἦν
823 1809 887 1863 τὸ
942 1811 1258 1881 γινόμενονο
1312 1812 1446 1869 Ὀτι
1499 1810 1703 1880 οὗτος,
1757 1815 1945 1884 φησὶν,
1995 1818 2029 1868 ό

354 1897 605 1960 Παῦλος
635 1898 855 1964 πείσας
878 1898 1264 1969 μετέστησεν
1283 1901 1496 1955 ἰκανὸν
1529 1902 1737 1969 ὄχλον.
1773 1902 1939 1955 Ὥστε
1970 1903 2032 1956 οὺ

348 1985 567 2055 βιαίως,
593 1987 640 2038 εἰ
671 1986 909 2039 ἔπεισεν
933 1986 1077 2040 οὕτω
1108 1987 1191 2041 δεῖ
1213 1988 1421 2042 πείθειν
1451 1989 1629 2042 πόλιν.
1660 1985 1795 2043 Εἶτα
1830 1990 2027 2059 ἐπάγει

344 2076 492 2142 ὅπερ
510 2074 690 2126 αὐτῶν
723 2074 1058 2145 καθήπτετο,
1080 2075 1162 2129 ὃτι
1185 2077 1309 2129 Οὐκ
1333 2076 1452 2129 εἰσί
1475 2075 1597 2129 θεοὶ
1618 2079 1672 2130 οἱ
1692 2075 1791 2129 διὰ
1817 2076 2034 2146 χειρῶν
2064 2128 2068 2131 .

353 2162 673 2229 γινόμενοι.
699 2162 766 2213 Τί
791 2163 906 2213 ἐστι
936 2161 1126 2228 τοῦτο;
1166 2164 1508 2234 Ἀνατρέπει,
1542 2164 1697 2233 φησὶ,
1718 2164 1818 2235 τὴν
1837 2164 2033 2234 τέχνην

357 2246 462 2317 τὴν
494 2248 783 2319 ἡμετέραν.
834 2248 946 2301 Καὶ
991 2250 1077 2302 ἴνα
1110 2250 1184 2321 μὴ
1209 2252 1525 2319 ἐννοήσωσι,
1557 2253 1651 2304 καὶ
1674 2251 1922 2315 εἴπωσιν,
1952 2252 2034 2305 ὃτι

362 2334 522 2402 μόνος
543 2333 826 2405 ἅνθρωπος
852 2335 1077 2389 τοιαῦτα
1123 2337 1319 2407 ἰσχύει,
1353 2339 1448 2391 καὶ
1478 2339 1526 2391 εἰ
1554 2338 1806 2391 τοσοῦτον
1836 2338 2031 2409 ἰσχύει,

357 2420 505 2491 αὕτῷ
525 2422 607 2474 δεῖ
633 2422 936 2489 πείθεσθαι,
956 2424 1267 2495 ἐπήγαγεν
1292 2427 1403 2481 Ἦν
1437 2426 1552 2495 ὅλη
1585 2429 1625 2496 ή
1654 2428 1827 2481 Ἀσία
1859 2427 1962 2482 καὶ
1992 2430 2033 2497 ἡ

354 2510 673 2579 οἰκουμένη
721 2510 979 2565 σέϐεται.
1015 2511 1128 2584 Τὴν
1152 2514 1336 2586 φωνὴν
1363 2513 1544 2567 αὐτῶν
1571 2514 1739 2585 ᾠοντο
1772 2516 2036 2585 ἐπιτειχί-

355 2597 471 2661 ζειν
500 2598 577 2668 τῴ
607 2598 886 2668 Πνεύματι
914 2599 992 2670 τῷ
1031 2599 1182 2671 θείῳ,
1218 2601 1371 2664 ὄντες
1402 2602 1592 2664 παῖδες
1610 2602 1892 2673 Ἕλληνες.
1938 2604 2035 2656 Ἐκ

349 2684 554 2754 ταύτης
607 2686 709 2756 τῆς
755 2687 1040 2757 ἐργασίας,
1094 2689 1281 2759 φησὶν,
1338 2691 1371 2759 ή
1408 2690 1636 2760 εὐπορία
1686 2691 1845 2761 ἡμῶν
1896 2692 2034 2744 ἐστι.

351 2772 467 2825 Καὶ
510 2774 559 2825 εἰ
609 2773 716 2825 ἀπὸ
743 2774 949 2844 ταύτης
975 2774 1076 2845 τῆς
1108 2776 1371 2847 ἐργασίας
1393 2777 1626 2848 εὐπορία
1655 2778 1784 2848 ὑμῖν
1820 2778 2037 2848 περιγί-

350 2875 531 2921 νεται,
569 2860 689 2923 πῶς
718 2860 937 2915 ἔπεισεν
970 2861 1257 2932 ἄνθρωπος
1299 2864 1559 2936 εὐτελής;
1614 2865 1732 2928 πῶς
1767 2867 2036 2937 τοσαύτης

352 2948 629 3019 ἐκράτησε
674 2950 994 3020 συνηθείας;
1038 2951 1302 3005 τί“ποιῶν
1353 2954 1386 3022 ἢ
1415 2953 1469 3006 τί
1504 2954 1715 3022 λέγωνς
1770 2955 1884 3008 Οὐκ
1919 2953 2034 3008 ἐστι

353 3036 596 3100 Παύλου,
630 3036 730 3091 οὐκ
761 3037 911 3092 ἐστιν
957 3039 1169 3111 ἀνδρός.
1226 3041 1335 3094 Καὶ
1376 3040 1536 3095 τοῦτο
1564 3044 1725 3113 ἀρκεῖ
1749 3042 1809 3095 τὸ
1837 3043 2033 3108 εἰπεῖν,

348 3127 437 3179 ὅτι
469 3126 597 3179 Οὐκ
636 3125 754 3180 εἰσὶ
783 3127 931 3181 θεοί.
956 3128 1019 3181 Εἰ
1050 3127 1150 3198 μὶν
1177 3125 1271 3183 οὖν
1301 3130 1476 3193 οὕτως
1506 3130 1823 3202 εὐφώρατον
1843 3132 1906 3185 τὸ
1937 3133 2037 3203 τῆς

347 3208 852 3273 ἁσεϐείαςι,πὰ).αι
887 3213 1482 3283 καταγνωσθῆναιέδειθ
1511 3215 1558 3266 εἰ
1583 3214 1638 3266 δὲ
1671 3215 1911 3287 ἰσχυρὸν,
1938 3217 2037 3287 οὐχ

345 3297 923 3370 οὕτωςλάναιρεθῆναι
952 3302 1182 3372 ταχέως.
1221 3305 1302 3355 Οὐ
1328 3305 1522 3371 μόνον
1552 3303 1639 3365 δὲ,
1678 3305 1832 3373 φησὶ,
1858 3305 2036 3359 τοῦτο

348 3387 693 3441 κινδυνεύει
727 3389 875 3459 ἡμῖν
918 3390 986 3444 τὸ
1022 3392 1226 3460 μέρος.
1267 3393 1354 3455 Ὠς
1380 3392 1443 3462 δή
1487 3392 1539 3444 τί
1579 3410 1709 3446 ποτε
1742 3396 1926 3464 μεῖζον
1952 3394 2036 3448 λέ-

353 3491 489 3542 γων.
520 3475 679 3528 τοῦτο
708 3478 1443 3547 ἐπήγαγεν.,Ἀκούσαντες
1472 3480 1542 3532 δὲ
1599 3480 1698 3533 καί
1726 3483 2035 3551 γενόμενοι

352 3560 608 3629 πλήρεις
628 3567 818 3634 θυμοῦ
848 3566 1095 3635 ἔκραζον
1114 3584 1128 3598 ·
1176 3567 1420 3638 Μεγάλη
1477 3570 1517 3636 ἠ
1568 3568 1837 3638 Ἄρτεμις
1868 3571 2036 3639 Ἐφε-

350 3652 526 3704 σίων.
565 3653 723 3706 Κατὰ
760 3654 914 3706 πόλιν
962 3655 1072 3727 γὰρ
1102 3656 1285 3719 αὺτοῖς
1310 3652 1451 3726 ἦσαν
1479 3656 1609 3710 θεοί.
1655 3658 1765 3709 Καὶ
1784 3657 1927 3711 οὕτω
1958 3659 2036 3713 δι-

350 3740 586 3803 έκειντο,
615 3741 691 3805 ὡς
714 3742 803 3795 διὰ
829 3743 927 3813 τῆς
954 3744 1138 3814 φωνῆς
1162 3743 1538 3815 ἀνακτώμενοι
1565 3745 1625 3798 τὸ
1657 3744 1822 3809 σέϐας
1841 3747 2031 3817 αὐτῆς,

349 3829 452 3883 καὶ
475 3828 543 3881 τά
567 3830 910 3900 γεγενημένα
941 3831 1287 3895 ἀναλύοντες.

427 3915 644 3988 τ’.”υρα
674 3918 907 3971 ἄτακτον
942 3917 1164 3990 πλῆθος.
1193 3919 1305 3973 Τοῦ
1326 3918 1395 3974 δὲ
1414 3920 1682 3987 Παύλου,
1714 3920 1869 3992 φησὶ,
1889 3922 2034 3986 ,βου-

352 4002 617 4070 λομένου
638 4004 938 4060 εἰσελθεῖν
964 4008 1052 4072 εἰς
1083 4007 1191 4060 τὸν
1218 4006 1434 4077 δῆμον,
1459 4009 1573 4063 οὐκ
1591 4008 1732 4063 εῑων
1759 4010 1947 4065 αὐτὸν
1976 4013 2032 4065 οί

344 4092 630 4161 μαθηταί.
662 4092 721 4145 Ὀ
746 4094 846 4164 μὲν
869 4088 964 4148 οὖν
991 4094 1206 4159 Παῦλος
1231 4096 1484 4150 ἐϐούλετο
1509 4096 1772 4151 εἰσελθεῖν
1798 4098 2034 4170 δημηγο-

355 4179 522 4250 ρῆσαι
543 4196 556 4210 ο
577 4178 728 4252 [521]
750 4182 877 4245 τοὺς
901 4182 1012 4252 γὰρ
1041 4182 1316 4252 διωγμοὺς
1342 4184 1648 4254 ἐλάμϐανεν
1674 4188 1753 4249 εἰς
1773 4185 2033 4241 διδασκα-

351 4267 474 4320 λίαν
491 4284 507 4297 ·
530 4268 648 4321 ἀλλ’
672 4270 723 4321 οἰ
749 4268 990 4340 μαθηταὶ
1011 4270 1111 4324 οὐκ
1135 4271 1261 4325 είων
1278 4271 1461 4325 αὐτόν.
1488 4273 1711 4337 Σκόπει,
1735 4273 1878 4348 πόσῃ
1902 4276 2034 4346 περὶ

351 4356 515 4410 αὑτὸν
530 4356 758 4429 προνοίᾳ
786 4358 1080 4429 κέχρηνται
1111 4360 1411 4431 πανταχοῦ.
1434 4361 1546 4414 Καὶ
1570 4361 1630 4427 ἐξ
1652 4362 1831 4432 ἀρχῆς
1864 4364 2029 4418 αὐτὸν

349 4443 642 4517 ἐξήγαγον,
675 4444 815 4499 ὥστε
847 4447 921 4518 μὴ
947 4449 1077 4517 περὶ
1104 4447 1174 4501 τά
1195 4448 1386 4520 καίρια
1436 4448 1625 4502 λαϐεῖν
1650 4450 1750 4519 τὴν
1777 4450 1991 4521 πληγήν
2010 4464 2026 4479 ’

349 4532 530 4585 καίτοι
561 4549 627 4601 γε
677 4534 936 4603 ἥκουσαν,
989 4536 1072 4589 ὅτι
1122 4535 1204 4590 δεῖ
1258 4536 1356 4589 καὶ
1399 4534 1618 4606 Ῥώμην
1668 4536 1827 4590 ἰδεῖν
1879 4537 2030 4609 ὅμως

348 4620 673 4674 κωλύουσιν.
734 4623 1108 4693 Οἰκονομικῶς
1161 4623 1216 4677 δὲ
1262 4623 1647 4695 προαγορεύει,
1706 4623 1793 4677 ἴνα
1824 4624 1899 4696 μὴ
1952 4623 2028 4696 τῷ

353 4709 631 4780 γενομένῳ
660 4708 1054 4780 θορυϐηθῶσιν.
1082 4710 1271 4775 Οὕτως
1304 4710 1424 4764 οὐδὲ
1469 4709 1701 4781 πάσχειν
1754 4728 1806 4766 τι
1864 4711 2028 4766 αὐτὸν

361 4792 636 4851 ἐῦοὗλοντο
664 4796 714 4850 ι.
740 4798 851 4851 Καὶ
888 4796 1008 4851 τῶν
1038 4797 1346 4868 ἀσιαρχῶν
1373 4797 1440 4852 δέ
1461 4814 1623 4864 τινες
1644 4798 2028 4866 παρεκάλουν

355 4881 571 4948 αὐτὸν,
593 4886 746 4956 φησι,
790 4886 878 4956 μὴ
933 4886 1231 4942 εἰσελθεῖν
1271 4889 1358 4952 εἰς
1402 4886 1469 4940 τὸ
1501 4886 1766 4956 θέατρον.
1812 4888 2027 4952 Εἰδότες

355 4966 532 5021 αὑτοῦ
560 4969 657 5041 τὴν
678 4974 1009 5043 προθυμίαν,
1039 4973 1384 5044 παρεκάλουν
1403 4990 1417 5006 ⁸
1465 4974 1610 5029 οὕτω
1636 4976 1838 5041 πάντες
1862 4976 2025 5030 αὐτὸν

349 5055 579 5121 ἐφίλουν
619 5058 671 5110 οἰ
704 5061 901 5114 πιστοί.
936 5061 1046 5114 Καὶ
1095 5062 1239 5125 τίνος
1267 5062 1475 5130 ἕνεκεν,
1503 5065 1693 5135 φησὶν,
1712 5064 1741 5117 ό
1772 5065 2024 5129 Ἀλέξαν-

345 5144 482 5213 δρος
527 5143 773 5200 ἐϐούλετο
797 5149 1224 5218 ἀπολογεῖσθαι;
1265 5151 1339 5222 μὴ
1370 5151 1478 5223 γὰρ
1522 5152 1686 5215 αὐτὸς
1718 5152 2021 5223 ἐνεκλήθη;

347 5233 518 5284 ’Ὥστε
563 5234 751 5307 καιρὸν
796 5238 997 5309 εὑρεῖν,
1027 5239 1123 5290 καὶ
1152 5237 1214 5291 τὸ
1249 5240 1354 5293 πᾶν
1383 5239 1757 5311 καταστρέψαι
1806 5242 1901 5294 καὶ
1932 5244 2026 5295 ἐκοο

344 5318 550 5373 καῦσαι
579 5321 673 5375 τοῦ
723 5323 899 5396 δήμου
947 5325 1040 5379 τὸν
1084 5324 1275 5396 θυμόν.
1334 5322 1488 5390 Εἶδες
1533 5325 1703 5396 θυμὸν
1757 5326 2023 5398 άτακτον;

341 5407 547 5470 Καλῶς
570 5411 665 5462 καὶ
689 5410 1087 5481 emam-ma»;
1120 5416 1149 5467 ό
1184 5416 1570 5485 γραμματεὺς.
1599 5416 1698 5480 Τίς
1729 5413 1881 5477 ἔστιν
1915 5433 2023 5487 φη-

343 5494 455 5560 σὶν,
506 5496 574 5562 ὃς
628 5499 701 5551 οὺ
760 5498 1041 5568 γινώσκει
1087 5499 1203 5569 τὴν
1250 5500 1544 5569 Ἐφεσίων
1578 5503 1798 5565 πόλιν;
1837 5501 2026 5568 Οὕτως

341 5580 518 5635 εἰπὼν
562 5586 694 5656 περὶ
730 5579 792 5638 οὕ
822 5586 1143 5654 ἐφοϐοῦντο·
1174 5587 1308 5640 ὡσεὶ
1356 5586 1561 5657 ἔλεγεν·
1594 5589 1671 5642 Οὐ
1695 5589 2023 5661 θεραπεύετε

341 5670 549 5735 αύτήνς
595 5673 707 5725 Καὶ
742 5674 844 5727 οὐκ
871 5672 1013 5742 εἷπε,
1056 5675 1155 5740 Τίς
1190 5676 1299 5748 γάρ
1352 5676 1521 5741 ἐστιν,
1555 5674 1616 5739 ὃς
1645 5676 1706 5729 οὐ
1763 5676 2024 5746 γινώσκει

340 5757 444 5827 τὴν
482 5758 781 5831 Ἀρτεμιν;
822 5762 980 5827 ἀλλὰ,
1010 5763 1130 5833 Τὴν
1151 5765 1334 5819 πόλιν
1377 5761 1478 5835 τὴν
1517 5764 1821 5836 ἡμετέραν·
1864 5764 2024 5837 θερα-

340 5845 531 5899 πεύων
585 5848 804 5913 αὐτούς.
854 5850 1325 5927 Ἀναντιρρήτων
1360 5847 1476 5906 οὖν
1534 5853 1761 5907 τούτων
1808 5854 2020 5922 ὄντων,

396 5980 434 6052 ,⁸
458 5979 598 6029 Unus
616 5982 781 6052 1631f};
802 5983 1061 6052 εύσεβείας.
1126 5985 1154 6028 ι
1183 5983 1319 6036 Idem
1366 5983 1703 6048 θορυϐηθῶσιν
1726 5984 1831 6035 ἀλλ’
1867 5986 2018 6045 οὕτως

344 6045 550 6106 πάσχειν
569 6059 617 6092 τι
639 6045 782 6094 αὐτὸν
803 6046 1037 6097 ἐϐούλετο.

1454 365 1525 422 ιΝ
1563 363 1749 422 ACTA
1787 359 2331 423 ΑΡοετοιοιιυιι.
2364 357 2600 431 HOMIL.
2640 359 2802 419 XL“.

3725 366 3834 425 300

2141 478 2286 534 δέον
2320 476 2495 535 ἐστίν
2541 475 2700 549 ὑμᾶς
2728 477 3258 549 κατεσταλμένους
3299 482 3615 551 ὑπάρχειν.
3643 482 3831 536 Ταῦτα

2140 567 2300 639 δῆθεν
2321 566 2562 637 ἐγκαλεῖ,
2602 566 2883 639 μονονουχὶ
2919 567 3094 637 λέγων
3114 587 3128 601 ·
3184 569 3250 623 Τί
3276 570 3455 625 τοίνυν
3488 570 3702 641 ζητεῖτε
3753 571 3832 636 ὡς

2143 654 2356 726 ἀδήλων
2387 654 2597 722 ὕντων;
2649 656 2907 728 φανερὸν,
2937 656 3015 720 ὡς
3056 658 3090 728 ἡ
3120 656 3279 730 ὕϐρις
3307 658 3388 724 εἰς
3413 658 3514 731 τὴν
3545 657 3667 713 θεὸν
3710 658 3829 714 δια-

2143 743 2343 798 ϐαίνει.
2400 743 2708 815 Πρόσχημα
2755 745 2854 816 τὴν
2888 744 3171 800 εὐσέϐειαν
3202 746 3483 801 ἐϐούλοντο
3514 749 3689 821 ποιεῖν
3734 746 3830 801 τοῦ

2139 832 2551 904 χρηματισμοῦ.
2582 828 2717 887 Εἶτα
2758 832 2946 904 ἠρέμα
2977 832 3317 888 καθάπτεται
3342 835 3545 903 αὐτῶν,
3589 836 3828 900 δεικνὺς,

2137 921 2221 975 ὅτι
2249 918 2556 989 ἀλογίστως
2601 921 2885 992 συνῆλθον.
2924 922 3037 977 Καὶ
3086 920 3306 993 μηδὲν,
3341 925 3497 995 φησὶ,
3534 924 3829 994 προπετὲς

2136 1005 2443 1077 ξοάττειν.
2494 1010 2742 1074 Δεικνὺς,
2776 1010 2857 1064 ὅτι
2892 1011 3184 1084 προπετῶς
3238 1010 3500 1085 ἔπραξαν,
3548 1012 3708 1066 τοῦτο
3743 1008 3827 1066 εῖ-

2138 1111 2262 1149 πεν.
2292 1097 2360 1151 Εί
2385 1095 2503 1167 μὲν
2531 1094 2646 1154 οὖν
2679 1097 3009 1169 Δημήτριος
3037 1100 3137 1154 καὶ
3184 1103 3240 1157 οἱ
3264 1099 3388 1154 σὺν
3412 1098 3575 1165 αὐτῷ
3614 1101 3845 1170 ἔχουσι.

2136 1183 2291 1252 πρός
2335 1203 2471 1240 τινα
2501 1190 2711 1257 λόγον,
2765 1189 3102 1244 ἀνθύπατοί
3144 1192 3286 1242 εἰσι.
3322 1189 3433 1243 Καὶ
3490 1187 3651 1242 τοῦτο
3682 1189 3829 1256 λέγει

2137 1272 2411 1342 ἐγκαλῶν,
2436 1276 2530 1328 καὶ
2546 1276 2761 1339 δεικνὺς
2781 1278 2865 1331 ὅτι
2891 1280 2992 1331 οὐκ
3013 1279 3120 1332 ἔδει
3147 1278 3432 1332 ἰδιωτικῶν
3459 1277 3830 1348 ἐγκλημάτων

2136 1361 2326 1419 ἕνεκεν
2365 1362 2549 1435 κοινὴν
2583 1364 2882 1435 ἐκκλησίαν
2915 1366 3209 1422 ποιεῖσθαι.
3251 1367 3361 1423 Καὶ
3390 1367 3499 1436 γὰρ
3520 1366 3834 1420 κινδυνεύ-

2135 1464 2301 1521 ομεν,
2345 1452 2531 1521 φησὶν,
2568 1451 2971 1521 ἐγκαλεῖσθαι.
3008 1453 3193 1524 Τούτῳ
3243 1454 3451 1524 σφόδρα
3500 1454 3697 1518 αὐτοὺς
3751 1453 3830 1508 δι·

2134 1539 2440 1609 ηπόρησεν.
2491 1540 2754 1605 Οὐδενὸς
2784 1542 2998 1602 αἰτίου,
3030 1543 3216 1611 φησὶν,
3258 1540 3659 1610 ὑπάρχοντος,
3692 1542 3829 1610 περὶ

2135 1620 2208 1679 οὗ
2243 1624 2630 1696 δυνησόμεθα
2661 1631 2851 1699 λόγον
2901 1629 3113 1684 δοῦναι
3153 1630 3262 1699 τῆς
3303 1630 3661 1699 συστροφῆς
3689 1630 3829 1683 ταύ-

2133 1729 2264 1778 της.
2301 1715 2444 1785 Ὅρα
2493 1716 2611 1779 πῶς
2660 1718 2709 1769 οί
2750 1717 2971 1771 ἄπιστοι
3018 1719 3302 1790 φρονίμως
3350 1718 3747 1787 ἀπολογοῦνται
3774 1728 3823 1780 ε,

2135 1803 2253 1865 πῶς
2298 1806 2557 1868 συνετῶς.
2591 1806 2781 1871 Οὕτως
2828 1808 3019 1861 ἔσϐεσε
3064 1810 3158 1863 τὸν
3220 1807 3413 1882 θυμόν.
3467 1810 3681 1881 Ὥσπερ
3708 1808 3820 1881 γὰρ

2134 1891 2337 1962 ῥᾳδίως
2397 1894 2716 1960 ἐξάπτεται,
2773 1894 2915 1948 οὕτω
2967 1896 3061 1950 καὶ
3095 1897 3294 1969 ῥᾳδίως
3339 1897 3644 1952 σϐέννυται.
3712 1896 3827 1950 Καὶ

2134 1980 2322 2033 ταῦτα
2353 1980 2559 2047 εἰπὼν,
2589 1984 2864 2038 ἀπέλυσε
2891 1984 3006 2054 τὴν
3038 1986 3400 2054 ἐκκλησίαν,
3434 1985 3617 2058 φησίν.
3661 1983 3824 2056 Ὁρᾷς

2132 2067 2225 2121 τὸν
2267 2070 2399 2123 Θεὸν
2456 2071 2848 2143 συγχωροῦντα
2898 2075 3025 2138 τοὺς
3082 2073 3447 2145 πειρασμοὺς,
3484 2073 3579 2126 καὶ
3626 2070 3828 2140 διεγεί-

2136 2172 2301 2226 ροντα
2327 2158 2422 2212 καὶ
2442 2159 2815 2227 ἁφυπνίζοντα
2835 2163 2960 2225 τοὺς
2987 2162 3233 2233 μαθητάς
3255 2161 3464 2224 τούτοις
3485 2162 3579 2214 καὶ¹
3602 2160 3826 2231 σφοδρο-

2134 2245 2329 2315 τέρους
2357 2246 2760 2318 ἐργαζόμενονς
2821 2249 2912 2321 Μὴ
2941 2250 3006 2319 δὴ
3035 2250 3471 2320 καταπίπτωμεν
3496 2251 3609 2312 τοῖς
3631 2264 3825 2319 πειρα‹

2138 2336 2296 2402 σμοῖς
2315 2349 2330 2366 ο
2370 2335 2536 2399 αὐτὸς
2561 2337 2669 2408 γὰρ
2706 2338 2919 2409 ποιήσει
2945 2340 3038 2392 καὶ
3062 2338 3160 2410 τὴν
3188 2337 3409 2392 ἔκϐασιν
3441 2336 3536 2391 τοῦ
3565 2337 3826 2393 δύνασθαι

2136 2422 2482 2490 ὑπενεγκεῖν.

2206 2509 2373 2562 Οὐδὲν
2400 2509 2545 2564 οὕτω
2587 2512 2778 2581 φίλους
2817 2515 2965 2567 ποιεῖ
2996 2516 3092 2568 καὶ
3127 2518 3451 2587 συγκροτεῖ,
3493 2514 3569 2578 ῶς
3593 2513 3771 2582 θλῖψις
3805 2528 3821 2544 ’

2135 2596 2287 2648 οὐδὲν
2306 2594 2452 2650 οὕτω
2474 2599 2656 2653 συνδεῖ
2684 2599 2777 2653 καὶ
2798 2601 3239 2670 ἐπισφίγγειτῶν
3259 2601 3469 2655 πιστῶν
3488 2601 3589 2665 τὰς
3604 2600 3782 2672 ψυχάς
3802 2615 3819 2632 ⁸

2135 2683 2287 2735 οὐδὲν
2314 2686 2446 2755 ἡμῖν
2464 2689 2578 2750 τοῖς
2607 2686 2948 2751 διδασκάλοις
2972 2688 3143 2752 οὕτως
3177 2689 3482 2760 ἐπιτήδειον
3515 2689 3653 2761 πρὸς
3677 2688 3736 2741 τὸ
3753 2688 3825 2741 τά

2136 2774 2267 2842 παρ’
2289 2775 2320 2843 ἠ
2330 2774 2444 2843 μῶν
2465 2774 2742 2846 λεγόμενα
2762 2776 3076 2832 ἀκούεσθαι.
3116 2780 3203 2832 Ἐν
3227 2778 3327 2849 μὲν
3347 2778 3456 2849 γὰρ
3479 2778 3664 2832 ἀνέσει
3686 2794 3830 2857 τυγη

2134 2861 2315 2929 χάνων
2361 2862 2658 2934 ἀκροατὴς,
2725 2865 2924 2936 χαῦνός
2972 2867 3034 2920 τέ
3100 2870 3217 2920 ἐστι
3272 2865 3365 2923 καὶ
3412 2865 3681 2937 ῥᾴθυμος,
3724 2865 3821 2918 καὶ

2135 2948 2471 3019 ἐνοχλεῖσθαι
2503 2951 2653 3004 δοκεί
2691 2956 2848 3024 παρὰ
2882 2953 2977 3006 τοῦ
3006 2954 3253 3023 λέγοντος
3288 2971 3303 2985 ·
3339 2956 3397 3010 ἐν
3426 2955 3483 3009 δὲ
3516 2953 3693 3024 θλίψει
3726 2954 3821 3007 καὶ

2139 3040 2477 3111 στενοχωρίᾳ
2508 3042 2588 3103 εἰς
2612 3040 2813 3113 πολλὴν
2850 3043 3145 3113 ἐπιθυμίαν
3179 3043 3498 3114 ἀκροάσεως
3532 3042 3822 3113 ἐμπίπτει.

2138 3124 2657 3198 Στενοχωρούμενος
2704 3128 2815 3199 γὰρ
2855 3130 2953 3200 τὴν
3003 3130 3221 3199 ψυχὴν,
3270 3128 3610 3201 πανταχόθεν
3668 3129 3826 3200 ζητεῖ

2138 3214 2498 3284 παραμυθίαν
2540 3216 2642 3285 τῆς
2681 3216 2913 3287 θλίψεως
2950 3217 3129 3288 εὑρεῖν
3164 3235 3176 3247 ·
3202 3218 3263 3271 οὐ
3312 3219 3513 3289 μικρὰν
3564 3215 3620 3269 δὲ
3664 3218 3820 3289 φέρει

2147 3298 2307 3367 λόγος
2346 3302 2725 3372 παραμυθίαν.
2785 3304 2849 3358 Τί
2898 3302 3011 3370 οῦν,
3068 3305 3253 3376 φησὶν,
3306 3307 3354 3358 οἱ
3400 3304 3673 3373 Ἰουδαῖοι;
3702 3303 3820 3369 πῶς

2138 3387 2445 3459 θλιϐόμενοι
2481 3390 2591 3444 ἀπὸ
2614 3392 2713 3462 τῆς
2743 3390 3095 3464 ὀλιγοψυχίας
3122 3394 3222 3448 οὐκ
3254 3394 3487 3465 ῆκουον;
3531 3394 3652 3446 Ὅτι
3689 3394 3821 3446 Ἰου-

2136 3474 2275 3527 δαῖοι
2312 3471 2475 3546 ἦσαν,
2506 3479 2556 3531 οἰ
2589 3479 2677 3531 ἀεὶ
2712 3480 2962 3544 ἀσθενεῖς
3000 3481 3095 3534 καὶ
3130 3482 3470 3553 ταλαίπωροι
3501 3499 3517 3515 ν
3550 3481 3728 3546 άλλως
3757 3499 3818 3536 τε

2136 3563 2230 3614 καὶ
2247 3564 2330 3616 ὅτι
2351 3563 2445 3617 καὶ
2462 3567 2579 3618 ἐκεῖ
2591 3566 2757 3636 πολλὴ
2771 3569 2803 3637 ἡ
2818 3566 2995 3637 θλῖνέιις
3021 3556 3112 3639 ἦν,
3135 3570 3265 3639 ἡμῖν
3288 3569 3343 3621 δὲ
3364 3568 3515 3641 [522]
3540 3570 3669 3642 περὶ
3690 3587 3818 3643 συμο

2137 3653 2336 3722 μέτρου
2365 3653 2394 3705 ό
2416 3653 2742 3727 λόγος.”Ορα
2777 3656 2905 3727 γάρ·
2938 3656 3347 3728 προσεδόκησαν
3380 3656 3817 3711 ἀπαλλάττεσθαι

2133 3740 2244 3793 τῶν
2267 3744 2609 3814 κατεχόντων
2642 3746 2839 3809 αὐτοὺς
2864 3745 3057 3811 κακῶν
3082 3748 3304 3813 ἐκεῖνοι,
3339 3749 3433 3800 καὶ
3473 3747 3688 3819 μυρίοις
3712 3764 3814 3800 πε-

2137 3830 2385 3902 ριέπεσον
2421 3834 2623 3903 μᾶλλον
2657 3835 2850 3899 δεινοῖς
2880 3851 2894 3867 ⁸
2929 3833 3089 3889 τοῦτο
3124 3836 3182 3890 δέ
3221 3837 3323 3908 οὐχ
3358 3836 3434 3901 ὡς
3460 3837 3650 3907 ἔτυχεν
3678 3836 3815 3889 ἀπο-

2137 3921 2221 3988 ρεῖ
2239 3919 2439 3992 ψυχήν.
2464 3922 2533 3973 Αἱ
2561 3920 2769 3992 θλίψεις
2816 3923 3205 3995 ἀποσχίζουσιν
3258 3926 3409 3996 ἡμᾶς
3466 3924 3563 3996 τῆς
3598 3942 3813 3995 συμπα-

2134 4006 2285 4069 θείας
2308 4008 2407 4078 τῆς
2442 4008 2582 4079 πρὸς
2615 4010 2707 4063 τὸν
2750 4011 2996 4081 παρόντα
3023 4011 3230 4082 κόσμον
3260 4028 3274 4041 '
3312 4011 3513 4076 εὐθέως
3564 4011 3697 4081 γοῦν
3721 4012 3812 4065 τὸν

2134 4092 2362 4149 θάνατον
2403 4096 2702 4167 αἰτοῦμεν,
2737 4099 2836 4151 καὶ
2873 4099 2973 4153 οὐκ
3010 4099 3178 4171 ἐσμὲν
3221 4099 3590 4170 φιλοσώματοι
3627 4116 3641 4131 ο
3672 4100 3811 4169 ὅπερ

2134 4181 2395 4251 μέγιστον
2440 4182 2762 4254 φιλοσοφίας
2828 4187 2997 4257 μέρος
3034 4187 3173 4253 ἐστὶ,
3226 4188 3300 4259 μὴ
3352 4188 3641 4257 κεχηνέναι
3674 4186 3811 4259 μηδὲ

2133 4269 2520 4340 προσδεδέσθαι
2550 4272 2633 4344 τῇ
2659 4272 2910 4346 παρούσῃ
2948 4274 3084 4346 ζωῇ.
3125 4273 3193 4327 Ἠ
3232 4273 3524 4344 θλιϐομένη
3561 4274 3708 4346 ψυχὴ
3746 4277 3808 4328 ού

2145 4357 2396 4428 βούλεται
2456 4360 2590 4430 περὶ
2645 4359 2815 4414 πολλὰ
2864 4357 3026 4426 εἶναι,
3090 4361 3204 4414 ἀλλ’
3262 4361 3621 4425 ἀναπαύσεώς
3664 4380 3810 4428 τινος

2134 4446 2296 4515 μόνον
2322 4447 2418 4500 καὶ
2439 4446 2669 4518 ἡσυχίας
2700 4450 2802 4520 ἐρᾷ
2826 4465 2841 4478 ο
2868 4449 3156 4519 ἀγαπητὸν
3191 4449 3328 4521 αὐτῇ
3372 4449 3481 4502 τῶν
3523 4450 3810 4522 παρόντων

2130 4532 2536 4606 ἀπαλλαγῆναι,
2593 4534 2698 4589 κᾶν
2763 4535 2931 4607 μηδὲν
2991 4537 3177 4605 ἕτερον
3332 4535 3602 4610 Καθάπερ
3650 4537 3809 4609 σῶμα

2130 4622 2441 4694 πεπονηκὸς
2497 4623 2595 4678 καὶ
2649 4623 3067 4694 ταλαιπωρηθὲν
3130 4624 3230 4677 οὐκ
3271 4625 3404 4695 ὲρᾷν
3448 4623 3714 4694 βούλεται,
3744 4627 3804 4679 οὐ

2128 4708 2539 4780 γαστρίζεσθαι,
2569 4710 2687 4764 ἀλλ’
2731 4710 3112 4766 ἀναπαύεσθαι
3168 4713 3265 4765 καὶ
3309 4713 3486 4784 ⁴ἰισυχῇ
3534 4712 3752 4767 κεῖσθαι
3786 4729 3802 4744 ·

2128 4794 2273 4849 οὕτω
2302 4798 2397 4850 καὶ
2442 4797 2587 4869 ψυχὴ
2636 4799 2854 4870 μυρίοις
2911 4799 3299 4870 ταριχευθεῖσα
3338 4798 3363 4838 ά
3398 4802 3611 4865 κακοῖς,
3668 4800 3804 4871 πρὸς

2128 4886 2438 4939 ἀνάπαυσιν
2472 4887 2567 4940 καὶ
2595 4887 2824 4957 ἡσυχίαν
2871 4887 3155 4955 ἐπείγεται
3209 4884 3367 4941 εῖναι.
3404 4889 3467 4942 Ἡ
3525 4890 3583 4941 ἐν
3621 4889 3805 4942 ἀνέσει

2128 4967 2263 5026 οὖσα
2293 4974 2575 5044 ἐπτόηται,
2613 4972 2992 5046 τεθορύϐηται,
3031 4975 3305 5046 μετέωρός
3353 4977 3503 5030 ἐστιν
3528 4994 3539 5004 ·
3569 4975 3710 5047 αὕτη
3744 4976 3805 5030 δὲ

2128 5053 2281 5114 οὐδέν
2303 5062 2532 5132 κεχηνὸς
2554 5061 2753 5130 ἔχουσα
2798 5062 2918 5115 οὐδὲ
2960 5063 3235 5134 διαρρέον,
3290 5064 3385 5136 ὅλη
3410 5065 3803 5135 συνέσφιγκται

2128 5148 2223 5200 καὶ
2248 5148 2403 5217 μένει
2435 5148 2838 5221 άμετεώριστος
2883 5166 2898 5181 ο
2937 5152 3026 5204 καὶ
3060 5154 3093 5223 ἠ
3145 5153 3243 5222 μὲν
3280 5152 3649 5226 ἀνδρειοτέρα,
3679 5156 3713 5224 ἡ
3743 5153 3801 5207 δὲ

2127 5234 2497 5308 παιδικωτέρα
2523 5238 2640 5290 ἐστί
2675 5254 2689 5269 ο
2726 5239 2819 5291 καὶ
2841 5239 2874 5308 ἡ
2899 5239 2997 5309 μὲν
3025 5238 3319 5310 βαρυτέρα,
3342 5243 3375 5310 ή
3397 5240 3454 5292 δὲ
3478 5241 3797 5311 κουφοτέρα.

2128 5322 2238 5375 Καὶ
2268 5323 2522 5396 καθάπερ
2568 5326 2627 5377 ἐν
2666 5324 2846 5396 πολλῷ
2885 5324 3038 5379 ὕδατι
3090 5328 3329 5398 ἐμπεσόν
3371 5345 3424 5381 τι
3468 5327 3668 5397 κοῦφον
3699 5343 3798 5380 σα-

2125 5406 2346 5461 λεύεται
2372 5425 2388 5441 ο
2421 5409 2564 5463 οὕτω
2592 5411 2690 5465 καὶ
2728 5413 2810 5476 εἰς
2832 5413 3030 5483 πολλὴν
3072 5414 3245 5484 χαρὰν
3279 5413 3596 5484 ἐμπεσοῦσα
3628 5414 3795 5485 ψυχή.

2124 5496 2238 5550 Καὶ
2256 5497 2325 5552 τά
2350 5497 2585 5570 μέγιστα
2620 5500 2679 5553 δὲ
2705 5503 2835 5572 ἡμῖν
2877 5503 3248 5573 ἁμαρτήματα
3297 5504 3405 5556 ἀπὸ
3450 5501 3653 5573 πολλῆς
3677 5502 3799 5573 ἡδο-

2126 5583 2226 5654 νῆς
2257 5586 2600 5658 γεγενημένα
2654 5588 2751 5641 ἴδοι
2784 5606 2868 5652 τις
2913 5589 3000 5645 ἄν.
3050 5591 3162 5644 Καὶ
3210 5591 3261 5643 εἰ
3306 5588 3585 5660 βούλεσθε,
3619 5591 3800 5655 οἰκίας

2127 5673 2540 5746 ὑπογράψωμεν
2558 5675 2673 5742 δύο,
2700 5677 2802 5745 τὴν
2827 5678 2925 5747 μὲν
2956 5677 3299 5749 γαμούντων,
3327 5680 3426 5750 τὴν
3457 5678 3513 5732 δέ
3544 5678 3799 5734 πενθούν⁸

2125 5776 2234 5814 των
2264 5774 2277 5788 ·
2314 5760 2644 5832 εἰσέλθωμεν
2689 5762 2770 5834 τῷ
2802 5764 2946 5837 λόγῳ
2968 5765 3106 5837 πρὸς
3138 5766 3438 5838 ἑκατέρους
3457 5782 3471 5796 ’
3492 5764 3690 5838 ἴδωμεν
3713 5766 3799 5832 τίς

2124 5847 2270 5913 τίνος
2302 5848 2542 5920 βελτίων.
2573 5848 2946 5923 Εὕρεθήσεται
2978 5854 3087 5927 γὰρ
3113 5856 3152 5928 ἡ·
3172 5856 3267 5910 τοῦ
3305 5853 3629 5920 πενθοῦντος
3655 5854 3801 5925 φιλο-

2129 5940 2321 6009 σοφίας
2376 5942 2643 6012 γέμουσα,
2695 5945 2729 6016 ή
2785 5944 2845 5999 δε
2897 5945 2992 6002 τοῦ
3040 5946 3345 6020 γαμοῦντος
3387 5945 3795 6018 ἀσχημοσύνης,

2194 6046 2219 6077 ⁸
2254 6045 2393 6096 Ἀπο)
2404 6045 2620 6110 σιτοῦνται
2644 6050 2787 6103 deos!
2807 6052 2857 6103 in
2879 6053 3185 6116 quibusdam.
3281 6054 3309 6095 ιι
3331 6053 3472 6107 Alius
3489 6050 3790 6116 ταραχθεῖσα.
