4112 6446
419 374 518 432 301

415 488 562 561 Ὅρα
616 490 725 559 γάρ
756 503 770 517 ·
802 486 1003 559 αἰσχρά
1068 488 1186 541 ἐκεῖ
1216 499 1244 529 ι
1296 487 1540 560 ῥήματα,
1588 487 1765 556 γέλως
1823 487 2081 552 ἄτακτος,

417 578 641 653 βήματα
662 577 1020 646 ἀτακτότερα,
1064 575 1231 648 στολὴ
1287 576 1385 629 καὶ
1440 575 1650 647 βάδισις
1697 574 2088 646 ἀσχημοσύνης

414 667 682 739 γέμουσα,
740 667 996 737 σχήματα
1048 665 1251 737 πολλῆς
1301 664 1487 728 ἀνοίας
1536 666 1633 719 καὶ
1673 665 1886 736 μωρίας
1930 681 1946 697 ·
1989 667 2084 719 καὶ

415 755 555 818 ὅλως
578 755 728 809 οὐδὲν
747 754 936 827 ἕτερον
981 753 1017 825 ἢ
1069 754 1249 808 πάντα
1302 753 1476 823 γέλως
1516 753 1613 806 καὶ
1663 753 1982 821 κατάγελως
2014 752 2086 805 τὰ

416 846 554 899 ἐκεῖ.
582 844 696 916 Οὐχ
723 847 753 898 6
801 844 1003 917 γάμος,
1057 843 1220 913 λέγω,
1266 843 1341 915 μὴ
1387 843 1599 913 γένοιτο
1628 859 1643 874 ο
1679 842 1819 898 ἀλλά
1868 843 1936 896 τά
1960 842 2090 915 περὶ

413 932 506 986 τὸν
542 931 742 1002 γάμον.
787 931 1217 1001 Ἐκὸακχεύεται
1260 931 1383 985 τότε
1422 933 1456 1003 ἡ
1502 930 1695 1000 φύσις,
1747 931 1921 999 ἀλογα
1966 931 2088 984 ἀντι

414 1018 724 1090 ἀνθρώπων
753 1020 804 1072 οἱ
828 1019 1097 1091 παρόντες
1125 1018 1386 1087 γίνονται,
1434 1021 1484 1072 οί
1533 1019 1631 1090 μὲν
1665 1018 1742 1080 ὡς
1776 1020 1934 1072 ῖπποι
1958 1035 2088 1089 χρε-

417 1107 747 1181 μετίξουσιν,
768 1109 818 1161 οί
840 1107 897 1160 δὲ
929 1107 1005 1170 ὡς
1031 1107 1142 1160 δνοι
1162 1106 1473 1172 λακτίζουσι
1493 1123 1509 1139 ⁸
1530 1107 1702 1179 πολλὴ
1721 1108 1754 1179 ἡ
1773 1107 2017 1177 διάχυσις
2034 1106 2084 1172 δ,

414 1196 587 1267 πολλὴ
621 1198 655 1268 ἡ
690 1196 953 1259 διάλυσις,
1011 1195 1165 1249 οὐδὲν
1230 1195 1541 1261 σπουδαῖον,
1604 1197 1759 1249 οὐδὲν
1787 1198 2036 1265 γενναῖον
2066 1211 2083 1227 ο

412 1284 583 1358 πολλὴ
606 1286 725 1338 ἐκεῖ
748 1283 844 1338 τοῦ
876 1283 1123 1337 διαϐόλου
1149 1286 1185 1356 ἡ
1214 1284 1434 1355 πομπὴ,
1468 1283 1748 1356 κύμϐαλα,
1783 1283 1960 1347 αὐλοὶ,
1991 1284 2084 1338 καὶ

410 1373 632 1448 ᾅσματα
657 1374 918 1444 πορνείας
942 1373 1179 1443 γέμοντα
1202 1373 1298 1426 καὶ
1326 1373 1592 1444 μοιχείας.
1630 1372 1780 1427 Ἀλλ’
1807 1373 1907 1426 οὐκ
1936 1373 2082 1439 ἐκεῖ,

410 1461 541 1515 ἔνθα
559 1462 621 1516 τὸ
638 1460 855 1528 πένθος,
875 1460 1016 1516 ἀλλά
1040 1460 1220 1515 πάντα
1244 1460 1487 1515 εὐτακτα
1505 1479 1519 1492 ·
1552 1461 1719 1531 πολλὴ
1741 1461 1906 1533 γάρὴ
1930 1460 2079 1532 σιγὴ,

406 1549 583 1621 πολλὴ
621 1552 656 1622 ἡ
684 1551 907 1622 ἡσυχία,
951 1548 1120 1620 πολλὴ
1167 1550 1202 1621 ἡ
1252 1549 1581 1622 καταστολὴ,
1624 1550 1777 1603 οὐδὲν
1824 1550 2080 1614 ἄτακτον,

408 1637 565 1690 οὐδὲν
593 1637 873 1709 ἄρρυθμον
896 1654 911 1669 ·
936 1637 991 1689 εῖ
1015 1636 1098 1701 τίς
1120 1654 1174 1690 τι
1217 1637 1311 1689 καὶ
1350 1635 1670 1705 ἐφθέγξατο,
1716 1635 1897 1689 πάντα
1939 1634 2085 1704 φιλο-

411 1724 605 1794 σοφίας
634 1725 874 1795 γέμοντα
914 1726 1135 1795 ῥήματα
1168 1722 1471 1793 ἐφθέγξατο
1502 1737 1518 1752 ⁸
1549 1724 1644 1778 καὶ
1673 1723 1735 1775 τὸ
1760 1723 1825 1792 δὴ
1868 1721 2082 1793 θαυμα-

411 1814 559 1877 στὸν,
586 1812 669 1865 ὅτι
703 1813 847 1883 παρ’
870 1813 1080 1865 ἐκεῖνον
1124 1812 1216 1865 τὸν
1259 1812 1451 1882 καιρὸν
1498 1811 1600 1865 οὐκ
1652 1810 1845 1881 ἄνδρες
1896 1810 2079 1881 μόνον,

406 1899 545 1955 ἀλλά
569 1900 663 1953 καὶ
683 1900 874 1953 οίκεῖοι
898 1899 992 1953 καὶ
1016 1902 1274 1969 γυναῖκες
1312 1898 1683 1968 φιλοσοφοῦσι.
1713 1900 1951 1968 Τοιαύτη
1971 1899 2081 1969 γάρ

403 1991 440 2061 ἡ
460 1987 555 2042 τοῦ
582 1988 813 2051 πένθους
845 1986 1027 2057 φύσις.
1062 1987 1176 2041 Καὶ
1215 1987 1433 2041 δοκοῦσι
1482 1989 1581 2058 μὲν
1625 1987 1965 2059 παρακαλεῖν
1987 1987 2080 2040 τὸν

405 2072 727 2138 πενθοῦντα,
767 2073 937 2146 μυρία
985 2075 1043 2129 δὲ
1099 2074 1430 2144 φθέγγονται
1468 2073 1714 2143 δόγματα
1760 2073 2081 2142 φιλοσοφίας

407 2163 586 2237 μεστά
613 2179 628 2194 ⁸
659 2164 817 2232 εὐχαὶ
856 2160 1060 2226 εὐθέως
1099 2160 1245 2215 ὥστε
1284 2161 1448 2232 μέχρι
1480 2160 1671 2214 τούτου
1707 2161 1927 2230 στῆναι,
1984 2162 2079 2214 καὶ

407 2254 586 2308 ἱκανοὶ
616 2253 667 2307 οί
699 2253 792 2307 τὸν
836 2253 1186 2323 πεπονηκότα
1249 2249 1756 2322 παραμυθούμενοι,
1813 2250 1909 2304 καὶ
1970 2251 2079 2304 άπ-

407 2342 535 2414 αριθ
544 2343 683 2413 μὴσε
693 2359 741 2406 ις
766 2341 874 2394 τῶν
889 2341 1114 2395 τοιαῦτα
1135 2338 1476 2394 πενθούντων
1496 2337 1708 2410 μυρίαι.
1723 2338 1789 2390 Τί
1805 2339 1915 2409 γάρ
1929 2339 2079 2393 ἐστιν

402 2433 727 2504 ἀνθρωπος;
761 2430 875 2501 Τῆς
902 2430 1116 2498 φύσεως
1148 2428 1395 2493 ἐξέτασις
1417 2427 1515 2498 τῆς
1533 2426 1829 2498 ἡμετέρας.

473 2521 536 2574 δ’.
550 2521 617 2574 Τί
631 2520 810 2574 τοίνυν
825 2519 972 2572 ἐστὶν
987 2516 1293 2588 ἄνθρωπος
1310 2515 1416 2569 Τοῦ
1435 2515 1549 2586 βίου
1567 2515 1767 2584 καὶτῆς
1781 2514 2058 2578 εὐτελείας

405 2606 561 2684 [525]
598 2607 764 2662 αὐτοῦ
794 2605 1120 2678 κατηγορία,
1154 2603 1462 2674 ἀνάμνησις
1501 2602 1611 2656 τῶν
1641 2604 1699 2655 έν
1719 2601 1798 2672 τῷ
1829 2601 2076 2672 μέλλοντι

404 2695 770 2771 πραγμάτων,
818 2694 919 2763 τῆς
955 2692 1213 2763 κρίσεως.
1238 2691 1510 2753 Ἕκαστος
1564 2689 1747 2744 οἴκαδε
1781 2692 2074 2762 ἀναχωρεῖ,

406 2784 516 2841 ἀπὸ
548 2784 648 2855 μὲν
677 2782 855 2853 γάμου
888 2780 1248 2852 λυπούμενος,
1306 2780 1388 2833 ὅτι
1437 2778 1504 2851 δὴ
1559 2777 1723 2841 αὐτὸς
1777 2778 1853 2848 μὴ
1884 2779 1942 2830 ὲν
1981 2778 2076 2831 εὐ-

400 2872 617 2947 πραγίᾳ
660 2871 807 2924 ἐστίν
845 2886 861 2902 ο
911 2869 1023 2924 ἀπὸ
1056 2869 1114 2922 δὲ
1155 2867 1387 2930 πένθους
1420 2865 1725 2937 ἀνειμένος,
1782 2865 1864 2918 ὃτι
1896 2864 1960 2936 δὴ
2001 2864 2077 2936 μὴ

398 2961 627 3015 τοιαῦτα
683 2959 876 3025 ἔπαθε,
935 2958 1029 3012 καὶ
1069 2954 1170 3026 τὴν
1222 2954 1535 3026 φλεγμονὴν
1587 2952 1789 3015 σϐέσας
1858 2952 2077 3006 ἅπασαν

402 3049 668 3121 ἀπῆλθεν.
716 3047 879 3101 Ἀλλά
934 3044 1026 3111 τί;
1078 3042 1257 3106 θέλεις
1304 3042 1374 3095 τά
1423 3041 1807 3111 δεσμωτήρια,
1859 3042 1955 3094 καὶ
2007 3041 2077 3093 τά

402 3137 607 3208 θέατρα
657 3133 1139 3202 ἀντεξετάσωμεν;
1186 3130 1245 3183 Ὀ
1299 3130 1399 3200 μὲν
1461 3127 1571 3199 γὰρ
1631 3126 1880 3196 θλίψεως,
1945 3128 1975 3179 6
2020 3127 2079 3181 δὲ

400 3225 597 3297 ἡδονῆς
624 3223 807 3286 τόπος.
841 3220 976 3291 Φέρε
1033 3214 1162 3284 οὖν,
1211 3217 1412 3287 ῖδωμεν
1441 3214 1510 3268 τά
1548 3214 1607 3280 ἐξ
1628 3214 1907 3285 ἑκατέρων
1940 3230 2080 3285 συμ-

402 3316 680 3371 ϐαίνονται
728 3314 880 3368 Ἐκεῖ
924 3310 1212 3381 φιλοσοφία
1261 3307 1429 3378 πολλή
1463 3325 1477 3338 ο
1520 3306 1649 3360 ἔνθα
1693 3305 1804 3378 γάρ
1846 3306 2076 3377 ἀθυμία,

401 3405 500 3464 καὶ
528 3401 817 3475 φιλοσοφία
842 3401 1082 3462 πάντως.
1097 3398 1157 3451 ὐ
1185 3396 1291 3467 πρὸ
1312 3394 1504 3449 τούτου
1526 3395 1793 3460 πλουτῶν,
1813 3396 1841 3449 ό
1867 3395 2077 3466 μεγάλα

401 3492 612 3566 φυσῶν,
640 3491 736 3546 καὶ
775 3488 869 3543 τοῦ
926 3487 1184 3558 τυχόντος
1231 3483 1483 3548 ἀνέξεται
1527 3483 1914 3554 διαλεγομένου
1940 3483 2077 3554 πρὸς

400 3581 587 3644 αὐτὸν,
614 3578 708 3633 τοῦ
740 3578 906 3648 φόδου
936 3577 1031 3630 καὶ
1056 3573 1157 3645 τῆς
1187 3571 1427 3643 ἀθυμίας
1451 3571 1701 3642 καθάπερ
1727 3570 1873 3634 τινὸς
1904 3571 2077 3642 πυρὸς

403 3667 760 3740 σφοδροτέρου
795 3662 1150 3727 ἐπιπεσόντος
1194 3659 1363 3716 αὐτοῦ
1404 3662 1471 3731 τῇ
1514 3659 1699 3731 ψυχῇ,
1738 3659 1837 3715 καὶ
1872 3661 2069 3731 μαλάτ.

399 3773 584 3819 τοντος
614 3756 673 3808 τὸ
703 3752 936 3825 σκληρόν
964 3768 980 3783 '
1013 3751 1138 3805 τότε
1167 3749 1424 3811 ταπεινὸς
1444 3747 1671 3816 γίνεται,
1689 3750 1811 3801 τότε
1838 3748 2080 3820 σκυθρω·

401 3847 505 3907 πὸς
533 3856 582 3909 ο,
605 3844 727 3897 τότε
776 3843 876 3913 τῆς
936 3838 1238 3912 μεταϐολῆς
1306 3836 1623 3891 αἰσθάνεται
1664 3838 1765 3909 τῆς
1792 3837 2071 3910 βιωτικῆς,

401 3934 525 3991 τότε
564 3932 825 4003 καρτερεῖ
866 3928 1003 4000 πρὸς
1062 3926 1260 3982 πάντα.
1302 3926 1395 3980 Ἐν
1441 3925 1501 3978 δὲ
1550 3925 1762 3996 θεάτρῳ
1794 3926 1975 3979 πάντα
2005 3928 2075 3981 τά

403 4021 644 4083 ἐναντία,
675 4018 870 4087 γέλως,
898 4015 1214 4086 αἰσχρότης,
1246 4012 1441 4084 πομπὴ
1465 4013 1764 4084 διαδολικὴ,
1801 4014 2071 4084 διάχυσις,

400 4111 666 4180 ἀνάλωμα
694 4106 910 4179 χρόνου,
952 4105 1046 4158 καὶ
1072 4103 1287 4174 δαπάνη
1323 4104 1547 4175 ἡμερῶν
1580 4102 1832 4175 περιττὴ,
1886 4103 2075 4158 ἐπιθυ-

405 4200 534 4274 μίας
562 4198 764 4254 ἀτόπου
792 4194 1131 4264 κατασκευὴ,
1160 4192 1403 4263 μοιχείας
1430 4191 1651 4262 μελέτη,
1691 4192 1946 4264 πορνείας
1974 4208 2076 4261 γυ-

404 4292 649 4363 μνάσιον,
668 4286 963 4349 ἀκολασίας
985 4283 1374 4347 διδασκαλεῖον,
1397 4281 1679 4354 προτροπὴ
1696 4282 2071 4353 atoma-“10;,

400 4380 638 4452 γέλωτος
683 4375 961 4442 ὑπόθεσις,
1009 4373 1397 4444 ἀσχημοσύνης
1449 4370 1893 4442 παραδείγματα.
1931 4370 2073 4424 Ἀλλ’

402 4466 465 4520 οὐ
489 4467 550 4518 τὸ
580 4464 952 4534 δεσμωτήριον
976 4459 1217 4515 τοιοῦτον
1243 4473 1258 4487 ·
1282 4458 1398 4512 ἀλλ’
1432 4459 1550 4511 ἐκεῖ
1574 4457 2070 4529 ταπεινοφροσύνη.

402 4554 773 4629 παράκλησις,
797 4550 1113 4622 φιλοσοφίας
1152 4547 1458 4620 προτροπὴ,
1503 4546 1776 4616 ὑπεροψία
1800 4546 1912 4601 τῶν
1952 4549 2073 4616 βιω·

402 4644 575 4702 τικῶν
624 4660 638 4674 ·
693 4641 870 4695 πάντα
899 4639 1209 4708 πεπάτηται
1263 4638 1357 4690 καὶ
1416 4635 1923 4707 καταπεφρόνηται,
1978 4638 2074 4691 καὶ

403 4731 657 4801 καθάπερ
708 4727 905 4798 παιδίῳ
945 4722 1297 4792 παιδαγωγὸς
1338 4724 1367 4777 ὁ
1401 4722 1570 4791 φόϐος
1606 4724 1898 4793 ἐφέστηκε,
1934 4725 2072 4794 πρὸς

404 4820 584 4877 πάντα
600 4818 669 4870 τά
696 4816 885 4870 δέοντα
912 4812 1195 4884 ῥυθμίζων
1215 4811 1281 4863 αὐ
1292 4810 1399 4863 τόν.
1440 4810 1578 4864 Ἀλλ’
1601 4812 1650 4864 εί
1676 4810 1878 4881 βούλει,
1908 4813 2071 4866 πάλιν

405 4907 609 4977 ἑτέρως
660 4902 1007 4971 ἐξετάσωμεν
1029 4901 1156 4963 τοὺς
1210 4898 1408 4962 αὐτοὺς
1463 4899 1681 4961 τόπους.
1742 4897 2074 4973 Ἐϐουλόμην

407 4993 686 5061 συντυχεῖν
735 4987 1007 5060 ἀνθρώπῳ
1058 4986 1166 5039 ἀπὸ
1217 4985 1446 5056 θεάτρου
1497 4985 1759 5065 κατιόνῖι,
1812 4991 1907 5042 καὶ
1931 4989 2076 5061 ἄλλῳ

405 5077 514 5132 ἀπὸ
549 5072 922 5143 δεσμωτηρίου
973 5068 1191 5134 ἐξιόντι,
1236 5071 1335 5122 καὶ
1390 5064 1530 5131 εἶδες
1579 5068 1646 5121 ἂν
1698 5064 1797 5122 τοῦ
1849 5072 1949 5142 μὲν
1970 5074 2068 5144 τὴν

403 5164 583 5239 ψυχὴν
620 5160 985 5232 ἐπτοημένην,
1040 5156 1506 5229 τεθορυϐημένην,
1555 5156 1853 5230 δεδεμένην
1880 5161 2069 5226 ὅντως,

403 5253 501 5309 τοῦ
529 5253 586 5306 δὲ
608 5249 921 5326 ἀνειμένην,
938 5246 1235 5317 λελυμένην
1251 5286 1266 5309 ,
1291 5245 1701 5317 έπτερωμένην.
1744 5248 1802 5301 '0
1827 5250 1926 5318 μὲν
1966 5253 2076 5322 γάρ

409 5341 517 5397 ἀπὸ
540 5339 634 5399 τοῦ
665 5337 894 5409 θεάτρου
922 5336 1215 5406 ἀναχωρεῖ,
1249 5335 1373 5396 ταῖς
1400 5334 1556 5402 ὂψεσι
1584 5333 1696 5386 τῶν
1736 5336 1855 5388 ἐκεῖ
1876 5354 2074 5405 γυναι-

408 5430 523 5485 κῶν
573 5425 907 5505 προσδεθεὶς,
958 5425 1161 5486 παντὸς
1216 5423 1438 5493 σιδήρου
1490 5422 1846 5495 χαλεπώτερα
1893 5429 2075 5497 φέρων

408 5518 604 5588 δεσμὰ,
636 5521 762 5580 τούς
783 5515 979 5577 τόπους
1005 5514 1134 5575 τοὺς
1157 5512 1293 5576 ἐκεῖ,
1308 5510 1376 5563 τὰ
1396 5511 1462 5581 ρή
1472 5527 1638 5580 ματα,
1670 5511 1741 5564 τὰ
1776 5515 2034 5585 σχήματα
2059 5539 2072 5553 ·

413 5608 442 5661 6
478 5607 533 5660 δὲ
559 5605 665 5660 ἀπὸ
691 5602 1089 5679 δεσμωτηρίου,
1120 5600 1339 5653 πάντων
1383 5598 1614 5663 ἀνεθεὶς,
1641 5600 1742 5653 οὐκ
1772 5600 1852 5654 ἔτι
1878 5606 2077 5677 im)“-

412 5711 503 5747 ται
528 5694 755 5762 πάσχειν
780 5707 832 5743 τι
854 5689 1046 5750 δεινὸν,
1077 5690 1189 5750 τοῖς
1216 5688 1326 5740 τῶν
1365 5686 1567 5756 ἑτέρων
1603 5686 1671 5739 τά
1701 5689 1865 5741 αὐτοῦ
1901 5711 2079 5766 παρα-

414 5780 643 5833 ϐάλλων.
678 5779 800 5831 Ὀτι
827 5780 889 5831 οὐ
914 5777 1146 5840 δέδεται,
1192 5777 1353 5847 χάριν
1410 5774 1617 5828 είσεται
1667 5775 1875 5841 λοιπὸν,
1903 5798 2075 5836 κατα-

418 5868 674 5937 φρονήσει
706 5865 813 5918 τῶν
857 5865 1214 5935 ἀνθρωπίνων
1252 5865 1615 5935 πραγμάτων,
1649 5865 1880 5930 πολλοὺς
1918 5872 2079 5925 πλον.

480 5965 506 5992 ι
534 5951 667 6021 Ἐκεῖ
699 5952 849 6021 Δῥοθεῖ
890 5954 951 6021 in‘
997 5967 1112 6021 unq.
1211 5953 1238 5991 δ
1284 5956 1337 6005 In
1365 5956 1539 6005 eodem
1568 5956 1719 6014 πο)λή
1772 5956 1802 6011 ἡ
1863 5956 2078 6021 διάχυσις

421 6015 580 6071 ᾱιιιδί.
648 6018 667 6042 ι’
684 6014 823 6063 Alius
841 6016 1240 6077 σκυθρωπότερος.

1790 6149 1819 6156 -

1189 370 1248 427 S.
1286 367 1573 427 JOANNIS
1607 366 2100 428 CHRYSOSTOHI
2140 367 2464 428 ARCHIEP.
2503 373 3049 434 CONSTANTINOP.
3094 380 3105 391 '

3757 384 3854 443 302

2190 487 2420 553 τοῦντας
2440 491 2583 561 ὀρῶν
2610 494 2671 546 ὲν
2702 498 3033 566 συμφοραῖς,
3065 494 3235 549 πολλὰ
3263 497 3358 550 καὶ
3390 497 3604 567 μεγάλα
3626 498 3849 572 δυναμέ-

2191 592 2316 639 νους
2340 578 2434 630 καὶ
2461 578 2778 650 δεδεμένους
2804 585 2922 635 ἐκεῖ
2945 599 2960 614 ’
2987 581 3090 637 κᾶν
3109 582 3309 648 ἀδίκως
3326 601 3380 637 τι
3408 586 3578 658 πάθῃ,
3606 589 3705 642 καὶ
3723 590 3843 660 πρὸς

2191 660 2351 715 τοῦτο
2399 667 2731 736 καρτερήσει
2773 682 2789 698 ·
2831 668 2926 721 καὶ
2961 668 3072 739 γὰρ
3113 669 3205 722 καὶ
3237 671 3430 725 τούτου
3461 666 3634 726 πολλά
3654 676 3767 728 ἐκεῖ
3785 678 3843 731 τά

2194 749 2562 821 ὐποδείγματα
2590 771 2604 785 ·
2640 756 2721 819 εις
2744 754 2952 809 ἔννοιαν
2985 756 3265 811 ἐλεύσεται
3294 761 3395 830 τῆς
3424 759 3726 829 μελλούσης
3749 764 3850 832 κρί-

2189 852 2351 902 σεως,
2387 841 2483 893 καὶ
2517 840 2698 911 φρίξει
2729 844 2858 907 τοὺς
2878 844 3082 907 τόπους
3113 844 3349 898 ἐνταῦθα
3390 845 3553 917 ὁρῶν.
3587 849 3854 920 Καθάπερ

2187 924 2297 996 γάρ
2324 927 2560 983 ἐνταῦθα
2589 932 2648 983 ὲν
2675 930 3036 1002 δεσμωτηρίῳ
3069 933 3582 1004 συγκεκλεισμένος,
3610 936 3854 1009 ἐπιεικὴς

2186 1014 2327 1085 πρὸς
2358 1016 2567 1081 πάντας
2606 1018 2755 1071 ἐστίν
2799 1035 2814 1048 ·
2858 1018 3002 1073 οὕτω
3034 1020 3275 1074 κάκεῖνοι
3305 1022 3413 1092 πρὸ
3453 1021 3557 1092 τῆς
3595 1025 3850 1094 κρίσεως,

2188 1103 2298 1174 πρὸ
2322 1105 2423 1175 τῆς
2457 1104 2757 1176 μελλούσης
2784 1108 3019 1177 ἡμέρας,
3039 1108 3177 1181 πρὸς
3202 1114 3456 1178 γυναῖκα,
3479 1113 3618 1182 πρὸς
3646 1114 3853 1176 παιδία,

2188 1190 2324 1260 πρὸς
2356 1193 2485 1256 τοὺς
2513 1194 2735 1257 οἰκέτας
2758 1193 2971 1248 ἔσονται
3000 1197 3419 1269 ἐπιεικέστεροι.
3454 1198 3608 1252 Ἀλλ’
3631 1201 3741 1254 ἀπὸ
3764 1203 3854 1257 τοῦ

2187 1276 2419 1350 θεάτρου
2440 1281 2539 1350 οὐχ
2559 1279 2755 1345 οὕτως,
2778 1281 2896 1334 ἀλλ’
2916 1283 3246 1355 ἀηδέστερον
3268 1285 3458 1354 ὄψεται
3478 1289 3576 1357 τὴν
3599 1292 3854 1357 γυναῖκα,

2185 1365 2281 1418 καὶ
2302 1365 2569 1438 δυσχερὴς
2593 1368 2731 1440 πρὸς
2760 1369 2887 1433 τοὺς
2921 1370 3153 1434 οἰκείους
3180 1372 3355 1437 ἔσται,
3384 1373 3858 1447 παροξυνθήσεται

2184 1454 2325 1524 πρὸς
2356 1454 2427 1508 τά
2466 1456 2677 1522 παιδία,
2706 1458 3176 1531 έκθηριωθήσεται
3197 1462 3334 1532 πρὸς
3365 1463 3593 1528 πάντας.
3626 1467 3856 1534 Μεγάλα

2183 1542 2329 1596 κακά
2376 1543 2444 1596 τά
2509 1544 2714 1615 θέατρα
2762 1548 3174 1618 παρασκευάζει
3210 1552 3331 1613 ταῖς
3372 1550 3583 1615 πόλεσι,
3617 1554 3854 1623 μεγάλα,

2182 1631 2278 1683 καὶ
2305 1632 2425 1684 οὐδὲ
2449 1630 2609 1717 τοῦτρ
2637 1633 2795 1703 ἴσμεν
2830 1635 2913 1688 ὅτι
2944 1636 3176 1706 μεγάλα.
3212 1637 3277 1690 Εἰ
3297 1638 3354 1691 δὲ
3385 1639 3487 1693 οὐκ
3512 1641 3854 1711 ἀπεκάμετε,

2181 1716 2525 1790 ἐξετάσωμεν
2550 1719 2700 1792 [524]
2725 1722 2820 1774 καὶ
2838 1723 2966 1786 τοὺς
2992 1723 3086 1776 τού
3109 1723 3341 1791 γέλωτος
3368 1728 3586 1793 τόπους,
3614 1728 3685 1781 τά
3718 1747 3857 1800 συμ-

2183 1807 2351 1860 πόσια
2387 1806 2549 1875 λέγω,
2592 1808 2722 1862 ἔνθα
2760 1811 3053 1881 παράσιτοι
3099 1814 3194 1865 καὶ
3222 1813 3450 1876 κόλακες
3477 1817 3574 1868 καὶ
3612 1816 3787 1888 πολλὴ
3821 1820 3855 1890 ἡ

2180 1896 2385 1965 τρυφὴ,
2419 1897 2517 1950 καὶ
2541 1897 2738 1961 τόπους
2766 1898 3003 1971 ἑτέρους,
3035 1899 3164 1953 ἔνθα
3205 1901 3366 1970 χωλοὶ
3409 1904 3507 1957 καὶ
3554 1903 3852 1975 ἀνάπηροι.

2182 1982 2351 2037 Πάλιν
2370 1986 2490 2037 ἐκεῖ
2508 1984 2607 2055 μὲν
2639 1984 2782 2056 μέθη
2802 1987 2901 2040 καὶ
2922 1987 3102 2058 τρυφή
3128 1989 3223 2041 καὶ
3243 1988 3509 2060 διάχυσις,
3537 1990 3776 2044 ἐνταῦθα
3792 1992 3854 2045 δὲ

2178 2070 2513 2129 τούναντίον.
2538 2072 2682 2142 Ὅρα
2705 2075 2800 2127 καὶ
2819 2074 2913 2127 ἐπὶ
2940 2073 3036 2127 τοῦ
3065 2074 3336 2146 σώματος,
3358 2077 3486 2130 ὅταν
3517 2076 3851 2151 φλεγμαίνῃ,

2180 2157 2310 2211 ὅταν
2330 2159 2564 2231 εὐπαθῇ,
2595 2161 2856 2233 ταχίστην
2905 2161 3019 2233 ἔχει
3072 2163 3206 2233 πρὸς
3247 2165 3401 2219 νόσον
3454 2166 3803 2235 μετάπτωσιν
3838 2186 3849 2197 ο

2181 2248 2310 2303 ὅταν
2335 2250 2393 2303 δὲ
2418 2252 2855 2322 κατεσταλμένον
2930 2293 2944 2315 ,
2980 2254 3078 2324 οὐχ
3119 2253 3312 2317 οὕτως.
3339 2255 3459 2308 ἰνα
3490 2255 3548 2307 δὲ
3584 2257 3854 2324 σαφέστε-

2184 2356 2276 2411 ρον
2301 2341 2430 2411 ὑμῖν
2453 2341 2483 2393 ὃ
2501 2341 2645 2409 λέγω
2675 2343 2887 2413 ποιήσω
2913 2342 2940 2381 ἀ
2967 2380 2983 2406 ,
3011 2342 3153 2394 ἔστω
3183 2342 3343 2412 σῶμα
3392 2342 3513 2413 ἔχον
3545 2344 3679 2396 πολὺ
3712 2340 3857 2414 αἷμα

2180 2427 2276 2481 καὶ
2301 2428 2514 2499 σάρκας
2561 2429 2763 2493 πολλάς
2801 2430 2898 2483 καὶ
2951 2430 3200 2500 σφριγῶν
3229 2446 3242 2459 ·
3276 2428 3434 2484 τοῦτο
3478 2432 3574 2484 καὶ
3604 2433 3714 2484 ἀπὸ
3746 2433 3856 2503 τῆς

2180 2516 2451 2586 τυχούσης
2494 2516 2706 2586 τροφῆς
2739 2517 2977 2589 πυρετὸν
3021 2518 3312 2586 δυνήσεται
3339 2520 3537 2583 τεκεῖν,
3571 2518 3639 2572 ἀν
3665 2518 3858 2583 ἁπλῶς

2178 2605 2417 2677 άργήσῃ.
2466 2606 2649 2661 Ἔστω
2687 2607 2747 2660 δὲ
2793 2607 2980 2677 ἕτερον
3027 2605 3171 2677 λιμῴ
3226 2606 3425 2676 μᾶλλον
3486 2606 3712 2659 παλαῖον
3756 2609 3860 2661 καὶ

2179 2690 2356 2760 θλίψει
2393 2709 2407 2723 ο
2450 2693 2608 2747 τοῦτο
2647 2693 2954 2747 δυσάλωτον
3008 2695 3102 2746 καὶ
3158 2691 3662 2761 δυσκαταγώνιστον
3716 2695 3858 2765 πρὸς

2178 2780 2513 2851 ἀρρωστίαν.
2536 2777 2685 2851 Αἷμα
2713 2783 2817 2834 κᾶν
2851 2781 3007 2850 ὐγιὲς
3110 2782 3168 2832 ὲν
3197 2783 3330 2850 ἡμῖν
3355 2820 3372 2847 ,
3394 2780 3471 2847 τῷ
3499 2780 3698 2851 πλήθει
3722 2783 3854 2834 πολ-

2176 2865 2335 2931 λάκις
2352 2868 2504 2922 νόσον
2560 2869 2747 2922 ἔτεκεν
2786 2884 2800 2897 °
2838 2870 2905 2923 ἂν
2964 2869 3022 2922 δὲ
3076 2868 3257 2936 ὀλίγον
3306 2864 3377 2942 ᾗ,
3434 2868 3537 2921 κᾶν
3572 2869 3645 2939 μή
3676 2869 3853 2936 ὑγιὲς,

2177 2957 2412 3020 εὐκόλως
2437 2957 2876 3029 κατεργασθῆναι
2891 2956 3132 3010 δύναται.
3160 2956 3319 3010 Οὕτω
3336 2957 3400 3027 δὴ
3419 2956 3512 3010 καὶ
3528 2959 3619 3009 ἐπὶ
3644 2957 3848 3026 ψυχῆς,

2178 3050 2213 3120 ἡ
2234 3049 2333 3119 μὲν
2359 3049 2419 3101 ὲν
2450 3048 2631 3100 ἀνέσει
2656 3049 2749 3100 καὶ
2773 3049 2956 3118 τρυφῇ
2982 3045 3318 3116 ὀξυρρόπους
3347 3046 3462 3115 ἔχει
3486 3046 3621 3115 πρὸς
3668 3048 3853 3117 ἀμαρ-

2175 3136 2295 3189 τίαν
2310 3136 2411 3199 τὰς
2436 3136 2612 3207 ὁρμάς
2631 3151 2645 3165 ’
2668 3134 2885 3205 καὶγὰρ
2908 3128 3161 3195 ἀπονοίας
3177 3134 3340 3201 ἐγγὺς
3357 3136 3390 3202 ή
3410 3133 3630 3204 τοιαύτη
3648 3135 3850 3204 ἕστηκε

2176 3224 2272 3277 καὶ
2319 3223 2513 3293 ἡδονῆς
2553 3222 2647 3275 καλ⁵
2680 3221 2989 3285 κενοδοξίας
3027 3222 3124 3275 καὶ
3173 3221 3368 3289 φθόνου
3417 3222 3512 3275 καὶ
3546 3220 3847 3274 ἐπιϐουλῶν

2177 3312 2274 3364 καὶ
2305 3309 2677 3378 συκοφαντιῶν
2707 3326 2720 3339 ·
2750 3308 2866 3362 ἀλλ’
2898 3311 2997 3379 οὐχ
3044 3310 3077 3379 ή
3114 3310 3171 3361 ἐν
3198 3294 3375 3379 θλίψει
3400 3309 3494 3361 καὶ
3524 3308 3833 3378 αὐταρκείᾳ,

2176 3398 2314 3453 ἀλλά
2362 3400 2580 3451 πάντων
2623 3398 2829 3451 τούτων
2886 3398 3250 3467 ἀπήλλακται.
3296 3398 3428 3450 Ἰδοὺ
3492 3397 3647 3468 ἡλίκη
3686 3394 3832 3457 πόλις

2177 3490 2318 3559 ήμῖν
2346 3490 2495 3541 ἐστιν
2518 3489 2551 3558 ἡ
2582 3485 2793 3557 μεγάλη
2815 3484 2975 3557 αὐτη.
2999 3486 3170 3538 Πόθεν
3193 3482 3288 3539 οὖν
3308 3486 3554 3541 τίκτεται
3579 3487 3648 3538 τὰ
3664 3485 3837 3548 mm;

2175 3577 2278 3630 οὐκ
2325 3576 2434 3630 ἀπὸ
2474 3576 2582 3629 τῶν
2629 3573 3034 3640 πλουτούντων;
3073 3574 3174 3626 οὐκ
3215 3572 3324 3627 ἀπὸ
3354 3573 3464 3627 τῶν
3508 3574 3840 3645 χαιρόντων;

2176 3664 2337 3726 Τίνες
2358 3665 2438 3725 εἰς
2458 3661 2782 3733 δικαστήρια
2834 3660 3089 3728 έλκουσι;
3139 3659 3283 3724 τίνες
3316 3660 3506 3724 οὐσίας
3539 3658 3857 3715 διασπαθῶ-

2177 3766 2298 3816 σιν;
2330 3751 2382 3803 οί
2439 3749 2775 3820 ταλαίπωροι
2821 3749 2915 3803 καὶ
2966 3747 3392 3819 ἀπερριμμένοι,
3450 3747 3485 3818 ἢ
3540 3749 3593 3801 οί
3633 3747 3850 3819 μεγάλα

2176 3838 2459 3910 φυσῶντες
2485 3839 2580 3893 καὶ
2609 3839 2929 3910 χαίροντεςς
2956 3837 3073 3892 Οὐκ
3093 3837 3241 3890 ἔστιν
3271 3835 3381 3890 ἀπὺ
3408 3835 3589 3909 ψυχῆς
3619 3836 3852 3906 τεθλιμ-

2146 3928 2349 3999 «μένης
2407 3927 2665 3995 γενέσθαι
2723 3942 2779 3979 τι
2829 3927 3021 3980 κακόν.
3089 3922 3241 3979 Οἶδεν
3289 3923 3465 3994 αὐτῆς
3492 3924 3561 3976 τὸ
3601 3925 3793 3995 κέρδος
3822 3926 3858 3978 6

2177 4013 2389 4076 Παῦλος
2421 4030 2433 4043 ’
2465 4013 2555 4066 διὰ
2581 4013 2742 4065 τοῦτό
2778 4028 2962 4083 φησιν’
3008 4012 3079 4067 Ἠ
3121 4011 3323 4079 θλῖψις
3346 4010 3664 4080 ὑιομονὴν
3701 4029 3861 4068 κατ-

2174 4100 2490 4172 εργάζεται,
2543 4101 2582 4169 ἠ
2621 4100 2690 4154 δὲ
2744 4103 3019 4170 ὑπομονὴ
3074 4099 3349 4168 δοκιμὴν,
3398 4099 3439 4165 ἡ
3476 4095 3559 4150 ,δὲ
3620 4096 3855 4168 δοκιμὴ

2173 4187 2414 4252 ἐλπίδα,
2435 4189 2474 4256 ή
2498 4187 2566 4241 δὲ
2595 4187 2773 4252 ἐλπὶς
2800 4190 2873 4241 σὺ
2920 4189 3326 4255 καταισχιήι.
3359 4184 3457 4255 Μὴ
3497 4184 3563 4254 δὴ
3602 4187 3856 4238 καταπί-

2175 4294 2401 4348 πτωμεν
2425 4278 2485 4330 ὲν
2512 4279 2631 4339 ταῖς
2659 4276 2921 4345 θλίψεσιν,
2950 4276 3063 4330 ἀλλ’
3097 4279 3156 4330 έν
3179 4276 3376 4329 ἅπασιν
3403 4274 3857 4345 εὐχαριστῶμεν,

2177 4365 2264 4419 ἵνα
2289 4382 2343 4419 τι
2371 4364 2722 4436 κερδάνωμεν
2765 4366 2930 4433 μέγα,
2975 4365 3063 4417 ῖνα
3095 4362 3543 4438 εὐδοκιμήσωμεν
3577 4365 3732 4434 παρά
3762 4366 3859 4436 τῷ

2174 4454 2296 4525 Θεῷ
2321 4453 2400 4524 τῷ
2428 4454 2527 4516 τὰς
2549 4453 2755 4522 θλίψεις
2790 4452 3181 4523 συγχωροῦντι.
3205 4452 3368 4520 Μέγα
3394 4450 3572 4519 θλίψις
3595 4453 3808 4520 ἀγαθόν
3841 4475 3857 4488 ο

2174 4542 2453 4598 καὶτοῦτο
2479 4541 2587 4595 ἀπὸ
2612 4541 2719 4593 τῶν
2757 4541 2962 4594 παίδων
3000 4540 3108 4594 τῶν
3142 4540 3424 4609 ἡμετέρων
3452 4540 3802 4611 μανθάνομεν
3841 4561 3855 4572 ·

2175 4633 2344 4702 χωρὶς
2374 4628 2483 4699 γάρ
2512 4629 2744 4697 θλίψεως
2764 4626 2918 4681 οὐδὲν
2945 4627 3013 4680 ἂν
3040 4625 3199 4697 μάθοι
3232 4627 3521 4698 χρήσιμον.
3575 4629 3764 4699 Ἡμεῖς
3792 4632 3862 4686 δὲ

2180 4720 2379 4789 μᾶλλον
2436 4718 2616 4771 αὐτῶν
2662 4717 2897 4788 δεόμεθα
2949 4715 3200 4785 θλίψεως.
3265 4717 3328 4768 Ei
3381 4717 3491 4789 γάρ
3528 4720 3712 4772 ὲκείνα
3734 4721 3861 4773 τῶν

2176 4808 2367 4862 παθῶν
2410 4804 2760 4878 ἠρεμούντων
2824 4806 3012 4870 αὐτοῖς
3046 4804 3227 4857 θάλλει
3280 4814 3341 4868 ο,
3391 4805 3576 4876 πολλῷ
3640 4807 3863 4876 μᾶλλον

2176 4898 2361 4967 ἡμεῖς,
2396 4894 2494 4947 καὶ
2514 4893 2748 4964 μάλιστα
2770 4892 3047 4954 τοσούτοις
3104 4893 3473 4963 συνεχόμενοι.
3517 4893 3657 4946 Ἀλλ’
3694 4896 3863 4965 ἡμᾶς

2181 4986 2380 5058 μᾶλλον
2416 4984 2797 5050 παιδαγωγοὺς
2834 4981 2976 5052 ἔχειν
3012 4982 3181 5052 ἐχρῆν
3219 4999 3233 5012 ·
3276 4982 3428 5053 παρά
3467 4984 3567 5053 μὲν
3594 4982 3703 5056 γάρ
3733 4988 3866 5039 τῶν

2176 5075 2385 5128 παίδων
2412 5072 2480 5125 τά
2506 5072 2878 5141 ἁμαρτήματα
2918 5072 3019 5124 οὐκ
3057 5071 3124 5123 ἂν
3156 5071 3369 5141 μεγάλα
3408 5072 3640 5139 γένοιτο,
3692 5076 3865 5144 ποιρά

2176 5164 2235 5219 δὲ
2258 5167 2290 5235 ἡ
2301 5162 2416 5232 μῶν
2444 5161 2645 5230 σφόδρα
2675 5159 2901 5227 μεγάλα.
2940 5158 3291 5228 Παιδαγωγὸς
3309 5159 3367 5211 δὲ
3392 5161 3551 5231 ἡμῶν
3582 5165 3615 5231 ἡ
3643 5162 3861 5232 θλίψις.

2175 5253 2337 5323 Μήτι
2366 5246 2458 5303 οὖν
2488 5246 2847 5312 ὲπισπώμεθα
2882 5246 3072 5317 αὐτὴν,
3112 5248 3208 5302 καὶ
3259 5245 3539 5318 παροῦσαν
3580 5252 3868 5318 γενναίως

2180 5343 2456 5412 φέρωμεν,
2502 5337 2589 5390 ἀεὶ
2629 5335 2837 5405 μυρίων
2885 5331 3053 5386 οὖσαν
3103 5334 3328 5403 ἀγαθῶν
3382 5337 3584 5400 αἰτίαν,
3620 5338 3708 5391 ἴνα
3750 5343 3869 5393 καὶ

2177 5431 2276 5497 τῆς
2303 5425 2453 5497 παρά
2480 5422 2574 5477 τοῦ
2612 5422 2748 5475 Θεοῦ
2782 5423 2954 5492 ῥοπῆς
2983 5422 3407 5493 ἀπολαύσωμεν,
3440 5424 3535 5477 καὶ
3571 5426 3680 5479 τῶν
3710 5427 3871 5481 ἀπο-

2179 5517 2447 5587 κειμένων
2498 5511 2717 5581 ἀγαθῶν
2769 5514 2881 5574 τοίς
2934 5514 3217 5580 ἀγαπῶσιν
3269 5512 3448 5577 αὐτὸν,
3520 5516 3577 5565 έν
3625 5514 3870 5586 Χροτῷ

2190 5602 2365 5673 Ἰησοῦ
2382 5601 2460 5671 τῷ
2491 5600 2679 5669 Κυρίῳ
2701 5600 2876 5669 ἡμῶν,
2915 5600 3015 5670 μεθ
3033 5600 3046 5618 ’
3071 5595 3232 5669 αὐτῷ
3255 5600 3427 5670 lla-:91
3456 5600 3572 5670 ἅμα
3598 5601 3674 5671 τῷ
3703 5602 3872 5674 ἁγίῳ

2179 5692 2456 5761 Πνεύματι
2483 5689 2628 5752 δόξα,
2657 5690 2879 5758 κράτος,
2921 5688 3074 5759 τιμὴ,
3103 5687 3198 5741 νῦν
3238 5689 3332 5740 καὶ
3357 5689 3463 5753 ἀεὶ,
3490 5688 3587 5742 καὶ
3610 5691 3690 5752 είς
3712 5693 3867 5754 τοὺς

2181 5782 2381 5843 αἰῶνας
2410 5778 2517 5831 τῶν
2539 5778 2772 5829 αἰώνων.
2818 5778 3010 5847 Ἀμήν.

2244 5963 2457 6029 ξιλὶἐηυε,
2484 5962 2993 6029 οῶως.ηξαφέστερον
3035 5963 3116 6014 οὖν
3168 5963 3278 6029 ὑμῖν
3319 5960 3510 6011 ποι-ἔσω
3564 5957 3644 6008 τὸν
3678 5957 3867 6020 λύγαν.

2191 6041 2211 6067 ε
2241 6026 2374 6076 [dum
2399 6026 2543 6073 αὐτοῦ
2590 6025 2801 6088 σφάλλει.
