4112 6468
481 401 582 460 δοι

479 516 923 573 οοιιῑιιδίηοειιὶιιὶι
967 524 1277 582 strenuum,
1323 515 1458 568 nihil
1504 529 1822 586 generosum
1848 533 1861 566 :
1887 512 2053 566 multa

479 609 637 664 isthic
659 607 856 662 diaboli
883 623 1093 678 pompa,
1117 607 1378 680 cymbala,
1405 606 1568 672 tibiae,
1591 605 1797 661 cantica
1825 604 2056 662 fornica-

480 701 636 755 tionis
663 711 716 754 et
746 700 991 754 adulterii
1015 701 1191 770 plena.
1217 702 1283 754 At
1315 699 1398 752 uhi
1428 700 1601 752 luctus
1623 708 1722 760 est,
1758 713 1864 750 non
1897 697 2054 758 item,

477 792 568 846 sed
597 794 775 845 omnia
806 792 942 846 bene
972 792 1212 846 ordinata
1240 809 1253 844 :
1279 807 1525 860 magnum
1549 792 1840 855 silentium,
1866 802 2052 858 magna

473 885 659 952 quies,
709 898 898 951 magna
935 883 1225 947 demissio;
1265 882 1394 937 nihil
1437 883 1882 953 incompositum,
1924 878 2054 933 nihil

475 977 834 1031 inordinatum
865 975 953 1030 :si
996 976 1116 1046 quis
1160 976 1444 1046 loquatur,
1492 974 1652 1029 verba
1700 971 2052 1044 philoSOphiae

473 1070 626 1138 plena
669 1067 869 1134 futtdit;
901 1067 1146 1139 quodque
1184 1068 1374 1122 mirum
1405 1076 1514 1132 est,
1549 1067 1640 1120 illo
1672 1077 1912 1135 tempore
1942 1079 2050 1116 non

474 1161 568 1213 viri
602 1160 797 1224 solum,
834 1158 926 1212 sed
955 1159 1114 1213 etiam
1142 1159 1420 1213 domestici
1450 1167 1503 1213 et
1533 1157 1785 1213 mulieres
1817 1156 2050 1226 philoso-

477 1252 724 1320 phantur.
769 1250 915 1304 Talis
953 1251 1094 1304 enim
1131 1261 1213 1304 est
1244 1251 1419 1305 luctus
1446 1260 1654 1304 natura.
1699 1249 1768 1303 Et
1800 1248 2050 1302 videntur

469 1343 682 1410 quidem
711 1343 977 1413 Ingentem
1015 1344 1275 1398 consolari
1299 1386 1314 1410 ,
1346 1344 1570 1414 plurima
1596 1351 1770 1398 autem
1799 1343 2045 1411 dogmata

470 1434 745 1503 proferunt
783 1433 1130 1502 philosophia:
1169 1435 1345 1503 plena.
1385 1435 1578 1488 Preces
1618 1435 1829 1496 statim,
1866 1441 1927 1486 ut
1957 1432 2045 1487 hic

466 1529 623 1581 sistat
647 1527 880 1590 afﬂictio,
915 1527 1170 1596 multique
1196 1537 1321 1581 sunt
1349 1527 1436 1595 qui
1465 1526 1722 1579 afflictum
1756 1525 2042 1579 consolan-

474 1630 582 1684 tur,
611 1628 657 1672 ct
687 1620 1108 1672 enumerationes
1137 1619 1284 1672 mille
1307 1619 1440 1671 ﬁunt
1458 1634 1666 1683 eorum,
1690 1616 1779 1686 qui
1802 1615 2044 1669 similiter

475 1712 671 1779 lugent.
718 1710 848 1776 Quid
890 1721 972 1764 est
1009 1712 1152 1766 enim
1194 1711 1392 1765 homo?
1435 1709 1647 1764 Natura:
1688 1720 1886 1763 nostra:
1920 1723 2039 1777 per-

469 1802 696 1870 quisitio.

533 1897 583 1950 4.
619 1894 785 1949 Homo
805 1895 926 1966 quid
945 1897 1028 1949 sit.
1056 1894 1388 1950 Theon-orum
1417 1897 1773 1966 tttrpitudo.—
1789 1894 1924 1963 Quid
1955 1902 2038 1948 est

456 2003 588 2056 ergo
611 1987 812 2041 homo?
835 1987 967 2042 Ἤιτει
993 1999 1043 2042 ει
1071 1988 1292 2043 vilitatis
1321 1989 1436 2057 ejus
1464 1989 1762 2053 accusatio,
1794 2002 2035 2040 comme-

456 2077 682 2133 moratio
732 2078 1027 2133 futurarum
1075 2095 1251 2134 rerum
1297 2089 1353 2132 et
1404 2079 1612 2148 judicii.
1661 2077 2036 2147 Unusquisque

459 2183 628 2226 autem
656 2172 863 2226 recedit
881 2173 1097 2226 domum
1127 2190 1140 2227 :
1170 2173 1257 2242 qui
1287 2187 1315 2225 a
1349 2174 1548 2242 nuptiis
1571 2215 1585 2238 ,
1616 2180 1861 2237 moestus,
1890 2170 2034 2240 quod

462 2283 563 2321 non
593 2283 680 2322 res
707 2283 962 2338 prospera
991 2268 1092 2332 sit;
1121 2267 1210 2336 qui
1239 2283 1269 2320 a
1301 2268 1439 2320 luctu
1459 2308 1474 2332 ,
1503 2267 1758 2320 remissus
1787 2277 1839 2321 et
1877 2266 2031 2335 quie-

455 2369 568 2423 tus,
599 2360 720 2430 quia
753 2376 856 2413 non
898 2360 1088 2413 similia
1133 2373 1320 2429 passus
1347 2369 1462 2424 est,
1506 2367 1562 2414 et
1587 2359 1734 2413 omni
1765 2359 2030 2412 exstincto

449 2451 642 2505 ardore
669 2451 933 2504 discessit.
985 2450 1092 2506 Sed
1137 2450 1301 2520 quid?
1347 2451 1425 2504 vis
1455 2465 1700 2506 carceres
1737 2459 1791 2504 et
1822 2450 2026 2504 theatra

446 2543 828 2597 conferamus?
874 2543 969 2598 Ille
1012 2560 1238 2613 namque
1284 2559 1572 2609 aerun'mte,
1607 2543 1695 2598 hic
1741 2543 2026 2614 voluptatis

445 2645 526 2690 est
562 2635 727 2688 locus.
765 2637 871 2702 Age
901 2635 1331 2704 crgo,videamus
1389 2651 1506 2705 quae
1537 2651 1602 2689 ex
1631 2635 1868 2705 utrisque
1895 2649 2026 2688 con-

445 2730 670 2797 tingant.
716 2726 824 2782 Illic
855 2727 1189 2796 philosophia
1230 2729 1390 2781 nndta
1423 2745 1435 2780 :
1467 2725 1554 2782 ubi
1593 2729 1735 2782 enim
1782 2743 1980 2782 numer
2003 2770 2019 2795 ,

444 2819 515 2872 ibi
549 2819 766 2872 omnino
798 2819 1155 2887 philosophia.
1207 2819 1306 2884 Qui
1353 2828 1508 2872 antea
1554 2818 1704 2872 dives
1733 2831 1883 2884 erat,
1931 2819 2018 2888 qui

439 2909 726 2964 admodum
753 2910 967 2964 inﬂatus
991 2955 1006 2977 ,
1043 2909 1153 2980 jam
1182 2925 1212 2965 e
1252 2911 1408 2981 vulgo
1449 2911 1688 2980 quemvis
1719 2926 1776 2984 se
1825 2910 2019 2980 alloqui

440 3003 749 3071 permittet,
803 3011 948 3056 metu
998 3018 1336 3072 maeroreque
1386 3004 1505 3073 igne
1548 3003 1924 3059 vehementius
1963 3004 2016 3056 in

438 3098 670 3152 animam
696 3098 813 3167 ejus
839 3097 1108 3153 incidente
1132 3109 1185 3152 et
1217 3099 1464 3152 duritiem
1511 3099 1818 3153 emolliente
1848 3118 1861 3154 :
1892 3108 2018 3153 tunc

443 3188 657 3241 humilis
678 3232 693 3255 ,
723 3199 848 3244 tunc
877 3197 1100 3244 mmstus
1130 3190 1355 3254 evadet,
1390 3200 1514 3244 tunc
1555 3190 1866 3244 saecularem
1895 3205 2017 3242 mu-

442 3280 698 3346 tationem
724 3281 947 3344 sentiet,
985 3291 1109 3335 tunc
1135 3281 1287 3334 fortis
1312 3282 1414 3335 erit
1441 3281 1504 3334 ad
1532 3281 1730 3334 omnia.
1761 3279 1816 3333 In
1858 3281 2015 3334 thea-

435 3380 522 3424 tro
572 3383 745 3425 autem
779 3374 954 3426 omnia
988 3374 1252 3428 contraria
1299 3382 1452 3438 sunt,
1498 3374 1664 3440 risus,
1697 3372 1970 3443 turpitudo
1993 3414 2009 3440 ,

433 3478 626 3533 pompa
676 3464 936 3520 diabolica
957 3507 972 3532 ,
1009 3465 1195 3519 effusio
1215 3506 1230 3531 ,
1261 3466 1552 3534 insumptio
1585 3466 1838 3535 temporis
1861 3508 1875 3531 ,
1910 3465 2011 3518 im-

438 3569 598 3622 pensa
670 3555 878 3610 dierum
946 3557 1179 3623 inutilis,
1237 3566 1522 3626 apparatus
1589 3557 1655 3610 ad
1723 3557 2007 3611 absurdam

429 3648 920 3715 concupiscentiam
948 3689 963 3714 ,
1013 3648 1256 3703 adulterii
1302 3649 1574 3703 meditatio
1603 3693 1617 3713 ,
1671 3651 2011 3706 scortatiouis

429 3739 798 3810 gymnasium,
849 3741 1273 3810 intemperantia:
1318 3742 1537 3807 schola,
1588 3741 1893 3796 adhortatio
1941 3741 2008 3796 ad

430 3833 850 3902 turpitudinem,
896 3837 1035 3889 risus
1079 3837 1325 3902 occasio,
1380 3835 1634 3891 foeditatis
1679 3836 2004 3905 exemplum.

429 3925 500 3977 At
528 3941 632 3979 non
667 3927 784 3979 talis
812 3934 895 3980 est
923 3942 1140 3994 carcer;
1173 3928 1266 3982 sed
1315 3929 1420 3982 illic
1464 3928 1764 3992 humﬂitas,
1811 3928 2008 3983 exhor-

430 4019 561 4071 tatio
585 4061 600 4085 ,
633 4019 881 4074 stimulus
910 4020 977 4074 ad
1026 4021 1414 4092 philosophiam
1438 4065 1452 4088 ,
1489 4022 1821 4077 surcularium
1870 4038 2004 4077 con-

432 4121 663 4179 temptus
690 4130 701 4164 :
745 4112 920 4165 omnia
951 4113 1348 4181 conculcautur,
1375 4115 1550 4167 omnia
1585 4122 1930 4184 spernuntur,
1951 4122 2004 4166 et

427 4212 606 4260 metus
659 4205 806 4273 quasi
856 4221 1023 4275 puero
1075 4207 1392 4277 pmdagogus
1443 4209 1630 4273 adest,
1682 4208 1746 4261 ad
1807 4207 2001 4263 decora

424 4297 603 4349 munia
631 4297 776 4350 illmn
805 4298 1108 4352 instituens.
1143 4299 1248 4353 Sed
1277 4300 1320 4353 si
1347 4300 1424 4354 vis
1453 4300 1644 4353 iterum
1671 4299 1857 4354 eadem
1885 4299 2000 4354 loca

425 4389 525 4439 alia
560 4388 765 4443 ratione
795 4390 1155 4459 exploremus.
1202 4391 1405 4445 Vellem
1434 4406 1746 4445 occurreres
1783 4392 1899 4446 viro
1924 4408 1994 4445 ex

423 4479 637 4533 theatro
673 4482 938 4549 venienti,
968 4493 1022 4538 et
1044 4484 1132 4537 alii
1165 4484 1394 4552 cuipiam
1426 4500 1456 4538 e
1493 4499 1708 4539 carcere
1735 4485 1946 4538 exeunti
1981 4503 1993 4537 :

422 4571 743 4642 videresque
791 4573 931 4627 illius
978 4577 1207 4628 animam
1254 4574 1644 4641 fastidientcm,
1687 4575 1993 4641 turbatam,

422 4679 545 4715 rere
569 4664 799 4717 vinctam
820 4680 834 4729 ;
860 4664 1017 4731 hujus
1037 4680 1164 4719 vero
1184 4667 1437 4735 quietam,
1465 4665 1690 4720 solutam
1713 4707 1726 4729 ,
1751 4667 1991 4720 liberam.

426 4753 516 4807 lllc
547 4771 774 4824 namque
806 4771 869 4809 ex
915 4755 1124 4810 theatro
1150 4757 1383 4821 recedit,
1414 4758 1581 4811 oculis
1607 4767 1792 4825 captus
1839 4758 1992 4812 thea-

431 4846 631 4899 tralium
671 4863 854 4903 amore
893 4849 1212 4915 mulierum,
1263 4849 1405 4903 ferro
1435 4849 1736 4903 durioribus
1765 4849 1991 4903 vinculis

428 4938 739 4994 constrictus
763 4982 778 5006 ,
813 4941 862 4994 id
915 4952 1029 5005 est,
1076 4941 1208 4997 locis
1251 4943 1413 5012 ipsis,
1457 4943 1670 5007 verbis,
1708 4943 1943 5012 gestibus
1975 4959 1988 4995 :

424 5027 514 5094 qui
547 5036 712 5082 autem
739 5046 770 5085 e
791 5045 1008 5085 carcere
1037 5031 1179 5096 exit,
1209 5032 1455 5087 οιιιιιὶιηιε
1483 5033 1688 5087 solutus
1708 5075 1720 5093 .
1753 5047 1856 5087 non
1881 5033 1988 5101 jam

417 5135 480 5175 se
512 5130 659 5188 putat
684 5124 949 5194 quidpiam
983 5126 1122 5196 pati,
1154 5143 1247 5181 sua
1285 5141 1402 5180 cum
1430 5127 1619 5180 alienis
1648 5142 1985 5197 comparans.

411 5211 570 5282 Quod
608 5230 710 5270 non
751 5219 962 5273 vinctus
1005 5220 1106 5284 sit,
1154 5219 1206 5272 id
1253 5236 1349 5290 pro
1392 5220 1560 5290 gratia
1608 5221 1857 5286 habebit,
1905 5236 1989 5276 res

413 5303 674 5362 luunanas
698 5308 958 5379 deSpiciet
977 5352 991 5375 ,
1024 5311 1218 5365 divites
1245 5313 1440 5366 multos
1470 5314 1657 5367 videns
1683 5314 1736 5367 in
1765 5313 1990 5367 calami-

409 5399 648 5467 tatibus,
679 5404 770 5473 qui
813 5419 933 5458 eum
982 5405 1146 5459 multa
1192 5421 1488 5476 magnaque
1537 5407 1776 5476 possint,
1830 5407 1986 5460 isthic

405 5492 638 5563 ligantur
662 5514 674 5548 :
706 5497 912 5553 etiamsi
941 5497 1067 5569 quid
1096 5497 1290 5568 injuste
1316 5499 1581 5569 patiatur,
1611 5499 1662 5554 id
1692 5501 1938 5555 tolerabit
1967 5518 1982 5555 :

1437 397 1503 453 IN
1539 397 1718 453 ACTA
1756 394 2279 453 APOSTOLOIIUM.
2323 401 2551 460 IlOIrIII...
2594 407 2754 465 XLII.

3652 426 3770 484 3L2

2163 512 2384 584 hujusce
2410 533 2637 591 namque
2666 525 2742 578 rei
2773 527 2938 581 multa
2966 529 3126 586 habet
3159 536 3402 605 exempla
3431 556 3443 591 :
3477 545 3734 598 memoria

2155 617 2376 685 repetet
2400 611 2634 668 futurum
2657 614 2919 684 judicium
2940 661 2955 685 ,
2992 630 3047 675 et
3084 623 3432 683 cxhorrescct
3453 671 3468 693 ,
3495 631 3621 685 dum
3659 633 3746 687 illa

2165 695 2279 750 loca
2323 702 2592 770 respiciet.
2637 704 2787 760 Sicut
2819 709 2961 763 enim
2995 710 3082 765 hic
3125 714 3177 769 in
3215 731 3430 774 carcere
3473 719 3745 783 inclusus.

2164 787 2307 878 mitis
2335 805 2460 860 erga
2489 808 2678 849 omnes
2701 805 2784 852 est
2808 816 2821 851 :
2849 800 2930 854 sic
2959 809 3013 855 et
3037 803 3113 856 illi
3143 816 3267 860 ante
3292 807 3550 875 judicium
3575 852 3591 878 ,
3621 825 3745 867 ante

2162 876 2392 976 futuram
2446 885 2591 939 illam
2623 886 2764 942 diem
2787 930 2800 953 ,
2829 905 2954 976 erga
2983 887 3238 961 uxorem,
3266 914 3389 969 erga
3417 876 3585 969 ﬁlios,
3617 921 3738 974 erga

2160 968 2482 1028 domesticos
2513 986 2671 1031 erunt
2716 968 3127 1038 mansuetiores.
3159 986 3263 1041 Sed
3304 968 3346 1042 a7
3381 968 3592 1046 theatro
3632 968 3738 1049 non

2159 1061 2236 1115 sic
2265 1074 2644 1136 revertuntur;
2673 1071 2764 1126 sed
2792 1073 2872 1127 vir
2899 1074 3239 1144 injucundins
3263 1081 3462 1137 videbit
3491 1101 3736 1151 uxorem,

2156 1151 2320 1246 durus
2347 1159 2448 1212 erit
2471 1176 2593 1231 erga
2617 1162 2942 1222 domesticos
2962 1211 2975 1233 ,
3004 1186 3126 1241 erga
3154 1173 3291 1228 ﬁlios
3323 1191 3481 1246 asper
3499 1219 3516 1244 ,
3549 1178 3739 1234 effera-

2156 1245 2300 1302 bitur
2325 1251 2581 1311 adversus
2623 1273 2830 1314 omnes.
2864 1261 3051 1332 Magna
3085 1267 3221 1319 mala
3249 1245 3552 1326 civitatibus
3582 1269 3736 1328 theti-

2157 1347 2234 1390 tra
2266 1345 2510 1416 pariunt;
2559 1363 2746 1417 magna
2769 1393 2784 1412 ,
2820 1368 2919 1406 nec
2973 1356 3170 1410 scimus
3201 1369 3420 1428 quanta.
3473 1363 3526 1418 Si
3553 1375 3729 1420 autem

2153 1443 2258 1481 non
2293 1431 2587 1502 fatigamini
2611 1478 2625 1502 ,
2654 1441 3022 1498 examinemus
3071 1446 3158 1499 illa
3190 1449 3330 1504 risus
3359 1452 3473 1506 loca
3497 1494 3513 1518 ,
3545 1457 3725 1510 convi-

2151 1523 2233 1615 via
2266 1523 2385 1580 dico
2408 1569 2424 1594 ,
2457 1529 2545 1583 ubi
2573 1533 2788 1598 parasiti
2825 1545 2879 1588 et
2908 1537 3216 1595 adulatores
3247 1551 3301 1596 et
3339 1560 3545 1615 magna:
3591 1549 3733 1604 deli—

2147 1613 2244 1666 cite
2267 1632 2280 1679 ;
2307 1626 2359 1670 ct
2387 1619 2500 1672 loca
2530 1621 2632 1676 alia
2653 1663 2668 1690 ,
2696 1625 2782 1679 ubi
2815 1627 2988 1682 claudi
3017 1640 3071 1684 et
3097 1634 3287 1687 mutili.
3320 1613 3690 1697 fllie'ebrietas
3711 1687 3723 1704 .

2147 1705 2352 1760 dclicim
2374 1751 2387 1767 .
2433 1711 2658 1779 effusio;
2692 1715 2778 1769 hic
2805 1733 2931 1772 vero
2959 1725 3248 1777 contraria.
3284 1724 3418 1782 Vide
3448 1737 3502 1782 et
3530 1731 3579 1783 in
3611 1748 3730 1786 cor-

2147 1810 2276 1892 pore
2296 1839 2311 1863 ,
2341 1802 2555 1869 quando
2605 1805 2797 1875 pingue
2834 1820 2888 1863 et
2917 1823 3162 1882 vegetum
3194 1827 3271 1870 est
3301 1859 3316 1884 ,
3349 1829 3473 1874 tunc
3502 1823 3728 1892 celerius

2143 1887 2197 1942 in
2240 1891 2480 1945 morbum
2524 1895 2697 1961 cadit;
2745 1914 2866 1953 cum
2913 1917 3041 1957 vero
3084 1907 3397 1977 castigatum
3445 1887 3561 1976 esti,
3617 1931 3721 1968 non

2144 1977 2289 2032 item.
2319 1979 2389 2036 Ut
2417 1993 2590 2038 autem
2623 1987 2672 2039 id
2699 1990 2847 2044 vobis
2877 1992 3072 2048 clarius
3096 1997 3358 2066 explicem
3387 2041 3402 2067 ,
3435 2002 3503 2056 sit
3529 2021 3720 2076 corpus

2141 2073 2400 2141 sanguine
2449 2085 2504 2129 et
2546 2079 2796 2134 carnibus
2840 2081 2975 2137 bene
3020 2085 3337 2143 instructum
3384 2107 3445 2145 ac
3488 2073 3716 2163 vigoris:

2140 2162 2240 2218 hoc
2270 2166 2352 2219 vel
2395 2183 2460 2222 ex
2489 2170 2593 2223 levi
2639 2172 2758 2225 cibo
2791 2176 2988 2242 poterit
3031 2177 3083 2230 in
3129 2177 3318 2234 febrim
3364 2162 3602 2241 incidere
3626 2229 3640 2251 ,
3673 2189 3725 2242 si'

2136 2256 2349 2325 quidem
2375 2259 2428 2312 in
2454 2261 2562 2314 otio
2584 2262 2671 2316 sit.
2707 2262 2788 2318 Sit
2809 2272 2863 2319 et
2891 2265 3031 2320 aliud
3055 2310 3070 2334 ,
3099 2270 3239 2340 quod
3268 2286 3387 2325 cum
3417 2272 3560 2330 fame
3585 2292 3714 2331 con-

2099 2357 2305 2410 ,eertet
2347 2359 2402 2404 et
2449 2354 2740 2408 aerumnis:
2789 2355 2919 2410 illud
2969 2357 3038 2411 ab
3082 2361 3398 2429 a'gritudine
3446 2365 3716 2424 difﬁcilius

2132 2443 2342 2510 capitur
2367 2451 2422 2496 et
2451 2453 2755 2513 superatur.
2782 2446 3009 2518 Sanguis
3034 2451 3158 2506 licet
3183 2467 3347 2509 sanus
3373 2457 3441 2510 sit
3461 2457 3514 2512 in
3537 2460 3711 2524 nobis,

2130 2547 2195 2585 ex
2227 2533 2577 2590 redundantia
2626 2551 2770 2608 smpe
2811 2541 3030 2596 morbos
3062 2546 3299 2612 peperit;
3341 2547 3384 2600 si
3431 2558 3608 2604 autem
3643 2554 3713 2606 sit

2129 2624 2371 2680 modicus
2392 2669 2407 2692 ,
2439 2643 2539 2682 nec
2568 2637 2745 2685 tamen
2776 2645 2960 2696 sanus,
2996 2632 3149 2688 facile
3178 2638 3352 2690 curari
3388 2649 3582 2705 potest.
3622 2641 3711 2696 Sic

2128 2725 2183 2771 et
2225 2717 2292 2771 de
2339 2718 2512 2771 anima
2543 2719 2865 2775 dicendum:
2899 2738 3017 2792 quze
3063 2726 3114 2777 in
3161 2727 3271 2778 otio
3319 2738 3371 2781 et
3421 2730 3470 2780 in
3503 2729 3710 2785 deliciis

2125 2818 2240 2872 cst,
2287 2809 2352 2862 ad
2399 2820 2615 2879 peccata
2662 2813 2915 2883 proclivis
2963 2815 3174 2870 fertur:
3219 2834 3341 2870 nam
3389 2824 3711 2891 arrogantim

2124 2901 2297 2958 vicina
2355 2915 2470 2971 est,
2516 2906 2812 2976 voluptati,
2859 2924 3009 2965 vana:
3063 2913 3284 2981 glorizc,
3317 2914 3568 2982 invidia},
3619 2918 3704 2971 in-

2124 2995 2274 3049 sidiis
2295 3038 2310 3061 ,
2344 2998 2707 3067 sycophantiis
2740 3019 2752 3054 :
2785 3010 2840 3055 at
2868 3017 2972 3056 non
3000 3018 3061 3057 ea
3083 3046 3096 3065 ,
3131 3021 3249 3070 qua:
3276 3006 3328 3059 in
3371 3009 3625 3063 arumnis
3651 3021 3704 3065 et

2123 3088 2424 3160 frugalitate
2449 3091 2626 3162 degit;
2652 3093 2766 3149 haec
2791 3095 2934 3150 enim
2962 3095 3030 3150 ab
3055 3097 3117 3151 iis
3147 3099 3392 3154 omnibus
3423 3101 3701 3157 liberatur.

2123 3180 2201 3234 En
2247 3197 2404 3252 quam
2450 3184 2624 3255 ampla
2654 3193 2738 3240 est
2765 3195 2946 3241 nostra
2986 3189 3192 3244 civitas.
3226 3189 3377 3246 Unde
3420 3192 3577 3262 igitur
3604 3209 3702 3247 na-

2120 3283 2345 3328 scuntur
2374 3275 2555 3328 mala?
2603 3292 2782 3333 nonne
2811 3293 2840 3331 a
2868 3278 3160 3336 divitibus?
3186 3297 3365 3337 annon
3396 3299 3424 3336 a
3457 3283 3696 3353 gauden-

2120 3369 2300 3423 tibus?
2331 3369 2557 3436 Quinam
2588 3370 2655 3425 ad
2681 3372 2964 3428 tribunalia
2995 3373 3249 3441 trahunt,
3284 3375 3500 3446 quinam
3526 3375 3694 3432 faculo

2119 3469 2254 3514 tates
2299 3460 2639 3530 dilapidant?
2687 3479 2755 3516 an
2797 3464 2980 3518 miseri
3009 3474 3062 3520 et
3105 3465 3336 3536 abjecti,
3385 3481 3452 3522 an
3485 3468 3559 3521 illi
3605 3471 3696 3537 qui

2117 3552 2339 3606 multum
2372 3553 2623 3607 inﬂantur
2652 3563 2706 3609 et
2729 3555 2999 3624 gaudent?
3037 3556 3120 3610 Ab
3149 3558 3324 3610 anima
3357 3559 3408 3611 in
3439 3563 3693 3614 terumnis

2116 3653 2364 3698 versante
2391 3659 2496 3697 non
2524 3652 2701 3713 potest
2724 3645 2921 3715 aliquid
2953 3647 3072 3699 mali
3105 3646 3258 3701 oriri.
3309 3647 3456 3702 Illius
3484 3649 3688 3702 lucrmn

2114 3735 2264 3788 novit
2315 3734 2546 3802 Paulus;
2593 3734 2822 3807 ideoque
2851 3736 3019 3791 dicit:
3061 3735 3345 3791 Tribulatio
3398 3741 3694 3808 patientiam

2112 3839 2382 3898 operatur,
2414 3829 2658 3900 patientia
2689 3830 3035 3900 probationem
3060 3870 3074 3895 ,
3108 3831 3338 3900 probatio
3366 3847 3483 3884 vero
3511 3848 3650 3900 spem
3673 3874 3688 3896 ,

2109 3937 2223 3990 spes
2249 3930 2418 3974 autem
2447 3938 2545 3975 non
2573 3920 2836 3991 confundit
2881 3921 2900 3992 (
2933 3919 3084 3976 Rom.
3115 3921 3167 3976 5.
3195 3922 3324 3978 3-5
3357 3921 3400 3993 ).
3442 3921 3520 3978 Ne
3565 3937 3692 3992 ergo

2109 4011 2454 4066 Concidamus
2502 4013 2556 4066 in
2603 4015 2886 4080 mrumnis,
2936 4013 3030 4069 sed
3076 4014 3128 4067 in
3174 4013 3422 4068 omnibus
3489 4015 3690 4084 gratias

2108 4120 2362 4172 agamus,
2413 4115 2470 4158 ut
2524 4104 2750 4159 multum
2799 4105 3106 4172 lucremur;
3165 4115 3223 4160 ut
3265 4106 3475 4175 probati
3521 4107 3691 4160 simus

2107 4194 2245 4262 apud
2275 4194 2442 4249 Deum
2463 4237 2476 4258 ,
2498 4196 2585 4265 qui
2614 4209 2880 4249 aerumnas
2913 4195 3188 4264 permittit.
3215 4196 3460 4265 Magnum
3499 4203 3580 4250 est
3599 4195 3682 4248 af-

2105 4285 2270 4340 ﬂictio
2296 4287 2492 4341 bonum
2519 4305 2532 4341 :
2561 4295 2616 4341 et
2643 4287 2742 4342 hoc
2766 4301 2796 4340 a
2821 4287 3003 4357 pueris
3023 4287 3222 4342 nostris
3248 4285 3540 4351 discimus;
3567 4301 3694 4339 nam

2104 4377 2224 4430 sine
2260 4378 2605 4447 castigatione
2635 4376 2766 4432 nihil
2792 4378 2923 4432 utile
2949 4392 3082 4447 puer
3103 4376 3370 4431 didicerit.
3416 4375 3524 4431 Nos
3555 4392 3686 4430 vero

2103 4467 2274 4538 magis
2296 4483 2452 4536 quam
2480 4469 2556 4522 illi
2584 4467 2874 4524 afﬂictione
2895 4483 3031 4539 opus
3051 4468 3328 4523 habemus.
3356 4467 3489 4522 Nam
3513 4469 3557 4522 si
3587 4468 3684 4534 illi,

2101 4571 2222 4612 eum
2255 4558 2417 4612 animi
2457 4567 2633 4612 motus
2660 4558 2830 4613 sedati
2861 4566 2984 4613 sunt
3003 4598 3018 4624 ,
3047 4558 3242 4612 ﬂorent
3267 4574 3282 4624 ;
3315 4558 3485 4612 multo
3511 4560 3682 4627 magis

2103 4665 2202 4704 nos
2229 4692 2246 4717 ,
2278 4665 2398 4705 cum
2441 4650 2674 4705 maxime
2724 4658 2802 4704 tot
2851 4651 3116 4719 tantisque
3159 4648 3517 4704 detineamur.
3579 4648 3685 4705 Sed

2100 4757 2200 4796 nos
2228 4743 2393 4811 magis
2442 4742 2742 4812 paedagogis
2767 4756 2986 4811 egemus
3012 4759 3026 4795 :
3051 4755 3338 4810 puerorum
3369 4740 3508 4794 enim
3553 4755 3672 4808 pec-

2099 4843 2216 4887 cata
2264 4850 2368 4887 non
2417 4842 2557 4887 tanta
2599 4842 2754 4897 sunt,
2787 4841 2967 4887 nostra
3009 4847 3138 4886 vero
3171 4842 3385 4902 peccata
3422 4833 3683 4885 maxima.

2099 4923 2424 4992 Paedagogus
2455 4933 2636 4977 noster
2675 4934 2756 4978 est
2803 4923 3037 4978 afﬂictio.
3075 4923 3153 4977 Ne
3181 4924 3358 4992 itaque
3401 4922 3544 4977 illam
3593 4933 3679 4976 at-

2100 5015 2372 5067 trahamus
2393 5056 2408 5080 ,
2435 5023 2487 5069 et
2517 5023 2834 5084 praesentem
2860 5015 3066 5068 fortiter
3091 5015 3328 5068 feramus
3347 5053 3364 5081 ,
3387 5028 3507 5083 qua:
3530 5029 3674 5068 sem-

2097 5122 2192 5176 per
2234 5115 2316 5160 cst
2353 5107 2754 5160 innumerorum
2804 5121 2962 5158 causa
3020 5107 3321 5168 bonorum;
3369 5113 3430 5158 ut
3477 5113 3532 5158 et
3583 5104 3676 5160 Dei

2094 5197 2263 5264 gratia
2297 5197 2571 5263 fruamur,
2598 5206 2652 5251 et
2695 5197 2850 5250 bonis
2879 5212 2998 5265 qua:
3028 5197 3258 5262 reposita
3299 5203 3424 5248 sunt
3453 5193 3549 5258 iis,
3581 5194 3677 5260 qui.

2095 5288 2320 5359 diligunt
2350 5289 2498 5342 illum
2523 5329 2538 5352 ,
2567 5288 2618 5342 in
2646 5289 2864 5343 Christo
2889 5288 3016 5342 Jesu
3049 5290 3274 5342 Domino
3301 5293 3484 5339 nostro
3506 5327 3521 5350 ,
3553 5287 3674 5351 qui-

2093 5393 2218 5433 cum
2273 5380 2419 5433 I’atri
2472 5389 2526 5433 ct
2573 5378 2795 5448 Spiritui
2847 5389 3070 5443 sancto,
3113 5379 3318 5446 gloria,
3351 5377 3672 5442 imperium,

2096 5469 2268 5524 honor
2295 5513 2310 5530 .
2344 5488 2484 5527 num;
2518 5480 2573 5529 et
2610 5487 2854 5542 semper,
2899 5480 2953 5525 et
2997 5471 3049 5524 in
3093 5470 3286 5523 sa-cula
3328 5467 3676 5522 saaculorunt.

2091 5562 2259 5619 Amen
2270 5606 2281 5617 .
