4112 6444
401 395 509 452 303

1137 385 1194 440 S.
1234 382 1511 440 JOANNIS
1547 379 2018 438 CllliYSOSTOMl
2057 379 2376 438 ARClﬂEP.
2416 383 2945 443 CONSTANTINOP.

3575 397 3687 457 δοι

952 512 3660 546 mm

1741 587 2094 650 HOMILIA
2137 589 2364 652 XLIII.

401 735 530 792 CAP.
555 731 647 789 20.
677 746 730 787 ν.
761 731 814 786 1.
858 727 1133 798 Postquam
1161 731 1328 777 autent
1357 718 1566 774 cessavit
1596 715 1866 781 tumultus,
1895 729 1984 766 ro-

470 824 598 882 catis
627 822 825 878 Paulus
856 818 1123 891 discipulis
1164 815 1323 885 iisque
1350 811 1600 875 salutatis,
1636 807 1892 880 profectus
1918 813 1990 860 est

471 929 528 972 ut
557 919 648 972 iret
668 915 722 969 in
754 911 1133 968 Macedoniam.

473 1011 527 1064 1.
568 1006 730 1062 Multa
771 1019 906 1074 opus
945 1009 1059 1056 erat
1093 996 1462 1053 consolatione
1502 1003 1621 1064 post
1659 1001 1862 1045 tantum
1907 998 1991 1044 tu-

404 1104 652 1158 multum.
693 1099 804 1152 lloc
837 1095 923 1150 ille
952 1102 1134 1156 curat,
1167 1101 1220 1146 et
1251 1098 1307 1144 ut
1334 1087 1628 1156 discipulos
1660 1084 1989 1148 consoletur,

405 1197 597 1266 migrat
625 1193 679 1246 in
706 1187 1068 1244 Macedoniam
1093 1223 1110 1250 ,
1142 1180 1337 1238 deinde
1366 1183 1419 1234 in
1446 1176 1725 1234 Graeciam.
1756 1176 1826 1230 Et
1850 1173 1991 1246 quod

403 1288 626 1342 multum
667 1283 786 1337 illos
824 1277 1128 1334 consolatus
1153 1275 1242 1340 sit,
1267 1273 1412 1328 audi.
1440 1272 1496 1326 9..
1531 1269 1654 1324 Cum
1680 1279 1846 1322 autem
1873 1284 1992 1337 per-

403 1378 708 1433 ambulasset
734 1383 904 1446 partes
929 1370 1068 1436 illas,
1096 1378 1145 1424 et
1175 1368 1469 1421 exhortatus
1500 1365 1676 1434 fuisset
1710 1378 1794 1415 eos
1833 1364 1992 1412 multo

402 1485 651 1533 sermone,
679 1467 814 1522 venit
849 1465 902 1518 in
931 1462 1204 1518 Gra‘ciam.
1237 1460 1291 1514 '5.
1321 1457 1387 1512 Et
1413 1474 1527 1510 cum
1553 1457 1621 1510 ibi
1651 1456 1826 1526 fuisset
1853 1469 1994 1505 men-

402 1563 540 1618 sibus
571 1560 759 1623 tribus,
801 1574 914 1612 cum
956 1563 1118 1610 essent
1147 1553 1228 1606 illi
1261 1560 1464 1605 structte
1506 1548 1707 1602 insidia:
1731 1563 1763 1599 a
1795 1543 1994 1599 Indicis

407 1655 703 1724 navigatura
741 1652 793 1704 in
827 1647 1032 1720 Syriam
1056 1688 1070 1710 ,
1101 1642 1374 1698 consilium
1413 1641 1555 1704 iniit,
1585 1649 1639 1692 ut
1669 1645 1995 1692 reverteretur

408 1763 496 1816 per
523 1742 902 1798 Macedoniam.
931 1739 984 1792 4.
1015 1735 1292 1791 Comitatus
1322 1742 1394 1787 est
1423 1741 1591 1786 autem
1621 1747 1735 1784 eum
1759 1744 1914 1795 usque
1941 1727 1994 1778 in

404 1839 578 1893 Asiam
606 1835 828 1904 Sopater
854 1830 1152 1893 Beraeensis,
1185 1826 1714 1882 Thessalonicensium
1740 1839 1854 1877 vero
1873 1821 1993 1874 Ari-

404 1929 635 1982 starchus
675 1937 720 1981 et
759 1923 1028 1980 Secundus
1063 1931 1109 1975 et
1141 1919 1304 1990 Gajus
1333 1918 1572 1972 Derbazus
1598 1926 1646 1970 et
1675 1913 1991 1978 Timotheus,

403 2021 583 2078 Asiani
613 2036 726 2074 vero
758 2016 1010 2088 Tychicus
1037 2024 1084 2067 et
1109 2011 1442 2080 Trophimus.
1470 2012 1524 2064 5.
1553 2007 1623 2062 Hi
1649 2025 1760 2061 cum
1783 2022 1996 2077 princes-

402 2116 604 2179 sissent,
628 2127 719 2165 nos
761 2114 1116 2177 exspectaruttt
1144 2105 1196 2158 in
1223 2101 1439 2157 Troade.
1472 2102 1675 2155 Rursus
1699 2114 1995 2169 persequu-

405 2208 605 2260 tioaem
653 2206 850 2276 patitur
893 2219 921 2255 a
968 2199 1206 2265 Judzcis,
1239 2207 1288 2251 et
1334 2196 1481 2249 venit
1511 2195 1563 2248 in
1607 2191 1993 2246 Elaeedoniam.

406 2296 688 2366 Quomodo
726 2307 902 2350 autem
941 2291 1286 2348 Timotheum
1332 2287 1867 2344 Thessalonicensem
1910 2282 1993 2336 di-

406 2392 522 2444 cit?
555 2389 670 2444 Non
703 2388 808 2442 hoc
831 2386 962 2440 dicit
992 2400 1007 2449 ;
1040 2383 1158 2448 sed,
1187 2382 1272 2446 lli,
1303 2379 1493 2451 inquit,
1526 2384 1918 2448 praecesserunt
1943 2375 1994 2427 in

410 2481 713 2544 Troadem,
774 2479 912 2532 viam
944 2477 1020 2530 illi
1046 2482 1316 2544 parantes.
1354 2471 1406 2526 6.
1447 2468 1560 2524 Nos
1591 2485 1706 2523 vero
1733 2463 1993 2538 navigavi-

408 2592 523 2627 mus
560 2583 669 2642 post
712 2572 821 2625 dies
861 2571 1166 2639 Azymorum
1205 2582 1237 2618 a
1268 2563 1559 2633 Philippis,
1602 2570 1650 2615 et
1678 2561 1900 2615 venimus
1930 2559 1998 2612 ad

407 2685 490 2722 eos
531 2665 784 2721 Troadem
828 2664 881 2717 in
919 2662 1094 2716 diebus
1126 2661 1378 2731 quinque,
1421 2655 1506 2710 ubi
1538 2655 1788 2710 demorati
1824 2670 1996 2709 sumus

406 2759 580 2812 diebus
624 2766 834 2826 septem.
883 2754 1015 2808 Nam
1061 2752 1271 2806 videtur
1311 2749 1440 2804 mihi
1481 2748 1630 2802 illum
1673 2747 1790 2802 dies
1832 2745 1998 2800 festos

409 2848 706 2917 transigere
733 2846 1004 2900 curavisse
1046 2843 1097 2896 in
1132 2841 1338 2912 magnis
1377 2839 1618 2895 urbibus.
1664 2837 1704 2891 A
1736 2836 1998 2908 Philippis

408 2943 641 3012 navigat,
666 2940 753 2994 ubi
776 2954 865 2994 res
888 2939 973 2992 illa
1005 2939 1147 2991 circa
1167 2949 1439 2989 carcerem
1466 2931 1786 3001 contigerat.
1816 2929 1996 2985 Tertia

409 3045 589 3087 autem
617 3031 737 3085 vice
769 3032 818 3083 in
849 3027 1214 3083 Macedoniam
1263 3023 1439 3090 venit,
1471 3033 1524 3078 et
1552 3023 1778 3076 multum
1811 3020 2000 3076 testiﬁ-

408 3133 563 3176 catur
602 3121 670 3176 dc
713 3117 1191 3189 Philippensibus;
1240 3114 1468 3184 ideoque
1515 3112 1624 3168 illic
1668 3112 1998 3167 demoratur.

410 3218 466 3271 Ἰ.
499 3214 619 3271 Una
644 3223 811 3268 autem
835 3213 1179 3276 sabbatorum,
1203 3226 1319 3263 cum
1341 3207 1745 3261 convenissemus
1770 3205 1838 3258 ad
1859 3207 2004 3276 {rau-

410 3307 632 3378 gendum
668 3322 870 3378 panem,
904 3303 1100 3356 Paulus
1143 3300 1435 3370 disputabat
1492 3317 1608 3353 cum
1641 3301 1711 3353 eis
1739 3303 2000 3370 profectu-

409 3417 500 3456 rus
526 3417 545 3466 ;
574 3400 923 3470 protraxitque
953 3398 1234 3451 sermonem
1258 3410 1417 3465 usque
1452 3394 1504 3446 in
1532 3392 1751 3446 mediam
1783 3404 1999 3445 noctem.

413 3491 550 3545 Vide
590 3488 858 3560 quomodo
897 3487 1075 3541 omnia
1121 3484 1571 3556 poSIbaberentur
1603 3482 1994 3553 prmdicationi.

413 3583 731 3638 Pentecoste
765 3589 894 3635 tunc
940 3590 1090 3645 erat,
1123 3587 1179 3633 et
1225 3577 1339 3632 dies
1391 3575 1666 3631 Dominica
1698 3592 1712 3641 ;
1758 3575 1847 3630 ille
1874 3563 2002 3629 vero

412 3690 582 3744 usque
607 3674 673 3728 ad
696 3673 867 3728 noctis
886 3671 1166 3726 dimidium
1195 3684 1498 3724 sermonem
1529 3668 1832 3739 protraxit;
1867 3667 2003 3723 adeo

414 3767 798 3835 discipulorum
834 3765 1064 3820 salutem
1094 3761 1372 3832 cupiebat,
1408 3773 1464 3815 ut
1500 3777 1567 3815 ne
1599 3772 1758 3816 noctu
1786 3761 2002 3833 quidem

418 3869 657 3920 taceret;
688 3858 801 3912 imo
828 3867 952 3911 tunc
987 3856 1155 3923 magis
1184 3857 1497 3918 dissereret,
1532 3853 1672 3923 quod
1699 3855 1851 3925 quies
1881 3864 2006 3908 tunc

414 3960 582 4006 esset.
606 3951 735 4005 Vide
752 3964 908 4022 quam
931 3949 1155 4004 multum
1176 3948 1486 4014 dissereret,
1508 3947 1667 4001 etiam
1691 3957 1811 4016 post
1833 3947 2004 4018 ipsum

416 4058 586 4100 cautae
616 4054 842 4112 tempus.
872 4041 976 4098 Sed
1007 4041 1202 4096 festum
1243 4040 1477 4095 turbavit
1502 4039 1764 4104 diabolus,
1793 4055 1893 4094 nec
1923 4049 2004 4093 ta-

418 4151 540 4190 men
573 4135 872 4204 praevaluit,
905 4149 1025 4189 cum
1059 4125 1354 4187 auditorem
1389 4132 1441 4186 in
1470 4145 1718 4185 somnum
1746 4130 2006 4186 demersit

417 4239 474 4285 et
498 4229 694 4298 deiecit
727 4247 739 4282 ε
773 4226 915 4298 quod
939 4235 996 4281 ut
1020 4225 1324 4296 contigerit,
1349 4225 1426 4280 sic
1451 4234 1665 4280 enarrat
1694 4223 1965 4296 pergendo
1990 4243 2004 4279 :

417 4322 470 4377 8.
510 4321 677 4376 Erant
697 4330 862 4373 autent
880 4319 1142 4390 lampades
1162 4319 1380 4388 capiosa.’
1399 4319 1451 4372 in
1475 4317 1751 4382 caenaculo,
1787 4316 1871 4371 ubi
1896 4334 2008 4371 era-

419 4430 532 4467 mus
556 4415 865 4483 congregati.
893 4413 945 4467 9.
972 4411 1164 4466 Sedens
1186 4421 1356 4464 autem
1375 4409 1581 4481 quidam
1601 4410 1892 4463 adolescens
1917 4426 2008 4462 no-

420 4507 555 4562 mine
580 4505 843 4576 Eutychus
871 4521 1022 4575 super
1048 4504 1339 4573 fenestram,
1363 4518 1478 4555 cum
1507 4511 1810 4572 mergeretur
1832 4517 2008 4555 somno

420 4601 562 4673 gravi
581 4641 596 4664 ,
629 4599 917 4669 disputante
951 4598 1041 4651 diu
1071 4596 1270 4662 Paulo,
1311 4595 1492 4649 ductus
1529 4612 1703 4648 somno
1744 4594 1921 4649 cecidit
1949 4597 2010 4647 de

423 4693 568 4749 tertio
592 4692 857 4747 caenaculo
886 4691 1154 4755 deorsum,
1185 4699 1232 4742 et
1261 4688 1486 4743 sublatus
1531 4697 1605 4741 est
1638 4697 1883 4740 mortuus.
1918 4685 2005 4740 10.

422 4786 551 4839 Cum
579 4785 912 4840 descendisset
947 4783 1161 4847 Paulus,
1191 4783 1416 4836 incubuit
1443 4799 1596 4850 super
1625 4799 1772 4844 eum,
1801 4791 1848 4833 et
1874 4797 2011 4834 cont-

423 4879 600 4950 plexus
629 4877 758 4930 dixit
789 4893 806 4931 :
846 4875 1019 4929 Nolite
1045 4875 1238 4928 turbari
1259 4892 1276 4938 ;
1306 4877 1477 4926 animo
1506 4874 1637 4926 enim
1671 4874 1781 4941 ejus
1818 4873 1871 4925 in
1900 4871 2012 4939 ipso

421 4979 518 5024 est.
537 4969 624 5023 11.
649 4967 934 5022 Ascendens
954 4975 1141 5032 autent,
1163 4971 1496 5037 [tangensque
1515 4981 1697 5034 panem
1716 4973 1760 5016 et
1776 4973 2016 5034 gustans,

422 5063 642 5132 satisque
679 5060 966 5130 alloquutus
1000 5077 1157 5130 usque
1197 5061 1251 5113 in
1289 5062 1480 5123 lucem,
1525 5059 1597 5112 sic
1633 5059 1887 5129 profectus
1915 5067 2010 5113 est.

423 5155 514 5213 12.
543 5153 883 5209 Adduxerunt
916 5162 1092 5210 autent.
1116 5171 1328 5222 puerum
1364 5154 1607 5209 viventem
1627 5193 1643 5219 ,
1673 5161 1721 5205 et
1764 5151 2012 5204 consolati

423 5256 542 5302 stunt
564 5264 667 5302 non
689 5247 914 5300 minime.
930 5245 1083 5310 Vide,
1099 5261 1303 5316 qiueso,
1326 5245 1614 5310 theatrum,
1643 5251 1701 5298 ut
1726 5252 1878 5298 erant
1907 5257 2017 5296 una

423 5337 988 5408 coacti:Congrcgatis
1013 5337 1154 5390 enim
1181 5336 1474 5405 discipulis,
1518 5335 1725 5404 inquit;
1744 5336 2020 5406 etiamque

428 5433 638 5504 signum
687 5432 843 5502 quale
882 5431 1039 5486 fuerit
1079 5429 1462 5499 perpendezin
1511 5430 1743 5483 fenestra
1786 5443 2024 5498 namque-

427 5525 688 5590 sedebat,
721 5523 922 5593 inquit,
955 5531 1010 5577 et
1053 5523 1369 5591 intempesta
1413 5531 1589 5576 nocte.
1623 5521 1854 5576 Tanton:
1899 5531 2017 5576 erat

428 5615 730 5670 auditorum
766 5615 1114 5671 desiderium.
1150 5613 1538 5668 Erubescamus
1569 5627 1704 5676 nos,
1727 5613 1812 5681 qui
1844 5627 2016 5679 neque

431 5704 484 5759 in
512 5705 600 5760 die
627 5705 731 5759 hoc
760 5705 1004 5760 facimus.
1037 5703 1142 5758 Sed
1175 5703 1389 5764 Paulus,
1423 5703 1655 5772 inquies,
1685 5717 1811 5757 tum,
1839 5701 2015 5757 disse-

428 5796 601 5852 rebat.
627 5795 766 5865 Quid
793 5795 1130 5851 dicis?Nunc
1157 5811 1369 5866 quoque
1398 5795 1591 5852 Paulus
1619 5796 1835 5851 disserit
1860 5812 1874 5858 ,
1909 5794 2017 5846 imo

429 5903 559 5947 vero
580 5904 754 5959 neque
783 5899 908 5943 tunc
933 5904 1101 5959 neque
1139 5904 1283 5946 nunc
1311 5889 1523 5957 Paulus,
1553 5889 1647 5945 sed
1667 5889 1931 5951 Christus,
1966 5895 2016 5941 ct

2096 719 2254 770 nemo
2287 716 2454 772 audit.
2489 716 2604 774 Non
2632 719 2871 778 fenestra
2903 740 3044 781 nunc
3069 736 3173 795 est,
3206 744 3311 784 non
3353 730 3544 800 fames,
3575 749 3684 790 non

2091 821 2312 862 somnus
2353 810 2716 880 interturbat;
2761 825 2812 871 et
2862 824 3040 874 tamen
3083 835 3187 875 non
3233 823 3529 882 audimus:
3576 842 3684 882 non

2092 909 2176 955 est
2203 904 2441 973 angustia
2473 904 2603 972 loci,
2638 923 2742 962 non
2773 908 2916 964 aliud
2947 911 3217 983 quidpiam
3245 916 3445 973 simile.
3489 917 3673 987 Quod—

2093 1009 2198 1062 que
2222 995 2413 1049 mirum
2445 1007 2527 1050 est
2556 997 2769 1054 etiamsi
2798 1000 3111 1059 adolescens
3136 1015 3300 1074 esset,
3326 1023 3432 1064 non
3461 1018 3580 1065 erat
3607 1012 3686 1082 pi-

2094 1101 2209 1154 ger,
2225 1098 2278 1142 et
2296 1104 2482 1143 somno
2504 1101 2752 1160 gravatus
2779 1109 2884 1148 non
2911 1094 3179 1164 discessit,
3194 1114 3369 1170 neque
3389 1102 3683 1173 periculum

2095 1179 2422 1249 formidavit,
2444 1200 2510 1239 ne
2533 1184 2820 1242 laberetur.
2846 1187 2998 1257 Quod
3016 1191 3062 1244 si
3081 1190 3381 1249 dormitans
3401 1194 3682 1264 deciderit,

2096 1289 2164 1327 ne
2196 1274 2447 1343 mireris;
2490 1293 2662 1348 neque
2689 1281 2834 1336 enim
2865 1297 2930 1337 ex
2972 1283 3178 1355 ignavia
3207 1286 3561 1358 dormitabat,
3589 1291 3686 1347 sed

2096 1382 2160 1421 ex
2187 1379 2389 1422 natura:
2416 1370 2756 1428 necessitate.
2781 1373 2860 1428 Tu
2885 1391 3016 1431 vero
3041 1377 3373 1447 consideres,
3403 1381 3588 1448 velim,
3618 1383 3686 1437 ii-

2095 1457 2178 1514 los
2208 1467 2355 1514 tanto
2382 1461 2561 1515 studio
2588 1471 2764 1521 motos
2795 1464 2961 1521 fuisse
2983 1508 2998 1534 ,
3030 1477 3084 1522 ut
3113 1469 3273 1525 etiam
3304 1470 3355 1526 in
3398 1472 3556 1528 tertio
3577 1487 3688 1531 cm-

2095 1552 2290 1608 nacnlo
2327 1565 2546 1623 essent;
2587 1557 2822 1614 nondum
2874 1561 3018 1616 enim
3058 1572 3175 1618 erat
3213 1564 3462 1622 ecclesia.
3511 1565 3689 1624 Nolite

2097 1647 2310 1712 turbari,
2337 1647 2504 1719 inquit
2530 1667 2544 1718 ;
2575 1652 2744 1706 anima
2766 1655 2900 1708 enim
2926 1653 3036 1721 eius
3057 1656 3110 1710 in
3133 1656 3247 1728 ipso
3269 1669 3363 1713 est.
3390 1659 3506 1715 Non
3529 1660 3683 1726 dixit,

2096 1737 2388 1809 Resurget,
2439 1741 2709 1798 suscitabo
2748 1747 2892 1800 enim
2944 1746 3133 1814 illum;
3166 1749 3260 1804 sed
3291 1751 3469 1822 quid?
3509 1751 3688 1808 Nolite

2098 1832 2309 1884 turbari.
2340 1833 2472 1889 Vide
2509 1851 2667 1904 quam
2699 1837 2766 1892 sit
2792 1853 2821 1892 a
2850 1837 2987 1894 fastu
3019 1841 3249 1910 alienus,
3281 1859 3436 1916 quam
3459 1844 3524 1900 ad
3551 1861 3685 1901 con-

2096 1925 2376 1980 Solandum
2407 1943 2626 1996 pronus.
2656 1929 2966 2000 Ascendens,
3002 1935 3194 2005 inquit,
3227 1947 3274 1992 et
3314 1941 3554 2010 frangens
3592 1958 3687 2008 pa-

2097 2032 2208 2069 nem
2231 2028 2276 2070 et
2296 2029 2523 2088 gnstans.
2550 2020 2659 2075 lloc
2674 2039 2976 2078 sermonem
3002 2026 3378 2097 interpellavit,
3402 2047 3502 2087 nec
3526 2032 3681 2087 lassit.

2098 2106 2286 2162 Viden’
2310 2126 2477 2165 omnia:
2510 2111 2913 2184 frugalitatem?
2939 2117 3007 2172 Et
3027 2130 3237 2190 gustans
3256 2163 3272 2189 ,
3302 2123 3508 2195 inquit,
3537 2127 3686 2180 satis-

2097 2219 2194 2270 que
2214 2204 2505 2275 alloquutns
2537 2224 2689 2278 usque
2711 2209 2776 2262 ad
2797 2211 2979 2276 lucem,
3006 2213 3078 2268 sic
3106 2216 3360 2287 profectus
3379 2229 3470 2275 est.
3499 2219 3689 2276 Viden’

2098 2295 2370 2363 quomodo
2395 2309 2778 2368 pernoctarent
2800 2303 2822 2355 ?
2844 2302 3002 2359 Tales
3023 2316 3176 2361 erant
3196 2323 3417 2374 mensae,
3439 2319 3497 2365 ut
3521 2312 3685 2367 sobrii

2097 2387 2341 2458 discipuli
2368 2391 2597 2456 abirent,
2625 2403 2676 2447 et
2703 2394 2767 2448 ad
2785 2394 3109 2452 audiendum
3141 2401 3392 2470 prompti.
3426 2403 3560 2471 Quid
3585 2419 3684 2459 nos

2098 2496 2127 2534 a
2155 2482 2376 2536 canibus
2405 2482 2748 2542 differimus?
2779 2486 2964 2545 Videte
2992 2501 3248 2561 quantum
3275 2494 3345 2549 sit
3372 2494 3681 2556 discrimen.

2099 2572 2436 2628 Adduxcrunt
2462 2585 2626 2630 autent
2653 2595 2866 2648 puerum
2891 2581 3135 2637 viventem
3161 2589 3202 2651 ³,
3234 2595 3280 2639 et
3301 2585 3547 2642 consolati
3567 2599 3686 2643 sunt

2099 2681 2200 2718 non
2237 2667 2459 2722 minime.
2503 2670 2746 2740 Magnam
2787 2673 3056 2745 accipiunt
3093 2678 3537 2745 consolationem,
3575 2689 3686 2736 tum

2097 2759 2219 2828 quia
2246 2759 2421 2814 vivum
2453 2773 2794 2835 acceperunt,
2823 2776 2931 2820 tum
2962 2769 3084 2837 quia
3111 2770 3322 2840 signum
3355 2769 3552 2827 factum
3583 2783 3686 2828 est.

2102 2851 2190 2906 15.
2213 2849 2325 2906 Nos
2341 2863 2505 2909 autem
2522 2856 2844 2913 ascendentes
2865 2861 3049 2926 navim,
3071 2865 3416 2934 navigavimus
3431 2868 3483 2919 in
3501 2865 3686 2935 Asson,

2100 2945 2220 2999 inde
2259 2950 2539 3016 suscepturi
2581 2948 2806 3006 Paulum
2847 2968 2867 3006 :
2895 2956 2967 3008 sic
3009 2957 3141 3009 enint
3187 2957 3504 3029 disposuerat
3548 2961 3684 3030 ipse,

2103 3055 2194 3107 per
2217 3048 2400 3092 terram
2429 3041 2522 3095 iter
2549 3046 2796 3113 facturus.
2827 3046 2912 3100 M.
2943 3045 3069 3100 Cum
3098 3057 3265 3103 autem
3292 3052 3687 3106 convenissemns

2101 3132 2155 3185 in
2185 3131 2363 3198 Asson,
2383 3143 2643 3204 assumpto
2669 3152 2727 3190 eo
2749 3139 2970 3193 venimus
2989 3139 3288 3212 Mitylenen.
3312 3141 3468 3213 Saepe
3495 3144 3690 3200 Paulus

2103 3239 2131 3277 a
2163 3225 2438 3294 discipulis
2467 3240 2795 3300 segregatur.
2833 3231 2972 3288 Ecce
3000 3247 3233 3304 namque
3268 3235 3379 3306 jam
3409 3237 3499 3292 ille
3526 3239 3687 3307 pedes

2104 3316 2208 3372 iter
2236 3317 2382 3385 facit,
2418 3319 2493 3374 illi
2524 3336 2653 3375 vero
2689 3323 2850 3377 navi:
2884 3325 3025 3393 quod
3056 3325 3224 3381 levius
3256 3337 3372 3382 erat
3403 3329 3506 3385 illis
3526 3331 3680 3395 cedit,

2104 3409 2244 3479 quod
2276 3410 2551 3468 molestius
2570 3413 2683 3484 ipse
2700 3416 2942 3470 assumit.
2967 3417 3136 3473 Pedes
3157 3417 3289 3486 ibat,
3311 3428 3420 3475 tum
3446 3432 3502 3476 ut
3525 3420 3685 3476 multa

2103 3501 2456 3573 dispensaret,
2485 3513 2592 3558 tum
2624 3516 2680 3559 ut
2699 3506 2921 3563 doceret
2943 3509 3083 3576 illos,
3108 3527 3177 3565 ne
3202 3511 3268 3566 ab
3294 3525 3353 3568 se
3377 3528 3689 3582 separaren-

2105 3601 2209 3648 tur.
2246 3595 2331 3649 15.
2364 3595 2429 3649 Et
2459 3597 2577 3650 inde
2602 3599 2914 3670 navigantes,
2944 3603 3169 3670 sequenti
3206 3604 3289 3658 die
3311 3605 3539 3660 venimus
3564 3623 3687 3660 con-

2104 3694 2184 3739 tra
2209 3687 2390 3740 Chium
2419 3707 2437 3752 ;
2460 3692 2685 3756 sequenti
2704 3707 2819 3746 vero
2840 3695 3134 3763 appulimus
3155 3696 3391 3761 Samum,
3415 3707 3463 3752 et
3485 3716 3696 3754 manen-

2107 3790 2178 3834 tes
2205 3781 2434 3853 Tragylii
2450 3823 2465 3849 ,
2491 3784 2719 3854 sequenti
2745 3785 2827 3839 die
2853 3786 3078 3840 venimus
3110 3787 3362 3843 Miletum.
3396 3789 3531 3847 Vide
3557 3806 3692 3863 quo-

2108 3871 2268 3926 modo
2310 3873 2595 3932 festinante
2625 3875 2793 3930 Paulo
2833 3871 3090 3948 pergunt,
3119 3896 3218 3935 nec
3248 3897 3425 3936 moras
3455 3882 3694 3949 trahunt,

2107 3963 2200 4018 sed
2237 3973 2564 4034 praetereunt
2594 3965 2815 4022 insulas.
2847 3969 2934 4024 16.
2964 3969 3310 4042 Pr0posuerat
3338 3974 3472 4027 enim
3497 3973 3694 4028 Paulus

2109 4057 2489 4127 transnavigare
2531 4056 2792 4130 Ephesum
2815 4100 2832 4126 ,
2877 4070 2934 4115 ut
2963 4080 3122 4134 neque
3165 4080 3306 4117 mora
3344 4063 3426 4117 illi
3471 4075 3597 4119 esset
3639 4067 3693 4118 in

2107 4150 2248 4202 Asia.
2281 4148 2574 4205 Festinabat
2614 4161 2783 4207 autem
2821 4153 2867 4207 si
2904 4156 3139 4225 possibile
3167 4155 3263 4209 sibi
3292 4166 3438 4225 esset,
3467 4165 3524 4212 ut
3559 4156 3692 4212 diem

2110 4239 2431 4296 Pentecostes
2453 4253 2622 4314 ageret
2645 4242 2998 4318 Jerosolymis.

2179 4333 2233 4386 2.
2276 4335 2404 4402 Quae
2436 4336 2550 4390 haec
2590 4317 2904 4392 festinatio?
2937 4339 3053 4394 Non
3093 4317 3311 4410 propter
3342 4339 3558 4407 festum,
3599 4340 3694 4398 sed

2035 4483 2046 4492 ,
2111 4436 2328 4496 propter
2353 4427 2766 4485 multitudinem.
2796 4431 2964 4486 Simul
2993 4431 3209 4488 Judaios
3224 4449 3288 4489 ex
3316 4449 3382 4489 eo
3407 4434 3693 4500 alliciebat,

2110 4519 2248 4590 quod
2297 4519 2609 4577 festivitates
2649 4521 2890 4588 coleret;
2924 4525 3082 4580 simul
3122 4537 3178 4580 et
3223 4525 3470 4582 inimicos
3511 4543 3701 4596 rapere

2111 4610 2210 4664 sibi
2233 4613 2476 4682 cupiens,
2501 4611 2786 4670 festinabat
2802 4616 3022 4671 verbum
3040 4619 3384 4674 annuntiare.
3407 4619 3543 4674 Vide
3570 4635 3708 4689 ergo

2111 4717 2365 4774 quantum
2409 4705 2609 4761 factum
2647 4707 2719 4761 sit
2761 4708 3003 4775 lucrum,
3049 4710 3299 4766 omnibus
3324 4711 3696 4781 prmsentibus.

2113 4797 2261 4853 Alias
2281 4813 2426 4861 vero,
2449 4814 2517 4854 ne
2543 4798 2760 4868 Ephesii
2793 4801 3207 4871 negligerenlur,
3239 4803 3344 4855 alio
3369 4802 3699 4874 dispensavit

2114 4891 2294 4945 modo.
2323 4891 2428 4946 Sed
2451 4893 2696 4962 superius
2723 4893 2862 4948 dicta
2882 4907 3210 4964 repetamus.
3242 4896 3306 4950 Et
3327 4897 3589 4962 salutatis,
3615 4897 3699 4951 in—

2113 4984 2247 5053 quit,
2272 4984 2568 5055 discipulis,
2591 4986 2849 5056 profectus
2875 4997 2983 5054 est,
3012 5000 3068 5041 ut
3091 4990 3186 5042 iret
3213 4989 3266 5043 in
3300 4988 3656 5043 Macedoniam
3686 5030 3702 5052 ,

2114 5085 2160 5130 et
2188 5076 2488 5130 exhortatus
2515 5093 2600 5130 eos
2625 5094 2851 5131 sermone
2889 5080 3073 5146 multo,
3095 5081 3228 5133 venit
3253 5080 3306 5134 in
3335 5079 3608 5135 Graeciam.
3639 5081 3710 5135 Et-

2115 5167 2194 5221 sie
2225 5183 2437 5221 rursum
2470 5170 2764 5234 recreavit,
2811 5185 3057 5239 magnam
3089 5171 3224 5226 dans
3252 5172 3701 5226 consolationem.

2118 5257 2251 5314 Vide
2296 5259 2492 5331 ubique
2537 5259 2687 5314 illum
2746 5275 2995 5318 sermone
3052 5263 3232 5318 omnia
3289 5263 3703 5334 perﬁcientem,

2117 5368 2225 5410 non
2273 5369 2401 5408 vero
2440 5354 2626 5424 signis.
2662 5353 3059 5426 Nauigaturum,
3090 5357 3185 5420 ait,
3214 5356 3268 5410 in
3303 5356 3531 5427 Syriam.
3562 5355 3702 5410 Coa-

2119 5446 2270 5500 tinuo
2297 5445 2450 5501 nobis
2488 5447 2632 5500 illum
2665 5447 2901 5501 ostendit
2922 5447 3264 5505 festinantem
3295 5449 3350 5503 in
3378 5447 3608 5520 Syriam.
3652 5449 3714 5500 In.

2118 5556 2274 5595 causa
2302 5551 2413 5593 erat
2439 5539 2674 5595 Ecclesia
2703 5551 2757 5594 et
2783 5539 3118 5613 Jerosolyma
3141 5558 3156 5605 ;
3186 5543 3265 5596 sic
3291 5541 3626 5596 desiderabat
3654 5551 3711 5595 et

2119 5647 2236 5701 qua:
2263 5630 2370 5685 illic
2391 5641 2545 5684 erant
2565 5631 2835 5686 ordinare.
2865 5632 3033 5702 Atqui
3055 5648 3161 5688 non
3182 5648 3373 5703 magna
3400 5632 3570 5688 Troas
3593 5647 3706 5696 cSt;

2182 5831 2374 5941 thuuf,1
2375 5830 2712 5940 l{retracturum
2735 5838 2904 5884 autem
2927 5844 3142 5900 puerum
3179 5831 3410 5885 virentem
3429 5873 3442 5895 ,
3459 5833 3638 5884 desunt
3663 5836 3711 5881 in

2191 5910 2198 5939 ὶ
2241 5908 2356 5941 ιιειιι
2414 5927 2423 5938 .

2121 5907 2423 5958 quibusnam.
