4112 6420
383 405 487 463 305

376 536 476 577 cur
503 531 633 591 ergo
676 533 772 590 per
811 526 1017 588 septem
1058 514 1172 571 dies
1205 512 1313 569 illic
1342 514 1598 569 manent?
1627 511 1810 583 Magna
1838 511 1948 567 fur-

381 629 524 668 tasse
544 619 662 665 erat
694 608 986 664 secundum
1015 606 1247 661 ﬁdelium
1276 620 1574 660 numerum.
1611 604 1817 659 Etcum
1845 603 1960 658 dies

381 715 586 775 septem
610 702 683 757 ibi
704 701 1009 765 mansisset,
1034 696 1279 768 sequenti
1303 707 1512 751 noctem
1542 697 1592 751 in
1619 696 1862 750 docendo
1883 695 1957 748 in-

386 795 650 865 sumpsit:
677 793 749 846 ita
778 806 919 862 (egre
948 792 1063 859 ipse
1092 790 1159 843 ab
1201 787 1303 843 illis
1323 829 1339 855 ,
1373 788 1450 843 illi
1486 787 1555 843 ab
1590 779 1961 857 ipsd‘divelle-

385 890 594 942 bantur.
628 881 755 939 Cum
796 882 1228 947 convcnissemus,
1277 879 1482 949 inquit,
1529 877 1597 931 ad
1624 875 1959 947 frangendum

384 994 584 1050 panem.
627 977 709 1030 Ab
735 975 852 1044 ipso
883 985 1156 1043 tempore,
1195 989 1302 1043 quo
1325 973 1532 1027 esurire
1566 978 1964 1025 monstrabatur

386 1073 508 1143 (nec
537 1080 655 1124 erat
685 1067 811 1122 illud
842 1064 1324 1135 intempestivum),
1348 1078 1528 1119 sermo
1546 1073 1755 1131 emptus
1777 1072 1962 1115 exten-

384 1181 474 1217 sus
502 1174 621 1217 est:
658 1164 727 1215 ita
770 1170 826 1213 ut
866 1175 983 1213 cum
1025 1175 1128 1213 non
1168 1159 1434 1227 praecipue
1473 1156 1851 1211 convenissent
1889 1154 1958 1207 ad

384 1256 701 1313 doctrinam,
733 1252 826 1306 sed
854 1250 919 1304 ad
951 1250 1299 1320 frangendum
1325 1264 1535 1319 panem,
1566 1248 1653 1300 ubi
1680 1247 1729 1300 in
1757 1259 1961 1301 sermo-

387 1364 505 1401 nem
560 1344 778 1409 incidit,
835 1343 1130 1397 doctrinam
1186 1341 1445 1396 extendit.
1504 1339 1638 1394 Vide
1693 1337 1962 1408 quomodo

385 1453 585 1492 iuensze
608 1436 756 1491 Pauli
790 1420 977 1489 omnes
1009 1434 1292 1503 participes
1320 1439 1520 1487 essent.
1553 1430 1775 1486 Videtur
1796 1429 1959 1495 mihi,

384 1530 559 1597 ipsum
590 1527 654 1581 ad
687 1540 926 1579 mensam
956 1525 1230 1581 sedentem
1257 1524 1590 1589 disseruisse,
1623 1538 1722 1577 nos
1759 1521 1961 1577 docen-

389 1629 497 1673 tem
543 1618 623 1672 his
650 1616 822 1671 omnia
869 1632 989 1672 esse
1028 1615 1416 1686 postponenda.
1459 1613 1822 1685 Imaginamini
1861 1615 1960 1669 do-

391 1726 538 1764 mum
571 1710 740 1773 illam,
773 1708 826 1762 in
853 1723 955 1777 qua
1000 1706 1275 1776 lampades
1305 1715 1495 1771 erant,
1526 1706 1615 1760 ubi
1657 1706 1843 1770 turba,
1873 1706 1963 1761 ubi

391 1804 581 1860 Paulus
611 1803 813 1857 medius
841 1801 1165 1867 disserebat,
1197 1801 1285 1854 ubi
1316 1800 1575 1855 fenestras
1610 1801 1961 1855 multi’nccu-

387 1896 612 1965 pallam,
657 1905 713 1947 ut
740 1894 915 1947 tubam
946 1894 1089 1947 illam
1121 1892 1401 1958 audirent,
1440 1901 1496 1947 et
1522 1892 1812 1962 gratiosum
1843 1891 1963 1945 vnl-

383 1997 494 2039 tum
522 1986 860 2053 inspicerent.
895 1984 1090 2053 Quales
1118 1984 1282 2039 fuisse
1311 1984 1602 2049 auditores,
1633 1993 1685 2037 et
1712 1992 1963 2053 quantam

383 2077 505 2131 hinc
554 2076 827 2146 accepisse
885 2076 1211 2144 voluptatem
1270 2075 1453 2144 putas?
1500 2072 1607 2128 Cur
1637 2083 1816 2128 autem
1868 2089 1964 2129 no-

383 2178 466 2223 ctu
505 2167 844 2222 diSserebat?
882 2168 1012 2233 Quia
1054 2169 1376 2235 migraturus
1414 2176 1567 2233 erat,
1593 2176 1646 2220 et
1675 2181 1781 2220 non
1828 2166 1963 2220 ultra

386 2260 555 2327 ipsum
587 2260 754 2312 visuri
781 2267 937 2312 erant
965 2275 976 2309 :
1012 2273 1196 2312 verum
1229 2257 1331 2312 huc
1358 2273 1465 2311 non
1497 2258 1636 2322 illis,
1670 2266 1858 2327 utpote
1886 2258 1965 2312 in-

385 2350 731 2415 ﬁrmioribus,
762 2350 909 2413 dicit,
941 2350 1031 2403 sed
1059 2351 1177 2404 aliis
1203 2349 1436 2408 dicebat.
1463 2348 1600 2417 Quin
1619 2360 1673 2403 et
1698 2358 1965 2418 patratum

383 2443 696 2497 miraculum
739 2441 789 2495 id
835 2441 1132 2506 efﬁciebat,
1164 2451 1220 2495 ut
1244 2456 1458 2510 semper
1485 2442 1656 2495 noctis
1683 2440 1824 2495 illius
1850 2456 1965 2495 me-

384 2534 610 2588 moriam
640 2543 938 2588 servarent.
983 2532 1170 2603 Magna
1198 2532 1499 2586 auditorum
1527 2532 1770 2601 voluptas
1792 2572 1806 2596 ,
1845 2546 1965 2602 quae

384 2625 543 2680 etiam
585 2624 934 2678 interturbata
980 2624 1146 2694 magis
1180 2623 1400 2677 adaucta
1443 2622 1570 2688 fuit;
1601 2632 1760 2694 atque
1792 2623 1863 2678 ita
1912 2624 1964 2677 in

383 2716 621 2771 ductoris
639 2717 868 2787 gratiam
890 2731 1044 2771 casus
1067 2715 1155 2770 ille
1175 2715 1373 2769 evenit.
1399 2715 1648 2786 Alioquin
1672 2730 1799 2770 vero
1817 2715 1968 2786 igua-

387 2823 483 2862 vos
508 2823 696 2862 omnes
722 2807 813 2861 ille
840 2806 1211 2875 increpaturus
1238 2815 1373 2870 erat,
1405 2805 1495 2876 qui
1522 2814 1762 2860 mortuus
1785 2816 1888 2870 est,
1910 2815 1968 2861 ut

392 2899 610 2952 l’aulum
642 2898 870 2951 audiret.
902 2898 967 2952 Et
991 2914 1106 2955 cur.
1133 2897 1339 2968 inquies
1359 2939 1372 2962 ,
1406 2897 1611 2968 singula
1640 2906 1887 2952 recenset
1913 2905 1968 2951 et

388 2991 529 3046 unde
557 2991 819 3056 venerint,
850 3001 903 3045 et
929 3005 1036 3060 quo
1067 2989 1364 3060 migrarint,
1396 2999 1451 3045 et
1474 3005 1641 3060 quare
1670 2990 1759 3046 ille
1783 2990 1967 3045 demo-

391 3094 539 3137 ratus
562 3084 661 3147 sit,
706 3098 768 3136 ac
806 3098 935 3151 quas
973 3083 1133 3138 etiam
1162 3090 1336 3152 partes
1377 3081 1870 3152 prmternavigarit?
1903 3081 1969 3137 Ut

395 3174 605 3227 interim
634 3173 980 3238 ostenderet,
1028 3172 1178 3226 illum
1209 3172 1435 3227 lentiore
1462 3186 1621 3227 cursu
1651 3172 1964 3240 navigasse,

397 3265 553 3335 idque
589 3265 817 3319 humana
843 3264 1071 3331 ratione,
1102 3274 1260 3334 atque
1283 3264 1443 3318 etiam
1475 3264 1964 3334 pmternavigasse.

392 3356 735 3425 Proposuerat
777 3356 913 3409 enim
962 3358 1387 3425 prwternavigare
1440 3353 1733 3423 Ephesum,
1777 3364 1832 3408 ut
1879 3370 1970 3407 nec

390 3465 563 3509 viora,
608 3448 809 3516 inquit,
839 3446 917 3499 illi
945 3455 1071 3499 esset
1098 3446 1153 3498 in
1179 3447 1319 3498 Asia.
1350 3444 1494 3499 Bene
1519 3462 1533 3502 :
1563 3461 1668 3498 non
1708 3444 1848 3500 enim
1876 3459 1972 3514 po-

400 3539 615 3604 tuisset,
647 3539 691 3591 si
720 3538 810 3591 illo
829 3537 1085 3602 venisset,
1114 3536 1580 3606 prieteruavigare,
1612 3536 1733 3605 quia
1765 3535 1969 3591 noluis-

397 3639 476 3682 set
494 3629 811 3684 contristare
839 3629 978 3694 illos,
1003 3629 1091 3698 qui
1119 3629 1288 3697 ipsum
1317 3626 1580 3697 precaturi
1606 3637 1757 3681 erant
1783 3636 1838 3681 ut
1858 3642 1971 3682 ma-

396 3732 561 3777 ln-ret.
596 3720 696 3774 Vel
733 3720 829 3775 hac
872 3719 940 3775 de
979 3735 1140 3775 causa
1169 3728 1350 3784 certe,
1378 3720 1460 3772 vel
1489 3719 1627 3786 quod
1673 3717 1967 3775 festinaret.

400 3812 687 3867 Festinabat
713 3814 866 3879 enim,
900 3812 1099 3882 inquit,
1130 3821 1185 3864 ut
1209 3809 1642 3879 sipossibilcesset
1670 3808 1802 3864 diem
1828 3808 1971 3865 Pen-

395 3915 600 3958 tecostes
639 3912 805 3975 ageret
846 3903 1199 3974 Jerosolymis.
1249 3902 1372 3957 Ideo
1414 3902 1571 3973 igitur
1609 3918 1825 3958 manere
1863 3918 1971 3960 non

395 4005 621 4068 poterat.
654 3994 786 4049 Vide
829 3995 973 4048 illum
1015 3995 1175 4050 etiam
1225 3993 1453 4048 humana
1484 3993 1686 4049 ratione
1726 3995 1969 4061 moveri,

394 4104 611 4157 cupere,
643 4086 918 4151 festinare,
941 4094 998 4140 et
1019 4102 1162 4155 stepe
1188 4097 1427 4158 optatum
1460 4100 1565 4139 non
1589 4084 1823 4155 assequi.
1849 4085 1973 4141 Ideo

394 4192 568 4234 autem
603 4178 717 4231 hzrc
749 4177 898 4240 fiuut,
929 4186 984 4230 ut
1023 4192 1091 4231 ne
1119 4184 1365 4246 putemus
1394 4190 1455 4230 ea
1487 4173 1649 4229 fuisse
1676 4190 1835 4244 supra
1870 4175 1972 4229 lm-

397 4286 608 4324 manam
657 4281 923 4323 naturam.
969 4267 1150 4322 Sancti
1199 4268 1395 4336 quippe
1430 4274 1485 4319 et
1529 4265 1707 4334 magni
1756 4266 1830 4320 illi
1874 4266 1971 4320 viri

392 4365 635 4435 ejusdem
667 4370 852 4425 erant,
881 4362 1034 4431 cujus
1065 4374 1194 4425 nos,
1240 4369 1478 4421 naturze;
1511 4357 1749 4429 ejusdem
1779 4359 1973 4413 volun-

396 4458 518 4511 tatis
553 4472 658 4509 non
702 4456 869 4509 item:
902 4454 1130 4524 ideoque
1171 4468 1314 4521 smpe
1353 4450 1577 4521 gratiam
1609 4451 1967 4507 attrahebant.

394 4550 528 4603 Vide
553 4564 705 4618 ergo,
737 4557 931 4617 quanta
963 4562 1057 4616 per
1079 4546 1284 4614 seipsos
1307 4546 1638 4617 provideant.
1672 4546 1795 4602 ldeo
1823 4545 1970 4600 dice-

395 4640 481 4694 bat
508 4658 519 4691 :
556 4637 641 4692 Ne
678 4638 852 4692 demus
881 4636 1210 4707 oﬂ‘ensiouem
1238 4635 1513 4690 volentibus
1545 4636 1620 4707 (2.
1645 4635 1762 4692 Cor.
1784 4637 1837 4693 6,
1868 4639 1926 4708 5)
1951 4654 1966 4705 ;

400 4740 451 4782 et
474 4747 715 4793 rursum,
766 4729 832 4783 Ut
877 4747 976 4783 non
1018 4729 1323 4798 vituperetur
1351 4728 1679 4782 ministerium
1722 4738 1969 4783 nostrum.

403 4816 535 4874 Ecce
559 4832 607 4875 et
640 4822 901 4889 inculpata
934 4820 1061 4883 vita,
1092 4832 1145 4873 et
1171 4821 1332 4874 nnulta
1366 4817 1708 4888 indulgentia.
1736 4818 1846 4874 lloc
1873 4835 1969 4890 ap-

407 4910 623 4978 pellatur
660 4912 996 4974 azconomia,
1051 4910 1103 4964 in
1136 4910 1368 4966 culmine
1409 4919 1465 4964 et
1504 4908 1717 4980 fastigio
1759 4911 1971 4966 virtutis

405 5015 552 5064 esse,
582 5012 631 5055 et
656 5003 1009 5058 humilitatem
1042 5002 1319 5077 exhibere.
1354 5002 1421 5057 Et
1445 5003 1568 5058 audi
1597 5004 1865 5074 quomodo
1892 5003 1968 5071 is,

400 5091 490 5161 qui
522 5105 775 5164 praecepta
814 5094 1011 5149 Christi
1052 5095 1489 5160 transcenderet,
1521 5098 1760 5151 omnium
1791 5104 1971 5152 tamen

399 5182 724 5240 humillimus
751 5194 916 5241 esset.
951 5185 1191 5241 Omnibus
1219 5186 1389 5240 omnia
1412 5188 1575 5258 factus
1602 5204 1747 5253 sum,
1778 5187 1968 5258 inquit,

391 5283 448 5329 ut
473 5292 641 5330 omnes
672 5276 989 5348 lucrifaciam
1017 5278 1095 5347 (l.
1124 5276 1245 5331 Cor.
1282 5276 1334 5332 9.
1375 5277 1491 5349 22).
1528 5277 1669 5333 Idem
1715 5279 1874 5334 etiam
1915 5281 1969 5334 in

388 5367 622 5435 pericula
654 5384 715 5424 se
749 5369 1003 5434 iuunisit,
1046 5378 1105 5423 ut
1127 5369 1255 5424 alibi
1284 5369 1395 5423 ait:
1422 5368 1491 5422 In
1521 5371 1760 5439 patientia
1778 5372 1967 5433 multo,

393 5460 448 5513 in
466 5458 888 5524 tribulationibus,
915 5457 976 5513 in’
993 5460 1384 5522 necessitatibus,
1414 5460 1466 5513 in
1488 5460 1756 5529 angustiis,
1783 5461 1838 5513 in
1859 5460 1971 5529 pla-

385 5549 483 5617 gis,
514 5549 570 5602 in
595 5551 879 5605 carceribus
905 5550 993 5621 (2.
1020 5549 1136 5605 Cor.
1170 5550 1224 5605 6.
1255 5551 1309 5605 4.
1343 5550 1423 5618 5).
1458 5550 1830 5621 Magnus’ttem
1854 5560 1971 5606 erat

384 5639 504 5710 ejus
524 5656 679 5695 amor
705 5657 830 5714 erga
851 5641 1142 5698 Christum.
1167 5641 1276 5696 Nisi
1298 5643 1441 5696 enim
1466 5644 1536 5697 ita
1560 5643 1764 5708 fuisset,
1788 5643 1967 5698 omnia

384 5731 657 5801 superﬂua
683 5732 858 5788 futura
883 5745 1055 5800 erant,
1079 5742 1132 5787 et
1154 5731 1599 5803 dispensationes,
1625 5742 1681 5789 et
1705 5732 1967 5804 inculpata

384 5825 493 5881 vita
515 5870 527 5880 .
563 5836 612 5881 et
648 5826 898 5895 pericula.
937 5825 1059 5893 Quis
1089 5826 1390 5895 inﬁrmatur,
1425 5824 1590 5896 inquit
1614 5866 1629 5893 ,
1662 5835 1706 5880 ct
1742 5844 1829 5900 ego
1868 5844 1964 5882 non

1332 397 1402 454 IN
1440 396 1615 453 ACTA
1659 388 2178 454 APOSTOLORUM.
2223 395 2451 453 llOMlL.
2491 392 2671 453 XLIII.

3540 396 3644 453 506

2063 512 2330 577 iulirmor?
2352 513 2466 583 quis
2492 509 2871 567 scandalizatur
2890 552 2904 577 ,
2945 521 2993 566 et
3032 528 3123 584 ego
3149 529 3248 567 non
3275 529 3394 567 uror
3422 512 3497 581 (9..
3522 511 3643 569 Cor.

2070 603 2308 672 11.29)?

2136 696 2186 750 5.
2218 697 2401 751 Omnia
2447 707 2652 767 propter
2700 700 2884 768 fratres
2941 697 3223 752 subeunda.
3261 699 3397 752 bum
3436 697 3646 752 retribu-
3684 742 3700 755 .

2067 788 2138 842 tio
2173 786 2426 854 a’i/Tcrtur,
2459 800 2671 860 augetuv
2691 788 2977 843 donum—
2998 788 3123 844 Ha'c
3149 800 3203 844 et
3222 806 3320 845 nos
3340 831 3354 855 ,
3384 791 3611 845 obsecro
3627 829 3644 853 ,

2065 880 2227 934 verba
2257 897 2528 935 sectemur
2548 923 2563 950 τ
2612 889 2665 938 et
2712 890 2929 951 propter
2959 882 3151 935 fratres
3180 890 3391 935 nostros
3422 881 3474 935 in
3505 881 3648 950 peri-

2065 970 2184 1022 cula
2212 986 2309 1024 nos
2334 970 2701 1039 conjiciamus.
2747 970 2871 1026 Sive
2902 969 3039 1040 ignis
3063 1012 3078 1035 ,
3109 970 3223 1024 sive
3249 969 3446 1023 ferrum
3470 970 3610 1024 adsit
3629 1011 3646 1034 ,

2069 1062 2293 1130 teipsum
2324 1065 2531 1131 conjice
2551 1103 2567 1128 ,
2601 1063 2824 1123 dilecte.
2857 1075 2913 1119 ut
2941 1063 3241 1117 membrum
3271 1071 3419 1117 tuum
3440 1072 3601 1114 eruas
3630 1076 3647 1114 :

2067 1155 2269 1222 conjice
2316 1167 2406 1222 te,
2455 1172 2521 1210 nc
2567 1157 2772 1211 timeas.
2831 1157 3133 1227 Discipulos
3175 1170 3234 1212 es
3283 1155 3516 1219 Christi,
3556 1153 3647 1223 qui

2068 1254 2285 1314 propter
2331 1245 2527 1301 fratres
2558 1262 2683 1302 suos
2722 1248 2952 1302 animam
3004 1248 3180 1316 posuit
3210 1267 3225 1303 :
3255 1244 3649 1315 condiscipulus

2067 1352 2126 1390 es
2172 1338 2340 1403 Pauli,
2371 1339 2458 1409 qui
2504 1339 2664 1392 millia
2722 1340 2826 1408 pati
2874 1339 3045 1393 voluit
3086 1352 3183 1408 pro
3231 1337 3457 1392 inimicis
3499 1345 3553 1390 et
3590 1351 3650 1391 se

2068 1425 2496 1495 impugnantibus
2516 1448 2530 1483 :
2552 1428 2668 1482 zelo
2691 1427 2943 1497 replearis
2964 1470 2977 1492 ,
3001 1428 3209 1482 imitare
3228 1427 3483 1497 Moysem.
3506 1425 3651 1481 Vidit

2068 1518 2158 1572 ille
2200 1519 2398 1586 injuste
2429 1519 2613 1574 lzcsum
2639 1529 2696 1573 et
2723 1519 2864 1572 ultus
2892 1528 2975 1573 est
3000 1535 3015 1572 :
3048 1518 3220 1589 regias
3250 1519 3471 1573 delicias
3513 1533 3648 1571 con-

2069 1611 2318 1679 tempsit,
2368 1619 2424 1665 et
2469 1622 2690 1681 propter
2735 1610 2964 1665 afﬂictos
3015 1610 3275 1681 profugus
3322 1611 3453 1674 fuit,
3488 1626 3647 1676 erro,

2066 1703 2305 1771 cognatis
2352 1700 2639 1756 destitutus
2668 1710 2724 1756 et
2761 1701 2923 1757 domo
2952 1719 2966 1756 :
2998 1703 3050 1755 in
3096 1701 3268 1756 aliena
3318 1711 3459 1756 terra
3502 1701 3650 1771 degit

2069 1768 2215 1848 tanto
2260 1805 2537 1863 tempore,
2596 1809 2695 1848 nec
2746 1797 2984 1864 seipsum
3040 1793 3419 1863 reprehendit,
3474 1768 3650 1862 neqn‘e

2066 1885 2198 1939 dixit
2229 1903 2243 1937 τ
2274 1884 2410 1950 Quid
2440 1886 2540 1940 hoc
2559 1885 2948 1955 est'tRegnum
2977 1885 3226 1955 despexi;
3256 1892 3459 1939 tantum
3484 1885 3653 1940 hono-

2066 1991 2180 2031 rem
2225 1987 2279 2033 et
2323 1978 2543 2049 gloriam
2575 1996 2590 2033 :
2620 1978 2783 2032 malui
2834 1979 2992 2033 laesos
3036 1978 3256 2044 ulcisci,
3304 1979 3463 2049 idque
3510 1980 3651 2034 Deus

2067 2066 2344 2147 despexit,
2394 2084 2565 2139 neque
2615 2070 2773 2124 modo
2823 2085 2909 2125 me
2956 2070 3007 2124 in
3057 2070 3339 2139 pristinum
3390 2070 3648 2127 honorem

2067 2175 2173 2215 non
2217 2161 2465 2227 reduxit,
2496 2160 2591 2221 sed
2619 2161 2781 2217 etiam
2826 2161 3174 2232 quadraginta
3213 2162 3368 2216 annis
3398 2161 3448 2216 in
3479 2162 3651 2217 aliena

2069 2262 2207 2307 terra
2233 2252 2388 2323 dego.
2420 2254 2561 2309 Bene
2588 2254 2793 2309 scilicet
2820 2272 2834 2308 :
2862 2269 2970 2309 non
2996 2255 3139 2310 enim
3168 2255 3470 2311 mercedem
3499 2272 3654 2311 accc-

2067 2347 2140 2416 pi.
2174 2344 2279 2400 Sed
2325 2346 2456 2400 nihil
2505 2346 2694 2402 horum
2745 2347 2829 2403 vel
2855 2348 3020 2412 dixit,
3054 2348 3140 2402 vel
3169 2348 3442 2419 cogitavit.
3485 2349 3575 2403 Sic
3599 2359 3654 2404 et

2068 2446 2126 2491 tu
2160 2437 2318 2491 facito
2352 2454 2366 2490 :
2397 2437 2638 2504 etiamsi,
2666 2437 2794 2492 dum
2844 2438 3102 2493 beneficia
3151 2448 3404 2509 prastas,
3451 2439 3651 2511 aliquid

2068 2529 2287 2598 patiaris
2308 2570 2322 2594 ,
2355 2529 2561 2584 etiamsi
2595 2529 2659 2584 ad
2692 2531 2916 2584 multum
2942 2540 3207 2599 .tempus,
3256 2548 3323 2586 ne
3365 2532 3653 2588 oﬂ'eudaris

2069 2633 2243 2688 neque
2272 2618 2504 2674 turberis
2535 2637 2549 2672 :
2582 2621 2803 2673 omnino
2845 2622 3150 2677 mercedem
3194 2623 3286 2676 tibi
3320 2623 3461 2677 Deus
3490 2626 3649 2678 retri-

2069 2710 2216 2765 buet.
2245 2712 2454 2778 Quanto
2485 2712 2650 2781 magis
2690 2711 2971 2767 retributio
2999 2711 3241 2768 differtur
3260 2754 3277 2778 ,
3307 2723 3455 2769 tanto
3483 2716 3652 2784 magis

2068 2813 2330 2876 augentur
2360 2804 2582 2861 fmiiora.
2616 2805 2918 2861 Habeamus
2955 2821 3083 2876 ergo
3109 2807 3339 2861 animam
3370 2809 3650 2863 commisc-

2070 2896 2263 2950 rationi
2311 2895 2543 2951 deditam
2571 2937 2587 2962 ,
2632 2896 2921 2952 condolere
2973 2897 3231 2954 scientem
3272 2916 3286 2953 :
3325 2899 3456 2954 nihil
3512 2900 3651 2969 apud
3704 2910 3705 2915 ‘

2072 3002 2170 3042 nos
2190 2987 2257 3041 sit
2279 2986 2623 3044 inhumanum
2645 2988 2729 3043 vel
2750 2989 2986 3044 crudele.
3010 2989 3066 3045 Si
3092 2990 3222 3046 nihil
3243 2993 3415 3062 possis
3437 2991 3648 3057 afferre,

2072 3078 2367 3150 lacrymare
2391 3120 2406 3144 ,
2454 3079 2773 3151 ingemisce,
2819 3082 2887 3136 de
2929 3080 2992 3136 iis
3021 3097 3138 3151 qua:
3181 3080 3315 3136 lium
3341 3083 3461 3138 dole
3494 3102 3508 3139 :
3539 3082 3656 3139 hac

2079 3186 2185 3226 non
2216 3171 2309 3225 tibi
2340 3171 2536 3225 frustra
2565 3171 2776 3226 cedent.
2802 3171 2858 3228 Si
2885 3172 2951 3226 iis
2970 3214 2984 3239 ,
3010 3173 3099 3244 qui
3130 3188 3160 3227 a
3189 3172 3300 3228 Deo
3329 3175 3619 3243 puniuntur
3639 3215 3654 3238 ,

2072 3263 2362 3320 condolere
2406 3273 2652 3334 oportet,
2684 3264 2852 3319 multo
2892 3266 3060 3336 magis
3087 3265 3185 3331 iis,
3217 3266 3307 3337 qui
3332 3266 3399 3321 ab
3428 3266 3658 3321 hornini-

2074 3359 2174 3414 bus
2216 3357 2410 3427 injuste
2467 3360 2758 3427 patiuntur.
2809 3355 2934 3415 Non
2988 3359 3408 3429 egrediebantur,
3456 3360 3654 3431 inquit,

2074 3449 2150 3505 ΑΞ
2155 3468 2257 3504 nan
2282 3451 2350 3503 ad
2391 3449 2696 3521 plorandum
2724 3450 2931 3504 domum
2961 3467 3107 3504 suam
3132 3452 3369 3506 vicinam.
3396 3452 3657 3523 Accipient

2075 3542 2302 3597 dolorem
2343 3560 2434 3610 pro
2478 3560 2568 3610 eo,
2619 3543 2756 3612 quod
2797 3543 3181 3612 wdiﬁcaverunt
3220 3544 3289 3597 ad
3334 3544 3655 3601 derisioucm.

2076 3631 2187 3689 Hac
2213 3633 2281 3687 de
2309 3647 2368 3688 re
2392 3643 2608 3688 accusat
2637 3632 2886 3689 Ezechiel
2909 3673 2927 3699 ,
2952 3632 3094 3704 quod
3122 3648 3228 3688 non
3257 3633 3655 3690 condoluerint.

2075 3724 2213 3791 Quid
2242 3723 2377 3779 dicis
2395 3764 2410 3788 ,
2456 3722 2762 3794 prepheta?
2813 3723 2952 3778 Deus
2980 3724 3163 3794 punit,
3201 3733 3254 3780 et
3278 3739 3377 3794 ego
3404 3725 3660 3782 condole—

2077 3831 2190 3871 rem
2236 3814 2335 3882 iis,
2380 3815 2468 3885 qui
2514 3814 2841 3883 puniuntur?
2872 3815 3046 3871 Etiam
3082 3833 3097 3869 :
3131 3816 3235 3887 hoc
3275 3816 3420 3872 enim
3464 3817 3575 3881 vult
3611 3817 3658 3874 is

2077 3908 2191 3979 ipse
2213 3909 2304 3979 qui
2333 3907 2483 3977 punit
2508 3925 2522 3962 :
2548 3923 2722 3978 neque
2745 3904 2889 3964 enim
2912 3908 3004 3963 ille
3030 3908 3300 3979 puniendo
3320 3910 3622 3966 oblectatur
3639 3953 3655 3972 .

2078 4001 2187 4056 imo
2216 4000 2391 4072 potius
2411 4000 2578 4055 dolet.
2611 3999 2745 4067 Quia
2775 4000 2938 4071 igitur
2965 4001 3055 4056 ille
3083 4004 3172 4073 qui
3198 4002 3353 4072 punit
3382 4017 3485 4057 non
3509 4003 3657 4063 lata-

2080 4099 2199 4158 tur,
2229 4106 2404 4162 neque
2436 4101 2491 4145 tu
2535 4091 2753 4146 laeteris.
2782 4089 2890 4146 Sed
2920 4091 2966 4146 si
3005 4090 3179 4162 juste,
3223 4091 3466 4163 inquies,
3502 4096 3658 4163 puni-

2079 4194 2239 4240 untur
2258 4226 2273 4253 ,
2299 4199 2404 4239 non
2428 4184 2612 4238 dolere
2637 4192 2869 4252 oportet.
2900 4183 3074 4239 Etiam
3101 4193 3319 4254 propter
3342 4184 3446 4241 hoc
3471 4185 3659 4242 dolen-

2078 4276 2238 4342 dum,
2290 4275 2432 4345 quod
2483 4274 2627 4345 digni
2673 4274 2936 4345 supplicio
2979 4274 3078 4329 visi
3125 4273 3341 4330 fuerint.
3391 4275 3487 4331 Die
3529 4291 3658 4332 vero

2078 4366 2206 4420 mihi
2225 4406 2240 4430 ,
2275 4380 2395 4420 cum
2422 4364 2621 4420 videris
2649 4364 2817 4419 ﬁlium
2851 4373 2996 4419 tuum
3025 4365 3107 4421 uri
3133 4365 3218 4421 vel
3245 4366 3415 4421 secari
3440 4408 3455 4432 ,
3479 4368 3658 4423 nonne

2078 4458 2267 4515 doles?
2292 4456 2450 4515 Certe
2475 4458 2625 4515 doles
2644 4498 2659 4522 ,
2691 4469 2744 4514 et
2768 4474 2875 4513 non
2905 4459 3039 4514 dicis
3063 4458 3158 4514 tibi
3184 4458 3284 4530 ipsi
3311 4474 3326 4512 :
3356 4459 3491 4528 Quid
3518 4460 3660 4516 hoc?

2077 4550 2145 4606 ad
2172 4551 2455 4606 sanitatem
2501 4550 2669 4605 sectio
2715 4558 2958 4620 spectat,
3004 4560 3060 4606 et
3085 4566 3186 4621 pro
3230 4550 3548 4606 liberatione
3576 4564 3661 4608 est

2078 4643 2219 4696 ustio
2248 4659 2261 4696 :
2289 4649 2524 4696 attamen
2572 4657 2692 4695 cum
2722 4641 2877 4696 audis
2916 4641 3208 4697 ululantem
3233 4683 3249 4709 ,
3301 4656 3402 4697 nec
3445 4641 3661 4699 dolores

2079 4731 2375 4798 ferentem,
2419 4732 2613 4797 doles;
2658 4741 2757 4788 n'ec
2800 4732 2997 4788 suflicit
3024 4732 3111 4787 illa
3139 4733 3383 4788 sanitatis
3428 4748 3551 4804 spes
3590 4734 3657 4789 ad

2078 4823 2368 4878 tollendam
2405 4831 2610 4879 natura:
2658 4822 3139 4894 perturbationem.
3189 4824 3266 4879 Ita
3309 4831 3364 4879 et
3408 4824 3461 4878 in
3505 4824 3658 4890 istis,

2078 4914 2288 4971 etiamsi
2327 4913 2393 4968 ad
2431 4914 2715 4969 sanitatem
2760 4915 3076 4984 puniantur,
3107 4924 3338 4970 attamen
3368 4916 3510 4972 circa
3542 4918 3661 4974 illos

2078 5005 2373 5061 fraternum
2395 5004 2640 5061 affectum
2667 5005 3044 5074 exhibeamus,
3072 5016 3452 5079 paternamque
3473 5009 3661 5066 volun-

2078 5108 2263 5154 tatem.
2286 5096 2565 5153 Sectiones
2592 5108 2646 5154 et
2673 5098 2909 5153 ustiones
2935 5107 3058 5154 sunt
3082 5113 3255 5170 preme
3276 5115 3304 5153 a
3328 5101 3437 5156 Deo
3458 5101 3619 5156 illata:
3641 5120 3656 5164 ;

2078 5188 2171 5244 sed
2202 5188 2324 5244 ideo
2364 5189 2495 5243 ﬂere
2532 5187 2822 5252 debemus,
2870 5188 3012 5258 quod
3059 5190 3471 5260 :egrotaverint,
3517 5191 3658 5261 quod

2076 5278 2167 5333 tali
2198 5293 2333 5349 opus
2372 5279 2658 5335 habuerint
2700 5279 2986 5334 medicina.
3031 5279 3089 5335 Si
3134 5280 3253 5350 quis
3302 5294 3401 5350 pro
3443 5282 3657 5334 coronis

2078 5373 2180 5428 hoc
2208 5372 2438 5443 patiatur
2460 5413 2475 5438 ,
2507 5381 2634 5427 tunc
2664 5387 2734 5427 ne
2773 5370 2991 5439 doleas,
3030 5382 3088 5426 ut
3115 5372 3314 5427 Paulus
3343 5380 3396 5426 et
3422 5372 3611 5428 Petrus
3643 5390 3657 5426 :

2074 5462 2288 5533 quando
2316 5471 2492 5518 autem
2519 5463 2642 5533 jure
2668 5463 2757 5518 dat
2786 5475 2994 5532 paruas,
3028 5472 3157 5517 tunc
3182 5462 3497 5532 laerymare,
3530 5472 3660 5518 tunc

2077 5552 2384 5624 ingemisce.
2417 5553 2576 5609 Tales
2619 5563 2772 5608 erant
2816 5553 3110 5623 prephetze.
3152 5552 3490 5622 Quapropter
3520 5569 3657 5609 unus

2077 5645 2289 5701 illorum
2327 5645 2462 5700 dixit
2490 5663 2502 5697 :
2536 5644 2635 5699 Hei
2663 5644 2788 5698 nti/ti
2809 5684 2825 5710 ,
2854 5642 3092 5708 Domine,
3130 5643 3316 5698 dolebis
3343 5654 3397 5697 tu
3422 5646 3661 5716 reliquias

2076 5735 2243 5792 Israel
2275 5737 2295 5808 (
2325 5735 2514 5793 Ezech.
2544 5736 2597 5792 9.
2627 5735 2745 5808 8)?
2782 5735 3087 5802 llomieidas
3125 5747 3180 5791 et
3218 5738 3472 5792 scelestos
3518 5752 3663 5807 saepe

2079 5814 2234 5900 plecti
2267 5827 2504 5886 videmus
2528 5869 2543 5897 ,
2577 5838 2626 5884 ct
2672 5827 2971 5885 cruciamur
3007 5827 3375 5903 doleulusque.
3419 5828 3497 5888 Nc
3527 5828 3662 5882 ultra
