  <div class='ocr_page' id='page_1' title='image "/cluster/home/n/w/nwhite01/storage/ocr_20150623/60:no.9/coo.31924054869601/311.png"; bbox 0 0 4112 6430; ppageno 0'>
   <div class='ocr_carea' id='block_1_1' title="bbox 490 379 601 437">
    <p class='ocr_par' dir='ltr' id='par_1_1' title="bbox 490 379 601 437">
     <span class='ocr_line' id='line_1_1' title="bbox 490 379 601 437; baseline -0.027 0"><span class='ocrx_word' id='word_1_1' title='bbox 490 379 601 437; x_wconf 69' lang='lat'><strong>307</strong></span> 
     </span>
    </p>
   </div>
   <div class='ocr_carea' id='block_1_2' title="bbox 492 479 2073 564">
    <p class='ocr_par' dir='ltr' id='par_1_2' title="bbox 492 479 2073 564">
     <span class='ocr_line' id='line_1_2' title="bbox 492 479 2073 564; baseline -0.013 -11"><span class='ocrx_word' id='word_1_2' title='bbox 492 496 710 553; x_wconf 85' lang='lat' dir='ltr'><strong>modum</strong></span> <span class='ocrx_word' id='word_1_3' title='bbox 738 487 1037 564; x_wconf 82' lang='lat' dir='ltr'><strong>philosophi</strong></span> <span class='ocrx_word' id='word_1_4' title='bbox 1063 489 1238 545; x_wconf 90' lang='lat' dir='ltr'><strong>simus</strong></span> <span class='ocrx_word' id='word_1_5' title='bbox 1253 491 1272 523; x_wconf 77' lang='grc' dir='ltr'>ί</span> <span class='ocrx_word' id='word_1_6' title='bbox 1289 531 1307 558; x_wconf 88' lang='grc'><strong><em>,</em></strong></span> <span class='ocrx_word' id='word_1_7' title='bbox 1329 491 1425 549; x_wconf 90' lang='lat' dir='ltr'><strong>sed</strong></span> <span class='ocrx_word' id='word_1_8' title='bbox 1445 487 1855 549; x_wconf 84' lang='lat' dir='ltr'><strong>misericordes,</strong></span> <span class='ocrx_word' id='word_1_9' title='bbox 1886 490 1951 538; x_wconf 87' lang='lat' dir='ltr'><strong>ut</strong></span> <span class='ocrx_word' id='word_1_10' title='bbox 1969 479 2073 536; x_wconf 81' lang='lat' dir='ltr'><strong>mi-</strong></span> 
     </span>
    </p>
   </div>
   <div class='ocr_carea' id='block_1_3' title="bbox 491 571 2077 651">
    <p class='ocr_par' dir='ltr' id='par_1_3' title="bbox 491 571 2077 651">
     <span class='ocr_line' id='line_1_3' title="bbox 491 571 2077 651; baseline -0.009 -9"><span class='ocrx_word' id='word_1_11' title='bbox 491 585 839 642; x_wconf 86' lang='lat' dir='ltr'><strong>sericordiam</strong></span> <span class='ocrx_word' id='word_1_12' title='bbox 861 594 1251 651; x_wconf 75' lang='lat' dir='ltr'><strong>consequamur</strong></span> <span class='ocrx_word' id='word_1_13' title='bbox 1273 595 1287 631; x_wconf 91' lang='lat'><strong>:</strong></span> <span class='ocrx_word' id='word_1_14' title='bbox 1312 576 1445 633; x_wconf 84' lang='lat' dir='ltr'><strong>nihil</strong></span> <span class='ocrx_word' id='word_1_15' title='bbox 1471 577 1597 632; x_wconf 82' lang='lat' dir='ltr'><strong>huic</strong></span> <span class='ocrx_word' id='word_1_16' title='bbox 1619 575 1763 631; x_wconf 91' lang='lat' dir='ltr'><strong>bono</strong></span> <span class='ocrx_word' id='word_1_17' title='bbox 1786 588 1882 645; x_wconf 83' lang='lat' dir='ltr'><strong>par</strong></span> <span class='ocrx_word' id='word_1_18' title='bbox 1903 590 1918 629; x_wconf 92' lang='lat'><strong>:</strong></span> <span class='ocrx_word' id='word_1_19' title='bbox 1943 571 2077 629; x_wconf 85' lang='lat' dir='ltr'><strong>nihil</strong></span> 
     </span>
    </p>
   </div>
   <div class='ocr_carea' id='block_1_4' title="bbox 489 664 2073 733">
    <p class='ocr_par' dir='ltr' id='par_1_4' title="bbox 489 664 2073 733">
     <span class='ocr_line' id='line_1_4' title="bbox 489 664 2073 733; baseline -0.011 0"><span class='ocrx_word' id='word_1_20' title='bbox 489 679 563 733; x_wconf 77' lang='lat' dir='ltr'><strong>ita</strong></span> <span class='ocrx_word' id='word_1_21' title='bbox 592 676 880 733; x_wconf 85' lang='lat' dir='ltr'><strong>humanum</strong></span> <span class='ocrx_word' id='word_1_22' title='bbox 907 671 1143 729; x_wconf 75' lang='lat' dir='ltr'><strong>Ostendit</strong></span> <span class='ocrx_word' id='word_1_23' title='bbox 1163 672 1566 732; x_wconf 83' lang='lat' dir='ltr'><strong>characterem,</strong></span> <span class='ocrx_word' id='word_1_24' title='bbox 1594 676 1653 722; x_wconf 91' lang='lat' dir='ltr'><strong>ut</strong></span> <span class='ocrx_word' id='word_1_25' title='bbox 1678 664 2073 721; x_wconf 78' lang='lat' dir='ltr'><strong>misericordia.</strong></span> 
     </span>
    </p>
   </div>
   <div class='ocr_carea' id='block_1_5' title="bbox 492 753 2073 836">
    <p class='ocr_par' dir='ltr' id='par_1_5' title="bbox 492 753 2073 836">
     <span class='ocr_line' id='line_1_5' title="bbox 492 753 2073 836; baseline -0.012 -12"><span class='ocrx_word' id='word_1_26' title='bbox 492 768 619 825; x_wconf 87' lang='lat' dir='ltr'><strong>Ideo</strong></span> <span class='ocrx_word' id='word_1_27' title='bbox 663 766 812 836; x_wconf 85' lang='lat' dir='ltr'><strong>leges</strong></span> <span class='ocrx_word' id='word_1_28' title='bbox 858 763 1198 819; x_wconf 78' lang='lat' dir='ltr'><strong>carniﬁcibus</strong></span> <span class='ocrx_word' id='word_1_29' title='bbox 1243 759 1423 817; x_wconf 85' lang='lat' dir='ltr'><strong>omnia</strong></span> <span class='ocrx_word' id='word_1_30' title='bbox 1468 757 1815 829; x_wconf 88' lang='lat' dir='ltr'><strong>permittunt,</strong></span> <span class='ocrx_word' id='word_1_31' title='bbox 1841 753 2073 824; x_wconf 90' lang='lat' dir='ltr'><strong>judicem</strong></span> 
     </span>
    </p>
   </div>
   <div class='ocr_carea' id='block_1_6' title="bbox 487 846 2078 930">
    <p class='ocr_par' dir='ltr' id='par_1_6' title="bbox 487 846 2078 930">
     <span class='ocr_line' id='line_1_6' title="bbox 487 846 2078 930; baseline -0.01 -15"><span class='ocrx_word' id='word_1_32' title='bbox 487 868 746 930; x_wconf 89' lang='lat' dir='ltr'><strong>cogentes</strong></span> <span class='ocrx_word' id='word_1_33' title='bbox 787 866 993 912; x_wconf 86' lang='lat' dir='ltr'><strong>tantum</strong></span> <span class='ocrx_word' id='word_1_34' title='bbox 1038 869 1207 925; x_wconf 85' lang='lat' dir='ltr'><strong>usque</strong></span> <span class='ocrx_word' id='word_1_35' title='bbox 1245 851 1313 908; x_wconf 85' lang='lat' dir='ltr'><strong>ad</strong></span> <span class='ocrx_word' id='word_1_36' title='bbox 1354 851 1670 908; x_wconf 87' lang='lat' dir='ltr'><strong>sententiam</strong></span> <span class='ocrx_word' id='word_1_37' title='bbox 1699 846 1926 912; x_wconf 90' lang='lat' dir='ltr'><strong>ulcisci;</strong></span> <span class='ocrx_word' id='word_1_38' title='bbox 1954 846 2078 901; x_wconf 91' lang='lat' dir='ltr'><strong>illos</strong></span> 
     </span>
    </p>
   </div>
   <div class='ocr_carea' id='block_1_7' title="bbox 487 939 2078 1018">
    <p class='ocr_par' dir='ltr' id='par_1_7' title="bbox 487 939 2078 1018">
     <span class='ocr_line' id='line_1_7' title="bbox 487 939 2078 1018; baseline -0.008 -15"><span class='ocrx_word' id='word_1_39' title='bbox 487 964 622 1006; x_wconf 82' lang='lat' dir='ltr'><strong>vero</strong></span> <span class='ocrx_word' id='word_1_40' title='bbox 662 947 731 1006; x_wconf 83' lang='lat' dir='ltr'><strong>ad</strong></span> <span class='ocrx_word' id='word_1_41' title='bbox 777 962 915 1018; x_wconf 90' lang='lat' dir='ltr'><strong>opus</strong></span> <span class='ocrx_word' id='word_1_42' title='bbox 959 945 1215 1001; x_wconf 89' lang='lat' dir='ltr'><strong>educunt.</strong></span> <span class='ocrx_word' id='word_1_43' title='bbox 1265 943 1341 998; x_wconf 85' lang='lat' dir='ltr'><strong>Ita</strong></span> <span class='ocrx_word' id='word_1_44' title='bbox 1386 941 1488 999; x_wconf 89' lang='lat' dir='ltr'><strong>etsi</strong></span> <span class='ocrx_word' id='word_1_45' title='bbox 1527 942 1671 1008; x_wconf 69' lang='lat' dir='ltr'><strong>iuste</strong></span> <span class='ocrx_word' id='word_1_46' title='bbox 1702 939 1830 1005; x_wconf 78' lang='lat' dir='ltr'><strong>ﬂat,</strong></span> <span class='ocrx_word' id='word_1_47' title='bbox 1859 945 2078 992; x_wconf 86' lang='lat' dir='ltr'><strong>nonest</strong></span> 
     </span>
    </p>
   </div>
   <div class='ocr_carea' id='block_1_8' title="bbox 488 1035 2074 1111">
    <p class='ocr_par' dir='ltr' id='par_1_8' title="bbox 488 1035 2074 1111">
     <span class='ocr_line' id='line_1_8' title="bbox 488 1035 2074 1111; baseline -0.008 -13"><span class='ocrx_word' id='word_1_48' title='bbox 488 1043 657 1098; x_wconf 83' lang='lat' dir='ltr'><strong>animi</strong></span> <span class='ocrx_word' id='word_1_49' title='bbox 703 1038 1010 1111; x_wconf 85' lang='lat' dir='ltr'><strong>philosophi</strong></span> <span class='ocrx_word' id='word_1_50' title='bbox 1046 1039 1260 1108; x_wconf 83' lang='lat' dir='ltr'><strong>punire,</strong></span> <span class='ocrx_word' id='word_1_51' title='bbox 1305 1035 1399 1093; x_wconf 89' lang='lat' dir='ltr'><strong>sed</strong></span> <span class='ocrx_word' id='word_1_52' title='bbox 1448 1035 1560 1090; x_wconf 87' lang='lat' dir='ltr'><strong>alio</strong></span> <span class='ocrx_word' id='word_1_53' title='bbox 1605 1047 1746 1103; x_wconf 87' lang='lat' dir='ltr'><strong>opus</strong></span> <span class='ocrx_word' id='word_1_54' title='bbox 1791 1039 1877 1088; x_wconf 91' lang='lat' dir='ltr'><strong>est</strong></span> <span class='ocrx_word' id='word_1_55' title='bbox 1906 1047 1922 1085; x_wconf 91' lang='lat'><strong>:</strong></span> <span class='ocrx_word' id='word_1_56' title='bbox 1952 1045 2074 1097; x_wconf 84' lang='lat' dir='ltr'><strong>nam</strong></span> 
     </span>
    </p>
   </div>
   <div class='ocr_carea' id='block_1_9' title="bbox 491 1122 2072 1201">
    <p class='ocr_par' dir='ltr' id='par_1_9' title="bbox 491 1122 2072 1201">
     <span class='ocr_line' id='line_1_9' title="bbox 491 1122 2072 1201; baseline -0.008 -14"><span class='ocrx_word' id='word_1_57' title='bbox 491 1148 668 1201; x_wconf 87' lang='lat' dir='ltr'><strong>neque</strong></span> <span class='ocrx_word' id='word_1_58' title='bbox 715 1131 856 1188; x_wconf 87' lang='lat' dir='ltr'><strong>Deus</strong></span> <span class='ocrx_word' id='word_1_59' title='bbox 898 1145 993 1200; x_wconf 89' lang='lat' dir='ltr'><strong>per</strong></span> <span class='ocrx_word' id='word_1_60' title='bbox 1031 1129 1266 1198; x_wconf 85' lang='lat' dir='ltr'><strong>seipsum</strong></span> <span class='ocrx_word' id='word_1_61' title='bbox 1311 1126 1499 1198; x_wconf 92' lang='lat' dir='ltr'><strong>punit,</strong></span> <span class='ocrx_word' id='word_1_62' title='bbox 1556 1124 1651 1180; x_wconf 83' lang='lat' dir='ltr'><strong>sed</strong></span> <span class='ocrx_word' id='word_1_63' title='bbox 1695 1138 1793 1194; x_wconf 86' lang='lat' dir='ltr'><strong>per</strong></span> <span class='ocrx_word' id='word_1_64' title='bbox 1832 1122 2072 1193; x_wconf 77' lang='lat' dir='ltr'><strong>angelos.</strong></span> 
     </span>
    </p>
   </div>
   <div class='ocr_carea' id='block_1_10' title="bbox 487 1212 2072 1290">
    <p class='ocr_par' dir='ltr' id='par_1_10' title="bbox 487 1212 2072 1290">
     <span class='ocr_line' id='line_1_10' title="bbox 487 1212 2072 1290; baseline -0.008 -11"><span class='ocrx_word' id='word_1_65' title='bbox 487 1222 780 1279; x_wconf 84' lang='lat' dir='ltr'><strong>Carnilices</strong></span> <span class='ocrx_word' id='word_1_66' title='bbox 823 1234 953 1290; x_wconf 87' lang='lat' dir='ltr'><strong>ergo</strong></span> <span class='ocrx_word' id='word_1_67' title='bbox 993 1226 1119 1274; x_wconf 86' lang='lat' dir='ltr'><strong>sunt</strong></span> <span class='ocrx_word' id='word_1_68' title='bbox 1157 1216 1372 1288; x_wconf 79' lang='lat' dir='ltr'><strong>angeli?</strong></span> <span class='ocrx_word' id='word_1_69' title='bbox 1415 1214 1598 1280; x_wconf 89' lang='lat' dir='ltr'><strong>Absit,</strong></span> <span class='ocrx_word' id='word_1_70' title='bbox 1637 1229 1744 1269; x_wconf 86' lang='lat' dir='ltr'><strong>non</strong></span> <span class='ocrx_word' id='word_1_71' title='bbox 1774 1212 1879 1268; x_wconf 84' lang='lat' dir='ltr'><strong>hoc</strong></span> <span class='ocrx_word' id='word_1_72' title='bbox 1913 1213 2072 1277; x_wconf 86' lang='lat' dir='ltr'><strong>dico;</strong></span> 
     </span>
    </p>
   </div>
   <div class='ocr_carea' id='block_1_11' title="bbox 485 1301 2072 1381">
    <p class='ocr_par' dir='ltr' id='par_1_11' title="bbox 485 1301 2072 1381">
     <span class='ocr_line' id='line_1_11' title="bbox 485 1301 2072 1381; baseline -0.007 -14"><span class='ocrx_word' id='word_1_73' title='bbox 485 1312 586 1367; x_wconf 87' lang='lat' dir='ltr'><strong>sed</strong></span> <span class='ocrx_word' id='word_1_74' title='bbox 623 1311 841 1366; x_wconf 87' lang='lat' dir='ltr'><strong>ultrices</strong></span> <span class='ocrx_word' id='word_1_75' title='bbox 878 1316 1173 1381; x_wconf 73' lang='lat' dir='ltr'><strong>potestates</strong></span> <span class='ocrx_word' id='word_1_76' title='bbox 1210 1314 1356 1361; x_wconf 92' lang='lat' dir='ltr'><strong>sunt.</strong></span> <span class='ocrx_word' id='word_1_77' title='bbox 1386 1304 1521 1361; x_wconf 90' lang='lat' dir='ltr'><strong>Cum</strong></span> <span class='ocrx_word' id='word_1_78' title='bbox 1550 1303 1787 1361; x_wconf 85' lang='lat' dir='ltr'><strong>Sodoma</strong></span> <span class='ocrx_word' id='word_1_79' title='bbox 1817 1301 2072 1358; x_wconf 88' lang='lat' dir='ltr'><strong>subversa</strong></span> 
     </span>
    </p>
   </div>
   <div class='ocr_carea' id='block_1_12' title="bbox 489 1389 2070 1471">
    <p class='ocr_par' dir='ltr' id='par_1_12' title="bbox 489 1389 2070 1471">
     <span class='ocr_line' id='line_1_12' title="bbox 489 1389 2070 1471; baseline -0.008 -15"><span class='ocrx_word' id='word_1_80' title='bbox 489 1411 604 1465; x_wconf 84' lang='lat' dir='ltr'><strong>est,</strong></span> <span class='ocrx_word' id='word_1_81' title='bbox 648 1415 745 1471; x_wconf 88' lang='lat' dir='ltr'><strong>per</strong></span> <span class='ocrx_word' id='word_1_82' title='bbox 791 1400 911 1454; x_wconf 90' lang='lat' dir='ltr'><strong>illos</strong></span> <span class='ocrx_word' id='word_1_83' title='bbox 957 1397 1138 1454; x_wconf 84' lang='lat' dir='ltr'><strong>omnia</strong></span> <span class='ocrx_word' id='word_1_84' title='bbox 1183 1395 1322 1452; x_wconf 84' lang='lat' dir='ltr'><strong>facta</strong></span> <span class='ocrx_word' id='word_1_85' title='bbox 1365 1403 1529 1459; x_wconf 89' lang='lat' dir='ltr'><strong>sunt;</strong></span> <span class='ocrx_word' id='word_1_86' title='bbox 1575 1392 1793 1465; x_wconf 83' lang='lat' dir='ltr'><strong>quando</strong></span> <span class='ocrx_word' id='word_1_87' title='bbox 1852 1407 1972 1462; x_wconf 82' lang='lat' dir='ltr'><strong>quae</strong></span> <span class='ocrx_word' id='word_1_88' title='bbox 2016 1389 2070 1445; x_wconf 87' lang='lat' dir='ltr'><strong>in</strong></span> 
     </span>
    </p>
   </div>
   <div class='ocr_carea' id='block_1_13' title="bbox 486 1484 2068 1565">
    <p class='ocr_par' dir='ltr' id='par_1_13' title="bbox 486 1484 2068 1565">
     <span class='ocr_line' id='line_1_13' title="bbox 486 1484 2068 1565; baseline -0.009 -15"><span class='ocrx_word' id='word_1_89' title='bbox 486 1493 720 1565; x_wconf 76' lang='lat' dir='ltr'><strong>Ai‘gypto</strong></span> <span class='ocrx_word' id='word_1_90' title='bbox 758 1491 1103 1555; x_wconf 85' lang='lat' dir='ltr'><strong>acciderunt,</strong></span> <span class='ocrx_word' id='word_1_91' title='bbox 1149 1504 1246 1559; x_wconf 90' lang='lat' dir='ltr'><strong>per</strong></span> <span class='ocrx_word' id='word_1_92' title='bbox 1286 1488 1410 1543; x_wconf 88' lang='lat' dir='ltr'><strong>illos</strong></span> <span class='ocrx_word' id='word_1_93' title='bbox 1456 1487 1607 1542; x_wconf 86' lang='lat' dir='ltr'><strong>item.</strong></span> <span class='ocrx_word' id='word_1_94' title='bbox 1655 1484 2068 1549; x_wconf 86' lang='lat' dir='ltr'><strong>Immissionem,</strong></span> 
     </span>
    </p>
   </div>
   <div class='ocr_carea' id='block_1_14' title="bbox 491 1576 2073 1655">
    <p class='ocr_par' dir='ltr' id='par_1_14' title="bbox 491 1576 2073 1655">
     <span class='ocr_line' id='line_1_14' title="bbox 491 1576 2073 1655; baseline -0.008 -15"><span class='ocrx_word' id='word_1_95' title='bbox 491 1586 699 1655; x_wconf 88' lang='lat' dir='ltr'><strong>inquit,</strong></span> <span class='ocrx_word' id='word_1_96' title='bbox 730 1600 821 1652; x_wconf 90' lang='lat' dir='ltr'><strong>per</strong></span> <span class='ocrx_word' id='word_1_97' title='bbox 846 1583 1052 1654; x_wconf 82' lang='lat' dir='ltr'><strong>angelos</strong></span> <span class='ocrx_word' id='word_1_98' title='bbox 1077 1581 1239 1636; x_wconf 88' lang='lat' dir='ltr'><strong>malos</strong></span> <span class='ocrx_word' id='word_1_99' title='bbox 1263 1578 1283 1652; x_wconf 93' lang='lat'><strong>(</strong></span> <span class='ocrx_word' id='word_1_100' title='bbox 1303 1578 1449 1635; x_wconf 83' lang='lat' dir='ltr'><strong>Psal.</strong></span> <span class='ocrx_word' id='word_1_101' title='bbox 1484 1579 1573 1633; x_wconf 90' lang='lat'><strong>77.</strong></span> <span class='ocrx_word' id='word_1_102' title='bbox 1599 1576 1727 1649; x_wconf 70' lang='lat'><strong>49).</strong></span> <span class='ocrx_word' id='word_1_103' title='bbox 1769 1576 1903 1630; x_wconf 88' lang='lat' dir='ltr'><strong>Cum</strong></span> <span class='ocrx_word' id='word_1_104' title='bbox 1945 1590 2073 1644; x_wconf 84' lang='lat' dir='ltr'><strong>ergo</strong></span> 
     </span>
    </p>
   </div>
   <div class='ocr_carea' id='block_1_15' title="bbox 486 1666 2068 1744">
    <p class='ocr_par' dir='ltr' id='par_1_15' title="bbox 486 1666 2068 1744">
     <span class='ocr_line' id='line_1_15' title="bbox 486 1666 2068 1744; baseline -0.006 -12"><span class='ocrx_word' id='word_1_105' title='bbox 486 1691 709 1732; x_wconf 82' lang='lat' dir='ltr'><strong>servare</strong></span> <span class='ocrx_word' id='word_1_106' title='bbox 726 1684 968 1744; x_wconf 82' lang='lat' dir='ltr'><strong>oportet,</strong></span> <span class='ocrx_word' id='word_1_107' title='bbox 997 1688 1095 1743; x_wconf 88' lang='lat' dir='ltr'><strong>per</strong></span> <span class='ocrx_word' id='word_1_108' title='bbox 1115 1673 1189 1728; x_wconf 90' lang='lat' dir='ltr'><strong>sei</strong></span> <span class='ocrx_word' id='word_1_109' title='bbox 1198 1687 1349 1741; x_wconf 90' lang='lat' dir='ltr'><strong>psum</strong></span> <span class='ocrx_word' id='word_1_110' title='bbox 1377 1670 1480 1725; x_wconf 91' lang='lat' dir='ltr'><strong>hoc</strong></span> <span class='ocrx_word' id='word_1_111' title='bbox 1508 1670 1632 1724; x_wconf 90' lang='lat' dir='ltr'><strong>facit</strong></span> <span class='ocrx_word' id='word_1_112' title='bbox 1655 1687 1668 1723; x_wconf 91' lang='lat'><strong>:</strong></span> <span class='ocrx_word' id='word_1_113' title='bbox 1697 1669 1771 1724; x_wconf 86' lang='lat' dir='ltr'><strong>ita</strong></span> <span class='ocrx_word' id='word_1_114' title='bbox 1792 1678 1849 1725; x_wconf 90' lang='lat' dir='ltr'><strong>et</strong></span> <span class='ocrx_word' id='word_1_115' title='bbox 1874 1666 2068 1723; x_wconf 88' lang='lat' dir='ltr'><strong>Filium</strong></span> 
     </span>
    </p>
   </div>
   <div class='ocr_carea' id='block_1_16' title="bbox 488 1762 2069 1838">
    <p class='ocr_par' dir='ltr' id='par_1_16' title="bbox 488 1762 2069 1838">
     <span class='ocr_line' id='line_1_16' title="bbox 488 1762 2069 1838; baseline -0.005 -16"><span class='ocrx_word' id='word_1_116' title='bbox 488 1782 647 1822; x_wconf 88' lang='lat' dir='ltr'><strong>suum</strong></span> <span class='ocrx_word' id='word_1_117' title='bbox 676 1768 820 1822; x_wconf 91' lang='lat' dir='ltr'><strong>misit</strong></span> <span class='ocrx_word' id='word_1_118' title='bbox 858 1766 925 1821; x_wconf 87' lang='lat' dir='ltr'><strong>ad</strong></span> <span class='ocrx_word' id='word_1_119' title='bbox 964 1765 1192 1821; x_wconf 79' lang='lat' dir='ltr'><strong>salutem</strong></span> <span class='ocrx_word' id='word_1_120' title='bbox 1232 1762 1448 1838; x_wconf 85' lang='lat' dir='ltr'><strong>generis</strong></span> <span class='ocrx_word' id='word_1_121' title='bbox 1478 1762 1670 1818; x_wconf 80' lang='lat' dir='ltr'><strong>nostri.</strong></span> <span class='ocrx_word' id='word_1_122' title='bbox 1700 1762 1772 1818; x_wconf 83' lang='lat' dir='ltr'><strong>Et</strong></span> <span class='ocrx_word' id='word_1_123' title='bbox 1808 1776 2023 1818; x_wconf 86' lang='lat' dir='ltr'><strong>rursum</strong></span> <span class='ocrx_word' id='word_1_124' title='bbox 2053 1776 2069 1814; x_wconf 90' lang='lat'><strong>:</strong></span> 
     </span>
    </p>
   </div>
   <div class='ocr_carea' id='block_1_17' title="bbox 492 1853 2070 1930">
    <p class='ocr_par' dir='ltr' id='par_1_17' title="bbox 492 1853 2070 1930">
     <span class='ocr_line' id='line_1_17' title="bbox 492 1853 2070 1930; baseline -0.002 -19"><span class='ocrx_word' id='word_1_125' title='bbox 492 1857 667 1924; x_wconf 83' lang='lat' dir='ltr'><strong>Tunc,</strong></span> <span class='ocrx_word' id='word_1_126' title='bbox 713 1858 908 1928; x_wconf 87' lang='lat' dir='ltr'><strong>inquit,</strong></span> <span class='ocrx_word' id='word_1_127' title='bbox 956 1857 1121 1913; x_wconf 84' lang='lat' dir='ltr'><strong>dicam</strong></span> <span class='ocrx_word' id='word_1_128' title='bbox 1164 1857 1359 1930; x_wconf 75' lang='lat' dir='ltr'><strong>angelis</strong></span> <span class='ocrx_word' id='word_1_129' title='bbox 1385 1872 1405 1912; x_wconf 80' lang='lat'><strong>.&#39;</strong></span> <span class='ocrx_word' id='word_1_130' title='bbox 1432 1855 1745 1927; x_wconf 81' lang='lat' dir='ltr'><strong>Congregate</strong></span> <span class='ocrx_word' id='word_1_131' title='bbox 1783 1853 1909 1908; x_wconf 88' lang='lat' dir='ltr'><strong>mihi</strong></span> <span class='ocrx_word' id='word_1_132' title='bbox 1946 1869 2031 1908; x_wconf 88' lang='lat' dir='ltr'><strong>eos</strong></span> <span class='ocrx_word' id='word_1_133' title='bbox 2053 1893 2070 1919; x_wconf 96' lang='lat'><strong>,</strong></span> 
     </span>
    </p>
   </div>
   <div class='ocr_carea' id='block_1_18' title="bbox 486 1944 2071 2020">
    <p class='ocr_par' dir='ltr' id='par_1_18' title="bbox 486 1944 2071 2020">
     <span class='ocr_line' id='line_1_18' title="bbox 486 1944 2071 2020; baseline -0.002 -18"><span class='ocrx_word' id='word_1_134' title='bbox 486 1950 577 2019; x_wconf 85' lang='lat' dir='ltr'><strong>qui</strong></span> <span class='ocrx_word' id='word_1_135' title='bbox 603 1949 798 2020; x_wconf 81' lang='lat' dir='ltr'><strong>faciunt</strong></span> <span class='ocrx_word' id='word_1_136' title='bbox 816 1948 1160 2019; x_wconf 77' lang='lat' dir='ltr'><strong>iniquitatem,</strong></span> <span class='ocrx_word' id='word_1_137' title='bbox 1187 1960 1234 2004; x_wconf 91' lang='lat' dir='ltr'><strong>et</strong></span> <span class='ocrx_word' id='word_1_138' title='bbox 1256 1948 1438 2003; x_wconf 76' lang='lat' dir='ltr'><strong>mittite</strong></span> <span class='ocrx_word' id='word_1_139' title='bbox 1466 1948 1520 2002; x_wconf 88' lang='lat' dir='ltr'><strong>in</strong></span> <span class='ocrx_word' id='word_1_140' title='bbox 1547 1947 1803 2001; x_wconf 80' lang='lat' dir='ltr'><strong>caminum</strong></span> <span class='ocrx_word' id='word_1_141' title='bbox 1839 1946 1857 2015; x_wconf 95' lang='lat'><strong>(</strong></span> <span class='ocrx_word' id='word_1_142' title='bbox 1881 1944 2071 2000; x_wconf 80' lang='lat' dir='ltr'><strong>Matth.</strong></span> 
     </span>
    </p>
   </div>
   <div class='ocr_carea' id='block_1_19' title="bbox 490 2038 2073 2113">
    <p class='ocr_par' dir='ltr' id='par_1_19' title="bbox 490 2038 2073 2113">
     <span class='ocr_line' id='line_1_19' title="bbox 490 2038 2073 2113; baseline -0.003 -17"><span class='ocrx_word' id='word_1_143' title='bbox 490 2042 581 2096; x_wconf 77' lang='grc'><strong>13.</strong></span> <span class='ocrx_word' id='word_1_144' title='bbox 609 2042 699 2097; x_wconf 68' lang='lat' dir='ltr'><strong>ll.</strong></span> <span class='ocrx_word' id='word_1_145' title='bbox 727 2041 797 2096; x_wconf 69' lang='grc'><strong>42</strong></span> <span class='ocrx_word' id='word_1_146' title='bbox 816 2044 857 2113; x_wconf 79' lang='grc'><strong>).</strong></span> <span class='ocrx_word' id='word_1_147' title='bbox 891 2042 968 2098; x_wconf 90' lang='lat' dir='ltr'><strong>De</strong></span> <span class='ocrx_word' id='word_1_148' title='bbox 990 2042 1152 2112; x_wconf 85' lang='lat' dir='ltr'><strong>justis</strong></span> <span class='ocrx_word' id='word_1_149' title='bbox 1176 2058 1305 2097; x_wconf 89' lang='lat' dir='ltr'><strong>vero</strong></span> <span class='ocrx_word' id='word_1_150' title='bbox 1335 2058 1443 2097; x_wconf 86' lang='lat' dir='ltr'><strong>non</strong></span> <span class='ocrx_word' id='word_1_151' title='bbox 1470 2041 1582 2107; x_wconf 90' lang='lat' dir='ltr'><strong>sic,</strong></span> <span class='ocrx_word' id='word_1_152' title='bbox 1612 2038 1708 2094; x_wconf 89' lang='lat' dir='ltr'><strong>sed</strong></span> <span class='ocrx_word' id='word_1_153' title='bbox 1729 2079 1746 2107; x_wconf 96' lang='lat'><strong>,</strong></span> <span class='ocrx_word' id='word_1_154' title='bbox 1778 2038 1879 2104; x_wconf 86' lang='lat' dir='ltr'><strong>Qui</strong></span> <span class='ocrx_word' id='word_1_155' title='bbox 1895 2039 2073 2108; x_wconf 79' lang='lat' dir='ltr'><strong>recipit</strong></span> 
     </span>
    </p>
   </div>
   <div class='ocr_carea' id='block_1_20' title="bbox 490 2132 2073 2207">
    <p class='ocr_par' dir='ltr' id='par_1_20' title="bbox 490 2132 2073 2207">
     <span class='ocr_line' id='line_1_20' title="bbox 490 2132 2073 2207; baseline 0.001 -20"><span class='ocrx_word' id='word_1_156' title='bbox 490 2150 614 2200; x_wconf 79' lang='lat' dir='ltr'><strong>ros,</strong></span> <span class='ocrx_word' id='word_1_157' title='bbox 659 2150 738 2188; x_wconf 86' lang='lat' dir='ltr'><strong>me</strong></span> <span class='ocrx_word' id='word_1_158' title='bbox 768 2134 945 2207; x_wconf 80' lang='lat' dir='ltr'><strong>recipit</strong></span> <span class='ocrx_word' id='word_1_159' title='bbox 985 2133 1119 2205; x_wconf 89' lang='lat' dir='ltr'><strong>(Id.</strong></span> <span class='ocrx_word' id='word_1_160' title='bbox 1172 2135 1260 2190; x_wconf 88' lang='grc'><strong>10.</strong></span> <span class='ocrx_word' id='word_1_161' title='bbox 1298 2134 1453 2206; x_wconf 74' lang='grc'><strong>40);</strong></span> <span class='ocrx_word' id='word_1_162' title='bbox 1503 2143 1558 2190; x_wconf 91' lang='lat' dir='ltr'><strong>et</strong></span> <span class='ocrx_word' id='word_1_163' title='bbox 1592 2150 1838 2205; x_wconf 73' lang='lat' dir='ltr'><strong>rursum,</strong></span> <span class='ocrx_word' id='word_1_164' title='bbox 1893 2132 2073 2205; x_wconf 81' lang='lat' dir='ltr'><strong>Ligate</strong></span> 
     </span>
    </p>
   </div>
   <div class='ocr_carea' id='block_1_21' title="bbox 546 2265 2075 2375">
    <p class='ocr_par' dir='ltr' id='par_1_21' title="bbox 546 2265 2075 2375">
     <span class='ocr_line' id='line_1_21' title="bbox 546 2265 2075 2375; baseline 0.003 -60"><span class='ocrx_word' id='word_1_165' title='bbox 546 2266 566 2298; x_wconf 70' lang='grc' dir='ltr'>ί</span> <span class='ocrx_word' id='word_1_166' title='bbox 592 2265 665 2316; x_wconf 84' lang='lat' dir='ltr'><strong>Ita</strong></span> <span class='ocrx_word' id='word_1_167' title='bbox 679 2266 820 2375; x_wconf 62' lang='lat' dir='ltr'><strong>iuxta</strong></span> <span class='ocrx_word' id='word_1_168' title='bbox 839 2266 982 2316; x_wconf 84' lang='lat' dir='ltr'><strong>Savil.</strong></span> <span class='ocrx_word' id='word_1_169' title='bbox 1000 2266 1267 2330; x_wconf 86' lang='lat' dir='ltr'><strong>legendum</strong></span> <span class='ocrx_word' id='word_1_170' title='bbox 1292 2271 1388 2327; x_wconf 82' lang='lat' dir='ltr'><strong>est,</strong></span> <span class='ocrx_word' id='word_1_171' title='bbox 1411 2274 1567 2319; x_wconf 87' lang='lat' dir='ltr'><strong>recte.</strong></span> <span class='ocrx_word' id='word_1_172' title='bbox 1583 2267 1642 2317; x_wconf 82' lang='lat' dir='ltr'><strong>In</strong></span> <span class='ocrx_word' id='word_1_173' title='bbox 1655 2265 1850 2317; x_wconf 76' lang='lat' dir='ltr'><strong>Montef.</strong></span> <span class='ocrx_word' id='word_1_174' title='bbox 1872 2270 1925 2317; x_wconf 87' lang='lat' dir='ltr'><strong>et</strong></span> <span class='ocrx_word' id='word_1_175' title='bbox 1940 2266 2075 2319; x_wconf 85' lang='lat' dir='ltr'><strong>Com-</strong></span> 
     </span>
     <span class='ocr_line' id='line_1_22' title="bbox 546 2327 2072 2375; baseline 0 0"><span class='ocrx_word' id='word_1_176' title='bbox 546 2327 661 2375; x_wconf 77' lang='lat' dir='ltr'><strong>ehu.</strong></span> <span class='ocrx_word' id='word_1_177' title='bbox 705 2330 967 2375; x_wconf 58' lang='lat' dir='ltr'><strong>exitur“...</strong></span> <span class='ocrx_word' id='word_1_178' title='bbox 1013 2328 1290 2375; x_wconf 81' lang='lat' dir='ltr'><strong>cruciamur</strong></span> <span class='ocrx_word' id='word_1_179' title='bbox 1334 2329 1660 2375; x_wconf 66' lang='lat' dir='ltr'><strong>dolemuiume.</strong></span> <span class='ocrx_word' id='word_1_180' title='bbox 1683 2342 1772 2375; x_wconf 79' lang='lat' dir='ltr'><strong>nec</strong></span> <span class='ocrx_word' id='word_1_181' title='bbox 1815 2330 2025 2375; x_wconf 76' lang='lat' dir='ltr'><strong>dicimus</strong></span> <span class='ocrx_word' id='word_1_182' title='bbox 2050 2342 2072 2375; x_wconf 84' lang='lat'><strong><em>:</em></strong></span> 
     </span>
    </p>
   </div>
   <div class='ocr_carea' id='block_1_22' title="bbox 489 2327 2072 2393">
    <p class='ocr_par' dir='ltr' id='par_1_22' title="bbox 489 2327 2072 2393">
     <span class='ocr_line' id='line_1_23' title="bbox 489 2327 2072 2393; baseline 0.004 -16"><span class='ocrx_word' id='word_1_183' title='bbox 489 2327 967 2393; x_wconf 71' lang='lat' dir='ltr'><strong>multu.legilul&#39;.....</strong></span> <span class='ocrx_word' id='word_1_184' title='bbox 1013 2327 1290 2380; x_wconf 76' lang='lat' dir='ltr'><strong>cfuciamur</strong></span> <span class='ocrx_word' id='word_1_185' title='bbox 1334 2329 1660 2393; x_wconf 80' lang='lat' dir='ltr'><strong>detentusque,</strong></span> <span class='ocrx_word' id='word_1_186' title='bbox 1683 2342 1772 2380; x_wconf 86' lang='lat' dir='ltr'><strong>nec</strong></span> <span class='ocrx_word' id='word_1_187' title='bbox 1815 2330 2025 2383; x_wconf 84' lang='lat' dir='ltr'><strong>dicimus</strong></span> <span class='ocrx_word' id='word_1_188' title='bbox 2050 2342 2072 2383; x_wconf 85' lang='lat'><strong>.&#39;</strong></span> 
     </span>
    </p>
   </div>
   <div class='ocr_carea' id='block_1_23' title="bbox 491 2388 1125 2441">
    <p class='ocr_par' dir='ltr' id='par_1_23' title="bbox 491 2388 1125 2441">
     <span class='ocr_line' id='line_1_24' title="bbox 491 2388 1125 2441; baseline 0 -1"><span class='ocrx_word' id='word_1_189' title='bbox 491 2396 558 2440; x_wconf 78' lang='lat' dir='ltr'><strong>Ne</strong></span> <span class='ocrx_word' id='word_1_190' title='bbox 584 2388 708 2439; x_wconf 87' lang='lat' dir='ltr'><strong>ultra</strong></span> <span class='ocrx_word' id='word_1_191' title='bbox 731 2388 943 2440; x_wconf 80' lang='lat' dir='ltr'><strong>modum.</strong></span> <span class='ocrx_word' id='word_1_192' title='bbox 965 2426 977 2440; x_wconf 90' lang='lat'><strong>.</strong></span> <span class='ocrx_word' id='word_1_193' title='bbox 1000 2420 1011 2435; x_wconf 79' lang='grc' dir='ltr'><strong><em>ο</em></strong></span> <span class='ocrx_word' id='word_1_194' title='bbox 1032 2422 1049 2438; x_wconf 92' lang='grc'><strong>.</strong></span> <span class='ocrx_word' id='word_1_195' title='bbox 1074 2422 1094 2441; x_wconf 71' lang='grc' dir='ltr'><em>υ</em></span> <span class='ocrx_word' id='word_1_196' title='bbox 1109 2426 1125 2440; x_wconf 89' lang='lat'><strong>.</strong></span> 
     </span>
    </p>
   </div>
   <div class='ocr_carea' id='block_1_24' title="bbox 1232 363 3039 432">
    <p class='ocr_par' dir='ltr' id='par_1_24' title="bbox 1232 363 3039 432">
     <span class='ocr_line' id='line_1_25' title="bbox 1232 363 3039 432; baseline -0.004 -2"><span class='ocrx_word' id='word_1_197' title='bbox 1232 374 1294 430; x_wconf 86' lang='lat' dir='ltr'><strong>S.</strong></span> <span class='ocrx_word' id='word_1_198' title='bbox 1322 370 1605 432; x_wconf 78' lang='lat' dir='ltr'><strong>JOANNIS</strong></span> <span class='ocrx_word' id='word_1_199' title='bbox 1638 363 2116 428; x_wconf 66' lang='lat' dir='ltr'><strong>CHBVSOSTDHI</strong></span> <span class='ocrx_word' id='word_1_200' title='bbox 2148 364 2468 422; x_wconf 72' lang='lat' dir='ltr'><strong>ARCIIIEP.</strong></span> <span class='ocrx_word' id='word_1_201' title='bbox 2506 363 3039 431; x_wconf 74' lang='lat' dir='ltr'><strong>CONSTANTINOP.</strong></span> 
     </span>
    </p>
   </div>
   <div class='ocr_carea' id='block_1_25' title="bbox 3648 371 3761 445">
    <p class='ocr_par' dir='ltr' id='par_1_25' title="bbox 3648 371 3761 445">
     <span class='ocr_line' id='line_1_26' title="bbox 3648 371 3761 445; baseline 0 0"><span class='ocrx_word' id='word_1_202' title='bbox 3648 371 3761 445; x_wconf 63' lang='grc' dir='ltr'><strong>ἓνοβ</strong></span> 
     </span>
    </p>
   </div>
   <div class='ocr_carea' id='block_1_26' title="bbox 2176 480 3766 551">
    <p class='ocr_par' dir='ltr' id='par_1_26' title="bbox 2176 480 3766 551">
     <span class='ocr_line' id='line_1_27' title="bbox 2176 480 3766 551; baseline 0.008 -17"><span class='ocrx_word' id='word_1_203' title='bbox 2176 494 2358 534; x_wconf 78' lang='lat' dir='ltr'><strong>atauus</strong></span> <span class='ocrx_word' id='word_1_204' title='bbox 2393 480 2507 551; x_wconf 85' lang='lat' dir='ltr'><strong>ejus</strong></span> <span class='ocrx_word' id='word_1_205' title='bbox 2544 488 2592 534; x_wconf 87' lang='lat' dir='ltr'><strong>et</strong></span> <span class='ocrx_word' id='word_1_206' title='bbox 2632 481 2811 550; x_wconf 88' lang='lat' dir='ltr'><strong>pedes,</strong></span> <span class='ocrx_word' id='word_1_207' title='bbox 2850 488 2899 536; x_wconf 81' lang='lat' dir='ltr'><strong>et</strong></span> <span class='ocrx_word' id='word_1_208' title='bbox 2933 480 3113 536; x_wconf 80' lang='lat' dir='ltr'><strong>mittite</strong></span> <span class='ocrx_word' id='word_1_209' title='bbox 3147 481 3198 536; x_wconf 88' lang='lat' dir='ltr'><strong>in</strong></span> <span class='ocrx_word' id='word_1_210' title='bbox 3234 483 3464 541; x_wconf 80' lang='lat' dir='ltr'><strong>tenebras</strong></span> <span class='ocrx_word' id='word_1_211' title='bbox 3490 489 3766 546; x_wconf 68' lang='lat' dir='ltr'><strong>exteriores</strong></span> 
     </span>
    </p>
   </div>
   <div class='ocr_carea' id='block_1_27' title="bbox 2177 571 3761 646">
    <p class='ocr_par' dir='ltr' id='par_1_27' title="bbox 2177 571 3761 646">
     <span class='ocr_line' id='line_1_28' title="bbox 2177 571 3761 646; baseline 0.007 -20"><span class='ocrx_word' id='word_1_212' title='bbox 2177 572 2406 644; x_wconf 76' lang='lat' dir='ltr'><strong>(Matth.</strong></span> <span class='ocrx_word' id='word_1_213' title='bbox 2445 571 2536 628; x_wconf 86' lang='grc'><strong>22.</strong></span> <span class='ocrx_word' id='word_1_214' title='bbox 2571 573 2691 643; x_wconf 75' lang='lat' dir='ltr'><strong>l3).</strong></span> <span class='ocrx_word' id='word_1_215' title='bbox 2718 572 2854 629; x_wconf 93' lang='lat' dir='ltr'><strong>Vide</strong></span> <span class='ocrx_word' id='word_1_216' title='bbox 2892 573 3002 629; x_wconf 89' lang='lat' dir='ltr'><strong>illic</strong></span> <span class='ocrx_word' id='word_1_217' title='bbox 3040 588 3258 639; x_wconf 80' lang='lat' dir='ltr'><strong>servos,</strong></span> <span class='ocrx_word' id='word_1_218' title='bbox 3301 575 3393 646; x_wconf 90' lang='lat' dir='ltr'><strong>qui</strong></span> <span class='ocrx_word' id='word_1_219' title='bbox 3432 577 3761 637; x_wconf 86' lang='lat' dir='ltr'><strong>ministrant.</strong></span> 
     </span>
    </p>
   </div>
   <div class='ocr_carea' id='block_1_28' title="bbox 2176 662 3765 741">
    <p class='ocr_par' dir='ltr' id='par_1_28' title="bbox 2176 662 3765 741">
     <span class='ocr_line' id='line_1_29' title="bbox 2176 662 3765 741; baseline 0.008 -26"><span class='ocrx_word' id='word_1_220' title='bbox 2176 663 2312 719; x_wconf 86' lang='lat' dir='ltr'><strong>Cum</strong></span> <span class='ocrx_word' id='word_1_221' title='bbox 2337 672 2517 717; x_wconf 88' lang='lat' dir='ltr'><strong>autem</strong></span> <span class='ocrx_word' id='word_1_222' title='bbox 2551 662 2813 719; x_wconf 81' lang='lat' dir='ltr'><strong>beneﬁcia</strong></span> <span class='ocrx_word' id='word_1_223' title='bbox 2843 664 3141 733; x_wconf 67' lang='lat' dir='ltr'><strong>praestanda</strong></span> <span class='ocrx_word' id='word_1_224' title='bbox 3166 705 3182 732; x_wconf 94' lang='lat'><strong>,</strong></span> <span class='ocrx_word' id='word_1_225' title='bbox 3214 666 3332 735; x_wconf 84' lang='lat' dir='ltr'><strong>ipse</strong></span> <span class='ocrx_word' id='word_1_226' title='bbox 3358 677 3610 737; x_wconf 70' lang='lat' dir='ltr'><strong>praestat,</strong></span> <span class='ocrx_word' id='word_1_227' title='bbox 3643 670 3765 741; x_wconf 82' lang='lat' dir='ltr'><strong>ipse</strong></span> 
     </span>
    </p>
   </div>
   <div class='ocr_carea' id='block_1_29' title="bbox 2178 753 3767 832">
    <p class='ocr_par' dir='ltr' id='par_1_29' title="bbox 2178 753 3767 832">
     <span class='ocr_line' id='line_1_30' title="bbox 2178 753 3767 832; baseline 0.007 -24"><span class='ocrx_word' id='word_1_228' title='bbox 2178 765 2332 809; x_wconf 78' lang='lat' dir='ltr'><strong>vorat</strong></span> <span class='ocrx_word' id='word_1_229' title='bbox 2360 774 2373 810; x_wconf 92' lang='lat'><strong>:</strong></span> <span class='ocrx_word' id='word_1_230' title='bbox 2418 754 2863 822; x_wconf 78' lang='lat' dir='ltr'><strong>Venite,benedicti</strong></span> <span class='ocrx_word' id='word_1_231' title='bbox 2886 753 3062 811; x_wconf 88' lang='lat' dir='ltr'><strong>Patris</strong></span> <span class='ocrx_word' id='word_1_232' title='bbox 3089 758 3186 813; x_wconf 86' lang='lat' dir='ltr'><strong>mei</strong></span> <span class='ocrx_word' id='word_1_233' title='bbox 3203 797 3219 821; x_wconf 91' lang='lat'><strong>,</strong></span> <span class='ocrx_word' id='word_1_234' title='bbox 3249 760 3494 832; x_wconf 84' lang='lat' dir='ltr'><strong>percipite</strong></span> <span class='ocrx_word' id='word_1_235' title='bbox 3521 774 3767 832; x_wconf 78' lang='lat' dir='ltr'><strong>paratum</strong></span> 
     </span>
    </p>
   </div>
   <div class='ocr_carea' id='block_1_30' title="bbox 2179 844 3762 923">
    <p class='ocr_par' dir='ltr' id='par_1_30' title="bbox 2179 844 3762 923">
     <span class='ocr_line' id='line_1_31' title="bbox 2179 844 3762 923; baseline 0.006 -22"><span class='ocrx_word' id='word_1_236' title='bbox 2179 847 2318 901; x_wconf 74' lang='lat' dir='ltr'><strong>vobis</strong></span> <span class='ocrx_word' id='word_1_237' title='bbox 2361 864 2574 917; x_wconf 83' lang='lat' dir='ltr'><strong>regnum</strong></span> <span class='ocrx_word' id='word_1_238' title='bbox 2618 845 2758 919; x_wconf 85' lang='lat' dir='ltr'><strong>(1d.</strong></span> <span class='ocrx_word' id='word_1_239' title='bbox 2803 844 2895 902; x_wconf 82' lang='grc'><strong>25.</strong></span> <span class='ocrx_word' id='word_1_240' title='bbox 2937 846 3070 919; x_wconf 75' lang='lat' dir='ltr'><strong>3t).</strong></span> <span class='ocrx_word' id='word_1_241' title='bbox 3137 849 3366 917; x_wconf 87' lang='lat' dir='ltr'><strong>Quando</strong></span> <span class='ocrx_word' id='word_1_242' title='bbox 3430 853 3762 923; x_wconf 81' lang='lat' dir='ltr'><strong>loquendum</strong></span> 
     </span>
    </p>
   </div>
   <div class='ocr_carea' id='block_1_31' title="bbox 2176 937 3771 1011">
    <p class='ocr_par' dir='ltr' id='par_1_31' title="bbox 2176 937 3771 1011">
     <span class='ocr_line' id='line_1_32' title="bbox 2176 937 3771 1011; baseline 0.005 -18"><span class='ocrx_word' id='word_1_243' title='bbox 2176 945 2264 993; x_wconf 88' lang='lat' dir='ltr'><strong>est</strong></span> <span class='ocrx_word' id='word_1_244' title='bbox 2306 953 2428 993; x_wconf 91' lang='lat' dir='ltr'><strong>cum</strong></span> <span class='ocrx_word' id='word_1_245' title='bbox 2476 937 2781 1004; x_wconf 84' lang='lat' dir='ltr'><strong>Abraham,</strong></span> <span class='ocrx_word' id='word_1_246' title='bbox 2830 938 2945 1009; x_wconf 86' lang='lat' dir='ltr'><strong>ipse</strong></span> <span class='ocrx_word' id='word_1_247' title='bbox 2986 939 3176 995; x_wconf 81' lang='lat' dir='ltr'><strong>venit:</strong></span> <span class='ocrx_word' id='word_1_248' title='bbox 3215 940 3431 1011; x_wconf 83' lang='lat' dir='ltr'><strong>quando</strong></span> <span class='ocrx_word' id='word_1_249' title='bbox 3473 944 3771 1001; x_wconf 85' lang='lat' dir='ltr'><strong>Sodomam</strong></span> 
     </span>
    </p>
   </div>
   <div class='ocr_carea' id='block_1_32' title="bbox 2177 1030 3772 1105">
    <p class='ocr_par' dir='ltr' id='par_1_32' title="bbox 2177 1030 3772 1105">
     <span class='ocr_line' id='line_1_33' title="bbox 2177 1030 3772 1105; baseline 0.006 -21"><span class='ocrx_word' id='word_1_250' title='bbox 2177 1030 2326 1084; x_wconf 90' lang='lat' dir='ltr'><strong>abire</strong></span> <span class='ocrx_word' id='word_1_251' title='bbox 2370 1039 2614 1099; x_wconf 90' lang='lat' dir='ltr'><strong>oportet,</strong></span> <span class='ocrx_word' id='word_1_252' title='bbox 2663 1043 2853 1086; x_wconf 85' lang='lat' dir='ltr'><strong>servos</strong></span> <span class='ocrx_word' id='word_1_253' title='bbox 2903 1030 3067 1086; x_wconf 87' lang='lat' dir='ltr'><strong>mittit</strong></span> <span class='ocrx_word' id='word_1_254' title='bbox 3106 1030 3268 1103; x_wconf 81' lang='lat' dir='ltr'><strong>(Gen.</strong></span> <span class='ocrx_word' id='word_1_255' title='bbox 3322 1032 3408 1089; x_wconf 85' lang='grc'><strong>19.</strong></span> <span class='ocrx_word' id='word_1_256' title='bbox 3461 1036 3530 1105; x_wconf 87' lang='grc'><strong>1)</strong></span> <span class='ocrx_word' id='word_1_257' title='bbox 3562 1076 3578 1101; x_wconf 86' lang='lat'><strong>,</strong></span> <span class='ocrx_word' id='word_1_258' title='bbox 3622 1037 3772 1092; x_wconf 84' lang='lat' dir='ltr'><strong>sicut</strong></span> 
     </span>
    </p>
   </div>
   <div class='ocr_carea' id='block_1_33' title="bbox 2173 1121 3765 1201">
    <p class='ocr_par' dir='ltr' id='par_1_33' title="bbox 2173 1121 3765 1201">
     <span class='ocr_line' id='line_1_34' title="bbox 2173 1121 3765 1201; baseline 0.007 -28"><span class='ocrx_word' id='word_1_259' title='bbox 2173 1121 2335 1191; x_wconf 73' lang='lat' dir='ltr'><strong>judes</strong></span> <span class='ocrx_word' id='word_1_260' title='bbox 2375 1122 2465 1191; x_wconf 88' lang='lat' dir='ltr'><strong>qui</strong></span> <span class='ocrx_word' id='word_1_261' title='bbox 2508 1122 2798 1177; x_wconf 82' lang='lat' dir='ltr'><strong>exsuscth</strong></span> <span class='ocrx_word' id='word_1_262' title='bbox 2841 1123 3138 1193; x_wconf 89' lang='lat' dir='ltr'><strong>punituros.</strong></span> <span class='ocrx_word' id='word_1_263' title='bbox 3170 1125 3241 1180; x_wconf 87' lang='lat' dir='ltr'><strong>Et</strong></span> <span class='ocrx_word' id='word_1_264' title='bbox 3282 1141 3494 1182; x_wconf 86' lang='lat' dir='ltr'><strong>rursum</strong></span> <span class='ocrx_word' id='word_1_265' title='bbox 3530 1147 3544 1184; x_wconf 91' lang='lat'><strong>:</strong></span> <span class='ocrx_word' id='word_1_266' title='bbox 3578 1128 3765 1201; x_wconf 80' lang='lat' dir='ltr'><strong>Euge,</strong></span> 
     </span>
    </p>
   </div>
   <div class='ocr_carea' id='block_1_34' title="bbox 2178 1212 3767 1288">
    <p class='ocr_par' dir='ltr' id='par_1_34' title="bbox 2178 1212 3767 1288">
     <span class='ocr_line' id='line_1_35' title="bbox 2178 1212 3767 1288; baseline 0.008 -23"><span class='ocrx_word' id='word_1_267' title='bbox 2178 1226 2316 1266; x_wconf 79' lang='lat' dir='ltr'><strong>serue</strong></span> <span class='ocrx_word' id='word_1_268' title='bbox 2339 1212 2466 1267; x_wconf 87' lang='lat' dir='ltr'><strong>bone</strong></span> <span class='ocrx_word' id='word_1_269' title='bbox 2502 1222 2548 1267; x_wconf 87' lang='lat' dir='ltr'><strong>et</strong></span> <span class='ocrx_word' id='word_1_270' title='bbox 2579 1212 2779 1283; x_wconf 80' lang='lat' dir='ltr'><strong>ﬁdelis,</strong></span> <span class='ocrx_word' id='word_1_271' title='bbox 2804 1215 2924 1283; x_wconf 84' lang='lat' dir='ltr'><strong>quia</strong></span> <span class='ocrx_word' id='word_1_272' title='bbox 2961 1231 3114 1283; x_wconf 87' lang='lat' dir='ltr'><strong>super</strong></span> <span class='ocrx_word' id='word_1_273' title='bbox 3157 1232 3323 1286; x_wconf 85' lang='lat' dir='ltr'><strong>pauca</strong></span> <span class='ocrx_word' id='word_1_274' title='bbox 3370 1218 3513 1288; x_wconf 81' lang='lat' dir='ltr'><strong>fuisti</strong></span> <span class='ocrx_word' id='word_1_275' title='bbox 3558 1220 3767 1288; x_wconf 81' lang='lat' dir='ltr'><strong>ﬁdelis,</strong></span> 
     </span>
    </p>
   </div>
   <div class='ocr_carea' id='block_1_35' title="bbox 2177 1302 3773 1383">
    <p class='ocr_par' dir='ltr' id='par_1_35' title="bbox 2177 1302 3773 1383">
     <span class='ocr_line' id='line_1_36' title="bbox 2177 1302 3773 1383; baseline 0.007 -25"><span class='ocrx_word' id='word_1_276' title='bbox 2177 1320 2330 1374; x_wconf 83' lang='lat' dir='ltr'><strong>super</strong></span> <span class='ocrx_word' id='word_1_277' title='bbox 2361 1302 2525 1357; x_wconf 87' lang='lat' dir='ltr'><strong>multa</strong></span> <span class='ocrx_word' id='word_1_278' title='bbox 2553 1312 2599 1359; x_wconf 92' lang='lat' dir='ltr'><strong>te</strong></span> <span class='ocrx_word' id='word_1_279' title='bbox 2622 1307 2922 1360; x_wconf 83' lang='lat' dir='ltr'><strong>constituam</strong></span> <span class='ocrx_word' id='word_1_280' title='bbox 2947 1304 3162 1378; x_wconf 74' lang='lat' dir='ltr'><strong>(Matth.</strong></span> <span class='ocrx_word' id='word_1_281' title='bbox 3191 1309 3288 1364; x_wconf 81' lang='grc'><strong>25.</strong></span> <span class='ocrx_word' id='word_1_282' title='bbox 3313 1308 3379 1363; x_wconf 85' lang='grc'><strong>21</strong></span> <span class='ocrx_word' id='word_1_283' title='bbox 3410 1312 3450 1376; x_wconf 89' lang='grc'><strong>).</strong></span> <span class='ocrx_word' id='word_1_284' title='bbox 3478 1310 3613 1367; x_wconf 87' lang='lat' dir='ltr'><strong>lluic</strong></span> <span class='ocrx_word' id='word_1_285' title='bbox 3641 1315 3773 1383; x_wconf 85' lang='lat' dir='ltr'><strong>qui-</strong></span> 
     </span>
    </p>
   </div>
   <div class='ocr_carea' id='block_1_36' title="bbox 2178 1396 3769 1475">
    <p class='ocr_par' dir='ltr' id='par_1_36' title="bbox 2178 1396 3769 1475">
     <span class='ocr_line' id='line_1_37' title="bbox 2178 1396 3769 1475; baseline 0.006 -24"><span class='ocrx_word' id='word_1_286' title='bbox 2178 1396 2298 1452; x_wconf 86' lang='lat' dir='ltr'><strong>dem</strong></span> <span class='ocrx_word' id='word_1_287' title='bbox 2330 1397 2446 1467; x_wconf 88' lang='lat' dir='ltr'><strong>ipse</strong></span> <span class='ocrx_word' id='word_1_288' title='bbox 2472 1397 2778 1461; x_wconf 88' lang='lat' dir='ltr'><strong>benedicit;</strong></span> <span class='ocrx_word' id='word_1_289' title='bbox 2810 1399 2956 1453; x_wconf 89' lang='lat' dir='ltr'><strong>illum</strong></span> <span class='ocrx_word' id='word_1_290' title='bbox 2987 1414 3113 1454; x_wconf 83' lang='lat' dir='ltr'><strong>vero</strong></span> <span class='ocrx_word' id='word_1_291' title='bbox 3146 1400 3444 1469; x_wconf 88' lang='lat' dir='ltr'><strong>improbum</strong></span> <span class='ocrx_word' id='word_1_292' title='bbox 3476 1419 3582 1459; x_wconf 91' lang='lat' dir='ltr'><strong>non</strong></span> <span class='ocrx_word' id='word_1_293' title='bbox 3612 1406 3730 1475; x_wconf 87' lang='lat' dir='ltr'><strong>ipse</strong></span> <span class='ocrx_word' id='word_1_294' title='bbox 3750 1447 3769 1471; x_wconf 86' lang='lat'><strong>,</strong></span> 
     </span>
    </p>
   </div>
   <div class='ocr_carea' id='block_1_37' title="bbox 2178 1487 3771 1562">
    <p class='ocr_par' dir='ltr' id='par_1_37' title="bbox 2178 1487 3771 1562">
     <span class='ocr_line' id='line_1_38' title="bbox 2178 1487 3771 1562; baseline 0.006 -20"><span class='ocrx_word' id='word_1_295' title='bbox 2178 1487 2272 1543; x_wconf 89' lang='lat' dir='ltr'><strong>sed</strong></span> <span class='ocrx_word' id='word_1_296' title='bbox 2301 1487 2442 1542; x_wconf 86' lang='lat' dir='ltr'><strong>servi</strong></span> <span class='ocrx_word' id='word_1_297' title='bbox 2485 1487 2670 1558; x_wconf 84' lang='lat' dir='ltr'><strong>ligant.</strong></span> <span class='ocrx_word' id='word_1_298' title='bbox 2700 1487 2827 1544; x_wconf 62' lang='lat' dir='ltr'><strong>Haec</strong></span> <span class='ocrx_word' id='word_1_299' title='bbox 2869 1503 2989 1543; x_wconf 90' lang='lat' dir='ltr'><strong>cum</strong></span> <span class='ocrx_word' id='word_1_300' title='bbox 3019 1489 3289 1558; x_wconf 87' lang='lat' dir='ltr'><strong>sciamus,</strong></span> <span class='ocrx_word' id='word_1_301' title='bbox 3322 1508 3390 1548; x_wconf 91' lang='lat' dir='ltr'><strong>ne</strong></span> <span class='ocrx_word' id='word_1_302' title='bbox 3436 1495 3771 1562; x_wconf 74' lang='lat' dir='ltr'><strong>gaudeamus</strong></span> 
     </span>
    </p>
   </div>
   <div class='ocr_carea' id='block_1_38' title="bbox 2177 1577 3766 1656">
    <p class='ocr_par' dir='ltr' id='par_1_38' title="bbox 2177 1577 3766 1656">
     <span class='ocr_line' id='line_1_39' title="bbox 2177 1577 3766 1656; baseline 0.004 -22"><span class='ocrx_word' id='word_1_303' title='bbox 2177 1577 2247 1634; x_wconf 89' lang='lat' dir='ltr'><strong>de</strong></span> <span class='ocrx_word' id='word_1_304' title='bbox 2266 1579 2333 1633; x_wconf 85' lang='lat' dir='ltr'><strong>iis</strong></span> <span class='ocrx_word' id='word_1_305' title='bbox 2353 1620 2371 1644; x_wconf 85' lang='lat'><strong>,</strong></span> <span class='ocrx_word' id='word_1_306' title='bbox 2394 1578 2484 1649; x_wconf 89' lang='lat' dir='ltr'><strong>qui</strong></span> <span class='ocrx_word' id='word_1_307' title='bbox 2514 1579 2804 1649; x_wconf 86' lang='lat' dir='ltr'><strong>puniuntur</strong></span> <span class='ocrx_word' id='word_1_308' title='bbox 2822 1621 2837 1647; x_wconf 90' lang='lat'><strong>,</strong></span> <span class='ocrx_word' id='word_1_309' title='bbox 2863 1580 2958 1636; x_wconf 90' lang='lat' dir='ltr'><strong>sed</strong></span> <span class='ocrx_word' id='word_1_310' title='bbox 2983 1581 3260 1638; x_wconf 87' lang='lat' dir='ltr'><strong>doleamus</strong></span> <span class='ocrx_word' id='word_1_311' title='bbox 3284 1601 3297 1637; x_wconf 90' lang='lat'><strong>:</strong></span> <span class='ocrx_word' id='word_1_312' title='bbox 3328 1584 3427 1638; x_wconf 91' lang='lat' dir='ltr'><strong>hos</strong></span> <span class='ocrx_word' id='word_1_313' title='bbox 3448 1585 3726 1656; x_wconf 82' lang='lat' dir='ltr'><strong>lugeamus</strong></span> <span class='ocrx_word' id='word_1_314' title='bbox 3748 1628 3766 1655; x_wconf 96' lang='lat'><strong>,</strong></span> 
     </span>
    </p>
   </div>
   <div class='ocr_carea' id='block_1_39' title="bbox 2178 1670 3770 1739">
    <p class='ocr_par' dir='ltr' id='par_1_39' title="bbox 2178 1670 3770 1739">
     <span class='ocr_line' id='line_1_40' title="bbox 2178 1670 3770 1739; baseline 0.006 -12"><span class='ocrx_word' id='word_1_315' title='bbox 2178 1672 2280 1728; x_wconf 90' lang='lat' dir='ltr'><strong>hos</strong></span> <span class='ocrx_word' id='word_1_316' title='bbox 2308 1670 2531 1729; x_wconf 84' lang='lat' dir='ltr'><strong>ﬂeamus</strong></span> <span class='ocrx_word' id='word_1_317' title='bbox 2553 1711 2570 1738; x_wconf 90' lang='lat'><strong>,</strong></span> <span class='ocrx_word' id='word_1_318' title='bbox 2602 1682 2742 1727; x_wconf 88' lang='lat' dir='ltr'><strong>utet</strong></span> <span class='ocrx_word' id='word_1_319' title='bbox 2766 1672 2890 1729; x_wconf 89' lang='lat' dir='ltr'><strong>ideo</strong></span> <span class='ocrx_word' id='word_1_320' title='bbox 2919 1674 3223 1730; x_wconf 86' lang='lat' dir='ltr'><strong>mercedem</strong></span> <span class='ocrx_word' id='word_1_321' title='bbox 3270 1675 3580 1734; x_wconf 86' lang='lat' dir='ltr'><strong>habeamus.</strong></span> <span class='ocrx_word' id='word_1_322' title='bbox 3610 1679 3770 1739; x_wconf 82' lang='lat' dir='ltr'><strong>Nunc</strong></span> 
     </span>
    </p>
   </div>
   <div class='ocr_carea' id='block_1_40' title="bbox 2177 1765 3768 1840">
    <p class='ocr_par' dir='ltr' id='par_1_40' title="bbox 2177 1765 3768 1840">
     <span class='ocr_line' id='line_1_41' title="bbox 2177 1765 3768 1840; baseline 0.006 -20"><span class='ocrx_word' id='word_1_323' title='bbox 2177 1781 2310 1823; x_wconf 83' lang='lat' dir='ltr'><strong>vero</strong></span> <span class='ocrx_word' id='word_1_324' title='bbox 2336 1766 2488 1823; x_wconf 82' lang='lat' dir='ltr'><strong>Ittttlli</strong></span> <span class='ocrx_word' id='word_1_325' title='bbox 2527 1765 2690 1821; x_wconf 88' lang='lat' dir='ltr'><strong>etiam</strong></span> <span class='ocrx_word' id='word_1_326' title='bbox 2718 1766 2786 1822; x_wconf 91' lang='lat' dir='ltr'><strong>de</strong></span> <span class='ocrx_word' id='word_1_327' title='bbox 2824 1767 2930 1835; x_wconf 88' lang='lat' dir='ltr'><strong>iis,</strong></span> <span class='ocrx_word' id='word_1_328' title='bbox 2960 1768 3051 1837; x_wconf 89' lang='lat' dir='ltr'><strong>qui</strong></span> <span class='ocrx_word' id='word_1_329' title='bbox 3076 1767 3277 1837; x_wconf 81' lang='lat' dir='ltr'><strong>injuste</strong></span> <span class='ocrx_word' id='word_1_330' title='bbox 3316 1770 3454 1824; x_wconf 88' lang='lat' dir='ltr'><strong>mala</strong></span> <span class='ocrx_word' id='word_1_331' title='bbox 3493 1772 3768 1840; x_wconf 88' lang='lat' dir='ltr'><strong>patiuntur</strong></span> 
     </span>
    </p>
   </div>
   <div class='ocr_carea' id='block_1_41' title="bbox 2176 1859 3765 1933">
    <p class='ocr_par' dir='ltr' id='par_1_41' title="bbox 2176 1859 3765 1933">
     <span class='ocr_line' id='line_1_42' title="bbox 2176 1859 3765 1933; baseline 0.002 -16"><span class='ocrx_word' id='word_1_332' title='bbox 2176 1861 2430 1932; x_wconf 76' lang='lat' dir='ltr'><strong>gaudent.</strong></span> <span class='ocrx_word' id='word_1_333' title='bbox 2471 1860 2577 1916; x_wconf 83' lang='lat' dir='ltr'><strong>Sed</strong></span> <span class='ocrx_word' id='word_1_334' title='bbox 2605 1876 2712 1916; x_wconf 89' lang='lat' dir='ltr'><strong>non</strong></span> <span class='ocrx_word' id='word_1_335' title='bbox 2744 1860 2816 1915; x_wconf 90' lang='lat' dir='ltr'><strong>ita</strong></span> <span class='ocrx_word' id='word_1_336' title='bbox 2838 1875 2935 1915; x_wconf 90' lang='lat' dir='ltr'><strong>nos</strong></span> <span class='ocrx_word' id='word_1_337' title='bbox 2956 1859 3231 1928; x_wconf 81' lang='lat' dir='ltr'><strong>iaciamus,</strong></span> <span class='ocrx_word' id='word_1_338' title='bbox 3261 1877 3583 1933; x_wconf 90' lang='lat' dir='ltr'><strong>omnemque</strong></span> <span class='ocrx_word' id='word_1_339' title='bbox 3607 1881 3765 1919; x_wconf 91' lang='lat' dir='ltr'><strong>com-</strong></span> 
     </span>
    </p>
   </div>
   <div class='ocr_carea' id='block_1_42' title="bbox 2175 1952 3759 2023">
    <p class='ocr_par' dir='ltr' id='par_1_42' title="bbox 2175 1952 3759 2023">
     <span class='ocr_line' id='line_1_43' title="bbox 2175 1952 3759 2023; baseline 0.001 -14"><span class='ocrx_word' id='word_1_340' title='bbox 2175 1953 2575 2009; x_wconf 86' lang='lat' dir='ltr'><strong>miserationem</strong></span> <span class='ocrx_word' id='word_1_341' title='bbox 2598 1952 2972 2017; x_wconf 79' lang='lat' dir='ltr'><strong>exhibeamus,</strong></span> <span class='ocrx_word' id='word_1_342' title='bbox 3001 1963 3059 2008; x_wconf 89' lang='lat' dir='ltr'><strong>ut</strong></span> <span class='ocrx_word' id='word_1_343' title='bbox 3082 1963 3136 2008; x_wconf 90' lang='lat' dir='ltr'><strong>et</strong></span> <span class='ocrx_word' id='word_1_344' title='bbox 3152 1953 3250 2023; x_wconf 87' lang='lat' dir='ltr'><strong>ipsi</strong></span> <span class='ocrx_word' id='word_1_345' title='bbox 3281 1969 3310 2008; x_wconf 91' lang='lat' dir='ltr'><strong>a</strong></span> <span class='ocrx_word' id='word_1_346' title='bbox 3330 1954 3439 2009; x_wconf 90' lang='lat' dir='ltr'><strong>Deo</strong></span> <span class='ocrx_word' id='word_1_347' title='bbox 3456 1957 3759 2011; x_wconf 88' lang='lat' dir='ltr'><strong>misericor-</strong></span> 
     </span>
    </p>
   </div>
   <div class='ocr_carea' id='block_1_43' title="bbox 2179 2044 3763 2116">
    <p class='ocr_par' dir='ltr' id='par_1_43' title="bbox 2179 2044 3763 2116">
     <span class='ocr_line' id='line_1_44' title="bbox 2179 2044 3763 2116; baseline 0 -14"><span class='ocrx_word' id='word_1_348' title='bbox 2179 2046 2320 2102; x_wconf 88' lang='lat' dir='ltr'><strong>diam</strong></span> <span class='ocrx_word' id='word_1_349' title='bbox 2353 2060 2782 2116; x_wconf 84' lang='lat' dir='ltr'><strong>consequamur,</strong></span> <span class='ocrx_word' id='word_1_350' title='bbox 2826 2044 2995 2115; x_wconf 86' lang='lat' dir='ltr'><strong>gratia</strong></span> <span class='ocrx_word' id='word_1_351' title='bbox 3034 2054 3091 2100; x_wconf 92' lang='lat' dir='ltr'><strong>et</strong></span> <span class='ocrx_word' id='word_1_352' title='bbox 3130 2044 3457 2115; x_wconf 86' lang='lat' dir='ltr'><strong>benignitate</strong></span> <span class='ocrx_word' id='word_1_353' title='bbox 3494 2046 3763 2115; x_wconf 83' lang='lat' dir='ltr'><strong>Unigeuiti</strong></span> 
     </span>
    </p>
   </div>
   <div class='ocr_carea' id='block_1_44' title="bbox 2178 2137 3766 2209">
    <p class='ocr_par' dir='ltr' id='par_1_44' title="bbox 2178 2137 3766 2209">
     <span class='ocr_line' id='line_1_45' title="bbox 2178 2137 3766 2209; baseline 0.001 -16"><span class='ocrx_word' id='word_1_354' title='bbox 2178 2138 2314 2208; x_wconf 86' lang='lat' dir='ltr'><strong>ejus,</strong></span> <span class='ocrx_word' id='word_1_355' title='bbox 2345 2137 2557 2207; x_wconf 86' lang='lat' dir='ltr'><strong>quicum</strong></span> <span class='ocrx_word' id='word_1_356' title='bbox 2598 2138 2745 2193; x_wconf 83' lang='lat' dir='ltr'><strong>Patri</strong></span> <span class='ocrx_word' id='word_1_357' title='bbox 2779 2145 2834 2193; x_wconf 90' lang='lat' dir='ltr'><strong>et</strong></span> <span class='ocrx_word' id='word_1_358' title='bbox 2866 2137 3087 2206; x_wconf 85' lang='lat' dir='ltr'><strong>Spiritui</strong></span> <span class='ocrx_word' id='word_1_359' title='bbox 3126 2146 3314 2193; x_wconf 89' lang='lat' dir='ltr'><strong>sancto</strong></span> <span class='ocrx_word' id='word_1_360' title='bbox 3346 2139 3512 2209; x_wconf 87' lang='lat' dir='ltr'><strong>gloria</strong></span> <span class='ocrx_word' id='word_1_361' title='bbox 3533 2179 3550 2204; x_wconf 96' lang='lat'><strong>,</strong></span> <span class='ocrx_word' id='word_1_362' title='bbox 3589 2140 3766 2208; x_wconf 90' lang='lat' dir='ltr'><strong>impe-</strong></span> 
     </span>
    </p>
   </div>
   <div class='ocr_carea' id='block_1_45' title="bbox 2178 2229 3767 2299">
    <p class='ocr_par' dir='ltr' id='par_1_45' title="bbox 2178 2229 3767 2299">
     <span class='ocr_line' id='line_1_46' title="bbox 2178 2229 3767 2299; baseline 0 -14"><span class='ocrx_word' id='word_1_363' title='bbox 2178 2231 2335 2296; x_wconf 89' lang='lat' dir='ltr'><strong>rium,</strong></span> <span class='ocrx_word' id='word_1_364' title='bbox 2365 2230 2547 2285; x_wconf 17' lang='lat' dir='ltr'><strong>honor.</strong></span> <span class='ocrx_word' id='word_1_365' title='bbox 2565 2268 2580 2295; x_wconf 85' lang='lat'><strong>,</strong></span> <span class='ocrx_word' id='word_1_366' title='bbox 2612 2245 2753 2285; x_wconf 85' lang='lat' dir='ltr'><strong>nunc</strong></span> <span class='ocrx_word' id='word_1_367' title='bbox 2777 2240 2831 2285; x_wconf 90' lang='lat' dir='ltr'><strong>et</strong></span> <span class='ocrx_word' id='word_1_368' title='bbox 2868 2244 3083 2299; x_wconf 88' lang='lat' dir='ltr'><strong>semper</strong></span> <span class='ocrx_word' id='word_1_369' title='bbox 3100 2269 3117 2296; x_wconf 92' lang='lat'><strong>,</strong></span> <span class='ocrx_word' id='word_1_370' title='bbox 3144 2238 3202 2285; x_wconf 90' lang='lat' dir='ltr'><strong>et</strong></span> <span class='ocrx_word' id='word_1_371' title='bbox 3235 2229 3291 2285; x_wconf 87' lang='lat' dir='ltr'><strong>in</strong></span> <span class='ocrx_word' id='word_1_372' title='bbox 3318 2230 3513 2287; x_wconf 61' lang='lat' dir='ltr'><strong>saecula</strong></span> <span class='ocrx_word' id='word_1_373' title='bbox 3535 2232 3767 2287; x_wconf 62' lang='lat' dir='ltr'><strong>saeculo.-</strong></span> 
     </span>
    </p>
   </div>
   <div class='ocr_carea' id='block_1_46' title="bbox 2177 2323 2543 2378">
    <p class='ocr_par' dir='ltr' id='par_1_46' title="bbox 2177 2323 2543 2378">
     <span class='ocr_line' id='line_1_47' title="bbox 2177 2323 2543 2378; baseline -0.008 -1"><span class='ocrx_word' id='word_1_374' title='bbox 2177 2337 2318 2378; x_wconf 90' lang='lat' dir='ltr'><strong>rum.</strong></span> <span class='ocrx_word' id='word_1_375' title='bbox 2349 2323 2543 2378; x_wconf 87' lang='lat' dir='ltr'><strong>Amen.</strong></span> 
     </span>
    </p>
   </div>
   <div class='ocr_carea' id='block_1_47' title="bbox 1860 2587 2475 2650">
    <p class='ocr_par' dir='ltr' id='par_1_47' title="bbox 1860 2587 2475 2650">
     <span class='ocr_line' id='line_1_48' title="bbox 1860 2587 2475 2650; baseline 0.003 -2"><span class='ocrx_word' id='word_1_376' title='bbox 1860 2587 2209 2649; x_wconf 82' lang='lat' dir='ltr'><strong>HOMILIA</strong></span> <span class='ocrx_word' id='word_1_377' title='bbox 2251 2589 2475 2650; x_wconf 82' lang='lat' dir='ltr'><strong>XLIV.</strong></span> 
     </span>
    </p>
   </div>
   <div class='ocr_carea' id='block_1_48' title="bbox 486 2730 2082 2806">
    <p class='ocr_par' dir='ltr' id='par_1_48' title="bbox 486 2730 2082 2806">
     <span class='ocr_line' id='line_1_49' title="bbox 486 2730 2082 2806; baseline 0.003 -21"><span class='ocrx_word' id='word_1_378' title='bbox 486 2730 601 2785; x_wconf 69' lang='lat' dir='ltr'><strong>Car</strong></span> <span class='ocrx_word' id='word_1_379' title='bbox 649 2731 739 2785; x_wconf 87' lang='grc'><strong>20.</strong></span> <span class='ocrx_word' id='word_1_380' title='bbox 764 2746 818 2784; x_wconf 86' lang='lat' dir='ltr'><strong>v.</strong></span> <span class='ocrx_word' id='word_1_381' title='bbox 859 2732 946 2786; x_wconf 87' lang='grc'><strong>17.</strong></span> <span class='ocrx_word' id='word_1_382' title='bbox 971 2731 1011 2784; x_wconf 86' lang='grc' dir='ltr'><em>Α</em></span> <span class='ocrx_word' id='word_1_383' title='bbox 1058 2731 1233 2787; x_wconf 76' lang='lat' dir='ltr'><strong>Mileto</strong></span> <span class='ocrx_word' id='word_1_384' title='bbox 1261 2742 1429 2788; x_wconf 85' lang='lat' dir='ltr'><strong>autem</strong></span> <span class='ocrx_word' id='word_1_385' title='bbox 1459 2733 1660 2790; x_wconf 84' lang='lat' dir='ltr'><strong>mittens</strong></span> <span class='ocrx_word' id='word_1_386' title='bbox 1681 2732 1962 2806; x_wconf 83' lang='lat' dir='ltr'><strong>Ephesum,</strong></span> <span class='ocrx_word' id='word_1_387' title='bbox 1991 2750 2082 2789; x_wconf 81' lang='grc' dir='ltr'><strong>υο-</strong></span> 
     </span>
    </p>
   </div>
   <div class='ocr_carea' id='block_1_49' title="bbox 563 2824 2082 2897">
    <p class='ocr_par' dir='ltr' id='par_1_49' title="bbox 563 2824 2082 2897">
     <span class='ocr_line' id='line_1_50' title="bbox 563 2824 2082 2897; baseline 0.002 -20"><span class='ocrx_word' id='word_1_388' title='bbox 563 2825 696 2879; x_wconf 86' lang='lat' dir='ltr'><strong>cavit</strong></span> <span class='ocrx_word' id='word_1_389' title='bbox 724 2824 1038 2897; x_wconf 77' lang='lat' dir='ltr'><strong>presbyteros</strong></span> <span class='ocrx_word' id='word_1_390' title='bbox 1066 2824 1326 2882; x_wconf 70' lang='lat' dir='ltr'><strong>E‘cclcsia&#39;.</strong></span> <span class='ocrx_word' id='word_1_391' title='bbox 1353 2828 1439 2882; x_wconf 85' lang='grc'><strong>18.</strong></span> <span class='ocrx_word' id='word_1_392' title='bbox 1477 2826 1577 2892; x_wconf 85' lang='lat' dir='ltr'><strong>Qui</strong></span> <span class='ocrx_word' id='word_1_393' title='bbox 1606 2845 1718 2881; x_wconf 84' lang='lat' dir='ltr'><strong>cum</strong></span> <span class='ocrx_word' id='word_1_394' title='bbox 1741 2829 1990 2883; x_wconf 83' lang='lat' dir='ltr'><strong>venissent</strong></span> <span class='ocrx_word' id='word_1_395' title='bbox 2014 2826 2082 2881; x_wconf 88' lang='lat' dir='ltr'><strong>ad</strong></span> 
     </span>
    </p>
   </div>
   <div class='ocr_carea' id='block_1_50' title="bbox 563 2917 2081 2992">
    <p class='ocr_par' dir='ltr' id='par_1_50' title="bbox 563 2917 2081 2992">
     <span class='ocr_line' id='line_1_51' title="bbox 563 2917 2081 2992; baseline 0.003 -22"><span class='ocrx_word' id='word_1_396' title='bbox 563 2930 700 2983; x_wconf 81' lang='lat' dir='ltr'><strong>eum,</strong></span> <span class='ocrx_word' id='word_1_397' title='bbox 730 2917 859 2971; x_wconf 69' lang='lat' dir='ltr'><strong>dixit</strong></span> <span class='ocrx_word' id='word_1_398' title='bbox 883 2917 954 2971; x_wconf 87' lang='lat' dir='ltr'><strong>eis</strong></span> <span class='ocrx_word' id='word_1_399' title='bbox 978 2932 999 2972; x_wconf 92' lang='lat'><strong>:</strong></span> <span class='ocrx_word' id='word_1_400' title='bbox 1033 2917 1134 2972; x_wconf 89' lang='lat' dir='ltr'><strong>Vos</strong></span> <span class='ocrx_word' id='word_1_401' title='bbox 1157 2919 1296 2972; x_wconf 84' lang='lat' dir='ltr'><strong>scitis</strong></span> <span class='ocrx_word' id='word_1_402' title='bbox 1319 2937 1350 2972; x_wconf 92' lang='lat' dir='ltr'><strong>a</strong></span> <span class='ocrx_word' id='word_1_403' title='bbox 1381 2920 1546 2988; x_wconf 87' lang='lat' dir='ltr'><strong>prima</strong></span> <span class='ocrx_word' id='word_1_404' title='bbox 1572 2920 1673 2982; x_wconf 87' lang='lat' dir='ltr'><strong>die,</strong></span> <span class='ocrx_word' id='word_1_405' title='bbox 1698 2936 1798 2991; x_wconf 87' lang='lat' dir='ltr'><strong>qua</strong></span> <span class='ocrx_word' id='word_1_406' title='bbox 1824 2921 2081 2992; x_wconf 88' lang='lat' dir='ltr'><strong>ingressus</strong></span> 
     </span>
    </p>
   </div>
   <div class='ocr_carea' id='block_1_51' title="bbox 562 3008 2080 3082">
    <p class='ocr_par' dir='ltr' id='par_1_51' title="bbox 562 3008 2080 3082">
     <span class='ocr_line' id='line_1_52' title="bbox 562 3008 2080 3082; baseline 0.001 -18"><span class='ocrx_word' id='word_1_407' title='bbox 562 3024 679 3064; x_wconf 83' lang='lat' dir='ltr'><strong>sum</strong></span> <span class='ocrx_word' id='word_1_408' title='bbox 720 3009 774 3061; x_wconf 85' lang='lat' dir='ltr'><strong>in</strong></span> <span class='ocrx_word' id='word_1_409' title='bbox 819 3008 1012 3072; x_wconf 77' lang='lat' dir='ltr'><strong>Asiam,</strong></span> <span class='ocrx_word' id='word_1_410' title='bbox 1041 3009 1260 3079; x_wconf 80' lang='lat' dir='ltr'><strong>qualiter</strong></span> <span class='ocrx_word' id='word_1_411' title='bbox 1307 3010 1565 3064; x_wconf 78' lang='lat' dir='ltr'><strong>vobiscum</strong></span> <span class='ocrx_word' id='word_1_412' title='bbox 1593 3028 1682 3081; x_wconf 87' lang='lat' dir='ltr'><strong>per</strong></span> <span class='ocrx_word' id='word_1_413' title='bbox 1710 3028 1858 3066; x_wconf 88' lang='lat' dir='ltr'><strong>omne</strong></span> <span class='ocrx_word' id='word_1_414' title='bbox 1885 3022 2080 3082; x_wconf 87' lang='lat' dir='ltr'><strong>tempus</strong></span> 
     </span>
    </p>
   </div>
   <div class='ocr_carea' id='block_1_52' title="bbox 565 3099 2081 3171">
    <p class='ocr_par' dir='ltr' id='par_1_52' title="bbox 565 3099 2081 3171">
     <span class='ocr_line' id='line_1_53' title="bbox 565 3099 2081 3171; baseline 0.001 -17"><span class='ocrx_word' id='word_1_415' title='bbox 565 3101 770 3171; x_wconf 79' lang='lat' dir='ltr'><strong>fuerim,</strong></span> <span class='ocrx_word' id='word_1_416' title='bbox 793 3099 882 3155; x_wconf 89' lang='grc'><strong>19.</strong></span> <span class='ocrx_word' id='word_1_417' title='bbox 904 3101 1121 3154; x_wconf 80' lang='lat' dir='ltr'><strong>seruiens</strong></span> <span class='ocrx_word' id='word_1_418' title='bbox 1150 3099 1375 3153; x_wconf 83' lang='lat' dir='ltr'><strong>Domino</strong></span> <span class='ocrx_word' id='word_1_419' title='bbox 1396 3101 1648 3156; x_wconf 80' lang='lat' dir='ltr'><strong>uobiscum</strong></span> <span class='ocrx_word' id='word_1_420' title='bbox 1677 3116 1791 3155; x_wconf 85' lang='lat' dir='ltr'><strong>eum</strong></span> <span class='ocrx_word' id='word_1_421' title='bbox 1817 3102 1953 3156; x_wconf 75' lang='lat' dir='ltr'><strong>enini</strong></span> <span class='ocrx_word' id='word_1_422' title='bbox 1984 3102 2081 3156; x_wconf 86' lang='lat' dir='ltr'><strong>hu-</strong></span> 
     </span>
    </p>
   </div>
   <div class='ocr_carea' id='block_1_53' title="bbox 566 3190 2080 3265">
    <p class='ocr_par' dir='ltr' id='par_1_53' title="bbox 566 3190 2080 3265">
     <span class='ocr_line' id='line_1_54' title="bbox 566 3190 2080 3265; baseline 0.003 -21"><span class='ocrx_word' id='word_1_423' title='bbox 566 3190 781 3244; x_wconf 81' lang='lat' dir='ltr'><strong>militate</strong></span> <span class='ocrx_word' id='word_1_424' title='bbox 805 3200 852 3245; x_wconf 88' lang='lat' dir='ltr'><strong>et</strong></span> <span class='ocrx_word' id='word_1_425' title='bbox 882 3191 1055 3245; x_wconf 87' lang='lat' dir='ltr'><strong>multis</strong></span> <span class='ocrx_word' id='word_1_426' title='bbox 1083 3190 1321 3261; x_wconf 82' lang='lat' dir='ltr'><strong>lacrymis</strong></span> <span class='ocrx_word' id='word_1_427' title='bbox 1350 3201 1394 3246; x_wconf 90' lang='lat' dir='ltr'><strong>et</strong></span> <span class='ocrx_word' id='word_1_428' title='bbox 1421 3191 1797 3257; x_wconf 87' lang='lat' dir='ltr'><strong>tentationibus,</strong></span> <span class='ocrx_word' id='word_1_429' title='bbox 1819 3209 1934 3265; x_wconf 72' lang='lat' dir='ltr'><strong>qua:</strong></span> <span class='ocrx_word' id='word_1_430' title='bbox 1956 3193 2080 3248; x_wconf 89' lang='lat' dir='ltr'><strong>mihi</strong></span> 
     </span>
    </p>
   </div>
   <div class='ocr_carea' id='block_1_54' title="bbox 567 3281 2078 3356">
    <p class='ocr_par' dir='ltr' id='par_1_54' title="bbox 567 3281 2078 3356">
     <span class='ocr_line' id='line_1_55' title="bbox 567 3281 2078 3356; baseline 0.005 -23"><span class='ocrx_word' id='word_1_431' title='bbox 567 3281 860 3334; x_wconf 84' lang='lat' dir='ltr'><strong>acciderunt</strong></span> <span class='ocrx_word' id='word_1_432' title='bbox 885 3298 947 3336; x_wconf 66' lang='lat' dir='ltr'><strong>ex</strong></span> <span class='ocrx_word' id='word_1_433' title='bbox 979 3281 1177 3336; x_wconf 85' lang='lat' dir='ltr'><strong>insidiis</strong></span> <span class='ocrx_word' id='word_1_434' title='bbox 1204 3282 1527 3350; x_wconf 67' lang='lat' dir='ltr'><strong>Judazorum,</strong></span> <span class='ocrx_word' id='word_1_435' title='bbox 1555 3283 1645 3340; x_wconf 87' lang='grc'><strong>20.</strong></span> <span class='ocrx_word' id='word_1_436' title='bbox 1674 3287 1922 3356; x_wconf 87' lang='lat' dir='ltr'><strong>quomodo</strong></span> <span class='ocrx_word' id='word_1_437' title='bbox 1952 3286 2078 3341; x_wconf 88' lang='lat' dir='ltr'><strong>nihil</strong></span> 
     </span>
    </p>
   </div>
   <div class='ocr_carea' id='block_1_55' title="bbox 565 3372 2077 3443">
    <p class='ocr_par' dir='ltr' id='par_1_55' title="bbox 565 3372 2077 3443">
     <span class='ocr_line' id='line_1_56' title="bbox 565 3372 2077 3443; baseline 0.005 -18"><span class='ocrx_word' id='word_1_438' title='bbox 565 3372 900 3426; x_wconf 63' lang='lat' dir='ltr'><strong>subtraxerim</strong></span> <span class='ocrx_word' id='word_1_439' title='bbox 926 3372 1145 3438; x_wconf 84' lang='lat' dir='ltr'><strong>utilium,</strong></span> <span class='ocrx_word' id='word_1_440' title='bbox 1172 3375 1295 3442; x_wconf 83' lang='lat' dir='ltr'><strong>quin</strong></span> <span class='ocrx_word' id='word_1_441' title='bbox 1332 3376 1685 3429; x_wconf 80' lang='lat' dir='ltr'><strong>annuntiarem</strong></span> <span class='ocrx_word' id='word_1_442' title='bbox 1712 3377 1869 3443; x_wconf 81' lang='lat' dir='ltr'><strong>vobis,</strong></span> <span class='ocrx_word' id='word_1_443' title='bbox 1906 3387 1953 3432; x_wconf 90' lang='lat' dir='ltr'><strong>et</strong></span> <span class='ocrx_word' id='word_1_444' title='bbox 1980 3378 2077 3432; x_wconf 87' lang='lat' dir='ltr'><strong>do-</strong></span> 
     </span>
    </p>
   </div>
   <div class='ocr_carea' id='block_1_56' title="bbox 565 3463 2078 3535">
    <p class='ocr_par' dir='ltr' id='par_1_56' title="bbox 565 3463 2078 3535">
     <span class='ocr_line' id='line_1_57' title="bbox 565 3463 2078 3535; baseline 0.005 -19"><span class='ocrx_word' id='word_1_445' title='bbox 565 3478 737 3517; x_wconf 84' lang='lat' dir='ltr'><strong>cerem</strong></span> <span class='ocrx_word' id='word_1_446' title='bbox 757 3478 843 3516; x_wconf 71' lang='lat' dir='ltr'><strong>vos</strong></span> <span class='ocrx_word' id='word_1_447' title='bbox 871 3463 1069 3533; x_wconf 83' lang='lat' dir='ltr'><strong>publice</strong></span> <span class='ocrx_word' id='word_1_448' title='bbox 1107 3474 1155 3518; x_wconf 90' lang='lat' dir='ltr'><strong>et</strong></span> <span class='ocrx_word' id='word_1_449' title='bbox 1186 3480 1277 3533; x_wconf 86' lang='lat' dir='ltr'><strong>per</strong></span> <span class='ocrx_word' id='word_1_450' title='bbox 1315 3465 1527 3529; x_wconf 82' lang='lat' dir='ltr'><strong>domos:</strong></span> <span class='ocrx_word' id='word_1_451' title='bbox 1554 3466 1646 3521; x_wconf 83' lang='grc'><strong>21.</strong></span> <span class='ocrx_word' id='word_1_452' title='bbox 1677 3468 1950 3535; x_wconf 72' lang='lat' dir='ltr'><strong>testiﬁcaris</strong></span> <span class='ocrx_word' id='word_1_453' title='bbox 1977 3467 2078 3524; x_wconf 76' lang='lat' dir='ltr'><strong>Ju-</strong></span> 
     </span>
    </p>
   </div>
   <div class='ocr_carea' id='block_1_57' title="bbox 568 3553 2078 3631">
    <p class='ocr_par' dir='ltr' id='par_1_57' title="bbox 568 3553 2078 3631">
     <span class='ocr_line' id='line_1_58' title="bbox 568 3553 2078 3631; baseline 0.006 -24"><span class='ocrx_word' id='word_1_454' title='bbox 568 3554 696 3609; x_wconf 77' lang='lat' dir='ltr'><strong>dreis</strong></span> <span class='ocrx_word' id='word_1_455' title='bbox 728 3563 875 3623; x_wconf 76' lang='lat' dir='ltr'><strong>atque</strong></span> <span class='ocrx_word' id='word_1_456' title='bbox 900 3553 1168 3627; x_wconf 82' lang='lat' dir='ltr'><strong>gentilibus</strong></span> <span class='ocrx_word' id='word_1_457' title='bbox 1192 3553 1247 3609; x_wconf 88' lang='lat' dir='ltr'><strong>in</strong></span> <span class='ocrx_word' id='word_1_458' title='bbox 1272 3553 1439 3610; x_wconf 86' lang='lat' dir='ltr'><strong>Deum</strong></span> <span class='ocrx_word' id='word_1_459' title='bbox 1477 3558 1900 3625; x_wconf 71' lang='lat' dir='ltr'><strong>parnitentiam,et</strong></span> <span class='ocrx_word' id='word_1_460' title='bbox 1923 3560 2078 3631; x_wconf 80' lang='lat' dir='ltr'><strong>ﬁdem</strong></span> 
     </span>
    </p>
   </div>
   <div class='ocr_carea' id='block_1_58' title="bbox 565 3646 1672 3704">
    <p class='ocr_par' dir='ltr' id='par_1_58' title="bbox 565 3646 1672 3704">
     <span class='ocr_line' id='line_1_59' title="bbox 565 3646 1672 3704; baseline 0.002 -3"><span class='ocrx_word' id='word_1_461' title='bbox 565 3646 623 3701; x_wconf 77' lang='lat' dir='ltr'><strong>in</strong></span> <span class='ocrx_word' id='word_1_462' title='bbox 646 3646 916 3700; x_wconf 86' lang='lat' dir='ltr'><strong>Dominum</strong></span> <span class='ocrx_word' id='word_1_463' title='bbox 942 3656 1171 3702; x_wconf 84' lang='lat' dir='ltr'><strong>nostrum</strong></span> <span class='ocrx_word' id='word_1_464' title='bbox 1193 3647 1372 3703; x_wconf 76' lang='lat' dir='ltr'><strong>Iesum</strong></span> <span class='ocrx_word' id='word_1_465' title='bbox 1397 3648 1672 3704; x_wconf 71' lang='lat' dir='ltr'><strong>Christum.</strong></span> 
     </span>
    </p>
   </div>
   <div class='ocr_carea' id='block_1_59' title="bbox 567 3739 2078 3814">
    <p class='ocr_par' dir='ltr' id='par_1_59' title="bbox 567 3739 2078 3814">
     <span class='ocr_line' id='line_1_60' title="bbox 567 3739 2078 3814; baseline 0.005 -20"><span class='ocrx_word' id='word_1_466' title='bbox 567 3742 621 3795; x_wconf 93' lang='grc'><strong>1.</strong></span> <span class='ocrx_word' id='word_1_467' title='bbox 655 3739 811 3795; x_wconf 80' lang='lat' dir='ltr'><strong>Pauli</strong></span> <span class='ocrx_word' id='word_1_468' title='bbox 834 3742 1100 3796; x_wconf 84' lang='lat' dir='ltr'><strong>modestia.</strong></span> <span class='ocrx_word' id='word_1_469' title='bbox 1129 3772 1203 3782; x_wconf 91' lang='lat'>—</span> <span class='ocrx_word' id='word_1_470' title='bbox 1230 3741 1362 3797; x_wconf 83' lang='lat' dir='ltr'><strong>Vide</strong></span> <span class='ocrx_word' id='word_1_471' title='bbox 1387 3758 1544 3813; x_wconf 85' lang='lat' dir='ltr'><strong>quam</strong></span> <span class='ocrx_word' id='word_1_472' title='bbox 1584 3752 1774 3813; x_wconf 86' lang='lat' dir='ltr'><strong>urgeat</strong></span> <span class='ocrx_word' id='word_1_473' title='bbox 1816 3743 1884 3800; x_wconf 89' lang='lat' dir='ltr'><strong>ad</strong></span> <span class='ocrx_word' id='word_1_474' title='bbox 1935 3761 2078 3814; x_wconf 65' lang='lat' dir='ltr'><strong>pra:-</strong></span> 
     </span>
    </p>
   </div>
   <div class='ocr_carea' id='block_1_60' title="bbox 492 3831 2075 3907">
    <p class='ocr_par' dir='ltr' id='par_1_60' title="bbox 492 3831 2075 3907">
     <span class='ocr_line' id='line_1_61' title="bbox 492 3831 2075 3907; baseline 0.004 -22"><span class='ocrx_word' id='word_1_475' title='bbox 492 3831 969 3902; x_wconf 84' lang='lat' dir='ltr'><strong>ternavigandum,</strong></span> <span class='ocrx_word' id='word_1_476' title='bbox 1024 3847 1124 3886; x_wconf 88' lang='lat' dir='ltr'><strong>nec</strong></span> <span class='ocrx_word' id='word_1_477' title='bbox 1166 3834 1421 3904; x_wconf 81' lang='lat' dir='ltr'><strong>negligat,</strong></span> <span class='ocrx_word' id='word_1_478' title='bbox 1462 3834 1569 3887; x_wconf 93' lang='lat' dir='ltr'><strong>imo</strong></span> <span class='ocrx_word' id='word_1_479' title='bbox 1597 3832 1854 3890; x_wconf 81' lang='lat' dir='ltr'><strong>omnibus</strong></span> <span class='ocrx_word' id='word_1_480' title='bbox 1894 3838 2075 3907; x_wconf 83' lang='lat' dir='ltr'><strong>provi-</strong></span> 
     </span>
    </p>
   </div>
   <div class='ocr_carea' id='block_1_61' title="bbox 489 3922 2076 3992">
    <p class='ocr_par' dir='ltr' id='par_1_61' title="bbox 489 3922 2076 3992">
     <span class='ocr_line' id='line_1_62' title="bbox 489 3922 2076 3992; baseline 0.006 -17"><span class='ocrx_word' id='word_1_481' title='bbox 489 3923 640 3986; x_wconf 75' lang='lat' dir='ltr'><strong>deat,</strong></span> <span class='ocrx_word' id='word_1_482' title='bbox 673 3934 954 3976; x_wconf 80' lang='lat' dir='ltr'><strong>accersens</strong></span> <span class='ocrx_word' id='word_1_483' title='bbox 983 3922 1266 3992; x_wconf 83' lang='lat' dir='ltr'><strong>principes,</strong></span> <span class='ocrx_word' id='word_1_484' title='bbox 1292 3933 1486 3978; x_wconf 89' lang='lat' dir='ltr'><strong>etcum</strong></span> <span class='ocrx_word' id='word_1_485' title='bbox 1516 3925 1622 3981; x_wconf 90' lang='lat' dir='ltr'><strong>illis</strong></span> <span class='ocrx_word' id='word_1_486' title='bbox 1648 3941 1952 3983; x_wconf 88' lang='lat' dir='ltr'><strong>sermonem</strong></span> <span class='ocrx_word' id='word_1_487' title='bbox 1980 3929 2076 3984; x_wconf 86' lang='lat' dir='ltr'><strong>ha-</strong></span> 
     </span>
    </p>
   </div>
   <div class='ocr_carea' id='block_1_62' title="bbox 492 4014 2075 4085">
    <p class='ocr_par' dir='ltr' id='par_1_62' title="bbox 492 4014 2075 4085">
     <span class='ocr_line' id='line_1_63' title="bbox 492 4014 2075 4085; baseline 0.004 -17"><span class='ocrx_word' id='word_1_488' title='bbox 492 4017 650 4068; x_wconf 70' lang='lat' dir='ltr'><strong>licus.</strong></span> <span class='ocrx_word' id='word_1_489' title='bbox 678 4014 741 4068; x_wconf 85' lang='lat' dir='ltr'><strong>Et</strong></span> <span class='ocrx_word' id='word_1_490' title='bbox 768 4014 1117 4068; x_wconf 84' lang='lat' dir='ltr'><strong>admiratione</strong></span> <span class='ocrx_word' id='word_1_491' title='bbox 1141 4014 1357 4083; x_wconf 79' lang='lat' dir='ltr'><strong>dignum</strong></span> <span class='ocrx_word' id='word_1_492' title='bbox 1385 4023 1487 4082; x_wconf 89' lang='lat' dir='ltr'><strong>est,</strong></span> <span class='ocrx_word' id='word_1_493' title='bbox 1511 4017 1781 4085; x_wconf 87' lang='lat' dir='ltr'><strong>quomodo</strong></span> <span class='ocrx_word' id='word_1_494' title='bbox 1804 4018 1856 4072; x_wconf 91' lang='lat' dir='ltr'><strong>in</strong></span> <span class='ocrx_word' id='word_1_495' title='bbox 1886 4034 2075 4075; x_wconf 86' lang='lat' dir='ltr'><strong>neces-</strong></span> 
     </span>
    </p>
   </div>
   <div class='ocr_carea' id='block_1_63' title="bbox 488 4107 2075 4177">
    <p class='ocr_par' dir='ltr' id='par_1_63' title="bbox 488 4107 2075 4177">
     <span class='ocr_line' id='line_1_64' title="bbox 488 4107 2075 4177; baseline 0.004 -17"><span class='ocrx_word' id='word_1_496' title='bbox 488 4109 652 4161; x_wconf 82' lang='lat' dir='ltr'><strong>sitate</strong></span> <span class='ocrx_word' id='word_1_497' title='bbox 681 4107 884 4176; x_wconf 82' lang='lat' dir='ltr'><strong>positus</strong></span> <span class='ocrx_word' id='word_1_498' title='bbox 912 4120 1099 4177; x_wconf 78' lang='lat' dir='ltr'><strong>magna</strong></span> <span class='ocrx_word' id='word_1_499' title='bbox 1127 4107 1370 4177; x_wconf 72' lang='lat' dir='ltr'><strong>qumdam</strong></span> <span class='ocrx_word' id='word_1_500' title='bbox 1395 4107 1462 4163; x_wconf 91' lang='lat' dir='ltr'><strong>de</strong></span> <span class='ocrx_word' id='word_1_501' title='bbox 1491 4122 1550 4163; x_wconf 84' lang='lat' dir='ltr'><strong>se</strong></span> <span class='ocrx_word' id='word_1_502' title='bbox 1578 4107 1812 4174; x_wconf 86' lang='lat' dir='ltr'><strong>dicendi,</strong></span> <span class='ocrx_word' id='word_1_503' title='bbox 1851 4118 2075 4167; x_wconf 84' lang='lat' dir='ltr'><strong>conetur</strong></span> 
     </span>
    </p>
   </div>
   <div class='ocr_carea' id='block_1_64' title="bbox 492 4197 2071 4273">
    <p class='ocr_par' dir='ltr' id='par_1_64' title="bbox 492 4197 2071 4273">
     <span class='ocr_line' id='line_1_65' title="bbox 492 4197 2071 4273; baseline 0.004 -21"><span class='ocrx_word' id='word_1_504' title='bbox 492 4198 755 4253; x_wconf 78' lang='lat' dir='ltr'><strong>ruudestia</strong></span> <span class='ocrx_word' id='word_1_505' title='bbox 781 4198 874 4252; x_wconf 86' lang='lat' dir='ltr'><strong>uti.</strong></span> <span class='ocrx_word' id='word_1_506' title='bbox 898 4197 1043 4253; x_wconf 82' lang='lat' dir='ltr'><strong>Sicut</strong></span> <span class='ocrx_word' id='word_1_507' title='bbox 1073 4200 1213 4254; x_wconf 84' lang='lat' dir='ltr'><strong>enim</strong></span> <span class='ocrx_word' id='word_1_508' title='bbox 1230 4199 1447 4256; x_wconf 82' lang='lat' dir='ltr'><strong>Samuel</strong></span> <span class='ocrx_word' id='word_1_509' title='bbox 1473 4200 1763 4257; x_wconf 86' lang='lat' dir='ltr'><strong>traditurus</strong></span> <span class='ocrx_word' id='word_1_510' title='bbox 1790 4203 2071 4273; x_wconf 87' lang='lat' dir='ltr'><strong>imperium</strong></span> 
     </span>
    </p>
   </div>
   <div class='ocr_carea' id='block_1_65' title="bbox 487 4289 2072 4366">
    <p class='ocr_par' dir='ltr' id='par_1_65' title="bbox 487 4289 2072 4366">
     <span class='ocr_line' id='line_1_66' title="bbox 487 4289 2072 4366; baseline 0.002 -20"><span class='ocrx_word' id='word_1_511' title='bbox 487 4290 662 4358; x_wconf 77' lang='lat' dir='ltr'><strong>sana,</strong></span> <span class='ocrx_word' id='word_1_512' title='bbox 689 4289 887 4346; x_wconf 68' lang='lat' dir='ltr'><strong>Judmis</strong></span> <span class='ocrx_word' id='word_1_513' title='bbox 906 4291 1035 4345; x_wconf 85' lang='lat' dir='ltr'><strong>dicit</strong></span> <span class='ocrx_word' id='word_1_514' title='bbox 1059 4309 1073 4344; x_wconf 94' lang='lat'><strong>:</strong></span> <span class='ocrx_word' id='word_1_515' title='bbox 1108 4289 1162 4347; x_wconf 88' lang='grc' dir='ltr'><strong><em>Ν</em></strong></span> <span class='ocrx_word' id='word_1_516' title='bbox 1167 4309 1248 4344; x_wconf 86' lang='lat' dir='ltr'><strong>um</strong></span> <span class='ocrx_word' id='word_1_517' title='bbox 1268 4293 1529 4362; x_wconf 81' lang='lat' dir='ltr'><strong>quidpiam</strong></span> <span class='ocrx_word' id='word_1_518' title='bbox 1549 4311 1582 4347; x_wconf 88' lang='lat' dir='ltr'><strong>a</strong></span> <span class='ocrx_word' id='word_1_519' title='bbox 1608 4293 1742 4348; x_wconf 80' lang='lat' dir='ltr'><strong>vobis</strong></span> <span class='ocrx_word' id='word_1_520' title='bbox 1767 4296 1957 4366; x_wconf 77' lang='lat' dir='ltr'><strong>accepi,</strong></span> <span class='ocrx_word' id='word_1_521' title='bbox 1986 4311 2072 4349; x_wconf 82' lang='lat' dir='ltr'><strong>vos</strong></span> 
     </span>
    </p>
   </div>
   <div class='ocr_carea' id='block_1_66' title="bbox 489 4382 2072 4463">
    <p class='ocr_par' dir='ltr' id='par_1_66' title="bbox 489 4382 2072 4463">
     <span class='ocr_line' id='line_1_67' title="bbox 489 4382 2072 4463; baseline 0.003 -26"><span class='ocrx_word' id='word_1_522' title='bbox 489 4392 641 4439; x_wconf 78' lang='lat' dir='ltr'><strong>testes</strong></span> <span class='ocrx_word' id='word_1_523' title='bbox 664 4385 783 4438; x_wconf 82' lang='lat' dir='ltr'><strong>estis</strong></span> <span class='ocrx_word' id='word_1_524' title='bbox 809 4392 856 4436; x_wconf 88' lang='lat' dir='ltr'><strong>et</strong></span> <span class='ocrx_word' id='word_1_525' title='bbox 883 4384 1018 4439; x_wconf 83' lang='lat' dir='ltr'><strong>Deus</strong></span> <span class='ocrx_word' id='word_1_526' title='bbox 1046 4383 1123 4463; x_wconf 92' lang='grc'><strong>(1.</strong></span> <span class='ocrx_word' id='word_1_527' title='bbox 1149 4383 1276 4456; x_wconf 82' lang='lat' dir='ltr'><strong>Reg.</strong></span> <span class='ocrx_word' id='word_1_528' title='bbox 1296 4384 1385 4440; x_wconf 86' lang='grc'><strong>12.</strong></span> <span class='ocrx_word' id='word_1_529' title='bbox 1410 4382 1495 4455; x_wconf 74' lang='lat'><strong>5);</strong></span> <span class='ocrx_word' id='word_1_530' title='bbox 1518 4396 1567 4440; x_wconf 90' lang='lat' dir='ltr'><strong>et</strong></span> <span class='ocrx_word' id='word_1_531' title='bbox 1598 4384 1764 4440; x_wconf 88' lang='lat' dir='ltr'><strong>David</strong></span> <span class='ocrx_word' id='word_1_532' title='bbox 1789 4400 1913 4439; x_wconf 88' lang='lat' dir='ltr'><strong>cum</strong></span> <span class='ocrx_word' id='word_1_533' title='bbox 1939 4385 2072 4442; x_wconf 87' lang='lat' dir='ltr'><strong>tldes</strong></span> 
     </span>
    </p>
   </div>
   <div class='ocr_carea' id='block_1_67' title="bbox 490 4470 2071 4551">
    <p class='ocr_par' dir='ltr' id='par_1_67' title="bbox 490 4470 2071 4551">
     <span class='ocr_line' id='line_1_68' title="bbox 490 4470 2071 4551; baseline 0.003 -20"><span class='ocrx_word' id='word_1_534' title='bbox 490 4492 601 4531; x_wconf 82' lang='lat' dir='ltr'><strong>non</strong></span> <span class='ocrx_word' id='word_1_535' title='bbox 626 4476 912 4533; x_wconf 74' lang='lat' dir='ltr'><strong>haberetur</strong></span> <span class='ocrx_word' id='word_1_536' title='bbox 930 4478 1002 4543; x_wconf 83' lang='lat' dir='ltr'><strong>ei,</strong></span> <span class='ocrx_word' id='word_1_537' title='bbox 1028 4477 1133 4532; x_wconf 87' lang='lat' dir='ltr'><strong>ait:</strong></span> <span class='ocrx_word' id='word_1_538' title='bbox 1159 4477 1224 4531; x_wconf 88' lang='lat' dir='ltr'><strong>In</strong></span> <span class='ocrx_word' id='word_1_539' title='bbox 1244 4470 1367 4533; x_wconf 81' lang='lat' dir='ltr'><strong>ovili</strong></span> <span class='ocrx_word' id='word_1_540' title='bbox 1387 4494 1525 4532; x_wconf 85' lang='lat' dir='ltr'><strong>eram</strong></span> <span class='ocrx_word' id='word_1_541' title='bbox 1549 4494 1758 4548; x_wconf 86' lang='lat' dir='ltr'><strong>pascens</strong></span> <span class='ocrx_word' id='word_1_542' title='bbox 1782 4496 1894 4535; x_wconf 82' lang='lat' dir='ltr'><strong>oves</strong></span> <span class='ocrx_word' id='word_1_543' title='bbox 1914 4481 2071 4551; x_wconf 84' lang='lat' dir='ltr'><strong>patris</strong></span> 
     </span>
    </p>
   </div>
   <div class='ocr_carea' id='block_1_68' title="bbox 485 4570 2072 4647">
    <p class='ocr_par' dir='ltr' id='par_1_68' title="bbox 485 4570 2072 4647">
     <span class='ocr_line' id='line_1_69' title="bbox 485 4570 2072 4647; baseline 0.004 -25"><span class='ocrx_word' id='word_1_544' title='bbox 485 4570 628 4636; x_wconf 66' lang='lat' dir='ltr'><strong>&quot;rei;</strong></span> <span class='ocrx_word' id='word_1_545' title='bbox 666 4578 715 4624; x_wconf 87' lang='lat' dir='ltr'><strong>et</strong></span> <span class='ocrx_word' id='word_1_546' title='bbox 745 4587 857 4624; x_wconf 82' lang='lat' dir='ltr'><strong>rum</strong></span> <span class='ocrx_word' id='word_1_547' title='bbox 906 4571 1038 4625; x_wconf 75' lang='lat' dir='ltr'><strong>venit</strong></span> <span class='ocrx_word' id='word_1_548' title='bbox 1088 4587 1270 4638; x_wconf 84' lang='lat' dir='ltr'><strong>ursas,</strong></span> <span class='ocrx_word' id='word_1_549' title='bbox 1339 4573 1570 4627; x_wconf 85' lang='lat' dir='ltr'><strong>manibus</strong></span> <span class='ocrx_word' id='word_1_550' title='bbox 1612 4575 1779 4642; x_wconf 83' lang='lat' dir='ltr'><strong>ipsum</strong></span> <span class='ocrx_word' id='word_1_551' title='bbox 1827 4577 2072 4647; x_wconf 83' lang='lat' dir='ltr'><strong>discerpsi</strong></span> 
     </span>
    </p>
   </div>
   <div class='ocr_carea' id='block_1_69' title="bbox 484 4660 2066 4733">
    <p class='ocr_par' dir='ltr' id='par_1_69' title="bbox 484 4660 2066 4733">
     <span class='ocr_line' id='line_1_70' title="bbox 484 4660 2066 4733; baseline 0.002 -16"><span class='ocrx_word' id='word_1_552' title='bbox 484 4662 509 4728; x_wconf 78' lang='lat'><strong>(</strong></span> <span class='ocrx_word' id='word_1_553' title='bbox 526 4663 578 4717; x_wconf 93' lang='grc'><strong>1.</strong></span> <span class='ocrx_word' id='word_1_554' title='bbox 607 4661 733 4733; x_wconf 84' lang='lat' dir='ltr'><strong>Reg.</strong></span> <span class='ocrx_word' id='word_1_555' title='bbox 764 4660 851 4717; x_wconf 86' lang='grc'><strong>17.</strong></span> <span class='ocrx_word' id='word_1_556' title='bbox 880 4663 967 4720; x_wconf 76' lang='grc'><strong>34.</strong></span> <span class='ocrx_word' id='word_1_557' title='bbox 1007 4662 1099 4733; x_wconf 77' lang='grc'><strong>55)</strong></span> <span class='ocrx_word' id='word_1_558' title='bbox 1124 4681 1136 4716; x_wconf 91' lang='lat'><strong>:</strong></span> <span class='ocrx_word' id='word_1_559' title='bbox 1166 4672 1220 4718; x_wconf 88' lang='lat' dir='ltr'><strong>et</strong></span> <span class='ocrx_word' id='word_1_560' title='bbox 1262 4664 1378 4732; x_wconf 90' lang='lat' dir='ltr'><strong>ipse</strong></span> <span class='ocrx_word' id='word_1_561' title='bbox 1421 4664 1615 4719; x_wconf 82' lang='lat' dir='ltr'><strong>Paulus</strong></span> <span class='ocrx_word' id='word_1_562' title='bbox 1640 4665 1934 4722; x_wconf 88' lang='lat' dir='ltr'><strong>Corinthiis</strong></span> <span class='ocrx_word' id='word_1_563' title='bbox 1959 4668 2066 4722; x_wconf 89' lang='lat' dir='ltr'><strong>ait:</strong></span> 
     </span>
    </p>
   </div>
   <div class='ocr_carea' id='block_1_70' title="bbox 490 4752 2069 4829">
    <p class='ocr_par' dir='ltr' id='par_1_70' title="bbox 490 4752 2069 4829">
     <span class='ocr_line' id='line_1_71' title="bbox 490 4752 2069 4829; baseline 0.004 -22"><span class='ocrx_word' id='word_1_564' title='bbox 490 4752 753 4825; x_wconf 70' lang='lat' dir='ltr'><strong>[nsipiens</strong></span> <span class='ocrx_word' id='word_1_565' title='bbox 774 4754 849 4826; x_wconf 79' lang='lat' dir='ltr'><strong>fui</strong></span> <span class='ocrx_word' id='word_1_566' title='bbox 870 4772 889 4808; x_wconf 86' lang='lat'><strong>:</strong></span> <span class='ocrx_word' id='word_1_567' title='bbox 916 4771 1002 4809; x_wconf 82' lang='lat' dir='ltr'><strong>vos</strong></span> <span class='ocrx_word' id='word_1_568' title='bbox 1038 4770 1117 4810; x_wconf 88' lang='lat' dir='ltr'><strong>me</strong></span> <span class='ocrx_word' id='word_1_569' title='bbox 1150 4756 1381 4827; x_wconf 77' lang='lat' dir='ltr'><strong>coegistis</strong></span> <span class='ocrx_word' id='word_1_570' title='bbox 1405 4752 1482 4829; x_wconf 85' lang='grc'><strong>(2.</strong></span> <span class='ocrx_word' id='word_1_571' title='bbox 1514 4755 1632 4811; x_wconf 89' lang='lat' dir='ltr'><strong>Cor.</strong></span> <span class='ocrx_word' id='word_1_572' title='bbox 1666 4757 1753 4812; x_wconf 86' lang='grc'><strong>12.</strong></span> <span class='ocrx_word' id='word_1_573' title='bbox 1786 4758 1899 4827; x_wconf 87' lang='grc'><strong>10).</strong></span> <span class='ocrx_word' id='word_1_574' title='bbox 1929 4759 2069 4814; x_wconf 90' lang='lat' dir='ltr'><strong>Deus</strong></span> 
     </span>
    </p>
   </div>
   <div class='ocr_carea' id='block_1_71' title="bbox 487 4842 2072 4921">
    <p class='ocr_par' dir='ltr' id='par_1_71' title="bbox 487 4842 2072 4921">
     <span class='ocr_line' id='line_1_72' title="bbox 487 4842 2072 4921; baseline 0.005 -24"><span class='ocrx_word' id='word_1_575' title='bbox 487 4860 704 4915; x_wconf 86' lang='lat' dir='ltr'><strong>quoque</strong></span> <span class='ocrx_word' id='word_1_576' title='bbox 745 4845 971 4914; x_wconf 74' lang='lat' dir='ltr'><strong>itlipsttm</strong></span> <span class='ocrx_word' id='word_1_577' title='bbox 1001 4846 1144 4904; x_wconf 86' lang='lat' dir='ltr'><strong>facit.</strong></span> <span class='ocrx_word' id='word_1_578' title='bbox 1187 4862 1294 4901; x_wconf 91' lang='lat' dir='ltr'><strong>non</strong></span> <span class='ocrx_word' id='word_1_579' title='bbox 1334 4842 1653 4916; x_wconf 79' lang='lat' dir='ltr'><strong>simpliciter</strong></span> <span class='ocrx_word' id='word_1_580' title='bbox 1690 4847 1758 4904; x_wconf 92' lang='lat' dir='ltr'><strong>de</strong></span> <span class='ocrx_word' id='word_1_581' title='bbox 1787 4849 1963 4921; x_wconf 86' lang='lat' dir='ltr'><strong>seipso</strong></span> <span class='ocrx_word' id='word_1_582' title='bbox 1988 4848 2072 4905; x_wconf 92' lang='lat' dir='ltr'><strong>di-</strong></span> 
     </span>
    </p>
   </div>
   <div class='ocr_carea' id='block_1_72' title="bbox 491 4938 2066 5010">
    <p class='ocr_par' dir='ltr' id='par_1_72' title="bbox 491 4938 2066 5010">
     <span class='ocr_line' id='line_1_73' title="bbox 491 4938 2066 5010; baseline 0.003 -20"><span class='ocrx_word' id='word_1_583' title='bbox 491 4954 623 4992; x_wconf 77' lang='lat' dir='ltr'><strong>cens</strong></span> <span class='ocrx_word' id='word_1_584' title='bbox 651 4955 664 4991; x_wconf 92' lang='lat'><strong>:</strong></span> <span class='ocrx_word' id='word_1_585' title='bbox 696 4938 789 4992; x_wconf 83' lang='lat' dir='ltr'><strong>sed</strong></span> <span class='ocrx_word' id='word_1_586' title='bbox 818 4938 1028 5008; x_wconf 79' lang='lat' dir='ltr'><strong>quando</strong></span> <span class='ocrx_word' id='word_1_587' title='bbox 1055 4940 1102 4994; x_wconf 89' lang='lat' dir='ltr'><strong>ei</strong></span> <span class='ocrx_word' id='word_1_588' title='bbox 1135 4954 1241 4992; x_wconf 89' lang='lat' dir='ltr'><strong>non</strong></span> <span class='ocrx_word' id='word_1_589' title='bbox 1273 4939 1526 5005; x_wconf 87' lang='lat' dir='ltr'><strong>creditur,</strong></span> <span class='ocrx_word' id='word_1_590' title='bbox 1556 4940 1816 4996; x_wconf 80' lang='lat' dir='ltr'><strong>beneﬁcia</strong></span> <span class='ocrx_word' id='word_1_591' title='bbox 1845 4940 2066 5010; x_wconf 82' lang='lat' dir='ltr'><strong>profert.</strong></span> 
     </span>
    </p>
   </div>
   <div class='ocr_carea' id='block_1_73' title="bbox 488 5026 2068 5099">
    <p class='ocr_par' dir='ltr' id='par_1_73' title="bbox 488 5026 2068 5099">
     <span class='ocr_line' id='line_1_74' title="bbox 488 5026 2068 5099; baseline 0.003 -16"><span class='ocrx_word' id='word_1_592' title='bbox 488 5027 627 5083; x_wconf 76' lang='lat' dir='ltr'><strong>Vide</strong></span> <span class='ocrx_word' id='word_1_593' title='bbox 653 5043 780 5097; x_wconf 77' lang='lat' dir='ltr'><strong>ergo</strong></span> <span class='ocrx_word' id='word_1_594' title='bbox 819 5028 943 5096; x_wconf 90' lang='lat' dir='ltr'><strong>quid</strong></span> <span class='ocrx_word' id='word_1_595' title='bbox 975 5026 1062 5083; x_wconf 89' lang='lat' dir='ltr'><strong>hic</strong></span> <span class='ocrx_word' id='word_1_596' title='bbox 1093 5030 1291 5085; x_wconf 68' lang='lat' dir='ltr'><strong>meiat:</strong></span> <span class='ocrx_word' id='word_1_597' title='bbox 1344 5031 1517 5099; x_wconf 86' lang='lat' dir='ltr'><strong>primo</strong></span> <span class='ocrx_word' id='word_1_598' title='bbox 1565 5030 1779 5086; x_wconf 88' lang='lat' dir='ltr'><strong>illorum</strong></span> <span class='ocrx_word' id='word_1_599' title='bbox 1825 5032 2068 5087; x_wconf 85' lang='lat' dir='ltr'><strong>testimo-</strong></span> 
     </span>
    </p>
   </div>
   <div class='ocr_carea' id='block_1_74' title="bbox 484 5117 2068 5192">
    <p class='ocr_par' dir='ltr' id='par_1_74' title="bbox 484 5117 2068 5192">
     <span class='ocr_line' id='line_1_75' title="bbox 484 5117 2068 5192; baseline 0.002 -16"><span class='ocrx_word' id='word_1_600' title='bbox 484 5121 634 5176; x_wconf 90' lang='lat' dir='ltr'><strong>nium</strong></span> <span class='ocrx_word' id='word_1_601' title='bbox 663 5119 838 5187; x_wconf 85' lang='lat' dir='ltr'><strong>affert,</strong></span> <span class='ocrx_word' id='word_1_602' title='bbox 862 5135 929 5175; x_wconf 84' lang='lat' dir='ltr'><strong>ne</strong></span> <span class='ocrx_word' id='word_1_603' title='bbox 955 5130 1108 5190; x_wconf 88' lang='lat' dir='ltr'><strong>putes</strong></span> <span class='ocrx_word' id='word_1_604' title='bbox 1139 5122 1253 5177; x_wconf 70' lang='lat' dir='ltr'><strong>haec</strong></span> <span class='ocrx_word' id='word_1_605' title='bbox 1300 5122 1366 5178; x_wconf 87' lang='lat' dir='ltr'><strong>ad</strong></span> <span class='ocrx_word' id='word_1_606' title='bbox 1394 5117 1584 5177; x_wconf 78' lang='lat' dir='ltr'><strong>fastum</strong></span> <span class='ocrx_word' id='word_1_607' title='bbox 1616 5121 1741 5192; x_wconf 90' lang='lat' dir='ltr'><strong>dici,</strong></span> <span class='ocrx_word' id='word_1_608' title='bbox 1769 5131 1825 5179; x_wconf 91' lang='lat' dir='ltr'><strong>et</strong></span> <span class='ocrx_word' id='word_1_609' title='bbox 1851 5123 2068 5179; x_wconf 84' lang='lat' dir='ltr'><strong>audito-</strong></span> 
     </span>
    </p>
   </div>
   <div class='ocr_carea' id='block_1_75' title="bbox 490 5212 2067 5286">
    <p class='ocr_par' dir='ltr' id='par_1_75' title="bbox 490 5212 2067 5286">
     <span class='ocr_line' id='line_1_76' title="bbox 490 5212 2067 5286; baseline 0.003 -19"><span class='ocrx_word' id='word_1_610' title='bbox 490 5229 575 5269; x_wconf 81' lang='lat' dir='ltr'><strong>res</strong></span> <span class='ocrx_word' id='word_1_611' title='bbox 599 5212 866 5269; x_wconf 87' lang='lat' dir='ltr'><strong>dictorum</strong></span> <span class='ocrx_word' id='word_1_612' title='bbox 892 5223 1057 5269; x_wconf 87' lang='lat' dir='ltr'><strong>testes</strong></span> <span class='ocrx_word' id='word_1_613' title='bbox 1080 5214 1324 5281; x_wconf 83' lang='lat' dir='ltr'><strong>advocat,</strong></span> <span class='ocrx_word' id='word_1_614' title='bbox 1346 5216 1486 5285; x_wconf 92' lang='lat' dir='ltr'><strong>quod</strong></span> <span class='ocrx_word' id='word_1_615' title='bbox 1511 5215 1732 5271; x_wconf 83' lang='lat' dir='ltr'><strong>minime</strong></span> <span class='ocrx_word' id='word_1_616' title='bbox 1760 5216 1891 5286; x_wconf 85' lang='lat' dir='ltr'><strong>ipsis</strong></span> <span class='ocrx_word' id='word_1_617' title='bbox 1917 5222 2067 5272; x_wconf 73' lang='lat' dir='ltr'><strong>men—’</strong></span> 
     </span>
    </p>
   </div>
   <div class='ocr_carea' id='block_1_76' title="bbox 481 5302 2065 5376">
    <p class='ocr_par' dir='ltr' id='par_1_76' title="bbox 481 5302 2065 5376">
     <span class='ocr_line' id='line_1_77' title="bbox 481 5302 2065 5376; baseline 0.003 -18"><span class='ocrx_word' id='word_1_618' title='bbox 481 5308 667 5360; x_wconf 87' lang='lat' dir='ltr'><strong>tiatur.</strong></span> <span class='ocrx_word' id='word_1_619' title='bbox 719 5302 846 5360; x_wconf 77' lang='lat' dir='ltr'><strong>[huc</strong></span> <span class='ocrx_word' id='word_1_620' title='bbox 891 5305 1128 5361; x_wconf 90' lang='lat' dir='ltr'><strong>doctoris</strong></span> <span class='ocrx_word' id='word_1_621' title='bbox 1183 5307 1354 5361; x_wconf 81' lang='lat' dir='ltr'><strong>virtus</strong></span> <span class='ocrx_word' id='word_1_622' title='bbox 1398 5315 1501 5372; x_wconf 88' lang='lat' dir='ltr'><strong>est,</strong></span> <span class='ocrx_word' id='word_1_623' title='bbox 1544 5306 1759 5376; x_wconf 86' lang='lat' dir='ltr'><strong>quando</strong></span> <span class='ocrx_word' id='word_1_624' title='bbox 1801 5308 2065 5363; x_wconf 88' lang='lat' dir='ltr'><strong>bonorum</strong></span> 
     </span>
    </p>
   </div>
   <div class='ocr_carea' id='block_1_77' title="bbox 480 5397 2061 5467">
    <p class='ocr_par' dir='ltr' id='par_1_77' title="bbox 480 5397 2061 5467">
     <span class='ocr_line' id='line_1_78' title="bbox 480 5397 2061 5467; baseline 0.002 -16"><span class='ocrx_word' id='word_1_625' title='bbox 480 5413 706 5467; x_wconf 83' lang='lat' dir='ltr'><strong>operum</strong></span> <span class='ocrx_word' id='word_1_626' title='bbox 734 5406 900 5453; x_wconf 87' lang='lat' dir='ltr'><strong>testes</strong></span> <span class='ocrx_word' id='word_1_627' title='bbox 925 5398 1082 5452; x_wconf 83' lang='lat' dir='ltr'><strong>habet</strong></span> <span class='ocrx_word' id='word_1_628' title='bbox 1108 5397 1420 5466; x_wconf 85' lang='lat' dir='ltr'><strong>discipulos.</strong></span> <span class='ocrx_word' id='word_1_629' title='bbox 1449 5397 1708 5467; x_wconf 89' lang='lat' dir='ltr'><strong>Quodque</strong></span> <span class='ocrx_word' id='word_1_630' title='bbox 1737 5399 1931 5452; x_wconf 90' lang='lat' dir='ltr'><strong>mirum</strong></span> <span class='ocrx_word' id='word_1_631' title='bbox 1960 5407 2061 5464; x_wconf 92' lang='lat' dir='ltr'><strong>est,</strong></span> 
     </span>
    </p>
   </div>
   <div class='ocr_carea' id='block_1_78' title="bbox 482 5488 2066 5560">
    <p class='ocr_par' dir='ltr' id='par_1_78' title="bbox 482 5488 2066 5560">
     <span class='ocr_line' id='line_1_79' title="bbox 482 5488 2066 5560; baseline 0.003 -18"><span class='ocrx_word' id='word_1_632' title='bbox 482 5503 589 5542; x_wconf 85' lang='lat' dir='ltr'><strong>non</strong></span> <span class='ocrx_word' id='word_1_633' title='bbox 607 5504 767 5543; x_wconf 90' lang='lat' dir='ltr'><strong>unam</strong></span> <span class='ocrx_word' id='word_1_634' title='bbox 784 5499 839 5544; x_wconf 89' lang='lat' dir='ltr'><strong>et</strong></span> <span class='ocrx_word' id='word_1_635' title='bbox 859 5489 1083 5544; x_wconf 84' lang='lat' dir='ltr'><strong>alteram</strong></span> <span class='ocrx_word' id='word_1_636' title='bbox 1101 5489 1239 5545; x_wconf 88' lang='lat' dir='ltr'><strong>diem</strong></span> <span class='ocrx_word' id='word_1_637' title='bbox 1263 5491 1314 5544; x_wconf 92' lang='lat' dir='ltr'><strong>in</strong></span> <span class='ocrx_word' id='word_1_638' title='bbox 1336 5488 1439 5544; x_wconf 90' lang='lat' dir='ltr'><strong>hoc</strong></span> <span class='ocrx_word' id='word_1_639' title='bbox 1454 5490 1761 5560; x_wconf 88' lang='lat' dir='ltr'><strong>insumpsit,</strong></span> <span class='ocrx_word' id='word_1_640' title='bbox 1780 5491 1873 5546; x_wconf 84' lang='lat' dir='ltr'><strong>sed</strong></span> <span class='ocrx_word' id='word_1_641' title='bbox 1894 5506 2066 5547; x_wconf 86' lang='lat' dir='ltr'><strong>annos</strong></span> 
     </span>
    </p>
   </div>
   <div class='ocr_carea' id='block_1_79' title="bbox 482 5579 2068 5652">
    <p class='ocr_par' dir='ltr' id='par_1_79' title="bbox 482 5579 2068 5652">
     <span class='ocr_line' id='line_1_80' title="bbox 482 5579 2068 5652; baseline -0.001 -18"><span class='ocrx_word' id='word_1_642' title='bbox 482 5580 765 5648; x_wconf 77' lang='lat' dir='ltr'><strong>plurimos.</strong></span> <span class='ocrx_word' id='word_1_643' title='bbox 802 5579 903 5636; x_wconf 79' lang='lat' dir='ltr'><strong>Vos</strong></span> <span class='ocrx_word' id='word_1_644' title='bbox 929 5583 1059 5636; x_wconf 88' lang='lat' dir='ltr'><strong>enim</strong></span> <span class='ocrx_word' id='word_1_645' title='bbox 1105 5582 1267 5644; x_wconf 82' lang='lat' dir='ltr'><strong>scitis.</strong></span> <span class='ocrx_word' id='word_1_646' title='bbox 1295 5581 1486 5652; x_wconf 83' lang='lat' dir='ltr'><strong>inquit,</strong></span> <span class='ocrx_word' id='word_1_647' title='bbox 1516 5582 1767 5652; x_wconf 83' lang='lat' dir='ltr'><strong>quomodo</strong></span> <span class='ocrx_word' id='word_1_648' title='bbox 1810 5583 2068 5637; x_wconf 70' lang='lat' dir='ltr'><strong>vobiscum</strong></span> 
     </span>
    </p>
   </div>
   <div class='ocr_carea' id='block_1_80' title="bbox 487 5662 2067 5743">
    <p class='ocr_par' dir='ltr' id='par_1_80' title="bbox 487 5662 2067 5743">
     <span class='ocr_line' id='line_1_81' title="bbox 487 5662 2067 5743; baseline 0.004 -21"><span class='ocrx_word' id='word_1_649' title='bbox 487 5684 577 5736; x_wconf 86' lang='lat' dir='ltr'><strong>per</strong></span> <span class='ocrx_word' id='word_1_650' title='bbox 604 5662 977 5742; x_wconf 54' lang='lat' dir='ltr'><strong>omne&#39;tempus</strong></span> <span class='ocrx_word' id='word_1_651' title='bbox 1006 5673 1208 5743; x_wconf 77' lang='lat' dir='ltr'><strong>fuerim.</strong></span> <span class='ocrx_word' id='word_1_652' title='bbox 1239 5672 1370 5728; x_wconf 87' lang='lat' dir='ltr'><strong>Vult</strong></span> <span class='ocrx_word' id='word_1_653' title='bbox 1410 5673 1570 5742; x_wconf 79' lang='lat' dir='ltr'><strong>igitur</strong></span> <span class='ocrx_word' id='word_1_654' title='bbox 1598 5671 1745 5742; x_wconf 90' lang='lat' dir='ltr'><strong>ipsos</strong></span> <span class='ocrx_word' id='word_1_655' title='bbox 1774 5672 1978 5727; x_wconf 88' lang='lat' dir='ltr'><strong>hortari</strong></span> <span class='ocrx_word' id='word_1_656' title='bbox 2011 5683 2067 5730; x_wconf 92' lang='lat' dir='ltr'><strong>ut</strong></span> 
     </span>
    </p>
   </div>
   <div class='ocr_carea' id='block_1_81' title="bbox 482 5758 2064 5836">
    <p class='ocr_par' dir='ltr' id='par_1_81' title="bbox 482 5758 2064 5836">
     <span class='ocr_line' id='line_1_82' title="bbox 482 5758 2064 5836; baseline 0.006 -24"><span class='ocrx_word' id='word_1_657' title='bbox 482 5758 696 5818; x_wconf 82' lang='lat' dir='ltr'><strong>fortiter</strong></span> <span class='ocrx_word' id='word_1_658' title='bbox 716 5758 888 5819; x_wconf 85' lang='lat' dir='ltr'><strong>lerant</strong></span> <span class='ocrx_word' id='word_1_659' title='bbox 918 5767 1118 5830; x_wconf 84' lang='lat' dir='ltr'><strong>omnia,</strong></span> <span class='ocrx_word' id='word_1_660' title='bbox 1135 5776 1189 5821; x_wconf 88' lang='lat' dir='ltr'><strong>et</strong></span> <span class='ocrx_word' id='word_1_661' title='bbox 1204 5766 1597 5836; x_wconf 85' lang='lat' dir='ltr'><strong>separationem</strong></span> <span class='ocrx_word' id='word_1_662' title='bbox 1617 5780 1767 5820; x_wconf 84' lang='lat' dir='ltr'><strong>suam</strong></span> <span class='ocrx_word' id='word_1_663' title='bbox 1785 5777 1838 5820; x_wconf 88' lang='lat' dir='ltr'><strong>et</strong></span> <span class='ocrx_word' id='word_1_664' title='bbox 1858 5764 2064 5821; x_wconf 82' lang='lat' dir='ltr'><strong>futuras</strong></span> 
     </span>
    </p>
   </div>
   <div class='ocr_carea' id='block_1_82' title="bbox 489 5853 2061 5929">
    <p class='ocr_par' dir='ltr' id='par_1_82' title="bbox 489 5853 2061 5929">
     <span class='ocr_line' id='line_1_83' title="bbox 489 5853 2061 5929; baseline 0.003 -21"><span class='ocrx_word' id='word_1_665' title='bbox 489 5853 849 5924; x_wconf 84' lang='lat' dir='ltr'><strong>tentationes;</strong></span> <span class='ocrx_word' id='word_1_666' title='bbox 876 5863 937 5911; x_wconf 88' lang='lat' dir='ltr'><strong>ut</strong></span> <span class='ocrx_word' id='word_1_667' title='bbox 955 5855 1022 5914; x_wconf 89' lang='lat' dir='ltr'><strong>de</strong></span> <span class='ocrx_word' id='word_1_668' title='bbox 1041 5854 1222 5929; x_wconf 71' lang='lat' dir='ltr'><strong>Moyse</strong></span> <span class='ocrx_word' id='word_1_669' title='bbox 1243 5867 1295 5915; x_wconf 85' lang='lat' dir='ltr'><strong>et</strong></span> <span class='ocrx_word' id='word_1_670' title='bbox 1314 5856 1381 5916; x_wconf 89' lang='lat' dir='ltr'><strong>dc</strong></span> <span class='ocrx_word' id='word_1_671' title='bbox 1405 5856 1532 5915; x_wconf 85' lang='lat' dir='ltr'><strong>Jcsu</strong></span> <span class='ocrx_word' id='word_1_672' title='bbox 1556 5855 1802 5928; x_wconf 80' lang='lat' dir='ltr'><strong>legimus.</strong></span> <span class='ocrx_word' id='word_1_673' title='bbox 1824 5855 1890 5912; x_wconf 87' lang='lat' dir='ltr'><strong>Et</strong></span> <span class='ocrx_word' id='word_1_674' title='bbox 1915 5853 2061 5929; x_wconf 87' lang='lat' dir='ltr'><strong>vide,</strong></span> 
     </span>
    </p>
   </div>
   <div class='ocr_carea' id='block_1_83' title="bbox 2185 2734 3773 2809">
    <p class='ocr_par' dir='ltr' id='par_1_83' title="bbox 2185 2734 3773 2809">
     <span class='ocr_line' id='line_1_84' title="bbox 2185 2734 3773 2809; baseline 0.003 -19"><span class='ocrx_word' id='word_1_675' title='bbox 2185 2735 2309 2806; x_wconf 90' lang='lat' dir='ltr'><strong>quid</strong></span> <span class='ocrx_word' id='word_1_676' title='bbox 2359 2734 2520 2790; x_wconf 83' lang='lat' dir='ltr'><strong>addat</strong></span> <span class='ocrx_word' id='word_1_677' title='bbox 2571 2753 2586 2789; x_wconf 94' lang='lat'><strong>:</strong></span> <span class='ocrx_word' id='word_1_678' title='bbox 2636 2737 2899 2803; x_wconf 81' lang='lat' dir='ltr'><strong>Quomodo</strong></span> <span class='ocrx_word' id='word_1_679' title='bbox 2958 2737 3209 2792; x_wconf 80' lang='lat' dir='ltr'><strong>vobiscum</strong></span> <span class='ocrx_word' id='word_1_680' title='bbox 3262 2756 3350 2809; x_wconf 84' lang='lat' dir='ltr'><strong>per</strong></span> <span class='ocrx_word' id='word_1_681' title='bbox 3391 2755 3536 2793; x_wconf 88' lang='lat' dir='ltr'><strong>omne</strong></span> <span class='ocrx_word' id='word_1_682' title='bbox 3574 2749 3773 2802; x_wconf 84' lang='lat' dir='ltr'><strong>tempus</strong></span> 
     </span>
    </p>
   </div>
   <div class='ocr_carea' id='block_1_84' title="bbox 2189 2827 3767 2898">
    <p class='ocr_par' dir='ltr' id='par_1_84' title="bbox 2189 2827 3767 2898">
     <span class='ocr_line' id='line_1_85' title="bbox 2189 2827 3767 2898; baseline 0.001 -17"><span class='ocrx_word' id='word_1_683' title='bbox 2189 2827 2394 2898; x_wconf 79' lang='lat' dir='ltr'><strong>fuerim,</strong></span> <span class='ocrx_word' id='word_1_684' title='bbox 2422 2828 2642 2882; x_wconf 83' lang='lat' dir='ltr'><strong>serviens</strong></span> <span class='ocrx_word' id='word_1_685' title='bbox 2685 2827 2903 2881; x_wconf 88' lang='lat' dir='ltr'><strong>Domino</strong></span> <span class='ocrx_word' id='word_1_686' title='bbox 2950 2845 3063 2881; x_wconf 87' lang='lat' dir='ltr'><strong>cum</strong></span> <span class='ocrx_word' id='word_1_687' title='bbox 3109 2829 3250 2882; x_wconf 85' lang='lat' dir='ltr'><strong>omni</strong></span> <span class='ocrx_word' id='word_1_688' title='bbox 3279 2830 3579 2884; x_wconf 86' lang='lat' dir='ltr'><strong>humilitate.</strong></span> <span class='ocrx_word' id='word_1_689' title='bbox 3611 2830 3767 2896; x_wconf 81' lang='lat' dir='ltr'><strong>Vide,</strong></span> 
     </span>
    </p>
   </div>
   <div class='ocr_carea' id='block_1_85' title="bbox 2186 2908 3771 2991">
    <p class='ocr_par' dir='ltr' id='par_1_85' title="bbox 2186 2908 3771 2991">
     <span class='ocr_line' id='line_1_86' title="bbox 2186 2908 3771 2991; baseline 0.003 -19"><span class='ocrx_word' id='word_1_690' title='bbox 2186 2917 2313 2987; x_wconf 89' lang='lat' dir='ltr'><strong>quid</strong></span> <span class='ocrx_word' id='word_1_691' title='bbox 2344 2921 2575 2973; x_wconf 80' lang='lat' dir='ltr'><strong>maxime</strong></span> <span class='ocrx_word' id='word_1_692' title='bbox 2622 2919 2890 2989; x_wconf 88' lang='lat' dir='ltr'><strong>principes</strong></span> <span class='ocrx_word' id='word_1_693' title='bbox 2918 2918 3146 2974; x_wconf 86' lang='lat' dir='ltr'><strong>doceat:</strong></span> <span class='ocrx_word' id='word_1_694' title='bbox 3179 2918 3435 2986; x_wconf 84' lang='lat' dir='ltr'><strong>0dientes,</strong></span> <span class='ocrx_word' id='word_1_695' title='bbox 3465 2922 3656 2991; x_wconf 83' lang='lat' dir='ltr'><strong>inquit,</strong></span> <span class='ocrx_word' id='word_1_696' title='bbox 3682 2908 3771 2976; x_wconf 81' lang='lat' dir='ltr'><strong>su-</strong></span> 
     </span>
    </p>
   </div>
   <div class='ocr_carea' id='block_1_86' title="bbox 2187 3008 3767 3082">
    <p class='ocr_par' dir='ltr' id='par_1_86' title="bbox 2187 3008 3767 3082">
     <span class='ocr_line' id='line_1_87' title="bbox 2187 3008 3767 3082; baseline 0.002 -20"><span class='ocrx_word' id='word_1_697' title='bbox 2187 3010 2432 3078; x_wconf 85' lang='lat' dir='ltr'><strong>perbiam.</strong></span> <span class='ocrx_word' id='word_1_698' title='bbox 2466 3008 2520 3064; x_wconf 89' lang='lat' dir='ltr'><strong>ld</strong></span> <span class='ocrx_word' id='word_1_699' title='bbox 2566 3008 2708 3080; x_wconf 88' lang='lat' dir='ltr'><strong>quod</strong></span> <span class='ocrx_word' id='word_1_700' title='bbox 2751 3010 2982 3065; x_wconf 83' lang='lat' dir='ltr'><strong>maxime</strong></span> <span class='ocrx_word' id='word_1_701' title='bbox 3024 3011 3349 3080; x_wconf 88' lang='lat' dir='ltr'><strong>principibus</strong></span> <span class='ocrx_word' id='word_1_702' title='bbox 3392 3012 3666 3082; x_wconf 82' lang='lat' dir='ltr'><strong>competit,</strong></span> <span class='ocrx_word' id='word_1_703' title='bbox 3701 3029 3767 3067; x_wconf 84' lang='lat' dir='ltr'><strong>eo</strong></span> 
     </span>
    </p>
   </div>
   <div class='ocr_carea' id='block_1_87' title="bbox 2185 3099 3765 3173">
    <p class='ocr_par' dir='ltr' id='par_1_87' title="bbox 2185 3099 3765 3173">
     <span class='ocr_line' id='line_1_88' title="bbox 2185 3099 3765 3173; baseline 0.005 -21"><span class='ocrx_word' id='word_1_704' title='bbox 2185 3099 2330 3172; x_wconf 89' lang='lat' dir='ltr'><strong>quod</strong></span> <span class='ocrx_word' id='word_1_705' title='bbox 2375 3100 2629 3157; x_wconf 81' lang='lat' dir='ltr'><strong>facillime</strong></span> <span class='ocrx_word' id='word_1_706' title='bbox 2658 3102 2709 3156; x_wconf 91' lang='lat' dir='ltr'><strong>in</strong></span> <span class='ocrx_word' id='word_1_707' title='bbox 2757 3103 3117 3173; x_wconf 83' lang='lat' dir='ltr'><strong>arrogantiam</strong></span> <span class='ocrx_word' id='word_1_708' title='bbox 3146 3102 3417 3159; x_wconf 88' lang='lat' dir='ltr'><strong>tollantur.</strong></span> <span class='ocrx_word' id='word_1_709' title='bbox 3446 3103 3571 3159; x_wconf 67' lang='lat' dir='ltr'><strong>Haec</strong></span> <span class='ocrx_word' id='word_1_710' title='bbox 3599 3105 3765 3160; x_wconf 88' lang='lat' dir='ltr'><strong>virtus</strong></span> 
     </span>
    </p>
   </div>
   <div class='ocr_carea' id='block_1_88' title="bbox 2178 3191 3767 3265">
    <p class='ocr_par' dir='ltr' id='par_1_88' title="bbox 2178 3191 3767 3265">
     <span class='ocr_line' id='line_1_89' title="bbox 2178 3191 3767 3265; baseline 0.003 -18"><span class='ocrx_word' id='word_1_711' title='bbox 2178 3200 2270 3248; x_wconf 79' lang='lat' dir='ltr'><strong>&#39;est</strong></span> <span class='ocrx_word' id='word_1_712' title='bbox 2299 3191 2561 3247; x_wconf 90' lang='lat' dir='ltr'><strong>bonorum</strong></span> <span class='ocrx_word' id='word_1_713' title='bbox 2586 3192 2919 3265; x_wconf 87' lang='lat' dir='ltr'><strong>hypotbesis,</strong></span> <span class='ocrx_word' id='word_1_714' title='bbox 2941 3202 3073 3249; x_wconf 88' lang='lat' dir='ltr'><strong>utet</strong></span> <span class='ocrx_word' id='word_1_715' title='bbox 3095 3193 3336 3249; x_wconf 86' lang='lat' dir='ltr'><strong>Christus</strong></span> <span class='ocrx_word' id='word_1_716' title='bbox 3356 3193 3599 3250; x_wconf 88' lang='lat' dir='ltr'><strong>dicebat:</strong></span> <span class='ocrx_word' id='word_1_717' title='bbox 3623 3196 3767 3252; x_wconf 83' lang='lat' dir='ltr'><strong>Beati</strong></span> 
     </span>
    </p>
   </div>
   <div class='ocr_carea' id='block_1_89' title="bbox 2184 3283 3751 3358">
    <p class='ocr_par' dir='ltr' id='par_1_89' title="bbox 2184 3283 3751 3358">
     <span class='ocr_line' id='line_1_90' title="bbox 2184 3283 3751 3358; baseline 0.001 -20"><span class='ocrx_word' id='word_1_718' title='bbox 2184 3301 2432 3356; x_wconf 87' lang='lat' dir='ltr'><strong>pauperes</strong></span> <span class='ocrx_word' id='word_1_719' title='bbox 2474 3284 2661 3355; x_wconf 85' lang='lat' dir='ltr'><strong>spiritu</strong></span> <span class='ocrx_word' id='word_1_720' title='bbox 2693 3283 2903 3357; x_wconf 80' lang='lat' dir='ltr'><strong>(Matth.</strong></span> <span class='ocrx_word' id='word_1_721' title='bbox 2948 3286 3001 3341; x_wconf 89' lang='grc'><strong>5.</strong></span> <span class='ocrx_word' id='word_1_722' title='bbox 3035 3285 3113 3358; x_wconf 76' lang='grc'><strong>5).</strong></span> <span class='ocrx_word' id='word_1_723' title='bbox 3144 3285 3251 3339; x_wconf 80' lang='lat' dir='ltr'><strong>Nec</strong></span> <span class='ocrx_word' id='word_1_724' title='bbox 3277 3287 3472 3349; x_wconf 89' lang='lat' dir='ltr'><strong>solum,</strong></span> <span class='ocrx_word' id='word_1_725' title='bbox 3500 3286 3630 3341; x_wconf 86' lang='lat' dir='ltr'><strong>Cum</strong></span> <span class='ocrx_word' id='word_1_726' title='bbox 3657 3288 3751 3340; x_wconf 84' lang='lat' dir='ltr'><strong>hu-</strong></span> 
     </span>
    </p>
   </div>
   <div class='ocr_carea' id='block_1_90' title="bbox 2184 3378 3813 3445">
    <p class='ocr_par' dir='ltr' id='par_1_90' title="bbox 2184 3378 3813 3445">
     <span class='ocr_line' id='line_1_91' title="bbox 2184 3378 3813 3445; baseline -0.001 -13"><span class='ocrx_word' id='word_1_727' title='bbox 2184 3378 2430 3444; x_wconf 88' lang='lat' dir='ltr'><strong>militate,</strong></span> <span class='ocrx_word' id='word_1_728' title='bbox 2449 3378 2585 3433; x_wconf 81' lang='lat' dir='ltr'><strong>dixit</strong></span> <span class='ocrx_word' id='word_1_729' title='bbox 2606 3394 2619 3444; x_wconf 89' lang='lat'><strong>;</strong></span> <span class='ocrx_word' id='word_1_730' title='bbox 2650 3380 2766 3445; x_wconf 89' lang='lat' dir='ltr'><strong>sed,</strong></span> <span class='ocrx_word' id='word_1_731' title='bbox 2787 3379 2913 3434; x_wconf 85' lang='lat' dir='ltr'><strong>Cum</strong></span> <span class='ocrx_word' id='word_1_732' title='bbox 2932 3380 3068 3433; x_wconf 90' lang='lat' dir='ltr'><strong>omni</strong></span> <span class='ocrx_word' id='word_1_733' title='bbox 3090 3379 3395 3434; x_wconf 72' lang='lat' dir='ltr'><strong>humilitate.</strong></span> <span class='ocrx_word' id='word_1_734' title='bbox 3420 3380 3599 3435; x_wconf 78' lang='lat' dir='ltr'><strong>Multa:</strong></span> <span class='ocrx_word' id='word_1_735' title='bbox 3618 3381 3748 3436; x_wconf 87' lang='lat' dir='ltr'><strong>enim</strong></span> <span class='ocrx_word' id='word_1_736' title='bbox 3801 3423 3813 3432; x_wconf 93' lang='lat'><strong>.</strong></span> 
     </span>
    </p>
   </div>
   <div class='ocr_carea' id='block_1_91' title="bbox 2182 3469 3756 3538">
    <p class='ocr_par' dir='ltr' id='par_1_91' title="bbox 2182 3469 3756 3538">
     <span class='ocr_line' id='line_1_92' title="bbox 2182 3469 3756 3538; baseline 0.001 -16"><span class='ocrx_word' id='word_1_737' title='bbox 2182 3478 2306 3522; x_wconf 91' lang='lat' dir='ltr'><strong>sunt</strong></span> <span class='ocrx_word' id='word_1_738' title='bbox 2330 3470 2536 3538; x_wconf 88' lang='lat' dir='ltr'><strong>species</strong></span> <span class='ocrx_word' id='word_1_739' title='bbox 2577 3469 2928 3524; x_wconf 86' lang='lat' dir='ltr'><strong>humilitatis:</strong></span> <span class='ocrx_word' id='word_1_740' title='bbox 2961 3480 3045 3524; x_wconf 89' lang='lat' dir='ltr'><strong>est</strong></span> <span class='ocrx_word' id='word_1_741' title='bbox 3070 3469 3346 3524; x_wconf 87' lang='lat' dir='ltr'><strong>humilitas</strong></span> <span class='ocrx_word' id='word_1_742' title='bbox 3391 3471 3443 3525; x_wconf 91' lang='lat' dir='ltr'><strong>in</strong></span> <span class='ocrx_word' id='word_1_743' title='bbox 3481 3473 3663 3537; x_wconf 85' lang='lat' dir='ltr'><strong>verbo,</strong></span> <span class='ocrx_word' id='word_1_744' title='bbox 3703 3472 3756 3525; x_wconf 90' lang='lat' dir='ltr'><strong>in</strong></span> 
     </span>
    </p>
   </div>
   <div class='ocr_carea' id='block_1_92' title="bbox 2183 3558 3759 3629">
    <p class='ocr_par' dir='ltr' id='par_1_92' title="bbox 2183 3558 3759 3629">
     <span class='ocr_line' id='line_1_93' title="bbox 2183 3558 3759 3629; baseline 0.003 -17"><span class='ocrx_word' id='word_1_745' title='bbox 2183 3558 2366 3629; x_wconf 83' lang='lat' dir='ltr'><strong>Opere,</strong></span> <span class='ocrx_word' id='word_1_746' title='bbox 2397 3574 2522 3629; x_wconf 85' lang='lat' dir='ltr'><strong>erga</strong></span> <span class='ocrx_word' id='word_1_747' title='bbox 2568 3560 2856 3629; x_wconf 89' lang='lat' dir='ltr'><strong>principes,</strong></span> <span class='ocrx_word' id='word_1_748' title='bbox 2902 3574 3028 3628; x_wconf 80' lang='lat' dir='ltr'><strong>erga</strong></span> <span class='ocrx_word' id='word_1_749' title='bbox 3075 3558 3335 3614; x_wconf 86' lang='lat' dir='ltr'><strong>subditos.</strong></span> <span class='ocrx_word' id='word_1_750' title='bbox 3370 3561 3542 3616; x_wconf 79' lang='lat' dir='ltr'><strong>Vultis</strong></span> <span class='ocrx_word' id='word_1_751' title='bbox 3589 3563 3759 3616; x_wconf 85' lang='lat' dir='ltr'><strong>dicam</strong></span> 
     </span>
    </p>
   </div>
   <div class='ocr_carea' id='block_1_93' title="bbox 2180 3650 3763 3722">
    <p class='ocr_par' dir='ltr' id='par_1_93' title="bbox 2180 3650 3763 3722">
     <span class='ocr_line' id='line_1_94' title="bbox 2180 3650 3763 3722; baseline 0 -15"><span class='ocrx_word' id='word_1_752' title='bbox 2180 3652 2336 3707; x_wconf 82' lang='lat' dir='ltr'><strong>vobis</strong></span> <span class='ocrx_word' id='word_1_753' title='bbox 2363 3651 2680 3707; x_wconf 90' lang='lat' dir='ltr'><strong>humilitatis</strong></span> <span class='ocrx_word' id='word_1_754' title='bbox 2706 3650 2932 3706; x_wconf 87' lang='lat' dir='ltr'><strong>modos?</strong></span> <span class='ocrx_word' id='word_1_755' title='bbox 2962 3651 3098 3706; x_wconf 90' lang='lat' dir='ltr'><strong>Sunt</strong></span> <span class='ocrx_word' id='word_1_756' title='bbox 3121 3652 3207 3722; x_wconf 92' lang='lat' dir='ltr'><strong>qui</strong></span> <span class='ocrx_word' id='word_1_757' title='bbox 3235 3666 3360 3722; x_wconf 83' lang='lat' dir='ltr'><strong>erga</strong></span> <span class='ocrx_word' id='word_1_758' title='bbox 3389 3652 3615 3708; x_wconf 87' lang='lat' dir='ltr'><strong>humiles</strong></span> <span class='ocrx_word' id='word_1_759' title='bbox 3636 3662 3763 3707; x_wconf 88' lang='lat' dir='ltr'><strong>sunt</strong></span> 
     </span>
    </p>
   </div>
   <div class='ocr_carea' id='block_1_94' title="bbox 2180 3742 3759 3814">
    <p class='ocr_par' dir='ltr' id='par_1_94' title="bbox 2180 3742 3759 3814">
     <span class='ocr_line' id='line_1_95' title="bbox 2180 3742 3759 3814; baseline 0.001 -17"><span class='ocrx_word' id='word_1_760' title='bbox 2180 3744 2433 3810; x_wconf 91' lang='lat' dir='ltr'><strong>humiles,</strong></span> <span class='ocrx_word' id='word_1_761' title='bbox 2466 3760 2590 3814; x_wconf 87' lang='lat' dir='ltr'><strong>erga</strong></span> <span class='ocrx_word' id='word_1_762' title='bbox 2622 3744 2876 3798; x_wconf 87' lang='lat' dir='ltr'><strong>sublimes</strong></span> <span class='ocrx_word' id='word_1_763' title='bbox 2925 3759 3055 3798; x_wconf 85' lang='lat' dir='ltr'><strong>vero</strong></span> <span class='ocrx_word' id='word_1_764' title='bbox 3101 3742 3359 3798; x_wconf 86' lang='lat' dir='ltr'><strong>sublimes</strong></span> <span class='ocrx_word' id='word_1_765' title='bbox 3388 3761 3402 3798; x_wconf 90' lang='lat'><strong>:</strong></span> <span class='ocrx_word' id='word_1_766' title='bbox 3434 3744 3538 3799; x_wconf 84' lang='lat' dir='ltr'><strong>hoc</strong></span> <span class='ocrx_word' id='word_1_767' title='bbox 3582 3744 3759 3800; x_wconf 85' lang='lat' dir='ltr'><strong>autem</strong></span> 
     </span>
    </p>
   </div>
   <div class='ocr_carea' id='block_1_95' title="bbox 2184 3833 3757 3907">
    <p class='ocr_par' dir='ltr' id='par_1_95' title="bbox 2184 3833 3757 3907">
     <span class='ocr_line' id='line_1_96' title="bbox 2184 3833 3757 3907; baseline 0.001 -19"><span class='ocrx_word' id='word_1_768' title='bbox 2184 3849 2287 3888; x_wconf 91' lang='lat' dir='ltr'><strong>non</strong></span> <span class='ocrx_word' id='word_1_769' title='bbox 2312 3843 2394 3890; x_wconf 90' lang='lat' dir='ltr'><strong>est</strong></span> <span class='ocrx_word' id='word_1_770' title='bbox 2425 3835 2717 3889; x_wconf 87' lang='lat' dir='ltr'><strong>humilitas.</strong></span> <span class='ocrx_word' id='word_1_771' title='bbox 2742 3833 2876 3891; x_wconf 90' lang='lat' dir='ltr'><strong>Sunt</strong></span> <span class='ocrx_word' id='word_1_772' title='bbox 2901 3836 3063 3889; x_wconf 87' lang='lat' dir='ltr'><strong>etiam</strong></span> <span class='ocrx_word' id='word_1_773' title='bbox 3087 3834 3175 3889; x_wconf 89' lang='lat' dir='ltr'><strong>alii</strong></span> <span class='ocrx_word' id='word_1_774' title='bbox 3202 3850 3308 3890; x_wconf 88' lang='lat' dir='ltr'><strong>non</strong></span> <span class='ocrx_word' id='word_1_775' title='bbox 3339 3836 3492 3903; x_wconf 72' lang='lat' dir='ltr'><strong>talos,</strong></span> <span class='ocrx_word' id='word_1_776' title='bbox 3516 3838 3609 3892; x_wconf 88' lang='lat' dir='ltr'><strong>sed</strong></span> <span class='ocrx_word' id='word_1_777' title='bbox 3636 3853 3757 3907; x_wconf 77' lang='lat' dir='ltr'><strong>erga</strong></span> 
     </span>
    </p>
   </div>
   <div class='ocr_carea' id='block_1_96' title="bbox 2181 3925 3758 4000">
    <p class='ocr_par' dir='ltr' id='par_1_96' title="bbox 2181 3925 3758 4000">
     <span class='ocr_line' id='line_1_97' title="bbox 2181 3925 3758 4000; baseline 0.002 -20"><span class='ocrx_word' id='word_1_778' title='bbox 2181 3936 2434 3997; x_wconf 88' lang='lat' dir='ltr'><strong>utrosque</strong></span> <span class='ocrx_word' id='word_1_779' title='bbox 2458 3925 2810 3981; x_wconf 85' lang='lat' dir='ltr'><strong>humilitatem</strong></span> <span class='ocrx_word' id='word_1_780' title='bbox 2839 3934 2892 3980; x_wconf 92' lang='lat' dir='ltr'><strong>et</strong></span> <span class='ocrx_word' id='word_1_781' title='bbox 2917 3927 3300 3983; x_wconf 84' lang='lat' dir='ltr'><strong>sublimitatem</strong></span> <span class='ocrx_word' id='word_1_782' title='bbox 3331 3937 3544 3984; x_wconf 82' lang='lat' dir='ltr'><strong>servant</strong></span> <span class='ocrx_word' id='word_1_783' title='bbox 3574 3946 3587 3982; x_wconf 89' lang='lat'><strong>:</strong></span> <span class='ocrx_word' id='word_1_784' title='bbox 3614 3929 3758 4000; x_wconf 86' lang='lat' dir='ltr'><strong>quod</strong></span> 
     </span>
    </p>
   </div>
   <div class='ocr_carea' id='block_1_97' title="bbox 2180 4017 3758 4089">
    <p class='ocr_par' dir='ltr' id='par_1_97' title="bbox 2180 4017 3758 4089">
     <span class='ocr_line' id='line_1_98' title="bbox 2180 4017 3758 4089; baseline 0.001 -17"><span class='ocrx_word' id='word_1_785' title='bbox 2180 4019 2340 4072; x_wconf 89' lang='lat' dir='ltr'><strong>etiam</strong></span> <span class='ocrx_word' id='word_1_786' title='bbox 2388 4019 2619 4073; x_wconf 79' lang='lat' dir='ltr'><strong>maxime</strong></span> <span class='ocrx_word' id='word_1_787' title='bbox 2662 4017 2978 4074; x_wconf 77' lang='lat' dir='ltr'><strong>humilitatis</strong></span> <span class='ocrx_word' id='word_1_788' title='bbox 3005 4029 3112 4075; x_wconf 86' lang='lat' dir='ltr'><strong>est.</strong></span> <span class='ocrx_word' id='word_1_789' title='bbox 3166 4019 3424 4074; x_wconf 91' lang='lat' dir='ltr'><strong>Docturus</strong></span> <span class='ocrx_word' id='word_1_790' title='bbox 3460 4035 3588 4089; x_wconf 87' lang='lat' dir='ltr'><strong>ergo</strong></span> <span class='ocrx_word' id='word_1_791' title='bbox 3632 4021 3758 4074; x_wconf 85' lang='lat' dir='ltr'><strong>illos</strong></span> 
     </span>
    </p>
   </div>
   <div class='ocr_carea' id='block_1_98' title="bbox 2182 4109 3753 4182">
    <p class='ocr_par' dir='ltr' id='par_1_98' title="bbox 2182 4109 3753 4182">
     <span class='ocr_line' id='line_1_99' title="bbox 2182 4109 3753 4182; baseline 0 -20"><span class='ocrx_word' id='word_1_792' title='bbox 2182 4110 2331 4181; x_wconf 87' lang='lat' dir='ltr'><strong>talia,</strong></span> <span class='ocrx_word' id='word_1_793' title='bbox 2367 4117 2522 4165; x_wconf 88' lang='lat' dir='ltr'><strong>utne</strong></span> <span class='ocrx_word' id='word_1_794' title='bbox 2568 4110 2843 4166; x_wconf 84' lang='lat' dir='ltr'><strong>videretur</strong></span> <span class='ocrx_word' id='word_1_795' title='bbox 2879 4122 3191 4182; x_wconf 88' lang='lat' dir='ltr'><strong>arroganter</strong></span> <span class='ocrx_word' id='word_1_796' title='bbox 3216 4111 3411 4176; x_wconf 86' lang='lat' dir='ltr'><strong>ell&#39;erri,</strong></span> <span class='ocrx_word' id='word_1_797' title='bbox 3449 4112 3596 4182; x_wconf 90' lang='lat' dir='ltr'><strong>prius</strong></span> <span class='ocrx_word' id='word_1_798' title='bbox 3633 4109 3753 4165; x_wconf 85' lang='lat' dir='ltr'><strong>fun-</strong></span> 
     </span>
    </p>
   </div>
   <div class='ocr_carea' id='block_1_99' title="bbox 2179 4202 3752 4273">
    <p class='ocr_par' dir='ltr' id='par_1_99' title="bbox 2179 4202 3752 4273">
     <span class='ocr_line' id='line_1_100' title="bbox 2179 4202 3752 4273; baseline 0 -16"><span class='ocrx_word' id='word_1_799' title='bbox 2179 4203 2486 4259; x_wconf 88' lang='lat' dir='ltr'><strong>damentum</strong></span> <span class='ocrx_word' id='word_1_800' title='bbox 2518 4203 2688 4272; x_wconf 89' lang='lat' dir='ltr'><strong>ponit,</strong></span> <span class='ocrx_word' id='word_1_801' title='bbox 2721 4204 3083 4273; x_wconf 89' lang='lat' dir='ltr'><strong>suspicionem</strong></span> <span class='ocrx_word' id='word_1_802' title='bbox 3123 4203 3337 4259; x_wconf 87' lang='lat' dir='ltr'><strong>tollens.</strong></span> <span class='ocrx_word' id='word_1_803' title='bbox 3368 4202 3501 4257; x_wconf 86' lang='lat' dir='ltr'><strong>Nam</strong></span> <span class='ocrx_word' id='word_1_804' title='bbox 3543 4202 3586 4256; x_wconf 90' lang='lat' dir='ltr'><strong>si</strong></span> <span class='ocrx_word' id='word_1_805' title='bbox 3630 4218 3752 4257; x_wconf 90' lang='lat' dir='ltr'><strong>cum</strong></span> 
     </span>
    </p>
   </div>
   <div class='ocr_carea' id='block_1_100' title="bbox 2177 4292 3759 4366">
    <p class='ocr_par' dir='ltr' id='par_1_100' title="bbox 2177 4292 3759 4366">
     <span class='ocr_line' id='line_1_101' title="bbox 2177 4292 3759 4366; baseline 0.001 -17"><span class='ocrx_word' id='word_1_806' title='bbox 2177 4293 2323 4349; x_wconf 87' lang='lat' dir='ltr'><strong>Omni</strong></span> <span class='ocrx_word' id='word_1_807' title='bbox 2352 4293 2653 4349; x_wconf 89' lang='lat' dir='ltr'><strong>humilitate</strong></span> <span class='ocrx_word' id='word_1_808' title='bbox 2695 4295 2788 4362; x_wconf 82' lang='lat' dir='ltr'><strong>lui,</strong></span> <span class='ocrx_word' id='word_1_809' title='bbox 2815 4294 3009 4366; x_wconf 90' lang='lat' dir='ltr'><strong>inquit,</strong></span> <span class='ocrx_word' id='word_1_810' title='bbox 3049 4310 3153 4349; x_wconf 89' lang='lat' dir='ltr'><strong>non</strong></span> <span class='ocrx_word' id='word_1_811' title='bbox 3181 4311 3244 4350; x_wconf 79' lang='lat' dir='ltr'><strong>ex</strong></span> <span class='ocrx_word' id='word_1_812' title='bbox 3292 4295 3592 4364; x_wconf 87' lang='lat' dir='ltr'><strong>arrogantia</strong></span> <span class='ocrx_word' id='word_1_813' title='bbox 3639 4292 3759 4350; x_wconf 62' lang='lat' dir='ltr'><strong>haec</strong></span> 
     </span>
    </p>
   </div>
   <div class='ocr_carea' id='block_1_101' title="bbox 2179 4384 3758 4452">
    <p class='ocr_par' dir='ltr' id='par_1_101' title="bbox 2179 4384 3758 4452">
     <span class='ocr_line' id='line_1_102' title="bbox 2179 4384 3758 4452; baseline 0.001 -14"><span class='ocrx_word' id='word_1_814' title='bbox 2179 4385 2319 4439; x_wconf 90' lang='lat' dir='ltr'><strong>dico.</strong></span> <span class='ocrx_word' id='word_1_815' title='bbox 2346 4385 2553 4440; x_wconf 87' lang='lat' dir='ltr'><strong>Deinde</strong></span> <span class='ocrx_word' id='word_1_816' title='bbox 2583 4386 3046 4442; x_wconf 87' lang='lat' dir='ltr'><strong>mansuetudinem</strong></span> <span class='ocrx_word' id='word_1_817' title='bbox 3076 4385 3332 4440; x_wconf 88' lang='lat' dir='ltr'><strong>declarat.</strong></span> <span class='ocrx_word' id='word_1_818' title='bbox 3358 4384 3646 4452; x_wconf 80' lang='lat' dir='ltr'><strong>Vobiscum,</strong></span> <span class='ocrx_word' id='word_1_819' title='bbox 3675 4386 3758 4440; x_wconf 92' lang='lat' dir='ltr'><strong>iu-</strong></span> 
     </span>
    </p>
   </div>
   <div class='ocr_carea' id='block_1_102' title="bbox 2178 4480 3758 4551">
    <p class='ocr_par' dir='ltr' id='par_1_102' title="bbox 2178 4480 3758 4551">
     <span class='ocr_line' id='line_1_103' title="bbox 2178 4480 3758 4551; baseline 0.001 -19"><span class='ocrx_word' id='word_1_820' title='bbox 2178 4482 2313 4551; x_wconf 86' lang='lat' dir='ltr'><strong>quit,</strong></span> <span class='ocrx_word' id='word_1_821' title='bbox 2345 4481 2773 4550; x_wconf 64' lang='lat' dir='ltr'><strong>fuerinnserviens</strong></span> <span class='ocrx_word' id='word_1_822' title='bbox 2803 4481 3039 4544; x_wconf 87' lang='lat' dir='ltr'><strong>Domino,</strong></span> <span class='ocrx_word' id='word_1_823' title='bbox 3070 4480 3191 4534; x_wconf 91' lang='lat' dir='ltr'><strong>illos</strong></span> <span class='ocrx_word' id='word_1_824' title='bbox 3220 4480 3345 4534; x_wconf 92' lang='lat' dir='ltr'><strong>boni</strong></span> <span class='ocrx_word' id='word_1_825' title='bbox 3374 4480 3553 4549; x_wconf 79' lang='lat' dir='ltr'><strong>cperis</strong></span> <span class='ocrx_word' id='word_1_826' title='bbox 3581 4481 3758 4535; x_wconf 89' lang='lat' dir='ltr'><strong>socios</strong></span> 
     </span>
    </p>
   </div>
   <div class='ocr_carea' id='block_1_103' title="bbox 2178 4569 3861 4637">
    <p class='ocr_par' dir='ltr' id='par_1_103' title="bbox 2178 4569 3861 4637">
     <span class='ocr_line' id='line_1_104' title="bbox 2178 4569 3861 4637; baseline -0.001 -11"><span class='ocrx_word' id='word_1_827' title='bbox 2178 4570 2491 4627; x_wconf 88' lang='lat' dir='ltr'><strong>ostendens.</strong></span> <span class='ocrx_word' id='word_1_828' title='bbox 2521 4570 2611 4625; x_wconf 87' lang='lat' dir='ltr'><strong>Sic</strong></span> <span class='ocrx_word' id='word_1_829' title='bbox 2657 4571 2853 4637; x_wconf 85' lang='lat' dir='ltr'><strong>ubique</strong></span> <span class='ocrx_word' id='word_1_830' title='bbox 2880 4572 3112 4627; x_wconf 89' lang='lat' dir='ltr'><strong>societas</strong></span> <span class='ocrx_word' id='word_1_831' title='bbox 3137 4571 3274 4626; x_wconf 88' lang='lat' dir='ltr'><strong>bona</strong></span> <span class='ocrx_word' id='word_1_832' title='bbox 3312 4578 3416 4625; x_wconf 90' lang='lat' dir='ltr'><strong>est.</strong></span> <span class='ocrx_word' id='word_1_833' title='bbox 3442 4569 3757 4625; x_wconf 88' lang='lat' dir='ltr'><strong>Communia</strong></span> <span class='ocrx_word' id='word_1_834' title='bbox 3858 4610 3861 4611; x_wconf 47' lang='grc' dir='ltr'><em>ν</em></span> 
     </span>
    </p>
   </div>
   <div class='ocr_carea' id='block_1_104' title="bbox 2177 4660 3752 4733">
    <p class='ocr_par' dir='ltr' id='par_1_104' title="bbox 2177 4660 3752 4733">
     <span class='ocr_line' id='line_1_105' title="bbox 2177 4660 3752 4733; baseline -0.003 -16"><span class='ocrx_word' id='word_1_835' title='bbox 2177 4674 2306 4733; x_wconf 81' lang='lat' dir='ltr'><strong>ergo</strong></span> <span class='ocrx_word' id='word_1_836' title='bbox 2341 4661 2466 4717; x_wconf 85' lang='lat' dir='ltr'><strong>facit</strong></span> <span class='ocrx_word' id='word_1_837' title='bbox 2493 4662 2635 4717; x_wconf 90' lang='lat' dir='ltr'><strong>bona</strong></span> <span class='ocrx_word' id='word_1_838' title='bbox 2663 4676 2848 4732; x_wconf 88' lang='lat' dir='ltr'><strong>opera,</strong></span> <span class='ocrx_word' id='word_1_839' title='bbox 2878 4671 2934 4716; x_wconf 89' lang='lat' dir='ltr'><strong>et</strong></span> <span class='ocrx_word' id='word_1_840' title='bbox 2962 4660 3094 4716; x_wconf 90' lang='lat' dir='ltr'><strong>nihil</strong></span> <span class='ocrx_word' id='word_1_841' title='bbox 3129 4660 3230 4715; x_wconf 88' lang='lat' dir='ltr'><strong>sibi</strong></span> <span class='ocrx_word' id='word_1_842' title='bbox 3260 4661 3445 4715; x_wconf 91' lang='lat' dir='ltr'><strong>tribuit</strong></span> <span class='ocrx_word' id='word_1_843' title='bbox 3473 4661 3752 4716; x_wconf 78' lang='lat' dir='ltr'><strong>eximium.</strong></span> 
     </span>
    </p>
   </div>
   <div class='ocr_carea' id='block_1_105' title="bbox 2176 4753 3755 4824">
    <p class='ocr_par' dir='ltr' id='par_1_105' title="bbox 2176 4753 3755 4824">
     <span class='ocr_line' id='line_1_106' title="bbox 2176 4753 3755 4824; baseline -0.001 -15"><span class='ocrx_word' id='word_1_844' title='bbox 2176 4755 2316 4823; x_wconf 80' lang='lat' dir='ltr'><strong>Quid</strong></span> <span class='ocrx_word' id='word_1_845' title='bbox 2344 4756 2510 4821; x_wconf 88' lang='lat' dir='ltr'><strong>enim,</strong></span> <span class='ocrx_word' id='word_1_846' title='bbox 2537 4753 2790 4824; x_wconf 83' lang='lat' dir='ltr'><strong>inquies?</strong></span> <span class='ocrx_word' id='word_1_847' title='bbox 2832 4769 2898 4807; x_wconf 89' lang='lat' dir='ltr'><strong>an</strong></span> <span class='ocrx_word' id='word_1_848' title='bbox 2928 4764 3115 4808; x_wconf 90' lang='lat' dir='ltr'><strong>contra</strong></span> <span class='ocrx_word' id='word_1_849' title='bbox 3148 4754 3312 4807; x_wconf 89' lang='lat' dir='ltr'><strong>Deum</strong></span> <span class='ocrx_word' id='word_1_850' title='bbox 3340 4768 3597 4823; x_wconf 84' lang='lat' dir='ltr'><strong>arrogans</strong></span> <span class='ocrx_word' id='word_1_851' title='bbox 3634 4768 3755 4808; x_wconf 90' lang='lat' dir='ltr'><strong>esse</strong></span> 
     </span>
    </p>
   </div>
   <div class='ocr_carea' id='block_1_106' title="bbox 2176 4844 3756 4919">
    <p class='ocr_par' dir='ltr' id='par_1_106' title="bbox 2176 4844 3756 4919">
     <span class='ocr_line' id='line_1_107' title="bbox 2176 4844 3756 4919; baseline -0.003 -17"><span class='ocrx_word' id='word_1_852' title='bbox 2176 4848 2383 4919; x_wconf 84' lang='lat' dir='ltr'><strong>potuit?</strong></span> <span class='ocrx_word' id='word_1_853' title='bbox 2413 4847 2572 4916; x_wconf 82' lang='lat' dir='ltr'><strong>Atqui</strong></span> <span class='ocrx_word' id='word_1_854' title='bbox 2598 4845 2751 4901; x_wconf 90' lang='lat' dir='ltr'><strong>multi</strong></span> <span class='ocrx_word' id='word_1_855' title='bbox 2800 4854 2944 4912; x_wconf 89' lang='lat' dir='ltr'><strong>sunt,</strong></span> <span class='ocrx_word' id='word_1_856' title='bbox 2972 4846 3061 4915; x_wconf 91' lang='lat' dir='ltr'><strong>qui</strong></span> <span class='ocrx_word' id='word_1_857' title='bbox 3090 4854 3273 4899; x_wconf 89' lang='lat' dir='ltr'><strong>contra</strong></span> <span class='ocrx_word' id='word_1_858' title='bbox 3315 4844 3459 4899; x_wconf 88' lang='lat' dir='ltr'><strong>illum</strong></span> <span class='ocrx_word' id='word_1_859' title='bbox 3503 4859 3756 4914; x_wconf 62' lang='lat' dir='ltr'><strong>arrogatio</strong></span> 
     </span>
    </p>
   </div>
   <div class='ocr_carea' id='block_1_107' title="bbox 2176 4935 3751 5006">
    <p class='ocr_par' dir='ltr' id='par_1_107' title="bbox 2176 4935 3751 5006">
     <span class='ocr_line' id='line_1_108' title="bbox 2176 4935 3751 5006; baseline -0.003 -13"><span class='ocrx_word' id='word_1_860' title='bbox 2176 4947 2258 4994; x_wconf 91' lang='lat' dir='ltr'><strong>tes</strong></span> <span class='ocrx_word' id='word_1_861' title='bbox 2283 4948 2445 4993; x_wconf 90' lang='lat' dir='ltr'><strong>sunt:</strong></span> <span class='ocrx_word' id='word_1_862' title='bbox 2490 4937 2579 4993; x_wconf 88' lang='lat' dir='ltr'><strong>hic</strong></span> <span class='ocrx_word' id='word_1_863' title='bbox 2607 4953 2737 4992; x_wconf 89' lang='lat' dir='ltr'><strong>vero</strong></span> <span class='ocrx_word' id='word_1_864' title='bbox 2765 4951 2833 4992; x_wconf 89' lang='lat' dir='ltr'><strong>ne</strong></span> <span class='ocrx_word' id='word_1_865' title='bbox 2857 4946 3042 4992; x_wconf 87' lang='lat' dir='ltr'><strong>contra</strong></span> <span class='ocrx_word' id='word_1_866' title='bbox 3068 4936 3354 5006; x_wconf 88' lang='lat' dir='ltr'><strong>discipulos</strong></span> <span class='ocrx_word' id='word_1_867' title='bbox 3382 4951 3509 4991; x_wconf 91' lang='lat' dir='ltr'><strong>suos</strong></span> <span class='ocrx_word' id='word_1_868' title='bbox 3537 4935 3751 5004; x_wconf 89' lang='lat' dir='ltr'><strong>quidem</strong></span> 
     </span>
    </p>
   </div>
   <div class='ocr_carea' id='block_1_108' title="bbox 2175 5027 3753 5099">
    <p class='ocr_par' dir='ltr' id='par_1_108' title="bbox 2175 5027 3753 5099">
     <span class='ocr_line' id='line_1_109' title="bbox 2175 5027 3753 5099; baseline -0.002 -15"><span class='ocrx_word' id='word_1_869' title='bbox 2175 5039 2432 5099; x_wconf 77' lang='lat' dir='ltr'><strong>arrogans</strong></span> <span class='ocrx_word' id='word_1_870' title='bbox 2452 5039 2588 5084; x_wconf 89' lang='lat' dir='ltr'><strong>erat.</strong></span> <span class='ocrx_word' id='word_1_871' title='bbox 2612 5028 2726 5083; x_wconf 79' lang='lat' dir='ltr'><strong>Hoc</strong></span> <span class='ocrx_word' id='word_1_872' title='bbox 2752 5029 2947 5083; x_wconf 90' lang='lat' dir='ltr'><strong>bonum</strong></span> <span class='ocrx_word' id='word_1_873' title='bbox 2970 5029 3205 5082; x_wconf 88' lang='lat' dir='ltr'><strong>doctoris</strong></span> <span class='ocrx_word' id='word_1_874' title='bbox 3228 5037 3309 5082; x_wconf 90' lang='lat' dir='ltr'><strong>est</strong></span> <span class='ocrx_word' id='word_1_875' title='bbox 3334 5042 3490 5097; x_wconf 89' lang='lat' dir='ltr'><strong>opus,</strong></span> <span class='ocrx_word' id='word_1_876' title='bbox 3510 5043 3575 5081; x_wconf 78' lang='lat' dir='ltr'><strong>ex</strong></span> <span class='ocrx_word' id='word_1_877' title='bbox 3598 5027 3753 5081; x_wconf 89' lang='lat' dir='ltr'><strong>bonis</strong></span> 
     </span>
    </p>
   </div>
   <div class='ocr_carea' id='block_1_109' title="bbox 2174 5119 3750 5191">
    <p class='ocr_par' dir='ltr' id='par_1_109' title="bbox 2174 5119 3750 5191">
     <span class='ocr_line' id='line_1_110' title="bbox 2174 5119 3750 5191; baseline -0.001 -16"><span class='ocrx_word' id='word_1_878' title='bbox 2174 5121 2427 5191; x_wconf 88' lang='lat' dir='ltr'><strong>operibus</strong></span> <span class='ocrx_word' id='word_1_879' title='bbox 2451 5121 2563 5175; x_wconf 88' lang='lat' dir='ltr'><strong>suis</strong></span> <span class='ocrx_word' id='word_1_880' title='bbox 2586 5119 2880 5191; x_wconf 89' lang='lat' dir='ltr'><strong>discipulos</strong></span> <span class='ocrx_word' id='word_1_881' title='bbox 2918 5119 3204 5174; x_wconf 90' lang='lat' dir='ltr'><strong>moderari.</strong></span> <span class='ocrx_word' id='word_1_882' title='bbox 3238 5120 3439 5175; x_wconf 86' lang='lat' dir='ltr'><strong>Deinde</strong></span> <span class='ocrx_word' id='word_1_883' title='bbox 3482 5119 3750 5175; x_wconf 88' lang='lat' dir='ltr'><strong>fortitudi-</strong></span> 
     </span>
    </p>
   </div>
   <div class='ocr_carea' id='block_1_110' title="bbox 2175 5208 3752 5281">
    <p class='ocr_par' dir='ltr' id='par_1_110' title="bbox 2175 5208 3752 5281">
     <span class='ocr_line' id='line_1_111' title="bbox 2175 5208 3752 5281; baseline -0.004 -13"><span class='ocrx_word' id='word_1_884' title='bbox 2175 5222 2295 5268; x_wconf 85' lang='lat' dir='ltr'><strong>nem</strong></span> <span class='ocrx_word' id='word_1_885' title='bbox 2345 5229 2497 5267; x_wconf 86' lang='lat' dir='ltr'><strong>suam</strong></span> <span class='ocrx_word' id='word_1_886' title='bbox 2544 5212 2796 5274; x_wconf 86' lang='lat' dir='ltr'><strong>ostendit,</strong></span> <span class='ocrx_word' id='word_1_887' title='bbox 2839 5226 2997 5281; x_wconf 89' lang='lat' dir='ltr'><strong>quam</strong></span> <span class='ocrx_word' id='word_1_888' title='bbox 3038 5211 3265 5281; x_wconf 88' lang='lat' dir='ltr'><strong>carptim</strong></span> <span class='ocrx_word' id='word_1_889' title='bbox 3321 5211 3579 5280; x_wconf 74' lang='lat' dir='ltr'><strong>praeterit.</strong></span> <span class='ocrx_word' id='word_1_890' title='bbox 3626 5208 3752 5262; x_wconf 87' lang='lat' dir='ltr'><strong>Cum</strong></span> 
     </span>
    </p>
   </div>
   <div class='ocr_carea' id='block_1_111' title="bbox 2173 5302 3753 5375">
    <p class='ocr_par' dir='ltr' id='par_1_111' title="bbox 2173 5302 3753 5375">
     <span class='ocr_line' id='line_1_112' title="bbox 2173 5302 3753 5375; baseline -0.002 -17"><span class='ocrx_word' id='word_1_891' title='bbox 2173 5305 2344 5359; x_wconf 79' lang='lat' dir='ltr'><strong>multis</strong></span> <span class='ocrx_word' id='word_1_892' title='bbox 2388 5305 2626 5375; x_wconf 81' lang='lat' dir='ltr'><strong>lacrymis</strong></span> <span class='ocrx_word' id='word_1_893' title='bbox 2668 5313 2715 5359; x_wconf 90' lang='lat' dir='ltr'><strong>et</strong></span> <span class='ocrx_word' id='word_1_894' title='bbox 2748 5303 3119 5369; x_wconf 87' lang='lat' dir='ltr'><strong>tentationibus,</strong></span> <span class='ocrx_word' id='word_1_895' title='bbox 3154 5318 3269 5373; x_wconf 76' lang='lat' dir='ltr'><strong>qua:</strong></span> <span class='ocrx_word' id='word_1_896' title='bbox 3307 5303 3434 5357; x_wconf 85' lang='lat' dir='ltr'><strong>mihi</strong></span> <span class='ocrx_word' id='word_1_897' title='bbox 3461 5302 3753 5356; x_wconf 83' lang='lat' dir='ltr'><strong>acciderunt</strong></span> 
     </span>
    </p>
   </div>
   <div class='ocr_carea' id='block_1_112' title="bbox 2174 5393 3751 5465">
    <p class='ocr_par' dir='ltr' id='par_1_112' title="bbox 2174 5393 3751 5465">
     <span class='ocr_line' id='line_1_113' title="bbox 2174 5393 3751 5465; baseline -0.003 -13"><span class='ocrx_word' id='word_1_898' title='bbox 2174 5414 2239 5452; x_wconf 75' lang='lat' dir='ltr'><strong>ea:</strong></span> <span class='ocrx_word' id='word_1_899' title='bbox 2264 5397 2466 5450; x_wconf 86' lang='lat' dir='ltr'><strong>insidiis</strong></span> <span class='ocrx_word' id='word_1_900' title='bbox 2493 5395 2811 5450; x_wconf 74' lang='lat' dir='ltr'><strong>Judworum.</strong></span> <span class='ocrx_word' id='word_1_901' title='bbox 2843 5394 3034 5449; x_wconf 84' lang='lat' dir='ltr'><strong>Viden’</strong></span> <span class='ocrx_word' id='word_1_902' title='bbox 3059 5393 3328 5465; x_wconf 89' lang='lat' dir='ltr'><strong>quomodo</strong></span> <span class='ocrx_word' id='word_1_903' title='bbox 3355 5394 3422 5448; x_wconf 89' lang='lat' dir='ltr'><strong>de</strong></span> <span class='ocrx_word' id='word_1_904' title='bbox 3461 5394 3623 5464; x_wconf 87' lang='lat' dir='ltr'><strong>gestis</strong></span> <span class='ocrx_word' id='word_1_905' title='bbox 3648 5393 3751 5447; x_wconf 88' lang='lat' dir='ltr'><strong>do-</strong></span> 
     </span>
    </p>
   </div>
   <div class='ocr_carea' id='block_1_113' title="bbox 2172 5485 3750 5545">
    <p class='ocr_par' dir='ltr' id='par_1_113' title="bbox 2172 5485 3750 5545">
     <span class='ocr_line' id='line_1_114' title="bbox 2172 5485 3750 5545; baseline -0.004 0"><span class='ocrx_word' id='word_1_906' title='bbox 2172 5488 2318 5545; x_wconf 79' lang='lat' dir='ltr'><strong>leat?</strong></span> <span class='ocrx_word' id='word_1_907' title='bbox 2366 5488 2464 5542; x_wconf 91' lang='lat' dir='ltr'><strong>llic</strong></span> <span class='ocrx_word' id='word_1_908' title='bbox 2491 5504 2619 5542; x_wconf 82' lang='lat' dir='ltr'><strong>vero</strong></span> <span class='ocrx_word' id='word_1_909' title='bbox 2645 5486 3166 5542; x_wconf 87' lang='lat' dir='ltr'><strong>commiserationem</strong></span> <span class='ocrx_word' id='word_1_910' title='bbox 3192 5501 3341 5541; x_wconf 85' lang='lat' dir='ltr'><strong>suum</strong></span> <span class='ocrx_word' id='word_1_911' title='bbox 3369 5486 3583 5543; x_wconf 76' lang='lat' dir='ltr'><strong>videtur</strong></span> <span class='ocrx_word' id='word_1_912' title='bbox 3608 5485 3750 5539; x_wconf 88' lang='lat' dir='ltr'><strong>indi-</strong></span> 
     </span>
    </p>
   </div>
   <div class='ocr_carea' id='block_1_114' title="bbox 2168 5578 3751 5650">
    <p class='ocr_par' dir='ltr' id='par_1_114' title="bbox 2168 5578 3751 5650">
     <span class='ocr_line' id='line_1_115' title="bbox 2168 5578 3751 5650; baseline -0.001 -18"><span class='ocrx_word' id='word_1_913' title='bbox 2168 5595 2293 5634; x_wconf 81' lang='lat' dir='ltr'><strong>care</strong></span> <span class='ocrx_word' id='word_1_914' title='bbox 2325 5596 2338 5631; x_wconf 92' lang='lat'><strong>:</strong></span> <span class='ocrx_word' id='word_1_915' title='bbox 2368 5580 2632 5634; x_wconf 62' lang='lat' dir='ltr'><strong>manebat</strong></span> <span class='ocrx_word' id='word_1_916' title='bbox 2658 5580 2800 5634; x_wconf 88' lang='lat' dir='ltr'><strong>enim</strong></span> <span class='ocrx_word' id='word_1_917' title='bbox 2833 5594 2929 5650; x_wconf 91' lang='lat' dir='ltr'><strong>pro</strong></span> <span class='ocrx_word' id='word_1_918' title='bbox 2958 5578 3325 5649; x_wconf 89' lang='lat' dir='ltr'><strong>pereuntibus,</strong></span> <span class='ocrx_word' id='word_1_919' title='bbox 3358 5594 3456 5648; x_wconf 88' lang='lat' dir='ltr'><strong>pro</strong></span> <span class='ocrx_word' id='word_1_920' title='bbox 3486 5578 3751 5632; x_wconf 83' lang='lat' dir='ltr'><strong>facinoro-</strong></span> 
     </span>
    </p>
   </div>
   <div class='ocr_carea' id='block_1_115' title="bbox 2168 5668 3746 5740">
    <p class='ocr_par' dir='ltr' id='par_1_115' title="bbox 2168 5668 3746 5740">
     <span class='ocr_line' id='line_1_116' title="bbox 2168 5668 3746 5740; baseline -0.003 -16"><span class='ocrx_word' id='word_1_921' title='bbox 2168 5672 2242 5725; x_wconf 86' lang='lat' dir='ltr'><strong>sis</strong></span> <span class='ocrx_word' id='word_1_922' title='bbox 2276 5687 2290 5723; x_wconf 91' lang='lat'><strong>:</strong></span> <span class='ocrx_word' id='word_1_923' title='bbox 2339 5684 2460 5723; x_wconf 86' lang='lat' dir='ltr'><strong>nam</strong></span> <span class='ocrx_word' id='word_1_924' title='bbox 2498 5670 2567 5725; x_wconf 90' lang='lat' dir='ltr'><strong>de</strong></span> <span class='ocrx_word' id='word_1_925' title='bbox 2611 5670 2712 5725; x_wconf 86' lang='lat' dir='ltr'><strong>sibi</strong></span> <span class='ocrx_word' id='word_1_926' title='bbox 2757 5670 2916 5725; x_wconf 89' lang='lat' dir='ltr'><strong>illatis</strong></span> <span class='ocrx_word' id='word_1_927' title='bbox 2947 5669 3101 5724; x_wconf 88' lang='lat' dir='ltr'><strong>malis</strong></span> <span class='ocrx_word' id='word_1_928' title='bbox 3133 5668 3421 5740; x_wconf 88' lang='lat' dir='ltr'><strong>gaudebat.</strong></span> <span class='ocrx_word' id='word_1_929' title='bbox 3451 5669 3579 5724; x_wconf 86' lang='lat' dir='ltr'><strong>Erat</strong></span> <span class='ocrx_word' id='word_1_930' title='bbox 3602 5668 3746 5723; x_wconf 86' lang='lat' dir='ltr'><strong>enim</strong></span> 
     </span>
    </p>
   </div>
   <div class='ocr_carea' id='block_1_116' title="bbox 2167 5760 3747 5837">
    <p class='ocr_par' dir='ltr' id='par_1_116' title="bbox 2167 5760 3747 5837">
     <span class='ocr_line' id='line_1_117' title="bbox 2167 5760 3747 5837; baseline -0.002 -18"><span class='ocrx_word' id='word_1_931' title='bbox 2167 5779 2235 5820; x_wconf 79' lang='lat' dir='ltr'><strong>ex</strong></span> <span class='ocrx_word' id='word_1_932' title='bbox 2277 5763 2487 5818; x_wconf 89' lang='lat' dir='ltr'><strong>illorum</strong></span> <span class='ocrx_word' id='word_1_933' title='bbox 2522 5763 2709 5830; x_wconf 88' lang='lat' dir='ltr'><strong>choro,</strong></span> <span class='ocrx_word' id='word_1_934' title='bbox 2733 5763 2826 5834; x_wconf 86' lang='lat' dir='ltr'><strong>qui</strong></span> <span class='ocrx_word' id='word_1_935' title='bbox 2868 5763 3191 5834; x_wconf 86' lang='lat' dir='ltr'><strong>gaudebant,</strong></span> <span class='ocrx_word' id='word_1_936' title='bbox 3221 5763 3342 5833; x_wconf 89' lang='lat' dir='ltr'><strong>quia</strong></span> <span class='ocrx_word' id='word_1_937' title='bbox 3387 5762 3532 5837; x_wconf 79' lang='lat' dir='ltr'><strong>digni</strong></span> <span class='ocrx_word' id='word_1_938' title='bbox 3579 5760 3747 5816; x_wconf 88' lang='lat' dir='ltr'><strong>habiti</strong></span> 
     </span>
    </p>
   </div>
   <div class='ocr_carea' id='block_1_117' title="bbox 2166 5849 3741 5928">
    <p class='ocr_par' dir='ltr' id='par_1_117' title="bbox 2166 5849 3741 5928">
     <span class='ocr_line' id='line_1_118' title="bbox 2166 5849 3741 5928; baseline -0.002 -15"><span class='ocrx_word' id='word_1_939' title='bbox 2166 5863 2320 5913; x_wconf 86' lang='lat' dir='ltr'><strong>erant</strong></span> <span class='ocrx_word' id='word_1_940' title='bbox 2343 5868 2442 5925; x_wconf 87' lang='lat' dir='ltr'><strong>pro</strong></span> <span class='ocrx_word' id='word_1_941' title='bbox 2464 5855 2678 5911; x_wconf 90' lang='lat' dir='ltr'><strong>nomine</strong></span> <span class='ocrx_word' id='word_1_942' title='bbox 2691 5852 2817 5911; x_wconf 86' lang='lat' dir='ltr'><strong>Jesu</strong></span> <span class='ocrx_word' id='word_1_943' title='bbox 2843 5852 3219 5911; x_wconf 90' lang='lat' dir='ltr'><strong>contumeliam</strong></span> <span class='ocrx_word' id='word_1_944' title='bbox 3246 5856 3356 5925; x_wconf 86' lang='lat' dir='ltr'><strong>pati</strong></span> <span class='ocrx_word' id='word_1_945' title='bbox 3383 5853 3517 5928; x_wconf 76' lang='lat' dir='ltr'><strong>(Act.</strong></span> <span class='ocrx_word' id='word_1_946' title='bbox 3543 5852 3597 5911; x_wconf 80' lang='lat'><strong>5.</strong></span> <span class='ocrx_word' id='word_1_947' title='bbox 3624 5849 3741 5924; x_wconf 72' lang='lat' dir='ltr'><strong>ll).</strong></span> 
     </span>
    </p>
   </div>
  </div>
