4112 6426
376 380 481 434 509

375 492 616 544 αἰώνιον
637 487 832 556 ,ϐάρος
851 486 1038 554 δόξης
1059 485 1469 557 κατεργάζεται
1491 486 1655 556 ἡμῖν.
1696 486 1857 539 ’Λλλά
1875 485 2047 539 ταῦτα

374 577 522 645 λέγει
579 575 904 649 μετριάζων.
982 575 1243 630 Ἐνταῦθα
1286 575 1344 628 δὲ
1405 575 1677 628 δείκνυσιν
1729 573 1892 627 αὐτοῦ
1947 573 2050 644 τὴν

375 666 648 737 ἀνδρείαν,
707 667 800 719 καὶ
850 664 911 716 ού
975 663 1226 718 τοσοῦτον
1279 663 1379 735 τὴν
1437 663 1714 735 ἀνδρείαν,
1777 663 1900 716 ὅσον
1948 661 2047 732 τὴν

377 755 656 824 ὑπομονήν
681 771 696 785 ·
753 753 884 806 ὡσεὶ
936 752 1155 822 ἔλεγεν·
1193 753 1472 822 Ἐπασχον
1519 753 1628 820 ἐγω
1671 751 1876 816 κακῶς,
1913 750 2082 824 ἀλλὰἲ

379 841 496 912 μεθ’
529 841 683 912 ὑμῶν
708 857 721 873 ·
765 841 859 894 καὶ
887 841 947 894 τὸ
983 839 1176 903 δεινὸν,
1216 841 1298 893 ὅτι
1331 839 1436 893 ὑπὸ
1475 839 1762 894 Ἰουδαίων.
1803 839 1912 892 Θέα
1958 855 2048 908 μοι

375 929 609 984 ἐνταῦθα
663 930 992 1002 χαρακτῆρα
1049 929 1435 992 διδασκαλίας·
1495 928 1592 982 καὶ
1665 927 1766 999 τὴν
1825 927 2048 996 ἀγάπην

373 1018 557 1090 τίθησι
599 1020 696 1072 καὶ
738 1019 836 1089 τὴν
895 1017 1165 1090 ἀνδρείαν.
1214 1016 1312 1083 Ὠς
1349 1017 1532 1072 οὐδὲν
1572 1015 2046 1085 ὑπεστειλάμην,

375 1107 530 1177 φησί.
563 1107 636 1158 Τὸ
691 1106 925 1176 ἄφθονον
980 1106 1221 1160 δείκνυσι
1275 1106 1362 1160 διὰ
1421 1104 1626 1159 τούτων
1665 1103 1822 1176 ὁμοῦ,
1858 1103 1951 1156 καὶ
1987 1103 2048 1156 τὸ

373 1194 586 1249 ἄοκνον.
617 1194 724 1248 Καὶ
748 1193 867 1246 τῶν
899 1195 1346 1263 συμφερόντων.
1379 1193 1574 1256 Καλῶς
1613 1191 1785 1255 οὕτως
1818 1187 1969 1245 εἶπεν
1994 1203 2043 1232 ι·

371 1273 440 1347 ἦν
462 1277 569 1349 γὰρ
599 1276 634 1330 ἃ
663 1278 761 1330 οὐκ
807 1276 914 1330 ἔδει
968 1262 1176 1348 μαθεῖν.
1217 1277 1427 1348 ’Ὠσπερ
1465 1277 1521 1329 δὲ
1561 1276 1621 1329 τὸ
1656 1262 2056 1346 τινάἀποκρύε

374 1364 621 1429 πτεσθαι,
663 1365 893 1434 φθόνου·
935 1363 1076 1418 οὕτω
1123 1365 1184 1417 τὸ
1223 1364 1404 1418 πάντα
1447 1364 1648 1432 λέγειν,
1704 1363 1908 1424 ἀνοίας.
1947 1362 2046 1416 Διά

369 1452 527 1506 τοῦτο
561 1453 893 1525 προσέθηκε,
931 1453 1052 1507 Τῶν
1078 1455 1530 1522 συμφερόντων,
1570 1452 1767 1524 δηλῶν,
1809 1453 1890 1505 ὅτι
1931 1451 2045 1504 Ούκ

369 1535 525 1594 εἷπον
575 1541 756 1611 μόνον,
818 1541 954 1595 ἀλλά
997 1542 1092 1594 καὶ
1129 1542 1375 1608 ἐδίδαξα·
1427 1541 1524 1610 οὐχ
1569 1540 1644 1603 ὡς
1694 1539 1826 1594 αὐτὸ
1885 1539 2044 1593 τοῦτο

369 1629 790 1701 ἀφοσιούμενος,
829 1631 1015 1702 φησίν.
1053 1630 1178 1684 ’Ὀτι
1224 1631 1281 1684 δὲ
1318 1629 1474 1683 τοῦτο
1525 1629 1695 1699 δηλοῖ,
1760 1628 1925 1682 ἄκουε
1981 1628 2043 1682 τὸ

369 1718 502 1789 ἑξῆς
523 1736 538 1751 ·
580 1719 828 1790 ἐπήγαγε
861 1718 970 1788 γάρ
992 1734 1008 1749 ·
1041 1717 1311 1786 Δημοσίᾳ
1359 1715 1458 1770 καί
1507 1718 1634 1769 κατ’
1671 1716 1878 1778 οἷκους
1902 1730 1916 1744 ⁸
1943 1714 2043 1786 τὴν

371 1806 592 1879 μακρὰν
637 1806 1052 1876 ταλαιπωρίαν,
1111 1803 1205 1858 καὶ
1263 1806 1362 1876 τὴν
1414 1804 1613 1876 πολλὴν
1660 1803 1895 1874 σπουδὴν
1950 1804 2045 1857 καὶ

370 1894 466 1965 τὴν
505 1895 800 1966 καρτερίαν
830 1892 1294 1964 ἐπιδεικνύμενος.
1322 1891 1867 1961 Διαμαρτυρόμενος
1905 1891 2044 1944 Ἰουο

367 1980 560 2048 δαίοις
606 1998 672 2035 τε
718 1982 816 2036 καί
850 1982 1163 2048 Ἕλλησιν.
1197 1982 1330 2052 Οὐχὶ
1379 1981 1516 2052 πρὸς
1549 1981 1716 2051 ὑμᾶς,
1745 1981 1901 2050 φησὶ,
1944 1980 2042 2052 μό-

367 2086 479 2132 νον,
516 2069 650 2124 ἀλλά
702 2069 798 2123 καὶ
836 2069 972 2141 πρὸς
1009 2069 1300 2140 Ἕλληνας.
1343 2068 1606 2123 Ἐνταῦθα
1650 2070 1682 2140 ὴ
1717 2069 2001 2140 παρρησία
2023 2086 2037 2100 ·

367 2155 521 2231 [552]
547 2160 642 2212 καὶ
671 2159 776 2221 ὅτι,
798 2157 918 2212 Κάν
946 2158 1111 2229 μηδὲν
1143 2157 1464 2228 ὠφελῶμεν,
1501 2157 1683 2226 λέγειν
1709 2157 1818 2210 δεῖ·
1846 2156 1907 2210 τὸ
1935 2157 2042 2228 γάρ

366 2245 842 2317 διαμαρτύρασθαι
870 2244 1030 2298 τοῦτό
1060 2247 1227 2311 ἐστιν,
1261 2245 1392 2298 ὅταν
1425 2243 1563 2316 πρὸς
1611 2244 1737 2308 τοὺς
1765 2245 1839 2316 μὴ
1875 2261 2037 2314 προσο

367 2332 588 2402 έχοντας
623 2332 890 2402 λέγωμεν·
937 2332 998 2386 τὸ
1042 2331 1149 2404 γάρ
1185 2330 1682 2403 διαμαρτύρασθαι,
1731 2331 1806 2394 ὡς
1847 2332 1940 2384 ἐπὶ
1979 2330 2042 2384 τὸ

367 2419 504 2473 πολὺ
546 2419 706 2473 τοῦτό
765 2421 902 2474 ἐστι.
972 2419 1462 2489 Διαμαρτύρομαι,
1521 2420 1740 2490 φησὶνό
1776 2419 2038 2488 Μωῦσῆς,

364 2507 476 2560 τὸν
501 2508 763 2574 οὐρανὸν
789 2505 887 2560 καὶ
913 2506 1028 2574 τὴν
1063 2506 1213 2576 γῆν·
1247 2507 1342 2560 καὶ
1373 2505 1466 2560 νῦν
1504 2506 1686 2570 αὐτὸς,
1719 2509 2042 2575 Διαμαρτυ-

354 2593 614 2663 ρόμενος
645 2591 951 2658 Ἰουδαίοις
978 2610 1042 2647 τε
1072 2592 1170 2646 καὶ
1193 2593 1448 2661 Ἕλλησι
1479 2592 1596 2661 τὴν
1621 2594 1711 2659 είς
1748 2592 1857 2647 τὸν
1890 2593 2042 2648 Θεὸν

355 2680 705 2750 μετάνοιαν.

434 2767 501 2840 β’.
518 2767 582 2821 Τί
606 2767 973 2840 διαμαρτύρῃ;
999 2768 1160 2822 Ὥστε
1192 2766 1308 2839 βίου
1323 2768 1718 2840 ἐπιμεληθῆναι
1734 2784 1749 2802 ·
1771 2767 1912 2823 ὥστε
1940 2785 2038 2840 με·

358 2857 620 2927 τανοῆσαι
667 2860 763 2910 καὶ
813 2856 1133 2928 προσελθεῖν
1178 2857 1258 2928 τῷ
1295 2857 1434 2928 Θεῷ.
1469 2858 1604 2912 Οὐδὲ
1653 2857 1762 2930 γὰρ
1797 2858 2040 2912 Ἰουδαῖοι

358 2944 560 3016 ᾔδεσαν
589 2943 774 3010 αὐτὸν,
812 2944 900 2997 διά
927 2962 988 2997 τε
1032 2945 1126 2998 τὸν
1169 2945 1300 2998 Υἱδν
1331 2946 1564 3014 ἀγνοεῖν,
1599 2945 1687 3000 διά
1711 2963 1772 2999 τε
1801 2946 1872 2999 τὰ
1901 2945 2041 3016 ἔργα

359 3035 456 3088 καὶ
475 3035 656 3088 πίστιν
681 3033 756 3105 μὴ
783 3033 927 3104 ἐχειν
949 3035 1049 3106 τὴν
1071 3037 1150 3098 είς
1179 3036 1270 3088 τὸν
1292 3035 1496 3105 Κύριον
1511 3034 1739 3105 Ἰησοῦν.
1767 3035 1922 3098 Τίνος
1947 3031 2040 3089 οῦν

359 3122 547 3176 ἕνεκεν
567 3121 740 3176 ταῦτα
755 3122 935 3190 λέγεις
953 3139 968 3189 ;
995 3122 1139 3186 τίνος
1165 3123 1352 3175 ’ένεκεν
1370 3123 1543 3176 ταῦτα
1567 3123 2037 3194 ύπομιμνήσκεις;

359 3211 414 3264 τί
447 3209 671 3278 γέγονε;
717 3211 790 3281 μή
822 3227 872 3262 τι
900 3209 1044 3280 ἔχεις
1081 3209 1365 3278 ἐγκαλεῖν;
1401 3210 1674 3283 Πρότερον
1708 3211 2040 3274 κατασείσας

359 3297 539 3349 αὐτῶν
567 3296 666 3366 τὴν
694 3297 952 3363 διάνοιαν,
988 3297 1110 3350 τότε
1157 3297 1386 3365 ἐπάγει·
1441 3297 1550 3352 Καί
1591 3297 1710 3352 νῦν
1753 3297 1882 3352 ίδοὺ
1925 3298 2040 3368 ἐγὼ

360 3383 676 3453 δεδεμένος
704 3382 787 3449 τῷ
820 3385 1118 3452 Πνεύματι
1146 3387 1469 3454 πορεύομαι
1496 3387 1584 3451 είς
1616 3386 2035 3457 Ἰερουσαλὴμ,

361 3470 436 3524 τὰ
465 3471 534 3524 ἐν
559 3469 715 3540 αὐτῇ
741 3471 1214 3539 συναντήσοντα
1238 3491 1342 3542 μοι
1385 3473 1471 3541 μὴ
1513 3473 1684 3540 εἰδώς
1705 3491 1718 3505 ·
1751 3474 1919 3544 πλὴν
1947 3475 2038 3531 ὅτι

360 3557 426 3610 τὸ
457 3557 698 3628 Πνεῦμὰ
733 3576 836 3629 μοι
865 3558 931 3614 τὸ
955 3559 1128 3630 ἅγιον
1159 3560 1310 3614 κατὰ
1349 3562 1532 3615 πόλιν
1559 3561 2035 3631 διαμαρτύρεται,

358 3646 560 3716 λέγον,
587 3649 673 3702 ὅτι
700 3648 894 3718 δεσμά
915 3667 992 3718 με
1013 3650 1112 3704 καί
1133 3651 1373 3718 θλίψεις
1387 3649 1705 3720 μένουσιν.
1725 3652 1878 3706 Ἀλλ’
1898 3654 2039 3707 οὐδ-

360 3735 499 3802 ενὸς
534 3737 720 3804 λόγον
760 3737 1073 3807 ποιοῦμαι·
1131 3737 1275 3792 οὐδὲ
1312 3738 1432 3807 ἔχω
1461 3739 1578 3807 τὴν
1599 3740 1813 3809 ψυχὴν
1839 3741 2040 3810 τιμίαν

359 3822 614 3891 ἐμαυτῷ,
645 3824 726 3890 ὡς
761 3825 1078 3879 τελειῶσαι
1111 3825 1219 3878 τὸν
1247 3825 1472 3896 δρόμον
1495 3843 1615 3896 μου
1637 3829 1790 3896 μετὰ
1824 3829 2034 3898 χαρᾶς,

359 3910 459 3964 καί
485 3909 600 3978 τὴν
627 3911 961 3973 διακονίαν,
991 3911 1072 3978 ἣν
1094 3913 1314 3966 ἔλαϐον
1335 3914 1496 3982 παρά
1527 3915 1634 3970 τοῦ
1671 3917 1892 3984 Κυρίου
1923 3919 2037 3986 Ἰηο

360 3997 498 4063 σοῦ,
524 3998 1031 4068 διαμαρτύρασθαι
1057 3999 1125 4053 τὸ
1144 4001 1515 4070 Εὑαγτέλιον
1538 4003 1648 4071 τῆς
1674 4002 1914 4073 χάριτος
1929 4004 2036 4058 τοῦ

363 4087 531 4142 Θεοῦ.
565 4087 665 4140 Διά
693 4088 744 4140 τί
763 4087 936 4142 ταῦτα
957 4089 1138 4157 λέγει;
1193 4090 1678 4161 Παρασκευάζωνδ
1711 4093 1909 4156 αὐτοὺς
1951 4093 2039 4147 ἀεὶ

361 4174 610 4245 ἑτοίμους
637 4171 773 4229 εἶναι
807 4177 942 4248 πρὸς
981 4178 1259 4241 κινδύνους
1294 4179 1387 4232 καὶ
1416 4179 1610 4250 δήλους
1661 4181 1758 4234 καὶ⁸
1781 4180 2034 4252 ἀδήλους,

360 4263 459 4316 καὶ
489 4263 670 4318 πάντα
700 4264 776 4336 τῷ
805 4265 1083 4336 Πνεύματι
1112 4267 1418 4322 πείθεσθαι.
1443 4269 1694 4325 Δείκνυσι
1723 4271 1804 4336 δέ,
1831 4273 1913 4326 ὅτι
1941 4273 2038 4327 ἐπὶ⁵

363 4350 620 4421 μεγάλοις
646 4353 935 4422 ἀπάγεται.
989 4355 1166 4422 Πλὴν
1214 4355 1304 4410 ὅτι
1350 4357 1417 4409 τὸ
1455 4357 1698 4428 Πνεῦμὰ
1715 4378 1837 4428 μοι,
1879 4361 2034 4433 φησὶ,

360 4439 428 4493 τὸ
487 4439 659 4508 ἅγιον
702 4443 853 4495 κατὰ
899 4442 1085 4496 πόλιν
1127 4443 1600 4513 διαμαρτύρεται,
1648 4449 1850 4517 λέγον.
1915 4451 2036 4506 Ἵνα

359 4524 532 4598 δείξῃ,
561 4527 642 4579 ὅτι
672 4525 814 4581 ἐκὼν
833 4529 1152 4600 ἀπέρχεται,
1184 4533 1277 4584 καὶ
1304 4532 1389 4584 ἵνα
1415 4533 1491 4604 μὴ
1511 4533 1710 4604 δεσμὸν
1734 4536 2034 4609 ἢάνάγκην

359 4615 613 4686 νομίσῃς,
646 4615 706 4668 τὸ
739 4617 902 4670 Κατὰ
928 4617 1114 4671 πόλιν
1138 4612 1314 4673 εἶπεν.
1335 4617 1484 4674 ,Εἶτα
1535 4622 1750 4692 ἐπάγει,
1795 4625 1878 4679 ὅτι
1910 4629 2034 4681 Οὐκ

358 4702 477 4772 ἔχω
507 4704 705 4772 τιμίαν
736 4703 851 4771 τὴν
899 4703 1159 4772 ἐμαυτοῦ
1200 4708 1434 4777 ψυχὴν,
1470 4710 1550 4777 ὡς
1579 4712 1888 4768 τελειώσω
1927 4716 2034 4770 τὸν

357 4789 579 4860 δρόμον
604 4809 724 4859 μου
743 4791 895 4860 μετά
914 4793 1124 4862 χαρᾶς,
1153 4794 1253 4848 καὶ
1289 4795 1405 4864 τὴν
1427 4796 1759 4867 διακονίαν,
1793 4799 1874 4870 ἣν
1895 4803 2034 4857 ἕλα-

359 4883 468 4932 ϐον
497 4880 660 4964 παρὰ
690 4880 796 4934 τοῦ
835 4883 1056 4950 Κυρίου
1073 4884 1299 4951 Ἰησοῦ.
1319 4887 1482 4958 Ὁρᾷς
1513 4889 1595 4942 ὅτι
1625 4890 1726 4943 ούκ
1759 4892 2032 4964 ἀποδυρο-

360 4966 524 5036 μένου
558 4963 626 5039 ἦν
651 4969 720 5022 τὰ
766 4969 1009 5041 ῥήματα,
1045 4971 1182 5026 ἀλλά
1217 4974 1598 5045 μετριάζοντας
1625 4977 1721 5031 καὶ
1749 4963 2032 5034 παιδεύον-

355 5073 448 5120 τος
495 5057 735 5122 ἐκείνους
774 5063 870 5112 καὶ
909 5062 1323 5134 συμπάσχοντος
1366 5067 1480 5126 τοῖς
1521 5066 1868 5138 γινομένοις;
1914 5067 2032 5125 Οὐκ

356 5139 532 5207 εἶπεν,
581 5145 663 5199 ὅτι
711 5145 1023 5218 Ἀλγῶμεν,
1063 5150 1277 5221 ἀνάγκη
1327 5151 1382 5205 δὲ
1441 5153 1658 5224 φέρειν·
1723 5155 1840 5210 ἀλλ’
1883 5159 2027 5222 οὐδε,

367 5231 661 5302 Ἦγοῦμαι.
685 5233 854 5287 Τοῦτο
874 5236 1034 5290 πάλιν
1051 5235 1220 5306 λέγει,
1243 5240 1342 5292 οὐκ
1367 5249 1389 5278 ε
1415 5241 1658 5315 ἐπαίρων
1680 5244 1892 5310 ἐαυτὸν,
1915 5247 2030 5300 ἀλλ’

355 5320 598 5384 ἐκείνους
627 5321 916 5385 διδάσκων,
957 5323 1045 5378 διά
1074 5327 1171 5396 μὲν
1199 5325 1310 5380 τῶν
1340 5328 1621 5400 προτέρων
1649 5329 1749 5401 τὴν
1787 5349 2030 5386 ταπεινο-

356 5407 650 5480 φροσύνην,
682 5409 770 5464 διὰ
809 5411 866 5464 δὲ
891 5411 1096 5466 τούτων
1119 5413 1215 5485 τὴν
1239 5414 1510 5486 ἀνδρείαν,
1550 5416 1647 5487 τὴν
1681 5419 1992 5491 παρρησίαν
2013 5439 2026 5452 ·

355 5493 488 5548 ὡσεὶ
509 5495 694 5564 ἔλεγεν
714 5515 726 5525 ·
761 5499 834 5552 Οὐ
863 5499 1002 5569 φιλῶ
1035 5501 1204 5573 αὐτὴν
1241 5502 1348 5574 πρὸ
1370 5502 1576 5573 ταύτης
1596 5522 1610 5535 ·
1636 5507 2030 5579 προτιμότερον

356 5581 596 5652 ἡγοῦμαι
614 5584 674 5638 τὸ
701 5585 921 5640 τελέσαι
945 5587 1038 5641 τὸν
1063 5588 1282 5660 δρόμον,
1305 5590 1366 5642 τὸ
1393 5591 1889 5664 διαμαρτύρασθαι.
1921 5597 2029 5650 Καὶ

355 5669 456 5723 οὐκ
485 5664 629 5734 εἶπε,
661 5672 932 5743 Κηρῦξαι.
962 5676 1210 5742 Διδάξαι·
1240 5677 1378 5731 ἀλλά
1400 5679 1484 5743 τίς
1515 5684 2030 5753 Διαμαρτύρασθαι

355 5759 424 5806 τὸ
444 5757 812 5828 Εὐαγγέλιον
836 5761 945 5830 τῆς
966 5763 1208 5833 χάριτος
1240 5766 1347 5820 τοῦ
1379 5769 1550 5823 Θεοῦ.
1582 5771 1782 5825 Μέλλει
1821 5766 1876 5826 τι
1905 5790 2030 5845 φορο

421 5880 447 5909 ⁸
473 5881 606 5958 Ηαξε,
632 5885 792 5940 καλῶς
811 5887 964 5958 οὕτως
989 5890 1341 5958 εἶπενᾼεευηι
1359 5896 1407 5944 in
1431 5909 1528 5945 uno
1550 5895 1666 5958 Cod,
1733 5898 1762 5938 ι·
1787 5896 1904 5958 Alii,
1950 5900 2028 5949 διὰ

357 5940 602 6022 51331611;
614 5940 1016 6022 παρασκευάζων.
1085 5956 1108 5985 ε
1544 5940 1773 6022 ἦῖόῦμαι.
1787 5940 2026 6013 ’τοῦτό

363 6002 504 6052 πάλιν
555 6003 642 6052 οὐκ
677 6002 898 6071 ἐπαίρων.

1117 374 1176 428 S.
1218 373 1502 430 JOANNIS
1538 371 2028 430 CHRYSOSTOMI
2066 370 2391 428 ARCIHEP.
2431 370 2978 429 CONSTANTI‘NOP.

3713 373 3816 433 ’510

2153 484 2448 557 τικώτερον
2478 487 2678 556 λέγειν,
2729 488 2810 541 ὅτι
2843 486 3110 554 Καθαρὸς
3139 485 3254 556 ἐγὼ
3294 486 3412 541 ἀπὸ
3441 487 3548 542 τοῦ
3576 489 3811 559 αἳματος

2153 575 2426 629 πάντων·
2483 575 2570 629 διὰ
2625 576 2784 628 τοῦτο
2825 576 3351 645 προκατασκευάζει,
3388 575 3483 628 καὶ
3530 575 3805 645 δείκνυσιν,

2151 665 2234 716 ὅτι
2262 663 2414 716 οὐδὲν
2441 662 2771 717 ἐλλείπεται.
2801 662 2954 715 Ἐπεὶ
2993 658 3086 715 οὗν
3109 661 3332 732 ἔμελλεν
3365 664 3548 727 αὐτοῖς
3579 665 3811 719 ἐπιτιθέ-

2147 768 2235 806 ναι
2265 749 2327 803 τὸ
2353 749 2518 822 βάρος
2536 750 2680 804 ἀπαν
2702 751 2796 803 καὶ
2816 749 2876 802 τὸ
2896 749 3134 820 φορτίον,
3161 750 3422 820 πρότερον
3451 767 3580 802 κατε
3590 751 3822 820 μάλαξεν

2146 838 2325 894 αὐτῶν
2352 840 2450 910 τὴν
2483 837 2744 901 διάνοιαν,
2773 837 2975 905 λέγων·
3029 837 3140 892 Καὶ
3188 838 3305 892 νῦν
3337 837 3468 890 ίδοὺ
3505 838 3622 908 ἐγὼ
3668 835 3821 901 οἶδα,

2146 929 2365 982 ὅτιούκ
2385 928 2472 980 ἔτι
2501 927 2728 994 ὄψεσθε
2759 925 2826 978 τὸ
2859 926 3187 994 πρόσωπόν
3220 943 3361 994 μου.
3403 922 3536 979 Εἶτα
3569 927 3695 979 τότε
3724 929 3820 982 ἐπ-

2147 1017 2324 1087 ήγαγε
2359 1015 2442 1078 τὸ,
2483 1014 2756 1082 Καθαρὸς
2801 1013 2915 1083 ἐγὼ
2939 1013 3055 1068 ἀπὸ
3111 1014 3218 1067 τοῦ
3267 1013 3516 1081 αἵματος
3557 1015 3818 1072 πάντων.

2145 1101 2316 1173 Διπλῆ
2348 1104 2381 1171 ἡ
2412 1100 2557 1172 λύπη
2580 1116 2594 1129 ·
2647 1101 2707 1152 τό
2731 1117 2812 1163 τε,
2851 1100 2925 1153 Τὸ
2952 1100 3242 1172 πρόσωπον
3269 1101 3434 1153 αὐτοῦ
3453 1101 3553 1153 οὐκ
3584 1099 3668 1153 ἐτι
3696 1102 3823 1170 ὅψε-

2147 1191 2291 1256 σθαι,
2345 1190 2439 1244 καὶ
2495 1188 2577 1254 τὸ,
2639 1189 2847 1272 Αὐτοὺς
2893 1189 3120 1251 πάντας.
3161 1190 3285 1241 Οὐκ
3332 1188 3421 1242 ἔτι
3469 1188 3599 1258 γὰρ,
3632 1191 3821 1272 φησὶν,

2144 1276 2372 1344 ὄψεσθε
2407 1275 2474 1329 τὸ
2504 1271 2831 1343 πρόσωπόν
2862 1292 2980 1342 μου
3013 1275 3182 1343 ὑμεῖς
3229 1274 3471 1339 πάντες,
3502 1275 3572 1327 ἐν
3600 1271 3696 1341 οἷς
3735 1276 3823 1330 δι-

2143 1362 2336 1432 ῆλθον
2361 1365 2690 1432 κηρύσσων
2728 1363 2841 1429 τὴν
2875 1363 3224 1427 βασιλείαν.
3258 1363 3420 1414 Ὥστε
3440 1363 3666 1427 εἰκότως
3705 1364 3821 1416 δια-

2147 1451 2495 1524 μαρτύρομαι
2553 1452 2702 1521 ὑμῖν,
2761 1452 2855 1504 ἀτε
2915 1451 3112 1521 μηκέτι
3176 1449 3638 1520 παραγινόμενος,
3699 1451 3822 1504 Ὅτι

2142 1539 2401 1608 καθαρὸς
2445 1538 2559 1607 ἐγὼ
2617 1538 2768 1610 1555]
2815 1539 2935 1592 ἀπὸ
2985 1537 3091 1591 τοῦ
3130 1538 3376 1606 αἵματος
3424 1537 3691 1592 πάντων.
3739 1541 3822 1592 θὺ

2141 1628 2252 1698 γὰρ
2284 1627 2733 1694 ὑπεστειλάμην
2780 1627 2885 1680 τοῦ
2927 1627 3013 1696 μὴ
3048 1625 3396 1695 ἀναγγεῖλαι
3430 1625 3572 1695 ὑμῖν
3612 1623 3822 1680 πᾶσαν

2139 1717 2256 1784 τὴν
2276 1717 2524 1783 βουλὴν
2547 1715 2653 1768 τοῦ
2701 1716 2869 1769 Θεοῦ.
2908 1717 3072 1786 Ὁρᾷς
3097 1713 3210 1776 πῶς
3242 1714 3418 1783 φοϐεῖ,
3455 1715 3548 1768 καὶ
3576 1731 3822 1784 πεπονη-

2144 1804 2310 1874 μένας
2357 1803 2536 1857 αὐτῶν
2587 1802 2686 1866 τὰς
2725 1802 2901 1873 ψυχὰς
2947 1804 3040 1855 καὶ
3101 1801 3464 1872 τεθλιμμένας
3512 1801 3820 1872 ἐπιτρίϐεις

2141 1891 2358 1956 Καλῶς,
2387 1892 2466 1944 ὅτι
2505 1891 2800 1960 ἀναγκαῖον
2837 1886 2925 1960 ἦν.
2963 1892 3044 1944 Οὺ
3091 1891 3200 1958 γὰρ
3228 1889 3680 1956 ὑπεστειλάμην
3709 1889 3820 1943 τοῦ

2135 1978 2222 2048 μὴ
2249 1979 2596 2049 ἀναγγεῖλαι
2640 1978 2804 2048 ὑμῖν,
2834 1978 2990 2048 φησὶ,
3022 1977 3231 2032 πᾶσαν
3273 1977 3390 2044 τὴν
3425 1977 3671 2044 ,ϐουλὴν
3709 1978 3819 2032 τοῦ

2144 2067 2312 2122 Θεοῦ.
2353 2068 2495 2139 Ἀρα
2529 2067 2558 2120 ὁ
2605 2066 2678 2137 μὴ
2704 2066 2902 2135 λέγων,
2947 2064 3249 2128 ὑπεύθυνός
3276 2066 3394 2117 ἐστι
3426 2065 3520 2121 τοῦ
3551 2065 3818 2136 αἵματος·

2139 2155 2405 2220 τουτέστι,
2437 2155 2536 2225 τῆς
2563 2153 2794 2224 σφαγῆς.
2837 2153 3003 2206 Οὐδὲν
3035 2151 3226 2206 τούτου
3269 2152 3667 2223 φοϐερώτερον.
3699 2153 3821 2206 Δεί-

2140 2261 2346 2308 κνυσιν,
2374 2245 2464 2296 ὅτι
2490 2243 2752 2304 κάκεῖνοι,
2774 2241 2838 2295 ἂν
2873 2241 2947 2312 μὴ
2980 2239 3230 2306 ποιῶσιν,
3273 2239 3568 2294 ὑπεύθυνοί
3591 2244 3696 2294 εἱσι
3724 2241 3819 2295 τοῦ

2139 2332 2389 2402 αἵματος.
2421 2331 2532 2384 Καὶ
2559 2330 2707 2383 δοκεῖ
2739 2330 2837 2400 μὲν
2861 2329 3266 2398 ἀπολογεῖσθαι,
3297 2330 3536 2393 ἐκείνους
3559 2331 3613 2382 δὲ
3640 2331 3816 2398 φοϐεῖ.

2137 2418 2471 2487 Προσέχετε
2480 2413 2593 2472 οὖν
2607 2418 2841 2482 ἑαυτοῖς
2855 2417 2950 2470 καί
2966 2417 3142 2471 παντί
3153 2417 3234 2484 τῷ
3246 2419 3510 2488 ποιμνίῳ,
3523 2419 3592 2472 ἐν
3601 2409 3649 2484 ᾧ
3663 2418 3821 2486 ὑμᾶς

2136 2507 2202 2560 τὸ
2224 2507 2466 2576 Πνεῦμα
2491 2506 2555 2560 τὸ
2574 2505 2746 2575 ἅγιον
2767 2505 2935 2560 ἔθετο
2956 2506 3331 2572 ἐπισκόπους
3353 2508 3690 2575 ποιμαίνειν
3703 2505 3820 2574 τὴν

2138 2596 2503 2663 Ἐκκλησίαν
2551 2595 2658 2649 τοῦ
2723 2595 2894 2658 Θεοῦ,
2933 2593 3013 2662 ἢν
3045 2593 3506 2663 περιεποιήσατο
3563 2595 3663 2648 διὰ
3709 2595 3819 2650 τοῦ

2139 2682 2292 2737 ιδίου
2321 2684 2587 2752 αἵματος.
2640 2683 2838 2754 Ὀρᾷς;
2893 2681 2987 2734 δύο
3027 2682 3382 2753 προσέταξεν.
3440 2682 3579 2736 Οῦτε
3617 2679 3712 2736 οὖν
3757 2683 3818 2736 τὸ

2138 2771 2358 2843 ἐτέρους
2388 2771 2689 2844 κατορθοῦν
2721 2771 2881 2841 μόνον
2906 2770 3020 2841 ἔχει
3047 2789 3100 2823 τι
3133 2771 3322 2843 κέρδος
3342 2772 3660 2843 (Φοϐοῦμαι
3687 2773 3815 2842 γὰρ,

2139 2859 2294 2929 φησὶ,
2315 2856 2402 2928 μή
2451 2874 2576 2924 πως
2599 2857 2813 2924 ἄλλοις
2840 2858 3108 2925 κηρύξας
3148 2861 3330 2925 αὐτὸς
3385 2859 3668 2928 ἀδόκιμος
3725 2858 3819 2930 τέ·-

2136 2944 2368 3016 νωμαι),
2413 2944 2536 2998 οὔτε
2578 2945 2641 2998 τὸ
2671 2944 2865 2998 ἐαυτοῦ
2915 2946 3078 3015 μόνον
3129 2946 3530 3016 ἐπιμελεῖσθαι.
3595 2947 3653 3000 '0
3710 2947 3816 3017 γὰρ

2137 3033 2377 3096 τοιοῦτος
2405 3032 2658 3102 φίλαυτος
2703 3032 2799 3086 καὶ
2849 3032 2910 3086 τὸ
2943 3033 3137 3087 ἐαυτοῦ
3178 3033 3331 3104 ζητεῖ
3363 3035 3548 3104 μόνον,
3578 3036 3674 3088 καὶ
3718 3034 3812 3088 τοῦ

2136 3121 2197 3174 τὸ
2225 3121 2486 3175 τάλαντον
2514 3119 2933 3191 καταχώσαντος
2969 3121 3081 3184 ἴσος
3113 3121 3248 3174 ἐστί.
3293 3122 3478 3176 Ταῦτα
3503 3122 3673 3191 λέγει,
3718 3119 3814 3178 οὐκ

2138 3209 2326 3280 ἐπειδὴ
2358 3209 2728 3280 προτιμοτέρα
2766 3211 2800 3280 ἡ
2829 3209 3074 3280 ἡμετέρα
3131 3211 3372 3280 σωτηρία
3402 3209 3494 3274 τοῦ
3541 3211 3804 3280 ποιμνίου,

2137 3298 2254 3352 ἀλλ’
2297 3297 2505 3368 ἐπειδὴ,
2554 3298 2681 3352 ὅταν
2734 3299 2945 3362 ἑαυτοῖς
2996 3298 3374 3370 προσέχωμεν,
3434 3301 3556 3352 τότε
3609 3299 3694 3351 καὶ
3745 3297 3802 3350 τὸ

2137 3386 2385 3457 ποίμνιον
2426 3387 2716 3456 κερδαίνει.
2761 3380 2934 3454 Ἑνῷ
2966 3387 3122 3457 ὑμᾶς
3161 3387 3228 3440 τὸ
3268 3388 3512 3458 Πνεῦμα
3539 3389 3605 3440 τὸ
3645 3387 3805 3456 ι’ἱγιον

2135 3475 2303 3529 ἔθετο
2347 3474 2724 3540 ἐπισκόπους
2761 3476 3099 3544 ποιμαίνειν
3139 3474 3257 3543 τὴν
3297 3477 3670 3542 Ἐκκλησίαν
3707 3474 3810 3529 τοῦ

2139 3562 2308 3616 Θεοῦ.
2335 3563 2476 3634 Ὅρα
2510 3563 2669 3616 πόσαι
2699 3563 2937 3632 ἀνάγκαι
2959 3563 3011 3618 ἀ.
3057 3563 3215 3636 Παρά
3250 3564 3344 3617 τοῦ
3379 3564 3693 3636 Πνεύματος
3715 3563 3812 3635 τὴν

2135 3652 2467 3722 χειροτονίαν
2504 3651 2680 3723 ἔχετε,
2715 3651 2882 3723 φησί·
2922 3651 3080 3704 τοῦτο
3126 3653 3236 3720 γάρ
3283 3653 3399 3705 ἐστι
3451 3653 3532 3718 τὸ,
3578 3654 3808 3706 Ἐϐετο.

2135 3741 2250 3794 Μία
2279 3739 2418 3812 αὕτη
2447 3741 2660 3812 ἀνάγκη
2682 3755 2696 3770 ·
2754 3735 2893 3799 εἶτα.
2926 3741 3271 3809 Ποιμαίνειν
3303 3741 3418 3808 τὴν
3444 3742 3814 3806 Ἐκκλησίαν

2134 3827 2243 3882 τοῦ
2271 3827 2440 3883 Θεοῦ.
2488 3827 2617 3881 Ἰδοὺ
2652 3827 2746 3882 καὶ
2771 3827 3032 3898 δευτέρα·
3069 3829 3163 3881 καὶ
3191 3828 3370 3899 τρίτη,
3395 3828 3504 3882 Ἦν
3537 3845 3700 3897 φησιν
3730 3828 3813 3880 ὅτι

2137 3915 2601 3982 περιεποιήσατο
2632 3915 2732 3969 διὰ
2761 3917 2870 3969 τοῦ
2903 3915 3058 3970 ίδίου
3074 3917 3342 3984 αἵματος.
3393 3914 3534 3969 Πολῦ
3575 3916 3811 3968 δείκνυσι

2135 4001 2206 4054 δι’
2232 3996 2306 4056 ὧν
2335 3998 2454 4057 εἷπε
2483 4002 2661 4074 τίμιον
2701 4002 2764 4056 τὸ
2791 4005 3046 4074 πρᾶγμα,
3077 4005 3172 4057 καὶ⁵
3194 4004 3275 4057 ὅτι
3299 4003 3396 4072 οὐχ
3424 4002 3564 4074 ὑπὲρ
3595 4001 3810 4071 μικρῶν

2135 4090 2165 4142 ὁ
2187 4089 2449 4153 κίνδυνος,
2477 4091 2532 4143 εί
2553 4107 2616 4158 γε
2634 4092 2661 4143 ό
2678 4089 2956 4160 Δεσπότης
2977 4091 3118 4162 ὑπὲρ
3141 4091 3240 4162 τῆς
3254 4089 3579 4158 Ἐκκλησίας
3604 4100 3650 4152 ο,
3683 4087 3807 4141 οὐδὲ

2133 4177 2230 4232 τοῦ
2257 4179 2488 4249 αἵματος
2513 4180 2768 4248 ἐφείσατο
2787 4179 2882 4232 τοῦ
2913 4180 3126 4245 ἐαυτοῦ,
3157 4181 3314 4249 ἡμεῖς
3329 4179 3386 4230 δὲ
3403 4178 3503 4248 τῆς
3529 4178 3638 4230 τῶν
3654 4176 3810 4230 ἀδελ-

2135 4266 2252 4336 φῶν
2311 4267 2585 4338 σωτηρίας
2637 4267 3108 4338 καταφρονοῦμεν.
3166 4267 3276 4321 Καὶ
3308 4269 3513 4329 ἐκεῖνος
3569 4267 3666 4336 μὲν
3721 4265 3812 4318 ἵνα

2135 4353 2365 4425 ἐχθροὺς
2393 4355 2725 4428 καταλλάξῃ,
2769 4357 2864 4409 καὶ
2891 4355 2951 4408 τὸ
2985 4352 3125 4426 αἷμα
3148 4355 3358 4426 ἐξέχεε·
3393 4356 3457 4408 σὺ
3487 4355 3542 4407 δὲ
3569 4354 3690 4406 οὒδέ
3726 4355 3814 4422 φί-

2135 4441 2261 4506 λους
2321 4444 2650 4513 γενομένους
2712 4444 2917 4514 ἰσχύεις
2975 4447 3290 4513 κατασχεῖν.
3339 4443 3489 4514 Ἐγὼ
3534 4444 3643 4513 γὰρ
3679 4439 3816 4498 οῖδα

2135 4530 2334 4594 τοῦτο,
2358 4530 2449 4584 ὅτι
2469 4533 2922 4586 εἰσελεύσονται
2947 4531 3099 4602 μετά
3122 4531 3234 4598 τὴν
3256 4531 3466 4600 ἄφιξίν
3487 4549 3606 4600 μου
3633 4532 3814 4585 λύκοι

2128 4617 2340 4687 ,βαρεῖς
2365 4621 2452 4685 εἱς
2487 4619 2662 4688 ὑμᾶς,
2682 4619 2769 4688 μὴ
2795 4618 3131 4688 φειδόμενοι
3156 4617 3260 4672 τοῦ
3284 4621 3585 4687 ποιμνίου.
3640 4617 3812 4672 Πάλιν

2134 4706 2355 4762 ἄλλοθεν
2391 4709 2590 4772 αὐτοὺς
2616 4709 2934 4779 ἐπιστρέφει
2973 4710 3082 4762 ἀπὸ
3124 4709 3233 4763 τῶν
3262 4708 3572 4778 ἐσομένων·
3620 4707 3813 4776 ὥσπερ

2133 4795 2264 4852 ὅταν
2307 4795 2542 4866 ἀλλαχοῦ
2597 4796 2731 4869 λέγῃ
2754 4813 2770 4828 ·
2831 4799 2952 4852 Οὐκ
2985 4798 3156 4851 ἐστιν
3199 4797 3343 4866 ἡμῖν
3373 4798 3410 4865 ἡ
3463 4796 3628 4864 πάλη
3659 4796 3816 4863 πρὸς

2133 4879 2275 4954 αἷμα
2301 4884 2401 4940 καὶ
2427 4884 2646 4953 σάρκα.
2671 4886 2797 4938 Ὅτι
2824 4887 3295 4946 εἰσελεύσονται,
3331 4885 3488 4956 φησὶ,
3514 4885 3664 4953 μετὰ
3695 4883 3816 4952 τὴν

2133 4971 2342 5042 ἄφιξίν
2366 4990 2485 5041 μου
2515 4974 2688 5027 λύκοι
2709 4972 2920 5042 βαρεῖς
2947 4977 3032 5040 είς
3064 4972 3238 5042 ὑμᾶς.
3267 4972 3500 5026 Διπλοῦν
3527 4973 3587 5026 τὸ
3614 4972 3810 5038 κακὸν,

2132 5061 2216 5116 δτι
2265 5079 2326 5115 τε
2365 5061 2529 5124 αὐτὸς
2579 5061 2641 5114 οὐ
2674 5061 2928 5132 πάρεστι,
2963 5063 3058 5114 καὶ
3090 5063 3173 5114 ὃτι
3203 5062 3380 5127 ἕτεροι
3433 5062 3810 5133 ἐπιθήσονται.

2131 5147 2200 5203 Τί
2229 5143 2322 5203 οῦν
2349 5148 2588 5222 ἀπέρχῃ,
2618 5149 2668 5202 εί
2697 5148 2853 5202 τοῦτο
2880 5151 3168 5222 προοῖδας;
3213 5151 3286 5203 Τὸ
3334 5149 3564 5221 Πνεῦμά
3612 5166 3679 5220 με
3715 5149 3814 5202 ἔλ-

2131 5255 2240 5302 κει,
2274 5237 2427 5308 φησί.

2203 5330 2273 5394 γ’.
2297 5326 2405 5380 Καὶ
2433 5325 2535 5397 ὅρα
2556 5341 2569 5356 ·
2593 5325 2690 5396 οὐχ
2707 5325 2892 5390 ἁπλῶς
2927 5321 3068 5390 εἷπε,
3092 5328 3299 5390 Λύκοι,
3318 5326 3454 5381 ἀλλά
3477 5325 3809 5398 προσέθηκε,

2133 5415 2365 5483 Βαρεῒς,
2396 5413 2457 5467 τὸ
2481 5414 2708 5485 σφοδρὸν
2735 5415 2914 5467 αὐτῶν
2942 5415 3036 5469 καὶ
3067 5415 3263 5487 ἰταμὸν
3289 5416 3672 5485 αἰνιττόμενος·
3711 5417 3811 5470 καὶ

2132 5505 2192 5561 τδ
2223 5507 2621 5577 χαλεπώτερον,
2661 5507 2741 5560 ὅτι
2783 5507 2980 5570 αὐτοὺς
3012 5507 3236 5570 τούτους
3268 5506 3328 5571 ἐξ
3355 5505 3533 5561 αὐτῶν
3569 5506 3811 5576 ἀναστήο

2133 5596 2322 5650 σεσθαι
2356 5596 2537 5666 λέγει·
2573 5596 2601 5649 ὃ
2626 5598 2718 5650 καὶ
2749 5595 2954 5667 σφόδρα
2991 5598 3106 5650 ἐστὶ
3151 5597 3311 5668 βαρὺ,
3340 5597 3468 5650 ὅταν
3501 5596 3596 5650 καὶ
3631 5596 3811 5666 ἐμφύ-

2130 5685 2242 5748 λιος
2273 5687 2302 5738 ό
2326 5685 2560 5756 πόλεμος
2681 5685 2792 5739 Καὶ
2822 5685 3001 5750 καλῶς
3032 5681 3176 5752 εἷπε,
3207 5685 3564 5754 Προσέχετε,
3591 5685 3807 5748 δεικνὺς

2130 5773 2597 5845 περισπούδαστον
2647 5767 2852 5846 σφόδρα
2896 5775 2957 5828 τὸ
3012 5777 3243 5847 πρᾶγμα
3296 5775 3626 5848 (Ἐκκλησία
3693 5776 3806 5846 γάρ

2211 5961 2239 6002 (ι
2261 5963 2422 6012 Πόσαι
2445 5963 2646 6022 ἀνάγκαι
2679 5963 2824 6020 deest
2869 5965 2918 6011 in
2947 5976 3064 6012 uno.
3135 5963 3157 5996 ε
3183 5964 3367 6025 Verba,
3393 5964 3638 6021 Δεσπότης
3681 5960 3800 6024 {acip

2129 6029 2214 6084 τῆς
2244 6026 2546 6082 Ἐκκλησίας.
2571 6027 2749 6074 (losum
2775 6029 2822 6075 in
2847 6039 2943 6074 uno
2972 6026 3086 6075 Cod.
