4112 6424
426 527 489 581 lit
534 534 726 576 rursus
771 521 901 575 alibi
944 521 1113 574 dicit:
1151 518 1302 574 Nunc
1354 520 1549 589 gaudeo
1590 519 1644 570 in
1691 517 2006 584 passionibus

428 617 544 671 meis
572 631 666 684 pro
696 615 839 667 vobis
863 613 994 674 (Col.
1023 615 1076 666 l.
1095 613 1218 682 ἓως
1243 621 1296 665 ct
1321 626 1532 664 rursum
1559 627 1572 663 :
1607 608 1760 662 Nunc
1785 625 2010 676 momen-

435 721 572 763 tattea
592 705 778 760 levitas
805 705 1140 758 tribulationis
1162 720 1316 765 supra
1346 704 1550 755 modum
1571 713 1810 755 retentum
1831 685 2008 768 gloria:

428 803 622 867 patulus
649 809 893 871 aperatur
933 797 1072 852 nobis
1100 796 1178 863 (2.
1207 797 1324 851 Cor.
1349 797 1404 851 4.
1437 797 1545 865 l7).
1573 794 1766 849 Verum
1797 794 1910 848 hinc
1940 809 2004 847 ex

430 893 684 948 modestia
710 891 860 944 dicit.
879 890 975 944 llic
995 899 1169 942 autem
1193 889 1423 943 ostendit
1446 887 1804 942 fortitudinem
1829 901 2000 951 suam,

427 1007 525 1042 uec
550 998 654 1041 tam
681 985 1066 1047 fortitudinem,
1091 998 1248 1052 quam
1274 982 1599 1052 patientiam,
1617 996 1679 1035 ac
1704 981 1746 1034 si
1769 981 2000 1035 diceret:

429 1081 560 1134 Male
591 1077 851 1147 patiebar,
882 1076 973 1130 sed
1015 1076 1284 1128 vobiscum
1319 1093 1332 1127 :
1366 1074 1610 1143 quodque
1657 1072 1872 1142 gravius
1899 1080 2001 1136 est,

429 1189 456 1224 a
485 1169 704 1226 Judzeis.
732 1169 828 1222 llic
859 1167 978 1220 vide
997 1166 1359 1220 characterem
1388 1165 1651 1217 doctrinae
1685 1181 1697 1216 :
1728 1173 1779 1217 et
1805 1163 2002 1216 carita-

433 1276 534 1317 tum
565 1263 795 1331 ponit'et
822 1260 1205 1314 fortitudinem.
1244 1259 1393 1324 Quod
1428 1258 1556 1310 nillil
1592 1255 2000 1326 subterfugerim,

431 1355 595 1424 inquit
620 1370 634 1415 ;
665 1352 872 1420 cepiam
898 1351 1052 1404 simul
1081 1360 1133 1403 et
1161 1350 1494 1403 sedulitatem
1525 1346 1777 1402 ostendit.
1812 1346 2002 1398 Eorum

426 1462 541 1516 qua:
569 1444 714 1497 utilia
734 1451 914 1496 essent.
945 1441 1089 1495 Bene
1117 1450 1264 1495 certe
1303 1441 1438 1494 dixit
1468 1461 1480 1494 :
1523 1449 1676 1492 erant
1713 1437 1855 1492 enim
1885 1453 2003 1506 qute

431 1537 642 1589 discere
680 1551 780 1588 non
812 1533 1110 1603 oportebat.
1147 1532 1213 1586 Ut
1253 1547 1381 1586 vero
1425 1530 1667 1600 qumdam
1711 1530 1999 1592 occultare,

436 1628 655 1682 invidiae
685 1627 878 1687 inisset,
907 1626 984 1679 sic
1028 1627 1203 1679 omnia
1232 1625 1409 1678 dicere
1446 1623 1686 1676 stultitia:
1715 1640 1727 1674 :
1761 1621 1881 1676 ideo
1912 1620 2004 1673 ad-

439 1720 592 1781 didit,
642 1717 824 1771 Eorum
869 1733 980 1787 qua:
1027 1716 1175 1769 utilia
1227 1715 1744 1770 essent:ostendens
1792 1728 1850 1766 se
1895 1727 2000 1764 non

435 1811 594 1865 modo
623 1809 835 1871 dixisse,
865 1808 959 1862 sed
984 1808 1140 1860 etiam
1171 1807 1447 1868 docuisse;
1477 1821 1576 1863 nec
1604 1805 1752 1875 quasi
1789 1803 2003 1872 perfun-

428 1905 613 1957 ctorie.
646 1901 796 1969 Quod
847 1907 1022 1953 autem
1069 1897 1170 1952 hoc
1214 1897 1494 1966 signiﬁcet,
1531 1895 1657 1950 audi
1699 1895 1996 1964 sequentia,

425 1993 636 2047 Publice
664 2003 709 2045 et
738 2008 828 2063 per
859 1991 1032 2044 domos
1054 2006 1074 2054 ;
1114 2000 1168 2044 ct
1210 2006 1458 2059 ntagnum
1513 1988 1748 2042 laborem
1797 1997 1851 2040 et
1891 1997 2002 2039 stu-

425 2089 565 2140 dium
593 2085 1152 2156 perscverantiamque
1169 2083 1466 2136 declarans.
1487 2080 1782 2148 Testi/icans
1802 2078 2000 2132 Judazis

428 2177 867 2249 alquegenlilibtts.
885 2176 997 2229 Non
1012 2176 1161 2228 vobis
1177 2173 1372 2240 solum,
1391 2174 1581 2242 inquit,
1597 2172 1690 2226 sed
1705 2171 1864 2226 etiam
1880 2188 2003 2239 geu-

430 2273 621 2326 tilihus.
637 2271 735 2324 llic
753 2269 997 2338 loquendi
1018 2269 1230 2323 libertas
1245 2267 1425 2321 adest:
1445 2265 1662 2320 Etiamsi
1682 2265 1813 2318 nihil
1833 2266 1994 2333 proli-

425 2369 645 2425 ciamus,
662 2366 756 2420 ait.
773 2363 951 2417 dicere
970 2370 1144 2415 tamen
1161 2368 1407 2428 oportet:
1433 2357 1562 2412 illud
1580 2358 1722 2412 enim
1742 2367 1823 2412 est
1846 2358 1994 2411 testi-

424 2457 591 2519 ficari,
607 2455 820 2524 quando
841 2470 942 2508 non
963 2453 1355 2507 attendentibus
1376 2450 1670 2520 loquimur:
1693 2465 1812 2502 nam
1839 2450 1993 2502 testi-

419 2552 563 2604 ficari
585 2549 685 2603 hoc
701 2556 757 2601 ut
777 2547 1057 2616 plurimum
1074 2541 1558 2614 significat.Testor.
1581 2540 1992 2610 inquitMoyscs,

416 2644 598 2697 celum
621 2651 668 2694 et
686 2652 873 2694 terram
898 2637 1059 2710 (Dan.
1077 2636 1274 2709 4.26);
1303 2645 1351 2689 et
1379 2649 1520 2689 nunc
1542 2633 1767 2689 Paulus:
1796 2631 1998 2699 Teati/i-

417 2755 540 2791 cans
568 2735 769 2789 Judteis
799 2745 944 2802 atque
970 2732 1237 2802 gentilibus
1263 2732 1314 2784 in
1343 2729 1505 2783 Deunt
1557 2729 1920 2799 paenitentiam.

485 2827 543 2881 2.
581 2826 716 2892 Quid
763 2823 1092 2879 testificaris?
1121 2822 1190 2879 Ut
1215 2823 1333 2875 vita:
1357 2820 1590 2874 studium
1625 2819 1908 2880 habeatur,
1934 2826 1994 2872 ut

416 2917 781 2990 paenitentiam
806 2926 1032 2986 agantet
1053 2915 1119 2968 ad
1151 2915 1314 2968 Deum
1341 2912 1616 2966 accedant.
1637 2911 1820 2982 Neque
1849 2911 1992 2966 enim

415 3015 580 3069 ,ιιιόωὶ
628 3021 887 3066 noverant
930 3012 1096 3073 illum,
1148 3009 1288 3080 quod
1321 3009 1512 3064 Filium
1561 3010 1883 3080 ignorarent,
1942 3015 1997 3063 et

419 3103 563 3172 quod
589 3119 684 3156 nec
707 3117 870 3171 opera
902 3101 1160 3156 haberent
1186 3117 1285 3155 nec
1327 3101 1482 3154 fidem
1517 3102 1566 3155 in
1598 3103 1874 3157 Dominum
1901 3101 1994 3157 Je-

422 3210 562 3249 sum.
606 3194 708 3248 Cur
751 3210 878 3264 ergo
910 3193 1023 3248 lucc
1048 3194 1220 3248 dicis?
1264 3210 1359 3248 cur
1405 3193 1520 3248 b.ec
1567 3194 1994 3249 commemoras?

418 3285 544 3356 quid
591 3285 785 3340 factum
839 3285 958 3338 est?
1010 3300 1075 3338 an
1128 3285 1252 3354 quid
1309 3286 1670 3340 accusandum
1722 3286 1993 3354 suppetit?

414 3379 697 3448 Postquam
727 3378 941 3431 illorum
969 3387 1204 3432 mentem
1233 3379 1554 3447 exagitavit,
1599 3388 1724 3431 tunc
1763 3377 1942 3445 adjicit
1976 3395 1989 3431 :

421 3489 440 3520 ι
477 3470 565 3523 22.
598 3471 666 3524 Et
689 3486 826 3524 nunc
849 3485 974 3524 ecce
1000 3469 1242 3538 alligatus
1265 3488 1362 3539 ego
1389 3470 1612 3538 Spiritu,
1645 3470 1780 3524 vado
1823 3472 1872 3524 in
1899 3470 1983 3524 Je-

415 3564 670 3628 rusalem,
703 3579 821 3632 qua:
853 3563 902 3616 in
933 3578 993 3616 ea
1022 3573 1242 3616 ventura
1269 3574 1392 3616 sunt
1419 3563 1547 3616 mihi
1573 3565 1821 3633 ignorans
1855 3582 1868 3618 :
1898 3565 1990 3620 9.5.

413 3655 514 3710 nisi
541 3656 682 3725 quod
707 3655 935 3726 Spiritus
959 3665 1174 3709 sanctus
1197 3669 1294 3724 per
1322 3657 1565 3710 civitates
1593 3655 1719 3709 mihi
1751 3658 1992 3710 testifica-

414 3759 520 3814 tur,
570 3749 773 3813 dicens,
822 3745 1072 3816 quoniam
1130 3746 1338 3800 vincula
1382 3755 1435 3800 et
1484 3747 1854 3802 tribulationes
1905 3765 1991 3802 me

411 3847 649 3892 manent.
673 3837 762 3891 24.
788 3838 856 3890 At
881 3837 1008 3890 nihil
1043 3836 1230 3890 horum
1246 3852 1454 3900 vereor,
1479 3853 1652 3907 neque
1677 3839 1746 3892 ita
1761 3840 1990 3892 animam

413 3945 583 3983 meam
614 3929 899 3999 pretiosam
927 3929 1082 3996 facio,
1110 3941 1167 3984 ut
1187 3945 1556 3986 consummare
1571 3948 1783 3986 cursum
1812 3949 1984 3987 memn

410 4038 533 4074 cum
555 4023 766 4092 gaudio,
799 4031 852 4076 et
897 4021 1272 4090 ministerium,
1315 4025 1454 4092 quod
1496 4026 1677 4094 accepi
1705 4041 1734 4080 a
1765 4026 1988 4081 Domino

410 4113 560 4175 Jcsu,
594 4123 650 4166 ut
673 4112 922 4168 testificer
948 4115 1281 4182 evangelium
1309 4115 1494 4185 gratim
1528 4117 1642 4171 Dei.
1685 4135 1704 4170 ι
1739 4118 1852 4173 Cur
1880 4119 1994 4174 lucc

409 4206 579 4259 dicit?
615 4205 679 4260 Ut
708 4205 824 4260 illos
854 4221 1068 4274 semper
1113 4218 1327 4276 paratos
1359 4208 1545 4262 reddat
1569 4208 1636 4262 ad
1678 4211 1907 4280 pericula
1938 4220 1994 4264 ct

407 4297 617 4350 occulta
669 4305 724 4350 et
767 4295 1079 4358 manifesta;
1141 4299 1210 4353 ita
1271 4309 1325 4352 ut
1373 4299 1424 4353 in
1471 4301 1721 4356 omnibus
1773 4303 1992 4370 Spiritui

407 4389 803 4456 obtemperent.
832 4388 1077 4444 Ostendit
1123 4401 1302 4445 autem
1342 4408 1400 4446 se
1447 4393 1511 4446 ad
1561 4410 1748 4464 magna
1776 4395 1988 4449 adduci.

413 4478 532 4533 Nisi
568 4479 702 4546 quod
741 4479 967 4550 Spiritus
1005 4491 1224 4543 sanctus,
1258 4483 1446 4552 inquit,
1480 4501 1568 4553 per
1609 4487 1829 4538 civitates
1870 4488 1993 4539 nti/ti

408 4573 730 4639 testiﬁcatur,
762 4573 952 4626 dicens.
991 4573 1055 4627 Ut
1077 4575 1322 4629 osmndat
1357 4590 1414 4629 se
1441 4575 1709 4630 lubentem
1739 4577 1906 4642 abire,
1939 4587 1994 4632 et

417 4680 481 4716 ne
499 4665 763 4718 vinculum
786 4675 877 4716 aut
899 4666 1267 4720 necessitatem
1292 4682 1410 4721 esse
1435 4677 1606 4736 putes,
1631 4667 1732 4721 Per
1747 4669 1988 4736 civitates,

421 4755 562 4808 dicit.
592 4757 792 4812 Deinde
829 4759 1040 4827 subjicit
1073 4777 1086 4813 :
1121 4758 1241 4812 Non
1281 4763 1352 4812 ita
1395 4762 1666 4830 pretiosam
1714 4763 1844 4827 facio
1873 4764 1992 4816 ani-

425 4863 554 4898 mam
579 4866 737 4902 nteant
775 4859 828 4902 ut
860 4866 1207 4908 consummare
1227 4869 1429 4905 cursum
1456 4869 1616 4905 meum
1639 4870 1753 4906 cum
1782 4856 1986 4923 gaudio,

421 4946 471 4988 et
497 4937 814 4994 ministerium
832 4941 985 5006 verbi,
1004 4942 1141 5012 quod
1160 4944 1330 5011 accepi
1347 4961 1378 4995 α
1408 4943 1625 4997 Domino
1645 4945 1676 4998 J
1685 4962 1785 4998 esu.
1816 4947 1994 5000 \‘iden’

426 5043 534 5080 non
564 5027 890 5086 latnentantis
921 5049 1041 5087 esse
1069 5034 1250 5095 verba,
1285 5034 1377 5088 sed
1414 5035 1655 5090 modeste
1675 5038 1902 5106 agentis,
1932 5054 1994 5093 ac

414 5119 661 5174 docentis
682 5121 820 5191 illos,
849 5133 902 5179 ct
924 5126 1361 5194 compatientisin
1391 5127 1454 5180 iis
1481 5144 1598 5194 qua:
1625 5126 1855 5182 ﬁebant?
1882 5130 1994 5183 Non

415 5214 572 5278 dixit,
603 5216 876 5284 Angimur,
928 5218 1020 5272 sed
1066 5221 1203 5272 ferre
1245 5235 1466 5275 necesse
1486 5229 1605 5285 est;
1657 5221 1751 5275 sed
1801 5237 1992 5291 neque,

415 5309 640 5362 Censeo.
669 5309 782 5364 Hoc
809 5312 934 5366 item
960 5311 1108 5376 dicit,
1149 5327 1253 5366 non
1281 5327 1401 5368 sese
1424 5297 1690 5369 extollens
1713 5357 1727 5380 ,
1760 5315 1852 5368 sed
1877 5316 1995 5368 illos

415 5399 635 5464 docens,
687 5418 783 5470 per
829 5404 1004 5472 priora
1059 5402 1270 5473 quidem
1319 5404 1692 5472 humilitatem,
1744 5421 1838 5474 per
1882 5405 1996 5461 haec

415 5505 544 5545 vero
569 5491 934 5549 fortitudinem
957 5503 1011 5548 ct
1037 5494 1285 5564 loquendi
1314 5495 1613 5551 libertatem
1647 5513 1659 5548 :
1689 5511 1752 5550 ac
1777 5496 1820 5549 si
1846 5495 1994 5550 dice-

418 5593 501 5638 ret
533 5603 545 5638 :
575 5585 690 5640 Non
736 5601 860 5642 amo
886 5587 1028 5641 illam
1059 5603 1166 5656 pra:
1186 5585 1286 5641 hac
1320 5605 1334 5642 :
1359 5587 1644 5658 pretiosius
1672 5586 1841 5640 habeo
1867 5603 1999 5642 con-

419 5691 692 5734 summare
710 5696 926 5735 cursum
957 5690 1009 5735 et
1037 5680 1328 5735 testilicari.
1357 5679 1464 5737 Nec
1489 5680 1640 5747 dixit,
1670 5680 1993 5748 Prtcdicarc,

421 5769 658 5836 Docere;
687 5772 779 5826 sed
809 5773 977 5842 quid?
1003 5771 1287 5840 Testiﬁcari
1327 5773 1636 5841 evangelium
1659 5776 1840 5844 gratia:
1875 5773 1992 5827 Dei.

420 5862 560 5932 Quid
584 5866 858 5922 molestius
885 5867 1125 5923 dicturus
1148 5873 1230 5923 est
1263 5883 1276 5922 :
1312 5864 1537 5920 Mundus
1563 5881 1652 5939 ego
1683 5883 1794 5923 sunt
1812 5885 1842 5922 a
1870 5885 1994 5924 san-

1382 403 1445 459 IN
1483 401 1659 460 ACTA
1702 400 2224 458 APOSTOLORUM.
2269 401 2499 459 llOMlL.
2541 404 2726 462 XLIV.

3596 419 3701 473 3l0

2117 517 2270 586 guine
2296 519 2562 574 omnium:
2597 521 2715 574 ideo
2746 534 3013 594 pra'parat
3051 535 3103 579 et
3131 527 3363 582 ostendit
3407 531 3535 586 nihil
3567 536 3698 590 reli-

2118 624 2279 676 quum
2308 625 2446 664 esse.
2480 611 2611 678 Quia
2645 616 2803 685 igitur
2825 617 2928 673 illis
2961 630 3124 673 totum
3155 638 3288 676 onus
3333 633 3386 678 et
3430 633 3694 686 sarcinam

2120 699 2464 770 impositurus
2504 717 2640 772 erat,
2687 709 2832 777 prius
2878 712 3087 768 illorum
3131 719 3362 774 animum
3409 725 3692 795 emolhvit,

2120 790 2303 846 dicens
2333 811 2345 845 :
2374 795 2461 850 25.
2495 797 2650 852 Nunc
2673 818 2783 854 ecce
2801 811 2898 874 'ego
2919 807 3022 860 scio
3041 847 3055 869 ,
3083 811 3216 877 quod
3243 828 3344 866 non
3373 818 3590 886 amplius
3621 790 3696 873 vi;

2125 881 2302 937 a'ebitis
2324 884 2504 952 facient
2528 906 2708 943 meam.
2740 893 2940 949 Deinde
2963 899 3195 953 subdidit
3228 919 3240 954 :
3271 881 3493 961 Mundus
3519 928 3629 963 sum
3655 930 3690 966 α

2115 975 2362 1043 sanguine
2407 979 2649 1032 omnium.
2681 982 2882 1051 Duplex
2927 996 3009 1040 est
3036 987 3209 1054 dolor,
3239 1003 3292 1047 et
3317 997 3458 1063 quod
3501 999 3689 1054 faciem

2116 1072 2232 1131 ejus
2259 1082 2361 1120 non
2389 1081 2572 1125 essent
2596 1072 2782 1140 visuri,
2813 1088 2865 1130 et
2895 1080 3034 1147 quod
3069 1083 3142 1136 illi
3170 1099 3377 1141 omnes.
3425 1089 3545 1144 Non
3576 1110 3693 1145 ant-

2117 1158 2269 1226 plius,
2331 1164 2516 1231 inquit,
2566 1167 2790 1222 videbitis
2833 1173 3012 1242 faciem
3062 1193 3223 1229 meam
3268 1196 3354 1234 vos
3383 1198 3572 1245 omnes.
3601 1205 3694 1256 per

2113 1264 2238 1319 quos
2263 1255 2466 1306 transivi
2495 1260 2777 1323 praedicans
2803 1280 3031 1332 regnum.
3063 1267 3149 1321 26.
3183 1270 3360 1341 Itaque
3380 1274 3502 1342 jure
3543 1255 3692 1330 testi-

2117 1343 2248 1396 licor
2276 1346 2444 1412 vobis,
2479 1359 2660 1420 utpote
2688 1369 2790 1407 non
2826 1356 2960 1410 ultra
2991 1359 3287 1426 adfuturus,
3315 1366 3445 1430 Quia
3470 1372 3690 1424 mundus

2117 1449 2228 1486 sum
2281 1453 2313 1488 a
2353 1445 2596 1510 sanguine
2640 1446 2882 1500 omnium.
2912 1448 3002 1505 27.
3041 1450 3159 1506 Non
3199 1457 3328 1509 enim
3384 1458 3682 1530 subterfugi,

2112 1529 2378 1592 quominus
2424 1537 2776 1589 annuntiarcnt
2820 1540 2954 1593 vobis
3003 1560 3197 1598 omnem
3226 1550 3524 1605 voluntatem
3556 1529 3682 1608 Dei.

2118 1619 2295 1686 Vides,
2317 1627 2586 1692 quomodo
2618 1638 2800 1694 terret,
2827 1645 2876 1686 et
2911 1635 3214 1694 laborantes
3245 1641 3452 1698 illorum
3483 1647 3691 1701 animas

2115 1711 2444 1783 afflictasque
2495 1721 2716 1774 atterit?
2766 1723 2928 1787 Bene,
2977 1729 3097 1797 quia
3155 1737 3506 1790 necessarium
3550 1749 3683 1792 erat.

2115 1801 2235 1857 Non
2261 1807 2392 1860 enim
2419 1809 2726 1882 subterfugi,
2779 1815 2976 1885 inquit,
3028 1824 3291 1885 quominus
3334 1832 3689 1884 annuntiarent

2112 1897 2246 1950 vobis
2273 1915 2468 1952 onmem
2497 1903 2800 1957 voluntatem
2827 1906 2940 1961 Dei.
2975 1909 3116 1980 Ergo
3137 1915 3226 1982 qui
3255 1931 3359 1970 non
3383 1917 3530 1984 dicit,
3564 1937 3689 1976 reus

2110 1999 2192 2043 est
2221 1995 2530 2060 sanguinis;
2585 1997 2634 2050 id
2666 2008 2766 2061 est,
2799 2003 2978 2055 cmdis.
3022 2005 3162 2060 Nihil
3216 2007 3316 2062 hoc
3372 2014 3679 2068 terribilius.

2111 2079 2352 2138 Ostendit
2373 2101 2486 2152 eos,
2520 2089 2562 2141 si
2597 2105 2702 2143 non
2735 2093 2783 2144 id
2817 2092 3059 2158 fecerint,
3088 2114 3210 2151 reos
3239 2117 3359 2157 esse
3389 2108 3679 2175 sanguinis.

2112 2171 2179 2227 Et
2208 2174 2414 2231 videtur
2459 2180 2673 2250 quidem
2721 2185 2978 2240 rationem
3025 2189 3286 2258 reddere,
3331 2195 3452 2249 illos
3491 2171 3685 2253 autem

2113 2273 2294 2320 terret.
2328 2267 2416 2324 28.
2450 2271 2706 2327 Attendite
2741 2277 2896 2346 igitur
2916 2281 3053 2335 vobis
3086 2292 3131 2335 ct
3170 2286 3395 2340 universo
3432 2292 3600 2359 gregi,
3631 2293 3684 2344 in

2108 2375 2206 2428 quo
2237 2376 2321 2413 vos
2343 2361 2566 2430 Spiritus
2587 2378 2788 2423 sanctus
2817 2375 2982 2440 posuit
3011 2377 3287 2447 episcopos,
3326 2390 3380 2432 ut
3417 2387 3686 2451 pasceretis

2105 2446 2383 2503 Ecclesium
2403 2451 2500 2507 Dei
2508 2498 2518 2514 ,
2538 2472 2689 2525 quam
2709 2462 2964 2529 acquisivit
2986 2481 3074 2532 per
3095 2470 3352 2535 prapriunt
3367 2476 3678 2543 sanguinem.

2107 2537 2312 2593 Vides?
2360 2543 2471 2596 Duo
2519 2550 2790 2617 praecepit.
2843 2552 3006 2620 lgitur
3050 2572 3219 2623 neque
3249 2562 3382 2614 alios
3412 2537 3685 2634 edn-igere

2105 2630 2275 2684 solum
2308 2632 2465 2687 habet
2493 2638 2762 2706 quidpiam
2795 2640 2924 2696 lucri
2962 2645 3156 2713 (Timeo
3192 2652 3331 2704 enim
3354 2691 3369 2716 ,
3399 2630 3584 2723 inquit,
3619 2675 3686 2712 ne

2103 2721 2219 2774 aliis
2246 2725 2548 2791 praedicans,
2581 2729 2688 2796 ipse
2713 2733 2951 2799 reprobus
2971 2736 3154 2805 eﬂiciar
3181 2737 3254 2808 [1.
3282 2740 3395 2794 Cor.
3429 2721 3481 2796 9;
3515 2746 3605 2817 27]
3624 2749 3678 2815 );

2103 2827 2274 2883 neque
2315 2817 2394 2870 sui
2422 2819 2585 2874 solius
2629 2836 2808 2877 curam
2851 2824 3067 2882 habere.
3122 2829 3253 2884 Nam
3307 2833 3396 2902 qui
3442 2837 3677 2904 seipsmn

2103 2919 2265 2972 amat,
2296 2924 2412 2978 qua:
2441 2927 2534 2965 sua
2554 2923 2675 2968 sunt
2707 2925 2906 2972 tantum
2948 2922 3158 2989 qumrit,
3191 2934 3244 2978 et
3277 2927 3466 2982 similis
3495 2938 3573 2985 est
3602 2932 3676 2996 ei,

2102 2999 2190 3068 qui
2221 3001 2474 3057 talentum
2503 3004 2723 3060 defodit.
2757 3007 2881 3064 Hazc
2911 3011 3056 3073 dicit,
3089 3030 3191 3067 non
3220 3017 3360 3085 quod
3391 3021 3680 3088 pretiosior

2101 3093 2170 3147 sit
2196 3105 2374 3149 nostra
2399 3097 2543 3152 salus
2573 3116 2729 3168 quam
2759 3104 2974 3173 gregis;
3008 3105 3099 3160 sed
3128 3109 3271 3176 quia,
3295 3111 3337 3163 si
3369 3111 3518 3166 nobis
3548 3114 3676 3182 ipsis

2102 3186 2463 3252 attendamus,
2497 3199 2623 3245 tunc
2651 3201 2705 3245 et
2733 3209 2863 3262 grex
2900 3195 3106 3250 lucrum
3141 3199 3316 3253 habet.
3359 3200 3424 3254 In
3451 3220 3549 3273 quo
3590 3221 3677 3260 vos

2103 3276 2327 3344 Spiritus
2347 3291 2552 3335 sanctus
2589 3286 2755 3352 posuit
2795 3287 3075 3357 episcOpos,
3114 3301 3166 3341 ut
3198 3294 3461 3359 pasceretis
3501 3295 3678 3351 Eccle-

2097 3369 2226 3422 siant
2246 3370 2361 3424 Dei.
2387 3371 2520 3429 Vide
2545 3387 2752 3444 quanta:
2785 3380 3144 3436 necessitates.
3172 3385 3213 3437 Α
3242 3384 3437 3453 Spiritu
3465 3389 3679 3442 ordina-

2102 3461 2301 3517 tionem
2334 3463 2559 3532 habetis,
2595 3469 2764 3538 inquit
2792 3488 2803 3522 :
2837 3471 2887 3523 id
2915 3474 3059 3526 enim
3089 3475 3188 3528 sibi
3235 3479 3344 3530 vult
3385 3479 3532 3542 illud,
3567 3480 3675 3535 Po-

2099 3555 2219 3606 suit.
2275 3555 2384 3609 Una
2428 3556 2540 3609 hac
2585 3571 2666 3611 est
2721 3562 3052 3615 necessitas:
3087 3563 3297 3628 deinde,
3350 3568 3416 3622 Ut
3456 3573 3677 3638 pascatis

2101 3645 2380 3702 Ecclesium
2429 3649 2540 3703 Dei.
2580 3651 2718 3706 Ecce
2766 3662 2820 3706 et
2867 3655 3098 3708 secunda
3131 3668 3223 3711 :et
3274 3661 3455 3723 tertia,
3508 3663 3672 3727 Quam

2099 3741 2359 3807 acquisivit
2380 3743 2625 3813 sanguine
2649 3761 2764 3809 suo,
2793 3745 2984 3814 inquit.
3016 3746 3236 3802 Multum
3258 3752 3510 3813 ostendit.
3543 3755 3669 3808 dum

2100 3833 2228 3887 dicit
2259 3837 2544 3901 pretiosam
2576 3851 2687 3890 rem
2712 3853 2726 3901 ;
2761 3854 2857 3892 nec
2887 3839 2954 3893 de
2981 3841 3154 3910 parvis
3185 3843 3342 3896 rebus
3371 3859 3491 3900 esse
3523 3848 3665 3915 peri-

2100 3924 2300 3988 culum,
2335 3925 2596 3995 siquidem
2645 3929 2896 3983 Dominus
2941 3946 3036 3999 pro
3067 3933 3301 3987 Ecclesia
3334 3951 3504 4006 neque
3549 3952 3674 3991 san-

2099 4019 2242 4087 guini
2276 4035 2375 4072 suo
2401 4020 2660 4088 pepercit,
2693 4037 2789 4075 nos
2829 4031 3003 4077 autem
3033 4023 3253 4080 fratrum
3291 4031 3514 4083 salutem
3547 4047 3674 4085 eon-

2100 4110 2408 4162 temnimus.
2433 4110 2498 4163 Et
2529 4111 2616 4164 ille
2642 4112 2875 4181 quidem,
2907 4126 2960 4167 ut
2990 4116 3232 4172 inimicos
3264 4123 3663 4188 receneiliaret,

2099 4204 2408 4273 sanguinem
2456 4203 2674 4270 effudit;
2721 4216 2773 4258 tu
2830 4222 2955 4262 vero
2995 4225 3167 4278 neque
3211 4213 3412 4266 amicos
3441 4216 3672 4270 retinere

2101 4307 2270 4364 potes.
2298 4296 2388 4351 29.
2420 4296 2528 4367 Ego
2572 4298 2702 4351 enim
2731 4301 2834 4353 scio
2863 4301 2989 4366 hoc,
3019 4303 3153 4369 quod
3187 4304 3526 4374 ingredientnr
3563 4318 3673 4376 post

2099 4389 2452 4442 discessionem
2483 4405 2642 4440 meum
2682 4391 2790 4459 lupi
2827 4407 3002 4460 graves
3047 4394 3097 4445 in
3127 4410 3231 4458 vos,
3281 4411 3381 4450 non
3416 4410 3672 4466 parcentes

2099 4482 2254 4550 gregi.
2303 4480 2504 4533 Rursus
2535 4481 2642 4533 alio
2692 4485 2850 4534 modo
2903 4483 3022 4538 illos
3065 4497 3275 4553 versat,
3304 4503 3332 4539 a
3367 4487 3584 4544 futuris:
3618 4502 3674 4545 ut

2100 4571 2311 4641 quando
2340 4572 2462 4623 alibi
2499 4571 2630 4624 dicit
2661 4590 2672 4623 :
2706 4570 2827 4624 Non
2855 4583 2924 4626 est
2951 4573 3092 4628 nobis
3128 4575 3264 4628 lucta
3287 4579 3525 4633 adversus
3555 4598 3675 4634 san-

2101 4665 2299 4733 guinem
2328 4673 2376 4716 et
2403 4679 2602 4715 carnem
2629 4665 2645 4733 (
2683 4663 2868 4733 ls'plu's.
2897 4664 2948 4719 6.
2984 4664 3050 4718 12
3149 4667 3280 4731 Quia
3308 4670 3670 4740 ingrcdientur,

2103 4757 2292 4826 inquit,
2316 4767 2427 4826 post
2444 4757 2794 4810 discessionem
2821 4775 2983 4811 meam
3014 4759 3121 4830 lupi
3145 4777 3317 4829 graves
3335 4764 3389 4814 in
3426 4781 3528 4818 vos.
3563 4765 3670 4818 llu-

2103 4850 2219 4920 plex
2248 4848 2443 4902 malum
2476 4865 2489 4901 :
2518 4847 2659 4916 quod
2691 4849 2803 4918 ipse
2843 4865 2946 4902 non
2975 4851 3134 4915 adsit,
3163 4861 3217 4905 ct
3261 4853 3400 4922 quod
3441 4855 3674 4912 futurum

2101 4942 2172 4995 sit
2194 4952 2247 4992 ut
2272 4940 2358 4993 alii
2393 4940 2610 4992 instent.
2644 4939 2753 4994 Cur
2777 4955 2904 5010 ergo
2937 4942 3073 5006 abis,
3123 4943 3166 4997 si
3215 4944 3315 4999 hoc
3347 4948 3675 5015 pnevidisti!

2103 5033 2332 5100 Spiritus
2354 5047 2438 5085 me
2470 5031 2650 5098 trahit,
2675 5033 2862 5102 inquit.

2173 5127 2223 5179 ὅ.
2271 5125 2337 5178 Et
2373 5125 2512 5187 vide,
2549 5141 2651 5177 non
2697 5125 3012 5194 simpliciter
3041 5126 3194 5192 dixit,
3220 5127 3376 5200 Lupi,
3407 5131 3499 5186 sed
3530 5132 3680 5186 addi-

2102 5217 2198 5278 dit,
2226 5215 2430 5281 Graves,
2467 5216 2675 5270 illorum
2698 5216 3088 5272 vehementiam
3115 5230 3168 5272 et
3190 5221 3532 5289 petulantiam
3555 5223 3682 5274 sub-

2103 5310 2373 5374 indicans;
2402 5309 2648 5378 quodque
2683 5310 2898 5380 gravius
2922 5320 3024 5373 est,
3054 5310 3152 5364 hos
3179 5326 3243 5366 ex
3273 5312 3376 5366 illis
3402 5311 3528 5381 ipsis
3559 5326 3681 5365 sor-

2103 5411 2345 5457 rccturos
2370 5418 2490 5457 esse
2508 5403 2635 5457 dicit
2661 5421 2673 5456 :
2705 5403 2844 5472 quod
2867 5414 3015 5457 certe
3041 5404 3411 5470 gravissimum
3440 5413 3542 5468 est,
3559 5419 3683 5459 cum

2104 5495 2261 5552 civile
2305 5497 2568 5550 excitatur
2620 5495 2840 5550 bellum.
2891 5495 2955 5549 Et
2997 5505 3142 5549 recte
3192 5495 3347 5559 dicit,
3398 5495 3681 5561 Attendite,

2103 5589 2392 5644 ostendens
2414 5605 2523 5643 rem
2551 5588 2780 5643 maxime
2795 5588 3082 5642 curandam
3109 5603 3230 5643 esse
3251 5587 3511 5658 (Ecclesia
3535 5605 3684 5642 naut-

2103 5695 2208 5752 que
2238 5679 2369 5747 est),
2395 5689 2447 5732 et
2467 5693 2716 5747 magnum
2745 5678 3037 5748 periculum
3065 5677 3342 5746 (sanguine
3365 5679 3508 5732 cnim
3535 5677 3680 5733 illam

2105 5772 2375 5843 redemit),
2413 5787 2477 5827 ac
2521 5770 2743 5824 multum
2783 5769 3083 5840 duplexque
3130 5771 3346 5826 bellum.
3389 5771 3515 5826 llzcc
3553 5787 3682 5844 ergo

2105 5863 2444 5939 significavit,
2483 5861 2700 5920 dicens:
2722 5861 2815 5921 30.
2847 5861 2910 5918 Et
2935 5879 2996 5919 ea:
3025 5862 3160 5917 vobis
3194 5863 3317 5934 ipsis
3357 5874 3561 5935 surgent
3591 5863 3688 5920 viri
