4112 6448
480 406 580 464 διε

482 532 735 598 loquentes
783 536 1041 591 perversa,
1087 528 1142 571 ut
1187 514 1442 569 abducant
1491 508 1771 598 discipulos
1818 511 1929 573 post
1977 516 2053 555 se.

487 597 708 682 licinde,
735 616 856 686 quia
884 611 1170 667 admodum
1203 610 1321 664 illos
1353 603 1563 668 terruit,
1591 617 1713 656 cum
1744 597 1916 664 Lupo;
1941 610 2063 664 gra-

481 727 565 766 ues
594 708 749 772 dixit,
776 716 832 762 et
873 721 941 760 ex
972 703 1102 772 ipsis
1129 708 1469 756 surrecturos
1503 708 1625 749 esse
1652 689 1742 759 qui
1774 688 2062 789 loqueren-

485 816 571 858 tur
600 814 850 872 perversa
876 818 888 853 :
912 798 1062 867 quasi
1090 794 1316 864 quodam
1344 795 1634 854 quarrente,
1657 780 2052 883 Quomodq‘igt-

485 895 610 949 tur?
658 902 714 948 et
761 909 880 961 qua:
924 887 1166 944 custodia
1216 884 1354 939 erit?
1397 879 1577 948 adjicit
1619 895 1632 931 :
1677 875 1767 931 52.
1824 872 2061 942 Vigilate,

482 1002 726 1040 memores
752 984 886 1053 quod
916 1001 1003 1052 per
1034 979 1305 1035 triennium
1339 991 1437 1028 non
1463 970 1755 1026 cessaverim
1790 977 1933 1021 nocte
1958 968 2064 1019 die-

482 1098 579 1150 que
597 1095 711 1133 cum
729 1076 994 1148 facrymis'
1026 1087 1227 1128 monere
1253 1079 1651 1136 unumquemque
1673 1072 1908 1116 vestrum.
1934 1062 2063 1117 Vide

484 1187 645 1240 quam
689 1169 898 1223 insolita
935 1167 1113 1221 dicat:
1144 1178 1264 1219 cum
1304 1160 1582 1230 lacrymis,
1630 1166 1785 1210 nocte
1829 1155 2062 1224 dieque,

484 1275 935 1332 unumquemque.
965 1258 1080 1312 Non
1113 1257 1255 1311 enim
1285 1254 1329 1308 si
1366 1254 1563 1308 multos
1597 1249 1840 1314 vidisset,
1869 1246 1948 1301 eis
1973 1261 2067 1348 pe-

487 1355 768 1425 percisset,
810 1350 905 1407 sed
944 1350 1147 1405 sciebat
1182 1348 1346 1402 etiam
1383 1361 1478 1415 pro
1522 1358 1627 1397 una
1672 1342 1847 1395 anima
1885 1342 2063 1391 omnia

482 1463 602 1502 esse
647 1445 909 1501 facienda.
950 1444 1039 1499 Sic
1078 1452 1206 1511 ergo
1254 1440 1375 1494 illos
1412 1438 1572 1492 etiam
1619 1433 1912 1503 conjunxit.
1954 1430 2064 1483 lloc

482 1555 610 1594 vero
638 1538 899 1606 significat
925 1553 937 1590 :
969 1534 1111 1589 Satis
1149 1542 1274 1587 sunt
1303 1547 1362 1585 ea
1385 1571 1398 1593 ,
1443 1545 1563 1598 qua:
1606 1527 1741 1589 feci;
1777 1540 1868 1593 per
1897 1522 2064 1576 trien-

484 1635 630 1688 nium
678 1632 885 1693 mansi;
938 1627 1238 1683 conﬁrmati
1285 1635 1427 1685 sunt,
1473 1618 1806 1675 sufﬁcienter
1856 1615 2063 1668 radices

486 1728 735 1779 fixerunt.
766 1721 892 1776 Cum
929 1720 1191 1790 lacrymis,
1225 1716 1411 1785 iuqttit.
1445 1711 1628 1767 Viden’
1652 1712 1916 1779 lacrymas
1945 1706 2064 1759 ideo

484 1815 782 1872 fundendus
813 1814 967 1867 esse?
996 1812 1123 1865 llaec
1149 1818 1202 1863 et
1228 1823 1323 1863 nos
1345 1807 1621 1861 faciamus.
1652 1802 1766 1857 Non
1793 1801 1937 1856 dolet
1966 1799 2065 1851 im-

482 1909 681 1978 probus
706 1925 719 1960 :
744 1906 865 1960 dole
892 1915 979 1965 tu;
1017 1902 1154 1956 forte
1193 1910 1247 1955 et
1272 1900 1388 1969 ipse
1411 1896 1634 1952 dolebit.
1664 1894 1734 1950 Ut
1759 1909 1881 1948 cum
1920 1889 2065 1945 videt

483 2015 623 2070 aeger
657 1997 923 2054 medicum
959 1995 1133 2047 cibum
1165 2000 1487 2054 sumcntem,
1532 1989 1693 2043 etiam
1733 1987 1845 2054 ipse
1877 1983 2067 2037 incita-

485 2100 569 2145 tur
597 2108 610 2143 :
643 2090 710 2142 ita
750 2100 802 2142 et
836 2087 921 2140 hic
959 2087 1092 2149 erit;
1125 2086 1168 2137 si
1201 2096 1250 2138 te
1284 2082 1478 2137 viderit
1505 2082 1792 2148 lugentem,
1823 2074 2063 2130 emollie-

484 2193 606 2247 tur;
648 2182 820 2235 bonus
857 2179 936 2233 vir
983 2187 1039 2231 et
1081 2177 1226 2229 mitis
1262 2176 1385 2229 erit;
1421 2170 1685 2236 Nesciens,
1731 2169 1920 2237 inquit,
1951 2179 2066 2233 qua:

484 2276 607 2330 mihi
633 2284 869 2328 ereiuura
894 2273 1012 2326 sint.
1050 2270 1186 2336 Quid
1214 2267 1381 2338 ergo?
1421 2267 1608 2321 ideone
1638 2265 1786 2319 abis?
1813 2263 2024 2318 Minime
2048 2275 2063 2324 ;

484 2371 579 2423 sed
629 2369 795 2438 probe
833 2367 979 2427 scio,
1032 2363 1174 2433 quod
1214 2360 1422 2416 vincula
1472 2371 1526 2414 et
1570 2359 1937 2414 tribulationes
1978 2370 2065 2410 me

484 2471 753 2517 maneant.
786 2459 934 2527 Quod
959 2458 1280 2512 tentationes
1300 2471 1387 2510 me
1413 2454 1870 2524 exspectent,novi
1892 2470 1907 2518 ;
1927 2468 2063 2522 qua-

481 2552 562 2606 les
604 2566 748 2615 vero,
792 2552 993 2615 nescio,
1036 2549 1085 2602 id
1132 2547 1274 2617 quod
1313 2547 1527 2614 gravius
1566 2556 1701 2600 erat.
1746 2544 1825 2600 Ne
1866 2546 2062 2615 putetis

481 2661 610 2715 ergo
632 2660 717 2698 mc
741 2644 1102 2713 deplorantem
1130 2641 1241 2693 huic
1266 2640 1478 2703 dicere;
1503 2655 1609 2692 non
1639 2648 1743 2692 tam
1771 2638 2059 2707 pretiosam

482 2737 654 2791 habeo
695 2736 925 2789 animam
965 2750 1161 2787 meam.
1200 2732 1267 2787 Ut
1302 2732 1510 2787 illorum
1551 2732 1786 2786 animum
1828 2732 2059 2799 excitet,

480 2830 584 2885 hoc
614 2829 775 2893 dicit;
817 2837 978 2898 utque
1005 2827 1226 2881 suadeat
1263 2827 1366 2881 illis
1397 2841 1501 2880 non
1531 2827 1690 2880 modo
1719 2841 1825 2879 non
1852 2824 2057 2897 fugere,

481 2922 576 2977 sed
607 2922 767 2977 etiam
808 2920 1019 2975 fortiter
1060 2920 1221 2975 ferre.
1255 2920 1379 2974 Ideo
1417 2933 1529 2973 rem
1570 2919 1710 2973 illam
1743 2927 1897 2972 vocat
1939 2934 2060 2973 cur-

480 3030 599 3068 sum
639 3024 693 3068 et
734 3013 1106 3075 ministerium,
1155 3025 1264 3066 tum
1317 3020 1376 3065 ut
1411 3028 1477 3066 ex
1517 3025 1672 3064 cursu
1720 3010 2058 3079 splendorem

481 3107 757 3170 ostendat,
800 3116 909 3158 tum
962 3113 1019 3158 ut
1060 3121 1123 3158 ex
1170 3104 1467 3158 ministerio
1517 3104 1774 3157 ofﬁcium.
1824 3105 2064 3159 Minister

483 3215 621 3259 smn,
658 3199 855 3267 inquit;
889 3195 1020 3250 nihil
1049 3198 1164 3265 plus
1189 3195 1378 3250 habeo.
1414 3196 1729 3250 lllosautem
1753 3196 2059 3264 consolans,

481 3306 550 3345 ne
578 3289 815 3353 doleant,
842 3289 982 3357 quod
1003 3289 1116 3358 ipse
1140 3289 1280 3342 male
1307 3290 1554 3357 patiatur,
1587 3288 1674 3342 ubi
1703 3288 1836 3343 dixit
1862 3305 1921 3343 se
1947 3293 2060 3344 lucc

482 3396 602 3435 etun
628 3380 819 3449 gaudio
846 3381 1130 3444 sustinere,
1160 3389 1215 3434 et
1241 3379 1465 3434 fructum
1491 3380 1743 3447 ostendit,
1774 3390 1899 3436 tunc
1918 3382 2059 3452 quod

482 3473 767 3527 molestum
795 3480 933 3535 erat,
965 3472 1186 3525 inducit.
1221 3471 1334 3525 lloc
1359 3482 1535 3526 autem
1563 3471 1713 3539 facit,
1757 3484 1813 3527 ut
1845 3490 1910 3529 ne
1941 3476 2059 3528 aui-

480 3577 622 3617 mam
654 3562 865 3615 illorum
896 3562 1106 3617 obruat.
1142 3564 1420 3628 Quodnam
1447 3574 1626 3619 autem
1675 3566 1803 3620 illud
1834 3568 1955 3620 est?
1998 3568 2061 3620 Et

480 3670 543 3707 ea;
577 3652 710 3706 vobis
749 3653 873 3722 ipsis
909 3663 1175 3723 exsurgent
1216 3655 1311 3708 viri
1345 3656 1601 3725 loquentes
1630 3672 1881 3727 perversa.
1922 3659 2058 3725 Quid

481 3762 630 3815 ergo,
654 3746 849 3799 dixerit
876 3748 1160 3815 quispiam,
1195 3757 1468 3803 tantumne
1494 3758 1545 3804 te
1576 3750 1748 3820 ipsum
1788 3765 1962 3821 putas,
2003 3763 2062 3809 ut

480 3838 527 3889 si
554 3838 737 3900 abeas,
768 3854 868 3891 nos
896 3839 1221 3892 moriamur?
1247 3839 1362 3894 Non
1386 3841 1485 3895 hoc
1511 3842 1653 3907 dico,
1694 3844 1886 3914 inquit,
1916 3846 2059 3916 quod

481 3929 723 3983 absentia
752 3945 867 3984 mea
900 3930 953 3984 id
986 3931 1215 3997 efﬁciat;
1247 3934 1339 3987 scd
1369 3935 1531 4004 quid?
1550 3934 1834 4007 Insurgunt
1856 3941 2061 4009 quidam

482 4036 547 4074 ea:
579 4020 735 4075 vobis.
784 4021 899 4077 Non
949 4023 1112 4087 dixit,
1158 4025 1380 4095 Propter
1425 4026 1806 4084 discessionem
1846 4047 2058 4100 meam;

484 4112 601 4177 sed,
634 4112 758 4167 Post
793 4114 1148 4169 discessionem
1183 4133 1385 4182 meam;
1412 4118 1462 4172 id
1503 4129 1605 4185 est,
1647 4120 2057 4190 profectionem.

481 4204 814 4273 Quamquam
848 4206 959 4275 jam
987 4207 1115 4262 illud
1163 4221 1448 4275 evenerat;
1491 4226 1533 4266 su
1565 4223 1743 4268 autem
1786 4226 2059 4284 evenerat,

482 4296 653 4350 multo
682 4298 850 4369 magis
884 4308 1069 4368 postea
1110 4311 1427 4357 eventurum
1468 4313 1604 4359 erat.
1633 4305 1758 4361 Haec
1785 4322 1947 4362 causa
1976 4324 2065 4364 se-

481 4390 682 4459 quitur,
737 4390 806 4446 Ut
832 4391 1083 4446 abducant
1101 4394 1378 4465 discipulos
1395 4406 1508 4467 post
1535 4413 1609 4451 se.
1640 4396 1821 4470 Itaque
1845 4411 2064 4470 propter

485 4479 617 4533 nihil
659 4480 805 4537 aliud
849 4482 1083 4539 bmreses
1128 4494 1272 4553 sunt,
1302 4503 1460 4556 quam
1508 4498 1728 4559 propter
1766 4490 1888 4547 hoc.
1938 4492 2065 4549 Post

486 4570 732 4641 sequitur
758 4575 1053 4630 consolatio
1080 4593 1093 4631 ε
1123 4577 1287 4643 Quam
1307 4581 1591 4649 acquisivit,
1624 4583 1811 4654 inquit,
1836 4601 1925 4655 per
1950 4602 2063 4655 pro-

486 4664 654 4732 prium
681 4667 996 4735 sanguinem.
1018 4666 1073 4723 Si
1097 4670 1313 4739 praprio
1334 4672 1593 4741 sanguine
1614 4676 1909 4745 acquisivit,
1937 4691 2067 4746 prae-

483 4754 685 4808 valebit
705 4764 876 4812 certe.
907 4755 1072 4812 Nocte
1091 4768 1138 4813 et
1167 4761 1249 4814 die
1268 4777 1371 4815 non
1393 4765 1602 4829 cessavi,
1633 4765 1824 4835 inquit,
1855 4783 1969 4821 cum
1994 4768 2067 4822 Ia-

486 4851 673 4917 crymis
707 4865 935 4904 monens.
963 4851 1088 4907 ΙΙωο
1118 4852 1272 4908 nobis
1297 4854 1419 4922 jure
1447 4856 1724 4924 dicantur;
1750 4860 2067 4931 videturque

487 4943 703 5010 preprie
726 4957 905 4998 sermo
933 4944 1181 5001 doctores
1209 4956 1473 5017 spectare,
1505 4960 1589 5005 est
1616 4960 1793 5006 autem
1828 4964 1881 5006 et
1908 4954 2069 5009 disci-

487 5032 628 5103 pulis
653 5035 973 5089 communis.
1017 5036 1097 5091 Ad
1124 5038 1249 5108 quid
1289 5039 1430 5093 enim
1473 5056 1573 5111 ego
1602 5041 1815 5113 loquor,
1846 5059 2064 5107 moneo,

488 5124 756 5196 lacryntor
782 5124 869 5179 die
896 5141 958 5181 ac
985 5138 1162 5193 nocte,
1185 5130 1228 5182 si
1250 5130 1541 5200 discipulus
1565 5148 1671 5188 non
1695 5135 2070 5205 obtemperat?

487 5214 566 5271 No
587 5226 734 5286 putet
760 5220 904 5273 etum
924 5220 1042 5289 quis
1063 5221 1114 5275 id
1134 5223 1264 5277 satis
1284 5240 1403 5279 esse
1430 5227 1495 5281 ad
1517 5227 1901 5294 defensionem,
1926 5231 2069 5301 quod

491 5306 899 5377 sitdiscipulus,
931 5311 1056 5367 licet
1081 5329 1190 5367 non
1230 5315 1417 5382 cedat;
1451 5317 1573 5373 ideo
1603 5329 1881 5389 postquam
1909 5323 2068 5388 dixit,

492 5392 780 5466 Testiﬁcor,
812 5400 1005 5470 pergit,
1034 5401 1156 5456 Non
1193 5405 1328 5457 enim
1371 5407 1649 5477 subterfugi
1675 5412 1941 5470 quominus
1975 5428 2071 5465 an-

495 5489 777 5544 nuntiat-em
815 5492 970 5549 vobis.
1005 5492 1167 5563 Igitur
1197 5497 1299 5551 hoc
1340 5498 1515 5551 solum
1561 5499 1799 5554 doctoris
1837 5512 1938 5568 est,
1977 5519 2075 5558 an-

496 5580 761 5647 nuntiare,
792 5586 1105 5654 pra‘dicare,
1125 5587 1337 5653 docere,
1369 5605 1476 5644 non
1499 5591 1888 5664 subterfugere,
1918 5608 2072 5654 nocte

497 5674 548 5720 et
577 5668 661 5723 die
690 5680 1005 5733 annnntiare
1031 5692 1184 5733 :cum
1202 5691 1380 5736 autem
1411 5682 1494 5740 his
1523 5686 1775 5757 peractis,
1802 5687 1932 5744 nihil
1956 5693 2072 5762 plus

568 5794 583 5825 ³
618 5794 758 5863 Illud,
782 5819 890 5859 cum
913 5806 1163 5871 laci-gazis,
1190 5811 1237 5861 in
1263 5827 1358 5865 uno
1375 5817 1537 5870 deest.

1210 395 1264 451 S.
1297 388 1572 457 JOANNIS
1607 375 2078 443 CllllYSOSTOMI
2116 376 2436 434 ARCIIIEP.
2474 378 3006 447 CONSTANTINOP.

3655 399 3761 459 312

2165 500 2359 565 agitur,
2388 506 2535 560 scitis
2563 509 2689 577 quid
2720 512 2981 582 reliquum
3022 515 3113 569 sit.
3144 516 3346 574 Deinde
3373 521 3476 577 alia
3513 529 3753 592 sequitur

2164 592 2407 649 defensio
2432 614 2446 650 :
2476 597 2649 654 Purus
2670 618 2789 655 sunt
2827 621 2858 657 a
2886 609 3133 677 sanguine
3171 612 3415 668 omnium.
3450 616 3528 671 Ne
3557 624 3754 688 putetis

2168 701 2294 740 vero
2316 686 2430 743 lucc
2446 691 2601 745 nobis
2624 701 2829 749 tantum
2856 697 2960 752 dici
2983 719 2998 767 ;
3026 714 3147 755 nam
3169 719 3266 759 vos
3285 708 3445 761 etiam
3470 686 3758 769 hic—sermo

2165 789 2388 846 spectat,
2411 791 2469 837 ut
2482 783 2637 839 dictis
2650 789 2959 855 attendatis,
2976 802 3033 847 ut
3055 810 3121 850 ne
3138 810 3167 849 a
3186 803 3444 857 concione
3461 807 3754 862 recedatis.

2237 871 2425 928 Contra
2444 876 2715 933 theatrales
2740 881 2889 937 ludos
2914 894 2963 938 et
2989 892 3491 960 contrajuramenta.
3521 928 3595 939 ——
3616 900 3757 968 Quid

2170 962 2395 1019 faciam?
2436 966 2575 1025 Ecce
2601 973 2841 1040 quotidie
2881 976 3166 1035 clamando
3203 984 3483 1058 dirumpor
3512 1010 3525 1045 :
3551 962 3754 1050 Absce-

2167 1053 2279 1111 dite
2304 1072 2333 1111 a
2368 1057 2625 1129 theatris;
2655 1074 2710 1120 et
2733 1067 2883 1122 multi
2911 1086 3010 1126 nos
3041 1072 3304 1133 irrident:
3329 1053 3593 1141 abstinete
3618 1103 3646 1141 a
3666 1090 3757 1158 ju-

2169 1153 2448 1221 ramentis,
2488 1155 2558 1211 ab
2584 1160 2804 1215 avaritia
2829 1180 2843 1216 :
2867 1162 3146 1222 innumera
3180 1186 3477 1242 monemus,
3510 1189 3565 1233 et
3593 1197 3758 1238 nemo

2169 1242 2337 1297 audit.
2371 1247 2440 1300 At
2482 1258 2642 1305 noctu
2674 1251 2774 1307 hoc
2814 1269 2920 1310 non
2959 1260 3102 1329 ago?
3134 1261 3336 1319 Vellem
3382 1269 3542 1324 etiam
3588 1284 3753 1328 noctu

2172 1332 2273 1388 hoc
2295 1336 2489 1405 facere,
2532 1349 2589 1396 et
2610 1341 2677 1397 ad
2708 1360 2924 1402 mensas
2956 1360 3185 1420 vestras,
3222 1356 3265 1409 si
3292 1359 3505 1427 quidem
3536 1363 3746 1433 liceret,

2169 1426 2365 1482 etdum
2388 1445 2417 1483 a
2450 1432 2693 1499 plurimis
2721 1436 2932 1495 divisim
2964 1442 3207 1501 detinear
3235 1426 3446 1515 adesse,
3472 1465 3527 1509 et
3549 1468 3646 1511 ves
3673 1461 3755 1515 al-

2170 1514 2347 1587 loqui;
2386 1521 2579 1601 sed'si,
2610 1539 2732 1581 cum
2760 1530 2843 1584 vel
2870 1534 3039 1597 semel
3067 1536 3119 1589 in
3156 1536 3490 1598 hebdomada
3526 1562 3622 1602 vos
3650 1565 3754 1601 vo-

2168 1623 2372 1676 eamus,
2404 1629 2596 1681 segnes
2635 1621 2788 1688 estis,
2834 1633 2888 1679 et
2915 1626 3007 1681 alii
3031 1628 3245 1697 quidem
3279 1649 3382 1689 non
3414 1642 3625 1707 venitis,
3659 1645 3749 1698 alii

2172 1720 2297 1760 vero
2325 1706 2452 1763 nihil
2474 1709 2604 1766 lucri
2629 1714 2923 1773 referentes
2958 1720 3117 1777 abitis
3143 1741 3156 1775 :
3183 1728 3310 1795 quid
3340 1744 3447 1784 non
3474 1706 3748 1800 faceretis,

2169 1796 2213 1850 si
2244 1797 2572 1869 frequentius
2598 1805 2700 1859 hoc
2725 1814 3046 1878 ageremus?
3080 1815 3217 1881 Quid
3254 1817 3547 1879 faciemus?
3575 1796 3748 1896 Multi,

2170 1897 2229 1941 ut
2255 1889 2393 1946 bene
2435 1895 2576 1959 novi,
2620 1913 2717 1953 nos
2748 1900 2992 1971 irrident,
3024 1909 3167 1977 quod
3206 1910 3275 1967 de
3319 1914 3505 1973 iisdem
3536 1889 3753 1990 semper

2170 1996 2475 2041 sermonem
2513 1986 2938 2052 habeamus:ita
2988 2015 3173 2056 sumus
3220 2006 3269 2060 in
3300 2007 3533 2066 faSIidio.
3577 2014 3747 2083 Hujus

2171 2084 2345 2132 autem
2387 2081 2461 2134 rei
2509 2098 2613 2138 non
2652 2100 2750 2142 nos
2788 2089 2841 2143 in
2880 2105 3037 2147 causa
3067 2110 3273 2167 sumus,
3314 2104 3410 2158 sed
3455 2081 3744 2164 auditores.

2168 2167 2301 2223 Nam
2332 2171 2421 2241 qui
2450 2174 2584 2231 bene
2626 2180 2753 2249 agit,
2802 2197 3017 2253 semper
3058 2190 3253 2257 gaudet
3281 2194 3469 2249 eadem
3502 2196 3613 2267 ipsa
3652 2217 3749 2254 au-

2170 2261 2342 2326 diens,
2381 2281 2445 2320 ac
2486 2268 2530 2322 si
2558 2270 2743 2327 laudes
2781 2288 2906 2330 suas
2949 2279 3157 2334 audiret
3185 2299 3197 2334 :
3221 2284 3309 2353 qui
3343 2300 3467 2341 vero
3506 2261 3613 2344 non
3639 2295 3753 2348 vnit

2171 2363 2318 2410 recte
2343 2372 2523 2426 agere.
2556 2362 2798 2418 molestia
2825 2381 2885 2421 se
2915 2367 3094 2437 impeti
3116 2380 3296 2441 putat.
3324 2385 3379 2431 et
3404 2380 3449 2431 si
3470 2378 3550 2434 bis
3572 2383 3745 2437 solum

2168 2444 2367 2511 audiat,
2400 2451 2595 2519 sazpius
2619 2453 2833 2511 audisse
2858 2457 2965 2513 sibi
2982 2460 3218 2518 videtur.
3247 2463 3474 2523 Mundus
3502 2486 3637 2538 sum,
3667 2472 3749 2528 in-

2168 2537 2302 2608 quit,
2329 2556 2363 2592 a
2390 2544 2633 2611 sanguine
2656 2548 2900 2605 omnium.

2237 2632 2293 2686 4.
2337 2633 2455 2713 Hoc?
2495 2636 2676 2694 dicere
2718 2641 2884 2698 Paulo
2921 2650 3288 2718 competebat;
3339 2669 3435 2711 nos
3475 2667 3653 2715 autem
3698 2662 3751 2716 id

2167 2722 2412 2791 proferre
2433 2742 2536 2782 non
2567 2731 2847 2801 audemus,
2873 2738 3016 2807 quod
3053 2743 3338 2799 multorum
3366 2749 3521 2805 nobis
3547 2758 3749 2810 conscii

2168 2814 2353 2911 simus.
2404 2819 2496 2875 llle
2520 2822 2716 2892 quippe
2755 2828 2845 2895 qui
2874 2842 3088 2900 semper
3115 2834 3363 2904 vigilabat
3392 2848 3447 2895 et
3480 2843 3747 2911 adstabat,

2168 2906 2256 2976 qui
2301 2911 2478 2965 omnia
2527 2927 2625 2982 pro
2678 2916 2849 2974 salute
2894 2919 3280 2993 discipulorum
3328 2933 3643 2999 sustinebat,
3697 2906 3747 2991 id

2167 3011 2525 3068 congruenter
2552 3004 2733 3062 dicere
2760 3020 2996 3079 poterat;
3027 3030 3129 3071 nos
3166 3028 3344 3076 autem
3377 3023 3505 3079 illud
3550 3026 3747 3099 Moysis

2167 3089 2405 3148 dicemus
2431 3112 2443 3150 :
2472 3095 2646 3152 Iratus
2673 3110 2745 3154 est
2765 3104 2893 3157 mihi
2918 3104 3171 3166 Dominus
3194 3126 3399 3183 propter
3424 3134 3532 3186 vos,
3557 3089 3674 3191 quia
3696 3126 3747 3177 in

2167 3185 2328 3242 multa
2349 3202 2556 3259 peccata
2581 3195 2836 3252 adducitis
2874 3202 3026 3255 etiam
3055 3221 3145 3259 nos
3173 3206 3351 3275 (Deut.
3390 3210 3443 3265 3.
3471 3185 3585 3283 26);
3615 3215 3744 3271 Cum

2167 3289 2346 3334 autem
2373 3284 2553 3339 animo
2587 3286 2869 3345 deﬁcimus
2897 3293 3141 3351 videntes
3178 3315 3273 3354 vos
3298 3303 3430 3357 nihil
3462 3307 3735 3373 proﬁcere.

2166 3386 2344 3428 annon
2374 3376 2547 3445 major
2578 3394 2701 3449 pars
2734 3383 2925 3439 virium
2956 3398 3261 3445 nostrarum
3306 3398 3581 3454 concidit?
3606 3401 3739 3467 Quid

2167 3467 2330 3531 enim,
2358 3484 2560 3538 quzeso,
2594 3470 2790 3529 factum
2820 3481 2944 3533 est?
2972 3481 3110 3539 Ecce
3140 3500 3237 3554 per
3268 3492 3494 3558 gratiam
3526 3493 3633 3550 Dei
3650 3512 3747 3551 nos

2165 3574 2376 3629 quoque
2414 3562 2699 3628 triennium
2747 3568 2856 3639 jam
2901 3572 3157 3632 habemus
3187 3579 3327 3651 (α),
3370 3598 3476 3640 non
3533 3588 3747 3657 quidem

2168 3665 2323 3709 nocte
2350 3666 2404 3711 et
2431 3659 2520 3714 die
2563 3660 2861 3732 hortantes,
2892 3669 2983 3722 sed
3011 3681 3133 3739 post
3161 3682 3268 3729 tres
3296 3692 3441 3748 saepe
3476 3680 3613 3749 dies,
3653 3686 3746 3741 ali-

2166 3751 2379 3818 quando
2406 3764 2527 3822 post
2572 3768 2775 3828 septem
2806 3761 2909 3819 hoc
2934 3765 3208 3823 facientes.
3241 3772 3381 3839 Quid
3411 3778 3637 3848 amplius
3668 3782 3748 3836 fa-

2166 3852 2309 3895 ctum
2353 3847 2473 3899 est?
2500 3848 2890 3924 Obiurgamus,
2940 3859 3317 3933 increpamus,
3366 3847 3745 3942 lacrvmamur,

2165 3935 2429 4007 dolemus,
2461 3942 2561 3997 etsi
2591 3958 2696 4000 non
2722 3948 2917 4017 palam,
2946 3960 3003 4007 at
3032 3954 3082 4008 in
3110 3957 3291 4013 corde.
3329 3959 3436 4015 Illa:
3458 3935 3634 4017 autem
3665 3935 3747 4019 la;

2167 4041 2364 4099 erymte
2385 4029 2469 4086 his
2493 4034 2664 4090 multo
2690 4037 2922 4096 leviores
2950 4053 3077 4099 sunt
3095 4062 3109 4103 :
3130 4046 3234 4102 illa:
3266 4064 3489 4118 namque
3513 4053 3744 4118 aliquam

2167 4118 2470 4178 dolentibus
2492 4124 2723 4183 afferunt
2752 4135 3207 4205 consolationem;
3240 4140 3320 4193 hac
3347 4156 3474 4195 vero
3501 4142 3742 4199 dnlnri'tll

2167 4224 2363 4285 augent
2406 4226 2459 4273 et
2489 4223 2882 4293 constringunt.
2910 4228 2999 4283 Sic
3027 4232 3239 4299 quando
3265 4233 3380 4301 quis
3420 4234 3470 4288 in
3514 4251 3745 4292 mmmre

2168 4304 2333 4377 degit,
2367 4325 2466 4365 nec
2493 4322 2669 4383 potest
2690 4316 2932 4374 dolorem
2960 4320 3171 4387 efferre,
3199 4340 3266 4380 ne
3287 4325 3529 4381 videatur
3559 4346 3746 4383 vanam

2169 4396 2392 4465 gloriam
2419 4413 2691 4473 appetere,
2734 4412 2934 4478 majora
2970 4416 3190 4483 patitur,
3222 4432 3379 4489 quam
3411 4421 3453 4474 si
3487 4421 3633 4475 illum
3672 4424 3752 4476 ef-

2171 4488 2355 4546 ferret.
2385 4494 2495 4550 Nisi
2526 4498 2644 4566 quis
2687 4516 2774 4557 me
2801 4514 3010 4572 putaret
3052 4488 3247 4563 auram
3287 4513 3609 4581 superfluam
3657 4532 3747 4568 ca-

2169 4591 2340 4651 ptare,
2373 4590 2610 4653 quotidie
2640 4608 2726 4647 mc
2754 4594 2964 4651 videres
3008 4597 3183 4655 fontes
3211 4601 3566 4673 lacrymarum
3596 4607 3752 4661 enut-

2170 4681 2284 4733 tere
2307 4696 2322 4733 :
2349 4682 2534 4736 harum
2570 4698 2699 4739 vero
2741 4689 2972 4745 conscire
3013 4704 3138 4746 sunt
3167 4692 3487 4750 domuncula
3532 4705 3587 4751 et
3624 4698 3751 4752 soli-

2174 4768 2320 4825 tudo.
2343 4770 2556 4828 Credite
2578 4790 2807 4847 namque
2832 4780 2982 4849 mihi,
3014 4783 3081 4839 de
3108 4786 3278 4841 salute
3308 4801 3425 4842 mea
3447 4786 3750 4858 deSperavi,

2173 4872 2229 4915 et
2255 4861 2381 4917 dum
2410 4876 2588 4921 vestra
2614 4867 2793 4938 lugeo,
2827 4886 2931 4927 non
2963 4885 3119 4930 vacat
3146 4877 3283 4933 mala
3315 4894 3431 4933 mea
3459 4880 3748 4951 plangere:

2173 4953 2252 5006 sic
2275 4968 2370 5008 vos
2396 4956 2526 5009 mihi
2558 4958 2736 5013 omnia
2782 4963 2932 5017 estis.
2984 4964 3038 5019 Si
3078 4967 3303 5022 sentiam
3336 4984 3431 5025 vos
3476 4970 3528 5025 in
3557 4971 3754 5028 virtute

2175 5048 2377 5114 augeri,
2408 5063 2518 5117 prae
2544 5050 2816 5120 voluptate
2848 5056 2981 5109 mala
3025 5073 3142 5113 mea
3174 5074 3277 5114 non
3309 5061 3515 5129 sentio;
3562 5064 3644 5117 sin
3676 5065 3757 5118 ni-

2176 5136 2250 5192 hil
2276 5138 2539 5207 proﬁcere
2560 5143 2792 5211 videam,
2818 5163 2927 5215 prie
2957 5165 3188 5208 mmrore
3217 5169 3429 5209 rursum
3452 5172 3568 5211 mea
3597 5159 3753 5212 missa

2176 5226 2314 5283 facio
2338 5246 2352 5283 :
2372 5229 2525 5287 lzetus
2553 5234 2769 5305 quidem
2791 5237 2858 5294 de
2881 5239 3034 5296 bonis
3056 5246 3267 5311 vestris,
3298 5247 3421 5301 licet
3442 5248 3584 5303 inille
3606 5249 3762 5304 malis

2177 5329 2434 5387 onustus;
2467 5336 2691 5381 maestus
2734 5327 2801 5385 de
2845 5333 3107 5403 tristibus,
3152 5353 3269 5407 qua:
3295 5340 3447 5395 vobis
3489 5343 3760 5407 accidunt,

2178 5413 2277 5466 etsi
2304 5413 2581 5472 innumera
2612 5429 2793 5475 essent
2820 5426 3073 5491 praeclare
3101 5439 3247 5499 gesta
3291 5431 3441 5485 mihi.
3473 5432 3601 5498 Qua:
3638 5448 3765 5503 Spes

2179 5506 2321 5559 enim
2349 5507 2573 5574 doctori,
2600 5524 2763 5582 grege
2790 5521 3082 5587 cor-rupto?
3107 5523 3278 5591 qualis
3312 5525 3438 5593 vita,
3469 5527 3641 5597 qualis
3670 5543 3767 5583 ex-

2180 5600 2478 5667 spectatio?
2506 5618 2626 5658 cum
2655 5619 2758 5676 qua
2789 5607 2982 5665 ﬁducia
3026 5615 3188 5669 stabit
3232 5625 3356 5671 ante
3385 5618 3589 5674 Deum?
3634 5622 3765 5691 quid

2181 5691 2355 5747 dicet?
2384 5693 2649 5754 Ponamus
2676 5701 2821 5757 enim
2848 5704 3019 5773 ipsum
3065 5720 3169 5762 non
3212 5710 3555 5782 reprehendi,
3588 5729 3766 5787 neque

2240 5822 2323 5893 '(a)
2349 5838 2437 5883 Per
2461 5834 2720 5891 triennium
2744 5840 3020 5904 praedicavit
3042 5844 3427 5911 Cbrysostomus.
