  <div class='ocr_page' id='page_1' title='image "/cluster/home/n/w/nwhite01/storage/ocr_20150623/60:no.9/coo.31924054869601/316.png"; bbox 0 0 4112 6416; ppageno 0'>
   <div class='ocr_carea' id='block_1_1' title="bbox 315 333 416 392">
    <p class='ocr_par' dir='ltr' id='par_1_1' title="bbox 315 333 416 392">
     <span class='ocr_line' id='line_1_1' title="bbox 315 333 416 392; baseline -0.059 0"><span class='ocrx_word' id='word_1_1' title='bbox 315 333 416 392; x_wconf 69' lang='lat' dir='ltr'><em>3H</em></span> 
     </span>
    </p>
   </div>
   <div class='ocr_carea' id='block_1_2' title="bbox 1342 326 2738 423">
    <p class='ocr_par' dir='ltr' id='par_1_2' title="bbox 1342 326 2738 423">
     <span class='ocr_line' id='line_1_2' title="bbox 1342 326 2738 423; baseline -0.002 -35"><span class='ocrx_word' id='word_1_2' title='bbox 1342 333 1407 388; x_wconf 79' lang='lat' dir='ltr'><em>IN</em></span> <span class='ocrx_word' id='word_1_3' title='bbox 1445 331 1629 388; x_wconf 75' lang='lat' dir='ltr'><em>ACTA</em></span> <span class='ocrx_word' id='word_1_4' title='bbox 1672 326 2208 385; x_wconf 77' lang='lat' dir='ltr'><em>APOSTOLORUM.</em></span> <span class='ocrx_word' id='word_1_5' title='bbox 2252 328 2494 385; x_wconf 73' lang='lat' dir='ltr'><em>HOMIL.</em></span> <span class='ocrx_word' id='word_1_6' title='bbox 2530 329 2738 423; x_wconf 46' lang='lat' dir='ltr'><strong>XLI“,</strong></span> 
     </span>
    </p>
   </div>
   <div class='ocr_carea' id='block_1_3' title="bbox 3651 328 3760 384">
    <p class='ocr_par' dir='ltr' id='par_1_3' title="bbox 3651 328 3760 384">
     <span class='ocr_line' id='line_1_3' title="bbox 3651 328 3760 384; baseline 0.009 -1"><span class='ocrx_word' id='word_1_7' title='bbox 3651 328 3760 384; x_wconf 71' lang='grc'><em>512</em></span> 
     </span>
    </p>
   </div>
   <div class='ocr_carea' id='block_1_4' title="bbox 305 436 3769 519">
    <p class='ocr_par' dir='ltr' id='par_1_4' title="bbox 305 436 3769 519">
     <span class='ocr_line' id='line_1_4' title="bbox 305 436 3769 519; baseline -0.001 -18"><span class='ocrx_word' id='word_1_8' title='bbox 305 449 425 502; x_wconf 73' lang='grc' dir='ltr'><em>ἐστι</em></span> <span class='ocrx_word' id='word_1_9' title='bbox 441 446 485 515; x_wconf 80' lang='lat'><strong>),</strong></span> <span class='ocrx_word' id='word_1_10' title='bbox 524 444 619 501; x_wconf 82' lang='grc' dir='ltr'><em>καὶ</em></span> <span class='ocrx_word' id='word_1_11' title='bbox 667 446 750 500; x_wconf 84' lang='grc' dir='ltr'><em>ὅτι</em></span> <span class='ocrx_word' id='word_1_12' title='bbox 802 447 979 518; x_wconf 76' lang='grc' dir='ltr'><em>μέγας</em></span> <span class='ocrx_word' id='word_1_13' title='bbox 1027 453 1057 506; x_wconf 90' lang='lat'><em>0</em></span> <span class='ocrx_word' id='word_1_14' title='bbox 1097 450 1340 513; x_wconf 85' lang='grc' dir='ltr'><em>κίνδυνος</em></span> <span class='ocrx_word' id='word_1_15' title='bbox 1387 449 1617 519; x_wconf 81' lang='grc' dir='ltr'><em>(αἵματι</em></span> <span class='ocrx_word' id='word_1_16' title='bbox 1671 446 1781 516; x_wconf 81' lang='grc' dir='ltr'><em>γὰρ</em></span> <span class='ocrx_word' id='word_1_17' title='bbox 1813 444 1987 513; x_wconf 84' lang='grc' dir='ltr'><em>αὑτὴν</em></span> <span class='ocrx_word' id='word_1_18' title='bbox 2092 446 2260 517; x_wconf 82' lang='grc' dir='ltr'><em>μηδὲν</em></span> <span class='ocrx_word' id='word_1_19' title='bbox 2288 446 2449 499; x_wconf 88' lang='grc' dir='ltr'><em>πλέον</em></span> <span class='ocrx_word' id='word_1_20' title='bbox 2475 445 2722 515; x_wconf 86' lang='grc' dir='ltr'><em>γένηται,</em></span> <span class='ocrx_word' id='word_1_21' title='bbox 2756 444 2870 497; x_wconf 84' lang='grc' dir='ltr'><em>ῐστε</em></span> <span class='ocrx_word' id='word_1_22' title='bbox 2893 443 2953 498; x_wconf 87' lang='grc' dir='ltr'><em>τὸ</em></span> <span class='ocrx_word' id='word_1_23' title='bbox 2985 443 3326 515; x_wconf 76' lang='grc' dir='ltr'><em>λειπόμενον.</em></span> <span class='ocrx_word' id='word_1_24' title='bbox 3366 436 3501 497; x_wconf 78' lang='grc' dir='ltr'><em>Εἶτα</em></span> <span class='ocrx_word' id='word_1_25' title='bbox 3535 443 3631 497; x_wconf 68' lang='grc' dir='ltr'><em>καὶ</em></span> <span class='ocrx_word' id='word_1_26' title='bbox 3651 443 3769 496; x_wconf 80' lang='grc' dir='ltr'><em>ἐτέ-</em></span> 
     </span>
    </p>
   </div>
   <div class='ocr_carea' id='block_1_5' title="bbox 304 530 1980 606">
    <p class='ocr_par' dir='ltr' id='par_1_5' title="bbox 304 530 1980 606">
     <span class='ocr_line' id='line_1_5' title="bbox 304 530 1980 606; baseline -0.001 -19"><span class='ocrx_word' id='word_1_27' title='bbox 304 532 709 605; x_wconf 81' lang='grc' dir='ltr'><em>ἐλυτρώσατο),</em></span> <span class='ocrx_word' id='word_1_28' title='bbox 750 534 847 589; x_wconf 79' lang='grc' dir='ltr'><em>καὶ</em></span> <span class='ocrx_word' id='word_1_29' title='bbox 896 537 978 589; x_wconf 82' lang='grc' dir='ltr'><em>ὅτι</em></span> <span class='ocrx_word' id='word_1_30' title='bbox 1021 536 1189 599; x_wconf 80' lang='grc' dir='ltr'><em>πολὺς</em></span> <span class='ocrx_word' id='word_1_31' title='bbox 1237 538 1266 590; x_wconf 87' lang='grc' dir='ltr'>ὁ</span> <span class='ocrx_word' id='word_1_32' title='bbox 1318 536 1556 606; x_wconf 86' lang='grc' dir='ltr'><em>πόλεμος</em></span> <span class='ocrx_word' id='word_1_33' title='bbox 1610 536 1706 588; x_wconf 75' lang='grc' dir='ltr'><em>καὶ</em></span> <span class='ocrx_word' id='word_1_34' title='bbox 1737 530 1980 595; x_wconf 86' lang='grc' dir='ltr'><em>διπλοῦς.</em></span> 
     </span>
    </p>
   </div>
   <div class='ocr_carea' id='block_1_6' title="bbox 304 619 1985 692">
    <p class='ocr_par' dir='ltr' id='par_1_6' title="bbox 304 619 1985 692">
     <span class='ocr_line' id='line_1_6' title="bbox 304 619 1985 692; baseline -0.001 -18"><span class='ocrx_word' id='word_1_35' title='bbox 304 621 491 676; x_wconf 86' lang='grc' dir='ltr'><em>Ταῦτα</em></span> <span class='ocrx_word' id='word_1_36' title='bbox 530 621 712 675; x_wconf 80' lang='grc' dir='ltr'>τοίνυν</span> <span class='ocrx_word' id='word_1_37' title='bbox 750 621 1040 692; x_wconf 80' lang='grc' dir='ltr'><em>ἐδήλωσεν,</em></span> <span class='ocrx_word' id='word_1_38' title='bbox 1079 622 1282 679; x_wconf 82' lang='grc' dir='ltr'><em>εἰπών·</em></span> <span class='ocrx_word' id='word_1_39' title='bbox 1340 624 1453 677; x_wconf 76' lang='grc' dir='ltr'><em>Καὶ</em></span> <span class='ocrx_word' id='word_1_40' title='bbox 1484 623 1553 689; x_wconf 75' lang='grc' dir='ltr'><em>ἐξ</em></span> <span class='ocrx_word' id='word_1_41' title='bbox 1586 620 1753 691; x_wconf 82' lang='grc' dir='ltr'><em>ὑμῶν</em></span> <span class='ocrx_word' id='word_1_42' title='bbox 1783 619 1985 675; x_wconf 85' lang='grc' dir='ltr'><em>αὐτῶν</em></span> 
     </span>
    </p>
   </div>
   <div class='ocr_carea' id='block_1_7' title="bbox 301 708 1980 780">
    <p class='ocr_par' dir='ltr' id='par_1_7' title="bbox 301 708 1980 780">
     <span class='ocr_line' id='line_1_7' title="bbox 301 708 1980 780; baseline 0.002 -18"><span class='ocrx_word' id='word_1_43' title='bbox 301 708 760 774; x_wconf 73' lang='grc' dir='ltr'><em>ἀναστήσονται</em></span> <span class='ocrx_word' id='word_1_44' title='bbox 823 708 1043 779; x_wconf 81' lang='grc' dir='ltr'><em>ἄνδρες</em></span> <span class='ocrx_word' id='word_1_45' title='bbox 1107 712 1445 777; x_wconf 77' lang='grc' dir='ltr'><em>λαλοῦντες</em></span> <span class='ocrx_word' id='word_1_46' title='bbox 1500 710 1944 780; x_wconf 82' lang='grc' dir='ltr'><em>διεστραμμένα</em></span> <span class='ocrx_word' id='word_1_47' title='bbox 1964 751 1980 777; x_wconf 93' lang='grc'><em>,</em></span> 
     </span>
    </p>
   </div>
   <div class='ocr_carea' id='block_1_8' title="bbox 304 797 1984 870">
    <p class='ocr_par' dir='ltr' id='par_1_8' title="bbox 304 797 1984 870">
     <span class='ocr_line' id='line_1_8' title="bbox 304 797 1984 870; baseline 0.001 -18"><span class='ocrx_word' id='word_1_48' title='bbox 304 798 409 854; x_wconf 91' lang='grc' dir='ltr'><em>τοῦ</em></span> <span class='ocrx_word' id='word_1_49' title='bbox 433 799 729 867; x_wconf 77' lang='grc' dir='ltr'><em>ἀποσπᾷν</em></span> <span class='ocrx_word' id='word_1_50' title='bbox 757 800 897 866; x_wconf 88' lang='grc' dir='ltr'><em>τοὺς</em></span> <span class='ocrx_word' id='word_1_51' title='bbox 914 802 1188 870; x_wconf 80' lang='grc' dir='ltr'><em>μαθητὰς</em></span> <span class='ocrx_word' id='word_1_52' title='bbox 1208 803 1400 857; x_wconf 83' lang='grc' dir='ltr'><em>ὀπίσω</em></span> <span class='ocrx_word' id='word_1_53' title='bbox 1421 801 1639 856; x_wconf 80' lang='grc' dir='ltr'><em>αὐτῶν.</em></span> <span class='ocrx_word' id='word_1_54' title='bbox 1672 797 1807 854; x_wconf 80' lang='grc' dir='ltr'><em>Εἶτα</em></span> <span class='ocrx_word' id='word_1_55' title='bbox 1834 803 1984 853; x_wconf 86' lang='grc' dir='ltr'><em>ἐπει-</em></span> 
     </span>
    </p>
   </div>
   <div class='ocr_carea' id='block_1_9' title="bbox 301 886 1980 962">
    <p class='ocr_par' dir='ltr' id='par_1_9' title="bbox 301 886 1980 962">
     <span class='ocr_line' id='line_1_9' title="bbox 301 886 1980 962; baseline 0.002 -22"><span class='ocrx_word' id='word_1_56' title='bbox 301 886 367 958; x_wconf 77' lang='grc' dir='ltr'><em>δὴ</em></span> <span class='ocrx_word' id='word_1_57' title='bbox 391 887 601 958; x_wconf 86' lang='grc' dir='ltr'><em>σφόδρα</em></span> <span class='ocrx_word' id='word_1_58' title='bbox 628 888 825 952; x_wconf 86' lang='grc' dir='ltr'><em>αὑτοὺς</em></span> <span class='ocrx_word' id='word_1_59' title='bbox 852 889 1085 962; x_wconf 74' lang='grc' dir='ltr'><em>ἐφόϐησε</em></span> <span class='ocrx_word' id='word_1_60' title='bbox 1132 890 1210 962; x_wconf 83' lang='grc' dir='ltr'><em>τῷ</em></span> <span class='ocrx_word' id='word_1_61' title='bbox 1251 891 1426 946; x_wconf 78' lang='grc' dir='ltr'><em>εἰπεῖν</em></span> <span class='ocrx_word' id='word_1_62' title='bbox 1477 892 1714 955; x_wconf 85' lang='grc' dir='ltr'><em>Λύκους</em></span> <span class='ocrx_word' id='word_1_63' title='bbox 1745 889 1980 957; x_wconf 74' lang='grc' dir='ltr'><em>βαρεῖς,</em></span> 
     </span>
    </p>
   </div>
   <div class='ocr_carea' id='block_1_10' title="bbox 305 974 1982 1052">
    <p class='ocr_par' dir='ltr' id='par_1_10' title="bbox 305 974 1982 1052">
     <span class='ocr_line' id='line_1_10' title="bbox 305 974 1982 1052; baseline 0.001 -24"><span class='ocrx_word' id='word_1_64' title='bbox 305 977 397 1029; x_wconf 86' lang='grc' dir='ltr'><em>καί</em></span> <span class='ocrx_word' id='word_1_65' title='bbox 420 974 483 1040; x_wconf 83' lang='grc' dir='ltr'><em>ἐξ</em></span> <span class='ocrx_word' id='word_1_66' title='bbox 509 976 692 1030; x_wconf 85' lang='grc' dir='ltr'><em>αὑτῶν</em></span> <span class='ocrx_word' id='word_1_67' title='bbox 720 978 1019 1048; x_wconf 77' lang='grc' dir='ltr'><em>ἀναστῆναι</em></span> <span class='ocrx_word' id='word_1_68' title='bbox 1042 980 1169 1043; x_wconf 77' lang='grc' dir='ltr'><em>τοὺς</em></span> <span class='ocrx_word' id='word_1_69' title='bbox 1201 979 1270 1033; x_wconf 86' lang='grc' dir='ltr'><em>τά</em></span> <span class='ocrx_word' id='word_1_70' title='bbox 1300 979 1711 1052; x_wconf 82' lang='grc' dir='ltr'><em>διεστραμμένα</em></span> <span class='ocrx_word' id='word_1_71' title='bbox 1743 978 1982 1031; x_wconf 85' lang='grc' dir='ltr'><em>λαλοῦν-</em></span> 
     </span>
    </p>
   </div>
   <div class='ocr_carea' id='block_1_11' title="bbox 304 1062 1980 1137">
    <p class='ocr_par' dir='ltr' id='par_1_11' title="bbox 304 1062 1980 1137">
     <span class='ocr_line' id='line_1_11' title="bbox 304 1062 1980 1137; baseline 0.001 -21"><span class='ocrx_word' id='word_1_72' title='bbox 304 1081 423 1127; x_wconf 87' lang='grc' dir='ltr'><em>τας,</em></span> <span class='ocrx_word' id='word_1_73' title='bbox 451 1062 643 1134; x_wconf 82' lang='grc' dir='ltr'><em>ὥσπερ</em></span> <span class='ocrx_word' id='word_1_74' title='bbox 673 1065 777 1119; x_wconf 87' lang='grc' dir='ltr'><em>ὑπό</em></span> <span class='ocrx_word' id='word_1_75' title='bbox 807 1082 951 1130; x_wconf 88' lang='grc' dir='ltr'><em>τινος</em></span> <span class='ocrx_word' id='word_1_76' title='bbox 987 1067 1361 1137; x_wconf 74' lang='grc' dir='ltr'><em>διαπορηθεὶς,</em></span> <span class='ocrx_word' id='word_1_77' title='bbox 1398 1067 1515 1130; x_wconf 89' lang='grc' dir='ltr'><em>πῶς</em></span> <span class='ocrx_word' id='word_1_78' title='bbox 1543 1063 1636 1119; x_wconf 85' lang='grc' dir='ltr'><em>οῦν</em></span> <span class='ocrx_word' id='word_1_79' title='bbox 1661 1084 1675 1131; x_wconf 90' lang='grc'>;</span> <span class='ocrx_word' id='word_1_80' title='bbox 1708 1066 1980 1131; x_wconf 68' lang='grc' dir='ltr'><em>εἰπόντος,</em></span> 
     </span>
    </p>
   </div>
   <div class='ocr_carea' id='block_1_12' title="bbox 304 1151 1979 1225">
    <p class='ocr_par' dir='ltr' id='par_1_12' title="bbox 304 1151 1979 1225">
     <span class='ocr_line' id='line_1_12' title="bbox 304 1151 1979 1225; baseline 0.002 -22"><span class='ocrx_word' id='word_1_81' title='bbox 304 1152 394 1204; x_wconf 72' lang='grc' dir='ltr'><em>καὶ</em></span> <span class='ocrx_word' id='word_1_82' title='bbox 420 1151 504 1215; x_wconf 89' lang='grc' dir='ltr'><em>τίς</em></span> <span class='ocrx_word' id='word_1_83' title='bbox 550 1151 705 1206; x_wconf 78' lang='grc' dir='ltr'><em>ἔσται</em></span> <span class='ocrx_word' id='word_1_84' title='bbox 751 1153 1006 1225; x_wconf 86' lang='grc' dir='ltr'><em>φυλακὴ;</em></span> <span class='ocrx_word' id='word_1_85' title='bbox 1059 1155 1278 1223; x_wconf 87' lang='grc' dir='ltr'><em>ἐπάγει,</em></span> <span class='ocrx_word' id='word_1_86' title='bbox 1334 1154 1539 1223; x_wconf 85' lang='grc' dir='ltr'><em>λέγων·</em></span> <span class='ocrx_word' id='word_1_87' title='bbox 1601 1154 1979 1223; x_wconf 71' lang='grc' dir='ltr'><em>Γρηγορεῖτε,</em></span> 
     </span>
    </p>
   </div>
   <div class='ocr_carea' id='block_1_13' title="bbox 302 1239 1979 1313">
    <p class='ocr_par' dir='ltr' id='par_1_13' title="bbox 302 1239 1979 1313">
     <span class='ocr_line' id='line_1_13' title="bbox 302 1239 1979 1313; baseline 0.003 -22"><span class='ocrx_word' id='word_1_88' title='bbox 302 1240 796 1307; x_wconf 81' lang='grc' dir='ltr'><em>μνημονεύοντες,</em></span> <span class='ocrx_word' id='word_1_89' title='bbox 845 1239 935 1293; x_wconf 88' lang='grc' dir='ltr'><em>ὅτι</em></span> <span class='ocrx_word' id='word_1_90' title='bbox 967 1243 1222 1310; x_wconf 82' lang='grc' dir='ltr'><em>τριετίαν</em></span> <span class='ocrx_word' id='word_1_91' title='bbox 1254 1242 1443 1296; x_wconf 78' lang='grc' dir='ltr'><em>νύκτα</em></span> <span class='ocrx_word' id='word_1_92' title='bbox 1474 1242 1570 1297; x_wconf 81' lang='grc' dir='ltr'><em>καὶ</em></span> <span class='ocrx_word' id='word_1_93' title='bbox 1609 1241 1839 1313; x_wconf 76' lang='grc' dir='ltr'><em>ἡμέραν</em></span> <span class='ocrx_word' id='word_1_94' title='bbox 1867 1244 1979 1296; x_wconf 82' lang='grc' dir='ltr'><em>οὐκ</em></span> 
     </span>
    </p>
   </div>
   <div class='ocr_carea' id='block_1_14' title="bbox 309 1326 1977 1403">
    <p class='ocr_par' dir='ltr' id='par_1_14' title="bbox 309 1326 1977 1403">
     <span class='ocr_line' id='line_1_14' title="bbox 309 1326 1977 1403; baseline 0.004 -26"><span class='ocrx_word' id='word_1_95' title='bbox 309 1326 669 1396; x_wconf 79' lang='grc' dir='ltr'><em>ἐπαυσάμην</em></span> <span class='ocrx_word' id='word_1_96' title='bbox 699 1329 852 1396; x_wconf 84' lang='grc' dir='ltr'><em>μετὰ</em></span> <span class='ocrx_word' id='word_1_97' title='bbox 882 1327 1159 1397; x_wconf 80' lang='grc' dir='ltr'><em>δακρύων</em></span> <span class='ocrx_word' id='word_1_98' title='bbox 1187 1330 1486 1386; x_wconf 86' lang='grc' dir='ltr'><em>νουθετῶν</em></span> <span class='ocrx_word' id='word_1_99' title='bbox 1508 1330 1617 1384; x_wconf 74' lang='grc' dir='ltr'><em>ἕνα</em></span> <span class='ocrx_word' id='word_1_100' title='bbox 1645 1328 1797 1403; x_wconf 71' lang='grc'><em>[554]</em></span> <span class='ocrx_word' id='word_1_101' title='bbox 1837 1330 1977 1384; x_wconf 78' lang='grc' dir='ltr'><em>ἕκα-</em></span> 
     </span>
    </p>
   </div>
   <div class='ocr_carea' id='block_1_15' title="bbox 304 1413 1980 1489">
    <p class='ocr_par' dir='ltr' id='par_1_15' title="bbox 304 1413 1980 1489">
     <span class='ocr_line' id='line_1_15' title="bbox 304 1413 1980 1489; baseline 0.005 -24"><span class='ocrx_word' id='word_1_102' title='bbox 304 1427 473 1466; x_wconf 84' lang='grc' dir='ltr'><em>στον.</em></span> <span class='ocrx_word' id='word_1_103' title='bbox 496 1413 640 1485; x_wconf 88' lang='grc' dir='ltr'><em>Ὅρα</em></span> <span class='ocrx_word' id='word_1_104' title='bbox 661 1415 824 1468; x_wconf 86' lang='grc' dir='ltr'><em>πόσαι</em></span> <span class='ocrx_word' id='word_1_105' title='bbox 846 1415 1162 1489; x_wconf 70' lang='grc' dir='ltr'><em>ὑπερϐολαίο</em></span> <span class='ocrx_word' id='word_1_106' title='bbox 1192 1417 1329 1487; x_wconf 88' lang='grc' dir='ltr'><em>μετά</em></span> <span class='ocrx_word' id='word_1_107' title='bbox 1356 1418 1603 1489; x_wconf 80' lang='grc' dir='ltr'><em>δακρύων</em></span> <span class='ocrx_word' id='word_1_108' title='bbox 1620 1430 1668 1482; x_wconf 77' lang='grc' dir='ltr'><em>ει,</em></span> <span class='ocrx_word' id='word_1_109' title='bbox 1688 1419 1782 1472; x_wconf 78' lang='grc' dir='ltr'><em>καὶ</em></span> <span class='ocrx_word' id='word_1_110' title='bbox 1808 1417 1980 1473; x_wconf 91' lang='grc' dir='ltr'><em>νύκτα</em></span> 
     </span>
    </p>
   </div>
   <div class='ocr_carea' id='block_1_16' title="bbox 305 1500 1976 1575">
    <p class='ocr_par' dir='ltr' id='par_1_16' title="bbox 305 1500 1976 1575">
     <span class='ocr_line' id='line_1_16' title="bbox 305 1500 1976 1575; baseline 0.005 -23"><span class='ocrx_word' id='word_1_111' title='bbox 305 1500 397 1552; x_wconf 62' lang='grc' dir='ltr'><em>καὶ⁵</em></span> <span class='ocrx_word' id='word_1_112' title='bbox 413 1500 648 1573; x_wconf 79' lang='grc' dir='ltr'><em>ἡμέραν,</em></span> <span class='ocrx_word' id='word_1_113' title='bbox 668 1504 761 1555; x_wconf 80' lang='grc' dir='ltr'><em>καὶ</em></span> <span class='ocrx_word' id='word_1_114' title='bbox 777 1501 873 1556; x_wconf 74' lang='grc' dir='ltr'><em>ἕνα</em></span> <span class='ocrx_word' id='word_1_115' title='bbox 893 1503 1142 1558; x_wconf 76' lang='grc' dir='ltr'><em>ἕκαστον.</em></span> <span class='ocrx_word' id='word_1_116' title='bbox 1164 1506 1237 1559; x_wconf 87' lang='grc' dir='ltr'><em>Οὐ</em></span> <span class='ocrx_word' id='word_1_117' title='bbox 1252 1503 1360 1575; x_wconf 82' lang='grc' dir='ltr'><em>γάρ</em></span> <span class='ocrx_word' id='word_1_118' title='bbox 1382 1507 1431 1557; x_wconf 85' lang='grc' dir='ltr'><em>εί</em></span> <span class='ocrx_word' id='word_1_119' title='bbox 1460 1505 1687 1570; x_wconf 85' lang='grc' dir='ltr'><em>πολλοὺς</em></span> <span class='ocrx_word' id='word_1_120' title='bbox 1704 1502 1835 1566; x_wconf 85' lang='grc' dir='ltr'><em>εἶδε.</em></span> <span class='ocrx_word' id='word_1_121' title='bbox 1848 1507 1976 1560; x_wconf 82' lang='grc' dir='ltr'><em>τότε</em></span> 
     </span>
    </p>
   </div>
   <div class='ocr_carea' id='block_1_17' title="bbox 302 1592 1974 1666">
    <p class='ocr_par' dir='ltr' id='par_1_17' title="bbox 302 1592 1974 1666">
     <span class='ocr_line' id='line_1_17' title="bbox 302 1592 1974 1666; baseline 0.004 -22"><span class='ocrx_word' id='word_1_122' title='bbox 302 1592 564 1659; x_wconf 81' lang='grc' dir='ltr'><em>ἐφείδετο,</em></span> <span class='ocrx_word' id='word_1_123' title='bbox 592 1593 705 1646; x_wconf 85' lang='grc' dir='ltr'><em>ἀλλ’</em></span> <span class='ocrx_word' id='word_1_124' title='bbox 734 1593 851 1664; x_wconf 75' lang='grc' dir='ltr'><em>ᾔδει</em></span> <span class='ocrx_word' id='word_1_125' title='bbox 878 1594 973 1648; x_wconf 74' lang='grc' dir='ltr'><em>καὶ</em></span> <span class='ocrx_word' id='word_1_126' title='bbox 1019 1594 1160 1666; x_wconf 87' lang='grc' dir='ltr'><em>ὑπὲρ</em></span> <span class='ocrx_word' id='word_1_127' title='bbox 1193 1597 1321 1665; x_wconf 80' lang='grc' dir='ltr'><em>μιᾶς</em></span> <span class='ocrx_word' id='word_1_128' title='bbox 1347 1594 1526 1665; x_wconf 70' lang='grc' dir='ltr'><em>ψυχῆς</em></span> <span class='ocrx_word' id='word_1_129' title='bbox 1556 1596 1734 1650; x_wconf 89' lang='grc' dir='ltr'><em>πάντα</em></span> <span class='ocrx_word' id='word_1_130' title='bbox 1780 1599 1974 1650; x_wconf 79' lang='grc' dir='ltr'><em>ποιεῖν.</em></span> 
     </span>
    </p>
   </div>
   <div class='ocr_carea' id='block_1_18' title="bbox 304 1678 1976 1754">
    <p class='ocr_par' dir='ltr' id='par_1_18' title="bbox 304 1678 1976 1754">
     <span class='ocr_line' id='line_1_18' title="bbox 304 1678 1976 1754; baseline 0.004 -23"><span class='ocrx_word' id='word_1_131' title='bbox 304 1678 465 1732; x_wconf 84' lang='grc' dir='ltr'><em>Οὑτω</em></span> <span class='ocrx_word' id='word_1_132' title='bbox 494 1679 623 1747; x_wconf 91' lang='grc' dir='ltr'><em>γοῦν</em></span> <span class='ocrx_word' id='word_1_133' title='bbox 653 1680 850 1743; x_wconf 82' lang='grc' dir='ltr'><em>αὐτοὺς</em></span> <span class='ocrx_word' id='word_1_134' title='bbox 876 1681 969 1735; x_wconf 75' lang='grc' dir='ltr'><em>καὶ</em></span> <span class='ocrx_word' id='word_1_135' title='bbox 995 1683 1409 1754; x_wconf 74' lang='grc' dir='ltr'><em>συνεκρότησεν.</em></span> <span class='ocrx_word' id='word_1_136' title='bbox 1448 1686 1514 1737; x_wconf 84' lang='lat'><em>&#39;0</em></span> <span class='ocrx_word' id='word_1_137' title='bbox 1542 1684 1596 1737; x_wconf 80' lang='grc' dir='ltr'><em>δὲ</em></span> <span class='ocrx_word' id='word_1_138' title='bbox 1621 1684 1790 1752; x_wconf 82' lang='grc' dir='ltr'><em>λέγει,</em></span> <span class='ocrx_word' id='word_1_139' title='bbox 1819 1685 1976 1738; x_wconf 85' lang='grc' dir='ltr'><em>τοῦτό</em></span> 
     </span>
    </p>
   </div>
   <div class='ocr_carea' id='block_1_19' title="bbox 308 1766 1976 1841">
    <p class='ocr_par' dir='ltr' id='par_1_19' title="bbox 308 1766 1976 1841">
     <span class='ocr_line' id='line_1_19' title="bbox 308 1766 1976 1841; baseline 0.004 -24"><span class='ocrx_word' id='word_1_140' title='bbox 308 1768 489 1819; x_wconf 89' lang='grc' dir='ltr'><em>ἐστιν·</em></span> <span class='ocrx_word' id='word_1_141' title='bbox 530 1767 710 1837; x_wconf 82' lang='grc' dir='ltr'><em>Ἀρκεῖ</em></span> <span class='ocrx_word' id='word_1_142' title='bbox 764 1766 835 1820; x_wconf 89' lang='grc' dir='ltr'><em>τά</em></span> <span class='ocrx_word' id='word_1_143' title='bbox 872 1770 1000 1841; x_wconf 77' lang='grc' dir='ltr'><em>παρ’</em></span> <span class='ocrx_word' id='word_1_144' title='bbox 1035 1770 1170 1838; x_wconf 88' lang='grc' dir='ltr'><em>ἐμοῦ</em></span> <span class='ocrx_word' id='word_1_145' title='bbox 1192 1786 1206 1799; x_wconf 90' lang='grc'><strong>·</strong></span> <span class='ocrx_word' id='word_1_146' title='bbox 1254 1771 1495 1838; x_wconf 79' lang='grc' dir='ltr'><em>τριετίαν</em></span> <span class='ocrx_word' id='word_1_147' title='bbox 1529 1770 1741 1841; x_wconf 75' lang='grc' dir='ltr'><em>ἔμεινα,</em></span> <span class='ocrx_word' id='word_1_148' title='bbox 1775 1772 1976 1837; x_wconf 78' lang='grc' dir='ltr'><em>ἱκανῶς</em></span> 
     </span>
    </p>
   </div>
   <div class='ocr_carea' id='block_1_20' title="bbox 304 1851 1971 1928">
    <p class='ocr_par' dir='ltr' id='par_1_20' title="bbox 304 1851 1971 1928">
     <span class='ocr_line' id='line_1_20' title="bbox 304 1851 1971 1928; baseline 0.006 -25"><span class='ocrx_word' id='word_1_149' title='bbox 304 1851 728 1924; x_wconf 83' lang='grc' dir='ltr'><em>ἐστερεώθησαν,</em></span> <span class='ocrx_word' id='word_1_150' title='bbox 766 1855 966 1918; x_wconf 75' lang='grc' dir='ltr'><em>ἱκανῶς</em></span> <span class='ocrx_word' id='word_1_151' title='bbox 1017 1856 1415 1928; x_wconf 74' lang='grc' dir='ltr'><em>ἐρῤιζώθησαν.</em></span> <span class='ocrx_word' id='word_1_152' title='bbox 1470 1858 1633 1912; x_wconf 84' lang='grc' dir='ltr'><em>Μετὰ</em></span> <span class='ocrx_word' id='word_1_153' title='bbox 1675 1858 1971 1926; x_wconf 83' lang='grc' dir='ltr'><em>δακρύων,</em></span> 
     </span>
    </p>
   </div>
   <div class='ocr_carea' id='block_1_21' title="bbox 301 1940 1973 2018">
    <p class='ocr_par' dir='ltr' id='par_1_21' title="bbox 301 1940 1973 2018">
     <span class='ocr_line' id='line_1_21' title="bbox 301 1940 1973 2018; baseline 0.004 -26"><span class='ocrx_word' id='word_1_154' title='bbox 301 1940 485 2010; x_wconf 89' lang='grc' dir='ltr'><em>φησίν.</em></span> <span class='ocrx_word' id='word_1_155' title='bbox 527 1940 692 2011; x_wconf 85' lang='grc' dir='ltr'><em>Ὁρᾷς</em></span> <span class='ocrx_word' id='word_1_156' title='bbox 714 1941 795 1994; x_wconf 80' lang='grc' dir='ltr'><em>ὅτι</em></span> <span class='ocrx_word' id='word_1_157' title='bbox 827 1942 893 1995; x_wconf 85' lang='grc' dir='ltr'><em>τά</em></span> <span class='ocrx_word' id='word_1_158' title='bbox 917 1942 1129 2013; x_wconf 88' lang='grc' dir='ltr'><em>δάκρυα</em></span> <span class='ocrx_word' id='word_1_159' title='bbox 1156 1944 1248 1998; x_wconf 82' lang='grc' dir='ltr'><em>διὰ</em></span> <span class='ocrx_word' id='word_1_160' title='bbox 1283 1947 1474 2009; x_wconf 89' lang='grc' dir='ltr'><em>τοῦτο;</em></span> <span class='ocrx_word' id='word_1_161' title='bbox 1513 1946 1698 2001; x_wconf 86' lang='grc' dir='ltr'><em>Ταῦτα</em></span> <span class='ocrx_word' id='word_1_162' title='bbox 1734 1947 1973 2018; x_wconf 84' lang='grc' dir='ltr'><em>ποιῶμεν</em></span> 
     </span>
    </p>
   </div>
   <div class='ocr_carea' id='block_1_22' title="bbox 299 2027 1973 2106">
    <p class='ocr_par' dir='ltr' id='par_1_22' title="bbox 299 2027 1973 2106">
     <span class='ocr_line' id='line_1_22' title="bbox 299 2027 1973 2106; baseline 0.014 -29"><span class='ocrx_word' id='word_1_163' title='bbox 299 2027 392 2078; x_wconf 81' lang='grc' dir='ltr'><em>καὶ</em></span> <span class='ocrx_word' id='word_1_164' title='bbox 422 2028 606 2097; x_wconf 87' lang='grc' dir='ltr'><em>ἡμεῖς.</em></span> <span class='ocrx_word' id='word_1_165' title='bbox 632 2028 746 2081; x_wconf 89' lang='grc' dir='ltr'><em>Οὐκ</em></span> <span class='ocrx_word' id='word_1_166' title='bbox 770 2028 925 2097; x_wconf 85' lang='grc' dir='ltr'><em>ἀλγεῖ</em></span> <span class='ocrx_word' id='word_1_167' title='bbox 948 2032 976 2083; x_wconf 88' lang='lat'><em>0</em></span> <span class='ocrx_word' id='word_1_168' title='bbox 1006 2031 1175 2096; x_wconf 84' lang='grc' dir='ltr'><em>κακός</em></span> <span class='ocrx_word' id='word_1_169' title='bbox 1195 2047 1207 2060; x_wconf 84' lang='grc'>·</span> <span class='ocrx_word' id='word_1_170' title='bbox 1244 2032 1481 2103; x_wconf 82' lang='grc' dir='ltr'><em>ἄλγησον</em></span> <span class='ocrx_word' id='word_1_171' title='bbox 1509 2034 1597 2099; x_wconf 79' lang='grc' dir='ltr'><em>σὺ,</em></span> <span class='ocrx_word' id='word_1_172' title='bbox 1631 2033 1760 2096; x_wconf 75' lang='grc' dir='ltr'><em>ἴσως</em></span> <span class='ocrx_word' id='word_1_173' title='bbox 1806 2035 1973 2106; x_wconf 75' lang='grc' dir='ltr'><em>ἀλγή-</em></span> 
     </span>
    </p>
   </div>
   <div class='ocr_carea' id='block_1_23' title="bbox 298 2117 1972 2195">
    <p class='ocr_par' dir='ltr' id='par_1_23' title="bbox 298 2117 1972 2195">
     <span class='ocr_line' id='line_1_23' title="bbox 298 2117 1972 2195; baseline 0.008 -30"><span class='ocrx_word' id='word_1_174' title='bbox 298 2131 381 2167; x_wconf 86' lang='grc' dir='ltr'><em>σει</em></span> <span class='ocrx_word' id='word_1_175' title='bbox 410 2117 677 2179; x_wconf 85' lang='grc' dir='ltr'><em>κάκεῖνος.</em></span> <span class='ocrx_word' id='word_1_176' title='bbox 731 2117 993 2190; x_wconf 80' lang='grc' dir='ltr'><em>Καθάπερ</em></span> <span class='ocrx_word' id='word_1_177' title='bbox 1038 2121 1166 2173; x_wconf 84' lang='grc' dir='ltr'><em>ὅταν</em></span> <span class='ocrx_word' id='word_1_178' title='bbox 1200 2121 1282 2191; x_wconf 76' lang='grc' dir='ltr'><em>ἴδῃ</em></span> <span class='ocrx_word' id='word_1_179' title='bbox 1314 2124 1342 2175; x_wconf 91' lang='lat'><em>0</em></span> <span class='ocrx_word' id='word_1_180' title='bbox 1372 2123 1598 2193; x_wconf 84' lang='grc' dir='ltr'><em>κάμνων</em></span> <span class='ocrx_word' id='word_1_181' title='bbox 1648 2123 1741 2176; x_wconf 88' lang='grc' dir='ltr'><em>τὸν</em></span> <span class='ocrx_word' id='word_1_182' title='bbox 1787 2124 1972 2195; x_wconf 77' lang='grc' dir='ltr'><em>ἰατρόν</em></span> 
     </span>
    </p>
   </div>
   <div class='ocr_carea' id='block_1_24' title="bbox 294 2201 1969 2286">
    <p class='ocr_par' dir='ltr' id='par_1_24' title="bbox 294 2201 1969 2286">
     <span class='ocr_line' id='line_1_24' title="bbox 294 2201 1969 2286; baseline 0.008 -33"><span class='ocrx_word' id='word_1_183' title='bbox 294 2201 641 2271; x_wconf 72' lang='grc' dir='ltr'><em>λαμϐάνοντα</em></span> <span class='ocrx_word' id='word_1_184' title='bbox 688 2210 883 2271; x_wconf 85' lang='grc' dir='ltr'><em>σιτίου,</em></span> <span class='ocrx_word' id='word_1_185' title='bbox 941 2208 1036 2260; x_wconf 71' lang='grc' dir='ltr'><em>καί</em></span> <span class='ocrx_word' id='word_1_186' title='bbox 1068 2208 1231 2273; x_wconf 69' lang='grc' dir='ltr'><em>αὑτὸς</em></span> <span class='ocrx_word' id='word_1_187' title='bbox 1265 2210 1667 2280; x_wconf 83' lang='grc' dir='ltr'><em>προτρέπεται·</em></span> <span class='ocrx_word' id='word_1_188' title='bbox 1715 2210 1860 2266; x_wconf 85' lang='grc' dir='ltr'><em>οὑτω</em></span> <span class='ocrx_word' id='word_1_189' title='bbox 1904 2213 1969 2286; x_wconf 81' lang='grc' dir='ltr'><em>δὴ</em></span> 
     </span>
    </p>
   </div>
   <div class='ocr_carea' id='block_1_25' title="bbox 294 2290 1972 2370">
    <p class='ocr_par' dir='ltr' id='par_1_25' title="bbox 294 2290 1972 2370">
     <span class='ocr_line' id='line_1_25' title="bbox 294 2290 1972 2370; baseline 0.008 -28"><span class='ocrx_word' id='word_1_190' title='bbox 294 2291 393 2343; x_wconf 78' lang='grc' dir='ltr'><em>καὶ</em></span> <span class='ocrx_word' id='word_1_191' title='bbox 455 2290 690 2346; x_wconf 77' lang='grc' dir='ltr'><em>ἐνταῦθα</em></span> <span class='ocrx_word' id='word_1_192' title='bbox 747 2290 936 2347; x_wconf 75' lang='grc' dir='ltr'><em>ἔσται’</em></span> <span class='ocrx_word' id='word_1_193' title='bbox 996 2294 1063 2349; x_wconf 83' lang='grc' dir='ltr'><em>ἂν</em></span> <span class='ocrx_word' id='word_1_194' title='bbox 1121 2295 1206 2367; x_wconf 82' lang='grc' dir='ltr'><em>ίδῃ</em></span> <span class='ocrx_word' id='word_1_195' title='bbox 1270 2314 1330 2350; x_wconf 88' lang='grc' dir='ltr'><em>σε</em></span> <span class='ocrx_word' id='word_1_196' title='bbox 1397 2299 1745 2369; x_wconf 81' lang='grc' dir='ltr'><em>ὀδυρόμενον,</em></span> <span class='ocrx_word' id='word_1_197' title='bbox 1798 2302 1972 2370; x_wconf 85' lang='grc' dir='ltr'><em>μαλα-</em></span> 
     </span>
    </p>
   </div>
   <div class='ocr_carea' id='block_1_26' title="bbox 291 2377 1971 2457">
    <p class='ocr_par' dir='ltr' id='par_1_26' title="bbox 291 2377 1971 2457">
     <span class='ocr_line' id='line_1_26' title="bbox 291 2377 1971 2457; baseline 0.017 -41"><span class='ocrx_word' id='word_1_198' title='bbox 291 2377 575 2449; x_wconf 62' lang='grc' dir='ltr'><em>χθήσεται,</em></span> <span class='ocrx_word' id='word_1_199' title='bbox 593 2380 828 2452; x_wconf 80' lang='grc' dir='ltr'><em>χρηστὸς</em></span> <span class='ocrx_word' id='word_1_200' title='bbox 844 2381 981 2453; x_wconf 84' lang='grc' dir='ltr'><em>ἀνὴρ</em></span> <span class='ocrx_word' id='word_1_201' title='bbox 1001 2384 1094 2437; x_wconf 60' lang='grc' dir='ltr'><em>καὶ¹</em></span> <span class='ocrx_word' id='word_1_202' title='bbox 1115 2385 1287 2454; x_wconf 78' lang='grc' dir='ltr'><em>πρᾶος</em></span> <span class='ocrx_word' id='word_1_203' title='bbox 1303 2386 1610 2455; x_wconf 80' lang='grc' dir='ltr'><em>γενήσεται.</em></span> <span class='ocrx_word' id='word_1_204' title='bbox 1639 2390 1760 2440; x_wconf 83' lang='grc' dir='ltr'><em>οὐκ</em></span> <span class='ocrx_word' id='word_1_205' title='bbox 1778 2389 1971 2457; x_wconf 70' lang='grc' dir='ltr'><em>εἰδὼς,</em></span> 
     </span>
    </p>
   </div>
   <div class='ocr_carea' id='block_1_27' title="bbox 292 2470 1971 2552">
    <p class='ocr_par' dir='ltr' id='par_1_27' title="bbox 292 2470 1971 2552">
     <span class='ocr_line' id='line_1_27' title="bbox 292 2470 1971 2552; baseline 0.008 -31"><span class='ocrx_word' id='word_1_206' title='bbox 292 2470 452 2540; x_wconf 80' lang='grc' dir='ltr'><em>φησὶ,</em></span> <span class='ocrx_word' id='word_1_207' title='bbox 469 2471 543 2527; x_wconf 80' lang='grc' dir='ltr'><em>τὰ</em></span> <span class='ocrx_word' id='word_1_208' title='bbox 564 2473 1025 2541; x_wconf 73' lang='grc' dir='ltr'><em>συναντήσοντα</em></span> <span class='ocrx_word' id='word_1_209' title='bbox 1033 2492 1158 2543; x_wconf 81' lang='grc' dir='ltr'><em>μοι.</em></span> <span class='ocrx_word' id='word_1_210' title='bbox 1178 2476 1244 2527; x_wconf 90' lang='grc' dir='ltr'><em>Τί</em></span> <span class='ocrx_word' id='word_1_211' title='bbox 1268 2473 1396 2541; x_wconf 83' lang='grc' dir='ltr'><em>οῦν;</em></span> <span class='ocrx_word' id='word_1_212' title='bbox 1421 2476 1509 2530; x_wconf 86' lang='grc' dir='ltr'><em>διά</em></span> <span class='ocrx_word' id='word_1_213' title='bbox 1539 2476 1696 2530; x_wconf 86' lang='grc' dir='ltr'><em>τοῦτο</em></span> <span class='ocrx_word' id='word_1_214' title='bbox 1723 2478 1971 2552; x_wconf 87' lang='grc' dir='ltr'><em>ἀπέρχῃ;</em></span> 
     </span>
    </p>
   </div>
   <div class='ocr_carea' id='block_1_28' title="bbox 293 2558 1973 2636">
    <p class='ocr_par' dir='ltr' id='par_1_28' title="bbox 293 2558 1973 2636">
     <span class='ocr_line' id='line_1_28' title="bbox 293 2558 1973 2636; baseline 0.007 -25"><span class='ocrx_word' id='word_1_215' title='bbox 293 2558 595 2629; x_wconf 73' lang='grc' dir='ltr'><em>Ούδαμῶςο</em></span> <span class='ocrx_word' id='word_1_216' title='bbox 652 2560 791 2615; x_wconf 83' lang='grc' dir='ltr'><em>ἀλλά</em></span> <span class='ocrx_word' id='word_1_217' title='bbox 824 2565 918 2615; x_wconf 74' lang='grc' dir='ltr'><em>καὶ</em></span> <span class='ocrx_word' id='word_1_218' title='bbox 962 2563 1171 2632; x_wconf 85' lang='grc' dir='ltr'><em>σφόδρα</em></span> <span class='ocrx_word' id='word_1_219' title='bbox 1201 2564 1476 2631; x_wconf 83' lang='grc' dir='ltr'><em>γινώσκω,</em></span> <span class='ocrx_word' id='word_1_220' title='bbox 1532 2566 1615 2619; x_wconf 76' lang='grc' dir='ltr'><em>ὅτι</em></span> <span class='ocrx_word' id='word_1_221' title='bbox 1654 2565 1830 2636; x_wconf 81' lang='grc' dir='ltr'><em>δεσμά</em></span> <span class='ocrx_word' id='word_1_222' title='bbox 1877 2571 1973 2622; x_wconf 77' lang='grc' dir='ltr'><em>καὶ</em></span> 
     </span>
    </p>
   </div>
   <div class='ocr_carea' id='block_1_29' title="bbox 292 2644 1974 2726">
    <p class='ocr_par' dir='ltr' id='par_1_29' title="bbox 292 2644 1974 2726">
     <span class='ocr_line' id='line_1_29' title="bbox 292 2644 1974 2726; baseline 0.008 -28"><span class='ocrx_word' id='word_1_223' title='bbox 292 2644 504 2716; x_wconf 75' lang='grc' dir='ltr'><em>θλίψεις</em></span> <span class='ocrx_word' id='word_1_224' title='bbox 535 2663 602 2717; x_wconf 85' lang='grc' dir='ltr'><em>με</em></span> <span class='ocrx_word' id='word_1_225' title='bbox 630 2649 903 2718; x_wconf 82' lang='grc' dir='ltr'><em>μένουσιν.</em></span> <span class='ocrx_word' id='word_1_226' title='bbox 929 2651 1051 2703; x_wconf 84' lang='grc' dir='ltr'><em>’Ότι</em></span> <span class='ocrx_word' id='word_1_227' title='bbox 1080 2651 1179 2719; x_wconf 74' lang='grc' dir='ltr'><em>μὲν</em></span> <span class='ocrx_word' id='word_1_228' title='bbox 1216 2646 1311 2704; x_wconf 83' lang='grc' dir='ltr'><em>οὖν</em></span> <span class='ocrx_word' id='word_1_229' title='bbox 1338 2654 1637 2723; x_wconf 80' lang='grc' dir='ltr'><em>πειρασμοὶ</em></span> <span class='ocrx_word' id='word_1_230' title='bbox 1662 2655 1974 2726; x_wconf 83' lang='grc' dir='ltr'><em>ἐκδέχονταί</em></span> 
     </span>
    </p>
   </div>
   <div class='ocr_carea' id='block_1_30' title="bbox 295 2728 1973 2815">
    <p class='ocr_par' dir='ltr' id='par_1_30' title="bbox 295 2728 1973 2815">
     <span class='ocr_line' id='line_1_30' title="bbox 295 2728 1973 2815; baseline 0.007 -29"><span class='ocrx_word' id='word_1_231' title='bbox 295 2750 390 2804; x_wconf 89' lang='grc' dir='ltr'><em>με,</em></span> <span class='ocrx_word' id='word_1_232' title='bbox 421 2728 560 2801; x_wconf 80' lang='grc' dir='ltr'><em>οἶδα,</em></span> <span class='ocrx_word' id='word_1_233' title='bbox 584 2736 759 2790; x_wconf 82' lang='grc' dir='ltr'><em>ὁποῖοι</em></span> <span class='ocrx_word' id='word_1_234' title='bbox 787 2737 864 2798; x_wconf 84' lang='grc' dir='ltr'><em>δὲ,</em></span> <span class='ocrx_word' id='word_1_235' title='bbox 886 2737 987 2790; x_wconf 85' lang='grc' dir='ltr'><em>οὑκ</em></span> <span class='ocrx_word' id='word_1_236' title='bbox 1009 2733 1155 2791; x_wconf 78' lang='grc' dir='ltr'><em>οἶδα·</em></span> <span class='ocrx_word' id='word_1_237' title='bbox 1191 2739 1328 2809; x_wconf 82' lang='grc' dir='ltr'><em>ὅπερ</em></span> <span class='ocrx_word' id='word_1_238' title='bbox 1347 2734 1417 2809; x_wconf 76' lang='grc' dir='ltr'><em>ἦν</em></span> <span class='ocrx_word' id='word_1_239' title='bbox 1452 2739 1848 2813; x_wconf 82' lang='grc' dir='ltr'><em>χαλεπώτερον.</em></span> <span class='ocrx_word' id='word_1_240' title='bbox 1882 2744 1973 2815; x_wconf 78' lang='grc' dir='ltr'><strong>Μὴ</strong></span> 
     </span>
    </p>
   </div>
   <div class='ocr_carea' id='block_1_31' title="bbox 291 2817 1975 2894">
    <p class='ocr_par' dir='ltr' id='par_1_31' title="bbox 291 2817 1975 2894">
     <span class='ocr_line' id='line_1_31' title="bbox 291 2817 1975 2894; baseline 0.008 -25"><span class='ocrx_word' id='word_1_241' title='bbox 291 2817 476 2871; x_wconf 80' lang='grc' dir='ltr'><em>τοίνυν</em></span> <span class='ocrx_word' id='word_1_242' title='bbox 508 2817 769 2889; x_wconf 85' lang='grc' dir='ltr'><em>νομίσητέ</em></span> <span class='ocrx_word' id='word_1_243' title='bbox 816 2837 885 2890; x_wconf 90' lang='grc' dir='ltr'><em>με</em></span> <span class='ocrx_word' id='word_1_244' title='bbox 943 2821 1346 2893; x_wconf 74' lang='grc' dir='ltr'><em>ἀποδυρόμενον</em></span> <span class='ocrx_word' id='word_1_245' title='bbox 1392 2823 1565 2878; x_wconf 84' lang='grc' dir='ltr'><em>ταῦτα</em></span> <span class='ocrx_word' id='word_1_246' title='bbox 1614 2824 1827 2894; x_wconf 86' lang='grc' dir='ltr'><em>λέγειν·</em></span> <span class='ocrx_word' id='word_1_247' title='bbox 1874 2828 1975 2883; x_wconf 84' lang='grc' dir='ltr'><em>οὑκ</em></span> 
     </span>
    </p>
   </div>
   <div class='ocr_carea' id='block_1_32' title="bbox 294 2903 1975 2987">
    <p class='ocr_par' dir='ltr' id='par_1_32' title="bbox 294 2903 1975 2987">
     <span class='ocr_line' id='line_1_32' title="bbox 294 2903 1975 2987; baseline 0.008 -30"><span class='ocrx_word' id='word_1_248' title='bbox 294 2903 408 2975; x_wconf 71' lang='grc' dir='ltr'><em>ἔχω</em></span> <span class='ocrx_word' id='word_1_249' title='bbox 432 2906 621 2976; x_wconf 78' lang='grc' dir='ltr'><em>τιμίαν</em></span> <span class='ocrx_word' id='word_1_250' title='bbox 655 2907 756 2978; x_wconf 79' lang='grc' dir='ltr'><em>τὴν</em></span> <span class='ocrx_word' id='word_1_251' title='bbox 792 2908 1031 2978; x_wconf 78' lang='grc' dir='ltr'><em>ἐμαυτοῦ</em></span> <span class='ocrx_word' id='word_1_252' title='bbox 1057 2907 1257 2980; x_wconf 81' lang='grc' dir='ltr'><em>ψυχήν.</em></span> <span class='ocrx_word' id='word_1_253' title='bbox 1314 2912 1430 2965; x_wconf 85' lang='grc' dir='ltr'><em>Ἵνα</em></span> <span class='ocrx_word' id='word_1_254' title='bbox 1476 2913 1759 2987; x_wconf 83' lang='grc' dir='ltr'><em>ἀναστήσῃ</em></span> <span class='ocrx_word' id='word_1_255' title='bbox 1793 2916 1975 2970; x_wconf 85' lang='grc' dir='ltr'><em>αὑτῶν</em></span> 
     </span>
    </p>
   </div>
   <div class='ocr_carea' id='block_1_33' title="bbox 290 2992 1975 3075">
    <p class='ocr_par' dir='ltr' id='par_1_33' title="bbox 290 2992 1975 3075">
     <span class='ocr_line' id='line_1_33' title="bbox 290 2992 1975 3075; baseline 0.008 -30"><span class='ocrx_word' id='word_1_256' title='bbox 290 2992 394 3064; x_wconf 76' lang='grc' dir='ltr'><em>τὴν</em></span> <span class='ocrx_word' id='word_1_257' title='bbox 425 2993 684 3059; x_wconf 89' lang='grc' dir='ltr'><em>διάνοιαν,</em></span> <span class='ocrx_word' id='word_1_258' title='bbox 735 2995 909 3050; x_wconf 86' lang='grc' dir='ltr'><em>ταῦτά</em></span> <span class='ocrx_word' id='word_1_259' title='bbox 942 3014 1095 3067; x_wconf 77' lang='grc' dir='ltr'><em>φησι,</em></span> <span class='ocrx_word' id='word_1_260' title='bbox 1125 2999 1220 3052; x_wconf 78' lang='grc' dir='ltr'><em>καὶ</em></span> <span class='ocrx_word' id='word_1_261' title='bbox 1252 2999 1412 3071; x_wconf 83' lang='grc' dir='ltr'><em>πείσῃ</em></span> <span class='ocrx_word' id='word_1_262' title='bbox 1440 3002 1514 3071; x_wconf 78' lang='grc' dir='ltr'><em>μὴ</em></span> <span class='ocrx_word' id='word_1_263' title='bbox 1552 3002 1711 3072; x_wconf 90' lang='grc' dir='ltr'><em>μόνον</em></span> <span class='ocrx_word' id='word_1_264' title='bbox 1742 3003 1817 3075; x_wconf 84' lang='grc' dir='ltr'><em>μὴ</em></span> <span class='ocrx_word' id='word_1_265' title='bbox 1846 3005 1975 3074; x_wconf 86' lang='grc' dir='ltr'><em>φεύ-</em></span> 
     </span>
    </p>
   </div>
   <div class='ocr_carea' id='block_1_34' title="bbox 290 3081 1978 3162">
    <p class='ocr_par' dir='ltr' id='par_1_34' title="bbox 290 3081 1978 3162">
     <span class='ocr_line' id='line_1_34' title="bbox 290 3081 1978 3162; baseline 0.007 -28"><span class='ocrx_word' id='word_1_266' title='bbox 290 3098 436 3148; x_wconf 86' lang='grc' dir='ltr'><em>γειν,</em></span> <span class='ocrx_word' id='word_1_267' title='bbox 469 3081 603 3136; x_wconf 86' lang='grc' dir='ltr'><em>ἀλλά</em></span> <span class='ocrx_word' id='word_1_268' title='bbox 632 3083 726 3135; x_wconf 75' lang='grc' dir='ltr'><em>καὶ</em></span> <span class='ocrx_word' id='word_1_269' title='bbox 753 3083 1016 3150; x_wconf 86' lang='grc' dir='ltr'><em>γενναίως</em></span> <span class='ocrx_word' id='word_1_270' title='bbox 1069 3085 1275 3156; x_wconf 86' lang='grc' dir='ltr'><em>φέρειν.</em></span> <span class='ocrx_word' id='word_1_271' title='bbox 1302 3087 1403 3140; x_wconf 83' lang='grc' dir='ltr'><em>Διά</em></span> <span class='ocrx_word' id='word_1_272' title='bbox 1448 3089 1605 3143; x_wconf 91' lang='grc' dir='ltr'><em>τοῦτο</em></span> <span class='ocrx_word' id='word_1_273' title='bbox 1633 3088 1832 3162; x_wconf 83' lang='grc' dir='ltr'><em>δρόμον</em></span> <span class='ocrx_word' id='word_1_274' title='bbox 1882 3096 1978 3146; x_wconf 70' lang='grc' dir='ltr'><em>καὶ</em></span> 
     </span>
    </p>
   </div>
   <div class='ocr_carea' id='block_1_35' title="bbox 292 3168 1975 3251">
    <p class='ocr_par' dir='ltr' id='par_1_35' title="bbox 292 3168 1975 3251">
     <span class='ocr_line' id='line_1_35' title="bbox 292 3168 1975 3251; baseline 0.007 -30"><span class='ocrx_word' id='word_1_275' title='bbox 292 3168 572 3221; x_wconf 82' lang='grc' dir='ltr'><em>διακονίαν</em></span> <span class='ocrx_word' id='word_1_276' title='bbox 586 3169 647 3222; x_wconf 84' lang='grc' dir='ltr'><em>τὸ</em></span> <span class='ocrx_word' id='word_1_277' title='bbox 674 3171 907 3242; x_wconf 80' lang='grc' dir='ltr'><em>πρᾶγμα</em></span> <span class='ocrx_word' id='word_1_278' title='bbox 934 3171 1122 3225; x_wconf 87' lang='grc' dir='ltr'><em>καλεῖ·</em></span> <span class='ocrx_word' id='word_1_279' title='bbox 1155 3172 1216 3227; x_wconf 85' lang='grc' dir='ltr'><em>τὸ</em></span> <span class='ocrx_word' id='word_1_280' title='bbox 1238 3175 1356 3245; x_wconf 81' lang='grc' dir='ltr'><em>μὲν,</em></span> <span class='ocrx_word' id='word_1_281' title='bbox 1393 3174 1605 3240; x_wconf 76' lang='grc' dir='ltr'><em>δεικνὺς</em></span> <span class='ocrx_word' id='word_1_282' title='bbox 1632 3178 1694 3231; x_wconf 84' lang='grc' dir='ltr'><em>τὸ</em></span> <span class='ocrx_word' id='word_1_283' title='bbox 1723 3178 1975 3251; x_wconf 87' lang='grc' dir='ltr'><em>λαμπρὸν</em></span> 
     </span>
    </p>
   </div>
   <div class='ocr_carea' id='block_1_36' title="bbox 294 3255 1976 3337">
    <p class='ocr_par' dir='ltr' id='par_1_36' title="bbox 294 3255 1976 3337">
     <span class='ocr_line' id='line_1_36' title="bbox 294 3255 1976 3337; baseline 0.008 -28"><span class='ocrx_word' id='word_1_284' title='bbox 294 3255 410 3309; x_wconf 82' lang='grc' dir='ltr'><em>ἀπὸ</em></span> <span class='ocrx_word' id='word_1_285' title='bbox 446 3255 536 3311; x_wconf 87' lang='grc' dir='ltr'><em>τοῦ</em></span> <span class='ocrx_word' id='word_1_286' title='bbox 566 3257 788 3329; x_wconf 86' lang='grc' dir='ltr'><em>δρόμου,</em></span> <span class='ocrx_word' id='word_1_287' title='bbox 831 3258 892 3312; x_wconf 82' lang='grc' dir='ltr'><em>τὸ</em></span> <span class='ocrx_word' id='word_1_288' title='bbox 923 3259 998 3324; x_wconf 84' lang='grc' dir='ltr'><em>δὲ,</em></span> <span class='ocrx_word' id='word_1_289' title='bbox 1029 3259 1092 3314; x_wconf 81' lang='grc' dir='ltr'><em>τὸ</em></span> <span class='ocrx_word' id='word_1_290' title='bbox 1142 3261 1488 3333; x_wconf 82' lang='grc' dir='ltr'><em>ὀφειλόμενον</em></span> <span class='ocrx_word' id='word_1_291' title='bbox 1534 3264 1641 3319; x_wconf 80' lang='grc' dir='ltr'><em>ἀπὸ</em></span> <span class='ocrx_word' id='word_1_292' title='bbox 1669 3266 1769 3337; x_wconf 79' lang='grc' dir='ltr'><em>τῆς</em></span> <span class='ocrx_word' id='word_1_293' title='bbox 1795 3267 1976 3322; x_wconf 86' lang='grc' dir='ltr'><em>διακο-</em></span> 
     </span>
    </p>
   </div>
   <div class='ocr_carea' id='block_1_37' title="bbox 292 3343 1975 3426">
    <p class='ocr_par' dir='ltr' id='par_1_37' title="bbox 292 3343 1975 3426">
     <span class='ocr_line' id='line_1_37' title="bbox 292 3343 1975 3426; baseline 0.008 -31"><span class='ocrx_word' id='word_1_294' title='bbox 292 3343 436 3406; x_wconf 82' lang='grc' dir='ltr'><em>νίας.</em></span> <span class='ocrx_word' id='word_1_295' title='bbox 467 3345 723 3409; x_wconf 88' lang='grc' dir='ltr'><em>Διάκονός</em></span> <span class='ocrx_word' id='word_1_296' title='bbox 747 3347 882 3410; x_wconf 78' lang='grc' dir='ltr'><em>εἰμι,</em></span> <span class='ocrx_word' id='word_1_297' title='bbox 916 3346 1081 3417; x_wconf 84' lang='grc' dir='ltr'><em>φησίν</em></span> <span class='ocrx_word' id='word_1_298' title='bbox 1104 3363 1120 3379; x_wconf 84' lang='grc'>⁶</span> <span class='ocrx_word' id='word_1_299' title='bbox 1161 3347 1311 3402; x_wconf 81' lang='grc' dir='ltr'><em>οὐδὲν</em></span> <span class='ocrx_word' id='word_1_300' title='bbox 1339 3350 1501 3403; x_wconf 81' lang='grc' dir='ltr'><em>πλέον</em></span> <span class='ocrx_word' id='word_1_301' title='bbox 1538 3351 1663 3423; x_wconf 78' lang='grc' dir='ltr'><em>ἔχω.</em></span> <span class='ocrx_word' id='word_1_302' title='bbox 1707 3354 1975 3426; x_wconf 87' lang='grc' dir='ltr'><em>Παραμυ-</em></span> 
     </span>
    </p>
   </div>
   <div class='ocr_carea' id='block_1_38' title="bbox 293 3431 1975 3513">
    <p class='ocr_par' dir='ltr' id='par_1_38' title="bbox 293 3431 1975 3513">
     <span class='ocr_line' id='line_1_38' title="bbox 293 3431 1975 3513; baseline 0.007 -28"><span class='ocrx_word' id='word_1_303' title='bbox 293 3431 603 3503; x_wconf 88' lang='grc' dir='ltr'><em>θησάμενος</em></span> <span class='ocrx_word' id='word_1_304' title='bbox 635 3432 691 3485; x_wconf 75' lang='grc' dir='ltr'><em>δὲ</em></span> <span class='ocrx_word' id='word_1_305' title='bbox 722 3434 938 3498; x_wconf 81' lang='grc' dir='ltr'><em>αὐτοὺς,</em></span> <span class='ocrx_word' id='word_1_306' title='bbox 987 3436 1075 3488; x_wconf 89' lang='grc' dir='ltr'><em>’ίνα</em></span> <span class='ocrx_word' id='word_1_307' title='bbox 1128 3435 1202 3508; x_wconf 83' lang='grc' dir='ltr'><em>μὴ</em></span> <span class='ocrx_word' id='word_1_308' title='bbox 1231 3436 1470 3505; x_wconf 86' lang='grc' dir='ltr'><em>ἀλγῶσιν</em></span> <span class='ocrx_word' id='word_1_309' title='bbox 1522 3441 1605 3507; x_wconf 81' lang='grc' dir='ltr'><em>ἐφ’</em></span> <span class='ocrx_word' id='word_1_310' title='bbox 1640 3434 1722 3504; x_wconf 73' lang='grc' dir='ltr'><em>οἷς</em></span> <span class='ocrx_word' id='word_1_311' title='bbox 1778 3443 1975 3513; x_wconf 80' lang='grc' dir='ltr'><em>πάσχει</em></span> 
     </span>
    </p>
   </div>
   <div class='ocr_carea' id='block_1_39' title="bbox 295 3519 1976 3598">
    <p class='ocr_par' dir='ltr' id='par_1_39' title="bbox 295 3519 1976 3598">
     <span class='ocr_line' id='line_1_39' title="bbox 295 3519 1976 3598; baseline 0.006 -25"><span class='ocrx_word' id='word_1_312' title='bbox 295 3519 505 3585; x_wconf 87' lang='grc' dir='ltr'><em>κακῶς,</em></span> <span class='ocrx_word' id='word_1_313' title='bbox 547 3521 642 3575; x_wconf 78' lang='grc' dir='ltr'><em>καὶ</em></span> <span class='ocrx_word' id='word_1_314' title='bbox 670 3520 857 3584; x_wconf 87' lang='grc' dir='ltr'><em>εἰπὼν,</em></span> <span class='ocrx_word' id='word_1_315' title='bbox 882 3523 963 3576; x_wconf 77' lang='grc' dir='ltr'><em>ὅτι</em></span> <span class='ocrx_word' id='word_1_316' title='bbox 996 3523 1134 3594; x_wconf 85' lang='grc' dir='ltr'><em>μετά</em></span> <span class='ocrx_word' id='word_1_317' title='bbox 1163 3526 1337 3595; x_wconf 78' lang='grc' dir='ltr'><em>χαρᾶς</em></span> <span class='ocrx_word' id='word_1_318' title='bbox 1372 3525 1546 3580; x_wconf 88' lang='grc' dir='ltr'><em>ταῦτα</em></span> <span class='ocrx_word' id='word_1_319' title='bbox 1574 3527 1854 3598; x_wconf 89' lang='grc' dir='ltr'><em>ὑπομένει,</em></span> <span class='ocrx_word' id='word_1_320' title='bbox 1882 3532 1976 3583; x_wconf 84' lang='grc' dir='ltr'><em>καὶ</em></span> 
     </span>
    </p>
   </div>
   <div class='ocr_carea' id='block_1_40' title="bbox 291 3609 1975 3684">
    <p class='ocr_par' dir='ltr' id='par_1_40' title="bbox 291 3609 1975 3684">
     <span class='ocr_line' id='line_1_40' title="bbox 291 3609 1975 3684; baseline 0.007 -23"><span class='ocrx_word' id='word_1_321' title='bbox 291 3609 389 3662; x_wconf 84' lang='grc' dir='ltr'><em>τὸν</em></span> <span class='ocrx_word' id='word_1_322' title='bbox 433 3610 644 3680; x_wconf 75' lang='grc' dir='ltr'><em>καρπὸν</em></span> <span class='ocrx_word' id='word_1_323' title='bbox 672 3611 873 3677; x_wconf 80' lang='grc' dir='ltr'><em>δείξας,</em></span> <span class='ocrx_word' id='word_1_324' title='bbox 905 3611 1026 3664; x_wconf 87' lang='grc' dir='ltr'><em>τότε</em></span> <span class='ocrx_word' id='word_1_325' title='bbox 1059 3612 1120 3665; x_wconf 80' lang='grc' dir='ltr'><em>τὸ</em></span> <span class='ocrx_word' id='word_1_326' title='bbox 1153 3612 1396 3684; x_wconf 84' lang='grc' dir='ltr'><em>λυπηρὸν</em></span> <span class='ocrx_word' id='word_1_327' title='bbox 1430 3615 1645 3683; x_wconf 87' lang='grc' dir='ltr'><em>ἐπάγει.</em></span> <span class='ocrx_word' id='word_1_328' title='bbox 1688 3616 1858 3670; x_wconf 85' lang='grc' dir='ltr'><em>Τοῦτο</em></span> <span class='ocrx_word' id='word_1_329' title='bbox 1918 3619 1975 3672; x_wconf 82' lang='grc' dir='ltr'><em>δὲ</em></span> 
     </span>
    </p>
   </div>
   <div class='ocr_carea' id='block_1_41' title="bbox 293 3697 1976 3771">
    <p class='ocr_par' dir='ltr' id='par_1_41' title="bbox 293 3697 1976 3771">
     <span class='ocr_line' id='line_1_41' title="bbox 293 3697 1976 3771; baseline 0.007 -22"><span class='ocrx_word' id='word_1_330' title='bbox 293 3699 459 3759; x_wconf 84' lang='grc' dir='ltr'><em>ποιεῖ,</em></span> <span class='ocrx_word' id='word_1_331' title='bbox 488 3698 574 3751; x_wconf 88' lang='grc' dir='ltr'><em>ῐνα</em></span> <span class='ocrx_word' id='word_1_332' title='bbox 628 3716 702 3769; x_wconf 89' lang='grc' dir='ltr'><em>μη</em></span> <span class='ocrx_word' id='word_1_333' title='bbox 734 3697 1028 3771; x_wconf 82' lang='grc' dir='ltr'><em>καταχώσῃ</em></span> <span class='ocrx_word' id='word_1_334' title='bbox 1078 3699 1260 3754; x_wconf 86' lang='grc' dir='ltr'><em>αὑτῶν</em></span> <span class='ocrx_word' id='word_1_335' title='bbox 1294 3702 1393 3771; x_wconf 78' lang='grc' dir='ltr'><em>τὴν</em></span> <span class='ocrx_word' id='word_1_336' title='bbox 1423 3702 1682 3756; x_wconf 91' lang='grc' dir='ltr'><em>διάνοιαν.</em></span> <span class='ocrx_word' id='word_1_337' title='bbox 1724 3704 1877 3758; x_wconf 86' lang='grc' dir='ltr'><em>Ποῖον</em></span> <span class='ocrx_word' id='word_1_338' title='bbox 1920 3707 1976 3760; x_wconf 81' lang='grc' dir='ltr'><em>δὲ</em></span> 
     </span>
    </p>
   </div>
   <div class='ocr_carea' id='block_1_42' title="bbox 292 3781 1976 3858">
    <p class='ocr_par' dir='ltr' id='par_1_42' title="bbox 292 3781 1976 3858">
     <span class='ocr_line' id='line_1_42' title="bbox 292 3781 1976 3858; baseline 0.008 -23"><span class='ocrx_word' id='word_1_339' title='bbox 292 3781 456 3836; x_wconf 86' lang='grc' dir='ltr'><em>τοῦτό</em></span> <span class='ocrx_word' id='word_1_340' title='bbox 501 3785 650 3849; x_wconf 87' lang='grc' dir='ltr'><em>ἐστι;</em></span> <span class='ocrx_word' id='word_1_341' title='bbox 696 3785 790 3849; x_wconf 87' lang='grc' dir='ltr'><em>Τὸ,</em></span> <span class='ocrx_word' id='word_1_342' title='bbox 830 3787 939 3840; x_wconf 78' lang='grc' dir='ltr'><em>Καὶ</em></span> <span class='ocrx_word' id='word_1_343' title='bbox 973 3787 1043 3851; x_wconf 79' lang='grc' dir='ltr'><em>ἐξ</em></span> <span class='ocrx_word' id='word_1_344' title='bbox 1077 3788 1241 3856; x_wconf 84' lang='grc' dir='ltr'><em>ὑμῶν</em></span> <span class='ocrx_word' id='word_1_345' title='bbox 1282 3787 1481 3843; x_wconf 80' lang='grc' dir='ltr'><em>αὐτῶν</em></span> <span class='ocrx_word' id='word_1_346' title='bbox 1524 3789 1976 3858; x_wconf 79' lang='grc' dir='ltr'><em>ἀναστήσονται</em></span> 
     </span>
    </p>
   </div>
   <div class='ocr_carea' id='block_1_43' title="bbox 290 3870 1976 3948">
    <p class='ocr_par' dir='ltr' id='par_1_43' title="bbox 290 3870 1976 3948">
     <span class='ocr_line' id='line_1_43' title="bbox 290 3870 1976 3948; baseline 0.006 -23"><span class='ocrx_word' id='word_1_347' title='bbox 290 3870 514 3941; x_wconf 75' lang='grc' dir='ltr'><em>ἄνδρες</em></span> <span class='ocrx_word' id='word_1_348' title='bbox 556 3872 893 3940; x_wconf 71' lang='grc' dir='ltr'><em>λαλοῦντες</em></span> <span class='ocrx_word' id='word_1_349' title='bbox 945 3873 1404 3946; x_wconf 81' lang='grc' dir='ltr'><em>διεστραμμένα.</em></span> <span class='ocrx_word' id='word_1_350' title='bbox 1452 3878 1517 3931; x_wconf 93' lang='grc' dir='ltr'><em>Τί</em></span> <span class='ocrx_word' id='word_1_351' title='bbox 1551 3875 1666 3942; x_wconf 84' lang='grc' dir='ltr'><em>οῦν,</em></span> <span class='ocrx_word' id='word_1_352' title='bbox 1703 3880 1846 3933; x_wconf 82' lang='grc' dir='ltr'><em>εἴποι</em></span> <span class='ocrx_word' id='word_1_353' title='bbox 1892 3901 1976 3948; x_wconf 86' lang='grc' dir='ltr'><em>τις</em></span> 
     </span>
    </p>
   </div>
   <div class='ocr_carea' id='block_1_44' title="bbox 293 3959 1976 4041">
    <p class='ocr_par' dir='ltr' id='par_1_44' title="bbox 293 3959 1976 4041">
     <span class='ocr_line' id='line_1_44' title="bbox 293 3959 1976 4041; baseline 0.007 -28"><span class='ocrx_word' id='word_1_354' title='bbox 293 3959 387 4026; x_wconf 75' lang='grc' dir='ltr'><em>ἂν,</em></span> <span class='ocrx_word' id='word_1_355' title='bbox 428 3960 683 4015; x_wconf 87' lang='grc' dir='ltr'><em>τοσοῦτον</em></span> <span class='ocrx_word' id='word_1_356' title='bbox 710 3962 905 4017; x_wconf 86' lang='grc' dir='ltr'><em>σαυτὸν</em></span> <span class='ocrx_word' id='word_1_357' title='bbox 938 3965 1070 4035; x_wconf 82' lang='grc' dir='ltr'><em>ἡγῇ,</em></span> <span class='ocrx_word' id='word_1_358' title='bbox 1095 3966 1207 4026; x_wconf 73' lang='grc' dir='ltr'><em>καὶ,</em></span> <span class='ocrx_word' id='word_1_359' title='bbox 1244 3965 1310 4019; x_wconf 80' lang='grc' dir='ltr'><em>ἂν</em></span> <span class='ocrx_word' id='word_1_360' title='bbox 1340 3965 1606 4039; x_wconf 77' lang='grc' dir='ltr'><em>ἀπέλθῃς,</em></span> <span class='ocrx_word' id='word_1_361' title='bbox 1638 3968 1976 4041; x_wconf 82' lang='grc' dir='ltr'><em>ἀποθνήσκο-</em></span> 
     </span>
    </p>
   </div>
   <div class='ocr_carea' id='block_1_45' title="bbox 297 4048 1976 4125">
    <p class='ocr_par' dir='ltr' id='par_1_45' title="bbox 297 4048 1976 4125">
     <span class='ocr_line' id='line_1_45' title="bbox 297 4048 1976 4125; baseline 0.007 -25"><span class='ocrx_word' id='word_1_362' title='bbox 297 4065 435 4118; x_wconf 84' lang='grc' dir='ltr'><em>μεν;</em></span> <span class='ocrx_word' id='word_1_363' title='bbox 472 4048 546 4101; x_wconf 89' lang='grc' dir='ltr'><em>Οὑ</em></span> <span class='ocrx_word' id='word_1_364' title='bbox 578 4048 739 4103; x_wconf 87' lang='grc' dir='ltr'><em>τοῦτο</em></span> <span class='ocrx_word' id='word_1_365' title='bbox 765 4048 932 4119; x_wconf 86' lang='grc' dir='ltr'><em>λέγω,</em></span> <span class='ocrx_word' id='word_1_366' title='bbox 960 4052 1146 4121; x_wconf 74' lang='grc' dir='ltr'><em>φησὶν,</em></span> <span class='ocrx_word' id='word_1_367' title='bbox 1188 4052 1270 4106; x_wconf 89' lang='grc' dir='ltr'><em>ὄτι</em></span> <span class='ocrx_word' id='word_1_368' title='bbox 1320 4054 1352 4124; x_wconf 88' lang='grc' dir='ltr'><em>ἡ</em></span> <span class='ocrx_word' id='word_1_369' title='bbox 1395 4054 1501 4125; x_wconf 88' lang='grc' dir='ltr'><em>ἐμὴ</em></span> <span class='ocrx_word' id='word_1_370' title='bbox 1551 4056 1785 4110; x_wconf 83' lang='grc' dir='ltr'><em>ἀπουσία</em></span> <span class='ocrx_word' id='word_1_371' title='bbox 1819 4058 1976 4111; x_wconf 87' lang='grc' dir='ltr'><em>τοῦτο</em></span> 
     </span>
    </p>
   </div>
   <div class='ocr_carea' id='block_1_46' title="bbox 295 4137 1975 4217">
    <p class='ocr_par' dir='ltr' id='par_1_46' title="bbox 295 4137 1975 4217">
     <span class='ocr_line' id='line_1_46' title="bbox 295 4137 1975 4217; baseline 0.006 -26"><span class='ocrx_word' id='word_1_372' title='bbox 295 4140 475 4192; x_wconf 80' lang='grc' dir='ltr'><em>ποιεῖ·</em></span> <span class='ocrx_word' id='word_1_373' title='bbox 511 4137 648 4192; x_wconf 86' lang='grc' dir='ltr'><em>ἀλλά</em></span> <span class='ocrx_word' id='word_1_374' title='bbox 690 4139 775 4204; x_wconf 90' lang='grc' dir='ltr'><em>τί;</em></span> <span class='ocrx_word' id='word_1_375' title='bbox 824 4138 943 4192; x_wconf 83' lang='grc' dir='ltr'><em>Ὅτι</em></span> <span class='ocrx_word' id='word_1_376' title='bbox 970 4141 1439 4214; x_wconf 78' lang='grc' dir='ltr'><em>ἐπαναστήσονταί</em></span> <span class='ocrx_word' id='word_1_377' title='bbox 1486 4161 1630 4207; x_wconf 90' lang='grc' dir='ltr'><em>τινες</em></span> <span class='ocrx_word' id='word_1_378' title='bbox 1658 4144 1805 4217; x_wconf 89' lang='grc' dir='ltr'><em>ὑμῖν.</em></span> <span class='ocrx_word' id='word_1_379' title='bbox 1862 4149 1975 4201; x_wconf 88' lang='grc' dir='ltr'><em>Οὑκ</em></span> 
     </span>
    </p>
   </div>
   <div class='ocr_carea' id='block_1_47' title="bbox 295 4220 1971 4303">
    <p class='ocr_par' dir='ltr' id='par_1_47' title="bbox 295 4220 1971 4303">
     <span class='ocr_line' id='line_1_47' title="bbox 295 4220 1971 4303; baseline 0.007 -27"><span class='ocrx_word' id='word_1_380' title='bbox 295 4220 440 4286; x_wconf 82' lang='grc' dir='ltr'><em>εἶπε,</em></span> <span class='ocrx_word' id='word_1_381' title='bbox 475 4224 574 4278; x_wconf 88' lang='grc' dir='ltr'><em>Διά</em></span> <span class='ocrx_word' id='word_1_382' title='bbox 594 4226 692 4295; x_wconf 84' lang='grc' dir='ltr'><em>τὴν</em></span> <span class='ocrx_word' id='word_1_383' title='bbox 715 4225 897 4295; x_wconf 80' lang='grc' dir='ltr'><em>ἄφιξίν</em></span> <span class='ocrx_word' id='word_1_384' title='bbox 929 4244 1062 4297; x_wconf 80' lang='grc' dir='ltr'><em>μου’</em></span> <span class='ocrx_word' id='word_1_385' title='bbox 1098 4228 1255 4291; x_wconf 79' lang='grc' dir='ltr'><em>ἀλλά,</em></span> <span class='ocrx_word' id='word_1_386' title='bbox 1291 4230 1448 4283; x_wconf 83' lang='grc' dir='ltr'><em>Μετὰ</em></span> <span class='ocrx_word' id='word_1_387' title='bbox 1470 4230 1585 4298; x_wconf 77' lang='grc' dir='ltr'><em>τὴν</em></span> <span class='ocrx_word' id='word_1_388' title='bbox 1608 4231 1816 4301; x_wconf 69' lang='grc' dir='ltr'><em>ἄφιξίν</em></span> <span class='ocrx_word' id='word_1_389' title='bbox 1831 4251 1971 4303; x_wconf 75' lang='grc' dir='ltr'><em>μουο</em></span> 
     </span>
    </p>
   </div>
   <div class='ocr_carea' id='block_1_48' title="bbox 293 4313 1971 4390">
    <p class='ocr_par' dir='ltr' id='par_1_48' title="bbox 293 4313 1971 4390">
     <span class='ocr_line' id='line_1_48' title="bbox 293 4313 1971 4390; baseline 0.006 -25"><span class='ocrx_word' id='word_1_390' title='bbox 293 4313 565 4378; x_wconf 83' lang='grc' dir='ltr'><em>τουτέστι,</em></span> <span class='ocrx_word' id='word_1_391' title='bbox 594 4314 692 4383; x_wconf 84' lang='grc' dir='ltr'><em>τὴν</em></span> <span class='ocrx_word' id='word_1_392' title='bbox 717 4314 1025 4386; x_wconf 86' lang='grc' dir='ltr'><em>ἀποδημίαν</em></span> <span class='ocrx_word' id='word_1_393' title='bbox 1045 4333 1059 4347; x_wconf 87' lang='grc'><strong>·</strong></span> <span class='ocrx_word' id='word_1_394' title='bbox 1101 4317 1274 4370; x_wconf 88' lang='grc' dir='ltr'><em>καίτοι</em></span> <span class='ocrx_word' id='word_1_395' title='bbox 1301 4318 1393 4371; x_wconf 73' lang='grc' dir='ltr'><em>καὶ</em></span> <span class='ocrx_word' id='word_1_396' title='bbox 1433 4319 1533 4390; x_wconf 75' lang='grc' dir='ltr'><em>ἤδη</em></span> <span class='ocrx_word' id='word_1_397' title='bbox 1564 4321 1753 4388; x_wconf 88' lang='grc' dir='ltr'><em>γέγονε</em></span> <span class='ocrx_word' id='word_1_398' title='bbox 1781 4321 1940 4375; x_wconf 86' lang='grc' dir='ltr'><em>τοῦτο</em></span> <span class='ocrx_word' id='word_1_399' title='bbox 1958 4340 1971 4352; x_wconf 86' lang='grc'><strong>·</strong></span> 
     </span>
    </p>
   </div>
   <div class='ocr_carea' id='block_1_49' title="bbox 295 4399 1970 4479">
    <p class='ocr_par' dir='ltr' id='par_1_49' title="bbox 295 4399 1970 4479">
     <span class='ocr_line' id='line_1_49' title="bbox 295 4399 1970 4479; baseline 0.007 -28"><span class='ocrx_word' id='word_1_400' title='bbox 295 4401 347 4451; x_wconf 85' lang='grc' dir='ltr'><em>εί</em></span> <span class='ocrx_word' id='word_1_401' title='bbox 396 4399 454 4452; x_wconf 82' lang='grc' dir='ltr'><em>δὲ</em></span> <span class='ocrx_word' id='word_1_402' title='bbox 492 4400 705 4470; x_wconf 89' lang='grc' dir='ltr'><em>γέγονε,</em></span> <span class='ocrx_word' id='word_1_403' title='bbox 764 4400 943 4473; x_wconf 81' lang='grc' dir='ltr'><em>πολλῷ</em></span> <span class='ocrx_word' id='word_1_404' title='bbox 1001 4403 1201 4473; x_wconf 80' lang='grc' dir='ltr'><em>μᾶλλον</em></span> <span class='ocrx_word' id='word_1_405' title='bbox 1257 4405 1393 4475; x_wconf 87' lang='grc' dir='ltr'><em>μετά</em></span> <span class='ocrx_word' id='word_1_406' title='bbox 1430 4405 1604 4459; x_wconf 88' lang='grc' dir='ltr'><em>ταῦτα</em></span> <span class='ocrx_word' id='word_1_407' title='bbox 1659 4409 1970 4479; x_wconf 81' lang='grc' dir='ltr'><em>γενήσεται.</em></span> 
     </span>
    </p>
   </div>
   <div class='ocr_carea' id='block_1_50' title="bbox 298 4480 1974 4561">
    <p class='ocr_par' dir='ltr' id='par_1_50' title="bbox 298 4480 1974 4561">
     <span class='ocr_line' id='line_1_50' title="bbox 298 4480 1974 4561; baseline 0.006 -22"><span class='ocrx_word' id='word_1_408' title='bbox 298 4480 436 4540; x_wconf 75' lang='grc' dir='ltr'><em>Εἶτα</em></span> <span class='ocrx_word' id='word_1_409' title='bbox 469 4486 620 4557; x_wconf 85' lang='grc' dir='ltr'><em>καὶὴ</em></span> <span class='ocrx_word' id='word_1_410' title='bbox 651 4487 818 4554; x_wconf 87' lang='grc' dir='ltr'><em>αίτία,</em></span> <span class='ocrx_word' id='word_1_411' title='bbox 850 4489 960 4543; x_wconf 86' lang='grc' dir='ltr'><em>Τοῦ</em></span> <span class='ocrx_word' id='word_1_412' title='bbox 986 4487 1277 4558; x_wconf 82' lang='grc' dir='ltr'><em>ἀποσπᾷν</em></span> <span class='ocrx_word' id='word_1_413' title='bbox 1302 4490 1443 4558; x_wconf 87' lang='grc' dir='ltr'><em>τοὺς</em></span> <span class='ocrx_word' id='word_1_414' title='bbox 1476 4493 1749 4561; x_wconf 84' lang='grc' dir='ltr'><em>μαθητὰς</em></span> <span class='ocrx_word' id='word_1_415' title='bbox 1780 4496 1974 4549; x_wconf 80' lang='grc' dir='ltr'><em>ὀπίσω</em></span> 
     </span>
    </p>
   </div>
   <div class='ocr_carea' id='block_1_51' title="bbox 295 4569 1967 4652">
    <p class='ocr_par' dir='ltr' id='par_1_51' title="bbox 295 4569 1967 4652">
     <span class='ocr_line' id='line_1_51' title="bbox 295 4569 1967 4652; baseline 0.008 -29"><span class='ocrx_word' id='word_1_416' title='bbox 295 4569 517 4625; x_wconf 85' lang='grc' dir='ltr'><em>αὐτῶν.</em></span> <span class='ocrx_word' id='word_1_417' title='bbox 538 4572 704 4626; x_wconf 81' lang='grc' dir='ltr'><em>Ὥστε</em></span> <span class='ocrx_word' id='word_1_418' title='bbox 738 4574 805 4628; x_wconf 85' lang='grc' dir='ltr'><em>δι’</em></span> <span class='ocrx_word' id='word_1_419' title='bbox 833 4576 986 4630; x_wconf 80' lang='grc' dir='ltr'><em>οὐδὲν</em></span> <span class='ocrx_word' id='word_1_420' title='bbox 1007 4577 1195 4648; x_wconf 74' lang='grc' dir='ltr'><em>ἕτερον</em></span> <span class='ocrx_word' id='word_1_421' title='bbox 1229 4580 1282 4631; x_wconf 79' lang='grc' dir='ltr'><em>αἱ</em></span> <span class='ocrx_word' id='word_1_422' title='bbox 1313 4579 1574 4649; x_wconf 76' lang='grc' dir='ltr'><em>αἱρέσεις,</em></span> <span class='ocrx_word' id='word_1_423' title='bbox 1613 4580 1646 4652; x_wconf 84' lang='grc' dir='ltr'>ἧ</span> <span class='ocrx_word' id='word_1_424' title='bbox 1671 4581 1759 4635; x_wconf 87' lang='grc' dir='ltr'><em>διὰ</em></span> <span class='ocrx_word' id='word_1_425' title='bbox 1790 4581 1967 4639; x_wconf 85' lang='grc' dir='ltr'><em>τοῦτο.</em></span> 
     </span>
    </p>
   </div>
   <div class='ocr_carea' id='block_1_52' title="bbox 298 4654 1973 4741">
    <p class='ocr_par' dir='ltr' id='par_1_52' title="bbox 298 4654 1973 4741">
     <span class='ocr_line' id='line_1_52' title="bbox 298 4654 1973 4741; baseline 0.01 -31"><span class='ocrx_word' id='word_1_426' title='bbox 298 4654 430 4713; x_wconf 78' lang='grc' dir='ltr'><em>Εἶτα</em></span> <span class='ocrx_word' id='word_1_427' title='bbox 454 4659 549 4713; x_wconf 73' lang='grc' dir='ltr'><em>καὶ</em></span> <span class='ocrx_word' id='word_1_428' title='bbox 586 4662 941 4733; x_wconf 73' lang='grc' dir='ltr'><em>παραμυθία·</em></span> <span class='ocrx_word' id='word_1_429' title='bbox 993 4666 1099 4719; x_wconf 82' lang='grc' dir='ltr'><em>Ἦν</em></span> <span class='ocrx_word' id='word_1_430' title='bbox 1147 4666 1631 4734; x_wconf 78' lang='grc' dir='ltr'><em>περιεποιήσατο,</em></span> <span class='ocrx_word' id='word_1_431' title='bbox 1687 4672 1841 4741; x_wconf 79' lang='grc' dir='ltr'><em>φησὶ,</em></span> <span class='ocrx_word' id='word_1_432' title='bbox 1876 4674 1973 4727; x_wconf 82' lang='grc' dir='ltr'><em>διὰ</em></span> 
     </span>
    </p>
   </div>
   <div class='ocr_carea' id='block_1_53' title="bbox 301 4745 1969 4829">
    <p class='ocr_par' dir='ltr' id='par_1_53' title="bbox 301 4745 1969 4829">
     <span class='ocr_line' id='line_1_53' title="bbox 301 4745 1969 4829; baseline 0.011 -33"><span class='ocrx_word' id='word_1_433' title='bbox 301 4745 405 4798; x_wconf 88' lang='grc' dir='ltr'><em>τοῦ</em></span> <span class='ocrx_word' id='word_1_434' title='bbox 429 4746 582 4800; x_wconf 82' lang='grc' dir='ltr'><em>ίδίου</em></span> <span class='ocrx_word' id='word_1_435' title='bbox 603 4749 872 4820; x_wconf 74' lang='grc' dir='ltr'><em>αζματος.</em></span> <span class='ocrx_word' id='word_1_436' title='bbox 895 4751 960 4805; x_wconf 90' lang='grc' dir='ltr'><em>Εί</em></span> <span class='ocrx_word' id='word_1_437' title='bbox 986 4750 1042 4805; x_wconf 86' lang='grc' dir='ltr'><em>δέ</em></span> <span class='ocrx_word' id='word_1_438' title='bbox 1063 4752 1141 4823; x_wconf 85' lang='grc' dir='ltr'><em>τῷ</em></span> <span class='ocrx_word' id='word_1_439' title='bbox 1163 4753 1277 4824; x_wconf 77' lang='grc' dir='ltr'><em>ἰδίῳ</em></span> <span class='ocrx_word' id='word_1_440' title='bbox 1299 4754 1491 4825; x_wconf 77' lang='grc' dir='ltr'><em>αἵματι</em></span> <span class='ocrx_word' id='word_1_441' title='bbox 1521 4760 1969 4829; x_wconf 83' lang='grc' dir='ltr'><em>περιεποιήσατο,</em></span> 
     </span>
    </p>
   </div>
   <div class='ocr_carea' id='block_1_54' title="bbox 306 4834 1973 4921">
    <p class='ocr_par' dir='ltr' id='par_1_54' title="bbox 306 4834 1973 4921">
     <span class='ocr_line' id='line_1_54' title="bbox 306 4834 1973 4921; baseline 0.011 -37"><span class='ocrx_word' id='word_1_442' title='bbox 306 4834 666 4921; x_wconf 75' lang='grc' dir='ltr'><em>προστήσεται</em></span> <span class='ocrx_word' id='word_1_443' title='bbox 720 4838 956 4902; x_wconf 83' lang='grc' dir='ltr'><em>πάντως.</em></span> <span class='ocrx_word' id='word_1_444' title='bbox 996 4842 1219 4905; x_wconf 84' lang='grc' dir='ltr'><em>Νύκτα,</em></span> <span class='ocrx_word' id='word_1_445' title='bbox 1271 4843 1425 4921; x_wconf 76' lang='grc' dir='ltr'><em>φησὶ,</em></span> <span class='ocrx_word' id='word_1_446' title='bbox 1466 4842 1563 4898; x_wconf 82' lang='grc' dir='ltr'><em>καί</em></span> <span class='ocrx_word' id='word_1_447' title='bbox 1603 4845 1832 4915; x_wconf 76' lang='grc' dir='ltr'><em>ἡμέραν</em></span> <span class='ocrx_word' id='word_1_448' title='bbox 1860 4851 1973 4903; x_wconf 85' lang='grc' dir='ltr'><em>οὐκ</em></span> 
     </span>
    </p>
   </div>
   <div class='ocr_carea' id='block_1_55' title="bbox 302 4917 1973 5009">
    <p class='ocr_par' dir='ltr' id='par_1_55' title="bbox 302 4917 1973 5009">
     <span class='ocr_line' id='line_1_55' title="bbox 302 4917 1973 5009; baseline 0.013 -40"><span class='ocrx_word' id='word_1_449' title='bbox 302 4917 655 5009; x_wconf 62' lang='grc' dir='ltr'><em>ἐπαυσάμην</em></span> <span class='ocrx_word' id='word_1_450' title='bbox 704 4924 855 4994; x_wconf 81' lang='grc' dir='ltr'><em>μετὰ</em></span> <span class='ocrx_word' id='word_1_451' title='bbox 909 4926 1185 4995; x_wconf 80' lang='grc' dir='ltr'><em>δακρύων</em></span> <span class='ocrx_word' id='word_1_452' title='bbox 1237 4917 1555 4987; x_wconf 70' lang='grc' dir='ltr'><em>νουθετῶν.</em></span> <span class='ocrx_word' id='word_1_453' title='bbox 1613 4933 1796 4989; x_wconf 90' lang='grc' dir='ltr'><em>Ταῦτα</em></span> <span class='ocrx_word' id='word_1_454' title='bbox 1837 4936 1973 5009; x_wconf 74' lang='grc' dir='ltr'><em>πρὸς</em></span> 
     </span>
    </p>
   </div>
   <div class='ocr_carea' id='block_1_56' title="bbox 298 5005 1970 5088">
    <p class='ocr_par' dir='ltr' id='par_1_56' title="bbox 298 5005 1970 5088">
     <span class='ocr_line' id='line_1_56' title="bbox 298 5005 1970 5088; baseline 0.014 -32"><span class='ocrx_word' id='word_1_455' title='bbox 298 5005 450 5075; x_wconf 81' lang='grc' dir='ltr'><em>ἡμᾶς</em></span> <span class='ocrx_word' id='word_1_456' title='bbox 478 5007 696 5074; x_wconf 74' lang='grc' dir='ltr'><em>εἰκότως</em></span> <span class='ocrx_word' id='word_1_457' title='bbox 726 5013 794 5066; x_wconf 81' lang='grc' dir='ltr'><em>ἂν</em></span> <span class='ocrx_word' id='word_1_458' title='bbox 819 5013 1059 5083; x_wconf 69' lang='grc' dir='ltr'><em>λέγοιτο*</em></span> <span class='ocrx_word' id='word_1_459' title='bbox 1115 5016 1209 5068; x_wconf 76' lang='grc' dir='ltr'><em>καὶ</em></span> <span class='ocrx_word' id='word_1_460' title='bbox 1239 5016 1388 5071; x_wconf 89' lang='grc' dir='ltr'><em>δοκεῖ</em></span> <span class='ocrx_word' id='word_1_461' title='bbox 1417 5018 1516 5088; x_wconf 86' lang='grc' dir='ltr'><em>μὲν</em></span> <span class='ocrx_word' id='word_1_462' title='bbox 1543 5014 1680 5075; x_wconf 82' lang='grc' dir='ltr'><em>εἶναι</em></span> <span class='ocrx_word' id='word_1_463' title='bbox 1725 5005 1907 5086; x_wconf 77' lang='grc' dir='ltr'><em>ίδικῶς</em></span> <span class='ocrx_word' id='word_1_464' title='bbox 1941 5022 1970 5062; x_wconf 69' lang='grc' dir='ltr'><em>δ</em></span> 
     </span>
    </p>
   </div>
   <div class='ocr_carea' id='block_1_57' title="bbox 297 5093 1971 5182">
    <p class='ocr_par' dir='ltr' id='par_1_57' title="bbox 297 5093 1971 5182">
     <span class='ocr_line' id='line_1_57' title="bbox 297 5093 1971 5182; baseline 0.011 -37"><span class='ocrx_word' id='word_1_465' title='bbox 297 5093 589 5177; x_wconf 19' lang='grc' dir='ltr'><em>πρδςιτοὺς</em></span> <span class='ocrx_word' id='word_1_466' title='bbox 618 5097 974 5165; x_wconf 79' lang='grc' dir='ltr'><em>διδασκάλους</em></span> <span class='ocrx_word' id='word_1_467' title='bbox 1002 5104 1031 5156; x_wconf 98' lang='lat'><em>0</em></span> <span class='ocrx_word' id='word_1_468' title='bbox 1059 5101 1236 5171; x_wconf 87' lang='grc' dir='ltr'><em>λόγος,</em></span> <span class='ocrx_word' id='word_1_469' title='bbox 1268 5103 1383 5158; x_wconf 76' lang='grc' dir='ltr'><em>ἔστι</em></span> <span class='ocrx_word' id='word_1_470' title='bbox 1416 5105 1473 5158; x_wconf 86' lang='grc' dir='ltr'><em>δέ</em></span> <span class='ocrx_word' id='word_1_471' title='bbox 1506 5108 1682 5173; x_wconf 84' lang='grc' dir='ltr'><em>κοινὸς</em></span> <span class='ocrx_word' id='word_1_472' title='bbox 1708 5110 1802 5164; x_wconf 74' lang='grc' dir='ltr'><em>καὶ</em></span> <span class='ocrx_word' id='word_1_473' title='bbox 1834 5111 1971 5182; x_wconf 77' lang='grc' dir='ltr'><em>πρὸς</em></span> 
     </span>
    </p>
   </div>
   <div class='ocr_carea' id='block_1_58' title="bbox 293 5181 1970 5268">
    <p class='ocr_par' dir='ltr' id='par_1_58' title="bbox 293 5181 1970 5268">
     <span class='ocr_line' id='line_1_58' title="bbox 293 5181 1970 5268; baseline 0.013 -35"><span class='ocrx_word' id='word_1_474' title='bbox 293 5181 420 5246; x_wconf 81' lang='lat'><strong>106;</strong></span> <span class='ocrx_word' id='word_1_475' title='bbox 460 5182 729 5256; x_wconf 85' lang='grc' dir='ltr'><em>μαθητάς.</em></span> <span class='ocrx_word' id='word_1_476' title='bbox 759 5186 825 5240; x_wconf 89' lang='grc' dir='ltr'><em>Τί</em></span> <span class='ocrx_word' id='word_1_477' title='bbox 855 5188 985 5259; x_wconf 85' lang='grc' dir='ltr'><em>γὰρ,</em></span> <span class='ocrx_word' id='word_1_478' title='bbox 1022 5188 1089 5242; x_wconf 82' lang='grc' dir='ltr'><em>ἂν</em></span> <span class='ocrx_word' id='word_1_479' title='bbox 1112 5190 1224 5260; x_wconf 86' lang='grc' dir='ltr'><em>ἐγὼ</em></span> <span class='ocrx_word' id='word_1_480' title='bbox 1253 5192 1355 5263; x_wconf 80' lang='grc' dir='ltr'><em>μὲν</em></span> <span class='ocrx_word' id='word_1_481' title='bbox 1378 5192 1522 5263; x_wconf 91' lang='grc' dir='ltr'><em>λέγω</em></span> <span class='ocrx_word' id='word_1_482' title='bbox 1547 5196 1642 5250; x_wconf 80' lang='grc' dir='ltr'><em>καὶ</em></span> <span class='ocrx_word' id='word_1_483' title='bbox 1668 5181 1970 5268; x_wconf 81' lang='grc' dir='ltr'><em>παρακαλῶ</em></span> 
     </span>
    </p>
   </div>
   <div class='ocr_carea' id='block_1_59' title="bbox 295 5268 1969 5356">
    <p class='ocr_par' dir='ltr' id='par_1_59' title="bbox 295 5268 1969 5356">
     <span class='ocr_line' id='line_1_59' title="bbox 295 5268 1969 5356; baseline 0.011 -34"><span class='ocrx_word' id='word_1_484' title='bbox 295 5268 390 5356; x_wconf 77' lang='grc' dir='ltr'><em>καὶ</em></span> <span class='ocrx_word' id='word_1_485' title='bbox 420 5268 642 5343; x_wconf 88' lang='grc' dir='ltr'><em>δακρύω</em></span> <span class='ocrx_word' id='word_1_486' title='bbox 688 5273 859 5328; x_wconf 83' lang='grc' dir='ltr'><em>νύκτα</em></span> <span class='ocrx_word' id='word_1_487' title='bbox 892 5276 987 5329; x_wconf 76' lang='grc' dir='ltr'><em>καὶ</em></span> <span class='ocrx_word' id='word_1_488' title='bbox 1019 5277 1256 5349; x_wconf 78' lang='grc' dir='ltr'><em>ἡμέραν,</em></span> <span class='ocrx_word' id='word_1_489' title='bbox 1292 5282 1321 5333; x_wconf 89' lang='lat'><em>0</em></span> <span class='ocrx_word' id='word_1_490' title='bbox 1348 5280 1405 5333; x_wconf 87' lang='grc' dir='ltr'><em>δέ</em></span> <span class='ocrx_word' id='word_1_491' title='bbox 1436 5281 1685 5354; x_wconf 84' lang='grc' dir='ltr'><em>μαθητὴς</em></span> <span class='ocrx_word' id='word_1_492' title='bbox 1732 5286 1807 5356; x_wconf 85' lang='grc' dir='ltr'><em>μὴ</em></span> <span class='ocrx_word' id='word_1_493' title='bbox 1848 5288 1969 5341; x_wconf 89' lang='grc' dir='ltr'><em>πεί-</em></span> 
     </span>
    </p>
   </div>
   <div class='ocr_carea' id='block_1_60' title="bbox 294 5354 1970 5439">
    <p class='ocr_par' dir='ltr' id='par_1_60' title="bbox 294 5354 1970 5439">
     <span class='ocr_line' id='line_1_60' title="bbox 294 5354 1970 5439; baseline 0.012 -30"><span class='ocrx_word' id='word_1_494' title='bbox 294 5354 484 5427; x_wconf 86' lang='grc' dir='ltr'><em>θηται;</em></span> <span class='ocrx_word' id='word_1_495' title='bbox 512 5356 632 5413; x_wconf 87' lang='grc' dir='ltr'><em>Ἵνα</em></span> <span class='ocrx_word' id='word_1_496' title='bbox 663 5360 773 5432; x_wconf 79' lang='grc' dir='ltr'><em>γὰρ</em></span> <span class='ocrx_word' id='word_1_497' title='bbox 823 5361 899 5435; x_wconf 84' lang='grc' dir='ltr'><em>μὴ</em></span> <span class='ocrx_word' id='word_1_498' title='bbox 923 5364 1121 5437; x_wconf 86' lang='grc' dir='ltr'><em>νομίσῃ</em></span> <span class='ocrx_word' id='word_1_499' title='bbox 1149 5382 1233 5429; x_wconf 89' lang='grc' dir='ltr'><em>τις</em></span> <span class='ocrx_word' id='word_1_500' title='bbox 1257 5366 1414 5421; x_wconf 89' lang='grc' dir='ltr'><em>τοῦτο</em></span> <span class='ocrx_word' id='word_1_501' title='bbox 1442 5369 1633 5439; x_wconf 86' lang='grc' dir='ltr'><em>ἀρκεῖν</em></span> <span class='ocrx_word' id='word_1_502' title='bbox 1662 5354 1741 5436; x_wconf 84' lang='grc' dir='ltr'><em>είς</em></span> <span class='ocrx_word' id='word_1_503' title='bbox 1774 5354 1970 5429; x_wconf 76' lang='grc' dir='ltr'><em>ἀπολοο</em></span> 
     </span>
    </p>
   </div>
   <div class='ocr_carea' id='block_1_61' title="bbox 292 5443 1966 5530">
    <p class='ocr_par' dir='ltr' id='par_1_61' title="bbox 292 5443 1966 5530">
     <span class='ocr_line' id='line_1_61' title="bbox 292 5443 1966 5530; baseline 0.011 -32"><span class='ocrx_word' id='word_1_504' title='bbox 292 5444 437 5514; x_wconf 87' lang='grc' dir='ltr'><em>γίαν,</em></span> <span class='ocrx_word' id='word_1_505' title='bbox 479 5445 544 5500; x_wconf 74' lang='lat'><em>10</em></span> <span class='ocrx_word' id='word_1_506' title='bbox 585 5443 726 5503; x_wconf 82' lang='grc' dir='ltr'><em>εἶναι</em></span> <span class='ocrx_word' id='word_1_507' title='bbox 777 5450 1042 5523; x_wconf 80' lang='grc' dir='ltr'><em>μαθητὴν,</em></span> <span class='ocrx_word' id='word_1_508' title='bbox 1076 5452 1169 5507; x_wconf 77' lang='grc' dir='ltr'><em>καὶ</em></span> <span class='ocrx_word' id='word_1_509' title='bbox 1220 5454 1295 5526; x_wconf 77' lang='grc' dir='ltr'><em>μὴ</em></span> <span class='ocrx_word' id='word_1_510' title='bbox 1339 5455 1605 5524; x_wconf 82' lang='grc' dir='ltr'><em>ὑπείκειν,</em></span> <span class='ocrx_word' id='word_1_511' title='bbox 1651 5459 1740 5514; x_wconf 84' lang='grc' dir='ltr'><em>διά</em></span> <span class='ocrx_word' id='word_1_512' title='bbox 1788 5463 1966 5530; x_wconf 89' lang='grc' dir='ltr'><em>τοῦτο,</em></span> 
     </span>
    </p>
   </div>
   <div class='ocr_carea' id='block_1_62' title="bbox 293 5533 1967 5624">
    <p class='ocr_par' dir='ltr' id='par_1_62' title="bbox 293 5533 1967 5624">
     <span class='ocr_line' id='line_1_62' title="bbox 293 5533 1967 5624; baseline 0.013 -38"><span class='ocrx_word' id='word_1_513' title='bbox 293 5533 767 5624; x_wconf 67' lang='grc' dir='ltr'><em>Διαμαρτύρομαι,</em></span> <span class='ocrx_word' id='word_1_514' title='bbox 783 5537 974 5605; x_wconf 86' lang='grc' dir='ltr'><em>εἰπὼν,</em></span> <span class='ocrx_word' id='word_1_515' title='bbox 997 5543 1295 5612; x_wconf 78' lang='grc' dir='ltr'><em>ἐπήγαγεν⁸</em></span> <span class='ocrx_word' id='word_1_516' title='bbox 1331 5544 1405 5596; x_wconf 88' lang='grc' dir='ltr'><em>Οὑ</em></span> <span class='ocrx_word' id='word_1_517' title='bbox 1430 5544 1539 5616; x_wconf 84' lang='grc' dir='ltr'><em>γὰρ</em></span> <span class='ocrx_word' id='word_1_518' title='bbox 1562 5546 1967 5624; x_wconf 82' lang='grc' dir='ltr'><em>ὑπεστειλάμην</em></span> 
     </span>
    </p>
   </div>
   <div class='ocr_carea' id='block_1_63' title="bbox 293 5617 1963 5709">
    <p class='ocr_par' dir='ltr' id='par_1_63' title="bbox 293 5617 1963 5709">
     <span class='ocr_line' id='line_1_63' title="bbox 293 5617 1963 5709; baseline 0.013 -37"><span class='ocrx_word' id='word_1_519' title='bbox 293 5617 387 5709; x_wconf 76' lang='lat'><em>106</em></span> <span class='ocrx_word' id='word_1_520' title='bbox 415 5620 492 5692; x_wconf 84' lang='grc' dir='ltr'><em>μὴ</em></span> <span class='ocrx_word' id='word_1_521' title='bbox 524 5621 844 5709; x_wconf 75' lang='grc' dir='ltr'><em>ἀναγγεῖλαι</em></span> <span class='ocrx_word' id='word_1_522' title='bbox 871 5627 1018 5698; x_wconf 87' lang='grc' dir='ltr'><em>ὑμῖν.</em></span> <span class='ocrx_word' id='word_1_523' title='bbox 1057 5630 1120 5682; x_wconf 76' lang='grc' dir='ltr'><strong>Ἀ</strong></span> <span class='ocrx_word' id='word_1_524' title='bbox 1132 5646 1198 5701; x_wconf 90' lang='grc' dir='ltr'><em>ρα</em></span> <span class='ocrx_word' id='word_1_525' title='bbox 1228 5630 1387 5684; x_wconf 90' lang='grc' dir='ltr'><em>τοῦτο</em></span> <span class='ocrx_word' id='word_1_526' title='bbox 1429 5631 1746 5690; x_wconf 87' lang='grc' dir='ltr'><em>διδασκάλου</em></span> <span class='ocrx_word' id='word_1_527' title='bbox 1783 5617 1963 5709; x_wconf 78' lang='grc' dir='ltr'><em>μόνον,</em></span> 
     </span>
    </p>
   </div>
   <div class='ocr_carea' id='block_1_64' title="bbox 294 5706 1966 5790">
    <p class='ocr_par' dir='ltr' id='par_1_64' title="bbox 294 5706 1966 5790">
     <span class='ocr_line' id='line_1_64' title="bbox 294 5706 1966 5790; baseline 0.013 -31"><span class='ocrx_word' id='word_1_528' title='bbox 294 5706 632 5777; x_wconf 80' lang='grc' dir='ltr'><em>ἀναγγεῖλαι,</em></span> <span class='ocrx_word' id='word_1_529' title='bbox 660 5710 914 5783; x_wconf 78' lang='grc' dir='ltr'><em>κηρῦξαι,</em></span> <span class='ocrx_word' id='word_1_530' title='bbox 947 5713 1175 5780; x_wconf 84' lang='grc' dir='ltr'><em>διδάξαι,</em></span> <span class='ocrx_word' id='word_1_531' title='bbox 1211 5716 1286 5789; x_wconf 80' lang='grc' dir='ltr'><em>μὴ</em></span> <span class='ocrx_word' id='word_1_532' title='bbox 1319 5706 1966 5790; x_wconf 37' lang='grc' dir='ltr'><em>ὑποστείλασθαιξνύκτα</em></span> 
     </span>
    </p>
   </div>
   <div class='ocr_carea' id='block_1_65' title="bbox 296 5791 1964 5884">
    <p class='ocr_par' dir='ltr' id='par_1_65' title="bbox 296 5791 1964 5884">
     <span class='ocr_line' id='line_1_65' title="bbox 296 5791 1964 5884; baseline 0.014 -38"><span class='ocrx_word' id='word_1_533' title='bbox 296 5791 387 5846; x_wconf 74' lang='grc' dir='ltr'><em>καὶ</em></span> <span class='ocrx_word' id='word_1_534' title='bbox 406 5793 619 5867; x_wconf 84' lang='grc' dir='ltr'><em>ἡμέραν</em></span> <span class='ocrx_word' id='word_1_535' title='bbox 641 5798 1004 5869; x_wconf 86' lang='grc' dir='ltr'><em>παρακαλεῖν·</em></span> <span class='ocrx_word' id='word_1_536' title='bbox 1028 5799 1181 5875; x_wconf 74' lang='lat'><em>[355]</em></span> <span class='ocrx_word' id='word_1_537' title='bbox 1201 5803 1331 5858; x_wconf 83' lang='grc' dir='ltr'><em>ὅταν</em></span> <span class='ocrx_word' id='word_1_538' title='bbox 1355 5806 1409 5859; x_wconf 85' lang='grc' dir='ltr'><em>δέ</em></span> <span class='ocrx_word' id='word_1_539' title='bbox 1436 5806 1639 5863; x_wconf 88' lang='grc' dir='ltr'><em>τούτων</em></span> <span class='ocrx_word' id='word_1_540' title='bbox 1665 5813 1964 5884; x_wconf 82' lang='grc' dir='ltr'><em>γινομένων</em></span> 
     </span>
    </p>
   </div>
   <div class='ocr_carea' id='block_1_66' title="bbox 310 5939 1718 6015">
    <p class='ocr_par' dir='ltr' id='par_1_66' title="bbox 310 5939 1718 6015">
     <span class='ocr_line' id='line_1_66' title="bbox 310 5939 1718 6015; baseline 0.012 -23"><span class='ocrx_word' id='word_1_541' title='bbox 310 5950 319 5955; x_wconf 84' lang='grc'><strong><em>“</em></strong></span> <span class='ocrx_word' id='word_1_542' title='bbox 357 5939 386 5971; x_wconf 75' lang='grc'><strong>⁸</strong></span> <span class='ocrx_word' id='word_1_543' title='bbox 419 5945 556 5994; x_wconf 69' lang='grc' dir='ltr'><em>Μετὰ</em></span> <span class='ocrx_word' id='word_1_544' title='bbox 581 5945 799 5996; x_wconf 73' lang='grc' dir='ltr'><em>δακρύων</em></span> <span class='ocrx_word' id='word_1_545' title='bbox 820 5946 968 5997; x_wconf 75' lang='lat' dir='ltr'><strong>deest</strong></span> <span class='ocrx_word' id='word_1_546' title='bbox 985 5950 1034 5998; x_wconf 73' lang='lat' dir='ltr'><em>In</em></span> <span class='ocrx_word' id='word_1_547' title='bbox 1058 5964 1158 6000; x_wconf 83' lang='lat' dir='ltr'><em>uno</em></span> <span class='ocrx_word' id='word_1_548' title='bbox 1239 5952 1269 5995; x_wconf 64' lang='grc' dir='ltr'><em>δ</em></span> <span class='ocrx_word' id='word_1_549' title='bbox 1295 5953 1718 6015; x_wconf 72' lang='grc' dir='ltr'><em>Διίυ8.ίδιωτικός.</em></span> 
     </span>
    </p>
   </div>
   <div class='ocr_carea' id='block_1_67' title="bbox 654 6028 1268 6093">
    <p class='ocr_par' dir='ltr' id='par_1_67' title="bbox 654 6028 1268 6093">
     <span class='ocr_line' id='line_1_67' title="bbox 654 6028 1268 6093; baseline 0.007 -4"><span class='ocrx_word' id='word_1_550' title='bbox 654 6029 927 6091; x_wconf 76' lang='grc' dir='ltr'><em>ΡΑτιιοι..</em></span> <span class='ocrx_word' id='word_1_551' title='bbox 966 6028 1093 6089; x_wconf 70' lang='lat' dir='ltr'><em>.Gn.</em></span> <span class='ocrx_word' id='word_1_552' title='bbox 1139 6032 1268 6093; x_wconf 76' lang='lat' dir='ltr'><em>LX.</em></span> 
     </span>
    </p>
   </div>
   <div class='ocr_carea' id='block_1_68' title="bbox 2092 529 3761 602">
    <p class='ocr_par' dir='ltr' id='par_1_68' title="bbox 2092 529 3761 602">
     <span class='ocr_line' id='line_1_68' title="bbox 2092 529 3761 602; baseline 0.001 -17"><span class='ocrx_word' id='word_1_553' title='bbox 2092 549 2160 601; x_wconf 91' lang='grc' dir='ltr'><em>ρα</em></span> <span class='ocrx_word' id='word_1_554' title='bbox 2183 531 2449 600; x_wconf 88' lang='grc' dir='ltr'><em>ἀπολογία</em></span> <span class='ocrx_word' id='word_1_555' title='bbox 2467 548 2483 562; x_wconf 77' lang='grc'><em>”</em></span> <span class='ocrx_word' id='word_1_556' title='bbox 2515 533 2598 585; x_wconf 86' lang='grc' dir='ltr'><em>ὅτι</em></span> <span class='ocrx_word' id='word_1_557' title='bbox 2618 529 2872 602; x_wconf 72' lang='grc' dir='ltr'><em>Καθαρδς</em></span> <span class='ocrx_word' id='word_1_558' title='bbox 2893 530 3003 599; x_wconf 86' lang='grc' dir='ltr'><em>ἐγὼ</em></span> <span class='ocrx_word' id='word_1_559' title='bbox 3024 532 3133 585; x_wconf 76' lang='grc' dir='ltr'><em>ἀπὸ</em></span> <span class='ocrx_word' id='word_1_560' title='bbox 3153 530 3247 584; x_wconf 88' lang='grc' dir='ltr'><em>τοῦ</em></span> <span class='ocrx_word' id='word_1_561' title='bbox 3265 532 3496 602; x_wconf 81' lang='grc' dir='ltr'><em>αἵματος</em></span> <span class='ocrx_word' id='word_1_562' title='bbox 3521 531 3761 586; x_wconf 87' lang='grc' dir='ltr'><em>πάντων.</em></span> 
     </span>
    </p>
   </div>
   <div class='ocr_carea' id='block_1_69' title="bbox 2091 618 3770 691">
    <p class='ocr_par' dir='ltr' id='par_1_69' title="bbox 2091 618 3770 691">
     <span class='ocr_line' id='line_1_69' title="bbox 2091 618 3770 691; baseline -0.002 -17"><span class='ocrx_word' id='word_1_563' title='bbox 2091 619 2185 691; x_wconf 86' lang='grc' dir='ltr'><em>Μὴ</em></span> <span class='ocrx_word' id='word_1_564' title='bbox 2201 619 2267 690; x_wconf 87' lang='grc' dir='ltr'><em>δὴ</em></span> <span class='ocrx_word' id='word_1_565' title='bbox 2293 619 2553 691; x_wconf 82' lang='grc' dir='ltr'><em>νομίσητε</em></span> <span class='ocrx_word' id='word_1_566' title='bbox 2585 618 2722 691; x_wconf 82' lang='grc' dir='ltr'><em>πρὸς</em></span> <span class='ocrx_word' id='word_1_567' title='bbox 2749 620 2895 689; x_wconf 82' lang='grc' dir='ltr'><em>ἡμᾶς</em></span> <span class='ocrx_word' id='word_1_568' title='bbox 2935 618 3108 673; x_wconf 89' lang='grc' dir='ltr'><em>ταῦτα</em></span> <span class='ocrx_word' id='word_1_569' title='bbox 3131 618 3388 687; x_wconf 86' lang='grc' dir='ltr'><em>λέγεσθαι</em></span> <span class='ocrx_word' id='word_1_570' title='bbox 3423 618 3584 688; x_wconf 87' lang='grc' dir='ltr'><em>μόνον</em></span> <span class='ocrx_word' id='word_1_571' title='bbox 3607 636 3623 650; x_wconf 79' lang='grc' dir='ltr'><strong>ο</strong></span> <span class='ocrx_word' id='word_1_572' title='bbox 3669 619 3770 673; x_wconf 75' lang='grc' dir='ltr'><em>καὶ</em></span> 
     </span>
    </p>
   </div>
   <div class='ocr_carea' id='block_1_70' title="bbox 2091 703 3768 780">
    <p class='ocr_par' dir='ltr' id='par_1_70' title="bbox 2091 703 3768 780">
     <span class='ocr_line' id='line_1_70' title="bbox 2091 703 3768 780; baseline -0.001 -19"><span class='ocrx_word' id='word_1_573' title='bbox 2091 707 2201 778; x_wconf 86' lang='grc' dir='ltr'><em>γὰρ</em></span> <span class='ocrx_word' id='word_1_574' title='bbox 2242 709 2336 761; x_wconf 77' lang='grc' dir='ltr'><em>καὶ</em></span> <span class='ocrx_word' id='word_1_575' title='bbox 2389 708 2527 780; x_wconf 78' lang='grc' dir='ltr'><em>πρὸς</em></span> <span class='ocrx_word' id='word_1_576' title='bbox 2581 707 2725 778; x_wconf 81' lang='grc' dir='ltr'><em>ὑμᾶς</em></span> <span class='ocrx_word' id='word_1_577' title='bbox 2771 708 2799 759; x_wconf 87' lang='lat'><em>0</em></span> <span class='ocrx_word' id='word_1_578' title='bbox 2832 706 2990 776; x_wconf 91' lang='grc' dir='ltr'><em>λόγος</em></span> <span class='ocrx_word' id='word_1_579' title='bbox 3027 703 3182 771; x_wconf 83' lang='grc' dir='ltr'><em>οῦτός</em></span> <span class='ocrx_word' id='word_1_580' title='bbox 3218 709 3390 772; x_wconf 81' lang='grc' dir='ltr'><em>ἐστιν,</em></span> <span class='ocrx_word' id='word_1_581' title='bbox 3412 709 3554 765; x_wconf 85' lang='grc' dir='ltr'><em>ὥστε</em></span> <span class='ocrx_word' id='word_1_582' title='bbox 3580 724 3768 779; x_wconf 85' lang='grc' dir='ltr'><em>προσ-</em></span> 
     </span>
    </p>
   </div>
   <div class='ocr_carea' id='block_1_71' title="bbox 2086 798 3767 872">
    <p class='ocr_par' dir='ltr' id='par_1_71' title="bbox 2086 798 3767 872">
     <span class='ocr_line' id='line_1_71' title="bbox 2086 798 3767 872; baseline -0.002 -18"><span class='ocrx_word' id='word_1_583' title='bbox 2086 800 2231 872; x_wconf 82' lang='grc' dir='ltr'><em>ἐχειν</em></span> <span class='ocrx_word' id='word_1_584' title='bbox 2263 804 2374 865; x_wconf 86' lang='grc' dir='ltr'><em>τοῖς</em></span> <span class='ocrx_word' id='word_1_585' title='bbox 2421 798 2755 869; x_wconf 83' lang='grc' dir='ltr'><em>λεγομένοις,</em></span> <span class='ocrx_word' id='word_1_586' title='bbox 2800 798 2947 854; x_wconf 83' lang='grc' dir='ltr'><em>ὥστε</em></span> <span class='ocrx_word' id='word_1_587' title='bbox 3002 798 3077 870; x_wconf 83' lang='grc' dir='ltr'><em>μὴ</em></span> <span class='ocrx_word' id='word_1_588' title='bbox 3117 798 3407 870; x_wconf 77' lang='grc' dir='ltr'><em>ἀποπηδᾷν</em></span> <span class='ocrx_word' id='word_1_589' title='bbox 3463 798 3564 870; x_wconf 77' lang='grc' dir='ltr'><em>τῆς</em></span> <span class='ocrx_word' id='word_1_590' title='bbox 3596 798 3767 868; x_wconf 76' lang='grc' dir='ltr'><em>ἀκροσ-</em></span> 
     </span>
    </p>
   </div>
   <div class='ocr_carea' id='block_1_72' title="bbox 2085 887 2282 951">
    <p class='ocr_par' dir='ltr' id='par_1_72' title="bbox 2085 887 2282 951">
     <span class='ocr_line' id='line_1_72' title="bbox 2085 887 2282 951; baseline -0.01 -8"><span class='ocrx_word' id='word_1_591' title='bbox 2085 887 2282 951; x_wconf 85' lang='grc' dir='ltr'><em>άσεως.</em></span> 
     </span>
    </p>
   </div>
   <div class='ocr_carea' id='block_1_73' title="bbox 2156 971 3765 1043">
    <p class='ocr_par' dir='ltr' id='par_1_73' title="bbox 2156 971 3765 1043">
     <span class='ocr_line' id='line_1_73' title="bbox 2156 971 3765 1043; baseline 0 -19"><span class='ocrx_word' id='word_1_592' title='bbox 2156 973 2221 1025; x_wconf 88' lang='grc' dir='ltr'><em>Τί</em></span> <span class='ocrx_word' id='word_1_593' title='bbox 2252 973 2491 1043; x_wconf 87' lang='grc' dir='ltr'><em>ποιήσω;</em></span> <span class='ocrx_word' id='word_1_594' title='bbox 2532 971 2661 1026; x_wconf 85' lang='grc' dir='ltr'><em>’1δοὺ</em></span> <span class='ocrx_word' id='word_1_595' title='bbox 2694 971 2815 1025; x_wconf 85' lang='grc' dir='ltr'><em>καθ’</em></span> <span class='ocrx_word' id='word_1_596' title='bbox 2849 971 3086 1042; x_wconf 78' lang='grc' dir='ltr'><em>ἑκάστην</em></span> <span class='ocrx_word' id='word_1_597' title='bbox 3119 971 3334 1043; x_wconf 82' lang='grc' dir='ltr'><em>ἡμέραν</em></span> <span class='ocrx_word' id='word_1_598' title='bbox 3361 971 3765 1043; x_wconf 76' lang='grc' dir='ltr'><em>διαρῤἡγνυμαι</em></span> 
     </span>
    </p>
   </div>
   <div class='ocr_carea' id='block_1_74' title="bbox 2086 1055 3764 1129">
    <p class='ocr_par' dir='ltr' id='par_1_74' title="bbox 2086 1055 3764 1129">
     <span class='ocr_line' id='line_1_74' title="bbox 2086 1055 3764 1129; baseline -0.001 -20"><span class='ocrx_word' id='word_1_599' title='bbox 2086 1055 2258 1125; x_wconf 86' lang='grc' dir='ltr'><em>βοῶν·</em></span> <span class='ocrx_word' id='word_1_600' title='bbox 2311 1058 2582 1129; x_wconf 79' lang='grc' dir='ltr'><em>ἀπόστητε</em></span> <span class='ocrx_word' id='word_1_601' title='bbox 2643 1056 2753 1111; x_wconf 86' lang='grc' dir='ltr'><em>τῶν</em></span> <span class='ocrx_word' id='word_1_602' title='bbox 2804 1055 3049 1128; x_wconf 83' lang='grc' dir='ltr'><em>θεάτρων</em></span> <span class='ocrx_word' id='word_1_603' title='bbox 3073 1074 3087 1086; x_wconf 90' lang='grc'>·</span> <span class='ocrx_word' id='word_1_604' title='bbox 3140 1057 3234 1108; x_wconf 77' lang='grc' dir='ltr'><em>καὶ</em></span> <span class='ocrx_word' id='word_1_605' title='bbox 3292 1055 3480 1108; x_wconf 71' lang='grc' dir='ltr'><em>πολλοὶ</em></span> <span class='ocrx_word' id='word_1_606' title='bbox 3533 1055 3764 1123; x_wconf 84' lang='grc' dir='ltr'><em>γελῶσιν</em></span> 
     </span>
    </p>
   </div>
   <div class='ocr_carea' id='block_1_75' title="bbox 2084 1141 3764 1215">
    <p class='ocr_par' dir='ltr' id='par_1_75' title="bbox 2084 1141 3764 1215">
     <span class='ocr_line' id='line_1_75' title="bbox 2084 1141 3764 1215; baseline -0.002 -18"><span class='ocrx_word' id='word_1_607' title='bbox 2084 1145 2232 1213; x_wconf 84' lang='grc' dir='ltr'><em>ἡμᾶς</em></span> <span class='ocrx_word' id='word_1_608' title='bbox 2253 1159 2267 1173; x_wconf 89' lang='grc'><strong>·</strong></span> <span class='ocrx_word' id='word_1_609' title='bbox 2322 1145 2602 1215; x_wconf 86' lang='grc' dir='ltr'><em>ἀπόστητε</em></span> <span class='ocrx_word' id='word_1_610' title='bbox 2650 1143 2744 1197; x_wconf 88' lang='lat'><em>106</em></span> <span class='ocrx_word' id='word_1_611' title='bbox 2782 1142 3028 1214; x_wconf 83' lang='grc' dir='ltr'><em>ὀμνύειν,</em></span> <span class='ocrx_word' id='word_1_612' title='bbox 3052 1141 3149 1195; x_wconf 90' lang='grc' dir='ltr'><em>τοῦ</em></span> <span class='ocrx_word' id='word_1_613' title='bbox 3181 1142 3555 1195; x_wconf 85' lang='grc' dir='ltr'><em>πλεονεκτεῖν·</em></span> <span class='ocrx_word' id='word_1_614' title='bbox 3596 1141 3764 1213; x_wconf 85' lang='grc' dir='ltr'><em>μυρία</em></span> 
     </span>
    </p>
   </div>
   <div class='ocr_carea' id='block_1_76' title="bbox 2086 1227 3764 1302">
    <p class='ocr_par' dir='ltr' id='par_1_76' title="bbox 2086 1227 3764 1302">
     <span class='ocr_line' id='line_1_76' title="bbox 2086 1227 3764 1302; baseline -0.002 -20"><span class='ocrx_word' id='word_1_615' title='bbox 2086 1229 2478 1302; x_wconf 79' lang='grc' dir='ltr'><em>παραινοῦμεν,</em></span> <span class='ocrx_word' id='word_1_616' title='bbox 2510 1232 2606 1285; x_wconf 80' lang='grc' dir='ltr'><em>καὶ</em></span> <span class='ocrx_word' id='word_1_617' title='bbox 2645 1230 2821 1293; x_wconf 66' lang='grc' dir='ltr'><em>οὐδεὶς</em></span> <span class='ocrx_word' id='word_1_618' title='bbox 2877 1231 2906 1282; x_wconf 88' lang='lat'><em>0</em></span> <span class='ocrx_word' id='word_1_619' title='bbox 2956 1228 3192 1282; x_wconf 82' lang='grc' dir='ltr'><em>ἀκούων.</em></span> <span class='ocrx_word' id='word_1_620' title='bbox 3231 1228 3371 1281; x_wconf 79' lang='grc' dir='ltr'><em>Ἀλλ’</em></span> <span class='ocrx_word' id='word_1_621' title='bbox 3418 1229 3477 1281; x_wconf 85' lang='grc' dir='ltr'><em>ἐν</em></span> <span class='ocrx_word' id='word_1_622' title='bbox 3518 1231 3676 1281; x_wconf 77' lang='grc' dir='ltr'><em>νυκτὶ</em></span> <span class='ocrx_word' id='word_1_623' title='bbox 3701 1227 3764 1281; x_wconf 90' lang='grc' dir='ltr'><em>οὑ</em></span> 
     </span>
    </p>
   </div>
   <div class='ocr_carea' id='block_1_77' title="bbox 2080 1313 3767 1388">
    <p class='ocr_par' dir='ltr' id='par_1_77' title="bbox 2080 1313 3767 1388">
     <span class='ocr_line' id='line_1_77' title="bbox 2080 1313 3767 1388; baseline -0.001 -19"><span class='ocrx_word' id='word_1_624' title='bbox 2080 1316 2433 1387; x_wconf 85' lang='grc' dir='ltr'><em>διαλέγομαι;</em></span> <span class='ocrx_word' id='word_1_625' title='bbox 2474 1316 2809 1388; x_wconf 80' lang='grc' dir='ltr'><em>Ἐϐουλόμην</em></span> <span class='ocrx_word' id='word_1_626' title='bbox 2842 1315 2935 1368; x_wconf 71' lang='grc' dir='ltr'><em>καὶ</em></span> <span class='ocrx_word' id='word_1_627' title='bbox 2959 1317 3016 1368; x_wconf 82' lang='grc' dir='ltr'><em>ἐν</em></span> <span class='ocrx_word' id='word_1_628' title='bbox 3044 1314 3198 1369; x_wconf 75' lang='grc' dir='ltr'><em>νυκτὶ</em></span> <span class='ocrx_word' id='word_1_629' title='bbox 3229 1313 3390 1367; x_wconf 89' lang='grc' dir='ltr'><em>τοῦτο</em></span> <span class='ocrx_word' id='word_1_630' title='bbox 3431 1317 3627 1379; x_wconf 73' lang='grc' dir='ltr'><em>ποιεῖν,</em></span> <span class='ocrx_word' id='word_1_631' title='bbox 3671 1315 3767 1368; x_wconf 77' lang='grc' dir='ltr'><em>καὶ</em></span> 
     </span>
    </p>
   </div>
   <div class='ocr_carea' id='block_1_78' title="bbox 2081 1397 3768 1471">
    <p class='ocr_par' dir='ltr' id='par_1_78' title="bbox 2081 1397 3768 1471">
     <span class='ocr_line' id='line_1_78' title="bbox 2081 1397 3768 1471; baseline 0 -22"><span class='ocrx_word' id='word_1_632' title='bbox 2081 1398 2138 1450; x_wconf 85' lang='grc' dir='ltr'><em>ἐν</em></span> <span class='ocrx_word' id='word_1_633' title='bbox 2169 1400 2289 1461; x_wconf 88' lang='grc' dir='ltr'><em>ταῖς</em></span> <span class='ocrx_word' id='word_1_634' title='bbox 2344 1400 2646 1471; x_wconf 82' lang='grc' dir='ltr'><em>τραπέζαις</em></span> <span class='ocrx_word' id='word_1_635' title='bbox 2695 1401 2815 1461; x_wconf 86' lang='grc' dir='ltr'><em>ταῖς</em></span> <span class='ocrx_word' id='word_1_636' title='bbox 2841 1399 3156 1469; x_wconf 82' lang='grc' dir='ltr'><em>ὑμετέραις,</em></span> <span class='ocrx_word' id='word_1_637' title='bbox 3194 1399 3249 1451; x_wconf 80' lang='grc' dir='ltr'><em>εί</em></span> <span class='ocrx_word' id='word_1_638' title='bbox 3290 1414 3354 1467; x_wconf 88' lang='grc' dir='ltr'><em>γε</em></span> <span class='ocrx_word' id='word_1_639' title='bbox 3398 1397 3525 1468; x_wconf 83' lang='grc' dir='ltr'><em>ἐνῆν</em></span> <span class='ocrx_word' id='word_1_640' title='bbox 3545 1397 3642 1450; x_wconf 58' lang='grc' dir='ltr'><em>καὶ⁵</em></span> <span class='ocrx_word' id='word_1_641' title='bbox 3682 1398 3768 1460; x_wconf 85' lang='grc' dir='ltr'><em>ιίς</em></span> 
     </span>
    </p>
   </div>
   <div class='ocr_carea' id='block_1_79' title="bbox 2083 1482 3762 1554">
    <p class='ocr_par' dir='ltr' id='par_1_79' title="bbox 2083 1482 3762 1554">
     <span class='ocr_line' id='line_1_79' title="bbox 2083 1482 3762 1554; baseline 0.001 -20"><span class='ocrx_word' id='word_1_642' title='bbox 2083 1483 2252 1554; x_wconf 87' lang='grc' dir='ltr'><em>μυρία</em></span> <span class='ocrx_word' id='word_1_643' title='bbox 2286 1484 2577 1553; x_wconf 81' lang='grc' dir='ltr'><em>σχισθέντα</em></span> <span class='ocrx_word' id='word_1_644' title='bbox 2639 1483 3041 1554; x_wconf 89' lang='grc' dir='ltr'><em>παραγίνεσθαι</em></span> <span class='ocrx_word' id='word_1_645' title='bbox 3073 1485 3202 1554; x_wconf 90' lang='grc' dir='ltr'><em>ὑμῖν</em></span> <span class='ocrx_word' id='word_1_646' title='bbox 3247 1483 3343 1537; x_wconf 75' lang='grc' dir='ltr'><em>καὶ</em></span> <span class='ocrx_word' id='word_1_647' title='bbox 3387 1482 3762 1552; x_wconf 71' lang='grc' dir='ltr'><em>διαλέγεσθαι·</em></span> 
     </span>
    </p>
   </div>
   <div class='ocr_carea' id='block_1_80' title="bbox 2077 1571 3761 1642">
    <p class='ocr_par' dir='ltr' id='par_1_80' title="bbox 2077 1571 3761 1642">
     <span class='ocr_line' id='line_1_80' title="bbox 2077 1571 3761 1642; baseline 0 -19"><span class='ocrx_word' id='word_1_648' title='bbox 2077 1571 2192 1624; x_wconf 83' lang='grc' dir='ltr'><em>ἀλλ’</em></span> <span class='ocrx_word' id='word_1_649' title='bbox 2221 1573 2269 1623; x_wconf 90' lang='grc' dir='ltr'><em>εί</em></span> <span class='ocrx_word' id='word_1_650' title='bbox 2302 1573 2400 1642; x_wconf 82' lang='grc' dir='ltr'><em>τῆς</em></span> <span class='ocrx_word' id='word_1_651' title='bbox 2421 1572 2714 1642; x_wconf 71' lang='grc' dir='ltr'><em>ἑϐδομάδος</em></span> <span class='ocrx_word' id='word_1_652' title='bbox 2737 1571 2886 1637; x_wconf 73' lang='grc' dir='ltr'><em>ἅπαξ</em></span> <span class='ocrx_word' id='word_1_653' title='bbox 2912 1571 3078 1626; x_wconf 86' lang='grc' dir='ltr'><em>καλοῦ</em></span> <span class='ocrx_word' id='word_1_654' title='bbox 3088 1589 3186 1641; x_wconf 85' lang='grc' dir='ltr'><em>μεν</em></span> <span class='ocrx_word' id='word_1_655' title='bbox 3215 1572 3383 1642; x_wconf 78' lang='grc' dir='ltr'><em>ὑμᾶς,</em></span> <span class='ocrx_word' id='word_1_656' title='bbox 3410 1572 3506 1625; x_wconf 75' lang='grc' dir='ltr'><em>καὶ</em></span> <span class='ocrx_word' id='word_1_657' title='bbox 3530 1571 3761 1637; x_wconf 76' lang='grc' dir='ltr'><em>ὀκνεῖτε,</em></span> 
     </span>
    </p>
   </div>
   <div class='ocr_carea' id='block_1_81' title="bbox 2078 1660 3765 1734">
    <p class='ocr_par' dir='ltr' id='par_1_81' title="bbox 2078 1660 3765 1734">
     <span class='ocr_line' id='line_1_81' title="bbox 2078 1660 3765 1734; baseline 0 -21"><span class='ocrx_word' id='word_1_658' title='bbox 2078 1662 2170 1714; x_wconf 80' lang='grc' dir='ltr'><em>καὶ</em></span> <span class='ocrx_word' id='word_1_659' title='bbox 2199 1661 2249 1713; x_wconf 86' lang='grc' dir='ltr'><em>οί</em></span> <span class='ocrx_word' id='word_1_660' title='bbox 2276 1662 2373 1732; x_wconf 82' lang='grc' dir='ltr'><em>μὲν</em></span> <span class='ocrx_word' id='word_1_661' title='bbox 2403 1662 2522 1715; x_wconf 87' lang='grc' dir='ltr'><em>οὑδὲ</em></span> <span class='ocrx_word' id='word_1_662' title='bbox 2557 1661 2947 1729; x_wconf 87' lang='grc' dir='ltr'><em>παραγίνεσθε,</em></span> <span class='ocrx_word' id='word_1_663' title='bbox 2982 1663 3031 1714; x_wconf 85' lang='grc' dir='ltr'><em>οί</em></span> <span class='ocrx_word' id='word_1_664' title='bbox 3060 1662 3115 1715; x_wconf 82' lang='grc' dir='ltr'><em>δὲ</em></span> <span class='ocrx_word' id='word_1_665' title='bbox 3157 1662 3585 1734; x_wconf 78' lang='grc' dir='ltr'><em>παραγινόμενοι</em></span> <span class='ocrx_word' id='word_1_666' title='bbox 3612 1660 3765 1714; x_wconf 76' lang='grc' dir='ltr'><em>οὐδὲν</em></span> 
     </span>
    </p>
   </div>
   <div class='ocr_carea' id='block_1_82' title="bbox 2077 1746 3765 1818">
    <p class='ocr_par' dir='ltr' id='par_1_82' title="bbox 2077 1746 3765 1818">
     <span class='ocr_line' id='line_1_82' title="bbox 2077 1746 3765 1818; baseline 0 -20"><span class='ocrx_word' id='word_1_667' title='bbox 2077 1747 2239 1799; x_wconf 83' lang='grc' dir='ltr'><em>πλέον</em></span> <span class='ocrx_word' id='word_1_668' title='bbox 2269 1747 2628 1818; x_wconf 87' lang='grc' dir='ltr'><em>κερδάναντες</em></span> <span class='ocrx_word' id='word_1_669' title='bbox 2667 1746 2829 1801; x_wconf 81' lang='grc' dir='ltr'><em>ἄπιτε</em></span> <span class='ocrx_word' id='word_1_670' title='bbox 2848 1764 2861 1778; x_wconf 87' lang='grc'><strong>·</strong></span> <span class='ocrx_word' id='word_1_671' title='bbox 2903 1748 2957 1800; x_wconf 89' lang='grc' dir='ltr'><em>τί</em></span> <span class='ocrx_word' id='word_1_672' title='bbox 2987 1749 3087 1801; x_wconf 85' lang='grc' dir='ltr'><em>οὑκ</em></span> <span class='ocrx_word' id='word_1_673' title='bbox 3118 1749 3184 1801; x_wconf 84' lang='grc' dir='ltr'><em>ἂν</em></span> <span class='ocrx_word' id='word_1_674' title='bbox 3213 1750 3530 1818; x_wconf 75' lang='grc' dir='ltr'><em>ἐποιήσατε,</em></span> <span class='ocrx_word' id='word_1_675' title='bbox 3562 1748 3609 1800; x_wconf 88' lang='grc' dir='ltr'><em>εί</em></span> <span class='ocrx_word' id='word_1_676' title='bbox 3649 1764 3765 1799; x_wconf 89' lang='grc' dir='ltr'><em>συν-</em></span> 
     </span>
    </p>
   </div>
   <div class='ocr_carea' id='block_1_83' title="bbox 2075 1827 3765 1905">
    <p class='ocr_par' dir='ltr' id='par_1_83' title="bbox 2075 1827 3765 1905">
     <span class='ocr_line' id='line_1_83' title="bbox 2075 1827 3765 1905; baseline 0.003 -23"><span class='ocrx_word' id='word_1_677' title='bbox 2075 1830 2216 1901; x_wconf 85' lang='grc' dir='ltr'><em>εχῶς</em></span> <span class='ocrx_word' id='word_1_678' title='bbox 2240 1831 2398 1885; x_wconf 88' lang='grc' dir='ltr'><em>τοῦτο</em></span> <span class='ocrx_word' id='word_1_679' title='bbox 2435 1834 2812 1904; x_wconf 86' lang='grc' dir='ltr'><em>ἐπράττομεν;</em></span> <span class='ocrx_word' id='word_1_680' title='bbox 2860 1834 2925 1887; x_wconf 88' lang='grc' dir='ltr'><em>Τί</em></span> <span class='ocrx_word' id='word_1_681' title='bbox 2961 1837 3294 1905; x_wconf 82' lang='grc' dir='ltr'><em>ποιήσομεν;</em></span> <span class='ocrx_word' id='word_1_682' title='bbox 3340 1833 3532 1887; x_wconf 72' lang='grc' dir='ltr'><em>Πολλοὶ</em></span> <span class='ocrx_word' id='word_1_683' title='bbox 3559 1827 3656 1888; x_wconf 78' lang='grc' dir='ltr'><em>οἶδ’</em></span> <span class='ocrx_word' id='word_1_684' title='bbox 3683 1835 3765 1887; x_wconf 88' lang='grc' dir='ltr'><em>ὃτι</em></span> 
     </span>
    </p>
   </div>
   <div class='ocr_carea' id='block_1_84' title="bbox 2076 1919 3767 1993">
    <p class='ocr_par' dir='ltr' id='par_1_84' title="bbox 2076 1919 3767 1993">
     <span class='ocr_line' id='line_1_84' title="bbox 2076 1919 3767 1993; baseline 0 -22"><span class='ocrx_word' id='word_1_685' title='bbox 2076 1920 2171 1972; x_wconf 78' lang='grc' dir='ltr'><em>καὶ</em></span> <span class='ocrx_word' id='word_1_686' title='bbox 2207 1919 2556 1992; x_wconf 87' lang='grc' dir='ltr'><em>διασύρουσιν</em></span> <span class='ocrx_word' id='word_1_687' title='bbox 2594 1923 2760 1993; x_wconf 83' lang='grc' dir='ltr'><em>ἡμᾶς,</em></span> <span class='ocrx_word' id='word_1_688' title='bbox 2786 1922 2874 1975; x_wconf 89' lang='grc' dir='ltr'><em>διά</em></span> <span class='ocrx_word' id='word_1_689' title='bbox 2900 1922 2962 1974; x_wconf 85' lang='grc' dir='ltr'><em>τὸ</em></span> <span class='ocrx_word' id='word_1_690' title='bbox 2996 1922 3122 1993; x_wconf 76' lang='grc' dir='ltr'><em>περὶ</em></span> <span class='ocrx_word' id='word_1_691' title='bbox 3145 1920 3253 1974; x_wconf 88' lang='grc' dir='ltr'><em>τῶν</em></span> <span class='ocrx_word' id='word_1_692' title='bbox 3283 1921 3463 1974; x_wconf 83' lang='grc' dir='ltr'><em>αὑτῶν</em></span> <span class='ocrx_word' id='word_1_693' title='bbox 3485 1920 3572 1973; x_wconf 76' lang='grc' dir='ltr'><em>ἀεὶ</em></span> <span class='ocrx_word' id='word_1_694' title='bbox 3590 1919 3767 1973; x_wconf 83' lang='grc' dir='ltr'><em>διαλέ-</em></span> 
     </span>
    </p>
   </div>
   <div class='ocr_carea' id='block_1_85' title="bbox 2073 2006 3763 2080">
    <p class='ocr_par' dir='ltr' id='par_1_85' title="bbox 2073 2006 3763 2080">
     <span class='ocr_line' id='line_1_85' title="bbox 2073 2006 3763 2080; baseline 0.001 -21"><span class='ocrx_word' id='word_1_695' title='bbox 2073 2006 2267 2073; x_wconf 87' lang='grc' dir='ltr'><em>γεσθαι</em></span> <span class='ocrx_word' id='word_1_696' title='bbox 2288 2023 2302 2037; x_wconf 86' lang='grc'><strong>·</strong></span> <span class='ocrx_word' id='word_1_697' title='bbox 2358 2007 2500 2063; x_wconf 79' lang='grc' dir='ltr'><em>οὕτω</em></span> <span class='ocrx_word' id='word_1_698' title='bbox 2526 2011 2830 2080; x_wconf 81' lang='grc' dir='ltr'><em>γεγόναμεν</em></span> <span class='ocrx_word' id='word_1_699' title='bbox 2867 2012 3215 2080; x_wconf 87' lang='grc' dir='ltr'><em>προσκορεῖς.</em></span> <span class='ocrx_word' id='word_1_700' title='bbox 3274 2007 3448 2062; x_wconf 80' lang='grc' dir='ltr'><em>Αἴτιοι</em></span> <span class='ocrx_word' id='word_1_701' title='bbox 3481 2006 3538 2061; x_wconf 85' lang='grc' dir='ltr'><em>δέ</em></span> <span class='ocrx_word' id='word_1_702' title='bbox 3570 2007 3763 2061; x_wconf 88' lang='grc' dir='ltr'><em>τούτου</em></span> 
     </span>
    </p>
   </div>
   <div class='ocr_carea' id='block_1_86' title="bbox 2072 2094 3765 2166">
    <p class='ocr_par' dir='ltr' id='par_1_86' title="bbox 2072 2094 3765 2166">
     <span class='ocr_line' id='line_1_86' title="bbox 2072 2094 3765 2166; baseline 0.001 -20"><span class='ocrx_word' id='word_1_703' title='bbox 2072 2094 2171 2164; x_wconf 81' lang='grc' dir='ltr'><em>οὑχ</em></span> <span class='ocrx_word' id='word_1_704' title='bbox 2219 2095 2396 2165; x_wconf 87' lang='grc' dir='ltr'><em>ὑμεῖς,</em></span> <span class='ocrx_word' id='word_1_705' title='bbox 2444 2096 2560 2148; x_wconf 80' lang='grc' dir='ltr'><em>ἀλλ’</em></span> <span class='ocrx_word' id='word_1_706' title='bbox 2582 2097 2735 2150; x_wconf 74' lang='grc' dir='ltr'><em>αὐτοὶ</em></span> <span class='ocrx_word' id='word_1_707' title='bbox 2760 2099 2809 2150; x_wconf 83' lang='grc' dir='ltr'><em>οἱ</em></span> <span class='ocrx_word' id='word_1_708' title='bbox 2839 2097 3148 2160; x_wconf 77' lang='grc' dir='ltr'><em>ἀκούοντες.</em></span> <span class='ocrx_word' id='word_1_709' title='bbox 3192 2096 3253 2150; x_wconf 87' lang='lat'><strong>&#39;0</strong></span> <span class='ocrx_word' id='word_1_710' title='bbox 3288 2096 3386 2166; x_wconf 83' lang='grc' dir='ltr'><em>μὲν</em></span> <span class='ocrx_word' id='word_1_711' title='bbox 3414 2094 3525 2166; x_wconf 89' lang='grc' dir='ltr'><em>γάρ</em></span> <span class='ocrx_word' id='word_1_712' title='bbox 3577 2109 3765 2163; x_wconf 87' lang='grc' dir='ltr'><em>κατορ-</em></span> 
     </span>
    </p>
   </div>
   <div class='ocr_carea' id='block_1_87' title="bbox 2074 2179 3764 2255">
    <p class='ocr_par' dir='ltr' id='par_1_87' title="bbox 2074 2179 3764 2255">
     <span class='ocr_line' id='line_1_87' title="bbox 2074 2179 3764 2255; baseline 0.002 -24"><span class='ocrx_word' id='word_1_713' title='bbox 2074 2179 2206 2246; x_wconf 86' lang='grc' dir='ltr'><em>θῶν,</em></span> <span class='ocrx_word' id='word_1_714' title='bbox 2231 2183 2318 2236; x_wconf 70' lang='grc' dir='ltr'><em>ἀεὶ</em></span> <span class='ocrx_word' id='word_1_715' title='bbox 2342 2183 2522 2254; x_wconf 84' lang='grc' dir='ltr'><em>χαίρει</em></span> <span class='ocrx_word' id='word_1_716' title='bbox 2546 2182 2613 2236; x_wconf 87' lang='grc' dir='ltr'><em>τά</em></span> <span class='ocrx_word' id='word_1_717' title='bbox 2640 2183 2781 2237; x_wconf 86' lang='grc' dir='ltr'><em>αὑτά</em></span> <span class='ocrx_word' id='word_1_718' title='bbox 2802 2182 3036 2247; x_wconf 89' lang='grc' dir='ltr'><em>ἀκούων,</em></span> <span class='ocrx_word' id='word_1_719' title='bbox 3067 2183 3257 2255; x_wconf 85' lang='grc' dir='ltr'><em>ὥσπερ</em></span> <span class='ocrx_word' id='word_1_720' title='bbox 3284 2182 3576 2253; x_wconf 73' lang='grc' dir='ltr'><em>ἐγκωμίων</em></span> <span class='ocrx_word' id='word_1_721' title='bbox 3594 2180 3764 2236; x_wconf 86' lang='grc' dir='ltr'><em>αὑτοῦ</em></span> 
     </span>
    </p>
   </div>
   <div class='ocr_carea' id='block_1_88' title="bbox 2072 2268 3767 2344">
    <p class='ocr_par' dir='ltr' id='par_1_88' title="bbox 2072 2268 3767 2344">
     <span class='ocr_line' id='line_1_88' title="bbox 2072 2268 3767 2344; baseline 0.002 -23"><span class='ocrx_word' id='word_1_722' title='bbox 2072 2268 2400 2340; x_wconf 83' lang='grc' dir='ltr'><em>λεγομένων·</em></span> <span class='ocrx_word' id='word_1_723' title='bbox 2462 2273 2489 2325; x_wconf 91' lang='lat'><em>0</em></span> <span class='ocrx_word' id='word_1_724' title='bbox 2541 2271 2597 2327; x_wconf 80' lang='grc' dir='ltr'><em>δὲ</em></span> <span class='ocrx_word' id='word_1_725' title='bbox 2654 2272 2729 2344; x_wconf 83' lang='grc' dir='ltr'><em>μὴ</em></span> <span class='ocrx_word' id='word_1_726' title='bbox 2792 2271 3112 2343; x_wconf 87' lang='grc' dir='ltr'><em>βουλόμενος</em></span> <span class='ocrx_word' id='word_1_727' title='bbox 3169 2270 3487 2343; x_wconf 80' lang='grc' dir='ltr'><em>κατορθοῦν,</em></span> <span class='ocrx_word' id='word_1_728' title='bbox 3540 2271 3635 2324; x_wconf 71' lang='grc' dir='ltr'><em>καὶ</em></span> <span class='ocrx_word' id='word_1_729' title='bbox 3680 2273 3767 2324; x_wconf 84' lang='grc' dir='ltr'><em>ἐν·</em></span> 
     </span>
    </p>
   </div>
   <div class='ocr_carea' id='block_1_89' title="bbox 2072 2354 3766 2433">
    <p class='ocr_par' dir='ltr' id='par_1_89' title="bbox 2072 2354 3766 2433">
     <span class='ocr_line' id='line_1_89' title="bbox 2072 2354 3766 2433; baseline 0.002 -26"><span class='ocrx_word' id='word_1_730' title='bbox 2072 2356 2348 2425; x_wconf 87' lang='grc' dir='ltr'><em>οχλεῖσθαι</em></span> <span class='ocrx_word' id='word_1_731' title='bbox 2397 2357 2566 2419; x_wconf 85' lang='grc' dir='ltr'><em>δοκεῖ,</em></span> <span class='ocrx_word' id='word_1_732' title='bbox 2617 2359 2722 2413; x_wconf 76' lang='grc' dir='ltr'><em>κᾶν</em></span> <span class='ocrx_word' id='word_1_733' title='bbox 2753 2360 3004 2432; x_wconf 88' lang='grc' dir='ltr'><em>δεύτερον</em></span> <span class='ocrx_word' id='word_1_734' title='bbox 3036 2359 3246 2433; x_wconf 84' lang='grc' dir='ltr'><em>ἀκούσῃ</em></span> <span class='ocrx_word' id='word_1_735' title='bbox 3271 2354 3452 2430; x_wconf 86' lang='grc' dir='ltr'><em>μόνον,</em></span> <span class='ocrx_word' id='word_1_736' title='bbox 3506 2357 3766 2421; x_wconf 83' lang='grc' dir='ltr'><em>πολλάκις</em></span> 
     </span>
    </p>
   </div>
   <div class='ocr_carea' id='block_1_90' title="bbox 2075 2445 3765 2518">
    <p class='ocr_par' dir='ltr' id='par_1_90' title="bbox 2075 2445 3765 2518">
     <span class='ocr_line' id='line_1_90' title="bbox 2075 2445 3765 2518; baseline 0.002 -20"><span class='ocrx_word' id='word_1_737' title='bbox 2075 2445 2225 2498; x_wconf 87' lang='grc' dir='ltr'><em>δοκεῖ</em></span> <span class='ocrx_word' id='word_1_738' title='bbox 2252 2446 2493 2500; x_wconf 85' lang='grc' dir='ltr'><em>ἀκούειν.</em></span> <span class='ocrx_word' id='word_1_739' title='bbox 2539 2448 2811 2517; x_wconf 83' lang='grc' dir='ltr'><em>Καθαρὸς</em></span> <span class='ocrx_word' id='word_1_740' title='bbox 2837 2449 2954 2518; x_wconf 76' lang='grc' dir='ltr'><em>ἐγὼ</em></span> <span class='ocrx_word' id='word_1_741' title='bbox 3000 2449 3121 2503; x_wconf 85' lang='grc' dir='ltr'><em>ἀπὸ</em></span> <span class='ocrx_word' id='word_1_742' title='bbox 3177 2449 3286 2503; x_wconf 90' lang='grc' dir='ltr'><em>τοῦ</em></span> <span class='ocrx_word' id='word_1_743' title='bbox 3316 2448 3564 2517; x_wconf 84' lang='grc' dir='ltr'><em>αἵματος</em></span> <span class='ocrx_word' id='word_1_744' title='bbox 3608 2446 3765 2501; x_wconf 84' lang='grc' dir='ltr'><em>πάν-</em></span> 
     </span>
    </p>
   </div>
   <div class='ocr_carea' id='block_1_91' title="bbox 2074 2534 2406 2604">
    <p class='ocr_par' dir='ltr' id='par_1_91' title="bbox 2074 2534 2406 2604">
     <span class='ocr_line' id='line_1_91' title="bbox 2074 2534 2406 2604; baseline 0.003 -18"><span class='ocrx_word' id='word_1_745' title='bbox 2074 2550 2213 2598; x_wconf 88' lang='grc' dir='ltr'><em>των,</em></span> <span class='ocrx_word' id='word_1_746' title='bbox 2254 2534 2406 2604; x_wconf 88' lang='grc' dir='ltr'><em>φησί.</em></span> 
     </span>
    </p>
   </div>
   <div class='ocr_carea' id='block_1_92' title="bbox 2145 2621 3766 2696">
    <p class='ocr_par' dir='ltr' id='par_1_92' title="bbox 2145 2621 3766 2696">
     <span class='ocr_line' id='line_1_92' title="bbox 2145 2621 3766 2696; baseline 0.001 -22"><span class='ocrx_word' id='word_1_747' title='bbox 2145 2622 2210 2675; x_wconf 81' lang='grc' dir='ltr'><em>δ’.</em></span> <span class='ocrx_word' id='word_1_748' title='bbox 2228 2622 2398 2675; x_wconf 89' lang='grc' dir='ltr'><em>Τοῦτο</em></span> <span class='ocrx_word' id='word_1_749' title='bbox 2411 2622 2607 2693; x_wconf 82' lang='grc' dir='ltr'><em>Παύλῳ</em></span> <span class='ocrx_word' id='word_1_750' title='bbox 2624 2624 2722 2694; x_wconf 83' lang='grc' dir='ltr'><em>μὲν</em></span> <span class='ocrx_word' id='word_1_751' title='bbox 2736 2624 3010 2696; x_wconf 76' lang='grc' dir='ltr'><em>ἥρμοττεν</em></span> <span class='ocrx_word' id='word_1_752' title='bbox 3026 2625 3390 2695; x_wconf 86' lang='grc' dir='ltr'><em>εἰπεῖν,ἡμεῖς</em></span> <span class='ocrx_word' id='word_1_753' title='bbox 3409 2622 3463 2675; x_wconf 84' lang='grc' dir='ltr'><em>δὲ</em></span> <span class='ocrx_word' id='word_1_754' title='bbox 3478 2622 3539 2675; x_wconf 88' lang='grc' dir='ltr'><em>οὑ</em></span> <span class='ocrx_word' id='word_1_755' title='bbox 3555 2621 3766 2692; x_wconf 82' lang='grc' dir='ltr'><em>τολμῶ-</em></span> 
     </span>
    </p>
   </div>
   <div class='ocr_carea' id='block_1_93' title="bbox 2078 2709 3763 2783">
    <p class='ocr_par' dir='ltr' id='par_1_93' title="bbox 2078 2709 3763 2783">
     <span class='ocr_line' id='line_1_93' title="bbox 2078 2709 3763 2783; baseline 0.001 -20"><span class='ocrx_word' id='word_1_756' title='bbox 2078 2728 2177 2782; x_wconf 87' lang='grc' dir='ltr'><em>μεν</em></span> <span class='ocrx_word' id='word_1_757' title='bbox 2218 2710 2375 2764; x_wconf 88' lang='grc' dir='ltr'><em>τοῦτο</em></span> <span class='ocrx_word' id='word_1_758' title='bbox 2417 2714 2624 2773; x_wconf 80' lang='grc' dir='ltr'><em>εἰπεῖν,</em></span> <span class='ocrx_word' id='word_1_759' title='bbox 2688 2713 2859 2783; x_wconf 86' lang='grc' dir='ltr'><em>μυρία</em></span> <span class='ocrx_word' id='word_1_760' title='bbox 2904 2711 3207 2775; x_wconf 86' lang='grc' dir='ltr'><em>συνειδότες</em></span> <span class='ocrx_word' id='word_1_761' title='bbox 3259 2713 3494 2775; x_wconf 86' lang='grc' dir='ltr'><em>ἐαυτοῖς.</em></span> <span class='ocrx_word' id='word_1_762' title='bbox 3563 2709 3763 2781; x_wconf 83' lang='grc' dir='ltr'><em>Διόπερ</em></span> 
     </span>
    </p>
   </div>
   <div class='ocr_carea' id='block_1_94' title="bbox 2075 2798 3764 2871">
    <p class='ocr_par' dir='ltr' id='par_1_94' title="bbox 2075 2798 3764 2871">
     <span class='ocr_line' id='line_1_94' title="bbox 2075 2798 3764 2871; baseline 0.001 -20"><span class='ocrx_word' id='word_1_763' title='bbox 2075 2799 2269 2871; x_wconf 83' lang='grc' dir='ltr'><em>ἐκείνῳ</em></span> <span class='ocrx_word' id='word_1_764' title='bbox 2323 2799 2401 2869; x_wconf 86' lang='grc' dir='ltr'><em>τῷ</em></span> <span class='ocrx_word' id='word_1_765' title='bbox 2454 2800 2746 2864; x_wconf 75' lang='grc' dir='ltr'><em>διαπαντὸς</em></span> <span class='ocrx_word' id='word_1_766' title='bbox 2799 2800 3167 2871; x_wconf 86' lang='grc' dir='ltr'><em>ἀγρυπνοῦντι</em></span> <span class='ocrx_word' id='word_1_767' title='bbox 3218 2801 3312 2853; x_wconf 78' lang='grc' dir='ltr'><em>καὶ</em></span> <span class='ocrx_word' id='word_1_768' title='bbox 3350 2799 3643 2867; x_wconf 82' lang='grc' dir='ltr'><em>ἐφεστῶτι,</em></span> <span class='ocrx_word' id='word_1_769' title='bbox 3683 2798 3764 2870; x_wconf 82' lang='grc' dir='ltr'><em>τῷ</em></span> 
     </span>
    </p>
   </div>
   <div class='ocr_carea' id='block_1_95' title="bbox 2077 2882 3809 2959">
    <p class='ocr_par' dir='ltr' id='par_1_95' title="bbox 2077 2882 3809 2959">
     <span class='ocr_line' id='line_1_95' title="bbox 2077 2882 3809 2959; baseline 0.001 -20"><span class='ocrx_word' id='word_1_770' title='bbox 2077 2885 2255 2940; x_wconf 84' lang='grc' dir='ltr'><em>πάντα</em></span> <span class='ocrx_word' id='word_1_771' title='bbox 2296 2887 2437 2958; x_wconf 85' lang='grc' dir='ltr'><em>ὑπὲρ</em></span> <span class='ocrx_word' id='word_1_772' title='bbox 2460 2886 2561 2956; x_wconf 82' lang='grc' dir='ltr'><em>τῆς</em></span> <span class='ocrx_word' id='word_1_773' title='bbox 2589 2888 2865 2959; x_wconf 87' lang='grc' dir='ltr'><em>σωτηρίας</em></span> <span class='ocrx_word' id='word_1_774' title='bbox 2889 2887 2997 2942; x_wconf 89' lang='grc' dir='ltr'><em>τῶν</em></span> <span class='ocrx_word' id='word_1_775' title='bbox 3047 2888 3507 2959; x_wconf 89' lang='grc' dir='ltr'><em>μαθητευομένων</em></span> <span class='ocrx_word' id='word_1_776' title='bbox 3552 2888 3763 2958; x_wconf 87' lang='grc' dir='ltr'><em>ὑπομέ-</em></span> <span class='ocrx_word' id='word_1_777' title='bbox 3800 2882 3809 2887; x_wconf 67' lang='grc'><strong>’</strong></span> 
     </span>
    </p>
   </div>
   <div class='ocr_carea' id='block_1_96' title="bbox 2074 2975 3762 3047">
    <p class='ocr_par' dir='ltr' id='par_1_96' title="bbox 2074 2975 3762 3047">
     <span class='ocr_line' id='line_1_96' title="bbox 2074 2975 3762 3047; baseline 0.003 -21"><span class='ocrx_word' id='word_1_778' title='bbox 2074 2990 2241 3037; x_wconf 88' lang='grc' dir='ltr'><em>νοντι,</em></span> <span class='ocrx_word' id='word_1_779' title='bbox 2264 2975 2504 3045; x_wconf 78' lang='grc' dir='ltr'><em>ἥρμοττε</em></span> <span class='ocrx_word' id='word_1_780' title='bbox 2526 2976 2706 3043; x_wconf 85' lang='grc' dir='ltr'><em>λέγειν</em></span> <span class='ocrx_word' id='word_1_781' title='bbox 2723 2994 2737 3006; x_wconf 89' lang='grc'>·</span> <span class='ocrx_word' id='word_1_782' title='bbox 2772 2977 2933 3047; x_wconf 85' lang='grc' dir='ltr'><em>ἡμεῖς</em></span> <span class='ocrx_word' id='word_1_783' title='bbox 2954 2976 3013 3028; x_wconf 78' lang='grc' dir='ltr'><em>δὲ</em></span> <span class='ocrx_word' id='word_1_784' title='bbox 3042 2976 3102 3029; x_wconf 87' lang='grc' dir='ltr'><em>τὸ</em></span> <span class='ocrx_word' id='word_1_785' title='bbox 3122 2975 3370 3039; x_wconf 81' lang='grc' dir='ltr'><em>Μωσέως</em></span> <span class='ocrx_word' id='word_1_786' title='bbox 3397 2976 3650 3047; x_wconf 79' lang='grc' dir='ltr'><em>ἐροῦμεν,</em></span> <span class='ocrx_word' id='word_1_787' title='bbox 3679 2976 3762 3031; x_wconf 83' lang='grc' dir='ltr'><em>ὅτι</em></span> 
     </span>
    </p>
   </div>
   <div class='ocr_carea' id='block_1_97' title="bbox 2089 3060 3765 3134">
    <p class='ocr_par' dir='ltr' id='par_1_97' title="bbox 2089 3060 3765 3134">
     <span class='ocr_line' id='line_1_97' title="bbox 2089 3060 3765 3134; baseline 0.002 -19"><span class='ocrx_word' id='word_1_788' title='bbox 2089 3060 2373 3131; x_wconf 77' lang='grc' dir='ltr'><em>Ὠργίσθη</em></span> <span class='ocrx_word' id='word_1_789' title='bbox 2409 3078 2512 3131; x_wconf 82' lang='grc' dir='ltr'><em>μοι</em></span> <span class='ocrx_word' id='word_1_790' title='bbox 2548 3063 2766 3131; x_wconf 87' lang='grc' dir='ltr'><em>Κύριος</em></span> <span class='ocrx_word' id='word_1_791' title='bbox 2801 3062 2878 3115; x_wconf 87' lang='grc' dir='ltr'><em>δι’</em></span> <span class='ocrx_word' id='word_1_792' title='bbox 2901 3062 3077 3132; x_wconf 82' lang='grc' dir='ltr'><em>ὑμᾶς,</em></span> <span class='ocrx_word' id='word_1_793' title='bbox 3108 3063 3198 3117; x_wconf 81' lang='grc' dir='ltr'><em>ὅτι</em></span> <span class='ocrx_word' id='word_1_794' title='bbox 3218 3066 3302 3131; x_wconf 79' lang='grc' dir='ltr'><em>είς</em></span> <span class='ocrx_word' id='word_1_795' title='bbox 3339 3064 3546 3119; x_wconf 62' lang='grc' dir='ltr'><em>πολλὰ</em></span> <span class='ocrx_word' id='word_1_796' title='bbox 3576 3064 3765 3134; x_wconf 77' lang='grc' dir='ltr'><em>ἁμαρ-</em></span> 
     </span>
    </p>
   </div>
   <div class='ocr_carea' id='block_1_98' title="bbox 2075 3149 3763 3227">
    <p class='ocr_par' dir='ltr' id='par_1_98' title="bbox 2075 3149 3763 3227">
     <span class='ocr_line' id='line_1_98' title="bbox 2075 3149 3763 3227; baseline 0.004 -24"><span class='ocrx_word' id='word_1_797' title='bbox 2075 3149 2311 3219; x_wconf 79' lang='grc' dir='ltr'><em>τήματα</em></span> <span class='ocrx_word' id='word_1_798' title='bbox 2355 3150 2646 3223; x_wconf 71' lang='grc' dir='ltr'><em>προάγετε</em></span> <span class='ocrx_word' id='word_1_799' title='bbox 2696 3151 2798 3207; x_wconf 82' lang='grc' dir='ltr'><em>καί</em></span> <span class='ocrx_word' id='word_1_800' title='bbox 2846 3151 3026 3224; x_wconf 74' lang='grc' dir='ltr'><em>ἡμᾶς.</em></span> <span class='ocrx_word' id='word_1_801' title='bbox 3075 3153 3244 3208; x_wconf 84' lang='grc' dir='ltr'><em>Ὅταν</em></span> <span class='ocrx_word' id='word_1_802' title='bbox 3297 3154 3408 3226; x_wconf 84' lang='grc' dir='ltr'><em>γάρ</em></span> <span class='ocrx_word' id='word_1_803' title='bbox 3462 3154 3763 3227; x_wconf 76' lang='grc' dir='ltr'><em>ἀθυμῶμεν</em></span> 
     </span>
    </p>
   </div>
   <div class='ocr_carea' id='block_1_99' title="bbox 2075 3237 3758 3315">
    <p class='ocr_par' dir='ltr' id='par_1_99' title="bbox 2075 3237 3758 3315">
     <span class='ocr_line' id='line_1_99' title="bbox 2075 3237 3758 3315; baseline 0.005 -26"><span class='ocrx_word' id='word_1_804' title='bbox 2075 3237 2311 3309; x_wconf 83' lang='grc' dir='ltr'><em>δρῶντες</em></span> <span class='ocrx_word' id='word_1_805' title='bbox 2336 3240 2482 3311; x_wconf 73' lang='grc' dir='ltr'><em>ὑμᾶς</em></span> <span class='ocrx_word' id='word_1_806' title='bbox 2535 3241 2597 3293; x_wconf 92' lang='lat'><em>06</em></span> <span class='ocrx_word' id='word_1_807' title='bbox 2652 3241 3085 3312; x_wconf 85' lang='grc' dir='ltr'><em>προκόπτοντας,</em></span> <span class='ocrx_word' id='word_1_808' title='bbox 3118 3242 3179 3294; x_wconf 88' lang='grc' dir='ltr'><em>οὑ</em></span> <span class='ocrx_word' id='word_1_809' title='bbox 3206 3242 3267 3295; x_wconf 84' lang='grc' dir='ltr'><em>τὸ</em></span> <span class='ocrx_word' id='word_1_810' title='bbox 3298 3242 3460 3296; x_wconf 83' lang='grc' dir='ltr'><em>πλέον</em></span> <span class='ocrx_word' id='word_1_811' title='bbox 3508 3243 3639 3313; x_wconf 83' lang='grc' dir='ltr'><em>ἡμῖν</em></span> <span class='ocrx_word' id='word_1_812' title='bbox 3664 3244 3758 3315; x_wconf 85' lang='grc' dir='ltr'><em>τῆς</em></span> 
     </span>
    </p>
   </div>
   <div class='ocr_carea' id='block_1_100' title="bbox 2079 3326 3760 3402">
    <p class='ocr_par' dir='ltr' id='par_1_100' title="bbox 2079 3326 3760 3402">
     <span class='ocr_line' id='line_1_100' title="bbox 2079 3326 3760 3402; baseline 0.004 -24"><span class='ocrx_word' id='word_1_813' title='bbox 2079 3326 2260 3393; x_wconf 76' lang='grc' dir='ltr'><em>ἰσχύος</em></span> <span class='ocrx_word' id='word_1_814' title='bbox 2285 3328 2649 3396; x_wconf 72' lang='grc' dir='ltr'><em>καταπίπτει,</em></span> <span class='ocrx_word' id='word_1_815' title='bbox 2681 3329 2747 3382; x_wconf 90' lang='grc' dir='ltr'><em>Τί</em></span> <span class='ocrx_word' id='word_1_816' title='bbox 2780 3329 2911 3401; x_wconf 84' lang='grc' dir='ltr'><em>γὰρ,</em></span> <span class='ocrx_word' id='word_1_817' title='bbox 2942 3330 3063 3383; x_wconf 83' lang='grc' dir='ltr'><em>εἰπέ</em></span> <span class='ocrx_word' id='word_1_818' title='bbox 3091 3346 3203 3400; x_wconf 91' lang='grc' dir='ltr'><em>μοι,</em></span> <span class='ocrx_word' id='word_1_819' title='bbox 3241 3329 3495 3399; x_wconf 87' lang='grc' dir='ltr'><em>γέγονεν;</em></span> <span class='ocrx_word' id='word_1_820' title='bbox 3526 3330 3656 3385; x_wconf 79' lang='grc' dir='ltr'><em>Ἰδοὺ</em></span> <span class='ocrx_word' id='word_1_821' title='bbox 3694 3333 3760 3402; x_wconf 72' lang='grc' dir='ltr'><em>τῇ</em></span> 
     </span>
    </p>
   </div>
   <div class='ocr_carea' id='block_1_101' title="bbox 2075 3414 3763 3490">
    <p class='ocr_par' dir='ltr' id='par_1_101' title="bbox 2075 3414 3763 3490">
     <span class='ocr_line' id='line_1_101' title="bbox 2075 3414 3763 3490; baseline 0.004 -24"><span class='ocrx_word' id='word_1_822' title='bbox 2075 3414 2260 3484; x_wconf 86' lang='grc' dir='ltr'><em>χάριτι</em></span> <span class='ocrx_word' id='word_1_823' title='bbox 2297 3415 2392 3468; x_wconf 88' lang='grc' dir='ltr'><em>τοῦ</em></span> <span class='ocrx_word' id='word_1_824' title='bbox 2430 3415 2567 3469; x_wconf 86' lang='grc' dir='ltr'><em>Θεοῦ</em></span> <span class='ocrx_word' id='word_1_825' title='bbox 2600 3417 2692 3470; x_wconf 79' lang='grc' dir='ltr'><em>καὶ</em></span> <span class='ocrx_word' id='word_1_826' title='bbox 2726 3418 2886 3486; x_wconf 81' lang='grc' dir='ltr'><em>ἡμεῖς</em></span> <span class='ocrx_word' id='word_1_827' title='bbox 2912 3417 3099 3470; x_wconf 73' lang='grc' dir='ltr'><em>λοιπὸν</em></span> <span class='ocrx_word' id='word_1_828' title='bbox 3148 3419 3394 3489; x_wconf 87' lang='grc' dir='ltr'><em>τριετίαν</em></span> <span class='ocrx_word' id='word_1_829' title='bbox 3421 3418 3636 3490; x_wconf 75' lang='grc' dir='ltr'><em>ἔχομεν,</em></span> <span class='ocrx_word' id='word_1_830' title='bbox 3671 3418 3763 3472; x_wconf 78' lang='grc' dir='ltr'><em>νύ-</em></span> 
     </span>
    </p>
   </div>
   <div class='ocr_carea' id='block_1_102' title="bbox 2076 3502 3763 3576">
    <p class='ocr_par' dir='ltr' id='par_1_102' title="bbox 2076 3502 3763 3576">
     <span class='ocr_line' id='line_1_102' title="bbox 2076 3502 3763 3576; baseline 0.005 -23"><span class='ocrx_word' id='word_1_831' title='bbox 2076 3518 2181 3556; x_wconf 87' lang='grc' dir='ltr'><em>κτα</em></span> <span class='ocrx_word' id='word_1_832' title='bbox 2211 3502 2312 3573; x_wconf 82' lang='grc' dir='ltr'><em>μὲν</em></span> <span class='ocrx_word' id='word_1_833' title='bbox 2341 3504 2436 3557; x_wconf 78' lang='grc' dir='ltr'><em>καὶ</em></span> <span class='ocrx_word' id='word_1_834' title='bbox 2482 3504 2696 3575; x_wconf 82' lang='grc' dir='ltr'><em>ἡμέραν</em></span> <span class='ocrx_word' id='word_1_835' title='bbox 2747 3504 2806 3557; x_wconf 92' lang='grc' dir='ltr'><em>οὑ</em></span> <span class='ocrx_word' id='word_1_836' title='bbox 2836 3505 3304 3576; x_wconf 88' lang='grc' dir='ltr'><em>παρακαλοῦντες,</em></span> <span class='ocrx_word' id='word_1_837' title='bbox 3353 3505 3441 3560; x_wconf 82' lang='grc' dir='ltr'><em>διά</em></span> <span class='ocrx_word' id='word_1_838' title='bbox 3488 3505 3658 3576; x_wconf 85' lang='grc' dir='ltr'><em>τριῶν</em></span> <span class='ocrx_word' id='word_1_839' title='bbox 3703 3505 3763 3561; x_wconf 66' lang='grc' dir='ltr'><em>δὲ</em></span> 
     </span>
    </p>
   </div>
   <div class='ocr_carea' id='block_1_103' title="bbox 2076 3589 3760 3663">
    <p class='ocr_par' dir='ltr' id='par_1_103' title="bbox 2076 3589 3760 3663">
     <span class='ocr_line' id='line_1_103' title="bbox 2076 3589 3760 3663; baseline 0.002 -22"><span class='ocrx_word' id='word_1_840' title='bbox 2076 3589 2337 3654; x_wconf 84' lang='grc' dir='ltr'><em>πολλάκις</em></span> <span class='ocrx_word' id='word_1_841' title='bbox 2365 3591 2643 3663; x_wconf 87' lang='grc' dir='ltr'><em>ἡμερῶνὴ</em></span> <span class='ocrx_word' id='word_1_842' title='bbox 2677 3594 2744 3646; x_wconf 85' lang='grc' dir='ltr'><em>δι’</em></span> <span class='ocrx_word' id='word_1_843' title='bbox 2777 3592 2917 3645; x_wconf 72' lang='grc' dir='ltr'><em>ἑπτα</em></span> <span class='ocrx_word' id='word_1_844' title='bbox 2951 3592 3108 3646; x_wconf 86' lang='grc' dir='ltr'><em>τοῦτο</em></span> <span class='ocrx_word' id='word_1_845' title='bbox 3136 3591 3436 3655; x_wconf 82' lang='grc' dir='ltr'><em>ποιοῦντες.</em></span> <span class='ocrx_word' id='word_1_846' title='bbox 3479 3593 3545 3645; x_wconf 88' lang='grc' dir='ltr'><em>Τί</em></span> <span class='ocrx_word' id='word_1_847' title='bbox 3567 3594 3760 3663; x_wconf 88' lang='grc' dir='ltr'><em>γέγονε</em></span> 
     </span>
    </p>
   </div>
   <div class='ocr_carea' id='block_1_104' title="bbox 2076 3677 3754 3750">
    <p class='ocr_par' dir='ltr' id='par_1_104' title="bbox 2076 3677 3754 3750">
     <span class='ocr_line' id='line_1_104' title="bbox 2076 3677 3754 3750; baseline 0.002 -21"><span class='ocrx_word' id='word_1_848' title='bbox 2076 3677 2273 3744; x_wconf 88' lang='grc' dir='ltr'><em>πλέον;</em></span> <span class='ocrx_word' id='word_1_849' title='bbox 2331 3678 2726 3750; x_wconf 83' lang='grc' dir='ltr'><em>Ἐγκαλυῦμεν,</em></span> <span class='ocrx_word' id='word_1_850' title='bbox 2766 3679 3132 3750; x_wconf 86' lang='grc' dir='ltr'><em>ἐπιτιμῶμεν,</em></span> <span class='ocrx_word' id='word_1_851' title='bbox 3180 3678 3511 3750; x_wconf 84' lang='grc' dir='ltr'><em>δακρύομεν,</em></span> <span class='ocrx_word' id='word_1_852' title='bbox 3563 3679 3754 3733; x_wconf 67' lang='grc' dir='ltr'><em>όδυνώι</em></span> 
     </span>
    </p>
   </div>
   <div class='ocr_carea' id='block_1_105' title="bbox 2080 3764 3761 3840">
    <p class='ocr_par' dir='ltr' id='par_1_105' title="bbox 2080 3764 3761 3840">
     <span class='ocr_line' id='line_1_105' title="bbox 2080 3764 3761 3840; baseline 0.003 -24"><span class='ocrx_word' id='word_1_853' title='bbox 2080 3764 2239 3833; x_wconf 86' lang='grc' dir='ltr'><em>μεθα,</em></span> <span class='ocrx_word' id='word_1_854' title='bbox 2273 3766 2322 3817; x_wconf 88' lang='grc' dir='ltr'><em>εί</em></span> <span class='ocrx_word' id='word_1_855' title='bbox 2352 3766 2445 3819; x_wconf 81' lang='grc' dir='ltr'><em>καὶ</em></span> <span class='ocrx_word' id='word_1_856' title='bbox 2477 3765 2552 3837; x_wconf 80' lang='grc' dir='ltr'><em>μὴ</em></span> <span class='ocrx_word' id='word_1_857' title='bbox 2580 3767 2852 3838; x_wconf 83' lang='grc' dir='ltr'><em>φανερῶς,</em></span> <span class='ocrx_word' id='word_1_858' title='bbox 2888 3767 3025 3821; x_wconf 87' lang='grc' dir='ltr'><em>άλλά</em></span> <span class='ocrx_word' id='word_1_859' title='bbox 3076 3767 3218 3821; x_wconf 88' lang='grc' dir='ltr'><em>κατά</em></span> <span class='ocrx_word' id='word_1_860' title='bbox 3245 3768 3496 3840; x_wconf 88' lang='grc' dir='ltr'><em>καρδίαν.</em></span> <span class='ocrx_word' id='word_1_861' title='bbox 3547 3769 3761 3822; x_wconf 85' lang='grc' dir='ltr'><em>Ἐκεῖνα</em></span> 
     </span>
    </p>
   </div>
   <div class='ocr_carea' id='block_1_106' title="bbox 2074 3850 3760 3928">
    <p class='ocr_par' dir='ltr' id='par_1_106' title="bbox 2074 3850 3760 3928">
     <span class='ocr_line' id='line_1_106' title="bbox 2074 3850 3760 3928; baseline 0.003 -25"><span class='ocrx_word' id='word_1_862' title='bbox 2074 3850 2131 3903; x_wconf 86' lang='grc' dir='ltr'><em>δέ</em></span> <span class='ocrx_word' id='word_1_863' title='bbox 2167 3850 2303 3905; x_wconf 83' lang='grc' dir='ltr'><em>πολὺ</em></span> <span class='ocrx_word' id='word_1_864' title='bbox 2339 3851 2545 3906; x_wconf 89' lang='grc' dir='ltr'><em>τούτων</em></span> <span class='ocrx_word' id='word_1_865' title='bbox 2569 3853 2637 3907; x_wconf 82' lang='grc' dir='ltr'><em>τά</em></span> <span class='ocrx_word' id='word_1_866' title='bbox 2662 3854 2872 3928; x_wconf 88' lang='grc' dir='ltr'><em>δάκρυα</em></span> <span class='ocrx_word' id='word_1_867' title='bbox 2906 3854 3248 3927; x_wconf 69' lang='grc' dir='ltr'><em>κουφότερα*</em></span> <span class='ocrx_word' id='word_1_868' title='bbox 3283 3853 3457 3909; x_wconf 87' lang='grc' dir='ltr'><em>ταῦτα</em></span> <span class='ocrx_word' id='word_1_869' title='bbox 3509 3855 3607 3927; x_wconf 74' lang='grc' dir='ltr'><em>μὲν</em></span> <span class='ocrx_word' id='word_1_870' title='bbox 3651 3854 3760 3927; x_wconf 73' lang='grc' dir='ltr'><em>γὰρ</em></span> 
     </span>
    </p>
   </div>
   <div class='ocr_carea' id='block_1_107' title="bbox 2076 3939 3760 4017">
    <p class='ocr_par' dir='ltr' id='par_1_107' title="bbox 2076 3939 3760 4017">
     <span class='ocr_line' id='line_1_107' title="bbox 2076 3939 3760 4017; baseline 0.003 -26"><span class='ocrx_word' id='word_1_871' title='bbox 2076 3939 2232 4010; x_wconf 87' lang='grc' dir='ltr'><em>φέρει</em></span> <span class='ocrx_word' id='word_1_872' title='bbox 2282 3939 2407 3995; x_wconf 81' lang='grc' dir='ltr'><em>τινὰ</em></span> <span class='ocrx_word' id='word_1_873' title='bbox 2440 3943 2555 4005; x_wconf 87' lang='grc' dir='ltr'><em>τοῖς</em></span> <span class='ocrx_word' id='word_1_874' title='bbox 2585 3941 2854 4012; x_wconf 84' lang='grc' dir='ltr'><em>ἀθυμοῦσι</em></span> <span class='ocrx_word' id='word_1_875' title='bbox 2881 3942 3262 4014; x_wconf 87' lang='grc' dir='ltr'><em>παραμυθίαν,</em></span> <span class='ocrx_word' id='word_1_876' title='bbox 3293 3944 3478 3998; x_wconf 86' lang='grc' dir='ltr'><em>ἐκεῖνα</em></span> <span class='ocrx_word' id='word_1_877' title='bbox 3502 3942 3559 3997; x_wconf 80' lang='grc' dir='ltr'><em>δὲ</em></span> <span class='ocrx_word' id='word_1_878' title='bbox 3590 3943 3760 4017; x_wconf 76' lang='grc' dir='ltr'><em>αὐτὴν</em></span> 
     </span>
    </p>
   </div>
   <div class='ocr_carea' id='block_1_108' title="bbox 2076 4026 3759 4103">
    <p class='ocr_par' dir='ltr' id='par_1_108' title="bbox 2076 4026 3759 4103">
     <span class='ocr_line' id='line_1_108' title="bbox 2076 4026 3759 4103; baseline 0.004 -26"><span class='ocrx_word' id='word_1_879' title='bbox 2076 4026 2338 4081; x_wconf 77' lang='grc' dir='ltr'><em>ἐπιτείνει</em></span> <span class='ocrx_word' id='word_1_880' title='bbox 2369 4028 2462 4082; x_wconf 83' lang='grc' dir='ltr'><em>καὶ</em></span> <span class='ocrx_word' id='word_1_881' title='bbox 2480 4028 2806 4098; x_wconf 33' lang='grc' dir='ltr'><em>θσυσφίγγει.</em></span> <span class='ocrx_word' id='word_1_882' title='bbox 2844 4030 3000 4085; x_wconf 86' lang='grc' dir='ltr'><em>Οῦτω</em></span> <span class='ocrx_word' id='word_1_883' title='bbox 3032 4030 3125 4086; x_wconf 75' lang='grc' dir='ltr'><em>καὶ</em></span> <span class='ocrx_word' id='word_1_884' title='bbox 3146 4030 3275 4086; x_wconf 83' lang='grc' dir='ltr'><em>ὅταν</em></span> <span class='ocrx_word' id='word_1_885' title='bbox 3298 4039 3323 4070; x_wconf 80' lang='grc' dir='ltr'><strong><em>ο</em></strong></span> <span class='ocrx_word' id='word_1_886' title='bbox 3351 4032 3410 4085; x_wconf 80' lang='grc' dir='ltr'><em>ἐν</em></span> <span class='ocrx_word' id='word_1_887' title='bbox 3434 4031 3644 4103; x_wconf 74' lang='grc' dir='ltr'><em>ἀθυμίᾳ</em></span> <span class='ocrx_word' id='word_1_888' title='bbox 3676 4048 3759 4096; x_wconf 91' lang='grc' dir='ltr'><em>τις</em></span> 
     </span>
    </p>
   </div>
   <div class='ocr_carea' id='block_1_109' title="bbox 2074 4109 3759 4189">
    <p class='ocr_par' dir='ltr' id='par_1_109' title="bbox 2074 4109 3759 4189">
     <span class='ocr_line' id='line_1_109' title="bbox 2074 4109 3759 4189; baseline 0.003 -22"><span class='ocrx_word' id='word_1_889' title='bbox 2074 4109 2132 4187; x_wconf 81' lang='grc' dir='ltr'><em>ᾗ,</em></span> <span class='ocrx_word' id='word_1_890' title='bbox 2172 4116 2370 4186; x_wconf 77' lang='grc' dir='ltr'><em>καὶμὴ</em></span> <span class='ocrx_word' id='word_1_891' title='bbox 2409 4116 2634 4185; x_wconf 89' lang='grc' dir='ltr'><em>δύνηται</em></span> <span class='ocrx_word' id='word_1_892' title='bbox 2666 4116 2973 4185; x_wconf 76' lang='grc' dir='ltr'><em>ἐξενεγκεῖν</em></span> <span class='ocrx_word' id='word_1_893' title='bbox 3025 4116 3125 4189; x_wconf 79' lang='grc' dir='ltr'><em>τὴν</em></span> <span class='ocrx_word' id='word_1_894' title='bbox 3177 4117 3469 4188; x_wconf 88' lang='grc' dir='ltr'><em>ἀλγηδόνα,</em></span> <span class='ocrx_word' id='word_1_895' title='bbox 3496 4116 3639 4172; x_wconf 84' lang='grc' dir='ltr'><em>ὥστε</em></span> <span class='ocrx_word' id='word_1_896' title='bbox 3681 4117 3759 4189; x_wconf 86' lang='grc' dir='ltr'><em>μὴ</em></span> 
     </span>
    </p>
   </div>
   <div class='ocr_carea' id='block_1_110' title="bbox 2074 4199 3760 4276">
    <p class='ocr_par' dir='ltr' id='par_1_110' title="bbox 2074 4199 3760 4276">
     <span class='ocr_line' id='line_1_110' title="bbox 2074 4199 3760 4276; baseline 0.002 -23"><span class='ocrx_word' id='word_1_897' title='bbox 2074 4201 2223 4266; x_wconf 77' lang='grc' dir='ltr'><em>δόξαι</em></span> <span class='ocrx_word' id='word_1_898' title='bbox 2252 4202 2527 4267; x_wconf 81' lang='grc' dir='ltr'><em>κενόδοξος</em></span> <span class='ocrx_word' id='word_1_899' title='bbox 2544 4199 2708 4267; x_wconf 78' lang='grc' dir='ltr'><em>εἶναι,</em></span> <span class='ocrx_word' id='word_1_900' title='bbox 2743 4206 2966 4274; x_wconf 76' lang='grc' dir='ltr'><em>μείζονα</em></span> <span class='ocrx_word' id='word_1_901' title='bbox 2992 4205 3101 4276; x_wconf 80' lang='grc' dir='ltr'><em>ἄρα</em></span> <span class='ocrx_word' id='word_1_902' title='bbox 3149 4205 3370 4274; x_wconf 86' lang='grc' dir='ltr'><em>πάσχει,</em></span> <span class='ocrx_word' id='word_1_903' title='bbox 3401 4204 3435 4275; x_wconf 81' lang='grc' dir='ltr'>ἢ</span> <span class='ocrx_word' id='word_1_904' title='bbox 3461 4205 3528 4259; x_wconf 76' lang='grc' dir='ltr'><em>ἂν</em></span> <span class='ocrx_word' id='word_1_905' title='bbox 3554 4204 3760 4274; x_wconf 87' lang='grc' dir='ltr'><em>ταύτην</em></span> 
     </span>
    </p>
   </div>
   <div class='ocr_carea' id='block_1_111' title="bbox 2077 4285 3759 4362">
    <p class='ocr_par' dir='ltr' id='par_1_111' title="bbox 2077 4285 3759 4362">
     <span class='ocr_line' id='line_1_111' title="bbox 2077 4285 3759 4362; baseline 0.004 -24"><span class='ocrx_word' id='word_1_906' title='bbox 2077 4287 2389 4357; x_wconf 75' lang='grc' dir='ltr'><em>ἐξήνεγκεν.</em></span> <span class='ocrx_word' id='word_1_907' title='bbox 2420 4288 2484 4342; x_wconf 74' lang='lat' dir='ltr'><em>El</em></span> <span class='ocrx_word' id='word_1_908' title='bbox 2509 4290 2582 4361; x_wconf 83' lang='grc' dir='ltr'><em>μή</em></span> <span class='ocrx_word' id='word_1_909' title='bbox 2621 4290 2690 4359; x_wconf 86' lang='grc' dir='ltr'><em>μέ</em></span> <span class='ocrx_word' id='word_1_910' title='bbox 2712 4306 2797 4352; x_wconf 88' lang='grc' dir='ltr'><em>τις</em></span> <span class='ocrx_word' id='word_1_911' title='bbox 2822 4289 3006 4360; x_wconf 74' lang='grc' dir='ltr'><em>ἔκρινε</em></span> <span class='ocrx_word' id='word_1_912' title='bbox 3029 4290 3341 4361; x_wconf 84' lang='grc' dir='ltr'><em>φιλοτιμίας</em></span> <span class='ocrx_word' id='word_1_913' title='bbox 3372 4291 3654 4362; x_wconf 82' lang='grc' dir='ltr'><em>περιττῆς,</em></span> <span class='ocrx_word' id='word_1_914' title='bbox 3679 4285 3759 4344; x_wconf 64' lang='grc' dir='ltr'><em>εἷς</em></span> 
     </span>
    </p>
   </div>
   <div class='ocr_carea' id='block_1_112' title="bbox 2073 4373 3753 4449">
    <p class='ocr_par' dir='ltr' id='par_1_112' title="bbox 2073 4373 3753 4449">
     <span class='ocr_line' id='line_1_112' title="bbox 2073 4373 3753 4449; baseline 0.004 -24"><span class='ocrx_word' id='word_1_915' title='bbox 2073 4373 2161 4437; x_wconf 88' lang='grc' dir='ltr'><em>δες</em></span> <span class='ocrx_word' id='word_1_916' title='bbox 2193 4374 2260 4427; x_wconf 87' lang='grc' dir='ltr'><em>ἂν</em></span> <span class='ocrx_word' id='word_1_917' title='bbox 2292 4374 2412 4427; x_wconf 81' lang='grc' dir='ltr'><em>καθ’</em></span> <span class='ocrx_word' id='word_1_918' title='bbox 2448 4375 2686 4447; x_wconf 75' lang='grc' dir='ltr'><em>ἑκάστην</em></span> <span class='ocrx_word' id='word_1_919' title='bbox 2723 4378 2936 4449; x_wconf 88' lang='grc' dir='ltr'><em>ἡμέραν</em></span> <span class='ocrx_word' id='word_1_920' title='bbox 2984 4377 3168 4448; x_wconf 87' lang='grc' dir='ltr'><em>πηγὰς</em></span> <span class='ocrx_word' id='word_1_921' title='bbox 3199 4375 3450 4449; x_wconf 89' lang='grc' dir='ltr'><em>δακρύων</em></span> <span class='ocrx_word' id='word_1_922' title='bbox 3487 4377 3719 4448; x_wconf 83' lang='grc' dir='ltr'><em>ἀφιέντα</em></span> <span class='ocrx_word' id='word_1_923' title='bbox 3739 4396 3753 4409; x_wconf 90' lang='grc'><strong>·</strong></span> 
     </span>
    </p>
   </div>
   <div class='ocr_carea' id='block_1_113' title="bbox 2075 4460 3759 4541">
    <p class='ocr_par' dir='ltr' id='par_1_113' title="bbox 2075 4460 3759 4541">
     <span class='ocr_line' id='line_1_113' title="bbox 2075 4460 3759 4541; baseline 0.003 -27"><span class='ocrx_word' id='word_1_924' title='bbox 2075 4460 2276 4525; x_wconf 86' lang='grc' dir='ltr'><em>ταύτας</em></span> <span class='ocrx_word' id='word_1_925' title='bbox 2294 4462 2356 4515; x_wconf 85' lang='grc' dir='ltr'><em>δέ</em></span> <span class='ocrx_word' id='word_1_926' title='bbox 2384 4479 2476 4532; x_wconf 90' lang='grc' dir='ltr'><em>μοι</em></span> <span class='ocrx_word' id='word_1_927' title='bbox 2506 4463 2744 4518; x_wconf 87' lang='grc' dir='ltr'><em>σύνοιδεν</em></span> <span class='ocrx_word' id='word_1_928' title='bbox 2769 4466 2798 4517; x_wconf 89' lang='lat'><em>0</em></span> <span class='ocrx_word' id='word_1_929' title='bbox 2823 4465 3065 4528; x_wconf 81' lang='grc' dir='ltr'><em>οίκίσκος</em></span> <span class='ocrx_word' id='word_1_930' title='bbox 3094 4466 3189 4519; x_wconf 78' lang='grc' dir='ltr'><em>καὶ</em></span> <span class='ocrx_word' id='word_1_931' title='bbox 3211 4467 3246 4541; x_wconf 90' lang='grc' dir='ltr'><em>ἡ</em></span> <span class='ocrx_word' id='word_1_932' title='bbox 3268 4464 3494 4537; x_wconf 85' lang='grc' dir='ltr'><em>ἐρημία.</em></span> <span class='ocrx_word' id='word_1_933' title='bbox 3530 4463 3759 4521; x_wconf 86' lang='grc' dir='ltr'><em>Πιστεύ-</em></span> 
     </span>
    </p>
   </div>
   <div class='ocr_carea' id='block_1_114' title="bbox 2077 4550 3759 4626">
    <p class='ocr_par' dir='ltr' id='par_1_114' title="bbox 2077 4550 3759 4626">
     <span class='ocr_line' id='line_1_114' title="bbox 2077 4550 3759 4626; baseline 0.004 -25"><span class='ocrx_word' id='word_1_934' title='bbox 2077 4566 2205 4601; x_wconf 87' lang='grc' dir='ltr'><em>σατε</em></span> <span class='ocrx_word' id='word_1_935' title='bbox 2234 4550 2342 4621; x_wconf 89' lang='grc' dir='ltr'><em>γάρ</em></span> <span class='ocrx_word' id='word_1_936' title='bbox 2382 4568 2494 4621; x_wconf 88' lang='grc' dir='ltr'><em>μοι,</em></span> <span class='ocrx_word' id='word_1_937' title='bbox 2532 4552 2631 4621; x_wconf 84' lang='grc' dir='ltr'><em>τῆς</em></span> <span class='ocrx_word' id='word_1_938' title='bbox 2667 4553 2765 4623; x_wconf 83' lang='grc' dir='ltr'><em>μὲν</em></span> <span class='ocrx_word' id='word_1_939' title='bbox 2796 4553 3034 4622; x_wconf 77' lang='grc' dir='ltr'><em>ἐμαυτοῦ</em></span> <span class='ocrx_word' id='word_1_940' title='bbox 3078 4555 3353 4626; x_wconf 86' lang='grc' dir='ltr'><em>σωτηρίας</em></span> <span class='ocrx_word' id='word_1_941' title='bbox 3381 4554 3657 4623; x_wconf 87' lang='grc' dir='ltr'><em>ἀπέγνων,</em></span> <span class='ocrx_word' id='word_1_942' title='bbox 3688 4553 3759 4607; x_wconf 75' lang='grc' dir='ltr'><em>τά</em></span> 
     </span>
    </p>
   </div>
   <div class='ocr_carea' id='block_1_115' title="bbox 2075 4636 3761 4711">
    <p class='ocr_par' dir='ltr' id='par_1_115' title="bbox 2075 4636 3761 4711">
     <span class='ocr_line' id='line_1_115' title="bbox 2075 4636 3761 4711; baseline 0.005 -23"><span class='ocrx_word' id='word_1_943' title='bbox 2075 4637 2133 4689; x_wconf 80' lang='grc' dir='ltr'><em>δὲ</em></span> <span class='ocrx_word' id='word_1_944' title='bbox 2164 4636 2406 4708; x_wconf 86' lang='grc' dir='ltr'><em>ὑμέτερα</em></span> <span class='ocrx_word' id='word_1_945' title='bbox 2430 4638 2664 4709; x_wconf 88' lang='grc' dir='ltr'><em>θρηνῶν,</em></span> <span class='ocrx_word' id='word_1_946' title='bbox 2693 4640 2816 4692; x_wconf 83' lang='grc' dir='ltr'><em>οὑδὲ</em></span> <span class='ocrx_word' id='word_1_947' title='bbox 2848 4641 3041 4711; x_wconf 81' lang='grc' dir='ltr'><em>σχολὴν</em></span> <span class='ocrx_word' id='word_1_948' title='bbox 3071 4640 3180 4711; x_wconf 78' lang='grc' dir='ltr'><em>έχω</em></span> <span class='ocrx_word' id='word_1_949' title='bbox 3214 4641 3285 4695; x_wconf 89' lang='grc' dir='ltr'><em>τά</em></span> <span class='ocrx_word' id='word_1_950' title='bbox 3335 4641 3575 4711; x_wconf 88' lang='grc' dir='ltr'><em>ἐμαυτοῦ</em></span> <span class='ocrx_word' id='word_1_951' title='bbox 3612 4642 3761 4696; x_wconf 77' lang='grc' dir='ltr'><em>κακά</em></span> 
     </span>
    </p>
   </div>
   <div class='ocr_carea' id='block_1_116' title="bbox 2077 4723 3757 4802">
    <p class='ocr_par' dir='ltr' id='par_1_116' title="bbox 2077 4723 3757 4802">
     <span class='ocr_line' id='line_1_116' title="bbox 2077 4723 3757 4802; baseline 0.004 -26"><span class='ocrx_word' id='word_1_952' title='bbox 2077 4723 2293 4777; x_wconf 86' lang='grc' dir='ltr'><em>πενθεῖν</em></span> <span class='ocrx_word' id='word_1_953' title='bbox 2313 4740 2327 4755; x_wconf 79' lang='grc'><strong><em>⁸</em></strong></span> <span class='ocrx_word' id='word_1_954' title='bbox 2374 4724 2519 4780; x_wconf 84' lang='grc' dir='ltr'><em>οῦτω</em></span> <span class='ocrx_word' id='word_1_955' title='bbox 2566 4744 2659 4797; x_wconf 90' lang='grc' dir='ltr'><em>μοι</em></span> <span class='ocrx_word' id='word_1_956' title='bbox 2700 4728 2878 4783; x_wconf 90' lang='grc' dir='ltr'><em>πάντα</em></span> <span class='ocrx_word' id='word_1_957' title='bbox 2928 4728 3090 4799; x_wconf 86' lang='grc' dir='ltr'><em>ὑμεῖς</em></span> <span class='ocrx_word' id='word_1_958' title='bbox 3118 4730 3263 4782; x_wconf 87' lang='grc' dir='ltr'><em>ἐστε.</em></span> <span class='ocrx_word' id='word_1_959' title='bbox 3301 4728 3424 4783; x_wconf 80' lang='grc' dir='ltr'><em>Κᾶν</em></span> <span class='ocrx_word' id='word_1_960' title='bbox 3476 4728 3757 4802; x_wconf 77' lang='grc' dir='ltr'><em>αἴσθωμαι</em></span> 
     </span>
    </p>
   </div>
   <div class='ocr_carea' id='block_1_117' title="bbox 2076 4809 3758 4888">
    <p class='ocr_par' dir='ltr' id='par_1_117' title="bbox 2076 4809 3758 4888">
     <span class='ocr_line' id='line_1_117' title="bbox 2076 4809 3758 4888; baseline 0.006 -27"><span class='ocrx_word' id='word_1_961' title='bbox 2076 4809 2411 4875; x_wconf 82' lang='grc' dir='ltr'><em>ἐπιδιδόντας</em></span> <span class='ocrx_word' id='word_1_962' title='bbox 2433 4812 2599 4882; x_wconf 76' lang='grc' dir='ltr'><em>ὑμᾶς,</em></span> <span class='ocrx_word' id='word_1_963' title='bbox 2643 4813 2743 4867; x_wconf 89' lang='grc' dir='ltr'><em>οὑκ</em></span> <span class='ocrx_word' id='word_1_964' title='bbox 2786 4813 3113 4886; x_wconf 81' lang='grc' dir='ltr'><em>αἰσθάνομαι</em></span> <span class='ocrx_word' id='word_1_965' title='bbox 3144 4815 3254 4869; x_wconf 85' lang='grc' dir='ltr'><em>τῶν</em></span> <span class='ocrx_word' id='word_1_966' title='bbox 3286 4815 3527 4888; x_wconf 88' lang='grc' dir='ltr'><em>ἐμαυτοῦ</em></span> <span class='ocrx_word' id='word_1_967' title='bbox 3568 4817 3758 4871; x_wconf 86' lang='grc' dir='ltr'><em>κακῶν</em></span> 
     </span>
    </p>
   </div>
   <div class='ocr_carea' id='block_1_118' title="bbox 2076 4895 3755 4976">
    <p class='ocr_par' dir='ltr' id='par_1_118' title="bbox 2076 4895 3755 4976">
     <span class='ocr_line' id='line_1_118' title="bbox 2076 4895 3755 4976; baseline 0.005 -27"><span class='ocrx_word' id='word_1_968' title='bbox 2076 4895 2182 4950; x_wconf 84' lang='grc' dir='ltr'><em>ὑπὸ</em></span> <span class='ocrx_word' id='word_1_969' title='bbox 2205 4897 2304 4968; x_wconf 80' lang='grc' dir='ltr'><em>τῆς</em></span> <span class='ocrx_word' id='word_1_970' title='bbox 2324 4898 2545 4971; x_wconf 51' lang='grc' dir='ltr'><em>ἡδονῆς</em></span> <span class='ocrx_word' id='word_1_971' title='bbox 2588 4899 2691 4954; x_wconf 78' lang='grc' dir='ltr'><em>κᾶν</em></span> <span class='ocrx_word' id='word_1_972' title='bbox 2717 4900 2812 4955; x_wconf 83' lang='grc' dir='ltr'><em>ίδω</em></span> <span class='ocrx_word' id='word_1_973' title='bbox 2847 4901 2922 4973; x_wconf 82' lang='grc' dir='ltr'><em>μὴ</em></span> <span class='ocrx_word' id='word_1_974' title='bbox 2955 4901 3308 4968; x_wconf 84' lang='grc' dir='ltr'><em>ἐπιδιδόντας,</em></span> <span class='ocrx_word' id='word_1_975' title='bbox 3341 4903 3448 4958; x_wconf 82' lang='grc' dir='ltr'><em>ὑπὸ</em></span> <span class='ocrx_word' id='word_1_976' title='bbox 3475 4905 3575 4976; x_wconf 81' lang='grc' dir='ltr'><em>τῆς</em></span> <span class='ocrx_word' id='word_1_977' title='bbox 3616 4904 3755 4960; x_wconf 86' lang='grc' dir='ltr'><em>ἀθυ-</em></span> 
     </span>
    </p>
   </div>
   <div class='ocr_carea' id='block_1_119' title="bbox 2077 4984 3757 5064">
    <p class='ocr_par' dir='ltr' id='par_1_119' title="bbox 2077 4984 3757 5064">
     <span class='ocr_line' id='line_1_119' title="bbox 2077 4984 3757 5064; baseline 0.005 -24"><span class='ocrx_word' id='word_1_978' title='bbox 2077 4984 2207 5056; x_wconf 88' lang='grc' dir='ltr'><em>μίας</em></span> <span class='ocrx_word' id='word_1_979' title='bbox 2235 4986 2398 5042; x_wconf 88' lang='grc' dir='ltr'><em>πάλιν</em></span> <span class='ocrx_word' id='word_1_980' title='bbox 2429 4988 2869 5062; x_wconf 87' lang='grc' dir='ltr'><em>παραπέμπομαι</em></span> <span class='ocrx_word' id='word_1_981' title='bbox 2894 4991 2965 5046; x_wconf 85' lang='grc' dir='ltr'><em>τά</em></span> <span class='ocrx_word' id='word_1_982' title='bbox 2994 4991 3105 5063; x_wconf 86' lang='grc' dir='ltr'><em>ἐμά</em></span> <span class='ocrx_word' id='word_1_983' title='bbox 3123 5007 3137 5021; x_wconf 72' lang='grc'><strong><em>³</em></strong></span> <span class='ocrx_word' id='word_1_984' title='bbox 3172 4991 3399 5063; x_wconf 71' lang='grc' dir='ltr'><em>φαιδρὸς</em></span> <span class='ocrx_word' id='word_1_985' title='bbox 3425 4993 3525 5064; x_wconf 79' lang='grc' dir='ltr'><em>μὲν</em></span> <span class='ocrx_word' id='word_1_986' title='bbox 3555 4994 3631 5048; x_wconf 84' lang='grc' dir='ltr'><em>ῶν</em></span> <span class='ocrx_word' id='word_1_987' title='bbox 3659 4993 3757 5048; x_wconf 79' lang='grc' dir='ltr'><em>ἐπὶ</em></span> 
     </span>
    </p>
   </div>
   <div class='ocr_carea' id='block_1_120' title="bbox 2073 5074 3755 5153">
    <p class='ocr_par' dir='ltr' id='par_1_120' title="bbox 2073 5074 3755 5153">
     <span class='ocr_line' id='line_1_120' title="bbox 2073 5074 3755 5153; baseline 0.004 -25"><span class='ocrx_word' id='word_1_988' title='bbox 2073 5075 2183 5138; x_wconf 88' lang='grc' dir='ltr'><em>τοῖς</em></span> <span class='ocrx_word' id='word_1_989' title='bbox 2210 5074 2494 5147; x_wconf 85' lang='grc' dir='ltr'><em>ὑμετέροις</em></span> <span class='ocrx_word' id='word_1_990' title='bbox 2530 5076 3067 5152; x_wconf 75' lang='grc' dir='ltr'><em>ἀγαθοῖς,[356]κᾶν</em></span> <span class='ocrx_word' id='word_1_991' title='bbox 3101 5079 3272 5153; x_wconf 89' lang='grc' dir='ltr'><em>μυρία</em></span> <span class='ocrx_word' id='word_1_992' title='bbox 3302 5080 3411 5151; x_wconf 77' lang='grc' dir='ltr'><em>ἔχω</em></span> <span class='ocrx_word' id='word_1_993' title='bbox 3425 5080 3594 5142; x_wconf 80' lang='grc' dir='ltr'><em>δεινὰ,</em></span> <span class='ocrx_word' id='word_1_994' title='bbox 3628 5097 3755 5135; x_wconf 87' lang='grc' dir='ltr'><em>σκυ-</em></span> 
     </span>
    </p>
   </div>
   <div class='ocr_carea' id='block_1_121' title="bbox 2076 5158 3752 5239">
    <p class='ocr_par' dir='ltr' id='par_1_121' title="bbox 2076 5158 3752 5239">
     <span class='ocr_line' id='line_1_121' title="bbox 2076 5158 3752 5239; baseline 0.005 -27"><span class='ocrx_word' id='word_1_995' title='bbox 2076 5158 2296 5230; x_wconf 84' lang='grc' dir='ltr'><em>θρωπὸς</em></span> <span class='ocrx_word' id='word_1_996' title='bbox 2329 5161 2387 5215; x_wconf 89' lang='grc' dir='ltr'><em>δέ</em></span> <span class='ocrx_word' id='word_1_997' title='bbox 2418 5162 2511 5216; x_wconf 81' lang='grc' dir='ltr'><em>ἐπὶ</em></span> <span class='ocrx_word' id='word_1_998' title='bbox 2529 5165 2643 5226; x_wconf 89' lang='grc' dir='ltr'><em>τοῖς</em></span> <span class='ocrx_word' id='word_1_999' title='bbox 2666 5165 2956 5237; x_wconf 87' lang='grc' dir='ltr'><em>ὑμετέροις</em></span> <span class='ocrx_word' id='word_1_1000' title='bbox 2994 5165 3287 5238; x_wconf 82' lang='grc' dir='ltr'><em>λυπηροῖς,</em></span> <span class='ocrx_word' id='word_1_1001' title='bbox 3321 5166 3424 5221; x_wconf 80' lang='grc' dir='ltr'><em>κᾶν</em></span> <span class='ocrx_word' id='word_1_1002' title='bbox 3452 5168 3623 5238; x_wconf 84' lang='grc' dir='ltr'><em>μυρία</em></span> <span class='ocrx_word' id='word_1_1003' title='bbox 3658 5184 3752 5239; x_wconf 84' lang='grc' dir='ltr'><em>μοι</em></span> 
     </span>
    </p>
   </div>
   <div class='ocr_carea' id='block_1_122' title="bbox 2074 5246 3751 5327">
    <p class='ocr_par' dir='ltr' id='par_1_122' title="bbox 2074 5246 3751 5327">
     <span class='ocr_line' id='line_1_122' title="bbox 2074 5246 3751 5327; baseline 0.005 -26"><span class='ocrx_word' id='word_1_1004' title='bbox 2074 5246 2553 5325; x_wconf 88' lang='grc' dir='ltr'><em>κατορθώματα</em></span> <span class='ocrx_word' id='word_1_1005' title='bbox 2577 5252 2676 5314; x_wconf 89' lang='grc' dir='ltr'><em>Τίς</em></span> <span class='ocrx_word' id='word_1_1006' title='bbox 2705 5253 2814 5325; x_wconf 89' lang='grc' dir='ltr'><em>γάρ</em></span> <span class='ocrx_word' id='word_1_1007' title='bbox 2843 5254 2999 5318; x_wconf 74' lang='grc' dir='ltr'><em>ἐλπὶς</em></span> <span class='ocrx_word' id='word_1_1008' title='bbox 3016 5255 3344 5326; x_wconf 74' lang='grc' dir='ltr'><em>διδασκάλῳ,</em></span> <span class='ocrx_word' id='word_1_1009' title='bbox 3372 5253 3467 5308; x_wconf 87' lang='grc' dir='ltr'><em>τοῦ</em></span> <span class='ocrx_word' id='word_1_1010' title='bbox 3495 5255 3751 5327; x_wconf 88' lang='grc' dir='ltr'><em>ποιμνίου</em></span> 
     </span>
    </p>
   </div>
   <div class='ocr_carea' id='block_1_123' title="bbox 2072 5332 3754 5413">
    <p class='ocr_par' dir='ltr' id='par_1_123' title="bbox 2072 5332 3754 5413">
     <span class='ocr_line' id='line_1_123' title="bbox 2072 5332 3754 5413; baseline 0.005 -25"><span class='ocrx_word' id='word_1_1011' title='bbox 2072 5332 2469 5406; x_wconf 83' lang='grc' dir='ltr'><em>διεφθαρμένου</em></span> <span class='ocrx_word' id='word_1_1012' title='bbox 2493 5353 2508 5401; x_wconf 91' lang='lat'><em>;</em></span> <span class='ocrx_word' id='word_1_1013' title='bbox 2535 5337 2667 5392; x_wconf 88' lang='grc' dir='ltr'><em>ποία</em></span> <span class='ocrx_word' id='word_1_1014' title='bbox 2695 5339 2833 5411; x_wconf 79' lang='grc' dir='ltr'><em>ζωὴ,</em></span> <span class='ocrx_word' id='word_1_1015' title='bbox 2852 5340 2987 5395; x_wconf 87' lang='grc' dir='ltr'><em>ποία</em></span> <span class='ocrx_word' id='word_1_1016' title='bbox 3022 5342 3321 5413; x_wconf 85' lang='grc' dir='ltr'><em>προσδοκία</em></span> <span class='ocrx_word' id='word_1_1017' title='bbox 3335 5341 3362 5381; x_wconf 76' lang='grc' dir='ltr'><strong><em>ἀ</em></strong></span> <span class='ocrx_word' id='word_1_1018' title='bbox 3372 5357 3397 5408; x_wconf 82' lang='lat'><strong>,°</strong></span> <span class='ocrx_word' id='word_1_1019' title='bbox 3419 5341 3558 5410; x_wconf 86' lang='grc' dir='ltr'><em>μετά</em></span> <span class='ocrx_word' id='word_1_1020' title='bbox 3594 5344 3754 5409; x_wconf 84' lang='grc' dir='ltr'><em>ποίας</em></span> 
     </span>
    </p>
   </div>
   <div class='ocr_carea' id='block_1_124' title="bbox 2075 5424 3754 5503">
    <p class='ocr_par' dir='ltr' id='par_1_124' title="bbox 2075 5424 3754 5503">
     <span class='ocr_line' id='line_1_124' title="bbox 2075 5424 3754 5503; baseline 0.007 -28"><span class='ocrx_word' id='word_1_1021' title='bbox 2075 5424 2333 5494; x_wconf 79' lang='grc' dir='ltr'><em>στήσεται</em></span> <span class='ocrx_word' id='word_1_1022' title='bbox 2365 5426 2683 5499; x_wconf 70' lang='grc' dir='ltr'><em>παρρησίας</em></span> <span class='ocrx_word' id='word_1_1023' title='bbox 2717 5429 2852 5499; x_wconf 84' lang='grc' dir='ltr'><em>πρὸς</em></span> <span class='ocrx_word' id='word_1_1024' title='bbox 2885 5429 2975 5483; x_wconf 78' lang='grc' dir='ltr'><em>τὸν</em></span> <span class='ocrx_word' id='word_1_1025' title='bbox 3012 5429 3176 5497; x_wconf 80' lang='grc' dir='ltr'><em>Θεόν;</em></span> <span class='ocrx_word' id='word_1_1026' title='bbox 3232 5429 3289 5483; x_wconf 89' lang='grc' dir='ltr'><em>τί</em></span> <span class='ocrx_word' id='word_1_1027' title='bbox 3342 5432 3489 5502; x_wconf 71' lang='grc' dir='ltr'><em>ἐρεῖς</em></span> <span class='ocrx_word' id='word_1_1028' title='bbox 3555 5430 3754 5503; x_wconf 82' lang='grc' dir='ltr'><em>Θῶμεν</em></span> 
     </span>
    </p>
   </div>
   <div class='ocr_carea' id='block_1_125' title="bbox 2072 5509 3752 5591">
    <p class='ocr_par' dir='ltr' id='par_1_125' title="bbox 2072 5509 3752 5591">
     <span class='ocr_line' id='line_1_125' title="bbox 2072 5509 3752 5591; baseline 0.007 -28"><span class='ocrx_word' id='word_1_1029' title='bbox 2072 5509 2202 5582; x_wconf 85' lang='grc' dir='ltr'><em>γὰρ,</em></span> <span class='ocrx_word' id='word_1_1030' title='bbox 2245 5511 2328 5566; x_wconf 76' lang='grc' dir='ltr'><em>ὅτι</em></span> <span class='ocrx_word' id='word_1_1031' title='bbox 2357 5513 2479 5567; x_wconf 84' lang='grc' dir='ltr'><em>οὑδὲ</em></span> <span class='ocrx_word' id='word_1_1032' title='bbox 2508 5515 2841 5583; x_wconf 79' lang='grc' dir='ltr'><em>ἐγκαλεῖται,</em></span> <span class='ocrx_word' id='word_1_1033' title='bbox 2862 5517 2991 5573; x_wconf 86' lang='grc' dir='ltr'><em>οὑδέ</em></span> <span class='ocrx_word' id='word_1_1034' title='bbox 3015 5517 3201 5573; x_wconf 86' lang='grc' dir='ltr'><em>δίδωσι</em></span> <span class='ocrx_word' id='word_1_1035' title='bbox 3242 5517 3431 5591; x_wconf 81' lang='grc' dir='ltr'><em>δίκην,</em></span> <span class='ocrx_word' id='word_1_1036' title='bbox 3481 5518 3596 5573; x_wconf 82' lang='grc' dir='ltr'><em>ἀλλ’</em></span> <span class='ocrx_word' id='word_1_1037' title='bbox 3636 5521 3752 5575; x_wconf 69' lang='grc' dir='ltr'><em>ἔστι</em></span> 
     </span>
    </p>
   </div>
   <div class='ocr_carea' id='block_1_126' title="bbox 2071 5600 3867 5673">
    <p class='ocr_par' dir='ltr' id='par_1_126' title="bbox 2071 5600 3867 5673">
     <span class='ocr_line' id='line_1_126' title="bbox 2071 5600 3867 5673; baseline 0.007 -21"><span class='ocrx_word' id='word_1_1038' title='bbox 2071 5600 2312 5672; x_wconf 76' lang='grc' dir='ltr'><em>καθαρὸς</em></span> <span class='ocrx_word' id='word_1_1039' title='bbox 2356 5601 2466 5661; x_wconf 74' lang='grc' dir='ltr'><em>ἀπὸ</em></span> <span class='ocrx_word' id='word_1_1040' title='bbox 2495 5602 2589 5656; x_wconf 84' lang='grc' dir='ltr'><em>τοῦ</em></span> <span class='ocrx_word' id='word_1_1041' title='bbox 2614 5603 2852 5673; x_wconf 78' lang='grc' dir='ltr'><em>αἵματος</em></span> <span class='ocrx_word' id='word_1_1042' title='bbox 2898 5604 3154 5672; x_wconf 79' lang='grc' dir='ltr'><em>πάντων·</em></span> <span class='ocrx_word' id='word_1_1043' title='bbox 3190 5607 3287 5661; x_wconf 77' lang='grc' dir='ltr'><em>καὶ</em></span> <span class='ocrx_word' id='word_1_1044' title='bbox 3328 5606 3504 5671; x_wconf 82' lang='grc' dir='ltr'><em>οὑτως</em></span> <span class='ocrx_word' id='word_1_1045' title='bbox 3558 5608 3753 5666; x_wconf 84' lang='grc' dir='ltr'><em>ἀνίατα</em></span> <span class='ocrx_word' id='word_1_1046' title='bbox 3864 5622 3867 5625; x_wconf 77' lang='lat'>‘</span> 
     </span>
    </p>
   </div>
   <div class='ocr_carea' id='block_1_127' title="bbox 2069 5686 3752 5768">
    <p class='ocr_par' dir='ltr' id='par_1_127' title="bbox 2069 5686 3752 5768">
     <span class='ocr_line' id='line_1_127' title="bbox 2069 5686 3752 5768; baseline 0.008 -28"><span class='ocrx_word' id='word_1_1047' title='bbox 2069 5686 2317 5742; x_wconf 71' lang='grc' dir='ltr'><em>σπείσεται</em></span> <span class='ocrx_word' id='word_1_1048' title='bbox 2336 5704 2370 5731; x_wconf 71' lang='grc'><strong><em>⁸-</em></strong></span> <span class='ocrx_word' id='word_1_1049' title='bbox 2391 5688 2518 5743; x_wconf 81' lang='grc' dir='ltr'><em>ἐπεὶ</em></span> <span class='ocrx_word' id='word_1_1050' title='bbox 2564 5689 2661 5743; x_wconf 79' lang='grc' dir='ltr'><em>καὶ</em></span> <span class='ocrx_word' id='word_1_1051' title='bbox 2686 5690 2924 5762; x_wconf 79' lang='grc' dir='ltr'><em>,πατέρες</em></span> <span class='ocrx_word' id='word_1_1052' title='bbox 2955 5693 3099 5765; x_wconf 79' lang='grc' dir='ltr'><em>ὑπὲρ</em></span> <span class='ocrx_word' id='word_1_1053' title='bbox 3130 5693 3340 5751; x_wconf 88' lang='grc' dir='ltr'><em>παίδων</em></span> <span class='ocrx_word' id='word_1_1054' title='bbox 3367 5696 3431 5751; x_wconf 91' lang='grc' dir='ltr'><em>οὑ</em></span> <span class='ocrx_word' id='word_1_1055' title='bbox 3461 5696 3752 5768; x_wconf 73' lang='grc' dir='ltr'><em>μέλλοντες</em></span> 
     </span>
    </p>
   </div>
   <div class='ocr_carea' id='block_1_128' title="bbox 2065 5774 3345 5849">
    <p class='ocr_par' dir='ltr' id='par_1_128' title="bbox 2065 5774 3345 5849">
     <span class='ocr_line' id='line_1_128' title="bbox 2065 5774 3345 5849; baseline 0.011 -22"><span class='ocrx_word' id='word_1_1056' title='bbox 2065 5774 2441 5844; x_wconf 80' lang='grc' dir='ltr'><em>ἐγκαλεῖσθαι,</em></span> <span class='ocrx_word' id='word_1_1057' title='bbox 2469 5776 2619 5849; x_wconf 71' lang='grc' dir='ltr'><em>ὅμως</em></span> <span class='ocrx_word' id='word_1_1058' title='bbox 2652 5778 2876 5849; x_wconf 86' lang='grc' dir='ltr'><em>ἀλγοῦσι</em></span> <span class='ocrx_word' id='word_1_1059' title='bbox 2912 5782 3008 5839; x_wconf 73' lang='grc' dir='ltr'><em>καὶ</em></span> <span class='ocrx_word' id='word_1_1060' title='bbox 3032 5782 3345 5841; x_wconf 85' lang='grc' dir='ltr'><em>δάκνονται.</em></span> 
     </span>
    </p>
   </div>
   <div class='ocr_carea' id='block_1_129' title="bbox 2130 5901 3747 5979">
    <p class='ocr_par' dir='ltr' id='par_1_129' title="bbox 2130 5901 3747 5979">
     <span class='ocr_line' id='line_1_129' title="bbox 2130 5901 3747 5979; baseline 0.009 -29"><span class='ocrx_word' id='word_1_1061' title='bbox 2130 5901 2364 5979; x_wconf 47' lang='grc' dir='ltr'><em>ε’ῐόεπι,</em></span> <span class='ocrx_word' id='word_1_1062' title='bbox 2380 5904 2647 5979; x_wconf 75' lang='grc' dir='ltr'><em>συσφίγγει.</em></span> <span class='ocrx_word' id='word_1_1063' title='bbox 2684 5905 2816 5957; x_wconf 80' lang='grc' dir='ltr'><em>Ἐπεὶ</em></span> <span class='ocrx_word' id='word_1_1064' title='bbox 2860 5909 2992 5960; x_wconf 81' lang='grc' dir='ltr'><em>ὅταν.</em></span> <span class='ocrx_word' id='word_1_1065' title='bbox 3098 5911 3125 5952; x_wconf 76' lang='grc' dir='ltr'><em>ἀ</em></span> <span class='ocrx_word' id='word_1_1066' title='bbox 3162 5912 3359 5977; x_wconf 69' lang='lat' dir='ltr'><em>Morel.,</em></span> <span class='ocrx_word' id='word_1_1067' title='bbox 3402 5915 3520 5965; x_wconf 81' lang='grc' dir='ltr'><em>ποία</em></span> <span class='ocrx_word' id='word_1_1068' title='bbox 3561 5914 3747 5979; x_wconf 76' lang='grc' dir='ltr'><em>ἀπροσ-</em></span> 
     </span>
    </p>
   </div>
   <div class='ocr_carea' id='block_1_130' title="bbox 2069 5964 2659 6027">
    <p class='ocr_par' dir='ltr' id='par_1_130' title="bbox 2069 5964 2659 6027">
     <span class='ocr_line' id='line_1_130' title="bbox 2069 5964 2659 6027; baseline 0.005 -14"><span class='ocrx_word' id='word_1_1069' title='bbox 2069 5964 2228 6026; x_wconf 76' lang='grc' dir='ltr'><em>δοκία,</em></span> <span class='ocrx_word' id='word_1_1070' title='bbox 2252 5964 2547 6027; x_wconf 62' lang='lat' dir='ltr'><em>perperaxh.’</em></span> <span class='ocrx_word' id='word_1_1071' title='bbox 2567 5964 2576 5969; x_wconf 79' lang='grc'><em>’</em></span> <span class='ocrx_word' id='word_1_1072' title='bbox 2646 5998 2659 6007; x_wconf 84' lang='grc'><strong>-</strong></span> 
     </span>
    </p>
   </div>
   <div class='ocr_carea' id='block_1_131' title="bbox 3199 6050 3279 6113">
    <p class='ocr_par' dir='ltr' id='par_1_131' title="bbox 3199 6050 3279 6113">
     <span class='ocr_line' id='line_1_131' title="bbox 3199 6050 3279 6113; baseline 0 0"><span class='ocrx_word' id='word_1_1073' title='bbox 3199 6050 3279 6113; x_wconf 84' lang='lat'><em>20</em></span> 
     </span>
    </p>
   </div>
  </div>
