4112 6438
365 367 471 422 5ῐῦ

436 480 545 535 Καὶ
578 481 728 534 οὐδὲν
758 481 951 545 αὐτοὺς
976 481 1151 550 τοῦτο,
1176 485 1362 552 φησὶν,
1399 482 1603 552 ώφελεῐ
1626 483 1744 535 οὑδέ
1778 482 2033 551 προΐστα-

363 585 472 629 ται,
503 570 586 621 ὃτι
643 569 796 622 αὑτοὶ
856 569 1224 639 ἀγρυπνοῦσιν
1255 573 1393 641 ὑπὲρ
1455 573 1562 624 τῶν
1616 571 1802 640 ψυχῶν
1842 568 2032 639 ὴμῶν;

363 656 504 707 Ἀλλ’
538 657 905 724 ἀγρυπνοῦσιν
927 655 1001 718 ὡς
1024 657 1180 726 λόγον
1201 657 1598 721 ἀποδώσοντες·
1637 660 1730 710 καὶ.
1760 655 1905 708 δοκεῖ
1938 655 2036 723 μέν

362 757 472 794 τισι
513 742 667 795 τοῦτο
712 739 847 797 εἶναι
885 744 1132 816 φοϐερὸν,
1191 745 1313 814 ἐμοὶ
1365 743 1421 797 δέ
1466 742 1640 805 οὐδεὶς
1661 741 1854 794 τούτου
1879 741 2036 808 λόγος

365 829 505 897 μετὰ
552 830 648 898 τὴν
676 831 944 902 ὑμετέραν
977 833 1273 886 ἀπώλειαν.
1320 833 1421 884 "Av
1453 847 1512 883 τε
1535 830 1639 901 γὰρ
1667 830 1742 882 δῶ
1766 829 1940 896 λόγον,
1969 828 2036 882 ἀν

362 933 420 969 τε
455 920 528 988 μὴ
553 919 648 985 δῶ,
689 920 840 974 οὐδέν
873 938 962 990 μοι
996 921 1056 973 τὸ
1093 921 1304 990 ὄφελος.
1348 919 1562 972 Γένοιτο
1592 916 1830 987 σωθῆναι
1865 916 2032 984 ὑμᾶς,

363 1009 456 1060 καὶ
487 1007 666 1060 δοῦναι
697 1008 849 1076 λόγον
881 1009 978 1076 ἐμέ
1011 1007 1076 1062 δι’
1107 1008 1250 1077 ὑμᾶς
1273 1025 1286 1039 ·
1321 1007 1465 1078 ὑμᾶς
1517 1004 1777 1073 σωθῆναι,
1806 1003 1900 1056 καὶ
1933 1002 2034 1072 ἐμὲ

362 1093 708 1162 ἐγκαλεῖσθαι
740 1095 814 1157 ὡς
862 1094 936 1164 μὴ
983 1093 1346 1165 πληρώσαντα
1383 1093 1450 1146 τὰ
1506 1091 1636 1161 παρ’
1662 1089 1923 1159 ἐμαυτοῦ.
1958 1089 2034 1141 Οὑ

270 1175 280 1180 ’
363 1183 470 1250 γὰρ
498 1180 590 1233 τοῦ
609 1180 674 1233 δι’
707 1179 842 1248 ἐμοῦ
880 1180 1116 1249 σωθῆναι
1150 1181 1294 1250 ὑμᾶς
1321 1179 1611 1250 φροντίζω,
1643 1177 1774 1232 ἀλλά
1803 1177 1897 1230 τοῦ
1931 1193 2034 1228 σω-

364 1269 520 1334 θῆναι
551 1268 708 1337 μόνον
737 1269 801 1320 δι’
831 1268 1177 1337 ὁτουδήποτε.
1211 1269 1325 1322 υύκ
1347 1266 1461 1320 ίστε
1493 1265 1590 1337 τὴν
1608 1263 1900 1336 τυραννίδα
1927 1263 2034 1316 τῶν

361 1355 564 1408 ὼδινῶν
579 1355 686 1406 τῶν
713 1356 1120 1426 πνευματικῶν,
1143 1355 1260 1419 πῶς
1284 1355 1540 1426 μυριάκις
1569 1354 1743 1406 ἐλοιτο
1774 1353 1839 1407 ἂν
1870 1367 2035 1405 κατα-

363 1444 594 1510 κοπῆναι
623 1444 650 1495 ό
678 1443 862 1496 τοῦτον
879 1443 970 1496 τὸν
998 1444 1155 1497 τόκον
1175 1442 1451 1512 wva
1479 1441 1587 1494 τῶν
1613 1439 1913 1511 τεχθέντων
1935 1439 2033 1492 ἕνα

361 1529 732 1600 ἀπολλύμενον
769 1530 896 1584 ίδεῖν
929 1532 1024 1584 καὶ
1051 1531 1480 1602 διεφθαρμένον;
1527 1528 1697 1584 Πόθεν
1728 1527 1872 1598 ὑμᾶς
1914 1527 2035 1579 πεί⁴

363 1635 560 1685 σομενς
592 1619 856 1688 ἑτέρωθεν
881 1617 980 1688 μὲν
1023 1619 1341 1688 οὐδαμόθεν,
1373 1617 1479 1671 ἀπὸ
1515 1617 1574 1670 δὲ
1598 1616 1704 1670 τῶν
1733 1613 2032 1685 γινομένων

359 1703 427 1756 τά
460 1705 578 1757 καθ’
604 1705 750 1774 ὑμᾶς
773 1705 948 1758 πάντα
974 1704 1378 1774 ἀπολυσόμεθα.
1410 1702 1697 1772 Δυνάμεθα
1750 1701 1844 1754 καὶ
1873 1702 2032 1771 ἡμεῖς

359 1792 560 1859 λέγειν,
586 1793 668 1844 ὅτι
715 1792 867 1844 οὑδέν
898 1791 1333 1860 ὑπεστειλάμεθα
1357 1808 1368 1818 ·
1403 1790 1518 1844 ἀλλ’
1539 1791 1688 1858 ὅμως
1724 1786 1997 1860 ἀλγοῦμεν
2016 1805 2031 1819 ο

356 1880 453 1931 καὶ
483 1881 560 1932 ὅτι
595 1878 888 1948 ἁλγοῦμεν,
920 1879 1075 1948 δῆλον
1109 1877 1169 1942 ἐξ
1213 1871 1287 1930 ὧν
1325 1877 1493 1948 μυρία
1529 1875 2034 1946 κατασκευάζομεν,

357 1967 452 2020 καὶ
484 1965 872 2036 μηχανώμεθα.
909 1965 1100 2019 Καίτοι
1141 1981 1205 2033 γε
1227 1964 1357 2034 ἐνῆν
1392 1966 1530 2035 πρὸς
1560 1964 1704 2035 ὑμᾶς
1736 1961 1934 2026 αὑτοὺς
1954 1962 2034 2015 εί-

357 2057 507 2106 πεῖν·
549 2054 615 2105 Τί
653 2070 742 2122 μοι
790 2052 990 2124 .μέλει;
1042 2050 1153 2120 ἐγὼ
1190 2052 1253 2105 τὸ
1305 2049 1544 2122 ἐμαυτοῦ
1579 2049 1885 2122 πεποίηκα,
1925 2047 2036 2118 ἐγὼ

357 2141 594 2212 καθαρός
628 2142 742 2210 εἰμι
768 2140 878 2194 ἀπὸ
902 2139 996 2194 τοῦ
1020 2141 1280 2211 αἵματος
1312 2139 1429 2193 ἀλλ’
1447 2138 1549 2192 οὑκ
1580 2138 1741 2210 ἀρκεῖ
1762 2136 1920 2191 τοῦτο
1951 2137 2031 2199 είς

356 2229 731 2298 παραμυθίαν.
790 2229 856 2280 Et
901 2245 972 2296 εγε
1006 2228 1132 2298 ἐνῆν
1159 2227 1258 2300 τὴν
1288 2226 1515 2297 καρδίαν
1542 2224 1700 2295 ⁴ὴμῶν
1723 2222 2028 2296 ἀναρρῆξαι

357 2317 453 2367 καὶ
501 2315 764 2380 ἐπιδεῖξαι
786 2327 841 2381 ι,
884 2315 1054 2368 εἰδετε
1080 2313 1147 2368 ἂν
1180 2313 1320 2385 μετά
1349 2312 1550 2384 πολλῆς
1571 2311 1719 2366 ἔνδον
1745 2311 1902 2375 ὄντας
1929 2311 2029 2380 τῆς

359 2402 699 2473 εὐρυχωρίας
737 2403 942 2465 πάντας
970 2403 1134 2470 ὑμᾶς,
1177 2403 1272 2455 καὶ
1303 2403 1565 2470 γυναῖκας
1588 2397 1680 2453 καὶ
1712 2399 1908 2460 παῖδας
1935 2399 2030 2452 καὶ

358 2490 576 2560 ἄνδρας⁸
602 2489 824 2559 τοιαύτη
848 2489 956 2559 γὰρ
984 2491 1017 2559 ἡ
1036 2489 1134 2559 τῆς
1155 2488 1378 2559 ἀγάπης
1404 2487 1652 2558 δύναμις,
1678 2484 1772 2538 τοῦ
1799 2484 2028 2556 ούρανοῦ

357 2578 738 2648 εύρυχωτέραν
771 2579 920 2630 ποιεῖ
947 2577 1042 2647 τὴν
1067 2575 1264 2648 ψυχήν.
1289 2575 1606 2644 Χωρήσατε
1634 2573 1811 2644 ἡμᾶς,
1843 2574 2027 2641 ἔλεγεν

356 2665 385 2718 ὁ
407 2663 615 2728 Παῦλος
634 2678 651 2695 ο
682 2663 903 2718 οὐδένα
929 2663 1322 2732 ἠδικήσαμεν,
1357 2665 1430 2716 οὐ
1454 2662 1920 2732 στενοχωρεῖσθε
1956 2661 2027 2715 ἐν

413 2753 448 2779 ’⁸
471 2749 625 2809 Unus,
668 2751 920 2815 ἀναρρῆξαι
952 2749 1130 2806 πάντας
1163 2750 1388 2812 ἡμᾶςκαὶ
1408 2749 1651 2805 ἐπιδεῖξαι.

1174 368 1231 425 5..
1275 366 1560 424 JOANNIS
1598 360 2086 422 CHRYSOSTOMI
2128 361 2448 420 ARCHIEP.
2489 359 3032 421 CONSTANTINOP.

3703 365 3806 422 5M

2139 479 2301 549 ἡμῖν.
2346 479 2516 534 Τοῦτο
2545 480 2776 551 λέγομεν
2802 479 2897 532 νῦν
2936 481 3030 532 καὶ
3077 479 3235 549 ἡμεῖς
3257 497 3271 513 ο
3308 478 3605 549 Χωρήσατε
3639 480 3806 550 ἡμᾶς.

2138 568 2324 620 Πᾶσαν
2356 567 2453 637 τὴν
2473 567 2736 636 Κόρινθον
2765 559 2909 636 εἶχεν
2939 569 3142 629 ἐκεῖνος
3177 568 3234 618 ὲν
3259 569 3326 636 τῇ
3355 566 3553 637 καρδίᾳ
3579 567 3804 633 ἐαυτοῦ,

2135 655 2231 708 καὶ
2283 655 2468 723 ἔλεγεο
2528 657 2913 720 Πλατύνθητε
2961 655 3058 708 καί
3111 653 3313 722 ὑμεῖς·
3370 657 3442 708 οὐ
3510 671 3813 725 στενοχω-

2127 742 2353 811 ρεῖσθε.
2395 741 2534 795 Ἀλλ’
2554 743 2715 806 αὑτὸς
2735 741 2833 796 οὐκ
2858 743 2924 796 ἂν
2945 742 3120 812 ἔχοιμι
3151 741 3310 796 τοῦτο
3344 742 3521 811 λέγειν
3541 760 3556 774 ·
3610 739 3670 797 εὖ
3704 745 3814 813 γὰρ

2135 826 2272 897 οῖδα,
2295 832 2378 884 ὃτι
2411 831 2506 884 καὶ
2532 831 2687 902 ὑμεῖς
2715 831 2864 900 ἡμᾶς
2885 831 3135 898 ἀγαπᾶτε
3171 831 3266 883 καὶ
3295 832 3540 902 χωρεῖτε.
3575 831 3734 884 Ἀλλὰ
3758 831 3812 884 τί

2134 921 2196 972 τὸ
2220 918 2412 989 κέρδος
2441 919 2474 989 ἢ
2503 918 2604 988 τῆς
2632 918 2772 988 ἐμῆς
2804 917 3024 988 ἀγάπης
3049 915 3082 987 ἢ
3108 918 3207 987 τῆς
3237 917 3412 987 ὑμῶν,
3440 918 3567 971 ὅταν
3589 917 3650 970 τὺ
3671 917 3814 971 κατά

2134 1004 2270 1058 Θεὸν
2316 1007 2448 1076 ἡμῖν
2494 1003 2570 1075 μὴ
2616 1005 2920 1075 προχωρῇ;
2969 1004 3230 1068 Μείζονος
3260 1003 3499 1073 ἀθυμίας
3534 1004 3812 1066 ὑπόθεσις.

2136 1093 2381 1156 πλείονος
2434 1091 2614 1163 λύμης
2666 1092 2912 1162 ἀφορμή.
2977 1091 3143 1145 Οὐδὲν
3204 1091 3310 1161 ἔχω
3359 1091 3608 1158 ἐγκαλεῖν
3650 1092 3812 1160 ὑμῖν*

2134 1179 2423 1249 Μαρτυρῶ
2450 1180 2561 1250 τὰρ
2590 1179 2753 1248 ὑμῖν,
2782 1178 2893 1246 ὅτι,
2914 1179 2966 1232 εί
2985 1177 3267 1239 δυνατὸν,
3295 1176 3438 1242 τοὺς
3468 1177 3815 1246 ὀφθαλμοὺς

2135 1266 2301 1336 ὑμῶν
2328 1266 2726 1335 ἐξορύξαντες
2754 1265 2833 1320 ἂν
2879 1264 3135 1319 ἐδώκατέ
3175 1281 3297 1333 μοι.
3348 1263 3696 1335 Ἱμειρόμεθα
3748 1263 3812 1316 ού

2139 1357 2297 1425 μόνον
2324 1355 2384 1408 τὸ
2401 1353 2755 1423 Εὑαγγέλιον,
2787 1353 2921 1407 ἀλλά
2948 1355 3043 1407 καὶ
3069 1351 3166 1417 τὰς
3198 1351 3404 1405 ἑαυτῶν
3433 1351 3608 1421 ψυχὰς
3627 1351 3814 1404 δοῦναι

2135 1443 2282 1511 ὑμῖν.
2315 1440 2619 1512 Φιλούμεθα
2670 1441 2764 1494 καὶ
2814 1439 3105 1509 φιλοῦμεν·
3157 1438 3272 1493 ἀλλ’
3311 1439 3372 1491 οὐ
3411 1437 3569 1491 τοῦτό
3597 1439 3715 1490 ἐστι
3747 1439 3810 1490 τὸ

2134 1527 2482 1600 ζητούμενον.
2550 1527 2867 1600 Φιλήσωμεν
2912 1523 3005 1581 οὖν
3043 1526 3134 1580 τὸν
3187 1524 3420 1595 Χριστὸν
3471 1523 3499 1564 δ
3555 1524 3807 1597 πρῶτον·

2134 1617 2324 1690 πρώτη
2372 1617 2482 1690 γὰρ
2539 1619 2749 1690 ἐντολὴ,
2797 1615 3160 1688 Ἀγαπήσεις
3220 1617 3439 1684 Κύριον
3501 1616 3608 1668 τόν
3664 1618 3813 1670 Θεόν

2135 1719 2253 1760 σου
2272 1721 2286 1736 °
2316 1703 2565 1774 δευτέρα
2597 1705 2665 1759 δὲ
2697 1705 2872 1775 όμοία
2897 1703 3105 1772 αὐτῆς,
3131 1703 3238 1758 Καί
3269 1703 3375 1757 τὸν
3397 1703 3665 1771 πλησίον
3695 1720 3812 1758 σου

2137 1793 2219 1858 ὡς
2262 1795 2542 1847 σεαυτόν.
2571 1793 2680 1864 Τὴν
2730 1792 2990 1864 δευτέραν
3023 1792 3242 1862 ἔχομεν,
3289 1791 3390 1862 τῆς
3416 1789 3636 1862 πρώτης
3679 1793 3812 1860 ἡμῖν

2137 1883 2244 1935 δεῖ·
2297 1881 2397 1952 τῆς
2445 1881 2667 1952 πρώτης
2703 1881 2782 1934 δεῖ
2826 1880 2962 1951 μετά
3008 1880 3206 1950 πολλῆς
3247 1879 3349 1950 τῆς
3387 1879 3685 1950 ὑπερϐολῆς
3719 1878 3813 1932 καὶ

2139 1969 2264 2039 ἐμοὶ
2291 1969 2385 2022 καὶ
2417 1968 2566 2039 ὑμῖν.
2601 1967 2835 2039 Ἐχομεν
2860 1967 3052 2038 αὑτὴν,
3104 1967 3220 2020 ἀλλ’
3252 1967 3350 2036 οὑχ
3389 1965 3464 2029 ώς
3491 1967 3618 2037 χρή.
3644 1967 3808 2034 Φιλή-

2142 2072 2325 2126 σωμεν
2351 2055 2512 2109 αὑτόν
2541 2070 2555 2084 ⁸
2605 2055 2719 2108 ῐστε
2751 2055 2914 2118 πόσος
2962 2055 3250 2108 ἀπόκειται
3294 2052 3483 2123 μισθὸς
3511 2055 3623 2116 τοῖς
3645 2052 3807 2123 φιλή-

2140 2158 2263 2195 σασι
2277 2141 2367 2196 τὸν
2384 2141 2635 2210 Χριστόν·
2652 2141 2965 2212 φιλήσωμεν
2987 2141 3150 2196 αὑτὸν
3167 2140 3460 2212 θερμότητι
3481 2138 3678 2210 ψυχῆς,
3695 2140 3804 2204 ἵνα,

2136 2227 2237 2298 τῆς
2266 2228 2392 2298 παρ’
2425 2227 2587 2280 αὑτοῦ
2614 2228 2826 2291 εὐνοίας
2854 2226 3237 2292 ἀπολαύοντες,
3277 2225 3628 2296 διαφύγωμεν
3660 2224 3808 2298 [557]

2135 2315 2227 2369 τὸν
2257 2315 2500 2369 κλύδωνα
2532 2315 2624 2368 τοῦ
2656 2315 2920 2386 παρόντος
2951 2315 3088 2385 βίου,
3110 2314 3204 2368 καὶ
3246 2314 3354 2368 τῶν
3383 2313 3811 2384 ἐπηγγελμένων

2134 2403 2356 2472 ἀγαθῶν
2392 2403 2504 2465 τοῖς
2528 2401 2814 2470 ἀγαπῶσιν
2861 2401 3024 2456 αύτδν
3058 2403 3333 2472 ἐπιτυχεῖν
3363 2400 3810 2470 καταξιωθῶμεν,

2133 2490 2316 2561 χάριτι
2345 2490 2439 2543 καὶ
2477 2488 2855 2561 φιλανθρωπίᾳ
2882 2488 2975 2543 τοῦ
3009 2488 3326 2559 μονογενοῦς
3369 2488 3532 2542 αὐτοῦ
3591 2487 3810 2550 Παιδὸς,

2136 2573 2257 2644 μεθ’
2279 2569 2342 2629 οὗ
2371 2575 2450 2646 τῷ
2478 2575 2651 2647 Πατρὶ
2676 2574 2793 2645 ἃμα
2819 2575 2895 2646 τῷ
2927 2577 3068 2646 ἁγίῳ
3097 2575 3374 2647 Πνεύματι
3407 2575 3554 2641 δόξα,
3585 2575 3808 2646 κράτος,

2130 2661 2288 2733 τιμὴ,
2305 2661 2400 2716 νῦν
2425 2662 2517 2716 καὶ⁸
2531 2663 2638 2726 ἀεὶ,
2670 2664 2764 2716 καὶ
2777 2664 2854 2727 είς
2869 2664 2994 2725 τοὺς
3023 2662 3226 2726 αίῶνας
3241 2663 3350 2718 τῶν
3365 2663 3592 2718 αἰώνων.
3613 2663 3671 2718 ’Δ
3681 2663 3807 2734 μὴν.

2193 2748 2223 2788 δ
2247 2747 2368 2810 Alii,
2393 2749 2697 2811 ζητούμενον.
2735 2749 2885 2800 Ἀλλὰ
2917 2751 2999 2799 τὸν
3042 2750 3250 2814 Χριστὸν
3270 2751 3563 2814 φιλήσωιιεν.

1869 2952 2115 3007 OMIMA
2156 2953 2290 3007 ME’.

361 3051 469 3106 Kal
497 3050 688 3106 τανῦν
711 3047 1097 3118 παρατίθεμαι
1121 3059 1149 3086 ι
1181 3045 1358 3118 ὑμᾶς,
1377 3046 1655 3118 ἀδελφοί,
1681 3045 1762 3118 τῷ
1791 3044 1914 3118 Θεῷ
1935 3045 2033 3099 καὶ

432 3122 512 3188 τῷ
537 3122 698 3190 λόγῳ
725 3118 836 3186 τῆς
879 3116 1118 3190 χάριτος
1157 3117 1363 3190 αὑτοῦ,
1393 3116 1836 3190 »τῷΑδυναμένφ
1873 3117 2034 3190 ἐπρι-

439 3183 794 3261 τιὸδομῆσαι,
811 3183 912 3261 καί
939 3183 1151 3242 δοῦναι
1173 3187 1583 3256 κληρονομίαν
1610 3183 1754 3255 ὑμῖν
1785 3187 1854 3240 ὲν
1881 3183 2034 3241 πᾶσι

428 3263 556 3327 τοῖς
571 3257 626 3328 ’ἢ
633 3257 1000 3330 γιασμένοις.

435 3350 708 3420 α’.’⁹’οπερ
747 3344 1076 3399 ἐπιστέλλων
1096 3345 1263 3404 ποιεῖ,
1285 3343 1452 3397 ’τοῦτο
1467 3343 1562 3396 καὶ
1601 3343 1981 3414 συμΰουλεύων
2017 3358 2031 3372 ·

361 3439 471 3496 ἀπὺ
491 3437 863 3510 παραινέσεως
890 3435 969 3496 εἰς
995 3432 1158 3502 εὑχὴν
1185 3433 1431 3502 τελευτᾷ.
1464 3431 1682 3503 Ἐπειδὴ
1705 3431 1814 3502 γὰρ
1837 3431 2034 3494 αὑτοὺς

363 3527 570 3598 σφόδρα
625 3523 881 3593 ἐφόϐησε,
932 3519 1125 3588 λέγων,
1173 3519 1253 3572 ὅτι
1304 3519 1490 3573 Λύκοι
1522 3517 1734 3587 ,ϐαρεῖς
1756 3520 1848 3583 είς
1879 3517 2035 3587 ὑμᾶς
2083 3556 2092 3559 ς-

358 3614 814 3671 -είσελεύσονται
847 3625 861 3640 ·
884 3609 986 3662 ’ἵνα
1021 3607 1095 3679 μὴ
1124 3605 1446 3678 καταπλὴξῃ
1473 3609 1538 3678 τῇ
1566 3607 1775 3678 διανοίᾳ
1793 3606 1886 3660 καὶ
1907 3607 2036 3659 ἀπο⁹

359 3703 516 3774 λέσῃ,
557 3703 658 3772 ὅρα
690 3699 791 3769 τὴν
821 3694 1194 3766 παραμυθίαν.
1219 3692 1329 3748 Kal
1365 3693 1575 3757 τανῦν,
1607 3694 1792 3763 φησίν.
1847 3693 2036 3756 Οὕτως

365 3785 510 3848 εἶπε.
543 3787 720 3857 δηλῶν
749 3785 836 3840 διὰ
881 3783 1095 3847 τούτου,
1141 3782 1224 3834 ὃτι
1265 3779 1453 3850 ὥσπερ
1502 3779 1606 3833 ἀεὶ.
1640 3781 2035 3850 Παρατίθεμαι

368 3877 540 3948 ὑμᾶς,
568 3872 841 3942 ἀδελφοί,
887 3867 967 3935 τῷ
1023 3866 1144 3934 Θεῷ
1191 3867 1291 3922 καὶ
1327 3867 1408 3932 τῷ
1448 3869 1607 3937 λόγῳ
1643 3866 1755 3936 τῆς
1797 3867 2037 3936 χάριτος

366 3963 556 4019 αὑτοῦ
586 3978 597 3991 ⁸
633 3959 904 4024 τουτέστι,
944 3959 1012 4028 τῇ
1058 3957 1242 4027 χάριτι
1280 3954 1467 4009 αὑτοῦ.
1517 3955 1628 4009 Kal
1655 3953 1837 4019 καλῶς
1862 3955 2035 4020 οὑτως

367 4049 521 4107 εἶπεν
543 4067 556 4080 ·
593 4044 699 4102 οἶδε
723 4045 851 4117 γὰρ,
887 4044 968 4098 ὅτι
1021 4044 1057 4114 ἢ
1109 4044 1270 4114 χάρις
1324 4041 1505 4106 σώζει.
1541 4040 1789 4111 Συνεχῶς
1837 4041 2037 4103 αὐτοὺς

367 4139 773 4207 ἀναμιμνήσκει
833 4131 933 4201 τῆς
997 4131 1240 4201 χάριτος,
1293 4127 1744 4198 σπουδαιοτέρους
1767 4128 1935 4181 ποιῶν
1961 4129 2037 4192 ώς

366 4226 667 4297 ὀφειλέτας,
727 4221 823 4273 καὶ
887 4217 1088 4271 πείθων
1146 4214 1386 4287 θαρρεῖν.
1430 4213 1512 4279 Τῷ
1541 4213 1855 4282 δυναμένῳ
1879 4215 2036 4282 ὑμᾶς

365 4309 853 4379 ἐποικοδομῆσαι.
893 4305 1005 4360 Ούκ
1043 4299 1630 4373 εἴπεν,ὐίκοδομῆσαι,
1659 4300 1810 4366 ἀλλ’,
1839 4302 2033 4355 Ἐποι-

368 4395 724 4464 κοδομῆσαι,
750 4391 967 4454 δεικνὺς
1010 4389 1092 4442 δτι
1137 4389 1239 4458 ἤδη
1270 4385 1720 4457 ¹ᾡκοδομῆθησαν,
1770 4382 1904 4439 Εῐτα
1938 4387 2037 4458 τῆς

367 4488 582 4549 ἐλπίδος
611 4483 887 4554 ἀνέμνησε
924 4478 1024 4547 τῆς
1067 4476 1364 4548 μελλούσης
1383 4514 1398 4538 ,
1442 4473 1611 4527 εἰπών
1641 4489 1654 4504 ·
1680 4473 1794 4528 ’Καί
1825 4473 2036 4528 δοῦναι

369 4574 510 4644 ῦμῖν
540 4568 946 4639 κληρονομίαν
983 4565 1054 4619 ἐν
1089 4563 1240 4620 πᾶσι
1280 4561 1402 4627 τοῖς
1447 4559 1854 4630 ἡγιασμένοις.
1904 4561 2035 4615 Εἶτα

369 4663 530 4718 πάλιν
571 4658 889 4729 παραίνεσις
939 4671 956 4686 ο
1017 4651 1336 4720 Ἀργυρίου,
1400 4649 1585 4720 φησὶν,
1636 4648 1675 4716 ἢ
1705 4650 1965 4718 χρυσίου
1996 4649 2034 4717 ἢ

365 4742 688 4818 ἱματισμοῦ
747 4741 999 4805 οὐδενὸς
1045 4739 1416 4808 ἐπεθύμησα.
1453 4735 1564 4808 Τὴν
1624 4737 1778 4809 ῥίζαν
1822 4737 2038 4808 ἀναιρεῖ

368 4856 474 4892 των
523 4834 728 4895 κακῶν,
773 4832 872 4901 τὴν
911 4825 1295 4899 φιλαργυρίαν.
1356 4825 1688 4892 Ἀργυρίου,
1741 4823 1925 4893 φησὶν,
1995 4825 2035 4894 ἢ

367 4923 645 4995 χρυσίου,
670 4921 792 4972 ὀὐκ
825 4913 997 4980 εἶπεν,
1019 4915 1148 4968 Οὐκ
1189 4912 1379 4966 ἔλαόον
1416 4929 1427 4942 ’
1463 4910 1798 4974 ’ἀλλ’,οὑδὲ
1826 4911 2036 4965 ἐπεθύ-

362 5026 552 5082 μησα.
607 5006 773 5060 οὔπω
833 5004 972 5075 μέγα
1027 5000 1204 5063 τοῦτο,
1255 4998 1318 5052 τὸ
1368 4999 1423 5052 δέ
1474 4997 1612 5068 μετὰ
1664 4998 1821 5051 τοῦτο
1871 4999 2032 5069 μέγα,

376 5099 575 5169 ’Υμεῖς
595 5093 962 5155 ἐπίστασθε,
1015 5090 1106 5143 ὅτι
1149 5087 1281 5154 ταῖς
1329 5087 1560 5157 χρείαις
1597 5103 1717 5155 μου
1760 5086 1859 5140 καί
1911 5086 2036 5153 τοῖς

365 5186 505 5246 οὖσι
533 5187 660 5257 μετ’
689 5181 837 5252 ἐμοῦ
865 5178 1256 5249 ὑπηρέτησαν
1295 5181 1354 5232 al
1385 5175 1580 5246 χεῖρες
1609 5173 1804 5233 αὗται.
1833 5176 2036 5231 Πάντα

367 5273 652 5338 ὑπέδειξα
686 5270 849 5340 ὑμῖν,
882 5269 971 5321 ὅτι
1000 5266 1153 5320 οὕτω
1188 5263 1523 5331 κοπιῶντας
1549 5262 1640 5317 δεῖ
1676 5264 2038 5333 ἀντιλαμϐά-

361 5369 576 5418 νεσθαι
618 5359 739 5415 τῶν
771 5355 1212 5412 ἀσθενούντων.
1239 5352 1390 5422 Ὅρα
1433 5349 1595 5404 αὑτὸν
1640 5348 1718 5419 τῷ
1773 5348 1920 5420 ἔργῳ
1947 5367 2038 5404 κε-

364 5471 469 5524 χρη
477 5453 660 5523 μένον,
681 5448 778 5503 καὶ
800 5446 900 5516 οὐχ
922 5442 1106 5506 ἁπλῶς
1125 5481 1140 5505 ,
1162 5439 1299 5495 ἀλλά
1320 5439 1618 5494 κοπιῶντα.
1647 5436 1782 5503 Ταῖς
1807 5435 2038 5524 χρείαις

361 5523 476 5606 μου
510 5537 608 5592 καὶ
641 5535 766 5600 τοῖς
805 5527 946 5588 οὖσι
966 5530 1107 5600 μετ’
1146 5526 1294 5598 ἐμοῦ
1325 5524 1718 5592 ὑπηρέτησαν
1747 5526 1808 5578 αῖ
1841 5523 2036 5593 χεῖρες

363 5621 561 5680 αὗται.
596 5621 770 5676 Τοῦτο
825 5614 1210 5690 ἐντρεπτικῶς.
1252 5611 1365 5667 Καὶ
1396 5612 1521 5681 δρα,
1573 5608 1692 5673 πῶς
1728 5609 1918 5675 ἀξίως.
1949 5612 2030 5662 υὺ

359 5715 473 5783 γὰρ
499 5707 620 5765 εἶπε
658 5708 971 5778 Χρημάτων
1014 5705 1048 5745 ‘b
1103 5699 1357 5772 γενέσθαι
1397 5699 1683 5770 κρείττους
1732 5715 1749 5731 ο
1776 5696 1914 5752 ἀλλὰ
1941 5698 2030 5762 τίς

372 5796 952 5867 Ἀντιλιιμϐάνεσθαι
1007 5792 1128 5847 τῶν
1178 5789 1623 5846 ἀσθενούντων.
1681 5788 1792 5858 Οὐχ
1844 5786 2034 5850 ἁπλῶς

425 5964 457 5992 ⁸
481 5962 636 6029 unus,
657 5956 962 6020 παρατίθημι.
985 5935 1014 5998 δ
1038 5958 1156 6018 Alii,
1181 5955 1321 6012 ἀξίως
1342 5955 1500 6004 αὐτῶν
1514 5955 1609 6004 οὑκ
1626 5953 1732 6004 εἷπε
1751 5953 2029 6017 χρημάτων.
2075 5985 2098 6025 1

2137 3045 2376 3110 πάντων,
2399 3045 2537 3101 ἀλλὰ
2554 3045 2661 3100 τῶν
2681 3045 2947 3100 ἀσθενῶν.
2972 3047 3390 3116 Μνημονεύειν
3409 3064 3473 3102 τε
3499 3049 3605 3104 τὸν
3622 3051 3811 3120 λόγον

2134 3132 2244 3186 τοῦ
2268 3135 2509 3202 Κυρίου,
2546 3133 2619 3187 ὃν
2647 3130 2778 3189 εἶπε
2796 3173 2811 3198 ,
2845 3135 2936 3189 ὅτι
2964 3134 3274 3204 Μακάριόν
3298 3135 3430 3191 ἐστι
3455 3135 3695 3207 μᾶλλον
3723 3139 3808 3192 δι-

2135 3219 2306 3274 δόναι
2330 3219 2368 3290 ἢ
2395 3221 2743 3290 λαμϐάνειν.
2777 3222 2896 3274 Ἶνα
2933 3223 3008 3294 μή
3040 3240 3126 3286 τις
3164 3223 3362 3296 νομίσῃ
3399 3224 3537 3297 πρὸς
3569 3226 3808 3288 ἐκείνους

2135 3308 2406 3380 εἰρῆσθαι,
2438 3309 2533 3362 καὶ
2561 3309 2732 3363 τύπον
2755 3308 2955 3362 διδόναι
2989 3309 3150 3364 αὑτὸν
3169 3349 3184 3373 ,
3219 3311 3355 3381 ὅπερ
3385 3310 3618 3382 ἀλλαχοῦ
3648 3329 3797 3381 φησι,

2135 3394 2320 3450 Τύπον
2350 3395 2583 3459 διδόντες
2611 3397 2760 3467 ὑμῖν,
2809 3397 3057 3466 ἐπήγαγε
3086 3396 3184 3468 τὴν
3231 3397 3506 3466 ἀπόφασιν
3553 3399 3648 3452 τοῦ
3675 3399 3798 3465 Χρι-

2137 3483 2286 3547 στοῦ,
2337 3484 2587 3553 λέγοντος
2615 3501 2632 3516 ·
2677 3484 2986 3554 Μακάριόν
3038 3485 3174 3540 εστι
3228 3485 3460 3541 διδόναι
3495 3486 3737 3556 μᾶλλον
3765 3487 3800 3554 ἢ

2132 3571 2480 3641 λαμϐάνειν.
2535 3569 2840 3642 Ἐπηύξατο
2900 3573 3081 3636 αὐτοῖς
3140 3573 3421 3645 παραινῶν
3466 3591 3482 3608 ο
3538 3575 3807 3629 δείκνυσιν

2133 3659 2268 3712 αὑτὸ
2295 3661 2391 3713 καὶ
2419 3659 2586 3731 ἔργῳ.
2635 3659 2745 3714 Kal
2792 3661 2980 3715 ταῦτα
3036 3661 3241 3725 είπὼν,
3285 3661 3412 3728 θείς
3464 3662 3538 3716 τὰ
3585 3663 3806 3732 γόνατα

2133 3747 2320 3802 αὐτοῦ
2347 3747 2472 3802 σὺν
2501 3745 2692 3802 πᾶσιν
2741 3747 2966 3814 αὐτοῖς,
3013 3747 3400 3816 προσηύξατο
3426 3765 3440 3780 ο
3471 3751 3570 3820 οὑχ
3599 3749 3804 3814 ἁπλῶς,

2134 3833 2272 3889 ἀλλά
2305 3835 2445 3906 μετὰ
2465 3834 2668 3906 πολλῆς
2694 3834 2794 3905 τῆς
2831 3835 3197 3900 κατανύξεως.
3233 3833 3409 3906 Πολλὴ
3447 3837 3480 3907 ἡ
3521 3836 3808 3909 παράκλη-

2137 3939 2223 3987 σις
2245 3941 2261 3957 ν
2292 3922 2388 3977 καὶ
2409 3921 2488 3992 τῷ
2513 3923 2689 3976 εἰπεῖν
2737 3921 2816 3987 δέ,
2861 3925 3259 3993 Παρατίθεμαι
3297 3923 3452 3994 ὑμᾶς
3480 3925 3562 3991 τῷ
3586 3920 3804 3993 Κυρίῖρ,

2137 4009 2462 4081 παρακαλεῖ.
2504 4009 2779 4079 Ἐγένετο
2817 4009 2886 4062 δὲ
2935 4012 3244 4081 κλαυθμὸς
3288 4012 3492 4072 ἱκανός
3539 4012 3804 4075 πάντων,

2136 4098 2234 4154 καὶ
2259 4097 2652 4163 ἐπιπεσόντες
2713 4097 2813 4151 ἐπί
2860 4097 2969 4152 τὸν
3019 4098 3324 4167 τράχηλον
3373 4097 3480 4151 τοῦ
3528 4099 3801 4163 Παύλου,

2137 4185 2290 4260 [338]
2311 4187 2678 4256 κατεφίλουν
2696 4186 2903 4251 αὑτὸν,
2925 4185 3303 4254 ὀδυνώμενοι,
3313 4183 3578 4255 μάλιστα
3601 4185 3696 4240 ἐπί
3721 4187 3804 4253 τῷ

2136 4277 2296 4346 λόγῳ
2319 4267 2368 4342 ᾧ
2401 4274 2622 4344 εἰρήκει
2648 4314 2662 4340 ,
2698 4274 2786 4328 ὅτι
2824 4272 3026 4328 οὐκέτι
3056 4274 3355 4344 μέλλουσι
3383 4272 3451 4326 τὸ
3481 4274 3806 4340 πρόσωπον

2137 4367 2324 4422 αὐτοῦ
2353 4367 2611 4435 θεωρεῖν.
2636 4366 3029 4435 Προέπεμπον
3053 4365 3122 4418 δὲ
3140 4363 3328 4419 αὐτὸν
3351 4365 3438 4428 είς
3469 4365 3536 4418 τὸ
3559 4363 3799 4419 πλοῖον.

2136 4451 2324 4520 Εἶπεν,
2365 4455 2447 4507 ὅτι
2489 4455 2954 4508 Είσελεύσονται
3002 4453 3177 4506 λύκοι
3208 4450 3421 4520 ,βαρεῖς
3450 4467 3464 4482 ’
3506 4447 3678 4516 εἶπεν,
3723 4452 3807 4504 ὅτι

2137 4541 2406 4611 Καθαρὸς
2428 4539 2552 4612 ἐγὼ
2577 4541 2698 4597 ἀπὸ
2742 4540 2848 4594 τοῦ
2883 4541 3129 4608 αἵματος
3162 4537 3405 4592 πάντων
3427 4555 3440 4568 ·
3469 4537 3642 4591 ταῦτα
3671 4538 3805 4590 ἐκά-

2135 4649 2268 4703 τερα
2309 4631 2519 4701 φοσερά
2566 4631 2659 4684 καὶ
2713 4629 2872 4683 ῖκανά
2925 4629 3165 4699 λυπῆσαι
3210 4643 3224 4657 ⁶
3288 4626 3521 4698 μάλιστα
3553 4627 3610 4680 δέ
3642 4625 3806 4678 πλέον

2137 4719 2355 4778 πάντων
2377 4717 2532 4772 τοῦτο
2567 4718 2766 4779 αὑτοὺς
2811 4715 3058 4787 ώδίνησε,
3091 4715 3152 4768 τὸ
3188 4715 3385 4784 μηκέτι
3412 4714 3544 4784 όρᾷν
3570 4711 3804 4766 ἀκοῦσαι

2137 4805 2300 4859 αὐτόν
2333 4822 2346 4835 ·
2382 4805 2476 4859 καὶ
2518 4803 2676 4857 τοῦτο
2713 4803 2881 4856 ἐποίει
2935 4802 3026 4857 τὸν
3076 4801 3312 4872 πόλεμον
3337 4799 3590 4870 χαλεπόν.
3623 4799 3809 4866 Προέ-

2137 4906 2376 4962 πεμπον
2405 4892 2493 4959 δὲ,
2518 4893 2702 4962 φησὶν,
2738 4890 2926 4944 αὑτὸν
2968 4892 3054 4957 είς
3085 4889 3152 4944 τὸ
3203 4888 3438 4943 πλοῖον.
3465 4887 3650 4948 Οὑτως
3683 4885 3807 4954 ἐφί-

2138 4980 2262 5034 λουν
2288 4979 2471 5044 αὑτὸν,
2497 4979 2639 5032 οὕτω
2670 4978 2930 5032 διέκειντο
2951 4978 3080 5049 περὶ
3119 4976 3301 5030 αὑτόν.
3349 4976 3445 5042 Ὠς
3470 4974 3539 5028 δὲ
3566 4975 3807 5044 ἐγένετο

2135 5065 2474 5134 ἀναχθῆναι
2499 5063 2656 5134 ημᾶς
2687 5063 3194 5128 ἀποσπασθέντας
3229 5064 3331 5118 ἀπ’
3370 5059 3590 5126 αὐτῶν,
3619 5062 3803 5113 εὐθυ-

2135 5153 2550 5224 δρομήσαντες
2583 5151 2849 5221 ἤλθομεν
2884 5155 2973 5217 είς
2996 5149 3112 5219 τὴν
3137 5151 3290 5212 Κῶν,
3325 5147 3402 5217 τῇ
3431 5146 3500 5201 δὲ
3529 5145 3676 5214 ἑξῆς
3711 5147 3804 5212 εις

2147 5241 2372 5303 Ῥόδον,
2404 5239 2681 5294 κάκεῖθεν
2715 5241 2802 5304 είς
2847 5238 3103 5307 Πάταρα.
3135 5238 3245 5292 Kal
3279 5236 3559 5305 εὑρόντες
3587 5231 3801 5287 πλοῖον

2135 5324 2432 5394 διαπερῶν
2455 5327 2542 5390 είς
2562 5325 2864 5392 Φοινίκην,
2897 5323 3209 5390 ἐπιϐάντες
3228 5322 3597 5393 ἀνήχθημεν.
3629 5319 3804 5374 Ἀνα-

2132 5412 2427 5484 φανέντες
2461 5411 2530 5465 δὲ
2553 5412 2668 5478 τὴν
2695 5401 2959 5480 Κύπρον,
3005 5412 3104 5465 καί
3147 5411 3580 5475 καταλιπόντες
3605 5406 3808 5474 αὐτὴν

2131 5501 2465 5570 εὐώνυμον,
2517 5499 2812 5568 ἐπλέομεν
2844 5501 2931 5565 είς
2968 5499 3221 5567 Συρίαν,
3269 5497 3370 5551 καί
3416 5495 3807 5565 κατήχθημεν

2135 5589 2223 5651 είς
2261 5587 2466 5654 Τύρον.
2495 5588 2662 5656 Ὅρα,
2713 5582 2875 5656 ἦλθεν
2909 5587 2988 5650 είς
3033 5585 3264 5646 Λυκίαν,
3294 5583 3390 5637 καὶ
3414 5581 3691 5653 διαπερῶν
3720 5583 3808 5645 εἰς

2136 5673 2410 5743 Φοινίκην,
2443 5673 2542 5744 τὴν
2571 5673 2795 5744 Κύπρον
2831 5675 3011 5742 ἀφεὶς,
3055 5673 3136 5734 είς
3170 5671 3346 5742 Τύρον
3378 5669 3748 5724 κατέπλευσεν
3785 5684 3804 5702 ο

2136 5762 2313 5814 ἐκεῖσε
2335 5761 2444 5830 γὰρ
2471 5757 2538 5832 ἦν
2582 5763 2644 5814 τὸ
2697 5762 2879 5814 πλοῖον
2928 5759 3425 5829 ἀποφορτιζόμενον
3487 5755 3577 5809 τδν
3609 5754 3801 5824 γόμον.

2136 5847 2309 5901 Τοῦτο
2338 5850 2484 5902 αἰτία
2503 5849 2596 5902 τοῦ
2631 5849 2884 5903 ἀπελθεῖν
2924 5849 3002 5909 είς
3033 5847 3228 5918 Τύρον.
3263 5846 3371 5900 Kal
3399 5845 3676 5914 εὑρόντες
3690 5857 3806 5910 μα-

2137 5935 2323 6004 θητὰς
2367 5937 2762 6007 ἐπεμείναμεν
2813 5936 2962 6016 πρὸς
2987 5938 3212 6000 αὐτους
3241 5933 3466 6006 ἡμέρας
3489 5929 3642 5986 ἑπτά
3662 5947 3677 5962 ο
3713 5930 3805 5984 οῖ-
