4112 6412
455 333 562 389 313

457 458 644 517 pinnas
670 440 819 506 dare,
847 439 944 494 sed
973 451 1096 493 esse
1123 434 1377 491 mundum
1404 450 1435 489 a
1464 437 1720 505 sanguine
1753 432 1992 489 omnium
2024 453 2036 489 :

456 539 525 591 ita
553 546 765 603 quoque
790 528 1102 585 incurabilia
1131 527 1359 597 patietur
1389 544 1403 581 :
1436 528 1559 595 quia
1591 526 1715 581 licet
1742 536 1921 595 patres
1947 542 2043 596 pro

456 624 583 677 ﬁliis
608 637 715 675 non
747 617 1024 673 incusandi
1052 618 1181 681 sint,
1212 625 1389 670 tamen
1417 616 1602 670 dolent
1628 626 1681 669 et
1713 616 2038 671 cruciantur.

526 714 693 780 Quam
744 719 882 765 curet
931 707 1318 780 Clirgsostomus
1370 708 1535 778 gregis
1582 708 1817 762 salutem.
1847 737 1919 747 —
1944 706 2041 762 Ni-

454 806 619 867 liilne,
666 803 896 873 inquies,
945 802 1076 870 ipsis
1110 800 1331 869 prodest
1362 801 1446 854 vel
1481 800 1866 870 patrocinatur,
1898 801 2041 871 quod

451 894 552 963 ipsi
593 893 815 963 vigilent
845 906 942 960 pro
983 891 1266 945 animabus
1312 891 1552 945 nostris?
1588 889 1695 945 Sed
1735 891 1954 959 vigilant
1984 900 2041 945 ut

452 985 715 1039 rationem
760 981 1018 1037 reddituri
1049 980 1231 1051 (Hebr.
1263 982 1350 1035 15.
1384 982 1473 1050 17)
1500 1000 1513 1035 :
1537 980 1679 1050 quod
1721 981 2038 1049 quibusdam

452 1074 661 1129 videtur
687 1087 806 1128 esse
833 1072 1105 1135 terribile;
1136 1070 1263 1125 mihi
1295 1081 1470 1125 autem
1500 1070 1601 1126 hoc
1626 1086 1771 1125 cura:
1801 1086 1905 1125 non
1933 1082 2035 1138 est,

451 1169 493 1220 si
534 1180 629 1218 vos
668 1164 919 1232 pereatis.
947 1163 1099 1227 Dem,
1149 1177 1254 1216 non
1285 1162 1407 1217 dem
1458 1164 1716 1216 rationem
1752 1161 1821 1216 de
1865 1162 2035 1227 vobis,

453 1257 581 1311 nihil
615 1255 744 1309 mihi
777 1254 905 1307 utile
947 1264 1051 1308 est.
1099 1253 1308 1309 Utinam
1354 1254 1505 1308 vobis
1558 1253 1786 1308 salutem
1843 1255 2035 1318 nactis,

452 1350 573 1404 dem
626 1362 726 1417 ego
780 1345 846 1399 de
897 1344 1050 1399 vobis
1106 1345 1406 1411 rationein,
1464 1354 1518 1400 et
1570 1360 1795 1399 accuser
1826 1387 1842 1411 ,
1897 1344 2037 1414 quod

453 1441 685 1497 ofﬁcium
739 1455 917 1495 meum
981 1456 1089 1494 non
1154 1439 1504 1509 impleverim.
1570 1438 1686 1493 Non
1755 1441 1898 1493 enim
1966 1439 2038 1493 ita

452 1548 604 1598 curo,
640 1541 698 1586 ut
740 1546 836 1602 per
871 1547 958 1587 me
985 1546 1080 1586 vos
1107 1531 1415 1594 servemini,
1468 1540 1523 1583 ut
1555 1546 1685 1584 curo
1710 1571 1724 1591 .
1756 1539 1815 1583 ut
1842 1546 1869 1582 a
1904 1546 2033 1600 quo-

456 1626 544 1679 vis
591 1624 895 1679 servemini.
953 1623 1070 1678 Non
1136 1623 1305 1677 nostis
1374 1622 1725 1692 spiritualium
1792 1632 2035 1690 partuum

457 1714 811 1785 tyrannidem,
843 1714 1111 1785 quomodo
1151 1715 1216 1778 is,
1249 1716 1339 1784 qui
1374 1716 1442 1767 ita
1475 1715 1719 1783 parturit,
1751 1714 1943 1767 millies
1984 1716 2035 1767 in

456 1804 619 1860 frusta
645 1805 857 1860 concidi
880 1815 1145 1876 peroptat,
1178 1805 1354 1875 potius
1379 1820 1537 1875 quam
1566 1820 1728 1858 unum
1756 1819 1821 1859 ex
1845 1804 2038 1873 genitis

455 1897 628 1966 perire
653 1897 737 1952 vel
766 1898 1036 1967 corrumpi
1076 1896 1287 1952 videat?
1328 1896 1608 1953 Undenam
1658 1896 1708 1950 id
1734 1896 1886 1951 vobis
1914 1911 2038 1965 per-

452 1987 837 2043 suadebimus?
861 1988 977 2043 Non
1002 1988 1108 2043 alio
1135 1987 1317 2054 modo,
1348 2002 1505 2055 quam
1530 2001 1594 2041 ex
1624 1986 1705 2052 iis,
1738 2001 1855 2056 qua:
1886 1986 2036 2041 vobis

450 2080 789 2149 contingunt,
816 2079 1174 2134 absolvemur.
1200 2079 1491 2133 Possumus
1512 2086 1565 2132 et
1594 2091 1691 2131 nos
1712 2076 1910 2141 dicere,
1940 2091 2039 2131 nos

451 2170 584 2226 nihil
615 2169 1028 2240 subterfugisse;
1056 2179 1290 2225 attamen
1320 2170 1598 2225 dolemus:
1619 2178 1673 2223 et
1698 2168 1838 2239 quod
1866 2169 2039 2224 dolea-

453 2281 573 2321 mus
604 2265 727 2320 hinc
754 2265 924 2335 palam
944 2273 1044 2330 est,
1073 2263 1219 2334 quod
1250 2272 1391 2318 tanta
1420 2275 1670 2333 paremus
1694 2270 1749 2316 et
1770 2263 2039 2332 excogite-

453 2372 593 2411 mus.
616 2356 945 2426 Quamquam
968 2356 1323 2425 potuissemus
1343 2355 1493 2410 vobis
1515 2354 1694 2409 dicere
1715 2371 1729 2409 ε
1749 2354 1886 2423 Quid
1908 2354 2038 2409 milii

453 2464 597 2505 curae
640 2449 757 2503 est?
792 2464 892 2520 ego
932 2448 1075 2519 quod
1115 2464 1295 2505 meum
1336 2458 1451 2504 erat
1496 2448 1629 2513 feci;
1670 2462 1771 2517 ego
1807 2447 2039 2502 mundus

454 2556 571 2596 sum
611 2555 641 2594 a
682 2541 1056 2611 sanguinezat
1086 2541 1188 2596 hoc
1230 2556 1335 2594 non
1380 2538 1579 2593 sufﬁcit
1619 2539 1686 2593 ad
1713 2539 2037 2594 consolatio-

454 2648 598 2689 nem.
625 2632 679 2688 Si
711 2642 891 2703 posset
913 2648 1008 2689 cor
1032 2643 1275 2689 nostrum
1304 2631 1532 2688 discindi
1568 2639 1622 2686 et
1649 2640 1855 2702 patere,
1886 2630 2037 2686 vide.

454 2726 585 2779 retis
609 2740 705 2781 vos
733 2741 922 2781 omnes
964 2726 1072 2781 illic
1113 2740 1234 2781 esse
1273 2727 1325 2781 in
1358 2740 1547 2797 magna
1574 2724 1875 2792 latitudine,
1921 2740 2039 2779 mu-

455 2816 633 2882 lieres,
675 2817 831 2883 ﬁlios,
861 2818 1041 2873 viros:
1067 2826 1212 2875 tanta
1241 2818 1438 2889 quippe
1474 2827 1557 2874 est
1581 2818 1815 2873 caritatis
1846 2818 2036 2883 virtus,

455 2911 684 2965 animam
706 2911 842 2966 ctelo
863 2910 1107 2967 latiorem
1136 2910 1327 2968 reddit.
1359 2910 1536 2980 Capite
1562 2927 1674 2973 nos,
1707 2910 1877 2980 inquit
1899 2909 2036 2964 Pau-

1380 320 1445 378 ΙΝ
1485 321 1665 379 ACTA
1706 321 2478 381 APOSTOLORUM.HOM|L.
2522 326 2680 383 XLV.

3637 335 3741 392 δη

2148 442 2267 501 ius;
2296 441 2543 492 neminem
2584 441 2807 494 (resimas
2852 440 2928 513 (2.
2961 442 3082 497 Cor.
3111 445 3163 499 7.
3186 445 3265 514 2),
3299 462 3399 500 non
3437 462 3647 518 anguste
3687 454 3739 505 in

2147 529 2287 581 nobis
2318 531 2434 582 estis
2467 528 2486 598 (
2519 529 2653 584 Ibid.
2678 530 2732 586 6.
2768 532 2833 587 l2
2869 534 2908 601 ).
2940 532 3049 588 Hoc
3084 544 3139 589 et
3180 550 3277 591 nos
3302 553 3444 593 nunc
3470 539 3697 597 dicimus
3727 562 3738 574 ·

2145 622 2332 691 Capite
2364 640 2483 679 nos.
2522 626 2711 680 Totam
2744 628 2795 681 in
2826 644 2885 683 se
2925 625 3243 686 Corinthum
3276 632 3365 686 ille
3397 631 3652 699 habebat,
3687 647 3743 689 ct

2146 713 2358 768 dicebat
2397 732 2410 768 :
2452 716 2753 772 Dilatamini
2796 728 2843 773 et
2894 736 2978 775 vos
3020 735 3040 774 :
3081 739 3182 775 non
3232 720 3286 777 in
3336 726 3572 794 angustia
3622 727 3742 779 estis

2146 805 2164 873 (
2194 804 2331 858 Ibid.
2352 821 2395 858 υ.
2443 809 2529 863 15.
2561 810 2629 863 l2
2657 811 2700 878 ).
2740 810 2848 866 Sed
2878 810 2980 867 hoc
3012 828 3117 866 non
3148 828 3247 883 ego
3276 814 3456 870 dicere
3487 831 3739 885 possem:

2145 909 2266 949 nam
2290 896 2428 952 bene
2453 899 2598 965 novi,
2631 898 2772 970 quod
2796 916 2890 955 vos
2914 918 3000 957 me
3020 902 3252 973 diligatis
3279 913 3333 958 et
3357 906 3601 973 capiatis.
3630 906 3737 961 Sed

2147 987 2275 1055 quid
2302 988 2434 1044 lucri
2467 992 2549 1045 vel
2576 1008 2643 1046 ex
2670 1007 2788 1047 mea
2816 994 2900 1049 vel
2929 1011 2994 1049 ex
3027 1004 3204 1050 vestra
3231 996 3477 1061 caritate,
3519 998 3738 1067 quando

2144 1094 2227 1144 ea,
2261 1097 2379 1151 quae
2404 1083 2495 1137 Dei
2517 1095 2663 1150 sunt,
2694 1087 2748 1139 in
2773 1087 2924 1142 vobis
2947 1102 3051 1142 non
3079 1099 3227 1143 recte
3250 1089 3580 1156 procedunt?
3602 1091 3740 1147 Hinc

2144 1172 2362 1240 majoris
2404 1189 2561 1230 causa
2589 1175 2810 1242 doloris,
2863 1179 3082 1247 majoris
3112 1181 3366 1248 perniciei
3404 1182 3636 1236 occasio.
3681 1180 3738 1236 In

2146 1264 2292 1318 nullo
2324 1280 2540 1333 possum
2565 1284 2659 1323 vos
2685 1268 2932 1324 incusare
2965 1289 2978 1324 :
3001 1270 3182 1325 Testor
3202 1272 3334 1324 enim
3358 1272 3518 1339 vobis,
3546 1274 3737 1343 quia,si

2144 1356 2255 1422 ﬁeri
2297 1359 2538 1426 potuisset
2563 1400 2578 1424 ,
2628 1360 2801 1414 oculos
2841 1371 3031 1415 vestros
3081 1363 3336 1416 eruissetis
3382 1373 3430 1416 et
3474 1364 3737 1419 dedissetis

2144 1451 2269 1503 mihi
2295 1449 2438 1523 (Gal.
2472 1452 2526 1507 4.
2561 1452 2669 1526 15).
2700 1453 2947 1509 Vicissim
2973 1454 3223 1509 daremus
3254 1473 3358 1511 non
3387 1456 3547 1511 modo
3572 1472 3735 1512 evan-

2142 1544 2356 1613 gelium,
2386 1546 2479 1601 sed
2512 1547 2671 1601 etiam
2700 1546 2908 1603 animas
2945 1558 3173 1603 nostras.
3210 1552 3464 1604 Amainur
3511 1561 3564 1604 et
3609 1552 3735 1605 sed-

2142 1647 2385 1689 amamus
2409 1652 2422 1688 :
2450 1644 2505 1690 at
2526 1652 2630 1690 non
2658 1636 2762 1692 hoc
2789 1639 3067 1707 quaeritur.
3116 1641 3372 1694 Amemus
3399 1657 3529 1711 ergo
3569 1642 3734 1695 Chri-

2143 1738 2282 1782 stum
2317 1730 2531 1798 primo:
2558 1728 2789 1784 Primum
2833 1731 3029 1801 quippe
3066 1734 3365 1786 mandatum
3406 1745 3477 1788 est
3501 1751 3517 1788 :
3540 1734 3735 1807 Diliges

2142 1818 2419 1875 Dominum
2452 1820 2611 1876 Deum
2649 1832 2813 1877 tuum.
2847 1822 3141 1877 Secundum
3178 1833 3346 1877 autem
3376 1825 3494 1879 huic
3528 1826 3693 1879 simile
3716 1843 3735 1879 :

2146 1913 2212 1966 Et
2244 1916 2531 1984 proximum
2565 1926 2708 1968 tuum
2752 1915 2882 1968 sicut
2909 1915 3121 1984 teipsum
3162 1915 3181 1986 (
3210 1914 3396 1970 Matth.
3429 1915 3517 1971 22.
3545 1917 3731 1972 57-59.

2145 2006 2310 2061 Marc.
2344 2008 2430 2062 12.
2463 2008 2575 2078 50).
2617 2007 2918 2063 Secundum
2951 2018 3216 2073 tenemus,
3247 2009 3422 2078 primo
3468 2009 3621 2063 nobis
3648 2020 3731 2062 cst

2144 2113 2308 2167 opus;
2353 2098 2527 2168 primo
2561 2096 2849 2152 admodum
2896 2112 3033 2168 opus
3073 2108 3175 2160 est,
3219 2108 3275 2154 et
3313 2098 3442 2153 mihi
3473 2107 3528 2153 et
3559 2099 3733 2152 vobis.

2144 2189 2413 2243 Habemus
2454 2188 2603 2252 illud,
2631 2189 2723 2243 sed
2770 2204 2875 2243 non
2923 2197 2979 2243 ut
3023 2197 3315 2257 oporteret.
3348 2189 3637 2259 Diligamus
3675 2190 3736 2243 il-

2145 2282 2253 2336 lum
2285 2301 2298 2337 :
2328 2281 2476 2335 scitis
2503 2290 2699 2352 quanta
2727 2281 2958 2350 reposita
3005 2282 3076 2336 sit
3102 2296 3309 2336 merces
3339 2282 3422 2345 iis,
3465 2283 3553 2351 qui
3582 2280 3736 2335 Cbri-

2144 2382 2285 2425 stum
2316 2371 2545 2440 diligunt
2574 2389 2586 2425 :
2615 2385 2857 2426 amemus
2886 2372 3039 2426 illum
3066 2388 3188 2427 cum
3217 2370 3427 2427 fervore
3456 2373 3642 2437 animi,
3678 2382 3737 2427 ut

2144 2456 2260 2524 ejus
2288 2454 2657 2510 benevolentia
2687 2454 2952 2522 fruentes,
2982 2456 3260 2524 prmsentis
3290 2456 3413 2510 vitae
3444 2467 3735 2524 tempesta-

2146 2555 2250 2600 tcm
2293 2545 2578 2616 fugiamus,
2627 2555 2683 2601 et
2733 2546 2996 2616 promissa
3036 2545 3384 2617 diligentibus
3426 2561 3548 2600 eum
3597 2548 3734 2601 bona

2144 2636 2399 2705 consequi
2429 2636 2736 2706 dignemur,
2766 2637 2937 2707 gratia
2980 2646 3036 2691 et
3078 2637 3448 2691 misericordia
3480 2636 3737 2705 unigenitl

2145 2729 2262 2799 ejus
2288 2728 2430 2791 Filii,
2461 2728 2675 2798 quicum
2709 2729 2853 2784 Patri
2892 2737 2947 2785 et
2978 2728 3197 2799 Spiritui
3226 2738 3410 2784 sancto
3435 2729 3737 2799 gloria.im-

2145 2820 2376 2889 perium,
2421 2819 2617 2885 honor,
2646 2834 2788 2876 nunc
2827 2829 2882 2875 et
2919 2834 3154 2891 semper,
3183 2828 3237 2875 et
3268 2821 3319 2875 in
3348 2820 3545 2876 saecula
3574 2835 3732 2877 sat-cu-

2147 2910 2342 2965 lorum.
2375 2912 2570 2967 Amen.

1774 3120 2116 3182 HOMILIA
2159 3121 2355 3183 XLV.

461 3269 585 3326 Cn.
612 3268 702 3325 20.
730 3284 784 3323 v.
812 3266 902 3322 52.
933 3265 997 3321 Et
1022 3282 1154 3321 nunc
1174 3307 1189 3332 ,
1222 3269 1406 3337 fratres
1426 3307 1441 3332 ,
1478 3262 1771 3318 commendo
1800 3279 1887 3317 vos
1934 3261 2043 3316 Deo

530 3371 577 3420 et
604 3362 749 3417 verba
772 3359 950 3432 gratia:
985 3360 1166 3433 ipsius,
1205 3359 1291 3433 qui
1324 3366 1486 3430 potest
1523 3356 1815 3429 wdiﬁcare,
1850 3364 1896 3411 et
1920 3355 2041 3411 dare

534 3456 854 3513 hereditatem
881 3454 1015 3507 vobis
1040 3454 1093 3506 in
1120 3452 1453 3520 sanctiﬁcatis
1495 3450 1747 3505 omnibus.

534 3547 584 3602 1.
617 3547 716 3601 Per
758 3547 976 3617 gratiam
1019 3546 1237 3598 salutem
1292 3543 1665 3612 consequimur.
1698 3571 1767 3581 —
1794 3540 1949 3609 Quod
1994 3541 2046 3593 in

462 3639 732 3710 epistolis,
763 3639 864 3693 hoc
893 3647 949 3692 et
973 3637 1025 3691 in
1059 3637 1302 3691 consiliis
1327 3636 1436 3705 agit
1468 3653 1481 3688 :
1509 3636 1576 3689 ab
1602 3635 1967 3690 admonitione
1995 3636 2046 3687 in

462 3730 758 3787 orationem
790 3728 1007 3784 desinit.
1047 3727 1183 3795 Quia
1209 3727 1351 3781 cnim
1385 3726 1505 3780 illos
1532 3725 1684 3780 valde
1711 3725 1933 3789 terruit,
1968 3724 2051 3777 di-

463 3836 592 3878 cens
628 3841 641 3873 :
669 3820 807 3891 Lupi
828 3835 1002 3891 graves
1023 3820 1074 3872 in
1103 3835 1188 3873 vos
1214 3818 1594 3888 ingredientur;
1639 3832 1707 3871 ne
1734 3825 2049 3873 consterna-

463 3923 548 3969 ret
597 3922 651 3967 et
697 3911 947 3982 perderet
1001 3911 1246 3974 animos,
1301 3908 1424 3964 vide
1479 3908 1925 3964 consolationem.
1984 3906 2051 3960 Et

464 4020 634 4070 nunc,
690 4002 877 4074 inquit.
930 4001 1004 4057 Ita
1047 4001 1215 4067 dixit,
1263 4000 1389 4055 hinc
1445 3997 1739 4055 ostendens
1785 4013 1844 4053 se
1895 4000 2047 4068 quasi

465 4110 678 4165 semper
730 4095 831 4149 hoc
860 4108 1038 4164 agere.
1067 4090 1375 4146 Commendo
1419 4106 1539 4157 vos,
1586 4091 1803 4159 fratres,
1844 4088 1953 4143 Deo
2006 4099 2053 4141 et

466 4187 612 4242 uerbo
656 4186 835 4257 gratiis
880 4186 1075 4255 ipsius,
1104 4184 1156 4238 id
1204 4192 1324 4250 est,
1354 4184 1540 4253 gratim
1589 4182 1726 4252 ejus.
1763 4185 1939 4253 Atque
1983 4183 2051 4235 ita

469 4280 606 4333 bene
633 4277 767 4331 dixit
795 4297 808 4331 :
839 4284 1061 4331 noverat
1088 4275 1232 4330 enim
1253 4313 1270 4339 ,
1297 4272 1439 4345 quod
1470 4274 1643 4343 gratia
1674 4273 1849 4328 salvos
1874 4272 2051 4327 faciat.

468 4370 799 4440 Frequenter
827 4369 956 4439 ipsis
984 4368 1207 4439 gratiam
1236 4376 1661 4431 commemorat,
1703 4373 1764 4421 ut
1784 4364 2056 4420 debitores

469 4463 819 4519 studiosiores
842 4462 1075 4517 reddens
1099 4470 1155 4516 et
1185 4459 1458 4515 conﬁdere
1488 4458 1738 4514 suadens.
1770 4458 1871 4526 Qui
1897 4468 2057 4527 potest

471 4568 557 4609 vos
578 4554 1007 4624 supera'diﬁcare.
1029 4551 1143 4606 Non
1173 4550 1340 4618 dixit,
1362 4548 1685 4614 Edificare;
1713 4549 1830 4616 sed,
1861 4548 2057 4618 Super—

470 4648 767 4717 aediﬁcare,
823 4645 1115 4700 ostendens
1171 4644 1318 4714 ipsos
1376 4643 1486 4712 jam
1535 4641 1826 4697 aediﬁcatos
1870 4641 2053 4697 fuisse.

474 4740 675 4795 Deinde
708 4737 899 4792 futura;
947 4736 1060 4806 spei
1106 4735 1351 4789 meminit
1392 4733 1620 4790 dicens:
1652 4731 1719 4785 Et
1758 4733 1881 4786 dare
1922 4732 2058 4785 vobis

475 4832 795 4886 hereditatem
836 4833 890 4884 in
939 4829 1265 4897 saneti/icatis
1309 4826 1561 4882 omnibus.
1608 4826 1798 4882 Postea
1844 4842 2055 4880 rursum

478 4924 766 4980 admonitio
813 4940 826 4977 :
880 4923 971 4977 55.
1014 4923 1327 4992 Argentum,
1368 4920 1565 4990 inquit,
1608 4919 1685 4973 vel
1728 4936 1909 4973 aurum
1938 4960 1953 4981 ,
1985 4921 2061 4975 vel

480 5026 655 5070 uestem
698 5014 890 5069 nullius
936 5013 1215 5083 concupiui.
1262 5011 1516 5066 Radicem
1566 5010 1826 5065 malorum
1881 5009 2056 5076 tollit,

477 5106 771 5159 avaritiam.
807 5105 1087 5175 Argentum
1112 5142 1128 5169 ,
1160 5102 1360 5172 inquit,
1389 5103 1465 5155 vel
1513 5118 1715 5155 aurum.
1748 5100 1862 5155 Non
1893 5100 2059 5163 dixit,

483 5195 598 5249 Non
660 5196 874 5264 accepi,
926 5193 1060 5259 sed,
1112 5191 1292 5263 Neque
1334 5193 1618 5263 concupiui.
1664 5192 1911 5248 Nondum
1961 5191 2063 5246 hoc

478 5303 728 5356 maguum
758 5297 871 5353 est,
915 5285 1009 5340 sed
1056 5284 1201 5355 quod
1250 5286 1490 5354 sequitur
1529 5299 1801 5355 magnum.
1842 5284 1930 5339 54.
1963 5282 2064 5338 Vos

478 5379 646 5443 scitis,
675 5378 795 5446 quia
820 5376 1195 5431 necessitatibus
1224 5377 1348 5430 meis
1373 5387 1420 5430 et
1442 5376 1535 5441 iis,
1563 5379 1648 5447 qui
1689 5393 1883 5431 mecum
1907 5387 2063 5443 sunt,

479 5469 890 5522 ministraverunt
935 5484 1115 5522 manus
1153 5468 1283 5522 istte.
1326 5469 1415 5523 55.
1449 5467 1635 5521 Omnia
1662 5468 1859 5522 ostendi
1890 5468 2028 5521 vobis
2050 5507 2063 5531 ,

479 5559 719 5625 quoniam
738 5560 811 5611 sic
835 5557 1119 5612 laborantes
1142 5567 1337 5627 oportet
1362 5557 1613 5627 suscipere
1657 5558 1910 5624 inﬁrmos.
1939 5556 2069 5612 Vide

484 5648 633 5704 illum
658 5661 825 5719 opere
860 5664 1114 5703 manuum
1146 5656 1405 5716 utentem,
1435 5664 1534 5705 nec
1562 5648 1772 5715 leviter,
1805 5648 1898 5704 sed
1929 5649 2071 5704 labo-

489 5745 723 5794 tantem.
749 5739 1147 5797 Necessitatibus
1190 5741 1312 5796 meis
1338 5751 1387 5796 et
1413 5741 1476 5796 iis
1501 5781 1516 5809 ,
1562 5741 1649 5812 qui
1695 5757 1888 5797 mecum
1917 5750 2068 5811 sunt,

2153 3264 2569 3319 ministraverunt
2611 3282 2792 3322 manus
2825 3267 2956 3321 ista.
2996 3267 3106 3323 Hoc
3148 3268 3489 3323 admonendo
3528 3269 3740 3325 dicitur.

2152 3355 2221 3413 Et
2251 3356 2372 3413 vide
2398 3371 2519 3413 cum
2557 3368 2754 3429 quanta
2801 3358 3103 3432 dignitate:
3153 3377 3258 3416 non
3301 3363 3443 3418 enim
3474 3362 3640 3427 dixit,
3674 3364 3747 3419 Ut

2153 3451 2393 3519 pecuniis
2422 3453 2727 3520 superiores
2759 3452 2901 3519 sint;
2930 3453 3023 3508 sed
3072 3454 3243 3524 quid?
3279 3455 3551 3525 Suscipere
3599 3456 3746 3525 inﬁr-

2153 3558 2279 3596 mos.
2309 3542 2424 3596 Non
2450 3543 2617 3610 dixit,
2650 3542 2851 3599 Omnes
2881 3585 2896 3608 ,
2929 3545 3022 3600 sed
3041 3586 3056 3611 ,
3086 3544 3350 3613 In/irntos.
3393 3545 3462 3599 Et
3490 3547 3747 3601 recordari

2155 3632 2287 3686 verbi
2335 3632 2583 3701 “Domini,
2614 3635 2751 3701 quod
2786 3634 2918 3688 dixit
2965 3650 2985 3687 :
3024 3633 3231 3688 Beatius
3278 3645 3350 3689 est
3391 3636 3546 3700 dare,
3595 3652 3748 3704 quam

2156 3724 2402 3791 accipere.
2448 3724 2526 3778 Ne
2553 3724 2672 3795 quis
2703 3732 2914 3794 putaret
2939 3725 3005 3779 ad
3038 3725 3159 3781 illos
3185 3725 3385 3780 dictum
3415 3740 3535 3782 esse
3558 3768 3573 3791 ,
3608 3737 3661 3781 et
3688 3743 3748 3782 se

2155 3815 2430 3884 exemplar
2473 3816 2578 3872 illis
2617 3816 2775 3879 dare,
2816 3826 2877 3871 ut
2918 3816 3041 3870 alibi
3082 3816 3155 3871 ait
3199 3834 3212 3869 :
3250 3816 3526 3887 Exemplar
3571 3819 3749 3873 dantes

2156 3907 2294 3960 vobis
2326 3904 2603 3979 (Philipp.
2636 3908 2689 3962 5.
2724 3908 2849 3978 17);
2881 3907 3060 3964 subdit
3084 3908 3404 3963 sententiain
3437 3910 3633 3963 Christi
3661 3909 3749 3964 di—

2158 3997 2326 4052 centis
2353 4015 2366 4052 :
2391 3996 2599 4052 Beatius
2619 4008 2691 4052 est
2715 3999 2857 4062 dare,
2883 4015 3035 4067 quant
3063 4001 3309 4070 accipere.
3335 4000 3517 4054 Oravit
3537 4015 3752 4071 quoque

2159 4106 2320 4160 super
2363 4091 2468 4145 illis
2499 4106 2758 4157 monens,
2800 4091 3040 4162 illudque
3066 4107 3232 4162 opere
3262 4093 3515 4149 ostendit.
3560 4093 3650 4148 56.
3684 4092 3753 4147 Et

2158 4198 2273 4235 cum
2312 4181 2420 4235 lucc
2464 4182 2708 4247 dixisset,
2754 4183 2929 4253 positis
2959 4183 3170 4254 genibus
3213 4200 3329 4237 cum
3372 4183 3602 4237 onmibus
3648 4184 3751 4239 illis

2160 4276 2338 4329 orauit.
2362 4275 2545 4330 Oravit
2570 4320 2586 4343 ,
2614 4293 2721 4331 non
2753 4287 3041 4346 utcumque
3061 4318 3076 4342 ,
3104 4277 3197 4332 sed
3228 4291 3347 4331 cum
3387 4279 3553 4331 multa
3592 4293 3746 4333 com—

2161 4367 2470 4436 punctione.
2502 4367 2689 4437 Magna
2716 4368 3046 4434 consolatio;
3077 4378 3133 4425 et
3172 4384 3293 4423 cum
3322 4369 3558 4436 diceret,
3591 4369 3748 4424 Com-

2161 4459 2342 4513 mendo
2371 4475 2457 4513 vos
2487 4458 2739 4527 Domino,
2771 4459 3172 4515 consolabatur.
3213 4462 3303 4516 57.
3338 4461 3557 4531 Magnus
3583 4471 3750 4515 autem

2161 4553 2311 4621 ﬂetus
2341 4554 2505 4623 factus
2530 4561 2600 4606 est
2630 4552 2927 4633 omnium,“
2956 4552 3335 4620 procumbentes
3370 4568 3526 4622 super
3567 4553 3755 4605 collum

2169 4641 2339 4704 Pauli,
2361 4643 2720 4697 osculabantur
2740 4658 2876 4708 eum,
2903 4642 2992 4698 58.
3009 4642 3249 4708 dolentes,
3276 4645 3495 4696 maxime
3513 4643 3564 4696 in
3589 4644 3753 4703 verbo,

2161 4737 2296 4804 quod
2335 4735 2533 4789 dixerat
2562 4776 2575 4799 ,
2620 4735 2757 4805 quod
2805 4734 3030 4806 amplius
3072 4736 3252 4804 [aciem
3289 4736 3399 4805 ejus
3443 4751 3546 4789 non
3594 4746 3758 4789 essent

2163 4829 2337 4881 visuri.
2373 4826 2439 4880 Et
2483 4828 2798 4882 deducebant
2838 4843 2951 4880 eum
2990 4827 3057 4880 ad
3093 4843 3289 4885 navem.
3322 4827 3505 4891 Dixit,
3551 4826 3761 4880 Veniant

2165 4920 2276 4986 lupi
2320 4935 2533 4989 graves;
2580 4918 2750 4984 dixit,
2787 4917 3011 4973 Mundus
3039 4936 3132 4989 ego
3174 4935 3284 4972 sum
3313 4936 3344 4972 a
3374 4920 3620 4989 sanguine
3649 4935 3760 4970 om-

2166 5010 2306 5062 nium
2332 5026 2350 5063 :
2380 5010 2492 5065 haec
2516 5019 2744 5080 utraque
2773 5010 3050 5074 terribilia,
3082 5026 3202 5081 quae
3228 5023 3447 5081 possent
3469 5025 3760 5066 mmrorem

2166 5094 2393 5168 aﬁ‘erre;
2445 5104 2674 5158 maxime
2702 5113 2882 5158 autem
2922 5102 3024 5157 hoc
3050 5104 3288 5158 omnium
3321 5120 3415 5159 eos
3452 5103 3756 5165 cruciabat,

2167 5194 2308 5261 quod
2339 5193 2614 5249 audissent
2634 5235 2647 5258 ,
2675 5208 2735 5249 se
2773 5209 2878 5249 non
2920 5194 3060 5249 ultra
3084 5195 3295 5249 visuros
3318 5194 3490 5263 ipsum
3520 5207 3640 5247 esse
3670 5208 3681 5242 :
3708 5202 3763 5246 ct

2169 5282 2294 5337 hinc
2317 5298 2452 5353 agon
2482 5284 2849 5355 gravissimus.
2880 5283 3243 5351 Deducebant,
3278 5284 3450 5354 inquit
3472 5325 3487 5348 ,
3519 5283 3665 5335 illum
3690 5282 3760 5334 ad

2169 5390 2368 5428 suavem.
2397 5374 2487 5430 Sic
2506 5376 2759 5431 amabant
2782 5376 2954 5443 illum,
2976 5376 3054 5430 sic
3074 5375 3249 5431 allecti
3271 5390 3393 5445 erga
3413 5374 3563 5428 illum
3584 5383 3763 5427 erant.

2173 5463 2325 5536 (Cap.
2358 5463 2466 5530 2|.)
2502 5467 2555 5521 1.
2588 5465 2714 5521 Cum
2742 5477 2909 5520 autem
2935 5466 3129 5537 factum
3156 5474 3303 5531 esset,
3330 5474 3384 5519 ut
3412 5466 3763 5535 navigaremus

2174 5561 2417 5612 abstracti
2443 5560 2503 5612 ab
2541 5562 2634 5627 eis,
2662 5570 2795 5614 recto
2822 5578 2973 5615 cursu
2999 5560 3223 5614 venimus
3247 5560 3431 5625 Coum,
3463 5570 3508 5612 et
3539 5560 3766 5625 sequenti

2174 5650 2258 5705 die
2296 5649 2571 5717 Rhodum,
2625 5663 2673 5705 et
2724 5653 2845 5705 inde
2888 5652 3154 5707 Pataram.
3196 5651 3250 5706 2.
3284 5650 3353 5705 Et
3401 5653 3603 5707 inventa
3650 5657 3766 5706 naui

2177 5744 2458 5814 trojiciente
2480 5746 2532 5798 in
2560 5743 2836 5799 Phoenicen
2850 5785 2870 5819 ρ
2898 5760 2956 5799 ea
2979 5760 3253 5799 conscensa
3289 5746 3547 5803 soluimus.
3577 5744 3631 5801 5.
3661 5745 3759 5802 Ubi
