4112 6420
378 365 480 419 315

377 487 541 528 autem
571 472 810 545 apparuit
838 467 1056 540 Cyprus,
1091 468 1264 520 relicta
1292 463 1383 519 illa
1409 460 1474 514 ad
1503 460 1778 522 sinistram,
1813 456 1955 508 navi-

379 585 555 639 gamus
581 569 633 620 in
663 567 902 635 Syriam,
936 574 980 615 et
1009 561 1232 614 venimus
1269 555 1484 628 Tyrum.
1518 551 1648 606 Vide
1679 569 1690 604 :
1721 548 1866 603 venit
1909 547 1960 600 in

381 659 622 729 Lyciam,
656 666 710 710 ct
757 652 1027 723 trajiciens
1057 652 1109 704 in
1143 648 1431 704 Phoenicen
1455 687 1470 710 ,
1519 643 1704 698 reliCta
1751 641 1958 710 Cypro,

379 751 581 822 'lyrnm
640 745 940 815 navigavit;
984 756 1110 796 nam
1139 740 1250 796 illic
1279 738 1427 792 navis
1457 730 1797 789 exoneranda
1824 737 1961 785 erat.

382 843 507 896 lla-.c
549 854 708 894 causa
751 836 851 891 fuit
879 851 975 890 cur
1003 833 1206 904 Tyrum
1245 831 1402 886 irent.
1435 828 1485 881 4.
1531 823 1756 878 Inventis
1793 829 1966 873 autem

380 930 664 1000 discipulis,
691 928 968 981 mansimus
991 925 1061 979 ibi
1089 922 1262 977 diebus
1286 928 1474 991 septem
1502 934 1519 970 :
1541 917 1624 986 qui
1644 913 1808 969 Paulo
1829 911 1969 964 dice-

387 1023 507 1075 bant
535 1037 625 1091 per
651 1019 930 1090 Spiritum,
963 1031 1026 1069 ne
1050 1013 1338 1068 ascenderet
1373 1008 1768 1076 Jerosolymam.
1798 1001 1966 1063 Vide,

387 1111 712 1180 prophetam
737 1109 811 1163 illi
837 1106 1176 1162 afﬂictiones.
1208 1099 1486 1156 Provisum
1531 1106 1710 1151 autem
1743 1093 1871 1158 fuit,
1915 1099 1972 1143 ut

385 1213 441 1259 et
471 1204 542 1258 illi
571 1202 852 1264 dicerent,
899 1213 967 1253 ne
1005 1196 1125 1266 quis
1169 1201 1377 1264 putaret
1422 1189 1539 1244 haec
1575 1188 1770 1243 frustra
1797 1191 1852 1240 et
1885 1183 1970 1254 ja—

393 1294 568 1348 ctandi
591 1307 749 1348 causa
767 1290 987 1345 Paulum
1011 1287 1230 1342 dixisse.
1250 1285 1448 1339 lterum
1476 1289 1654 1337 autem
1683 1279 1789 1333 illic
1815 1291 1976 1330 oran-

389 1399 488 1448 tes,
517 1399 575 1439 se
601 1393 786 1437 mutuo
817 1380 1170 1450 reliquerunt.
1200 1376 1253 1431 5.
1287 1374 1351 1428 Et
1389 1372 1600 1444 expletis
1633 1369 1809 1422 diebus
1852 1380 1973 1436 pro-

391 1477 508 1548 fecti
544 1477 741 1529 ibamus
765 1515 779 1539 ,
812 1469 1173 1526 deducentibus
1200 1485 1292 1523 nos
1316 1467 1547 1520 omnibus
1585 1479 1698 1516 cum
1734 1459 1974 1513 uxoribus

387 1545 434 1620 et
455 1566 576 1636 ﬁliis
602 1581 758 1635 usque
783 1568 925 1637 {oras
953 1562 1201 1616 civitatem
1228 1575 1246 1613 :
1277 1567 1326 1612 et
1354 1556 1531 1627 positis
1561 1556 1612 1607 in
1644 1553 1810 1606 littore
1833 1545 1976 1619 geni-

389 1658 479 1710 bus
528 1657 799 1710 oravimus.
843 1653 897 1709 6.
953 1651 1020 1707 Et
1080 1667 1198 1704 cum
1262 1646 1664 1718 valefecissemus
1730 1640 1973 1703 invicem,

393 1747 711 1800 ascendimus
740 1746 792 1798 in
833 1744 999 1798 navim
1038 1759 1057 1796 :
1089 1741 1169 1795 illi
1196 1755 1311 1794 vero
1351 1738 1608 1791 redierunt
1652 1733 1719 1787 ad
1747 1732 1972 1802 propria.

394 1841 444 1892 7.
480 1839 591 1893 Nos
620 1849 790 1892 autem
829 1835 1148 1906 navigatione
1179 1832 1378 1900 expleta
1408 1846 1438 1882 α
1466 1827 1600 1898 Tyro
1629 1825 1978 1878 descendimus

395 1931 803 1995 Ptolemaidem;
828 1937 876 1982 et
900 1925 1132 1983 salutatis
1156 1924 1422 1997 fratribus,
1450 1921 1729 1974 mansimus
1752 1917 1835 1970 die
1876 1931 1978 1968 uno

394 2021 534 2088 apud
555 2021 690 2074 illos.
723 2020 778 2076 8.
807 2017 1051 2091 Sequenti
1079 2031 1194 2070 vero
1220 2014 1304 2068 die
1326 2013 1540 2083 profecti
1566 2010 1790 2063 venimus
1815 2005 1982 2062 Clusa-

392 2127 554 2179 ream,
600 2119 646 2164 et
675 2110 891 2178 ingressi
923 2110 976 2162 in
1004 2109 1209 2162 domum
1249 2103 1483 2173 Philippi
1508 2099 1829 2169 evangelista:
1849 2140 1862 2164 ,
1896 2097 1980 2165 qui

396 2212 504 2257 erat
524 2219 654 2257 unus
680 2217 743 2256 ea:
769 2210 979 2273 septem,
998 2198 1278 2252 mansimus
1300 2197 1440 2265 apud
1461 2194 1624 2248 illum.
1658 2191 1978 2255 Caesaream,

403 2293 595 2362 inquit,
626 2291 924 2355 venientes,
954 2289 1093 2358 apud
1123 2287 1450 2356 Philippum,
1483 2283 1571 2353 qui
1602 2290 1721 2337 erat
1742 2295 1878 2335 unus
1915 2295 1982 2334 ex

398 2393 630 2450 septem,
654 2381 970 2435 mansimus.
995 2379 1048 2434 9.
1082 2377 1220 2432 Huic
1245 2386 1414 2429 autem
1439 2383 1580 2428 erant
1616 2381 1830 2442 quatuor
1859 2369 1984 2438 ﬁliae

399 2472 784 2542 prop/tetantes.
823 2470 927 2526 Sed
974 2484 1080 2524 non
1124 2468 1242 2522 ista:
1286 2465 1584 2536 praedicunt
1623 2461 1788 2517 Paulo
1811 2502 1825 2526 ,
1861 2461 1986 2514 licet

401 2564 806 2634 prophetarent,
838 2563 934 2616 sed
961 2561 1172 2631 Agabus
1203 2577 1216 2611 :
1249 2566 1304 2614 et
1328 2555 1596 2628 quomodo
1628 2553 1772 2610 audi.
1801 2552 1890 2608 t0.
1917 2550 1985 2605 Et

399 2671 514 2706 cum
546 2669 858 2708 maneremus
883 2668 973 2723 per
1007 2652 1112 2705 dies
1151 2650 1377 2718 aliquot,
1405 2647 1536 2702 venit
1563 2663 1594 2699 a
1629 2645 1818 2700 Judtea
1858 2659 1984 2712 pro-

398 2751 551 2819 pheta
571 2789 585 2814 ,
629 2748 832 2800 nomine
879 2743 1080 2814 Agabus
1107 2760 1127 2796 :
1161 2743 1247 2797 Η.
1279 2752 1326 2796 et
1357 2756 1470 2794 cum
1511 2741 1722 2794 venisset
1748 2737 1816 2791 ad
1861 2752 1982 2801 nos,

399 2841 513 2894 tulit
537 2853 718 2892 zonam
741 2836 929 2890 Pauli:
947 2846 993 2889 et
1013 2836 1230 2905 alligans
1251 2831 1346 2888 sibi
1371 2832 1522 2902 pedes
1539 2841 1584 2886 et
1601 2848 1796 2897 manus,
1823 2831 1986 2883 dixit:

403 2932 529 2986 Haec
556 2931 676 2984 dicit
707 2929 929 2998 Spiritus
952 2939 1156 2983 sanctus
1179 2943 1196 2980 :
1228 2925 1424 2993 Virum,
1445 2925 1589 2996 cujus
1608 2934 1682 2978 est
1703 2940 1832 2978 zona
1857 2923 1983 2989 llwt‘,

408 3025 481 3075 sic
507 3019 791 3092 alligabunt
818 3020 869 3073 in
896 3017 1180 3072 Jerusalem
1204 3015 1401 3080 Judaei,
1433 3026 1480 3069 et
1509 3015 1706 3068 tradent
1725 3015 1776 3067 in
1808 3029 1987 3068 manus

401 3115 643 3182 gentium.
661 3110 761 3178 Qui
783 3109 910 3164 olim
933 3109 1124 3163 famem
1155 3105 1495 3176 praedixerat,
1513 3105 1599 3159 hic
1623 3105 1699 3159 ait
1727 3121 1740 3157 :
1783 3103 1983 3169 Virum,

403 3204 552 3272 cujus
591 3211 664 3254 est
707 3216 839 3255 zona
881 3199 1020 3265 haec,
1059 3199 1131 3252 sic
1172 3197 1473 3267 alligabunt.
1517 3196 1671 3263 Quod
1715 3198 1989 3267 prophetat

401 3291 704 3354 faciebant,
735 3290 906 3346 oculis
946 3289 1121 3344 futura
1151 3288 1514 3345 describentes
1544 3331 1556 3356 ,
1581 3304 1701 3343 cum
1732 3288 1798 3343 de
1824 3290 1990 3358 capti-

407 3383 569 3435 vitate
590 3382 840 3436 dicebant
868 3393 922 3436 ut
947 3379 1193 3435 Ezechiel
1222 3397 1235 3434 :
1267 3383 1368 3435 hoc
1389 3389 1443 3434 et
1467 3380 1568 3434 iste
1591 3379 1732 3435 fecit.
1761 3381 1822 3434 Et
1849 3379 1988 3449 quod

405 3489 566 3542 grave
595 3484 710 3530 erat
734 3491 749 3527 :
779 3473 845 3529 In
879 3490 1060 3528 manus
1082 3474 1307 3544 gentium
1338 3473 1556 3526 tradent.
1593 3471 1678 3526 i2.
1707 3472 1856 3539 Quod
1877 3489 1990 3525 cum

412 3567 759 3630 audissemus,
791 3566 1098 3636 rogabantus
1125 3581 1216 3617 nos
1243 3572 1292 3617 et
1318 3564 1404 3634 qui
1433 3561 1531 3616 loci
1559 3562 1698 3617 illius
1727 3571 1897 3626 erant,
1931 3578 1993 3615 ne

406 3657 695 3710 ascenderet
723 3656 1116 3727 Jerosolymam.
1151 3655 1215 3710 Et
1245 3655 1394 3708 multi
1426 3654 1668 3717 orabant,
1701 3669 1767 3710 ne
1795 3653 1987 3718 abiret,

407 3763 580 3815 neque
605 3747 683 3801 sic
708 3747 928 3802 audivit.
976 3747 1061 3800 l5.
1098 3745 1378 3815 Respondit
1405 3761 1520 3799 vero
1546 3743 1744 3799 Paulus
1786 3763 1804 3799 :
1855 3745 1992 3811 Quid

392 3838 585 3906 facitis
610 3837 786 3903 ﬂentes
814 3845 860 3890 et
900 3835 1172 3906 aﬂligentes
1196 3850 1285 3888 cor
1312 3835 1518 3887 meum?
1561 3833 1670 3903 Ego
1711 3835 1841 3886 enim
1893 3849 1992 3886 non

409 3929 574 3980 solum
604 3927 840 3996 alligari,
893 3925 982 3980 sed
1020 3925 1174 3979 etiam
1213 3927 1341 3979 mori
1370 3926 1423 3980 iu
1449 3925 1738 3980 Jerusalem
1786 3936 1993 3996 paratus

391 4027 518 4072 sum
547 4035 638 4087 pro
667 4019 868 4072 nomine
893 4017 1104 4073 Domini
1131 4017 1278 4074 Jesu.
1310 4020 1400 4074 14.
1432 4017 1497 4071 Et
1539 4034 1654 4071 cum
1692 4018 1737 4072 ei
1780 4018 1994 4071 suadere

412 4127 514 4163 non
555 4125 813 4179 possemus
835 4151 852 4174 ,
896 4109 1172 4180 quievimus
1198 4109 1463 4166 dicentes:
1495 4109 1742 4164 Voluntas
1786 4108 1992 4162 Domini

408 4205 521 4271 fiat.

477 4295 532 4348 2.
578 4293 780 4350 Vides?
817 4294 887 4351 Ut
912 4311 978 4351 ne
1000 4295 1223 4352 audiens
1241 4305 1393 4369 putes
1417 4314 1481 4352 ex
1514 4299 1835 4352 necessitate
1861 4298 1994 4354 illud

409 4399 551 4449 ease,
581 4385 840 4456 Alligatus
865 4385 1067 4457 Spiritu
1092 4389 1263 4452 vado;
1290 4403 1430 4444 neve
1453 4390 1632 4458 ipsum
1663 4389 1993 4460 ignorantem

410 4475 662 4529 incidisse
689 4475 912 4541 credas;
946 4476 1067 4532 ideo
1093 4477 1208 4533 haec
1247 4479 1628 4547 praedicuntur.
1665 4481 1734 4533 At
1779 4480 1851 4535 illi
1879 4484 1995 4550 qui-

410 4562 534 4618 dem
563 4563 758 4620 llebanl
785 4579 800 4629 ;
833 4564 923 4620 hic
952 4581 1079 4621 vero
1108 4567 1486 4622 consolabatur
1507 4568 1698 4624 dolens
1723 4571 1790 4624 de
1819 4571 1994 4641 lacry-

411 4655 514 4708 mis
551 4670 760 4710 eorum.
807 4655 946 4721 Quid
982 4657 1172 4728 facitis,
1205 4658 1398 4728 inquit,
1427 4660 1607 4729 ﬂentes
1637 4669 1681 4713 et
1725 4661 1995 4732 aﬂligentes

411 4763 500 4800 cor
527 4763 694 4802 meum
723 4749 748 4801 .9
772 4747 916 4803 Nihil
957 4748 1122 4803 Paulo
1147 4750 1410 4804 amantius
1441 4767 1456 4804 :
1487 4754 1609 4820 quia
1643 4751 1996 4822 lacrymantes

410 4840 627 4894 videbat
647 4882 662 4906 ,
692 4841 940 4908 dolebat,
971 4842 1062 4912 qui
1091 4843 1143 4896 in
1184 4843 1414 4912 propriis
1441 4845 1821 4899 tentationibus
1862 4844 1994 4898 nihil

413 4929 731 4999 patiebatur.
755 4930 837 4986 Me
877 4933 930 4986 in
971 4931 1074 4988 hoc
1100 4933 1290 4989 traditis
1313 4975 1329 5001 ,
1360 4935 1565 5004 inquit:
1601 4935 1854 5004 numquid
1898 4950 1997 5005 ego

411 5019 572 5072 doleo
593 5018 618 5070 ?
648 5018 798 5076 Tunc
826 5021 1184 5090 quieverunt,
1213 5023 1426 5092 quando
1460 5023 1629 5078 dixit:
1668 5025 1804 5092 Quid
1830 5027 1997 5095 facitis

411 5110 684 5180 afﬂigentes
713 5127 800 5165 cor
829 5127 994 5166 meum
1013 5113 1041 5166 ξ)
1067 5111 1240 5184 Super
1269 5115 1418 5169 vobis
1449 5115 1632 5185 ploro,
1661 5117 1852 5185 inquit,
1886 5133 1991 5170 non

413 5216 574 5270 super
605 5203 941 5270 passionibus
986 5205 1122 5258 meis
1156 5222 1168 5256 :
1203 5220 1297 5273 pro
1328 5205 1434 5260 illis
1463 5207 1623 5260 etiam
1669 5206 1802 5260 mori
1851 5207 1992 5260 volo.

413 5294 520 5349 Sed
546 5309 706 5364 supra
745 5297 886 5351 dicta
918 5307 1240 5366 repetamus.
1270 5297 1546 5369 Argentum
1585 5299 1660 5352 vel
1699 5315 1880 5351 aurum
1921 5299 1998 5352 vel

412 5395 596 5438 vestem
626 5387 820 5441 nullius
843 5390 1107 5457 concupivi
1131 5429 1149 5455 ,
1180 5389 1350 5457 inquit
1379 5405 1392 5442 :
1421 5403 1507 5443 vos
1544 5389 1717 5453 scitis,
1749 5389 1867 5457 quia
1905 5405 1996 5441 ne-

413 5477 729 5530 cessitatibus
756 5483 879 5531 mets
904 5487 952 5531 et
975 5479 1061 5545 iis,
1092 5479 1178 5548 qui
1201 5493 1396 5530 mecum
1421 5487 1557 5544 sunt,
1589 5479 1997 5532 ministraverunt

419 5577 599 5616 manus
617 5565 746 5619 istae.
776 5567 891 5619 Non
923 5583 1049 5637 ergo
1069 5567 1310 5622 Corinthi
1339 5577 1543 5622 tantum
1582 5568 1683 5624 hoc
1709 5567 1949 5624 fecerunt
1978 5609 1992 5634 ,

418 5653 506 5717 qui
536 5657 951 5724 corrumpebant
975 5657 1400 5728 discipulos,sed
1430 5660 1663 5714 etiamin
1693 5660 1840 5714 Asia.
1862 5659 2000 5714 Nus-

419 5755 577 5806 quam
624 5744 724 5798 hoc
771 5748 1015 5813 Ephesiis
1060 5753 1403 5818 impr-Operm.
1449 5752 1670 5820 Quare?
1711 5752 1849 5822 Quia
1890 5767 1996 5807 non

1018 355 1073 411 S.
1115 350 1390 410 JOANNIS
1428 343 1906 402 CIIRYSOSTOMI
1946 341 2262 396 ARCHIEI’.
2308 336 2842 394 CUNSTANTINOP.

3545 336 3648 391 3i6

2074 451 2257 504 incidit
2290 450 2342 503 in
2381 449 2773 504 necessitatem.
2815 446 2918 502 Sed
2949 456 3002 502 et
3023 445 3311 501 Corinthiis
3336 446 3501 502 dicit:
3528 446 3651 500 Non

2069 542 2287 610 infracta
2315 547 2386 594 est
2412 539 2648 608 gloriatio
2675 553 2784 592 mea
2810 539 2861 590 in
2883 536 3171 607 regionibus
3200 537 3407 590 Achaia
3429 538 3504 606 (2.
3529 537 3650 592 Cor.

2073 634 2159 686 ll.
2191 629 2322 702 10).
2355 630 2463 684 Nec
2486 629 2641 695 dixit,
2657 627 2772 684 Non
2802 627 3026 683 dedistis
3049 626 3210 693 mihi;
3240 627 3354 688 sed,
3379 628 3656 698 Argentum

2072 724 2148 777 vel
2171 739 2353 776 aurum
2382 721 2458 776 vel
2496 729 2679 776 vestem
2717 735 2818 773 non
2862 719 3163 788 concupiui;
3205 733 3274 772 ne
3301 718 3575 772 videretur
3603 718 3657 772 id

2072 828 2192 870 esse
2220 829 2306 879 eo,
2331 812 2473 883 quod
2501 813 2576 866 illi
2607 826 2712 866 non
2735 810 3033 865 dedissent.
3057 809 3241 879 Neque
3267 809 3420 873 dixit,
3452 808 3658 863 Nullius

2073 906 2351 976 concupivi
2381 903 2718 967 necessaria;
2751 911 2810 955 ut
2835 917 2903 957 ne
2931 901 3204 955 videretur
3233 899 3504 954 accusatio
3535 899 3658 953 illo-

2075 1013 2191 1051 rum
2214 1011 2332 1050 esse
2357 1013 2370 1053 :
2402 995 2496 1050 sed
2526 995 2653 1049 illud
2679 993 3002 1058 subindicat,
3034 1007 3094 1047 se
3111 992 3233 1062 jure
3254 1007 3360 1049 non
3383 991 3657 1060 accepisse

2076 1087 2164 1156 qui
2199 1095 2252 1141 et
2282 1087 2416 1140 alios
2446 1085 2692 1140 nutriret.
2723 1083 2857 1138 Vide
2883 1098 3043 1153 quam
3081 1082 3321 1137 studiose
3347 1089 3662 1151 Operarelur

2077 1189 2232 1234 nocte
2258 1189 2311 1233 et
2340 1178 2427 1232 die
2452 1177 2764 1246 colloquens
2787 1191 2908 1230 cum
2954 1175 3207 1246 lacrymis
3237 1217 3252 1242 ,
3282 1175 3524 1245 singulos
3561 1175 3659 1228 ad-

2079 1286 2319 1326 monens.
2344 1270 2528 1324 Omnia
2549 1271 2742 1323 ostendi
2764 1270 2921 1334 vobis,
2945 1269 3138 1338 inquit,
3168 1268 3406 1338 quoniam
3426 1268 3498 1321 sic
3521 1267 3661 1321 labo-

2078 1375 2245 1419 rantes
2274 1373 2469 1433 oportet
2507 1363 2763 1430 suscipere
2804 1362 3054 1430 inﬁrmos.
3100 1361 3210 1414 Hoc
3237 1374 3358 1414 cum
3389 1359 3608 1416 dixisset
3641 1400 3658 1425 ,

2079 1459 2269 1511 iterum
2299 1457 2541 1509 timorem
2569 1453 2805 1508 incussit.
2833 1452 2944 1508 Hoc
2962 1461 3138 1506 autem
3164 1449 3396 1512 indicat:
3419 1449 3534 1505 Non
3561 1466 3659 1520 po-

2082 1550 2231 1604 testis
2249 1548 2314 1603 ad
2336 1547 2686 1618 ignorantiam
2716 1545 3006 1614 confugere
3033 1562 3047 1597 :
3074 1545 3326 1614 operibus
3352 1543 3560 1599 ostendi
3583 1543 3660 1597 sic

2083 1652 2332 1710 oportere
2347 1640 2608 1695 laborare.
2627 1639 2738 1694 Nec
2755 1639 2894 1693 dixit
2909 1638 3105 1692 malum
3118 1652 3237 1692 esse
3252 1637 3524 1707 accipere;
3543 1637 3659 1700 sed,

2082 1733 2273 1788 melius
2303 1747 2423 1787 esse
2453 1747 2559 1786 non
2591 1732 2855 1799 accipere.
2886 1729 3138 1783 Memores
3169 1744 3292 1792 esse,
3328 1729 3521 1798 inquit,
3551 1743 3663 1782 ser-

2083 1825 2244 1878 monis
2263 1821 2507 1889 Domini,
2533 1838 2680 1891 quem
2702 1822 2830 1874 dixit
2853 1837 2870 1874 :
2902 1820 3105 1876 Beatius
3131 1829 3202 1875 est
3227 1821 3370 1888 dare,
3400 1836 3550 1888 quant
3575 1837 3664 1873 ac-

2083 1916 2265 1986 cipere.
2299 1915 2365 1968 Et
2399 1913 2612 1969 ubinam
2639 1912 2814 1967 dixit?
2841 1911 3002 1967 Forte
3036 1911 3163 1966 illud
3191 1913 3307 1966 sine
3335 1913 3534 1982 scripto
3555 1917 3662 1966 tra'-

2085 2007 2334 2063 diderunt
2377 2005 2646 2078 apostoli;
2679 2005 2760 2058 vel
2803 2019 2867 2058 ex
2898 2005 3017 2059 aliis
3043 2005 3162 2074 quis
3188 2003 3441 2075 colligere
3473 2005 3656 2074 possit.

2087 2099 2296 2155 Etenim
2325 2097 2556 2153 ostendit
2611 2096 2856 2152 lidnciam
2890 2096 2942 2150 in
2989 2095 3241 2166 periculis
3265 2135 3281 2162 ,
3323 2098 3663 2150 commisera-

2088 2193 2284 2246 tionem
2312 2206 2436 2260 erga
2467 2189 2729 2256 subditos,
2759 2189 3057 2244 doctrinam
3079 2203 3205 2244 cum
3229 2188 3476 2259 loquendi
3505 2182 3667 2242 liber-

2088 2291 2216 2348 tate,
2250 2281 2628 2347 humilitatem,
2657 2289 3024 2350 paupertatem
3053 2295 3068 2332 :
3100 2278 3202 2334 hoc
3230 2288 3405 2334 autem
3430 2286 3513 2333 est
3537 2293 3669 2348 pau-

2089 2385 2293 2446 pertate
2328 2375 2520 2446 majus.
2550 2373 2682 2429 Nam
2710 2375 2751 2427 si
2782 2373 2892 2428 illic
2921 2373 3026 2438 ait,
3067 2370 3239 2425 Vende
3273 2387 3388 2442 qua.-
3412 2371 3582 2434 habes,
3623 2371 3668 2422 si

2087 2469 2160 2522 vis
2199 2471 2447 2538 perfectus
2493 2483 2601 2522 esse
2638 2465 2851 2537 (Matth.
2891 2463 3102 2533 19.21)
3137 2479 3152 2517 :
3193 2479 3315 2519 cum
3361 2479 3463 2517 non
3506 2461 3665 2517 modo

2089 2559 2221 2613 nihil
2263 2559 2509 2627 accipiat,
2538 2556 2631 2612 sed
2667 2556 2828 2611 etiam
2857 2555 2991 2609 alios
3020 2556 3258 2621 nutriat,
3288 2553 3413 2625 quid
3439 2555 3556 2607 huic
3588 2555 3664 2607 rei

2088 2649 2470 2705 conferendum
2487 2649 2512 2702 't
2527 2647 2744 2703 Primus
2760 2647 2957 2716 gradus
2977 2647 3138 2716 igitur
3155 2653 3259 2711 est,
3283 2659 3376 2700 sua
3401 2645 3631 2713 abjicere
3650 2659 3665 2706 ;

2088 2741 2352 2796 secundus
2374 2783 2389 2805 ,
2417 2738 2521 2796 sibi
2545 2737 2794 2794 sulﬁcere
2819 2756 2832 2804 ;
2862 2739 3072 2804 tertius,
3090 2737 3210 2792 aliis
3233 2750 3480 2807 quoque;
3508 2750 3670 2806 quar-

2091 2845 2194 2898 tus,
2229 2831 2604 2904 priudicanlem
2636 2842 2690 2886 et
2721 2840 3038 2902 potestatem
3059 2831 3356 2900 accipiendi
3387 2830 3667 2886 habentem

2091 2927 2224 2980 nihil
2251 2926 2514 2996 accipere.
2553 2925 2734 2995 Itaque
2786 2924 2851 2979 iis
2877 2965 2890 2988 ,
2935 2925 3024 2993 qui
3068 2923 3200 2977 nihil
3239 2923 3535 2989 haberent,
3585 2922 3671 2978 hic

2091 3019 2260 3074 multo
2289 3018 2481 3072 melior
2506 3026 2640 3073 erat.
2679 3017 2756 3071 Ac
2785 3025 2931 3072 recte
2956 3016 3130 3083 dixit,
3165 3015 3255 3070 Sic
3289 3025 3483 3086 oportet
3513 3017 3668 3070 susci-

2093 3125 2211 3181 pere
2245 3109 2498 3178 infirmos.
2551 3109 2664 3164 Hoc
2703 3109 2844 3163 enim
2894 3117 2979 3163 est
3025 3107 3504 3164 commiscrationis
3547 3122 3670 3178 erga

2093 3203 2355 3269 infirmos,
2383 3217 2450 3258 ex
2482 3202 2712 3273 propriis
2739 3202 2865 3258 dare
2891 3202 3195 3267 laboribus;
3224 3216 3290 3257 ex
3317 3200 3505 3256 alienis
3526 3215 3670 3263 vero,

2095 3308 2200 3349 non
2233 3292 2393 3348 modo
2433 3309 2537 3347 non
2579 3293 2776 3348 bonum
2802 3336 2816 3359 ,
2850 3292 2944 3348 sed
2991 3292 3150 3347 etiam
3194 3290 3573 3363 periculosum.
3606 3290 3676 3344 Et

2095 3384 2472 3454 procumbentes
2507 3401 2662 3454 super
2708 3384 2893 3438 collum
2932 3385 3063 3454 ejus,
3105 3382 3291 3452 inquit,
3323 3382 3529 3452 flebant.
3563 3381 3674 3438 Hoc

2097 3476 2307 3529 illorum
2339 3489 2462 3544 erga
2493 3474 2669 3544 ipsum
2699 3474 2946 3528 affectum
2979 3472 3315 3528 ostendebat.
3347 3471 3674 3527 Procumbe-

2097 3569 2222 3621 hant
2242 3574 2420 3621 autem
2448 3567 2499 3620 in
2517 3566 2736 3632 collum,
2763 3574 2944 3634 utpote
2967 3563 3058 3634 qui
3081 3572 3379 3632 postremos
3399 3562 3675 3632 amplexus

2096 3656 2285 3712 darent
2307 3696 2321 3719 ,
2351 3665 2405 3711 et
2442 3657 2663 3710 multam
2694 3670 2760 3709 ex
2799 3655 3060 3709 concione
3083 3652 3428 3707 dilectionem
3472 3651 3679 3706 hausis-

2096 3747 2606 3802 sentetamicitiam.
2636 3746 2767 3800 Nam
2793 3746 2841 3800 si
2862 3760 2981 3810 nos,
3007 3759 3127 3800 cum
3154 3744 3312 3814 vulgo
3331 3743 3674 3809 discedimus,

2098 3839 2516 3909 ingemiscimus,
2544 3838 2644 3893 etsi
2671 3841 2904 3892 sciamus
2947 3851 3046 3892 nos
3076 3837 3267 3892 iterum
3293 3845 3671 3899 conventuros,

2097 3930 2365 4001 quomodo
2396 3931 2467 3985 illi
2501 3945 2606 3985 non
2651 3928 2770 3985 sine
2796 3929 2995 3984 doloris
3020 3929 3210 3984 aﬂ‘ectu
3250 3943 3279 3982 a
3310 3927 3476 3984 Paulo
3508 3928 3677 3982 avulsi

2099 4024 2339 4079 fuissent.
2367 4022 2479 4092 Ego
2501 4021 2719 4076 Paulum
2749 4035 2960 4091 quoque
2990 4021 3203 4077 ﬂevisse
3229 4028 3375 4090 puto.
3403 4019 3672 4086 Abstracti,

2100 4117 2287 4186 inquit.
2321 4116 2642 4170 Violentiam
2672 4125 2955 4180 monstrat,
2988 4130 3108 4170 cum
3145 4115 3274 4171 dicit
3297 4156 3310 4179 ,
3340 4114 3589 4168 Abstracti
3611 4114 3674 4167 ab

2099 4202 2189 4254 eis.
2227 4201 2294 4255 Et
2318 4200 2510 4254 merito
2537 4214 2552 4263 ;
2582 4200 2634 4254 in
2681 4199 2856 4253 navim
2887 4199 3029 4254 enim
3058 4200 3134 4254 illi
3161 4195 3520 4254 conscendere
3564 4211 3671 4251 non

2093 4299 2364 4361 poterant.
2393 4290 2528 4358 Quid
2554 4297 2657 4358 est,
2692 4289 2846 4344 Recto
2872 4306 3021 4343 cursu
3048 4291 3272 4345 venimus
3298 4290 3350 4342 in
3375 4287 3530 4343 Camn
3557 4288 3674 4344 lAt‘

2099 4385 2144 4440 si
2169 4384 2390 4449 diceret,
2412 4383 2525 4436 Non
2547 4383 2908 4448 circuivimus,
2930 4397 3100 4451 neque
3127 4383 3245 4437 aliis
3273 4383 3324 4436 in
3347 4381 3480 4436 locis
3501 4395 3677 4435 moras

2103 4477 2378 4533 traximus.
2408 4477 2650 4546 Sequenti
2677 4492 2792 4530 vero
2827 4477 2907 4528 die
2932 4476 3191 4530 Rhodum.

2179 4569 2645 4640 Peregrinationum
2695 4567 2846 4622 Pauli
2881 4568 3131 4622 recensio.
3153 4565 3384 4622 -.Vide
3427 4566 3681 4621 festinan-

2103 4669 2228 4713 tem.
2272 4658 2340 4712 Et
2382 4661 2582 4712 inventa
2622 4659 2735 4710 navi
2764 4659 3042 4726 trajiciente
3083 4658 3136 4711 in
3187 4655 3478 4711 Phoenicen.
3522 4656 3681 4710 Forte

2103 4753 2252 4806 navis
2280 4751 2386 4804 illic
2413 4762 2538 4804 tunc
2567 4760 2682 4805 erat
2709 4790 2726 4816 ,
2757 4757 2812 4804 et
2839 4750 2890 4804 in
2917 4764 3036 4804 eam
3077 4748 3544 4810 conscenderunt,
3573 4763 3679 4801 non

2104 4847 2315 4899 inventa
2344 4844 2468 4908 alia,
2497 4857 2616 4911 quae
2640 4843 2743 4897 iret
2761 4841 3084 4897 Caesaream.
3120 4841 3215 4897 Ubi
3242 4851 3412 4895 autem
3439 4841 3678 4911 apparuit

2104 4935 2303 5006 Cyprus
2322 4975 2337 4998 ,
2385 4933 2560 4986 relicta
2585 4933 2677 4985 illa
2701 4932 2768 4984 ad
2790 4933 3072 4986 sinistram.
3104 4933 3214 4987 Hoc
3248 4948 3354 4986 non
3377 4933 3494 4986 sine
3519 4947 3679 4986 causa

2102 5027 2299 5081 dictum
2326 5035 2429 5092 est,
2461 5024 2555 5080 sed
2585 5034 2642 5079 ut
2661 5024 2988 5087 omenderet.
3013 5041 3081 5080 ne
3109 5040 3272 5095 prope
3295 5025 3510 5094 quidem
3539 5025 3680 5078 illam

2103 5117 2360 5172 accedere
2378 5116 2611 5170 voluisse
2629 5158 2644 5180 ,
2676 5130 2797 5170 eum
2827 5125 2974 5171 recto
2998 5130 3154 5170 cursu
3181 5116 3232 5170 in
3263 5115 3471 5186 Syriam
3497 5129 3683 5184 perge-

2104 5217 2223 5261 rent
2253 5225 2267 5260 :
2301 5206 2370 5259 ita
2399 5219 2590 5275 nempe
2624 5204 2928 5260 festinabat.
2959 5205 3163 5260 Deinde
3201 5204 3440 5259 Venimus
3467 5203 3679 5274 Tyrum,

2104 5297 2299 5368 inquit;
2325 5298 2633 5366 inventisque
2655 5298 2938 5367 discipulis,
2970 5298 3245 5351 mansimus
3265 5312 3382 5350 cum
3406 5297 3529 5350 illis.
3551 5294 3682 5349 Cum

2105 5397 2286 5445 essent
2330 5402 2496 5458 prope
2537 5388 2922 5459 Jerosolymam
2949 5430 2963 5454 ,
3008 5403 3114 5442 non
3149 5390 3259 5457 jam
3291 5397 3550 5451 currunt,
3589 5383 3684 5439 sed

2106 5479 2265 5536 etiam
2297 5488 2515 5533 manent
2542 5478 2680 5549 apud
2721 5480 2912 5534 fratres
2940 5489 3148 5549 septem
3176 5478 3384 5534 diebus.
3419 5476 3552 5531 Vide
3573 5476 3681 5544 jam

2105 5570 2222 5624 dies
2259 5578 2559 5624 enumerat.
2606 5569 2736 5624 Post
2780 5571 2979 5640 Azyma
3027 5571 3081 5624 in
3121 5567 3383 5624 Troadem
3423 5575 3684 5623 venerunt

2107 5661 2296 5716 diebus
2337 5663 2616 5732 quinque;
2646 5661 2842 5716 deinde
2884 5662 2954 5716 ibi
2993 5661 3108 5717 dies
3150 5669 3398 5731 septem;
3455 5669 3685 5727 suntque

2110 5751 2224 5807 dies
2254 5751 2539 5806 duodecim
2570 5769 2583 5805 :
2617 5751 2808 5806 deinde
2835 5751 2888 5806 in
2915 5754 3130 5818 Assum,
3156 5750 3460 5822 Mitylenen,
3493 5759 3680 5803 contra
