4112 6414
395 455 505 514 315

395 588 553 640 τινες
580 570 661 637 τῷ
693 574 910 641 Παύλῳ
933 573 1147 645 ἔλεγον
1173 574 1270 629 διὰ
1295 575 1399 629 τοῦ
1432 578 1775 646 Πνεύματος
1812 577 1893 647 μὴ
1925 578 2070 633 ἀνα-

395 657 630 713 ϐαίνειν
648 659 838 715 αὐτόν
880 663 968 728 είς
1005 661 1423 733 Ἰερουσαλήμ.
1459 664 1624 736 Ὅρα,
1662 664 2067 736 προφητεύουσι

393 748 643 801 κάκεῖνοι
692 747 792 812 τὰς
858 747 1083 819 θλίψεις.
1148 752 1523 821 Οἰκονομεῖται
1572 752 1664 805 καὶ
1714 752 1780 806 δι’
1838 752 2062 805 ἐκείνων

393 833 675 906 λεχθῆναι,
712 835 799 889 ῖνα
845 837 919 908 μή
951 854 1035 900 τις
1081 836 1280 909 νομίσῃ
1325 838 1512 903 ἁπλῶς
1552 838 1723 893 ταῦτα
1762 839 1942 909 λέγειν
1972 839 2065 892 τὸν

396 921 613 977 Παῦλον
632 923 728 977 καὶ⁵
782 924 1109 995 κομπάζειν,
1156 926 1325 980 Πάλιν
1376 927 1433 980 δὲ
1482 929 1599 981 ἐκεῖ
1642 928 2066 999 προσευχόμενοι

395 1009 707 1064 διαλύονται
743 1011 851 1064 ἀπ’
877 1010 1145 1082 ἀλλήλων.
1182 1013 1320 1067 Ὅτε
1350 1013 1419 1067 δέ
1446 1014 1682 1083 ἐγένετο
1720 1013 1880 1084 ἡμᾶς
1897 1013 2070 1083 ἐξαρ-

398 1097 563 1152 τίσαι
581 1097 691 1164 τὰς
711 1098 937 1167 ἡμέρας
953 1138 968 1163 ,
998 1099 1352 1168 ἐξελθόντες
1380 1101 1781 1172 ἐπορευόμεθα
1808 1114 2066 1172 προπεμ»

398 1185 639 1240 πόντων
664 1184 825 1255 ἡμᾶς
848 1185 1093 1241 πάντων
1125 1187 1249 1243 σὺν
1285 1188 1500 1259 γυναιξ
1505 1188 1524 1242 ἰ
1556 1189 1653 1243 καί
1683 1189 1922 1255 τέκνοις
1956 1189 2070 1254 ἕως

398 1271 516 1336 ἔξω
542 1270 656 1341 τῆς
708 1274 962 1340 πόλεως,
1016 1276 1116 1329 καί
1171 1274 1379 1343 θέντες
1417 1275 1489 1329 τὰ
1542 1277 1767 1345 γόνατα
1814 1276 1914 1330 ἐπι
1960 1275 2068 1329 τὸν

398 1358 703 1427 αἰγιαλὸν,
734 1360 1226 1430 προσηυξάμεθα.
1271 1363 1382 1417 Καί
1431 1361 1853 1432 ἀσπασάμενοι
1884 1361 2069 1427 ἀλλή-

396 1449 573 1513 λους,
604 1446 899 1515 ἐνέϐημεν
923 1450 1012 1514 εἰς
1032 1446 1099 1503 τὸ
1136 1449 1354 1505 πλοῖον
1375 1466 1393 1485 ο
1416 1449 1637 1505 ἐκεῖνοι
1671 1449 1740 1504 δὲ
1773 1448 2066 1517 ὑπέστρε-

397 1536 527 1601 ψαν
553 1535 643 1600 εἰς
679 1534 750 1588 τὰ
776 1533 918 1590 ίδια.
952 1535 1154 1605 Ἡμεῖς
1186 1536 1256 1590 δὲ
1300 1537 1409 1592 τόν
1442 1537 1643 1593 πλοῦν
1669 1537 2067 1602 διανύσαντες

398 1620 522 1674 ἀπὸ
583 1623 787 1690 Τύρου,
842 1624 1307 1694 κατηντήσαμεν
1355 1628 1442 1692 εἰς
1486 1624 1860 1695 Πτολεμαΐδα
1903 1640 1917 1654 ⁸
1966 1623 2068 1677 καί

401 1708 820 1778 ἀσπασάμενοι
878 1711 1021 1778 τοὺς
1081 1712 1386 1782 ἀδελφοὺς
1409 1753 1426 1779 ,
1475 1713 1797 1783 ἐμείναμεν
1837 1711 2069 1783 ἡμέραν

398 1795 549 1864 μίαν
596 1798 741 1867 παρ’
804 1798 1029 1866 αὐτοῖς.
1100 1799 1178 1869 Τῇ
1224 1799 1294 1854 δὲ
1342 1800 1632 1871 ἐπαύριον
1685 1799 2063 1868 ἐξελθόντες.

404 1883 667 1955 ἤλθομεν
711 1887 799 1952 εἰς
834 1885 1200 1956 Καισάρειαν
1224 1902 1239 1917 °
1267 1887 1368 1941 καί
1416 1890 1798 1955 εἰσελθόντες
1850 1891 1938 1955 εἰς
1964 1888 2071 1943 τὸν

399 1970 569 2028 οἷκον
614 1976 916 2030 φιλίππου
961 1977 1074 2031 ’τοῦ
1128 1978 1561 2047 εὐαγγελιστοῦ
1615 1978 1791 2044 ὄντος
1833 1978 1903 2031 ἐκ
1951 1977 2071 2032 τῶν

397 2060 567 2125 ἑπτὰ,
599 2062 920 2133 ἐμείναμεν
952 2065 1101 2135 παρ’
1126 2063 1309 2130 αὐτῷ.
1353 2066 1450 2127 Εἰς
1484 2065 1844 2136 Καισάρειαν,
1876 2066 2066 2137 φησὶν,

398 2147 667 2215 ἐλθόντες,
694 2151 842 2222 παρὰ
875 2150 1130 2221 Φιλίππῳ
1182 2151 1261 2221 τῷ
1300 2154 1364 2205 ἐκ
1408 2152 1516 2207 τῶν
1555 2153 1695 2207 ἐπτά
1744 2152 2062 2225 ἐμείναμεν.

402 2237 598 2304 Τούτῳ
619 2237 690 2291 δὲ
713 2234 877 2307 ἦσαν
896 2239 1219 2308 θυγατέρες
1238 2240 1534 2311 τέσσαρες
1560 2242 2066 2311 προφητεύουσαι.

410 2323 549 2377 Ἀλλ’
577 2324 678 2397 οὐχ
703 2318 862 2379 αὗται
893 2325 1220 2397 προλέγουσι
1270 2328 1348 2399 τῷ
1390 2328 1611 2400 Παύλῳ,
1646 2328 1821 2383 καίτοι
1856 2345 2067 2400 προφΨ

394 2409 671 2475 τεύουσαι,
699 2410 827 2465 ἀλλ’
851 2412 1093 2480 Ἀγαϐος
1134 2429 1148 2444 ο
1189 2414 1283 2468 καὶ
1311 2414 1478 2479 ὅπως,
1510 2414 1697 2467 ἄκουε.
1737 2414 2072 2484 Ἐπιμενόν-

395 2509 514 2547 των
535 2492 607 2547 δὲ
628 2492 800 2563 ἡμῶν
825 2493 1049 2563 ἡμέρας
1090 2496 1343 2563 πλείους
1359 2538 1374 2563 ,
1415 2492 1608 2566 ἦλθεν
1633 2495 1752 2551 ἀπὸ
1777 2493 1887 2564 τῆς
1926 2495 2073 2551 Ἰου-

393 2575 572 2645 δαίας
608 2574 931 2648 προφήτης
960 2580 1207 2649 ὀνόματι
1245 2581 1496 2649 Ἄγαϐος
1529 2596 1543 2611 ·
1573 2580 1670 2634 καί
1702 2579 1896 2633 ἐλθὼν
1921 2578 2073 2648 πρὸς

393 2668 573 2738 ἡμᾶς,
600 2668 701 2723 καὶ
727 2667 875 2738 ἄρας
912 2667 1031 2738 τὴν
1079 2667 1269 2737 ζώνην
1321 2669 1427 2723 τοῦ
1462 2668 1707 2723 Παύλου
1728 2710 1744 2735 ,
1776 2665 1973 2735 δήσας
2008 2684 2072 2723 τε

391 2755 582 2810 αὐτοῦ
648 2754 850 2826 χεῖρας
906 2754 1006 2811 καὶ
1074 2756 1286 2823 πόδας,
1342 2752 1474 2811 εἶπε
1528 2772 1541 2785 '
1610 2754 1755 2810 Τάδε
1800 2755 1963 2827 λέγει
2004 2755 2068 2809 τὸ

395 2842 640 2912 Πνεῦμα
693 2844 760 2897 τὸ
804 2843 977 2912 ἅγιον
1006 2858 1022 2875 ·
1060 2844 1172 2899 Τὸν
1227 2844 1437 2914 ἄνδρα,
1488 2841 1562 2901 οὗ
1615 2845 1790 2899 ἐστιν
1838 2845 1878 2913 ἠ
1922 2842 2072 2913 ζώνη

396 2929 570 2999 αὕτη,
620 2930 772 2985 οὕτω
817 2930 1124 2998 δήσουσιν
1171 2934 1258 2997 εἰς
1314 2932 1715 3002 Ἰερουσαλὴμ
1782 2930 2071 2997 Ἰουδαῖοι,

397 3018 498 3073 καί
536 3017 1007 3088 παραδώσουσιν
1051 3022 1140 3088 εἰς
1190 3019 1394 3090 χεῖρας
1422 3020 1632 3075 ἐθνῶν.
1685 3022 1745 3074 '0
1784 3020 1956 3075 πάλαι
1982 3020 2075 3074 τὸν

395 3104 553 3178 λιμὸν
588 3106 853 3178 μηνύσας,
882 3103 1058 3175 οὗτος,
1096 3109 1208 3162 Τὸν
1245 3107 1456 3177 ἄνδρα,
1512 3110 1669 3180 φησὶ,
1710 3109 1948 3176 τοῦτον,
2000 3103 2074 3166 οὗ

396 3193 570 3249 ἐστιν
593 3196 630 3263 ἡ
654 3194 802 3263 ζώνη
835 3195 1009 3275 αὕτη,
1043 3197 1197 3251 οὕτω
1222 3196 1545 3263 δήσουσιν.
1578 3198 1756 3270 Ὅπερ
1786 3199 1835 3252 οἱ
1872 3197 2075 3268 προφῖγ
2101 3183 2117 3191 ’

400 3302 488 3339 ται
522 3285 756 3349 ἐποίουν,
786 3285 909 3356 ὄψει
931 3287 999 3341 τὰ
1024 3286 1292 3356 γενόμενα
1323 3287 1756 3359 ὑπογράφοντες,
1788 3287 1918 3340 ὅταν
1946 3286 2075 3357 περὶ

396 3373 777 3445 αἰχμαλωσίας
826 3374 1031 3443 ἔλεγον,
1090 3374 1166 3437 ὡς
1216 3376 1244 3428 ὁ
1275 3374 1555 3445 Ἰεζεκιὴλ,
1615 3374 1771 3429 τοῦτο
1796 3375 1891 3428 καὶ
1923 3368 2077 3440 οὗτος

399 3463 646 3533 ἐποίησε.
678 3462 788 3518 Καὶ
813 3463 875 3516 τὸ
929 3462 994 3534 δὴ
1048 3461 1310 3532 χαλεπὸν,
1362 3462 1447 3515 ὅτι
1493 3465 1600 3526 Εἰς
1647 3461 1851 3532 χεῖρας
1884 3461 2077 3516 ἐθνῶν

400 3550 892 3620 παραδώσουσιν.
946 3549 1044 3616 Ὠς
1089 3548 1158 3602 δὲ
1195 3548 1546 3618 ἠκούσαμεν
1578 3549 1785 3612 ταῦτα,
1819 3562 2077 3617 παρεκαο

395 3638 626 3707 λοῦμεν
649 3636 821 3707 ἡμεῖς
852 3653 916 3691 τε
946 3636 1044 3690 καί
1083 3636 1143 3690 οί
1162 3637 1448 3699 ἐντόπιοι,
1470 3636 1576 3690 τοῦ
1604 3637 1691 3706 μὴ
1725 3637 2078 3692 ἀναϐαίνειν

397 3726 587 3780 αὑτὸν
615 3728 704 3792 εἰς
743 3724 1165 3795 Ἰερουσαλήμ.
1213 3724 1322 3778 Καὶ
1373 3724 1563 3779 πολλοὶ
1608 3724 1958 3796 παρεκάλουν
2000 3726 2077 3797 μὴ

402 3812 679 3876 ἀπελθεῖν,
715 3813 807 3866 καὶ
846 3812 971 3866 οὐδὲ
1010 3811 1185 3874 οὕτως
1222 3813 1557 3883 ὑπήκουσεν.
1605 3812 1925 3880 Ἀπεκρίθη
1953 3812 2021 3865 δὲ
2045 3816 2078 3867 ό

399 3899 642 3966 Παῦλος
670 3917 684 3931 ·
727 3899 794 3955 Τί
821 3899 1045 3955 ποιεῖτε
1081 3903 1399 3967 κλαίοντες
1444 3899 1541 3954 καὶ
1588 3901 2080 3969 συνθρύπτοντές

402 3985 557 4060 ί559]
579 4006 698 4057 μου
721 3988 837 4061 τὴν
866 3987 1150 4056 καρδίαν;
1181 3987 1329 4057 Ἐγὼ
1354 3988 1463 4057 γὰρ
1495 3990 1566 4042 οὐ
1591 3988 1784 4057 μόνον
1812 3986 2076 4056 δεθῆναι,

400 4074 563 4129 ἀλλὰ
577 4075 677 4128 καί
692 4074 1017 4131 ἀποθανεῖν
1025 4078 1113 4142 εἰς
1127 4074 1521 4145 Ἰερουσαλὴμ
1535 4074 1780 4144 ἑτοίμως
1798 4074 1914 4145 ἔχω
1928 4073 2082 4143 ὑπὲρ

402 4164 512 4219 τοῦ
547 4165 842 4234 ὀνόματος
890 4165 998 4220 τοῦ
1039 4166 1262 4234 Κυρίου
1302 4165 1528 4233 Ἰησοῦ.
1578 4164 1677 4234 Μὴ
1722 4164 2079 4237 πειθομένου

403 4252 478 4307 δὲ
505 4254 716 4321 αὑτοῦ,
775 4252 1182 4327 ἡσυχάσαμεν
1216 4255 1491 4320 εἰπόντες
1523 4270 1537 4284 ’
1585 4255 1654 4308 Τὸ
1696 4252 1928 4325 θέλημα
1971 4253 2081 4309 τοῦ

404 4343 626 4411 Κυρίου
665 4340 950 4414 γενέσθω.

476 4430 545 4500 β’.
587 4431 782 4503 Ὀρᾷςς
826 4430 914 4486 ἵνα
934 4431 1008 4503 μὴ
1028 4429 1266 4495 ἀκούσας
1281 4430 1509 4501 νομίσῃς
1541 4430 1791 4501 ἀνάγκης
1818 4425 1959 4485 εἶναι
1998 4430 2079 4497 τὸ,

401 4519 726 4589 Δεδεμένος
757 4517 839 4585 τῷ
871 4520 1166 4589 Πνεύματι
1221 4519 1578 4589 πορεύομαι,
1618 4518 1752 4590 μηδέ
1783 4519 2083 4589 ἀγνοοῦντα

402 4604 566 4659 αὐτὸν
590 4606 880 4676 ἐμπεσεῖν,
905 4604 995 4660 διὰ
1042 4604 1203 4658 τοῦτο
1239 4603 1413 4658 ταῦτα
1456 4604 1802 4675 προλέγεται.
1856 4604 2010 4658 Ἀλλ’
2033 4607 2086 4659 οἱ

408 4693 508 4765 μὲν
534 4693 769 4758 ἔκλαιον,
800 4692 963 4757 αὐτὸς
982 4691 1040 4747 δὲ
1064 4691 1389 4764 παρεκάλει,
1408 4691 1593 4759 ἀλγῶν
1614 4692 1705 4745 ἐπὶ
1723 4692 1836 4757 τοῖς
1852 4692 2083 4764 δάκρυσι

406 4784 518 4845 τοῖς
554 4781 800 4836 ἐκείνων.
855 4779 919 4836 Τί
964 4780 1186 4835 ποιεῖτε
1226 4778 1357 4851 γὰρ,
1399 4780 1564 4849 φησὶ,
1617 4780 1936 4848 κλαίοντες
1984 4780 2084 4835 καί

410 4867 898 4936 συνθρύπτοντές
921 4885 1043 4938 μου
1079 4866 1197 4937 τὴν
1224 4866 1519 4936 καρδίαν;
1548 4866 1716 4921 Οὐδὲν
1750 4866 1965 4921 Παύλου
1997 4885 2086 4938 φι-

411 4956 828 5029 λοστοργότερον
865 4971 879 4988 ο
916 4955 1002 5009 ὅτι
1049 4953 1198 5027 ἐώρα
1241 4954 1599 5026 δακρύοντας,
1622 4954 1782 5027 ἤλγει
1809 4958 1837 5010 ὁ
1871 4955 1947 5028 μὴ
1978 4955 2085 5009 πά-

413 5057 561 5112 σχων
582 5043 672 5097 ἐπὶ
691 5045 804 5108 τοῖς
829 5041 1052 5107 οἰκείοις
1082 5043 1433 5114 πειρασμοῖς.
1475 5042 1608 5115 Ἐμὲ
1646 5044 1882 5098 ἀδικεῖτε
1905 5043 2083 5107 τοῦτο,

409 5128 571 5203 φησὶ,
593 5130 873 5195 ποιοῦντες
903 5145 918 5161 ⁸
957 5129 1034 5204 μὴ
1070 5129 1181 5202 γάρ
1210 5128 1323 5199 ἐγὼ
1355 5129 1543 5200 ἀλγῶ;
1574 5131 1710 5186 Τότε
1752 5131 2082 5198 ἐπαύσαντο,

404 5218 497 5272 ὅτε
535 5210 656 5272 εἷπε
686 5234 702 5249 ·
737 5217 798 5272 Τί
832 5216 1054 5272 ποιεῖτε
1093 5217 1587 5286 συνθρύπτοντές
1627 5234 1748 5287 μου
1788 5216 1905 5288 τὴν
1943 5235 2085 5287 καρ-

403 5304 581 5371 δ;ἀν;
619 5306 735 5376 Ἐφ’
774 5304 908 5376 ὑμῖν
930 5304 1122 5385 κλαίω,
1159 5305 1347 5378 φησὶν,
1381 5302 1483 5358 οὐκ
1522 5305 1616 5359 ἐπὶ
1661 5306 1775 5370 τοῖς
1818 5304 2083 5377 παθήμασι

407 5410 495 5448 σιν
521 5410 536 5424 ’
569 5392 719 5466 ὑπὲρ.
736 5393 848 5466 γάρ
868 5393 1092 5448 ἐκείνων
1121 5392 1218 5446 καὶ
1247 5391 1540 5447 ἀποθανεῖν
1562 5391 2087 5465 βούλομαι.”ιδωμεν

403 5481 463 5535 δὲ
493 5480 702 5558 ἀνωθεν
720 5481 791 5536 τά
828 5482 1118 5553 εἰρημένα.
1158 5480 1471 5552 Ἀργυρίου
1514 5480 1554 5550 ἣ
1600 5482 1860 5551 χρυσίου
1890 5481 1929 5550 ἢ
1961 5485 2094 5553 ίμα-

403 5566 653 5636 τισμοῦ,
696 5567 885 5638 φησὶν,
933 5566 1185 5635 οὐδενός
1239 5568 1593 5639 ἐπεθύμησα
1632 5585 1646 5600 ν
1680 5567 1851 5622 αὐτοὶ
1910 5568 2084 5639 γινώο

403 5667 608 5719 σκετε,
638 5654 732 5710 ὅτι
751 5655 881 5724 ταῖς
907 5655 1137 5726 χρείαις
1160 5672 1282 5726 μου
1323 5654 1422 5709 καί
1453 5654 1579 5722 τοῖς
1617 5654 1757 5709 οῦσι
1785 5656 1914 5724 μετ’
1938 5653 2088 5725 ἐμοῦ

403 5742 802 5813 ὑπηρέτησαν
837 5747 898 5799 αἰ
952 5761 1148 5817 χειρες
1197 5738 1396 5800 αὗται.
1442 5744 1556 5798 Οὐκ
1612 5744 1721 5815 ἄρα
1749 5745 1806 5797 ἐν
1836 5742 2091 5815 Κορίνθῳ

404 5832 569 5886 τοῦτο
592 5834 923 5905 εἰργάσαντο
958 5833 1120 5903 μόνον
1149 5833 1204 5887 οἱ
1219 5831 1622 5904 διαφθείροντες
1656 5833 1782 5897 τοὺς
1814 5831 2083 5904 μαθητὰς,

405 5919 549 5979 ἀλλὰ
601 5919 697 5977 καὶ
743 5922 801 5976 ἐν
845 5920 1022 5992 Ἀσίᾳ.
1072 5919 1327 5992 Οὑδαμοῦ
1381 5920 1541 5975 τοῦτο
1588 5920 1838 5985 ὀνειδίζει
1892 5933 1920 5961 ι
1972 5923 2085 5984 τοῖς

424 6009 693 6080 Ἐφεσίοις
715 6011 962 6085 γράφων.
1012 6009 1077 6065 Τί
1108 6011 1340 6081 δήποτε;
1390 6009 1514 6063 ’Ότι
1560 6010 1660 6065 οὐκ
1702 6011 1955 6068 ἐνέπεσεν
2004 6012 2083 6075 εἰς

480 6099 516 6133 ι
535 6097 689 6165 lim,
705 6098 863 6154 'Aaia'
890 6101 994 6151 ἀλλ’
1019 6096 1232 6162 οὗδαμοῦ
1248 6096 1393 6149 τοῦτο
1420 6098 1674 6155 ὠνείδιζον.

1459 459 1527 515 ΙΝ
1559 461 1742 517 ACTA
1781 459 2324 521 APOSTOLOBUM.
2360 460 2595 520 HOMIL.
2631 458 2787 518 XLV.

3732 458 3838 513 διε

2177 577 2447 649 ἀνάγκην.
2490 576 2652 630 Ἀλλὰ
2674 576 2769 630 καὶ
2801 573 3109 647 Κορινθίοις
3134 573 3283 644 λέγει
3316 589 3332 605 ο
3366 573 3488 629 Οὐκ
3512 572 3739 643 ἐρράγη
3770 572 3837 624 τὸ

2174 666 2449 735 καύχημά
2479 683 2593 735 μου
2628 664 2698 718 ἐν
2740 662 2864 730 τοῖς
2899 665 3150 732 κλίμασι
3176 660 3285 730 τῆς
3324 661 3577 731 Ἀχαΐας.
3601 659 3714 713 Καὶ
3740 659 3839 711 οὐκ

2175 749 2352 820 εἷπεν,
2383 752 2497 805 Οὐκ
2527 750 2762 806 ἐδώκατέ
2809 768 2899 822 μοι
2927 765 2942 780 ·
2973 749 3071 805 ἀλλ
3087 749 3123 816 ⁹,
3166 749 3469 819 Ἀργυρίου
3498 746 3536 815 ἢ
3576 744 3839 817 χρυσίου

2174 840 2213 909 ἢ
2248 839 2571 912 ἱματισμοῦ
2606 841 2717 895 οὐκ
2752 840 3123 910 ἐπεθύμησα,
3181 837 3271 890 ῖνα
3327 836 3404 906 μὴ
3463 834 3588 907 δόξῃ
3615 833 3840 887 ἐκείνων

2171 920 2311 979 εἶναι
2346 925 2407 979 τδ
2430 926 2504 997 μὴ
2532 924 2732 979 δοῦναι.
2765 925 2874 978 Καὶ
2916 923 3016 976 οὐκ
3047 919 3230 983 εἶπεν,
3260 917 3486 981 Οὐδενός
3518 916 3841 987 ἐπεθύμησα

2170 1012 2280 1066 τῶν
2317 1012 2663 1082 ἀναγκαίων,
2698 1012 2786 1065 ἵνα
2828 1010 2903 1082 μὴ
2952 1009 3079 1081 δόξῃ
3127 1008 3289 1063 πάλιν
3346 1002 3651 1076 κατηγορία
3703 999 3841 1056 εἶναι

2171 1100 2400 1155 ἐκείνων
2433 1118 2448 1133 ο
2486 1100 2622 1155 ἀλλά
2663 1098 2824 1153 τοῦτο
2856 1099 3176 1163 αἰνίττεται,
3223 1097 3307 1151 ὅτι
3340 1093 3566 1155 εἰκότως
3594 1092 3693 1145 οὐκ
3721 1089 3843 1143 ἔλα-

2171 1184 2265 1240 ϐεν
2287 1188 2455 1241 ὁπότε
2510 1187 2603 1242 καὶ
2663 1186 2884 1259 ἐτέρους
2918 1184 3169 1256 ἔτρεφεν.
3208 1183 3384 1254 Ὅρα,
3418 1179 3536 1243 πῶς
3558 1177 3844 1249 εἰργάζετο

2174 1273 2312 1344 μετά
2335 1274 2574 1344 σπουδῆς
2608 1272 2895 1346 ἄνθρωπος
2932 1272 3104 1327 νύκτα
3150 1272 3247 1326 καὶ
3283 1268 3497 1342 ἡμέραν
3525 1266 3845 1337 διαλεγόμε-

2168 1378 2259 1426 νος
2296 1362 2435 1433 μετά
2455 1362 2725 1434 δακρύων,
2755 1361 2851 1415 ἕνα
2889 1362 3119 1415 ἕκαστον
3158 1358 3447 1414 νουθετῶν.
3491 1355 3693 1412 Πάντα
3732 1356 3847 1408 ὑπ-

2168 1448 2373 1514 έδειξα
2388 1448 2550 1519 ὑμῖν,
2570 1449 2657 1503 ὅτι
2678 1449 2833 1504 οὕτω
2847 1447 3183 1512 κοπιῶντας
3196 1448 3291 1502 δεῖ
3301 1443 3845 1515 ἀντιλαμϐάνεσθαι

2168 1534 2290 1589 τῶν
2310 1536 2753 1593 ἀσθενούντων.
2804 1534 2975 1589 Τοῦτο
3018 1534 3210 1600 εἰπὼν,
3247 1534 3412 1590 πάλιν
3455 1531 3742 1603 ἐφόϐησεν.
3780 1530 3845 1581 Ὅ

2168 1625 2227 1681 δὲ
2257 1625 2423 1694 λέγει,
2457 1625 2613 1680 τοῦτό
2637 1630 2783 1680 ἐστιν
2811 1642 2826 1658 ·
2861 1627 2974 1680 Οὑκ
3026 1624 3177 1695 ἔχετε
3219 1627 3299 1687 εἰς
3354 1623 3575 1693 ἄγνοιαν
3602 1633 3848 1686 καταφυ-

2169 1714 2286 1781 γεῖν
2313 1731 2327 1744 ·
2362 1714 2615 1778 ὑπέδειξα
2640 1713 2731 1768 διά
2756 1714 2866 1767 τῶν
2903 1714 3103 1784 ἔργων,
3136 1715 3218 1767 ὅτι
3243 1712 3388 1768 οὕτω
3430 1710 3736 1773 κοπιῶντας
3768 1707 3850 1761 δεῖ

2170 1801 2517 1872 ἐργάζεσθαι.
2546 1802 2656 1854 Καὶ
2675 1802 2775 1855 οὐκ
2812 1798 2986 1865 εἶπεν,
3021 1802 3103 1855 ὅτι
3138 1800 3311 1855 κακὸν
3348 1800 3408 1853 τὸ
3440 1798 3656 1852 λαϐεῖν·
3689 1796 3844 1859 ἀλλὰ,

2173 1888 2381 1960 βέλτιον
2406 1890 2467 1943 τὸ
2527 1889 2602 1961 μὴ
2649 1888 2856 1944 λαϐεῖν.
2904 1891 3316 1958 Μνημονεύειν
3379 1904 3443 1942 τε
3492 1885 3600 1940 τόν
3632 1886 3843 1953 λόγον,

2173 1979 2328 2048 φησὶ,
2351 1978 2457 2032 τοῦ
2499 1978 2741 2046 Κιρίου,
2775 1976 2848 2030 ὃν
2875 1973 3006 2031 εἷπε
3033 1994 3048 2009 ο
3081 1975 3392 2044 Μακάριόν
3436 1974 3568 2029 ἐστι
3603 1971 3848 2042 μᾶλλον

2172 2068 2407 2123 διδόναι
2441 2066 2479 2136 ἢ
2510 2066 2864 2135 λαμϐάνειν.
2889 2065 2998 2120 Καὶ
3023 2064 3126 2118 ποῦ
3154 2060 3340 2132 εἷπεν;
3378 2062 3540 2125 Ἴσως
3582 2061 3849 2131 ἀγράφως

2174 2155 2501 2226 παρέδωκαν
2532 2154 2579 2206 οἰ
2606 2152 2893 2207 ἀπόστολοι
2922 2169 2933 2180 ’
2977 2151 3010 2224 ἢ
3046 2151 3107 2218 ἐξ
3150 2145 3225 2208 ὧν
3270 2153 3334 2207 ἄν
3358 2168 3439 2215 τις
3471 2147 3850 2217 συλλογίσαιτο

2172 2244 2350 2315 δῆλον.
2382 2243 2494 2297 Καὶ
2544 2242 2652 2314 γὰρ
2701 2240 2868 2306 ἔδειξε
2917 2240 3018 2311 τὴν
3071 2238 3385 2312 παρρησίαν
3414 2235 3512 2308 τὴν
3555 2235 3692 2307 πρὸς
3722 2237 3848 2299 τοὺς

2173 2330 2475 2395 κινδύνους,
2513 2328 2615 2400 τὴν
2648 2329 2993 2399 συμπάθειαν
3015 2326 3114 2399 τὴν
3148 2326 3285 2399 πρὸς
3317 2325 3444 2388 τοὺς
3487 2322 3847 2400 ἀρχομένους,

2172 2418 2273 2488 τὴν
2302 2416 2654 2472 διδασκαλίαν
2683 2415 2782 2487 τὴν
2813 2414 2951 2486 μετά
2997 2414 3331 2486 παρρησίας,
3370 2411 3467 2483 τὴν
3497 2425 3852 2477 ταπεινοφροο

2175 2505 2359 2576 σύνην,
2407 2505 2504 2576 τὴν
2537 2503 2925 2575 ἀκτημοσύνην
2960 2516 2975 2531 ο
3010 2488 3170 2554 τοῦτο
3214 2499 3272 2554 δὲ
3317 2499 3410 2554 καὶ
3467 2492 3852 2566 ἀκτημοσύνης

2178 2592 2381 2664 μεῖζον.
2413 2592 2475 2645 Εἰ
2512 2590 2620 2662 γάρ
2655 2590 2790 2653 ἐκεῖ,
2826 2586 3124 2655 Πώλησόν
3171 2600 3309 2651 σου,
3358 2584 3513 2656 φησὶ,
3559 2583 3632 2636 τὰ
3663 2579 3853 2647 ὑπάρ-

2173 2695 2381 2749 χοντα,
2417 2680 2470 2732 εί
2492 2676 2686 2742 θέλεις
2727 2675 2954 2740 τέλειος
3001 2669 3156 2727 εἶναι
3190 2687 3202 2701 ·
3237 2671 3365 2725 ὅταν
3398 2669 3536 2742 πρὸς
3567 2669 3645 2739 τῷ
3681 2667 3852 2739 μηδὲν

2173 2765 2470 2836 λαμϐάνειν
2486 2762 2581 2816 καὶ
2605 2761 2825 2833 ἐτέρους
2839 2757 3101 2830 τρέφῃ,τί
3126 2756 3317 2811 τούτου
3343 2756 3457 2810 ἴσον
3481 2774 3495 2822 ;
3523 2751 3620 2819 Εἷς
3648 2754 3854 2826 βαθμὸς

2172 2853 2352 2908 τοίνυν
2375 2852 2525 2923 ῥῖψαι
2540 2850 2608 2904 τά
2624 2848 2809 2912 αὑτοῦ,
2827 2847 3100 2918 δεύτερος,
3121 2844 3302 2917 ἐαυτῷ
3323 2846 3609 2917 ἐπαρκεῖν,
3647 2843 3850 2913 τρίτος,

2176 2942 2273 2995 καὶ
2308 2940 2536 3011 ἑτέροις,
2602 2936 2882 3008 τέταρτος,
2937 2934 2998 2988 τὸ
3050 2928 3393 3005 κηρύττοντα
3451 2932 3549 2984 καὶ
3599 2928 3853 2994 ἐξουσίαν

2175 3026 2369 3098 ἔχοντα
2398 3027 2427 3067 ι’
2456 3024 2756 3096 λαμϐάνειν
2812 3021 2887 3093 μὴ
2945 3019 3245 3091 λαμϐάνειν
3295 3034 3308 3049 ·
3366 3017 3508 3072 ὥστε
3562 3015 3695 3069 πολὺ
3742 3014 3855 3067 τῶν

2173 3116 2499 3188 ἀκτημόνων
2547 3108 2702 3177 οὗτος
2741 3112 2964 3183 βελτίων
3008 3106 3098 3182 ἦν.
3140 3109 3250 3163 Kal
3274 3107 3459 3170 καλῶς
3492 3103 3665 3167 εἶπεν,
3692 3104 3856 3157 Οὕτω

2176 3204 2271 3260 δεῖ
2298 3201 2848 3273 ἀντιλαμϐάνεσθαι
2890 3197 3011 3254 τῶν
3054 3197 3494 3253 ἀσθενούντων.
3543 3191 3717 3246 Τοῦτο
3757 3191 3856 3262 μὲν

2176 3292 2289 3363 γὰρ
2308 3289 2650 3361 συμπαθείας
2670 3288 2770 3359 τῆς
2793 3287 2931 3359 πρὸς
2961 3286 3087 3349 τοὺς
3115 3282 3383 3348 ἀσθενεῖς,
3404 3277 3554 3353 [540]
3586 3278 3646 3332 τὸ
3669 3278 3733 3331 ἐκ
3747 3276 3857 3331 τῶν

2176 3378 2327 3435 ἰδίων
2352 3376 2537 3432 κόπων
2571 3374 2771 3430 διδόναι
2798 3390 2812 3405 σ
2847 3374 2909 3427 τὸ
2933 3372 2991 3429 δὲ
3018 3375 3084 3429 ἐκ
3107 3372 3215 3427 τῶν
3245 3367 3570 3440 ἀλλοτρίων,
3595 3365 3657 3420 οὑ
3695 3364 3855 3435 μόνον

2176 3464 2236 3519 ού
2281 3463 2467 3530 καλὸν,
2521 3460 2659 3515 ἀλλά
2700 3461 2797 3514 καὶ
2840 3457 3162 3528 ἐπισφαλές.
3195 3455 3307 3515 Καὶ
3353 3452 3749 3517 ἐπιπεσόντες
3776 3448 3858 3515 τῷ

2178 3552 2480 3622 τραχήλῳ,
2518 3551 2704 3621 φησὶν,
2745 3547 2932 3603 αὐτοῦ
2975 3547 3244 3601 ἔκλαιον.
3277 3542 3450 3596 Τοῦτο
3495 3540 3594 3612 τὴν
3615 3539 3858 3593 διάθεσιν

2177 3641 2277 3712 τὴν
2311 3639 2448 3710 πρὸς
2476 3637 2639 3690 αὑτὸν
2664 3634 2958 3690 δείκνυσιν.
3004 3633 3303 3687 Ἑπέπεσον
3333 3630 3388 3683 δὲ
3416 3629 3509 3683 ἐπὶ
3540 3628 3632 3682 τὸν
3654 3628 3860 3698 τράχη-

2178 3728 2292 3792 λον,
2314 3726 2409 3780 ἀτε
2441 3725 2676 3796 ὑστέρας
2698 3720 3040 3794 περιπλοκὰς
3074 3718 3557 3791 περιπλεκόμενοι,
3599 3717 3696 3770 καὶ
3726 3713 3857 3767 πολ-

2180 3814 2279 3887 λὴν
2311 3813 2420 3868 ἀπὸ
2446 3813 2547 3882 τῆς
2586 3809 2931 3883 δημηγορίας
2975 3807 3234 3870 λαϐόντες
3271 3805 3370 3877 τὴν
3406 3803 3628 3874 ἀγάπην
3660 3803 3754 3856 καὶ
3799 3799 3859 3853 τὸ

2182 3903 2422 3974 φίλτρον.
2452 3901 2516 3955 Εἰ
2544 3898 2654 3969 γὰρ
2679 3897 2869 3962 ἁπλῶς
2893 3898 3054 3969 ἡμεῖς
3079 3897 3158 3949 ἀπ
3177 3896 3190 3917 ’
3234 3893 3477 3966 ἀλλήλων
3521 3890 3860 3962 διαλυόμενοι

2185 3990 2461 4062 στένομεν,
2500 3987 2677 4043 καίτοι
2713 3986 2950 4051 εἰδότες,
2996 3986 3079 4039 ὅτι
3128 3981 3524 4053 ἀποληψόμεοα
3571 3979 3857 4051 ἀλλήλους,

2183 4078 2303 4144 πῶς
2334 4077 2401 4133 ἂν
2439 4078 2643 4131 ἐκεῖνοι
2690 4074 2811 4128 τότε
2860 4073 3075 4127 Παύλου
3127 4069 3357 4133 ἀπαθῶς
3389 4066 3859 4137 ἀπεσπάσθησαν;

2196 4166 2340 4236 Ἐγὼ
2361 4166 2454 4220 καὶ
2479 4165 2571 4218 τδν
2598 4161 2811 4217 Παῦλον
2844 4157 3003 4230 οἶμαι
3034 4160 3263 4215 κλαίειν.
3312 4154 3859 4220 Ἀποσπιισθέντες,

2184 4254 2336 4326 φησι.
2364 4255 2617 4307 Δείκνυσι
2642 4252 2736 4304 καὶ
2774 4249 2872 4321 τὴν
2899 4248 3019 4319 βίαν
3059 4247 3137 4320 τῷ
3176 4247 3374 4310 εἰπεῖν,
3417 4240 3865 4297 Ἀποσπασθέν-

2184 4364 2275 4413 τες
2312 4346 2428 4400 ἀπ’
2455 4342 2676 4399 αὐτῶν.
2718 4340 2830 4396 Καὶ
2878 4340 3106 4403 εἰκότως
3138 4354 3151 4368 ο
3188 4338 3269 4400 εἰς
3312 4335 3423 4407 γὰρ
3450 4334 3549 4404 τὴν
3581 4332 3863 4385 θάλασσαν

2183 4434 2370 4486 λοιπὸν
2417 4431 2655 4503 ἐμϐῆναι
2690 4428 2889 4492 αὐτοὺς
2930 4428 3030 4480 οὐκ
3079 4425 3223 4496 ἐνῆν.
3252 4425 3317 4478 Τί
3362 4426 3528 4486 ἐστιν,
3569 4420 3865 4487 Εὐθυδρο-

2179 4523 2491 4593 μήσαντες
2531 4520 2798 4589 ἤλθομεν
2835 4519 2922 4583 εἰς
2954 4515 3071 4584 τὴν
3114 4513 3280 4578 Κῶν;
3325 4514 3471 4567 ῖΛντὶ
3503 4510 3622 4574 τοῦ,
3661 4509 3735 4562 Οὐ
3771 4524 3867 4561 πε⁴

2187 4608 2479 4682 ριήλθομεν
2514 4607 2637 4661 οὑδὲ
2676 4604 3034 4675 διετρίψαμεν
3082 4604 3141 4655 ἐν
3194 4600 3405 4672 ἑτέροις
3427 4598 3636 4661 τόποις.
3674 4594 3753 4664 Τῇ
3796 4595 3866 4647 δὲ

2185 4695 2353 4765 ἑξῆς,
2386 4694 2573 4765 φησὶν,
2623 4694 2711 4759 εἰς
2760 4690 2974 4746 Ῥόδον
3004 4699 3053 4745 ο.
3082 4689 3232 4760 Ὅρα
3290 4684 3453 4741 αὑτὸν
3488 4683 3867 4762 ἐπειγόμενρν.

2187 4783 2295 4839 Καὶ
2338 4783 2617 4851 εὑρόντες
2654 4778 2873 4835 πλοῖον
2913 4775 3208 4847 διαπερῶν
3245 4776 3332 4841 εἰς
3372 4774 3677 4842 Φοινίκην.
3712 4772 3869 4834 Ἴσως
3932 4809 3937 4814 ι

2187 4874 2364 4926 ἐκεῖνο
2396 4869 2584 4926 αὐτόθι
2630 4867 2867 4939 διέτριϐε
2896 4884 2907 4897 ⁸
2941 4866 3023 4920 διὸ
3048 4867 3105 4918 ἐν
3138 4864 3289 4936 αὑτῷ
3343 4862 3736 4925 ἐπιϐαίνουσιν,
3773 4861 3870 4929 οὐχ

2186 4959 2439 5031 εὑρόντες
2492 4957 2619 5013 ἀλλο
2669 4956 2749 5019 εἰς
2793 4954 3137 5025 Καισάρειαν
3168 4951 3572 5023 ἀπερχόμενον..
3623 4947 3872 5018 Ἀναφα-

2186 5062 2406 5112 ναντες
2451 5044 2521 5099 δὲ
2573 5043 2689 5113 τὴν
2728 5043 2992 5111 Κύπρον,
3050 5040 3152 5095 καί
3198 5039 3630 5103 καταλιπόντες
3677 5033 3872 5103 αὐτὴν

2188 5137 2522 5209 εὐώνυμον.
2551 5134 2722 5190 Τοῦτο
2780 5135 2880 5206 οὐχ
2924 5131 3112 5198 ἀπλῶς
3168 5131 3405 5203 εἴρηται,
3440 5130 3555 5184 ἀλλ’
3585 5130 3672 5183 ἵνα
3696 5128 3870 5198 δείξῃ,

2189 5229 2273 5283 ὅτι
2304 5226 2423 5280 οὐδὲ
2456 5225 2624 5294 ἐγγὺς
2661 5222 2837 5294 αὐτῆς
2873 5222 3124 5293 γενέσθαι
3151 5221 3374 5291 ἠξίωσε,
3409 5216 3645 5273 κατευθὺ
3676 5215 3872 5269 πλέον-

2189 5335 2281 5383 τες
2308 5320 2409 5389 τῆς
2441 5315 2643 5386 Συρίας
2680 5332 2696 5346 ·
2730 5313 2906 5378 οὕτως
2945 5310 3228 5366 ἔσπευδεν.
3260 5305 3409 5366 Εἶτα
3446 5307 3545 5361 καί
3572 5304 3872 5373 κατήχθη-

2187 5424 2301 5478 μεν
2323 5407 2411 5473 είς
2440 5406 2648 5474 Τύρον,
2672 5405 2828 5473 φησὶ,
2862 5400 2968 5456 καί
2999 5399 3278 5469 εὑρόντες
3318 5394 3612 5466 μαθητὰς,
3640 5392 3875 5463 ἐμείνα-

2185 5512 2303 5566 μεν
2339 5492 2492 5563 πρός
2540 5493 2783 5557 αὐτούς.
2821 5490 2953 5542 Ὅτε
2973 5486 3200 5556 πλησίον
3263 5480 3406 5555 ἦσαν
3457 5480 3870 5552 Ἱεροσολύμων,

2189 5584 2289 5636 οὐκ
2310 5580 2390 5635 ἔτι
2418 5582 2724 5652 τρέχουσιν,
2761 5576 2897 5631 ἀλλά
2926 5577 3021 5629 καὶ
3045 5575 3263 5647 μένουσι
3298 5571 3450 5643 παρά
3486 5572 3597 5631 τοῖς
3621 5569 3871 5638 ἀδελφοῖς

2192 5668 2335 5723 ἐπτά
2364 5668 2597 5740 ἡμέρας.
2638 5667 2743 5719 Ἰδε
2780 5681 2870 5735 μοι
2925 5661 3110 5716 λοιπὸν
3166 5659 3261 5715 καὶ
3315 5659 3413 5724 τὰς
3445 5657 3681 5729 ἡμέρας.
3716 5656 3874 5740 Μετά

2191 5759 2259 5813 τά
2295 5736 2517 5827 Ἀζυμα
2538 5756 2617 5817 εἰς
2652 5751 2888 5824 Τρωάδα
2919 5745 3084 5821 ἦλθον
3115 5747 3197 5803 δι’
3250 5746 3469 5819 ἡμερῶν
3509 5744 3674 5799 πέντε
3700 5758 3713 5771 ⁸
3751 5736 3873 5797 εἶτα

2193 5850 2310 5903 ἐκεῖ
2362 5846 2503 5899 ἐπτά
2529 5859 2542 5872 ⁸
2574 5842 2672 5908 τάς
2718 5842 2900 5907 πάσας
2942 5840 3151 5896 δώδεκα
3176 5840 3196 5859 ⁸
3232 5833 3350 5892 εἶτα
3394 5838 3475 5901 εἰς
3520 5834 3616 5907 τὴν
3648 5835 3871 5900 Ἄσσον,

2226 6035 2279 6147 Ib
2308 6032 2569 6144 Idlenlbr'gv
2608 6030 2900 6095 κηρύττοντά
2915 6067 2927 6093 ,
2952 6030 3031 6078 καὶ
3054 6027 3266 6089 ἐξουσίαν
3288 6027 3428 6091 ἐχειν.
3496 6025 3519 6055 ⁸
3545 6021 3665 6083 Alii,
3685 6017 3879 6073 τόποι(-

2248 6114 2306 6147 τα
2330 6113 2351 6146 ε
2374 6114 2394 6147 ς
2487 6110 2514 6143 ο
2545 6109 2613 6141 ον.

2205 6109 2306 6148 sua
2330 6109 2394 6153 εις
2433 6109 2613 6143 ’γοοον.
