4112 6424
324 500 428 559 317

324 624 406 686 ei;
429 620 764 693 Μυτιλήνην,
790 617 1020 690 ἀντικρὺ
1051 616 1208 681 Χίου,
1235 617 1316 680 είς
1345 617 1681 688 Τρωγύλιον,
1716 619 1795 680 εἰς
1816 617 1999 688 Σάμον

325 715 418 768 zeal
444 715 524 778 εἰς
558 713 799 784 Μίλητον
824 726 841 744 ·
869 711 1154 766 δεκαοκτὼ
1189 709 1400 781 ήμέραι
1434 711 1490 763 al
1533 710 1724 763 πᾶσαι.
1760 705 1892 762 Εἶτα
1918 710 1999 772 είς

325 805 475 871 Κῶν,
523 805 603 869 είς
637 803 837 869 Ῥόδον,
881 803 962 867 είς
1014 802 1264 872 Πάταρα,
1323 799 1495 855 εἴκοσι
1547 802 1645 855 καὶ
1697 801 1795 870 μία
1835 817 1848 832 ·
1878 795 2001 855 εἶτα

328 897 536 950 ἐκεῖθεν
567 894 648 950 δι’
695 893 919 966 ἡμερῶν
963 893 1123 948 πέντε
1167 893 1248 955 είς
1296 890 1493 962 Τύρον,
1548 889 1607 956 ἒξ
1655 893 1750 946 zeal
1786 894 1999 947 εῐκοσι·

327 987 511 1042 λοιπὸν
543 987 662 1040 ἐκεῖ
697 986 839 1040 ἑπτά
863 985 1158 1056 τριάκοντα
1183 983 1276 1040 καὶ
1315 985 1465 1057 τρεῖς
1493 999 1507 1014 ·
1549 980 1670 1037 εἶτα
1702 985 1782 1048 είς
1807 984 2006 1038 Πτολε-

331 1079 496 1150 μαΐδα
535 1078 701 1150 μίαν,
726 1080 1020 1150 τριάκοντα
1051 1077 1322 1147 τέσσαρες
1342 1092 1356 1106 ·
1389 1073 1508 1130 εἶτα
1551 1077 1632 1139 είς
1663 1076 2004 1148 Καισάρειαν

328 1171 547 1234 πλείους
573 1170 725 1240 μένει
763 1169 871 1222 τῶν
901 1169 1077 1223 ἄλλων
1110 1185 1126 1200 ·
1160 1169 1253 1222 zeal
1281 1168 1403 1222 τότε
1445 1167 1632 1222 λοιπὸν
1672 1169 1884 1222 ἐκεῖθεν
1913 1169 2006 1221 αύ-

329 1264 456 1326 τοὺς
482 1261 676 1329 ἀνάγει
695 1262 724 1313 ό
755 1259 1064 1330 προφήτης.
1103 1257 1292 1323 Οὕτως
1323 1260 1356 1332 ή
1391 1259 1747 1330 Πεντηκοστὴ
1772 1257 2004 1331 πληροῦ-

327 1371 438 1419 ται,
473 1356 565 1408 καὶ
609 1355 725 1406 ἐκεῖ
753 1351 923 1423 αὐτὴν
955 1355 1118 1406 ποιεῖ.
1157 1354 1302 1423 Ὅρα
1343 1353 1507 1408 αὐτὸν
1551 1355 1642 1408 ὅτε
1687 1355 1750 1408 τὸ
1780 1353 2006 1424 Πνεῦμα

328 1449 428 1500 οὐκ
453 1446 658 1499 ἐκωλυε
701 1444 1045 1515 πειθόμενον.
1080 1441 1266 1498 Εἶπον·
1297 1445 1397 1515 Μὴ
1429 1445 1548 1512 δῷς
1570 1447 1803 1501 σαυτὸν
1829 1446 1917 1511 είς
1937 1445 2005 1498 τὸ

329 1537 594 1607 θέατρον,
624 1537 719 1591 zeal
747 1538 848 1590 οὐκ
876 1535 1046 1591 ἔδωκε
1079 1553 1093 1566 ·
1128 1536 1388 1601 πολλάκις
1409 1538 1572 1591 αὐτον
1601 1537 1886 1608 ἐξήγαγον,
1911 1537 2005 1590 zeal

330 1629 554 1702 ἐπείσθη
593 1646 608 1662 ·
637 1628 726 1683 διὰ
767 1627 979 1700 θυρίδος
1014 1627 1178 1683 πάλιν
1208 1628 1377 1698 ἔφυγε
1405 1645 1420 1660 ·
1458 1630 1551 1683 zeal
1589 1628 1684 1682 νῦν
1731 1628 1806 1684 ὡς
1828 1629 2006 1680 εἰπεῖν

335 1722 544 1795 μυρίων
573 1719 1062 1792 παρακαλούντων,
1104 1723 1197 1775 καὶ
1250 1721 1361 1775 τῶν
1391 1723 1449 1774 ἐν
1490 1721 1652 1792 Τύρῳ
1693 1722 1787 1774 zeal
1810 1720 1919 1774 τῶν
1948 1722 2004 1772 ὲν

333 1813 658 1885 Καισαρείᾳ,
680 1813 775 1866 zeal
797 1812 1098 1866 κλαιόντων
1120 1812 1214 1867 zeal
1240 1812 1412 1883 μυρία
1435 1812 1813 1882 προλεγόντων
1833 1813 2003 1879 δεινά,

326 1903 428 1957 ούκ
453 1904 726 1974 ἀνέχεται.
755 1905 863 1958 Καὶ
897 1904 1004 1977 μὴν
1029 1904 1126 1974 οὐχ
1160 1903 1348 1967 ἁπλῶς
1383 1903 1453 1957 τά
1493 1902 1645 1956 δεινὰ
1689 1903 2003 1976 προέλεγον,

328 1994 464 2050 ἀλλὰ
483 1995 570 2050 διὰ
597 1995 690 2049 τοῦ
718 1997 1036 2068 Πνεύματος
1058 1996 1372 2067 προέλεγον.
1403 1995 1466 2049 El
1495 1995 1677 2049 τοίνυν
1703 1995 1762 2048 τὸ
1784 1995 2010 2066 Πνεῦμα

329 2087 602 2152 ἐκέλευσε,
623 2087 713 2143 διὰ
739 2088 792 2141 τί
821 2088 1250 2156 άντεῖπονςὍτι
1277 2090 1380 2142 οὐκ
1419 2088 1619 2158 ᾔδεσαν
1651 2089 1794 2157 άπερ
1834 2087 2010 2140 ἐδόκει

329 2179 408 2250 τῷ
437 2180 742 2251 Πνεύματι.
777 2181 890 2234 Kal
937 2181 1116 2244 άλλως
1166 2181 1224 2234 δὲ
1273 2179 1392 2234 ούδέ
1417 2179 1517 2250 τὴν
1565 2180 1892 2250 παραίνεσιν
1920 2179 2010 2232 διὰ

263 2290 269 2296 '
329 2273 424 2326 τοῦ
458 2272 773 2344 Πνεύματος
801 2273 1104 2328 ἐποιοῦντο.
1137 2274 1210 2327 Οὐ
1232 2272 1341 2345 γὰρ
1373 2272 1559 2337 ἁπλῶς
1582 2257 1739 2344 ἀὐτῷ
1769 2271 1836 2326 τὰ
1861 2271 2009 2326 δεινά

332 2365 656 2437 προύλεγον,
683 2367 811 2421 ἀλλ’
839 2369 923 2422 ὅτι
952 2367 1220 2438 άναὸἦναι
1247 2367 1309 2419 οὐ
1332 2368 1460 2439 χρὴ,
1489 2367 1792 2437 φειδόμενοι
1817 2365 2005 2420 αὐτοῦ.

329 2460 493 2513 Μετὰ
524 2457 592 2512 δὲ
625 2457 691 2512 τὸ
728 2458 1037 2529 ἐξαρτίσαι
1075 2459 1182 2524 τὰς
1223 2459 1469 2528 ἡμέρας,
1519 2459 1652 2530 φησί
1687 2477 1701 2489 ·
1741 2459 2005 2524 τουτέστι,

333 2549 621 2621 πληρῶσαι
651 2565 664 2579 ο
707 2550 921 2623 ἡμέρας
976 2549 1034 2604 δὲ
1090 2550 1239 2619 λέγει
1285 2551 1386 2614 τὰς
1414 2549 1757 2620 τεταγμένας
1797 2567 1812 2582 ·
1867 2568 2010 2620 προ-

331 2643 689 2713 πεμπόντων
717 2642 875 2713 ήμᾶς
901 2642 1144 2696 πάντων
1176 2643 1299 2696 σὺν
1341 2643 1582 2712 γυναιξὶ
1615 2643 1714 2697 καί.
1748 2642 2005 2710 τέκνοις.

399 2733 628 2806 γ’.[5Μ]
663 2733 798 2804 Ὅρα
823 2734 962 2804 πόση
995 2735 1028 2805 ή
1059 2733 1405 2805 παράκλησις
1435 2730 1522 2806 ἦν·
1550 2735 1642 2788 zeal
1669 2734 1828 2788 πάλιν
1849 2735 2008 2805 εὐχό-

333 2840 486 2895 μενοι
513 2824 842 2879 διαλύονται.
880 2826 990 2878 Kal
1013 2826 1071 2877 ἐν
1095 2825 1417 2894 Πτολεμαΐδι
1446 2826 1577 2894 μίαν
1604 2825 1856 2896 μένουσιν
1877 2824 2018 2896 ἡμέ-

332 2933 454 2987 ραν,
501 2919 558 2969 ἐν
595 2917 651 2969 δὲ
689 2917 1000 2988 Καισαρείᾳ
1055 2916 1297 2980 πλείους.
1349 2916 1460 2971 Kal
1509 2917 1599 2971 ὅτε
1649 2918 1882 2986 ήκουσεν
1927 2918 2009 2971 ὅτι

334 3007 504 3079 μυρία
551 3008 700 3062 δεινά
750 3007 864 3078 ἔχει
919 3007 1134 3074 παθεῖν,
1196 3008 1320 3061 τότε
1382 3006 1688 3076 ἐπείγεται,
1754 3009 1856 3063 οὐκ
1917 3009 2012 3062 ἐπὶ

329 3101 458 3165 τοὺς
479 3100 758 3162 κινδύνους
818 3100 1028 3170 ῥίπτων
1098 3100 1324 3166 ἑαυτὸν,
1384 3099 1502 3153 ἀλλ’
1556 3100 1858 3170 ἡγούμενος
1913 3100 2008 3154 τοῦ

331 3191 649 3263 Πνεύματος
686 3187 828 3245 εἶναι
865 3191 928 3245 τὸ
971 3192 1322 3264 πρόσταγμα.
1360 3191 1521 3246 Μετὰ
1562 3191 1631 3245 δὲ
1651 3194 1760 3258 τὰς
1785 3192 2010 3263 ἡμέρας

330 3287 576 3350 ταύτιις⁹
608 3283 1175 3353 ἐπισκευασάμενοι,
1241 3285 1426 3356 φησιν,
1470 3285 1872 3356 ἀναϐαίνομεν
1921 3288 2010 3352 είς

341 3376 724 3444 Ἰεροσόλυμα
744 3390 758 3405 ·
787 3374 1054 3439 τουτέστι,
1082 3375 1152 3430 τὰ
1179 3375 1314 3446 πρὸς
1337 3377 1436 3448 τὴν
1473 3377 1784 3450 ὁδοιπορίαν
1814 3378 2008 3433 λαϐόν-

329 3485 441 3533 τες.
487 3465 801 3535 Συνῆλθον
825 3467 894 3521 δὲ
930 3468 1030 3521 καὶ
1060 3467 1178 3522 τῶν
1195 3469 1481 3538 μαθητῶν
1500 3471 1620 3524 ἀπὸ
1649 3472 2010 3540 Καισαρείας

329 3560 453 3614 σὺν
479 3560 643 3629 ἡμῖν,
668 3560 917 3630 ἄγοντες
941 3562 1076 3630 παρ’
1101 3554 1150 3628 ᾧ
1171 3560 1560 3631 ξενισθῶμεν,
1581 3562 1871 3617 Μνάσωνί
1893 3580 2010 3618 τινι

329 3653 591 3722 Κυπρίῳ,
647 3654 874 3722 ἀρχαίῳ
919 3653 1159 3724 μαθητῇ
1181 3671 1196 3686 ·
1228 3654 1569 3724 γενομένων
1614 3653 1685 3708 δέ
1729 3654 1899 3725 ἡμῶν
1923 3657 2012 3723 είς

339 3744 743 3813 Ἰεροσόλυμα,
776 3744 1052 3813 ἀσμένως
1102 3743 1391 3809 ἐδέξαντο
1441 3744 1602 3815 ἡμᾶς
1647 3748 1702 3800 οι
1732 3747 2007 3816 ἀδελφοί.

332 3835 442 3887 Kal
471 3835 593 3904 ὅρα,
617 3835 718 3887 οὐκ
757 3831 913 3888 εἶπεν
948 3835 1209 3904 Ἀγαϐος,
1241 3837 1323 3890 δτι
1369 3837 1583 3891 Παῦλον
1620 3837 1898 3907 δήσουσιν,
1926 3839 2012 3892 ῖνα

334 3922 411 3994 μὴ
459 3922 586 3994 δόξῃ
632 3925 696 3976 ἐκ
743 3924 1020 3996 συνθήκης
1058 3925 1280 3994 λέγειν·
1327 3925 1484 3992 ἀλλὰ,
1537 3926 1648 3980 Τὸν
1684 3927 1894 3995 ἄνδρα,
1937 3925 2010 3984 οὗ

328 4011 504 4066 ἐστιν
540 4012 580 4079 ή
629 4011 778 4082 ζώνη
823 4014 998 4081 αὕτη.
1029 4015 1173 4086 ’Ἄρα
1211 4017 1305 4069 zeal
1357 4015 1534 4086 ζώνην
1577 4012 1742 4087 εἶχεν.
1790 4019 2011 4094 Ἐπειδὴ

331 4100 390 4154 δὲ
415 4100 515 4155 ούκ
547 4103 733 4173 ἴσχυον
765 4107 974 4166 πεῖσαι,
1027 4103 1118 4158 διὰ
1172 4103 1334 4158 τοῦτο
1368 4104 1602 4173 ἔκλαιον,
1635 4101 1755 4163 εἶτα
1804 4110 2010 4182 ἡσύχα-

332 4208 452 4246 σαν.
508 4192 674 4264 Ὀρᾷς
713 4193 1068 4263 φιλοσοφίαν;
1128 4197 1261 4267 δρᾷς
1295 4197 1709 4268 φιλοστοργίαν;
1759 4200 2013 4273 Ἠσυχά-

331 4300 548 4352 σαμεν,
601 4285 785 4355 φησὶν,
848 4285 1151 4352 ειπόντες·
1207 4287 1275 4340 Τὸ
1333 4287 1571 4358 θέλημα
1618 4291 1727 4346 τοῦ
1779 4295 2004 4361 Κυρίου

330 4378 606 4446 γενέσθω.
649 4379 948 4446 Ἀγοντες,
985 4379 1140 4450 φησὶ,
1179 4380 1314 4448 παρ’
1345 4372 1394 4446 ᾧ
1441 4381 1829 4452 ξενισθῶμεν.
1869 4386 2011 4457 ’Ἄρα

329 4470 428 4521 οὐκ
480 4469 561 4531 εἰς
619 4467 718 4539 τὴν
761 4467 1077 4538 ἐκκλησίαν.
1109 4468 1243 4522 Τότε
1290 4469 1391 4539 μὲν
1418 4469 1548 4542 γὰρ,
1591 4473 1682 4525 ὅτε
1737 4474 1880 4544 ὑπὲρ
1924 4475 2012 4528 δο-

331 4561 558 4630 γμάτων
602 4560 858 4632 ἀνῄεσαν,
900 4560 958 4612 ἐν
1008 4561 1076 4631 τῇ
1124 4560 1394 4633 ἐκκλησίᾳ
1437 4561 1770 4626 ξενίζονται·
1828 4564 1924 4618 νῦν
1955 4565 2012 4619 δὲ

331 4657 482 4728 παρὰ
516 4656 734 4728 μαθητῇ
791 4674 898 4710 τινι
943 4658 1180 4730 ἀρχαίῳ.
1237 4658 1491 4714 Δείκνυσι
1545 4660 1713 4714 πολὺν
1761 4661 1854 4716 τοῦ
1907 4680 2009 4736 κη-

333 4747 612 4818 ρύγματος
661 4747 756 4800 τὸν
812 4747 1004 4818 χρόνον
1057 4747 1275 4800 λοιπόν·
1333 4749 1458 4802 ὅθεν
1513 4767 1606 4821 μοι
1655 4751 1804 4806 δοκεῖ
1841 4754 2011 4807 πολλὰ

331 4841 426 4912 ἔτη
463 4839 778 4909 ἐπιτέμνειν
833 4839 894 4890 ἐν
943 4843 1061 4903 ταῖς
1086 4840 1354 4908 Πράξεσιν
1391 4833 1565 4907 οὗτος,
1622 4844 1692 4897 τὰ
1750 4849 2008 4899 κατεπεί-

331 4950 500 5003 γοντα
535 4933 696 5002 μόνον
732 4930 928 5000 λέγων.
964 4932 1030 4984 Τί
1078 4935 1215 4997 ἐστι,
1265 4935 1334 4989 Τὸ
1374 4936 1605 5007 θέλημα
1643 4939 1752 4992 τοῦ
1787 4939 2008 5007 Κύρίου

326 5023 626 5094 γενέσθως
663 5020 889 5092 Κύριος,
952 5024 1139 5093 φησὶν,
1193 5025 1356 5089 αὐτὸς
1402 5026 1464 5080 τὸ
1517 5027 1748 5098 ἀρεστὸν
1778 5027 2009 5082 ἐνώπιον

329 5115 498 5178 αὐτοῦ
539 5119 777 5185 ποιήσει.
816 5113 1182 5184 Ἠσυχάζουσι
1229 5117 1286 5170 δὲ
1315 5119 1533 5182 ἐκεῖνοι,
1575 5119 1669 5173 zeal
1711 5118 1811 5172 οὐκ
1839 5120 2006 5188 ἀναγ-

330 5211 608 5277 κάζουσιν.
661 5211 821 5273 "beo;
874 5209 1150 5272 συνεῖδον,
1203 5210 1286 5263 ὅτι
1339 5210 1400 5264 τὺ
1447 5210 1658 5283 θέλημα
1710 5207 1779 5281 ἦν
1828 5211 2004 5274 Θεοῦ,

325 5303 438 5358 ἀπὸ
474 5302 576 5374 τῆς
633 5301 849 5358 Παύλου
898 5301 1211 5373 προθυμίας
1259 5301 1417 5358 τοῦτο
1472 5303 1869 5374 στοχασάμενοι
1897 5319 1911 5332 ·
1947 5303 2007 5356 ού

327 5394 436 5466 γὰρ
471 5393 539 5448 ἂν
581 5394 725 5448 οὓτω
757 5392 972 5456 Παῦλος
1021 5393 1406 5464 προεθυμήθη,
1451 5391 1575 5445 οὔτε
1623 5394 1755 5458 Θεὸς
1798 5393 1864 5446 ἂν
1895 5397 2006 5448 eta-

332 5505 426 5541 σεν
475 5489 505 5539 0
561 5487 649 5540 ἀεὶ
715 5485 980 5539 κινδύνων
1037 5483 1365 5554 ἐξαρπάζων
1413 5483 1598 5537 αὐτόν.
1664 5484 1852 5548 Οὕτως
1908 5486 2010 5540 οὐκ

329 5579 612 5633 ἐϐούλοντο
678 5577 865 5648 βαρεῖν
927 5577 1026 5648 τὴν
1082 5576 1402 5643 ἐκκλησίαν,
1451 5576 1602 5640 ὄντος
1662 5578 1850 5650 ἐτέρου
1915 5580 2008 5632 τοῦ

331 5667 631 5734 ξενίζοντος
692 5673 910 5736 αὐτοὺς,
950 5669 1072 5725 οὐδὲ
1116 5669 1336 5740 ἀξίωμα
1386 5668 1650 5740 ἀπῄτουν.
1723 5670 2011 5742 Ἀσμένως

331 5759 510 5826 ἡμᾶς,
543 5761 729 5831 φησὶν.
769 5763 1142 5828 ἀπεδέξαντο
1171 5767 1226 5816 οι
1254 5763 1528 5832 ἀδελφοί.
1561 5763 1760 5818 Λοιπὸν
1787 5766 2010 5836 εἰρήνης

330 5842 398 5916 ἦν
436 5850 610 5918 μεστά
646 5852 714 5905 τά
749 5853 1054 5923 πράγματα
1080 5857 1148 5908 τά
1181 5857 1240 5907 ἐν
1279 5853 1550 5919 Ἰουδαίοις
1577 5868 1626 5921 ι,
1663 5858 1754 5910 zeal
1792 5858 1890 5928 οὐχ
1935 5857 2010 5920 ὡς

335 5939 600 6007 πρότερον
629 5940 864 6009 πόλεμος
896 5939 981 6011 ἦν.
1035 5946 1312 6010 ’Δγ-οντες
1358 5944 1536 6013 ἡμᾶς,
1588 5949 1740 6018 φησὶ,
1798 5950 1934 6016 παρ’
1961 5943 2010 6016 ᾧ

341 6028 727 6095 ξενισθῶμεν.
762 6031 969 6083 Παῦλον
993 6033 1226 6096 ἐξένισεν
1257 6037 1480 6099 ἐκεῖνος.

409 6140 425 6158 ⁵
455 6131 610 6191 l’uus,
629 6133 686 6180 τὰ
715 6134 962 6194 πράγματα
991 6136 1047 6183 τὰ
1074 6139 1136 6188 εἷς
1183 6136 1454 6194 Ἰουδαίους-

886 6227 958 6242 ἠ-
1040 6228 1044 6233 ⁸

1167 498 1226 555 S.
1264 495 1552 554 JOANNLS
1587 494 2076 554 CHRYSOSTOMI
2113 493 2430 550 ARCHIEP.
2475 493 3022 550 CONSTANTINOP-

3666 483 3770 546 5|8

2180 613 2338 683 Τάχα
2392 630 2476 676 τις
2522 613 2676 685 ὑμῶν
2733 615 2877 686 ἐρεῖ·
2913 613 2980 666 Et
3019 629 3101 676 τις
3144 609 3312 682 κάμοὶ
3360 609 3572 666 Παῦλον
3608 605 3774 666 ἔδωκε

2106 704 2330 770 ξενίσαι,
2380 705 2612 775 ἑτοίμως
2651 705 2718 758 ἂν
2759 706 2853 759 zeal
2905 703 3043 775 μετᾶ
3077 703 3278 776 πολλῆς
3320 704 3421 774 τῆς
3468 705 3780 774 προθυμίας

2105 797 2265 851 τοῦτο
2305 797 2558 864 ἐποίησα.
2599 797 2729 852 Ἰδοὺ
2777 799 2871 852 τὸν
2911 796 3126 850 Παύλου
3166 798 3445 869 Δεσπότην
3490 797 3668 864 ἔξεστί
3693 816 3780 854 σοι

2106 891 2331 958 ξενίσαι,
2371 892 2466 945 καὶ
2496 891 2556 944 οὐ
2591 889 2774 962 βούλει
2793 905 2806 922 ·
2850 889 2903 943 '0
2931 890 3040 959 γὰρ
3081 890 3426 960 δεχόμενος,
3452 891 3636 960 φησὶν,
3667 890 3783 947 ἕνα

2104 981 2226 1036 τῶν
2267 981 2628 1052 ἐλαχίστων,
2669 981 2773 1051 ἐμὲ
2808 981 3064 1050 δέχεται.
3092 981 3244 1050 Ὀσῳ
3276 980 3344 1034 ἂν
3380 977 3718 1055 ἐλάχιστοςῇ
3749 983 3782 1035 0

2104 1075 2353 1144 ἀδελφὸς,
2383 1073 2624 1145 τοσούτῳ
2649 1074 2848 1144 μᾶλλον
2873 1077 2903 1128 0
2941 1073 3178 1144 Χριστὸς
3196 1073 3262 1126 δι’
3295 1073 3462 1128 αὐτοῦ
3483 1074 3783 1145 παραγίνου

2105 1184 2212 1222 ται.
2256 1168 2313 1222 '0
2352 1168 2454 1239 μὲν
2477 1169 2586 1239 γάρ
2613 1167 2704 1222 τὸν
2732 1167 2910 1239 μέγαν
2939 1165 3251 1238 δεχόμενος,
3283 1165 3543 1229 πολλάκις
3567 1165 3660 1219 zeal
3691 1166 3782 1221 διὰ

2106 1258 2415 1324 κενοδοξίαν
2446 1261 2590 1314 ποιεῖ
2614 1277 2628 1291 ·
2676 1261 2705 1313 0
2759 1258 2818 1312 δέ
2857 1258 2950 1312 τὸν
2980 1257 3197 1329 μικρὸν,
3243 1255 3500 1328 καθαρῶς
3550 1256 3638 1310 διά
3685 1258 3784 1312 τὸν

2107 1351 2362 1424 Χριστόν.
2398 1352 2620 1416 Ἔξεστί
2653 1368 2736 1404 σοι
2773 1350 2867 1405 καὶ
2909 1350 2999 1404 τὸν
3022 1349 3246 1421 Πατέρα
3283 1349 3490 1416 ξενίσαι
3525 1349 3621 1402 τοῦ
3650 1351 3786 1422 Χριο

2110 1445 2257 1508 στοῦ,
2293 1445 2388 1497 καὶ
2419 1444 2482 1498 οὐ
2523 1443 2723 1514 βούλει·
2750 1442 2936 1509 Ξένος
2967 1443 3075 1512 γὰρ
3103 1442 3290 1513 ἥμην,
3320 1443 3474 1514 φησὶ,
3506 1443 3603 1496 καί
3628 1457 3782 1497 συν-

2106 1534 2358 1604 ηγάγετέ
2406 1551 2484 1602 με
2507 1549 2522 1564 ·
2572 1535 2668 1586 καὶ
2707 1533 2888 1601 πάλιν,
2938 1535 3055 1603 Ἐφ’
3094 1532 3248 1586 ὅσον
3279 1532 3373 1586 ἐνί
3404 1533 3634 1586 τούτων
3660 1530 3785 1586 τῶν

2105 1614 2448 1694 ἐλαχίστων
2474 1625 2824 1693 ἐποιήσατε,
2850 1626 2978 1696 ἐμοὶ
3007 1625 3354 1695 ἐποιήσατε.
3386 1625 3508 1679 Κᾶν
3535 1625 3611 1696 μὴ
3630 1625 3782 1680 Παῦ-

2107 1718 2199 1781 λος
2226 1714 2284 1792 ᾖ,
2325 1719 2518 1782 πιστὸς
2550 1719 2607 1772 δὲ
2728 1719 2823 1772 καὶ
2869 1718 3115 1788 ἀδελφὸς,
3171 1717 3274 1772 κᾶν
3329 1718 3611 1788 ἐλάχιστος
3653 1715 3713 1790 ᾗ,
3755 1722 3786 1773 ό

2108 1812 2344 1884 Χριστος
2386 1811 2455 1865 δι’
2503 1809 2671 1866 αὐτοῦ
2724 1811 3110 1884 παραγίνεται.
3161 1809 3409 1877 Ἀνοιξον
3446 1811 3544 1880 τὴν
3581 1812 3781 1874 οίκίαν,

2110 1903 2383 1970 ὑπόδεξαι.
2428 1904 2482 1956 '0
2503 1905 2828 1975 δεχόμενος
2855 1903 3188 1975 προφήτην,
3214 1903 3368 1974 φησὶ,
3399 1902 3620 1973 μισθόν
3642 1919 3785 1974 προ-

2110 1999 2306 2067 φήτου
2333 1997 2613 2067 λήψεται.
2645 1998 2854 2053 Οὐκοῦν
2887 1999 2981 2052 zeal
3004 2001 3033 2052 0
3074 1999 3308 2069 Χριστὸν
3343 1997 3654 2068 δεχόμενος,
3686 1998 3784 2071 λή-

2109 2089 2270 2158 ψεται
2301 2090 2491 2160 μισθὸν
2521 2090 2615 2143 τοῦ
2654 2091 2745 2145 τὸν
2785 2090 3020 2160 Χριστὸν
3052 2089 3370 2156 ξενίζοντος.
3415 2090 3507 2160 Μὴ
3565 2091 3784 2146 ἀπίστει

2109 2185 2222 2247 τοῖς
2264 2181 2413 2254 [542]
2451 2182 2692 2253 ῥήμασιν
2736 2182 2924 2246 αὐτοῦ,
2965 2181 3104 2236 ἀλλὰ
3149 2182 3310 2249 γενοῦ
3359 2182 3579 2246 πιστός·
3625 2182 3788 2248 αὐτὸς

2111 2271 2283 2339 εἶπεν,
2319 2276 2400 2328 ὅτι
2423 2275 2500 2328 Δι’
2522 2275 2702 2330 αὐτῶν
2724 2274 2835 2345 ἐγὼ
2864 2275 3238 2347 παραγίνομαι
3259 2291 3272 2306 ·
3307 2275 3401 2328 καὶ
3433 2276 3521 2328 ἴνα
3553 2273 3628 2346 μὴ
3661 2273 3792 2329 ἀπιε-

2113 2369 2264 2438 στῇς,
2314 2369 2409 2422 zeal
2463 2368 2731 2439 τιμωρίας
2785 2367 2958 2439 ὁρίζει
3005 2369 3118 2430 τοῖς
3175 2365 3249 2437 μὴ
3303 2365 3632 2437 δεχομένοις,
3691 2363 3788 2418 zeal

2109 2457 2274 2528 τιμὰς
2299 2461 2412 2519 τοῖς
2435 2458 2766 2528 δεχομένοις,
2797 2459 2898 2511 οὐκ
2929 2457 2996 2512 ἂν
3033 2456 3192 2511 τοῦτο
3215 2456 3466 2528 ποιήσας,
3499 2459 3548 2511 εί
3582 2457 3658 2529 μὴ
3690 2460 3788 2514 zeal

2110 2551 2139 2602 0
2160 2549 2412 2620 τιμηθεὶς
2439 2551 2536 2604 zeal
2555 2552 2584 2603 0
2622 2549 2902 2620 ύόρισθεὶς
2927 2547 3089 2612 αὐτὸς
3112 2543 3202 2618 ἦν.
3248 2549 3443 2613 Ἐδέξω
3477 2566 3566 2618 με,
3593 2549 3786 2621 φησὶν,

2111 2641 2192 2704 εἰς
2220 2641 2282 2694 τὸ
2339 2640 2430 2694 σὺν
2468 2641 2832 2709 καταγώγιον,
2866 2641 3088 2712 δέξομαί
3139 2657 3199 2692 σε
3249 2643 3329 2704 είς
3381 2641 3482 2712 τὴν
3509 2640 3791 2711 βασιλείαν

2110 2733 2206 2787 τοῦ
2241 2734 2456 2806 Πατρός
2488 2749 2592 2804 μου
2617 2750 2630 2764 ·
2664 2733 2864 2798 έλυσάς
2898 2751 2987 2805 μοι
3034 2733 3127 2786 τὸν
3176 2733 3358 2804 λιμὸν,
3397 2736 3545 2787 λύσω
3592 2751 3674 2788 σοι
3717 2731 3791 2786 τά

2112 2831 2519 2902 ἁμαρτήματα·
2576 2822 2716 2892 εἶδές
2777 2846 2844 2900 με
2888 2829 3192 2901 δεδεμένον,
3253 2834 3485 2906 ὁρᾶσθαί
3540 2854 3601 2890 σε
3651 2838 3792 2894 ποιῶ

2111 2923 2482 2992 λελυμένονδ·
2517 2921 2659 2986 εἶδές
2694 2941 2763 2994 με
2801 2923 2974 2991 ξένον,
3009 2926 3151 2980 ποιῶ
3203 2945 3263 2982 σε
3302 2929 3528 2999 πολίτην
3556 2931 3667 2985 τῶν
3691 2932 3790 2986 οὐ·

2111 3015 2322 3086 ρανῶν·
2365 3015 2573 3080 ἔδωκάς
2605 3035 2696 3087 μοι
2741 3019 2928 3090 άρτον,
2970 3017 3164 3089 δίδωμί
3215 3037 3298 3073 σοι
3342 3019 3622 3090 βασιλείαν
3670 3023 3791 3077 ὀλό-

2110 3105 2334 3177 κληρον,
2366 3106 2506 3159 ὥστε
2535 3107 2945 3178 κληρονομῆσαι
2974 3110 3070 3163 zeal
3097 3115 3411 3182 κατασχεῖν.
3449 3112 3628 3166 Δεῦτε
3653 3113 3788 3185 γάρ,

2111 3200 2269 3270 φησὶ,
2316 3199 2814 3269 κληρονομήσατε
2852 3202 2968 3270 τὴν
3002 3203 3457 3274 ἡτοιμασμένην
3492 3204 3636 3276 ὑμῖν
3674 3208 3792 3273 ,βα-

2111 3293 2374 3346 σιλείαν.
2421 3293 2536 3347 Ούκ
2573 3288 2716 3356 εἶπε,
2770 3293 3001 3360 Λάϐετε,
3049 3297 3206 3362 ἀλλὰ,
3259 3299 3786 3369 κληρονομήσατε,

2109 3383 2248 3456 ὅπερ
2305 3385 2398 3438 ἐπὶ
2447 3385 2558 3438 τῶν
2609 3386 2816 3457 κυρίως
2864 3387 3164 3458 κτωμένων
3235 3388 3478 3458 λέγεται,
3522 3391 3600 3455 ὡς
3661 3391 3788 3446 ὅταν

2108 3474 2390 3546 λέγωμεν·
2441 3476 2571 3530 Τόδε
2624 3479 3063 3552 ἐκληρονόμησα.
3105 3480 3397 3552 Ἐποίησας
3449 3484 3527 3547 είς
3577 3484 3678 3554 ἐμὲ
3730 3485 3791 3540 ἐν

2111 3568 2361 3641 κρυπτῷ,
2396 3568 2507 3639 ἐγὼ
2537 3569 2759 3642 κηρύξω
2784 3572 2842 3624 ἐν
2868 3571 3087 3645 φανερῷ
3107 3588 3120 3602 ·
3153 3573 3248 3627 zeal
3271 3573 3338 3628 τά
3372 3573 3474 3646 μέν
3507 3574 3576 3629 σὰ
3621 3575 3790 3644 λέγω,

2111 3662 2193 3716 ὅτι
2225 3662 2448 3733 χάριτος
2491 3659 2579 3734 ἦν,
2610 3663 2679 3718 τά
2726 3663 2783 3717 δέ
2835 3665 2966 3735 ἐμὰ,
3005 3664 3246 3737 όφειλῆς.
3296 3667 3515 3738 Ἐπειδὴ
3559 3669 3668 3740 γάρ
3703 3670 3788 3733 σὺ,

2113 3753 2296 3824 φησὶν,
2325 3753 2498 3825 ἤρξω,
2553 3755 2666 3823 ἐγὼ
2714 3755 2918 3828 ἕπομαι
2968 3757 3063 3811 zeal
3119 3755 3398 3812 άκολουθῶ
3423 3777 3438 3793 ·
3469 3761 3568 3813 οὐκ
3602 3760 3791 3831 αίσχύ-

2113 3847 2632 3918 ωμαιόμολογῆσαι
2683 3847 2784 3912 τὰς
2818 3850 2901 3912 είς
2952 3849 3054 3920 ἐμὲ
3091 3849 3390 3920 γενομένας
3445 3851 3790 3922 εὐεργεσίας,

2111 3939 2232 3992 οὐδὲ
2270 3938 2431 3992 τίνων
2461 3955 2527 4008 με
2566 3939 2906 4009 άπήλλαξας,
2951 3940 3113 4014 λιμοῦ
3169 3942 3263 3996 zeal
3315 3943 3655 4013 γυμνότητος
3694 3943 3791 3997 καὶ

2115 4030 2346 4102 πλάνης.
2395 4027 2547 4094 Εἷδές
2581 4048 2648 4101 με
2683 4030 2986 4102 δεδεμένον,
3042 4027 3141 4087 οὐκ
3196 4034 3316 4105 ὕψει
3353 4035 3413 4088 τὸ
3444 4036 3541 4105 τῆς
3563 4035 3788 4104 γεέννης

2114 4122 2260 4194 πῦρ·
2295 4118 2432 4185 εἶδές
2486 4139 2554 4191 με
2606 4123 3017 4195 ἀρρωστοῦντα,
3050 4125 3152 4178 οὐκ
3199 4125 3319 4195 ὕψει
3352 4123 3422 4176 τά
3453 4124 3784 4194 βασανιστή-

2117 4231 2207 4284 ρια
2235 4215 2358 4268 οὐδὲ
2403 4214 2503 4278 τάς
2544 4216 2838 4288 τιμωρίας.
2872 4219 2937 4269 Ὢ
2973 4221 3155 4288 χεῖρες
3196 4217 3361 4281 ὅντως
3401 4216 3784 4287 εύλογημέναι,

2111 4309 2169 4360 αἱ
2204 4305 2484 4370 τοιαύταις
2532 4307 2868 4378 οἰκονομίαις
2919 4307 3351 4378 διακονούμεναι,
3387 4310 3444 4362 al
3497 4309 3787 4373 καταξιούο

2115 4408 2323 4468 μεναιθ
2376 4398 2670 4468 ὑπηρετεῖν
2715 4399 2793 4470 τῷ
2848 4401 3092 4472 Χριστῷ.
3147 4401 3317 4466 Πόδες
3377 4404 3459 4466 είς
3506 4401 3788 4471 δεσμωτή-

2114 4505 2209 4558 ρια
2261 4488 2569 4557 βαδίζοντες
2622 4488 2710 4543 διὰ
2761 4491 2856 4544 τὸν
2915 4493 3173 4561 Χριστὸν,
3229 4493 3470 4556 εὐκόλως
3522 4493 3786 4546 κατατολο

2115 4580 2257 4649 μῶσι
2292 4581 2384 4634 τοῦ
2412 4581 2622 4653 πυρός·
2666 4583 2726 4634 οὐ
2779 4581 3115 4654 λαμϐάνουσι
3167 4587 3362 4656 πεῖραν
3411 4585 3523 4640 τῶν
3571 4585 3788 4655 δεσμῶν

2111 4674 2292 4742 χεῖρες
2345 4675 2402 4726 αἱ
2455 4673 2742 4745 δεδεμένον
2797 4675 2962 4729 αὐτὸν
3031 4675 3256 4730 ἰδοῦσαι.
3314 4676 3602 4740 Ἐνέδυσας
3657 4677 3790 4747 ἱμά-

2110 4779 2248 4824 τιον,
2297 4766 2393 4819 καὶ
2439 4766 2602 4837 ἐνδύη
2637 4767 2851 4838 ἱμάτιον
2898 4767 3203 4838 σωτηρίου·
3250 4769 3438 4836 ἐγένου
3473 4770 3530 4820 ἐν
3573 4768 3790 4838 δεσμω-

2112 4857 2288 4928 τηρίῳ
2319 4861 2440 4928 μετ’
2478 4859 2667 4926 αὑτοῦ,
2711 4860 2803 4913 zeal
2853 4861 2976 4932 γίνῃ
3028 4863 3085 4913 ἐν
3135 4859 3384 4932 βασιλείᾳ
3435 4863 3552 4932 μετ’
3597 4859 3788 4916 αὑτοῦ.

2113 4949 2304 5004 Ταῦτα
2360 4953 2617 5022 ὁμολογεῖ
2670 4954 2773 5007 οὐκ
2827 4954 3252 5024 αἰσχυνόμενος,
3307 4954 3424 5007 ἀλλ’
3494 4953 3651 5018 εἰδὼς
3705 4954 3792 5009 ὅτι

2113 5043 2278 5095 αὐτὸν
2302 5044 2612 5113 ἐπεσκέψω.
2645 5045 2761 5099 Ούκ
2799 5046 2914 5117 ᾔδει
2961 5046 3229 5116 ἀγγέλους
3286 5045 3507 5112 ξενίζων
3529 5047 3558 5099 0
3594 5064 3792 5120 πατριο

2112 5136 2326 5207 ἀρχης,
2388 5138 2482 5192 zeal
2548 5137 2803 5203 ἐξένιζεν.
2853 5137 3280 5210 Αίσχυνθῶμεν,
3335 5139 3680 5212 παρακαλῶ·
3733 5143 3791 5195 ἐν

2115 5228 2437 5301 μεσημϐρίᾳ
2463 5230 2698 5301 ἐκάθητο
2749 5231 2837 5284 ἐπ’
2867 5230 3156 5302 ἀλλοτρίας
3179 5229 3276 5296 ὣν,
3308 5231 3444 5286 ὅπου
3478 5233 3598 5286 οὐδὲ
3637 5232 3790 5304 βῆμα

2113 5321 2274 5386 ποδὸς
2305 5319 2418 5393 εἶχε
2449 5322 2599 5390 ξένος
2633 5319 2723 5395 ἦν,
2756 5323 2852 5380 zeal
2881 5323 3068 5390 ξένους
3091 5323 3330 5391 ἐξένιζεν
3379 5328 3409 5379 0
3459 5325 3608 5391 ξένος
3631 5342 3644 5355 ·
3687 5345 3786 5380 ποι

2111 5415 2263 5487 λίτης
2295 5415 2403 5486 γὰρ
2429 5411 2498 5487 ἦν
2518 5415 2628 5468 τῶν
2658 5415 2922 5486 οὐρανῶν.
2949 5415 3047 5470 Διὰ
3076 5417 3232 5470 τοῦτο
3261 5416 3382 5470 οὐδὲ
3426 5419 3520 5472 ἐπὶ
3553 5419 3654 5489 γῆς
3689 5418 3786 5488 ὣν,

2114 5509 2261 5576 ξένος
2305 5505 2394 5580 ἦν.
2441 5509 2634 5579 Ἡμεῖς
2673 5510 2884 5564 ἐκείνου
2917 5509 3012 5563 τοῦ
3061 5509 3214 5575 ξένου
3255 5511 3456 5580 μᾶλλον
3503 5511 3664 5578 ξένοι,
3715 5513 3790 5582 μὴ

2112 5604 2394 5674 δεχόμενοι
2426 5602 2628 5671 ξένους.
2659 5604 2775 5658 Ούκ
2808 5599 2954 5674 εἶχεν
2987 5604 3188 5668 οἰκίαν,
3217 5605 3310 5658 zeal
3345 5605 3693 5674 καταγώγιον
3721 5604 3789 5676 ἦν

2113 5699 2262 5768 αύτῷ
2307 5700 2340 5770 ή
2373 5700 2569 5772 σκηνή.
2597 5699 2708 5753 Kal
2746 5700 2848 5770 ὅρα
2880 5698 2942 5753 τὸ
2973 5696 3226 5766 δαψιλές·
3270 5697 3470 5768 μόσχον
3510 5698 3653 5760 ἔθυε,
3697 5702 3790 5754 καὶ

2113 5797 2318 5868 ἄλευρα
2339 5795 2558 5864 ἐφυρεν.
2594 5795 2795 5848 Ἀκουε
2832 5793 2926 5846 zeal
2957 5791 3018 5845 τὸ
3049 5791 3329 5862 πρόθυμον
3350 5810 3362 5822 ·
3390 5792 3455 5845 δι’
3478 5791 3673 5846 ἑαυτοῦ
3697 5796 3790 5849 zeal

2112 5887 2212 5956 τῆς
2231 5886 2486 5954 γυναικὸς
2517 5884 2674 5938 τοῦτο
2707 5886 2868 5938 ποιεῖ.
2911 5883 3109 5938 Σκόπει
3131 5884 3225 5936 zeal
3257 5884 3316 5938 τὸ
3344 5884 3550 5954 άτυφον
3573 5900 3588 5914 ·
3617 5901 3788 5956 προσ-

2115 5969 2267 6020 κυνεῖ
2289 5966 2380 6019 καὶ
2412 5964 2741 6034 παρακαλεῖ.

2198 6081 2224 6120 ι,
2255 6080 2406 6150 U905.
2452 6079 2714 6151 ρεδεμέγον,
2741 6079 2862 6151 βρῶ
2907 6095 2962 6151 σε
3002 6079 3271 6151 λελυμένον.
3389 6082 3410 6111 θ
3462 6079 3594 6130 idem
3646 6081 3757 6130 οοιΙ.

2114 6145 2162 6190 αῖ
2189 6142 2400 6190 τοιαῦται
2427 6141 2688 6201 οἰκονομίαι
2715 6140 3102 6210 οἱκονομούμεναι
3123 6144 3168 6188 al
3195 6157 3301 6209 κατ.
