4112 6420
478 390 582 445 517

470 507 682 565 Chium,
713 504 763 557 in
786 500 1113 575 Trogyllum,
1140 502 1193 558 ln
1225 503 1466 568 Samum,
1498 503 1768 572 Miletum;
1798 506 1914 561 dies
1935 523 2049 561 om-

471 612 566 653 nes
577 604 699 649 sunt
718 593 1014 650 octodecim
1035 613 1048 650 :
1067 601 1247 663 postea
1268 593 1319 648 in
1336 592 1522 660 Coum,
1545 596 1595 649 in
1614 595 1883 659 Rhodum.
1904 596 2055 652 Pata-

470 703 583 743 ram
612 702 626 750 ;
650 694 772 739 sunt
804 685 987 755 viginti
1013 692 1066 739 et
1088 700 1190 738 una
1208 684 1323 739 dies
1349 685 1571 740 :deinde
1596 686 1788 741 isthinc
1817 703 1909 757 per
1935 688 2053 743 dies

467 779 703 848 quinque
728 773 963 846 Tyrum;
994 783 1049 829 ut
1089 776 1196 829 sint
1224 774 1340 829 dies
1381 777 1561 845 viginti
1601 792 1693 831 sex
1726 777 1832 831 :ibi
1873 787 2049 845 postea

467 877 672 937 septem
712 866 828 921 dies
861 884 873 920 :
901 875 1023 920 sunt
1049 865 1166 920 dies
1196 866 1406 936 triginta
1438 877 1583 921 tres:
1618 866 1742 922 hinc
1764 866 2051 921 Ptolemai-

468 960 590 1015 dem
615 974 716 1014 una
745 958 867 1022 die;
899 965 1023 1012 sunt
1042 958 1252 1027 triginta
1284 968 1509 1026 quatuor
1534 978 1546 1012 :
1575 957 1769 1013 deinde
1795 960 2055 1014 Caesarea:

469 1061 648 1109 manet
669 1050 908 1123 pluribus
926 1089 944 1116 ,
972 1064 1129 1119 quam
1171 1048 1295 1103 alibi
1322 1091 1337 1114 ,
1364 1048 1552 1104 diebus
1576 1066 1591 1115 ;
1613 1060 1664 1105 et
1693 1062 1816 1104 tunc
1841 1050 2052 1104 demum

470 1143 594 1200 inde
619 1142 742 1197 illos
767 1141 986 1195 abducit
1021 1142 1301 1209 prepheta.
1332 1140 1420 1195 Sic
1449 1144 1746 1209 completur
1772 1140 1883 1195 dies
1916 1142 2056 1195 Pen-

470 1243 723 1298 tecostes,
754 1243 808 1288 et
838 1233 907 1287 ibi
932 1232 1073 1286 illam
1097 1233 1321 1300 peragit.
1350 1230 1480 1285 Vide
1509 1230 1678 1297 illum,
1700 1231 1913 1300 quando
1933 1232 2053 1301 Spi-

468 1327 604 1381 ritus
631 1340 736 1380 non
767 1323 1099 1394 prohibebat,
1129 1321 1538 1391 obsequentem.
1564 1323 1835 1388 Dicebant,
1869 1323 1949 1376 Ne
1971 1324 2056 1378 des

469 1429 516 1472 te
546 1420 597 1471 in
623 1418 871 1470 theatrum
891 1455 906 1481 ,
936 1422 991 1469 et
1020 1428 1124 1467 non
1155 1411 1303 1466 dedit
1332 1430 1346 1466 :
1377 1426 1521 1482 smpe
1550 1412 1696 1466 illum
1724 1413 2051 1476 educebant,

449 1511 522 1565 ὀι
556 1522 757 1562 morem
804 1505 1009 1575 gessit:
1041 1519 1134 1574 per
1180 1503 1469 1559 fenestram
1522 1505 1712 1556 iterum
1754 1505 1934 1573 etl‘ugit
1961 1522 1972 1556 :
2003 1515 2056 1559 et

475 1615 614 1654 nunc
637 1640 651 1663 ,
683 1610 738 1652 ut
769 1599 837 1651 ita
866 1595 1038 1651 dicam
1061 1637 1074 1661 ,
1104 1594 1400 1649 innumeris
1426 1596 1737 1665 rogantibus
1766 1606 1814 1649 et
1841 1596 1963 1666 Tyri
2002 1605 2056 1650 ct

476 1692 750 1755 Caesarem,
784 1687 1034 1742 flentibus
1068 1698 1122 1742 et
1170 1688 1445 1740 innumera
1489 1686 1669 1754 gravia
1714 1687 2055 1755 prmdiccnti-

476 1784 606 1845 bus,
655 1796 756 1837 non
794 1780 972 1847 cedit,
1002 1779 1243 1850 quamvis
1269 1793 1374 1833 non
1415 1779 1575 1833 modo
1622 1780 1803 1848 gravia
1861 1779 2053 1850 prmdi-

471 1883 648 1930 cerent
682 1913 698 1937 ,
746 1871 839 1925 sed
891 1874 1050 1927 etiam
1105 1886 1200 1941 per
1263 1869 1519 1939 Spiritum
1567 1869 1940 1940 praedicerent.
2000 1871 2053 1927 Si

469 1981 597 2036 ergo
637 1964 1044 2035 Spiritusjussit
1072 2004 1088 2031 ,
1128 1979 1226 2018 cur
1274 1962 1745 2019 contradicebant?
1773 1962 1905 2029 Quia
1959 1977 2054 2017 ne-

469 2060 707 2113 sciebant
758 2056 986 2127 Spiritus
1038 2071 1280 2126 scopum.
1328 2056 1576 2125 Alioquin
1621 2070 1749 2110 vero
1800 2056 2054 2111 adhorta-

471 2152 666 2204 tionem
704 2150 846 2203 illam
881 2164 974 2218 per
1001 2146 1260 2216 Spiritum
1292 2162 1397 2201 non
1431 2147 1713 2201 faciebant.
1746 2147 1863 2202 Non
1894 2149 2055 2202 modo

468 2243 608 2296 enim
635 2241 813 2311 gravia
843 2239 1207 2310 prmdicebant
1225 2280 1240 2304 ,
1269 2240 1364 2295 sed
1393 2239 1695 2308 addebant,
1730 2256 1835 2295 non
1864 2256 2055 2297 ascen-

467 2335 699 2392 dendum
730 2351 870 2403 esse,
904 2344 1186 2405 parcentes
1222 2335 1319 2390 illi.
1354 2334 1420 2390 Et
1450 2337 1685 2406 perfectis
1713 2337 1888 2393 diebus
1913 2378 1929 2402 ,
1970 2339 2056 2393 in.

468 2428 622 2498 quit,
653 2426 703 2481 id
748 2426 1087 2497 est,expletis
1120 2443 1134 2480 :
1168 2426 1281 2482 dies
1310 2436 1486 2481 autem
1528 2427 1659 2481 dicit
1688 2428 2052 2498 praestitutus:

469 2518 826 2572 deducentibus
865 2534 956 2572 nos
980 2519 1209 2572 omnibus
1237 2533 1349 2572 cum
1380 2518 1618 2572 uxoribus
1643 2528 1691 2573 et
1722 2518 1909 2573 liberis.

539 2611 593 2664 5.
637 2608 769 2664 Vide
798 2618 994 2679 quanta
1024 2610 1321 2665 consolatio
1342 2618 1519 2666 esset:
1546 2620 1598 2665 et
1628 2627 1815 2667 rursus
1842 2620 2059 2667 orantes

467 2700 809 2755 divelluntur.
835 2700 1006 2755 Etiam
1030 2700 1361 2757 Ptolemaide
1386 2717 1491 2756 uno
1511 2701 1598 2756 die
1624 2711 1863 2767 manent,
1881 2701 2059 2757 Caesa-

468 2806 574 2845 rete
603 2804 729 2846 vero
760 2790 1003 2861 plurimis
1023 2790 1230 2846 diebus.
1255 2791 1323 2845 Et
1347 2790 1561 2861 quando
1587 2791 1789 2845 audivit
1816 2807 1876 2846 se
1905 2792 2057 2846 inuu-

469 2898 614 2937 mera
642 2883 823 2952 gravia
851 2897 1128 2953 passurum
1154 2898 1277 2939 esse
1300 2924 1316 2949 ,
1347 2892 1472 2939 tunc
1513 2883 1760 2951 festinat,
1806 2901 1913 2939 non
1938 2900 2059 2940 sese

470 2976 522 3028 in
552 2974 786 3044 pericula
812 2975 1103 3045 conjiciens
1127 3017 1143 3043 ,
1171 2974 1265 3031 sed
1298 2984 1491 3045 putans
1521 2976 1748 3045 Spiritus
1772 2992 1893 3032 esse
1920 2992 2058 3047 pra:-

467 3077 702 3135 ceptum.
732 3067 820 3123 l5.
870 3065 994 3121 Post
1039 3067 1146 3123 dies
1176 3076 1345 3122 autent
1375 3068 1467 3123 hos
1489 3111 1503 3135 ,
1542 3070 1747 3140 inquit,
1784 3070 2060 3139 prteparati

472 3161 859 3217 escendebamus
892 3162 945 3215 in
972 3160 1297 3226 Jerusalem;
1326 3163 1377 3216 id
1408 3173 1486 3217 est
1506 3205 1520 3227 ,
1555 3163 1787 3232 acceptis
1816 3164 1879 3218 iis
1897 3205 1913 3227 ,
1940 3178 2060 3232 qua:

472 3255 537 3307 ad
567 3255 666 3308 iter
691 3254 991 3309 necessaria
1017 3264 1192 3309 erant.
1214 3253 1300 3309 16.
1336 3251 1587 3309 Venerunt
1614 3266 1781 3309 autem
1802 3252 2061 3309 nobiscum

472 3358 515 3401 et
560 3363 623 3402 ea:
666 3346 932 3417 discipulis
971 3364 1003 3401 a
1048 3348 1316 3411 Cazsarea,
1351 3346 1659 3401 adducentes
1703 3363 1874 3401 secum
1920 3348 2060 3416 apud

471 3455 612 3507 quem
653 3438 1061 3507 hospitaremur,
1116 3436 1417 3492 Mnasonem
1463 3438 1730 3509 quemdam
1774 3437 2017 3510 Cyprium
2041 3480 2056 3504 ,

472 3532 733 3600 antiquum
763 3529 1092 3601 discipulum.
1138 3532 1225 3585 l7.
1260 3528 1328 3583 Et
1366 3545 1483 3584 cum
1509 3532 1813 3584 venissemus
1847 3530 2059 3585 .Ieroso-

473 3622 661 3691 lymam
682 3660 696 3684 ,
726 3620 934 3675 libenter
960 3630 1259 3689 exceperunt
1286 3637 1377 3674 nos
1400 3623 1605 3691 fratres.
1656 3620 1721 3675 Et
1762 3621 1883 3677 vide
1908 3664 1924 3689 ,
1954 3639 2059 3677 non

473 3712 612 3766 dixit
636 3711 850 3783 Agabus
876 3730 887 3764 :
914 3711 1134 3765 Paulum
1159 3711 1416 3781 ligabunt,
1438 3725 1505 3765 ne
1527 3710 1800 3765 videretur
1820 3727 1886 3766 ex
1908 3721 2062 3781 pacto

474 3803 651 3857 dicere
676 3819 690 3868 ;
723 3802 840 3866 sed,
879 3801 1074 3868 Virum,
1098 3802 1247 3873 cujus
1276 3812 1348 3855 est
1379 3817 1509 3855 zona
1539 3801 1665 3857 hac.
1700 3802 1839 3873 Ergo
1871 3818 2060 3858 zonam

476 3892 723 3948 habebat.
756 3892 889 3959 Quia
918 3907 1049 3949 vero
1075 3892 1303 3947 suadere
1338 3907 1442 3947 non
1486 3901 1768 3963 poterant,
1803 3892 1923 3948 ideo
1966 3894 2062 3950 tle-

475 3986 621 4053 bant,
654 3985 848 4041 delnde
878 3986 1219 4056 quieverunt.
1250 3984 1411 4041 Vides
1439 3985 1832 4057 philosophiam
1861 3987 1884 4041 ?
1912 3986 2064 4042 vides

474 4080 672 4134 amoris
698 4077 992 4134 aﬂeetum?
1019 4078 1330 4146 Quievintus,
1356 4078 1546 4149 inquit,
1579 4080 1822 4148 dicentes,
1866 4078 2063 4134 Volun-

476 4181 552 4226 tas
574 4171 782 4225 Domini
811 4171 923 4239 ﬁat.
956 4169 1296 4233 Adducentes.
1328 4172 1519 4241 inquit,
1547 4174 1688 4242 apud
1714 4190 1859 4243 quem
1885 4174 2064 4244 hospi-

474 4275 715 4318 taremur.
745 4262 911 4334 Igitur
941 4279 1045 4317 non
1079 4263 1131 4319 in
1155 4265 1404 4319 ecclesia.
1438 4264 1588 4319 Tunc
1614 4266 1755 4319 enim
1780 4308 1793 4331 ,
1824 4280 1944 4321 cum
1968 4281 2066 4335 pro

475 4354 814 4424 dogmatibus
838 4354 1237 4421 ascendebant,
1274 4354 1325 4407 in
1356 4354 1583 4409 ecclesia
1617 4356 2062 4426 hospitabantur,

476 4461 616 4499 nunc
643 4460 770 4501 vero
798 4444 937 4516 apud
964 4445 1282 4515 discipulum
1311 4444 1594 4515 quemdam
1622 4448 1920 4517 antiquum.
1949 4448 2057 4503 Os-

477 4536 771 4606 trnditjam
794 4535 958 4592 fuisse
983 4537 1203 4608 longum
1234 4537 1629 4609 praedicationis
1655 4547 1863 4609 tempus
1888 4558 1901 4595 :
1926 4540 2066 4595 unde

477 4628 605 4683 mihi
635 4629 843 4683 videtur
864 4628 917 4682 in
944 4627 1094 4683 Actis
1121 4628 1320 4683 multos
1343 4643 1514 4683 annos
1545 4629 1841 4696 succidere,
1872 4641 1927 4686 et
1948 4647 2067 4701 quae

477 4720 738 4791 urgebant
758 4728 962 4774 tantum
984 4718 1181 4773 dicere.
1212 4719 1350 4786 Quid
1376 4719 1477 4774 sibi
1500 4721 1609 4774 vult
1638 4720 1786 4785 illud,
1825 4720 2067 4777 Voluntas

478 4812 682 4867 Domini
711 4813 802 4882 ﬁat
822 4813 849 4868 2’
874 4814 1134 4868 Dominus
1158 4855 1174 4881 ,
1207 4815 1413 4884 inquit,
1455 4814 1597 4884 quod
1630 4814 1877 4883 placitum
1904 4824 1986 4871 est
2014 4816 2067 4869 in

480 4904 646 4959 oculis
665 4904 798 4969 suis,
823 4904 1005 4960 faciet.
1030 4905 1324 4971 Quiescunt
1352 4915 1531 4960 autem
1553 4905 1651 4973 illi,
1677 4922 1851 4977 neque
1873 4916 2069 4979 cogunt

482 4992 622 5048 illum
650 5012 662 5048 :
690 4994 830 5050 forte
873 4997 1063 5066 gnari,
1107 5011 1228 5051 esse
1272 4998 1603 5053 voluntatem
1648 4998 1784 5066 Dei,
1814 4998 1956 5069 quod
1999 5015 2068 5056 ex

480 5085 625 5140 Pauli
664 5085 877 5142 fervore
906 5086 1280 5157 coniectabant
1309 5106 1321 5141 :
1356 5104 1479 5142 nam
1519 5089 1719 5160 alioqui
1756 5106 1861 5144 non
1892 5100 2069 5146 tantus

479 5179 625 5234 Pauli
673 5179 852 5234 fervor
891 5178 1083 5235 fuisset
1112 5220 1129 5245 ,
1170 5196 1345 5251 neque
1391 5182 1530 5236 Deus
1574 5183 1945 5252 permisisset,
1978 5185 2069 5254 qui

476 5285 692 5340 semper
721 5270 870 5325 illum
901 5286 929 5323 a
959 5272 1211 5340 periculis
1240 5280 1471 5327 eruerat.
1500 5273 1589 5329 Sic
1618 5273 2068 5331 nolebantEecle-

476 5366 570 5415 size
599 5366 749 5417 oneri
781 5377 923 5429 esse,
947 5377 1069 5418 cum
1090 5365 1227 5419 alius
1248 5374 1414 5430 esset,
1444 5366 1531 5433 qui
1555 5364 1676 5419 illos
1699 5366 1928 5434 hospitio
1948 5381 2068 5421 sus-

477 5455 701 5522 ciperet,
737 5469 913 5525 neque
939 5455 1198 5511 honorem
1230 5457 1535 5525 exigebant.
1566 5456 1799 5511 Libenter
1827 5497 1843 5523 ,
1876 5458 2063 5529 inquit,

474 5558 780 5616 exceperunt
822 5564 915 5601 nos
943 5548 1146 5619 fratres.
1192 5548 1301 5603 Res
1333 5559 1459 5603 tunc
1502 5548 1552 5601 iu
1593 5563 1722 5618 pace
1747 5560 1899 5604 erant
1927 5551 2066 5621 apud

480 5636 695 5693 Iudasos
721 5679 734 5701 ,
768 5653 870 5694 nec
907 5638 1105 5694 bellum
1131 5649 1191 5693 ut
1225 5641 1371 5708 prius
1400 5647 1534 5695 erat.
1562 5639 1813 5695 Ducentes
1840 5658 1950 5706 nos,
1984 5644 2066 5696 iu-

478 5737 590 5795 qutt
614 5768 630 5793 ,
656 5729 796 5799 apud
820 5746 969 5801 quem
1012 5730 1402 5799 hospitaremur.
1437 5730 1658 5788 Paulum
1704 5732 1793 5787 ille
1839 5733 2069 5803 hOSplllQ

478 5819 800 5892 excipiebat.

1433 387 1500 444 ΙΝ
1536 387 1714 444 ACTA
1760 390 2277 448 arosrownuu.
2320 393 2549 451 llOMlL.
2594 393 2753 453 XLV.

3642 410 3741 466 3H

2248 504 2584 578 Hospitalith
2602 514 3077 569 commendatur.—
3097 519 3242 573 Dicet
3266 519 3487 578 fartasse
3510 537 3643 580 vestr
3658 546 3742 581 nm

2163 599 2425 667 quispiam
2454 597 2544 654 :Si
2570 602 2687 670 quis
2706 604 2834 658 mihi
2864 605 3085 660 Paulum
3115 608 3345 677 hospitio
3366 612 3743 681 ‘cipiendum

2162 687 2378 743 offerret
2397 731 2411 753 ,
2445 689 2495 744 id
2522 703 2763 763 prompte
2785 704 2839 749 et
2880 696 3129 752 alacriter
3160 687 3572 760 faceremTEcce
3602 707 3741 759 Pauli

2165 779 2442 836 Dominum
2468 782 2560 838 tibi
2588 782 2820 854 hospitio
2842 788 3088 857 excipere
3110 790 3252 858 licef,
3275 803 3328 848 et
3353 812 3457 850 non
3486 798 3559 851 vis
3585 816 3598 852 :
3625 816 3743 852 nam

2162 868 2273 922 ait:
2313 871 2411 936 Qui
2441 874 2649 944 suscipit
2692 892 2848 929 unum
2892 895 2957 932 ea:
3001 880 3079 934 his
3121 884 3341 939 minimi:
3366 928 3380 949 ,
3428 904 3506 941 me
3536 892 3746 958 suscipit

2163 958 2375 1027 (Matth.
2407 963 2493 1019 18.
2527 963 2581 1019 5.
2614 963 2739 1019 Luc.
2764 967 2817 1023 9.
2848 969 2964 1039 48).
2997 970 3209 1039 Quanto
3249 977 3425 1031 minor
3450 989 3529 1033 est
3561 980 3743 1046 frater,

2165 1058 2311 1106 tanto
2356 1054 2524 1124 magis
2570 1056 2817 1114 Chrisms
2866 1077 2960 1129 per
3010 1064 3183 1133 ipsum
3227 1068 3462 1126 advenit.
3493 1071 3623 1127 Nam
3656 1075 3744 1146 qui

2164 1157 2410 1211 maguum
2439 1148 2742 1218 quempiam
2770 1153 2987 1222 excipit,
3019 1169 3122 1223 per
3140 1172 3328 1213 vanam
3354 1174 3499 1232 saepe
3519 1164 3743 1232 gloriam

2164 1232 2213 1285 id
2240 1236 2349 1304 agit
2376 1252 2391 1299 ;
2422 1237 2513 1307 qui
2547 1254 2674 1295 vero
2720 1256 2941 1311 parvum
2962 1286 2979 1312 ,
3026 1260 3159 1316 pure
3206 1264 3422 1321 propter
3451 1253 3742 1310 Christum.

2164 1322 2310 1378 Licet
2335 1325 2423 1379 tibi
2454 1328 2613 1382 etiam
2640 1330 2849 1387 Patrem
2876 1333 3073 1390 Christi
3104 1341 3376 1409 excipere.
3410 1354 3463 1397 et
3494 1360 3598 1401 non
3626 1350 3741 1403 vis:

2164 1431 2284 1468 nam
2315 1418 2419 1482 ait,
2456 1417 2651 1489 Hospes
2674 1438 2811 1477 eram
2853 1437 2898 1479 et
2924 1425 3197 1498 collegistis
3224 1449 3321 1499 me,
3351 1436 3648 1505 et'iterttm,
3679 1439 3743 1494 In

2161 1519 2402 1577 quantum
2420 1514 2608 1583 fecistis
2625 1516 2713 1567 uni
2733 1532 2796 1570 ea:
2811 1517 2889 1571 his
2909 1520 3149 1585 minimis,
3173 1525 3298 1578 mihi
3319 1529 3505 1596 fecistis
3530 1529 3741 1598 (Matth.

2160 1599 2250 1652 25.
2282 1601 2370 1655 55.
2403 1603 2516 1671 40).
2550 1604 2661 1660 Etsi
2696 1606 2894 1663 Paulus
2922 1624 3028 1665 non
3060 1612 3149 1674 sit,
3182 1614 3225 1668 si
3259 1614 3429 1672 ﬁdelis
3460 1620 3527 1674 sit
3557 1631 3610 1676 et
3638 1622 3745 1676 fra-

2163 1698 2248 1744 ter
2271 1732 2286 1756 ,
2309 1693 2516 1746 etiamsi
2555 1696 2807 1751 minimus
2832 1740 2846 1762 ,
2879 1698 3125 1756 Christus
3157 1712 3334 1760 tamen
3364 1723 3457 1777 per
3487 1710 3634 1765 illum
3657 1713 3746 1766 ad-

2163 1782 2326 1835 venit.
2357 1784 2516 1852 Aperi
2556 1783 2797 1854 domum,
2820 1789 3035 1861 excipe.
3064 1792 3167 1860 Qui
3202 1798 3380 1867 recipit
3408 1802 3704 1872 prophetam
3731 1847 3744 1871 ,

2163 1872 2371 1965 i_nquit,
2420 1877 2697 1931 mercedem
2743 1882 3005 1950 propheta:
3044 1886 3250 1956 recipiet
3278 1888 3299 1961 (
3328 1889 3413 1943 Id.
3466 1893 3555 1948 10.
3605 1895 3665 1949 tl
3702 1898 3743 1965 ).

2164 1962 2303 2033 Ergo
2325 1966 2413 2034 qui
2438 1967 2627 2037 recipit
2652 1969 2947 2036 Christum,
2972 1975 3196 2045 recipiet
3225 1980 3527 2037 mercedem
3546 1962 3744 2041 Christi

2163 2058 2574 2127 peregrinantis.
2604 2060 2681 2115 Ne
2726 2060 2899 2117 fidem»
2926 2080 3088 2136 neges
3124 2069 3301 2127 verbis
3330 2073 3446 2140 ejus
3469 2116 3483 2138 ,
3515 2075 3607 2130 sed
3632 2086 3749 2133 esto

2163 2148 2445 2204 confidens
2477 2167 2491 2204 :
2523 2150 2637 2220 ipse
2679 2153 2845 2219 dixit,
2897 2155 3000 2211 Per
3046 2158 3163 2213 illos
3192 2176 3290 2230 ego
3318 2162 3581 2220 advenio:
3616 2177 3668 2222 et
3692 2179 3749 2224 ut

2164 2253 2232 2293 ne
2253 2239 2329 2293 sis
2357 2240 2706 2309 incredulus,
2738 2246 3055 2316 supplicium
3083 2248 3325 2305 decernit
3353 2270 3455 2307 non
3486 2259 3748 2327 reeipien-

2166 2330 2327 2398 tibus,
2360 2331 2595 2390 honores
2626 2337 3012 2406 recipientibus
3042 2359 3054 2396 :
3091 2356 3197 2396 non
3229 2342 3329 2399 hoc
3359 2344 3615 2415 facturus,
3649 2354 3750 2406 nisi

2165 2417 2254 2473 ille
2286 2421 2367 2475 vel
2397 2420 2689 2479 honoratus
2729 2427 2810 2481 vel
2836 2431 3160 2486 contumelia
3192 2433 3415 2491 allectus
3447 2438 3558 2508 ipse
3584 2451 3740 2495 esset.

2161 2507 2452 2578 Suscepisti
2482 2528 2566 2568 me
2592 2555 2606 2579 ,
2637 2514 2845 2584 inquit,
2891 2520 2943 2573 in
2962 2520 3270 2577 diversorio
3300 2535 3390 2582 tuo
3416 2545 3431 2593 ;
3462 2507 3746 2601 suscipiam

2166 2606 2217 2653 te
2244 2598 2296 2652 in
2324 2613 2546 2669 regnum
2574 2602 2746 2659 Patris
2772 2608 2875 2660 mei
2906 2626 2920 2661 :
2950 2610 3154 2666 solvisti
3200 2612 3327 2668 mihi
3358 2614 3553 2672 famem
3583 2598 3619 2683 ς*
3641 2622 3749 2675 sol-

2163 2702 2282 2740 vam
2342 2690 2435 2744 tibi
2486 2702 2699 2761 peccata
2732 2712 2746 2748 :
2782 2696 2956 2753 vidisti
3007 2716 3095 2756 me
3154 2705 3436 2773 vinctum;
3492 2709 3656 2765 videri
3701 2723 3751 2768 te

2164 2778 2353 2835 faciam
2383 2782 2614 2839 solutum
2639 2786 2655 2817 ί
2681 2803 2696 2840 :
2725 2788 2903 2844 vidisti
2929 2804 3016 2845 me
3045 2796 3381 2865 peregrinum
3416 2814 3431 2865 ;
3476 2798 3666 2858 faciam
3701 2813 3750 2859 te

2163 2873 2332 2929 civem
2359 2875 2610 2931 caelorum
2638 2896 2652 2933 :
2676 2879 2870 2935 dedisti
2894 2883 3024 2937 mihi
3056 2899 3246 2954 panem
3270 2904 3285 2954 ;
3314 2888 3385 2943 do
3408 2891 3500 2946 tibi
3529 2908 3749 2963 regnum

2166 2974 2335 3021 totum
2361 3011 2374 3033 ,
2404 2979 2460 3023 ut
2484 2972 2612 3025 illud
2635 2972 2792 3028 heres
2818 2975 3447 3051 accipiasetipossideas.
3474 2987 3560 3041 Ait
3585 2991 3748 3054 enim,

2179 3054 2350 3147 Venite
2374 3100 2387 3119 .
2441 3062 2690 3129 possidete
2736 3074 2970 3133 paratum
3012 3069 3157 3123 vobis.
3192 3087 3404 3142 regnum
3462 3076 3481 3147 (
3514 3075 3600 3130 Id.
3659 3080 3749 3137 25.

2165 3146 2278 3221 54).
2311 3150 2428 3206 Non
2459 3152 2611 3221 dicit,
2644 3155 2884 3227 Accipite
2910 3174 2925 3223 ;
2958 3158 3052 3215 sed
3073 3204 3086 3226 ,
3122 3160 3385 3219 Possidete
3417 3183 3435 3221 :
3461 3146 3605 3236 quod
3625 3172 3753 3226 diei-

2168 3250 2252 3294 tur
2276 3240 2345 3297 de
2370 3242 2457 3309 iis,
2487 3244 2577 3315 qui
2604 3260 2731 3301 vere
2760 3249 3075 3318 possident,
3112 3262 3168 3308 ut
3190 3270 3312 3309 cum
3344 3257 3572 3315 dicimus
3596 3304 3611 3326 ,
3645 3264 3754 3318 [loc

2166 3330 2466 3388 hereditate
2493 3335 2724 3403 possedi.
2754 3335 2951 3393 Fecisti
2982 3341 3107 3395 mihi
3141 3343 3463 3414 inocculto;
3495 3366 3593 3421 ego
3620 3368 3757 3422 pra»-

2167 3422 2355 3478 dicabo
2383 3424 2435 3478 in
2461 3424 2745 3481 manifesto
2768 3444 2782 3480 :
2809 3440 2864 3483 et
2893 3438 2978 3483 tua
3006 3433 3220 3501 quidem
3252 3436 3396 3507 dico,
3422 3441 3542 3509 quia
3570 3445 3754 3511 gratias

2168 3525 2325 3573 erant
2353 3535 2369 3584 ;
2401 3533 2518 3573 mea
2550 3533 2677 3574 vero
2704 3519 2867 3575 debiti
2900 3533 3042 3577 sunt.
3069 3524 3202 3594 Quia
3231 3529 3374 3583 enim
3414 3541 3468 3585 tu
3499 3536 3718 3604 cmpisti
3739 3578 3752 3600 .

2168 3606 2372 3678 inquit,
2396 3623 2495 3679 ego
2523 3624 2750 3679 sequar:
2781 3626 2893 3666 non
2918 3613 3081 3682 pudet
3106 3632 3194 3671 me
3223 3616 3378 3675 fateri
3406 3623 3598 3677 collata
3626 3628 3753 3682 mihi

2166 3696 2447 3762 beneﬁcia,
2479 3715 2577 3755 nec
2601 3715 2631 3753 a
2657 3701 2854 3772 quibus
2881 3719 2967 3759 me
2992 3705 3327 3776 liberaveris,
3356 3726 3388 3766 a
3416 3711 3574 3780 tame,
3603 3719 3754 3772 uudi~

2169 3798 2296 3855 tate,
2322 3805 2527 3846 errore.
2553 3792 2742 3847 Vidisti
2769 3808 2857 3849 me
2884 3795 3102 3867 ligatum
3128 3815 3143 3865 ;
3175 3815 3281 3854 non
3310 3800 3519 3858 videbis
3547 3806 3753 3876 gehen-

2169 3897 2251 3936 nae
2274 3882 2483 3952 ignem:
2512 3882 2688 3938 vidisti
2716 3899 2803 3940 me
2831 3886 3131 3955 inﬁrmum;
3161 3906 3266 3947 non
3294 3893 3499 3950 videbis
3523 3907 3757 3953 tormen-

2171 3980 2224 4027 ta
2249 3988 2347 4028 nec
2375 3974 2655 4043 supplicia.
2686 3974 2731 4031 Ο
2761 3991 2953 4032 manus
2982 3994 3107 4035 vere
3136 3981 3455 4051 benedicttn,
3483 4002 3601 4057 qua:
3629 3991 3754 4044 tali-

2170 4064 2270 4118 bus
2298 4065 2606 4119 ministeriis
2646 4066 2926 4135 scrviunt,
2975 4085 3094 4140 qua:
3132 4072 3423 4143 dignantur
3453 4080 3759 4137 ministrare

2171 4153 2386 4207 Christo
2413 4154 2427 4207 ε
2460 4155 2629 4209 Pedes
2652 4156 2702 4208 iu
2729 4171 2973 4213 carceres
3003 4170 3197 4217 euntes
3226 4175 3443 4235 propter
3463 4168 3752 4237 Christum,

2171 4245 2325 4299 facile
2351 4255 2701 4301 contemnunt
2742 4248 2961 4319 ignem;
3003 4253 3209 4308 vincula
3255 4271 3361 4311 non
3410 4264 3760 4329 experiuntur

2170 4350 2363 4391 manus
2386 4378 2401 4402 ,
2430 4353 2551 4407 qua:
2577 4337 2795 4408 ligatum
2831 4340 2980 4395 illum
3013 4342 3283 4401 viderunt.
3320 4348 3540 4404 InduiSIi
3571 4362 3755 4419 veste;

2172 4438 2227 4483 et
2254 4429 2491 4485 indueris
2514 4440 2660 4485 veste
2688 4430 2908 4486 salutari
2935 4451 2948 4488 :
2983 4432 3126 4490 fuisti
3150 4450 3273 4492 cum
3304 4440 3395 4494 illo
3426 4441 3477 4496 in
3509 4458 3756 4511 carcere;

2171 4521 2298 4575 etin
2328 4535 2491 4590 regno
2516 4534 2637 4576 cum
2672 4521 2765 4577 illo
2788 4523 2916 4577 eris.
2947 4523 3074 4581 Haec
3119 4531 3407 4585 conﬁtetur
3433 4549 3536 4588 non
3570 4539 3760 4592 crttbe:

2172 4627 2347 4679 scens,
2367 4612 2461 4667 sed
2479 4613 2655 4667 sciens
2682 4621 2734 4667 te
2759 4613 2908 4669 illum
2937 4614 3201 4675 inrisisse.
3226 4621 3503 4679 Nesciebat
3534 4629 3758 4696 patriar»

2173 4703 2270 4757 cha
2301 4717 2359 4758 se
2386 4703 2602 4774 angelos
2626 4704 2875 4775 excipere
2907 4706 3061 4776 (Gen.
3099 4710 3183 4765 18.
3211 4711 3286 4781 '5).
3321 4722 3376 4769 et
3407 4722 3761 4774 tamenesci-

2173 4797 2372 4865 piebat.
2417 4794 2813 4853 Erubescamus
2840 4840 2855 4865 ,
2890 4800 3119 4856 obsecro
3148 4822 3163 4857 :
3195 4805 3246 4858 iu
3278 4808 3502 4864 meridie
3526 4812 3763 4869 sedebat

2174 4889 2225 4943 iu
2253 4898 2394 4943 terra
2424 4888 2619 4955 aliena,
2644 4887 2879 4943 nondum
2909 4891 3060 4961 pedis
3086 4896 3369 4966 vestigium
3392 4897 3622 4957 habebat
3643 4920 3763 4960 cum

2174 4984 2487 5053 peregrinus
2507 4991 2672 5049 esset,
2688 4993 2742 5039 et
2762 4986 3074 5055 peregrinos
3091 4988 3391 5060 excipiebat
3411 4996 3728 5066 peregrinus
3749 5016 3761 5051 :

2174 5079 2306 5133 civis
2336 5079 2479 5137 enim
2503 5080 2756 5136 caelorum
2786 5090 2924 5138 erat.
2971 5082 3096 5139 Ideo
3135 5099 3236 5141 nec
3263 5090 3587 5158 peregrinus
3607 5101 3722 5147 crat
3747 5133 3762 5157 ,

2174 5188 2295 5227 cum
2340 5171 2565 5231 interra
2600 5182 2761 5230 esset.
2810 5173 2921 5230 Nos
2966 5176 3320 5247 magisquam
3350 5179 3460 5234 ille
3500 5182 3763 5253 peregrini

2174 5277 2359 5319 sumus
2381 5305 2396 5329 ,
2428 5263 2518 5335 qui
2557 5264 2885 5336 peregrinos
2906 5280 3014 5327 non
3042 5268 3358 5338 excipimus.
3382 5268 3620 5326 Domum
3659 5287 3763 5329 non

2178 5354 2443 5423 habebat,
2474 5363 2531 5410 et
2571 5355 2973 5417 tabernaculum
3018 5356 3119 5425 ipsi
3146 5357 3501 5415 diversorium
3531 5371 3667 5416 erat.
3698 5363 3764 5420 Et

2176 5445 2318 5513 vide,
2347 5462 2507 5516 quam
2535 5447 2712 5511 lautus
2741 5447 2855 5507 sit:
2889 5447 3116 5507 vitulum
3148 5450 3423 5519 mactavit,
3452 5461 3509 5507 et
3537 5452 3761 5509 farinam

2177 5538 2411 5593 miscuit.
2459 5539 2598 5593 Audi
2640 5539 2905 5593 fervorem
2939 5557 2952 5591 :
2985 5555 3080 5608 per
3108 5554 3168 5595 se
3196 5550 3250 5595 et
3276 5555 3374 5612 per
3399 5556 3625 5601 uxorem
3668 5546 3767 5601 hoc

2176 5627 2319 5683 facit.
2352 5628 2631 5699 Perpende
2673 5643 2832 5698 quam
2871 5630 2942 5684 sit
2984 5644 3016 5683 a
3060 5630 3197 5686 fastu
3226 5630 3472 5692 alienus:
3497 5634 3688 5693 adorat
3714 5647 3767 5693 ct

2177 5723 2444 5777 obsecrat.

2247 5836 2261 5866 ι
2297 5842 2424 5886 Unus
2444 5835 2587 5898 legit,
2607 5832 2831 5887 ridebotc
2855 5832 3083 5887 solutum.
