4112 6412
387 415 494 474 319

459 530 514 584 οὗ.
566 527 950 597 Hospitalitatis
975 523 1310 578 conditiones.
1333 549 1406 562 --
1425 519 1548 574 Haec
1575 519 1769 588 quippe
1793 516 1972 570 omnia

391 628 606 689 oportet
635 619 833 689 Iniere
861 630 988 670 eum
1007 655 1022 678 ,
1052 614 1142 683 qui
1175 612 1487 682 peregrinos
1521 609 1720 676 excipit
1750 627 1761 660 :
1797 607 1974 661 ferro-

393 725 506 764 rem
533 749 550 775 ,
583 700 903 762 bila‘r’itatem
928 747 944 774 ,
976 704 1373 761 liberalitatem.
1416 700 1652 770 Hospitis
1680 701 1824 754 enim
1853 701 1973 752 ani-

393 816 514 856 mus
538 800 807 856 erubescit
835 802 894 854 et
915 796 1258 868 pudibundus
1283 804 1365 851 est
1392 836 1408 860 ,
1443 803 1496 849 et
1521 793 1567 847 si
1593 807 1696 846 non
1724 791 1976 862 gaudium

397 898 662 945 monstret
690 898 970 958 exceptor,
1000 888 1150 957 quasi
1175 887 1461 955 despectus
1487 883 1764 950 abscedit,
1813 896 1876 936 ac
1905 883 1982 935 sic

396 983 674 1051 excepisse
694 981 935 1038 deterius
959 990 1042 1034 est
1062 1020 1077 1044 ,
1107 993 1265 1050 quam
1291 978 1335 1032 si
1369 992 1473 1032 non
1501 978 1826 1045 excepisset.
1858 974 1983 1028 Ideo

397 1075 619 1137 adorat,
670 1072 791 1126 ideo
819 1087 879 1126 se
907 1073 1158 1138 excipere
1203 1068 1372 1135 dicit,
1415 1068 1536 1122 ideo
1579 1067 1767 1121 sellam
1800 1065 1977 1120 offert.

399 1166 531 1232 Quis
561 1165 703 1218 enim
731 1163 1066 1226 dubitasset,
1104 1161 1292 1216 videns
1320 1161 1421 1214 hoc
1449 1159 1521 1213 illi
1550 1173 1687 1229 opus
1708 1157 1853 1214 esse?
1881 1157 1985 1212 Sed

400 1271 499 1310 nos
530 1271 634 1308 non
663 1255 715 1306 in
743 1253 914 1308 aliena
946 1261 1086 1306 terra
1109 1252 1335 1306 sumus?
1358 1251 1464 1306 Sed
1489 1251 1534 1304 si
1558 1250 1809 1306 velimus.
1840 1259 1988 1317 pote—

401 1345 568 1418 rimus
592 1344 740 1400 illum
769 1343 987 1398 imitari.
1017 1344 1159 1410 Quot
1182 1340 1424 1410 hospites
1453 1351 1672 1395 suntex
1699 1339 1988 1394 fratribus?

399 1436 494 1490 Est
521 1434 824 1490 communis
851 1433 1045 1489 domus
1074 1432 1319 1487 ecclesia:
1344 1471 1360 1497 ,
1389 1447 1553 1500 quam
1583 1446 1792 1486 xenona
1831 1446 1989 1484 voca-

400 1540 520 1580 mus
548 1542 562 1578 :
596 1525 810 1580 curiose
839 1523 1093 1595 inquirite
1120 1523 1280 1576 etiam
1311 1536 1407 1575 vos
1431 1561 1446 1586 ,
1494 1521 1680 1577 sedete
1709 1522 1774 1575 ad
1808 1522 1946 1575 fores
1972 1561 1987 1584 ,

403 1615 678 1670 venientes
705 1613 961 1685 suscipite
994 1631 1008 1668 :
1038 1613 1083 1666 si
1115 1629 1221 1667 non
1251 1613 1301 1665 in
1332 1611 1524 1666 domos
1554 1622 1761 1666 vestras
1787 1652 1800 1675 ,
1832 1612 1991 1664 aliter

405 1706 514 1760 illis
542 1707 844 1760 necessaria
872 1704 1227 1774 suppeditate.
1281 1703 1417 1770 Quid
1449 1704 1621 1772 ergo?
1651 1703 1886 1771 inquies;
1923 1719 1990 1756 an

405 1798 634 1852 ecclesia
672 1813 777 1852 non
821 1797 1023 1852 habet?
1055 1796 1265 1859 liabet;
1310 1795 1402 1850 sed
1435 1793 1561 1864 quid
1607 1794 1708 1848 hoc
1749 1795 1814 1848 ad
1857 1797 1994 1849 vos?

405 1905 470 1942 an
490 1890 533 1942 si
557 1905 587 1942 a
613 1887 986 1944 communibus
1011 1887 1255 1942 ecclesias
1287 1887 1525 1956 pecuniis
1554 1885 1786 1954 alantur,
1823 1886 1871 1939 id
1907 1903 1992 1938 vo-

407 1981 490 2034 bis
524 1979 781 2049 prodesse
828 1979 1069 2048 poterit?
1113 1995 1178 2034 an
1230 1979 1274 2031 si
1303 1978 1441 2032 alius
1484 1988 1750 2046 precetur,
1802 1989 1855 2030 tu
1888 1994 1996 2032 non

405 2073 570 2128 debes
601 2073 852 2144 precari?
902 2087 1000 2127 cur
1043 2087 1148 2126 non
1193 2072 1332 2126 dicis
1365 2092 1377 2126 :
1410 2071 1552 2136 Quid
1582 2073 1725 2126 enim
1748 2074 1772 2122 ?
1817 2086 1996 2124 annon

406 2166 714 2222 sacerdotes
745 2164 1077 2235 precantur?
1105 2179 1198 2217 cur
1242 2177 1344 2232 ego
1373 2162 1584 2216 orabo?
1631 2164 1697 2214 At
1725 2175 1823 2230 ego
1848 2203 1862 2226 ,
1915 2161 1996 2214 itt-

406 2259 558 2328 quies
579 2297 600 2324 ,
629 2257 700 2314 do
723 2257 810 2313 isti
835 2299 852 2321 ,
879 2258 970 2326 qui
1003 2272 1110 2310 non
1143 2264 1317 2323 potest
1345 2256 1434 2307 illo
1461 2254 1666 2307 venire.
1703 2253 1778 2306 Da
1807 2252 1996 2306 saltem

410 2352 484 2404 illi
517 2369 529 2404 :
561 2351 702 2421 quod
732 2350 874 2403 enim
903 2348 1195 2418 quaerimus
1224 2348 1325 2402 hoc
1351 2356 1431 2400 est
1450 2386 1465 2409 ,
1497 2355 1548 2399 ut
1577 2345 1796 2399 omnino
1824 2344 1997 2398 detur.

408 2439 548 2494 Audi
571 2439 697 2509 qttid
721 2439 863 2494 dicat
891 2438 1083 2492 Paulus
1112 2455 1124 2490 :
1155 2435 1221 2491 Ut
1242 2447 1286 2489 et
1309 2437 1390 2501 iis,
1413 2449 1525 2504 qua
1547 2449 1657 2488 vere
1676 2436 1843 2488 vidme
1861 2444 2000 2500 sunt,

409 2533 662 2604 sttﬂiciant
687 2572 704 2598 ,
732 2541 779 2587 et
805 2548 866 2584 ne
895 2539 1131 2600 gravetur
1153 2529 1361 2583 ecclesia
1402 2529 1420 2597 (
1449 2529 1500 2581 l.
1526 2527 1660 2581 Tim.
1689 2529 1741 2582 5.
1774 2527 1841 2581 16
1867 2530 1907 2597 ).
1938 2525 2005 2581 Ut

414 2629 542 2692 vis,
596 2625 720 2688 fac;
771 2624 947 2679 solum
1018 2624 1119 2677 fac.
1185 2622 1300 2690 Ego
1351 2636 1478 2675 vero
1556 2635 1659 2674 non
1715 2619 1878 2685 dico,
1939 2618 2008 2674 Ut

409 2732 523 2775 non
571 2724 826 2788 gravetur
865 2714 1138 2778 ecclesia;
1193 2713 1287 2767 sed
1313 2754 1329 2778 ,
1375 2711 1441 2767 Ut
1475 2723 1529 2765 tu
1573 2728 1676 2764 non
1726 2711 2003 2780 graveris:

415 2813 515 2866 hac
539 2809 682 2865 enim
708 2809 1119 2864 ratiocinatione
1147 2806 1278 2860 nihil
1309 2805 1502 2870 facies,
1532 2807 1708 2859 omnia
1738 2807 1786 2859 ei
1817 2805 2006 2859 remit-

417 2913 558 2959 tens.
591 2901 717 2957 ideo
735 2916 1023 2957 commune
1047 2899 1382 2954 domicilium
1405 2907 1488 2953 est
1513 2901 1580 2953 ab
1602 2898 1840 2952 Ecclesia
1869 2899 2008 2952 assi-

416 3003 636 3065 gnatum
659 3033 674 3055 ,
705 3001 763 3046 ut
793 2990 910 3047 htec
949 3005 1057 3046 non
1086 2989 1258 3044 dicas.
1297 2989 1403 3043 Sed
1435 2998 1679 3057 sumptus
1711 2988 1872 3043 habet
1917 3003 2009 3041 ec-

423 3087 590 3142 clesia
613 3125 630 3150 ,
658 3084 868 3155 inquies
893 3103 908 3139 :
929 3083 1187 3154 pecunias
1211 3082 1374 3136 habet
1397 3091 1452 3134 et
1477 3080 1701 3134 reditus.
1735 3081 1829 3134 Dic
1856 3079 2010 3145 mihi,

423 3195 492 3232 an
536 3187 782 3247 sumptus
810 3190 914 3230 non
948 3175 1142 3230 habet?
1171 3174 1536 3245 quotidianam
1586 3187 1877 3242 expensam
1909 3187 2012 3225 non

426 3269 628 3323 habet?
659 3267 856 3333 Etiam,
888 3267 1115 3337 inquies.
1147 3267 1260 3322 Cur
1283 3280 1413 3335 ergo
1437 3279 1542 3319 non
1571 3263 1792 3334 adjuvas
1816 3263 2018 3319 medio-

426 3362 671 3417 critatem
703 3361 862 3430 ejus?
907 3359 990 3414 Me
1023 3360 1184 3428 pudet
1215 3358 1332 3412 hate
1357 3355 1540 3410 dicere
1571 3373 1583 3407 :
1615 3365 1869 3410 caeterum
1912 3367 2018 3410 non

425 3469 580 3524 cogo.
609 3453 668 3509 Si
692 3454 811 3524 quis
841 3461 989 3522 putat
1016 3451 1224 3506 lucrum
1253 3463 1377 3504 esse
1405 3463 1527 3518 quae
1551 3447 1820 3511 dicuntur,
1860 3446 2020 3501 faciat

429 3548 529 3602 sibi
571 3545 961 3602 xenodochium
1003 3544 1060 3598 in
1105 3545 1266 3597 domo
1303 3557 1320 3608 ;
1372 3541 1530 3595 isthic
1575 3541 1770 3595 lectum
1806 3548 1979 3594 statue
2003 3581 2018 3607 ,

431 3638 590 3693 isthic
630 3647 878 3692 mensam
906 3643 964 3687 et
1013 3635 1309 3689 lucernam.
1353 3631 1636 3700 Quomodo
1676 3645 1782 3684 non
1826 3630 2020 3684 absur-

432 3729 556 3784 dum
586 3727 782 3793 fuerit,
810 3729 856 3781 si
882 3728 1101 3782 veniant
1129 3726 1326 3780 milites
1349 3766 1364 3790 ,
1398 3723 1598 3778 habere
1626 3738 1722 3777 vos
1751 3723 2021 3792 assignata

437 3821 732 3884 domicilia,
762 3833 1008 3890 magnam
1054 3831 1246 3886 gerere
1291 3831 1511 3878 curam,
1561 3815 1848 3884 omniaque
1897 3814 2026 3883 ipsis

435 3910 841 3966 subministrare
861 3949 876 3974 ,
926 3909 1051 3979 quia
1081 3908 1155 3962 illi
1186 3907 1384 3962 bellum
1418 3907 1520 3961 hoc
1545 3907 1802 3961 sensibile
1837 3905 2026 3976 depel-

444 4004 558 4059 lunt
592 4019 606 4056 :
640 4001 879 4069 h05pites
909 4014 1038 4055 vero
1063 4041 1078 4067 ,
1119 3999 1205 4052 ubi
1246 3999 1611 4062 diverseutur,
1645 4013 1753 4051 non
1785 3997 2028 4052 habere?

443 4094 603 4149 Vince
629 4092 935 4148 ecclesiam.
980 4089 1072 4146 Vis
1116 4101 1216 4144 nos
1264 4088 1461 4143 rubore
1508 4086 1872 4158 perfundere?
1917 4086 2031 4142 Hoc

443 4187 560 4241 fac:
591 4184 916 4241 liberalitate
942 4196 1136 4252 supera
1171 4198 1184 4235 :
1219 4180 1357 4237 habe
1388 4180 1718 4235 domicilium
1743 4194 1850 4248 quo
1881 4178 2035 4233 Chri-

439 4291 556 4331 stus
587 4277 888 4331 diversetur
916 4292 931 4330 :
959 4273 1081 4340 die,
1108 4271 1234 4328 “ch
1279 4280 1364 4327 est
1400 4270 1592 4326 cellula
1630 4270 1871 4334 Christi;
1919 4269 2036 4324 haec

441 4369 632 4423 domus
660 4347 734 4421 illi
766 4366 1000 4436 seposita
1027 4374 1113 4421 est
1139 4382 1152 4416 :
1181 4363 1399 4420 etiarnsi
1430 4364 1535 4417 vile
1561 4362 1891 4418 domicilium
1921 4363 1989 4416 sit
2015 4402 2031 4428 ,

445 4474 552 4515 non
595 4458 937 4528 dedignatur.
978 4456 1166 4511 Nudus
1196 4465 1252 4511 et
1295 4458 1490 4525 hospes
1527 4453 1774 4508 Christus
1800 4453 2033 4519 circuit,

447 4564 590 4608 tecto
615 4551 788 4606 solum
826 4565 992 4620 egens
1022 4566 1036 4604 :
1067 4551 1259 4606 saltem
1289 4549 1412 4603 huic
1442 4559 1633 4617 praesta
1669 4567 1684 4604 :
1716 4563 1784 4603 ne
1811 4548 1885 4602 sis
1911 4563 2033 4603 cru-

442 4642 579 4697 delis
605 4655 705 4695 nec
733 4639 1054 4696 inhumanus
1074 4679 1089 4705 ,
1119 4641 1295 4709 neque
1321 4641 1373 4693 in
1402 4639 1564 4693 rebus
1592 4639 1942 4693 saecularibus
1965 4640 2036 4693 ita

443 4733 734 4789 vehemens
754 4773 773 4800 ,
805 4734 858 4788 in
895 4733 1264 4802 spiritualibus
1291 4745 1422 4787 vero
1459 4730 1705 4801 frigidus.
1750 4732 1862 4786 Hoc
1885 4746 2035 4785 com-

445 4827 684 4884 mittatur
711 4826 910 4880 famulo
950 4825 1191 4879 omnium
1223 4823 1541 4879 fidelissimo
1561 4867 1575 4887 ,
1625 4834 1679 4878 et
1707 4825 1752 4877 is
1778 4824 1996 4878 mutilos
2020 4865 2035 4890 ,

447 4916 763 4984 mendicos,
793 4925 850 4970 et
873 4931 969 4970 eos
994 4955 1010 4979 ,
1041 4916 1129 4985 qui
1171 4915 1287 4970 sine
1317 4923 1457 4969 tecto
1507 4925 1630 4968 sunt
1653 4957 1666 4980 ,
1713 4914 2038 4970 i’nlroducat.

445 5008 573 5064 llzec
597 5009 720 5062 dico
739 5045 756 5073 ,
790 5019 848 5061 ut
879 5008 946 5061 ad
975 5008 1237 5079 pudorem
1269 5022 1532 5062 moveam.
1577 5009 1869 5080 Oporterct
1893 5010 2038 5064 enim

447 5118 663 5160 sursum
689 5101 832 5157 domi
863 5101 986 5156 illos
1015 5103 1256 5171 recipere
1281 5119 1294 5165 ;
1335 5103 1418 5156 sin
1450 5103 1590 5156 nolis
1611 5143 1626 5169 ,
1655 5103 1845 5158 saltem
1877 5101 2038 5170 infra,

448 5197 537 5250 ubi
573 5194 725 5260 tnuli,
767 5193 856 5249 ubi
891 5192 1102 5260 famuli,
1125 5193 1394 5249 Christum
1422 5195 1619 5264 recipe.
1661 5195 1821 5250 Forte
1847 5195 2042 5251 exhor-

451 5287 662 5343 rescitis
685 5286 990 5342 audientes.
1029 5286 1170 5354 Quid
1198 5301 1328 5358 ergo
1359 5327 1375 5354 ,
1405 5289 1450 5341 si
1476 5301 1548 5342 ne
1571 5288 1691 5342 haec
1716 5289 1930 5359 quidem
1962 5291 2040 5344 fe-

451 5382 678 5435 ceritis?
705 5381 844 5437 Ecce
867 5379 1074 5446 hortor,
1105 5393 1233 5437 ecce
1260 5381 1383 5437 dico
1417 5399 1431 5433 :
1463 5380 1576 5437 lloc
1600 5383 1752 5438 vobis
1776 5397 1922 5438 cura:
1951 5385 2042 5438 sit.

457 5474 527 5527 At
549 5475 626 5529 sic
659 5488 764 5530 non
791 5474 994 5531 vultis?
1021 5475 1161 5546 Ergo
1187 5475 1294 5531 alio
1322 5473 1480 5530 modo
1511 5473 1672 5531 facile
1696 5493 1708 5529 :
1735 5485 1859 5532 sunt
1889 5477 2041 5530 multi

1159 411 1218 466 S.
1255 407 1530 464 JOANNIS
1566 402 2034 461 CllllYSOSTOMI
2074 403 2386 474 ARCHIEP.
2429 405 2951 466 CONSTANTINOP.

3562 412 3666 467 39.0

2087 531 2348 585 pauperes
2380 519 2654 591 utriusque
2681 537 2841 576 sexus
2875 541 2886 575 :
2919 531 3194 592 segregate
3221 523 3440 577 omnino
3461 565 3477 584 ,
3509 534 3564 578 ut
3596 526 3666 578 ibt

2084 605 2278 675 aliquis
2304 620 2554 664 maneat:
2583 611 2650 663 sit
2681 612 2868 666 saltem
2901 611 3091 665 domus
3115 621 3296 671 custos.
3325 628 3526 683 pauper
3557 633 3570 668 :
3601 616 3670 668 sit

2087 699 2178 752 tibi
2209 715 2390 754 nmrus
2416 710 2470 756 et
2495 717 2651 772 sepes
2675 745 2690 767 ,
2725 713 2930 756 scutum
2962 713 3017 757 et
3043 702 3218 758 hasta.
3262 703 3362 759 Ubi
3389 714 3472 759 est
3531 705 3673 759 elec-

2089 806 2306 863 mosyna
2329 834 2343 857 ,
2372 809 2437 848 eo
2465 811 2567 849 non
2595 795 2755 850 audet
2779 795 3037 851 accedere
3063 797 3328 862 diabolus,
3357 813 3529 868 neque
3559 812 3674 852 ma-

2089 883 2196 936 lum
2229 885 2532 955 quodpiam.
2565 886 2676 947 Ne,
2711 903 2893 958 qumso
2913 930 2927 950 ,
2958 887 3316 957 despiciamus
3349 899 3551 943 tantum
3584 890 3671 943 lu-

2089 989 2258 1028 crum.
2290 975 2440 1030 Nunc
2465 992 2592 1030 vero
2616 980 2791 1031 currui
2815 978 3028 1048 quidem
3056 979 3357 1049 assignatus
3384 981 3530 1034 locus
3559 991 3664 1048 est,

2091 1073 2144 1118 et
2165 1066 2428 1120 basternis
2448 1067 2602 1133 alius;
2624 1068 2837 1123 Christo
2857 1078 3033 1125 autem
3056 1071 3255 1124 erranti
3281 1071 3478 1125 nullus.
3505 1072 3673 1127 Abra-

2093 1155 2213 1208 ham
2266 1156 2351 1210 ubi
2386 1157 2498 1226 ipse
2542 1159 2826 1226 manebat,
2869 1159 2939 1214 ibi
2987 1160 3225 1230 hospites
3266 1160 3592 1231 recipiebat;
3621 1174 3678 1218 et

2093 1260 2224 1300 uxor
2249 1248 2400 1315 quasi
2430 1249 2620 1302 ancilla
2649 1250 2821 1303 stabat
2845 1293 2858 1314 ,
2889 1251 2964 1304 illi
2991 1266 3119 1305 vero
3147 1251 3296 1321 quasi
3326 1252 3544 1307 domini.
3573 1252 3678 1308 Nc-

2094 1335 2295 1390 sciebat
2317 1352 2373 1390 se
2395 1337 2686 1403 Christum,
2707 1355 2764 1394 se
2791 1340 3010 1408 angelos
3035 1340 3276 1411 recipere
3297 1357 3312 1402 ;
3337 1342 3381 1396 si
3407 1343 3676 1408 scivisset,

2094 1429 2273 1481 omnia
2298 1439 2586 1498 erogasscl.
2608 1430 2714 1484 Nos
2739 1447 2865 1486 vero
2891 1431 3011 1486 licet
3044 1433 3276 1486 sciamus
3296 1448 3324 1487 a
3346 1433 3498 1487 nobis
3525 1432 3682 1489 Chri-

2097 1529 2234 1572 stum
2264 1521 2455 1589 excipi,
2485 1539 2590 1576 non
2617 1533 2814 1578 tantam
2840 1523 3160 1579 exhibemus
3182 1539 3361 1580 curam
3382 1567 3396 1591 ,
3425 1537 3679 1596 quantam

2098 1611 2203 1675 ille,
2238 1613 2325 1682 qui
2359 1613 2575 1682 putabat
2597 1631 2656 1670 se
2686 1615 2931 1670 homines
2962 1617 3222 1685 recipere.
3257 1620 3326 1671 At
3353 1619 3503 1672 multi
3529 1630 3677 1685 sunt,

2100 1703 2344 1772 inquies,
2395 1706 2715 1776 deceptores
2757 1717 2811 1762 et
2858 1709 3069 1778 ingrati.
3115 1710 3179 1763 Et
3221 1709 3343 1764 hinc
3376 1711 3466 1765 tibi
3509 1711 3684 1781 major

2100 1807 2326 1860 merces,
2353 1796 2566 1864 quando
2589 1799 2799 1851 nomine
2825 1797 3022 1853 Christi
3047 1798 3266 1868 accipis.
3297 1799 3351 1854 Si
3389 1785 3528 1855 noSti
3562 1816 3685 1856 esse

2099 1884 2416 1954 deceptores
2436 1928 2450 1950 ,
2485 1902 2551 1939 ne
2583 1889 2758 1956 recipe
2789 1887 2970 1955 domi;
3013 1891 3094 1943 sin
3125 1905 3228 1944 non
3262 1891 3436 1957 nosti,
3469 1906 3565 1946 cur
3601 1903 3682 1948 te-

2104 1991 2251 2032 mere
2286 1979 2550 2032 accusas?
2601 1979 2722 2033 Ideo
2765 1979 2923 2046 dico,
2958 1979 3096 2034 Eant
3168 1983 3219 2035 in
3269 1982 3682 2038 xenodocltium.

2103 2068 2231 2134 Ollzt'
2263 2085 2390 2124 vero
2416 2070 2681 2140 defensio,
2715 2072 2928 2141 quando
2950 2088 3016 2128 ne
3043 2089 3136 2128 eos
3165 2074 3402 2145 quidem,
3430 2090 3564 2145 quos
3589 2091 3687 2130 no-

2104 2163 2314 2224 vimus,
2364 2163 2686 2232 recipimus,
2731 2163 2824 2218 sed
2871 2165 3118 2220 omnilms
3164 2169 3304 2222 fores
3351 2167 3686 2222 claudimus?

2105 2251 2185 2306 Sit
2204 2253 2398 2306 Christi
2426 2253 2792 2322 pandocheunt
2824 2265 3005 2310 nostra
3031 2255 3222 2311 domus
3247 2276 3259 2311 :
3289 2267 3590 2326 repetamus
3617 2258 3686 2312 ab

2108 2342 2212 2397 illis
2233 2345 2550 2410 mercedem,
2585 2361 2690 2399 non
2719 2356 3020 2416 argentum,
3049 2347 3141 2402 sed
3165 2357 3219 2401 ut
3246 2347 3440 2404 faciant
3465 2349 3679 2403 domum

2110 2444 2345 2488 nostram
2373 2435 2571 2490 Christi
2605 2437 2999 2506 receptaculum
3033 2455 3046 2491 :
3073 2439 3552 2495 eircumcursemus
3578 2456 3682 2494 un-

2111 2528 2293 2600 dique,
2328 2529 2622 2596 trahamus,
2652 2540 2898 2584 venatum
2927 2530 3251 2600 abripiamus
3279 2548 3291 2584 '.
3321 2531 3491 2601 majus
3521 2531 3688 2585 bene-

2112 2623 2286 2679 ficium
2316 2624 2604 2692 accipimus
2624 2664 2641 2691 ,
2681 2639 2839 2694 quam
2869 2622 3076 2677 damus.
3123 2621 3237 2677 Non
3261 2622 3423 2694 jubeo
3453 2633 3686 2678 mactare

2112 2717 2334 2772 vitulum
2369 2736 2382 2770 :
2415 2717 2482 2771 da
2514 2731 2704 2786 panem
2749 2720 2962 2788 egenti,
3017 2729 3218 2772 vestem
3260 2717 3438 2783 nudo,
3490 2726 3694 2772 tectum

2118 2810 2336 2879 hospiti.
2359 2809 2437 2864 Ne
2464 2819 2640 2864 autem
2670 2809 2784 2864 hrec
2817 2821 3096 2879 praetextas,
3128 2809 3224 2863 Est
3249 2808 3570 2863 domicilium
3610 2822 3698 2863 ec-

2113 2903 2292 2956 clesiae
2335 2917 2658 2969 commune;
2704 2904 2828 2957 illuc
2887 2903 3115 2968 ntittito,
3180 2911 3235 2957 et
3305 2911 3358 2954 tu
3411 2901 3700 2970 suscipies.

2117 2993 2248 3046 Nam
2307 2995 2396 3048 ille
2450 2996 2608 3048 etiam
2659 3010 2884 3060 eorum,
2932 3011 3049 3064 qua:
3087 3010 3117 3046 a
3167 2993 3378 3048 famulis
3421 3003 3535 3046 acta
3583 2991 3701 3046 fuc-

2123 3099 2284 3153 rant,
2337 3087 2636 3141 mercedem
2685 3088 2885 3140 habuit.
2947 3089 3016 3140 lta
3067 3095 3222 3141 erant
3276 3085 3502 3139 instituti
3561 3083 3704 3138 illius

2120 3179 2273 3249 pueri
2314 3196 2326 3232 :
2359 3179 2687 3245 currebant,
2737 3193 2836 3233 nec
2883 3181 3287 3232 mut-mutabant
3327 3177 3464 3232 sicut
3491 3177 3704 3242 nostri;

2123 3275 2244 3329 illos
2263 3275 2404 3328 enim
2433 3276 2548 3344 pios
2569 3274 2874 3330 reddiderat
2895 3294 2907 3328 :
2930 3273 2979 3328 in
3010 3274 3204 3328 bellum
3230 3273 3408 3338 traxit,
3436 3287 3534 3327 nec
3557 3286 3710 3326 mur-

2126 3366 2426 3431 murabant;
2458 3368 2528 3421 ita
2553 3367 2854 3438 philosophi
2878 3378 3048 3421 erant.
3077 3364 3325 3420 Omnium
3348 3365 3492 3420 enim
3522 3378 3710 3418 curam

2129 3457 2353 3527 gerebat
2397 3467 2453 3510 ut
2482 3459 2562 3511 sui
2593 3458 2756 3528 ipsius
2786 3475 2800 3511 :
2831 3473 2894 3513 ac
2931 3459 3038 3512 fere
3061 3499 3076 3523 ,
3112 3468 3169 3511 ut
3196 3456 3297 3512 Job
3327 3457 3540 3511 dicebat
3570 3473 3583 3508 :
3615 3454 3711 3509 St-

2128 3548 2312 3600 militer
2341 3548 2546 3619 formati
2576 3565 2749 3602 sumus
2777 3549 2826 3601 in
2853 3550 3027 3602 eodem
3055 3559 3219 3602 ventre
3247 3547 3369 3618 (Job
3409 3549 3500 3604 '55.
3530 3549 3606 3621 6).

2204 3640 2601 3696 Domesticorum
2624 3658 2746 3694 cura
2772 3641 3022 3694 habenda.
3049 3670 3119 3680 ——
3144 3642 3326 3710 Itaque
3352 3649 3405 3696 et
3437 3657 3533 3696 nos
3559 3658 3715 3699 cure-

2131 3751 2252 3790 mus
2277 3735 2502 3789 salutem
2529 3744 2765 3791 nostram
2783 3775 2798 3800 ,
2825 3745 2879 3788 et
2923 3749 3168 3804 magnam
3196 3733 3486 3787 habeamus
3529 3735 3713 3791 dome-

2132 3833 2391 3881 sticorum
2424 3825 2860 3892 sollicitudinem,
2901 3836 2956 3880 ut
2982 3827 3089 3880 sint
3121 3825 3272 3894 probi
3303 3834 3356 3881 et
3386 3825 3572 3896 vigiles
3600 3845 3612 3880 :
3645 3829 3716 3882 sit

2134 3921 2295 3973 etiam
2325 3918 2653 3973 dontcsticus
2688 3927 2872 3972 noster
2915 3919 2966 3972 in
2997 3917 3060 3971 iis
3083 3958 3098 3982 ,
3130 3933 3248 3987 qua:
3277 3917 3342 3971 ad
3374 3916 3539 3972 Deum
3589 3933 3714 3986 spe-

2136 4021 2303 4077 ctant,
2334 4013 2626 4067 institutus.
2668 4010 2783 4065 Non
2803 4011 2904 4064 erit
2934 4018 3118 4080 postea
3147 4011 3315 4066 virtus
3345 4010 3498 4065 nobis
3525 4009 3711 4066 difﬁci-

2139 4105 2202 4159 lis
2226 4146 2241 4168 ,
2274 4104 2316 4157 si
2349 4103 2470 4157 illos
2498 4103 2664 4173 probe
2695 4103 3054 4156 instituamus.
3091 4100 3244 4155 Sicut
3283 4101 3428 4156 enim
3457 4102 3507 4154 itt
3533 4099 3668 4153 bello
3690 4140 3708 4166 ,

2139 4214 2260 4251 cum
2293 4197 2490 4252 milites
2516 4207 2640 4251 sunt
2666 4195 2804 4250 bene
2842 4193 3071 4249 ordinati
3099 4236 3114 4259 ,
3161 4193 3266 4248 dux
3297 4193 3454 4249 facile
3481 4200 3712 4264 pugnat;

2139 4298 2326 4343 contra
2357 4303 2483 4342 vero
2508 4329 2521 4351 ,
2555 4287 2598 4342 si
2628 4302 2733 4341 non
2766 4288 2836 4340 ita
2865 4286 2933 4340 sit
2967 4303 2979 4338 :
3013 4286 3187 4340 nautis
3219 4287 3344 4340 item
3373 4284 3717 4340 consentien-

2145 4381 2285 4435 tibus
2310 4422 2324 4446 ,
2355 4379 2678 4450 gubernator
2721 4377 2872 4431 nullo
2915 4380 3126 4448 negotio
3161 4376 3516 4448 gubernacula
3545 4376 3714 4446 regit:

2146 4473 2214 4526 ita
2246 4473 2290 4526 si
2317 4471 2422 4526 sint
2451 4470 2632 4524 famuli
2657 4479 2801 4525 recte
2832 4469 3079 4533 instituti,
3115 4484 3219 4523 non
3251 4468 3408 4523 facile
3434 4468 3720 4523 exacerba-

2146 4565 2289 4618 beris
2311 4605 2327 4631 ,
2363 4580 2465 4617 non
2494 4563 2798 4632 ebjurgabis
2819 4602 2835 4628 ,
2869 4577 2972 4616 non
3005 4561 3253 4616 irasceris
3277 4601 3291 4624 ,
3321 4575 3430 4615 non
3458 4560 3720 4614 convicia-

2149 4656 2313 4710 beris.
2352 4655 2495 4711 Fieri
2523 4670 2735 4725 quoque
2768 4661 2979 4724 potest,
3033 4663 3090 4707 ut
3121 4652 3346 4709 famulos
3392 4653 3690 4708 reverearis
3713 4693 3730 4716 ,

2147 4749 2190 4802 si
2219 4748 2327 4801 sint
2356 4747 2698 4801 admirabiles
2731 4764 2744 4800 :
2774 4745 2980 4816 ipsique
3008 4753 3061 4799 te
3087 4744 3347 4814 juvabunt
3367 4786 3384 4813 ,
3413 4752 3470 4799 et
3496 4745 3562 4798 ad
3592 4745 3732 4799 bona

2149 4838 2522 4892 hortabuntur.
2565 4837 2647 4892 Ab
2673 4837 2756 4891 his
2782 4845 2957 4890 autem
2989 4837 3234 4890 omnibus
3261 4837 3440 4892 omnia
3478 4836 3590 4891 Deo
3623 4836 3732 4905 pla-

2149 4930 2252 4985 cita
2275 4938 2451 4995 erunt,
2476 4937 2530 4983 et
2555 4928 2634 4983 sic
2665 4937 2772 4982 tota
2795 4927 2986 4982 domus
3011 4927 3318 4997 implebitur
3337 4927 3730 4992 benedictione,

2150 5033 2205 5080 et
2232 5024 2310 5078 sic
2331 5038 2395 5077 ea
2417 5064 2433 5089 ,
2462 5037 2579 5092 quae
2611 5022 2720 5076 Deo
2747 5020 2994 5090 placent,
3029 5019 3284 5075 facientes
3307 5058 3326 5086 ,
3355 5035 3550 5090 magno
3584 5017 3730 5072 frue-

2152 5131 2271 5170 mur
2289 5130 2523 5184 superno
2545 5113 2795 5185 praesidio
2824 5132 2837 5168 :
2863 5113 3004 5182 quod
3027 5129 3133 5168 non
3155 5127 3344 5168 omnes
3366 5113 3578 5184 assequi
3605 5127 3728 5167 con-

2152 5207 2355 5277 tingat,
2405 5207 2572 5278 gratia
2622 5217 2678 5262 et
2755 5206 3082 5276 benignitate
3133 5207 3343 5261 Domini
3391 5206 3562 5262 nostri
3610 5205 3736 5260 Jesu

2151 5299 2349 5354 Christi
2373 5341 2388 5366 ,
2420 5300 2634 5369 quicum
2667 5299 2810 5355 Patri
2841 5309 2896 5352 et
2922 5297 3143 5368 Spiritui
3173 5307 3363 5353 sancto
3387 5297 3556 5368 gloria
3582 5337 3598 5361 ,
3633 5298 3732 5350 int-

2155 5392 2357 5461 perium
2383 5433 2398 5457 ,
2438 5392 2631 5457 honor,
2666 5406 2805 5445 nunc
2830 5399 2885 5445 et
2913 5405 3145 5461 semper,
3177 5399 3233 5445 et
3259 5389 3312 5444 in
3339 5388 3535 5444 smcula
3560 5402 3731 5443 saecu-

2155 5485 2349 5538 lorum.
2389 5487 2581 5538 Amen.
