4112 6424
213 442 328 497 519

285 556 350 610 δ’.
371 553 557 608 Πάντα
601 553 699 624 γάρ
715 552 884 607 ταῦτα
900 553 982 607 δεῖ
997 553 1088 607 τὸν
1105 551 1383 620 ξενίζοντα
1399 554 1541 625 ἐχειν
1564 571 1575 584 ·
1603 555 1666 608 τὸ
1686 555 1887 625 πρόθυ-

211 661 340 714 μον,
392 641 454 694 τὸ
499 641 745 710 φαιδρὸν,
795 640 855 692 τὸ
887 639 1135 708 ἄφθονον.
1184 641 1246 694 'H
1283 642 1391 712 γὰρ
1432 642 1526 694 τοῦ
1564 641 1712 707 ξένου
1739 641 1887 712 ψυχὴ

209 729 444 801 ἐρυθριᾷ
466 729 559 800 καί
581 727 918 798 αἰσχύνεται·
944 727 1044 780 κᾶν
1069 728 1142 798 μὴ
1170 727 1288 797 μεθ’
1311 728 1615 804 ὑπερϐολῆς
1641 728 1885 800 ἐπιδείξῃ

214 819 410 888 χαρὰν,
452 816 528 879 ὼς
566 813 855 884 ἀλογηθεὶς
887 814 1314 883 ἀπαλλάσσεται,
1357 816 1452 870 καὶ
1487 816 1672 869 λοιπὸν
1704 819 1884 888 χεῖρον

213 907 403 973 γέγονε
421 916 446 944 ει
470 901 565 955 τοῦ
598 901 673 974 μὴ
699 901 1058 968 ὑποδέξασθαι
1086 901 1148 954 τὸ
1173 901 1348 966 οὕτως
1377 903 1754 973 ύποδεχθῆναι.
1787 904 1885 958 Διά

209 996 370 1049 τοῦτο
410 995 729 1064 προσκυνεῖ,
771 991 858 1046 διὰ
883 990 1042 1046 τοῦτο
1075 992 1156 1062 τῷ
1177 993 1319 1064 λόγῳ
1345 994 1577 1063 δέχεται,
1617 993 1704 1047 διὰ
1729 992 1886 1047 τοῦτο

206 1083 276 1150 τῇ
304 1079 565 1150 καθέδρᾳ.
594 1079 690 1142 Τίς
714 1077 821 1147 γάρ
851 1077 917 1131 ἀν
939 1077 1218 1150 ἠπορήθη,
1241 1080 1395 1143 εἰδὼς
1415 1080 1498 1133 ὅτι
1537 1079 1697 1132 τοῦτο
1724 1079 1885 1151 ἐργον

210 1166 360 1237 αὐτῷ
388 1161 492 1236 ἦν;
552 1165 692 1218 Ἀλλ’
721 1166 824 1218 οὐκ
856 1165 948 1218 ἐπὶ
981 1165 1138 1236 ξένης
1168 1166 1335 1236 ἐσμὲν
1368 1169 1556 1237 ἡμεῖς;
1613 1167 1752 1219 Ἀλλ’
1789 1168 1884 1220 ἐάν

213 1253 470 1322 θέλωμεν,
515 1250 859 1322 δυνησόμεθα
899 1253 1064 1305 αὐτὸν
1114 1252 1478 1323 μιμήσασθαι.
1528 1254 1690 1307 Πόσοι
1743 1253 1883 1318 ξένοι

211 1342 320 1392 εἰσὶ
349 1340 454 1393 τῶν
480 1338 760 1408 ἀδελφῶν;
799 1339 987 1393 Ἔστιν
1010 1340 1216 1410 οῐκημα
1247 1341 1423 1394 κοινὸν
1448 1343 1482 1412 ἡ
1515 1341 1795 1412 ἐκκλησία,
1823 1341 1883 1394 ὃν

208 1426 410 1492 ξενῶνα
444 1425 748 1496 καλοῦμεν·
791 1425 1215 1498 περιεργάζεσθε
1247 1429 1339 1480 καὶ
1375 1428 1551 1497 ὑμεῖς,
1585 1428 1881 1492 καθέζεσθε

204 1515 358 1583 παρά
400 1514 500 1577 τὰς
539 1513 728 1584 θύρας,
762 1515 888 1576 τοὺς
918 1514 1245 1583 ἐρχομένους
1278 1515 1602 1585 ὑποδέχεσθε
1623 1531 1638 1544 ·
1667 1515 1767 1568 κᾶν
1807 1516 1880 1586 μὴ

204 1603 288 1666 είς
309 1601 409 1665 τάς
436 1602 612 1663 οίκίας
637 1599 789 1670 ὑμῶν
819 1598 1106 1672 βούλησθε,
1138 1602 1253 1654 ἀλλ’
1285 1602 1488 1672 ἑτέρως
1510 1602 1577 1655 τὰ
1608 1602 1744 1673 πρὸς
1781 1603 1881 1666 τάς

203 1690 396 1759 χρείας
437 1689 620 1750 αὐτοῖς
651 1686 798 1759 [545]
829 1688 1211 1758 χορηγοῦντες.
1244 1689 1308 1741 Τί
1337 1689 1475 1760 γάρ;
1510 1691 1544 1757 ἡ
1587 1689 1880 1761 Ἐκκλησία

200 1777 309 1830 οῦκ
340 1775 481 1846 ἔχεις
522 1775 701 1845 φησίν.
739 1775 926 1845 Ἔχει·
968 1775 1104 1828 ἀλλά
1142 1775 1196 1827 τί
1235 1774 1394 1842 τοῦτο
1431 1777 1567 1846 πρὸς
1597 1778 1769 1846 ύμᾶς;
1805 1777 1878 1847 μὴ

199 1864 266 1918 τὸ
291 1864 399 1916 ἀπὸ
422 1863 532 1917 τῶν
559 1862 750 1916 κοινῶν
775 1862 878 1931 τῆς
920 1863 1248 1931 Ἐκκλησίας
1269 1863 1560 1933 τρέφεσθαι
1583 1881 1686 1935 χρη
1697 1865 1878 1934 μάτων

201 1952 423 2014 αὐτοὺς,
474 1949 633 2004 τοῦτο
677 1950 818 2021 ὑμᾶς
867 1949 1148 2019 ὠφελῆσαι
1199 1950 1450 2015 δύναται;
1506 1951 1580 2022 μὴ
1629 1951 1758 2022 γὰρ,
1814 1951 1879 2005 ἂν

201 2039 388 2107 ἔτερος
414 2035 660 2108 εὔχηται,
691 2037 754 2089 σὺ
781 2038 882 2089 οὐκ
907 2037 1140 2105 ὀφείλεις
1174 2035 1430 2106 εῦχεσθαι
1453 2053 1467 2101 ;
1493 2036 1580 2088 διὰ
1607 2037 1660 2090 τί
1690 2037 1762 2108 μὴ
1792 2037 1879 2089 λέ-

202 2142 352 2194 γεις·
390 2124 443 2178 τί
482 2124 629 2196 γάρ;
664 2125 764 2178 οὐκ
794 2124 1044 2193 εὔχονται
1081 2126 1128 2177 οί
1165 2126 1361 2193 ίερεῖς;
1395 2123 1505 2192 ἐγὼ
1527 2123 1578 2177 τί
1612 2123 1874 2195 εῦχομαις

216 2213 353 2265 Ἀλλ’
397 2211 529 2281 ἐγὼ,
573 2211 726 2282 φησὶ,
771 2211 1073 2280 δίδωμιτῷ
1108 2210 1181 2282 μὴ
1222 2211 1503 2282 δυναμένῳ
1540 2212 1878 2281 καταχθῆναι

199 2303 333 2356 ἐκεῖ.
358 2300 457 2363 Δὸς
491 2299 594 2354 κᾶν
625 2299 838 2368 ἐκείνῳ·
871 2299 931 2351 τὸ
957 2298 1066 2368 γὰρ
1101 2299 1534 2368 σπουδαζόμενον
1564 2301 1694 2370 ἡμῖν
1723 2299 1878 2352 τοῦτό

201 2388 338 2449 ἐστι,
372 2385 434 2440 τὸ
470 2386 609 2449 ὅλως
653 2385 858 2439 δοῦναι.
899 2385 1184 2449 Ἄκουσον,
1234 2385 1287 2437 τί
1338 2402 1504 2454 φησιν
1553 2387 1581 2437 ὁ
1631 2385 1873 2448 Παῦλος·

203 2475 328 2528 Ἵνα
359 2473 486 2540 ταῖς
509 2472 695 2539 ὅντως
717 2472 931 2542 χήραις
950 2472 1279 2541 ἐπαρκέσῃ,
1317 2472 1416 2526 καὶ
1434 2471 1520 2540 μὴ
1546 2472 1807 2540 ,βαρῆται
1836 2474 1874 2541 ἠ

213 2563 565 2627 Ἐκκλησία.
614 2561 805 2624 Ὅπως
860 2560 1036 2630 βούλει
1095 2561 1344 2629 ποίησον,
1408 2559 1568 2628 μόνον
1628 2559 1872 2629 ποίησον.

212 2649 354 2716 Ἐγὼ
391 2649 446 2702 δέ
481 2649 542 2701 οὐ
581 2647 743 2715 λέγω,
774 2647 888 2700 ’Ὶνα
923 2648 997 2717 μὴ
1030 2647 1268 2717 βαρῆται
1307 2650 1339 2717 ἡ
1386 2645 1702 2717 Ἐκκλησία,
1739 2646 1871 2712 ἀλλ’,

199 2738 321 2790 Ἵνα
349 2736 423 2806 μὴ
453 2739 516 2789 σὺ
548 2735 688 2807 βαρῇ
707 2753 720 2766 ·
750 2735 826 2806 τῷ
849 2734 957 2806 γὰρ
981 2734 1227 2804 λογισμῷ
1255 2734 1429 2804 τούτῳ
1458 2734 1611 2786 οὐδὲν
1639 2735 1872 2805 ἐργάσῃ,

199 2826 378 2878 πάντα
412 2825 726 2894 ἐπιτρέπων
755 2825 914 2894 αὐτῇ.
957 2824 1055 2876 Διά
1083 2822 1240 2875 τοῦτο
1276 2821 1455 2874 κοινὸν
1489 2820 1697 2890 οἴκημά
1726 2823 1874 2876 ἐστιν

201 2911 307 2964 ὑπὸ
337 2912 435 2980 τῆς
472 2911 794 2981 Ἐκκλησίας
829 2911 1233 2982 ἀφωρισμένον,
1267 2910 1354 2962 ἵνα
1393 2910 1466 2982 μὴ
1491 2909 1664 2962 ταῦτα
1685 2910 1870 2982 λέγῃς.

212 2999 348 3051 Ἀλλ’
392 2998 504 3069 ἔχει
542 2998 908 3068 δαπανήματα
948 2999 980 3068 ἡ
1037 2997 1355 3067 Ἐκκλησία,
1405 2997 1559 3064 φησὶ,
1616 2997 1876 3066 χρήματα

200 3086 312 3155 εχει
339 3088 432 3140 καὶ
475 3085 786 3156 προσόδους.
836 3084 970 3138 Είπέ
999 3102 1107 3155 μοι,
1133 3082 1466 3152 ἀναλώματα
1503 3082 1560 3135 δέ
1598 3084 1698 3135 οὐκ
1731 3082 1869 3152 ﬁxes;

197 3172 445 3241 δαπάνην
479 3171 535 3223 δέ
579 3171 678 3224 ούκ
713 3171 824 3240 ἔχει
859 3170 1270 3242 καθημερινήν;
1313 3171 1438 3234 Ναὶ,
1475 3170 1628 3239 φησί.
1672 3169 1736 3221 Τί
1780 3165 1874 3222 οὖν

197 3263 258 3314 οὔ
309 3258 523 3330 βοηθεῖς
556 3261 621 3328 τῇ
678 3258 910 3330 μετρίας
955 3258 1291 3328 Αἰσχύνομαι
1336 3258 1433 3328 μέν
1466 3257 1639 3310 ταῦτα
1663 3257 1872 3325 λέγων·

200 3346 340 3420 πλὴν
375 3345 490 3400 ἀλλ’
511 3346 663 3399 οὐδὲν
689 3346 1004 3414 ἀναγκάζω.
1035 3347 1103 3398 Εἴ
1126 3364 1210 3410 τις
1241 3346 1455 3416 νομίζει
1488 3345 1872 3417 χρηματισμὸν

201 3429 340 3487 εἶναι
383 3434 449 3486 τά
492 3434 790 3503 λεγόμενα,
824 3435 1040 3504 ποιήσει
1073 3435 1250 3505 ἐαυτῷ
1285 3434 1607 3504 ξενοδοχείον
1641 3434 1734 3487 ἐπὶ
1772 3435 1873 3504 τῆς

199 3522 406 3585 οἰκίας·
443 3523 642 3593 στῆσον
673 3523 792 3574 ἐκεῖ
819 3521 1030 3591 κλίνην,
1075 3523 1271 3592 στῆσον
1311 3523 1428 3574 ἐκεῖ
1465 3521 1744 3591 τράπεζαν
1777 3521 1873 3574 καὶ

197 3609 440 3680 λυχνίαν.
483 3608 605 3672 Πῶς
653 3609 760 3681 γάρ
806 3609 906 3662 οὐκ
945 3609 1163 3671 ἄτοπον,
1196 3610 1245 3661 εἰ
1291 3609 1390 3678 μὲν
1429 3608 1753 3678 στρατιῶται
1784 3608 1869 3660 έλ-

197 3697 363 3760 θοιεν,
397 3697 541 3766 ἔχειν
571 3697 714 3766 ὑμᾶς
748 3696 1167 3766 ἀποτεταγμένα
1203 3697 1497 3766 οἰκήματα,
1540 3697 1634 3748 καὶ
1670 3695 1871 3766 πολλὴν

196 3782 465 3836 ποιεῖσθαι
506 3783 606 3850 τὴν
642 3782 978 3851 ἐπιμέλειαν,
1023 3781 1118 3835 καὶ
1154 3783 1329 3836 πάντα
1364 3783 1626 3852 παρέχειν
1664 3781 1867 3850 αὐτοῖς,

196 3868 386 3938 ἐπειδὴ
412 3869 502 3921 τὸν
525 3869 764 3939 πόλεμον
790 3871 920 3940 ὑμῖν
951 3869 1218 3939 ἀμύνουσι
1251 3872 1439 3922 τοῦτον
1461 3870 1552 3921 τὸν
1578 3869 1833 3939 αἰσθητόν
1851 3883 1866 3898 ⁸

197 3957 326 4019 τοὺς
367 3957 422 4010 δέ
469 3957 652 4020 ξένους
709 3958 782 4028 μὴ
818 3957 961 4027 ἐχειν
1001 3959 1136 4010 ὅπου
1186 3957 1593 4028 καταμείνοιεν;
1631 3957 1870 4028 Νίκησον

197 4047 299 4115 τὴν
350 4045 698 4116 Ἐκκλησίαν.
730 4047 915 4100 Βούλει
945 4047 1202 4116 ἐντρέψαι
1224 4049 1404 4118 ἡμᾶς;
1433 4046 1601 4098 Τοῦτο
1622 4046 1867 4116 ποίησον·

199 4132 508 4202 ύπτρϐαλοῦ
558 4135 623 4202 τῇ
683 4133 996 4203 φιλοτιμίᾳ·
1048 4133 1136 4202 ἐχε
1188 4135 1414 4203 οῖκημα,
1466 4132 1591 4185 ἔνθα
1639 4132 1870 4201 Χριστὸς

201 4219 592 4289 παραγίνεται·
645 4220 786 4272 εἰπέ·
837 4219 1011 4273 Τοῦτο
1058 4219 1118 4271 τὸ
1158 4219 1368 4273 κελλίον
1407 4219 1499 4271 τοῦ
1529 4218 1799 4290 Χριστοῦ·
1833 4220 1865 4289 ἡ

195 4306 342 4358 οἰκία
359 4306 506 4376 ἀῦτη
540 4305 689 4376 αὐτῷ
716 4306 1046 4378 ἀφώρισται.
1072 4305 1193 4359 Κᾶν
1223 4305 1564 4374 καταγώγιον
1662 4305 1755 4358 καὶ
1783 4305 1871 4357 εύ-

193 4392 367 4456 τελές,
395 4394 495 4446 οὐκ
524 4392 746 4457 ἀπαξιοῖ
776 4393 984 4462 Γυμνὸς
1011 4392 1102 4444 καὶ
1127 4391 1275 4456 ξένος
1293 4393 1321 4443 6
1345 4391 1581 4462 Χριστὸς
1612 4392 1868 4461 περίεισι,

200 4481 360 4548 μόνον
390 4481 598 4548 σκέπης
623 4479 872 4549 δεόμενος
893 4495 908 4510 ·
950 4479 1054 4533 κᾶν
1086 4479 1260 4548 τούτῳ
1297 4480 1504 4548 πάρεχε
1529 4482 1556 4521 b
1576 4496 1589 4508 ·
1627 4477 1699 4548 μὴ
1723 4477 1871 4548 ὠμὸς

195 4565 291 4619 ἔσο
321 4566 455 4636 μηδέ
484 4565 874 4636 ἀπάνθρωπος,
911 4565 1045 4635 μηδέ
1069 4567 1128 4617 ἐν
1164 4565 1261 4634 μὲν
1287 4567 1398 4628 τοῖς
1429 4565 1703 4633 βιωτικοῖς
1727 4563 1871 4618 οὕτω

193 4653 425 4724 σφοδρὸς
455 4653 567 4717 Eoo,
596 4656 654 4707 ἐν
680 4654 735 4707 δὲ
761 4657 873 4716 τοῖς
899 4655 1292 4724 πνευματικοῖς
1310 4653 1536 4723 ψυχρός.
1569 4654 1746 4704 Ἔστω
1775 4653 1870 4705 καὶ

196 4742 311 4794 τῶν
347 4740 572 4793 οἰκετῶν
626 4743 655 4794 6
689 4741 1008 4811 πιστότερος
1048 4740 1204 4793 τοῦτο
1239 4738 1735 4809 ἐγκεχειρισμένος,
1777 4739 1870 4791 καὶ

196 4826 329 4888 τοὺς
349 4826 678 4896 ἀναπήρους,
705 4827 832 4889 τοὺς
857 4827 1126 4897 πτωχοὺς,
1147 4826 1272 4889 τοὺς
1295 4825 1555 4891 ἀστέγους
1579 4824 1864 4892 εἰσαγέτω.

196 4913 389 4968 Ταῦτα
412 4913 554 4981 λέγω
577 4915 710 4985 πρὸς
738 4915 1026 4984 ἐντροπὴν.
1061 4914 1207 4967 Ἔδει
1241 4914 1341 4983 μὲν
1369 4912 1479 4981 γὰρ
1503 4912 1615 4964 άνω
1645 4913 1738 4964 ἐπὶ
1765 4911 1867 4981 τῆς

193 5005 376 5067 οἰκίας
399 5004 592 5066 αὐτοὺς
611 5004 886 5075 δέχεσθαι·
914 5005 963 5056 εί
993 5003 1049 5056 δέ
1091 5003 1166 5073 μὴ
1200 5002 1400 5072 βούλει,
1431 5003 1535 5054 κᾶν
1559 5002 1729 5067 κάτω,
1763 5003 1866 5056 κᾶν

194 5092 322 5147 ἔνθα
344 5092 403 5146 αἱ
434 5090 666 5161 ἡμίονοι,
697 5091 799 5143 κᾶν
824 5090 954 5143 ἔνθα
979 5091 1028 5142 οί
1054 5089 1281 5151 οἰκέται,
1314 5089 1460 5152 δέξαι
1490 5088 1581 5140 τὸν
1611 5089 1863 5158 Χριστόν.

195 5181 348 5251 Τάχα
391 5179 643 5250 φρίττετε
693 5180 1002 5240 ἀκούοντες.
1062 5177 1128 5230 Τί
1178 5172 1292 5241 οῦν,
1330 5178 1457 5229 ὅταν
1507 5175 1640 5244 μηδὲ
1691 5175 1866 5228 ταῦτα

193 5266 419 5335 ποιῆτε;
478 5265 609 5320 Ἰδοὺ
642 5264 914 5335 παραινῶ,
955 5263 1064 5317 ἰδοὺ
1111 5263 1287 5331 λέγω·
1320 5263 1500 5314 Ἔστω
1543 5262 1673 5330 ύμῖν
1707 5261 1866 5313 τοῦτο

192 5355 678 5425 περισπούδαστον.
752 5353 893 5407 Ἀλλ’
945 5354 1006 5406 ού
1071 5351 1326 5423 βούλεσθε
1391 5349 1597 5414 οὓτως;
1656 5349 1864 5403 Οὐκοῦν

251 5490 287 5560 ᾖ
302 5490 525 5560 Quidam,
561 5489 714 5560 χαρὰν
733 5489 972 5560 ἀλογεῖται
995 5490 1369 5560 καὶΙάπέρχετοιι,
1393 5487 1474 5534 καὶ
1497 5484 1655 5560 χεῖρον
1676 5486 1837 5546 γέγονε

189 5547 219 5587 ¹²
247 5547 539 5614 υιιιιδνεοόζ,
561 5547 746 5607 σκέπης
793 5547 940 5599 δεῖται
974 5550 1127 5606 αὐτός·
1153 5547 1247 5598 κᾶν
1262 5547 1404 5599 τοῦτο
1450 5547 1643 5609 πάρεχε.

1361 437 1429 492 IN
1467 437 1650 495 ACTA
1686 437 2229 498 APOS'I'OLORUM.
2259 442 2496 500 HOMIL.
2538 445 2698 501 XLV.

3549 458 3656 514 59.0

1989 558 2190 628 ἑτέρως
2234 561 2516 629 ποιήσατε.
2569 561 2692 614 Εἰσὶ
2737 561 2922 616 πολλοὶ
2971 565 3200 638 πένητες
3249 569 3344 623 καῖ
3372 574 3649 642 πενιχροί·

1988 643 2285 713 ἀφορίσατε
2329 647 2396 699 δι’
2443 647 2565 701 ὅλου
2601 648 2782 719 μένειν
2824 651 2943 703 ἐκεῖ
2977 669 3114 706 τινα·
3173 655 3315 709 ἔστω
3347 657 3449 711 κᾶν
3484 657 3663 727 φύλαξ

1988 730 2086 816 τῆς
2116 731 2292 795 οἰκίας
2316 733 2343 785 6
2374 733 2574 804 πένης·
2617 735 2758 788 ἔστω
2789 753 2871 789 σοι
2909 738 3104 808 τειχίον
3142 742 3236 794 καὶ
3273 745 3658 816 περίφραγμα,

1987 815 2152 879 ἀσπὶς
2172 817 2264 870 καὶ
2290 817 2438 889 δόρυ.
2475 819 2646 874 Ἔνθα
2672 821 3030 895 ἐλεημοσύνη,
3057 825 3116 878 ού
3142 827 3316 900 τολμᾷ
3339 815 3661 900 προσελθεῖν

1985 903 2014 956 6
2045 903 2306 971 διάϐολος,
2341 908 2462 960 οὐδὲ
2490 909 2618 964 ἄλλο
2652 928 2703 963 τι
2734 910 2838 964 τῶν
2872 912 3074 968 δεινῶν.
3109 915 3198 986 Μὴ
3232 915 3295 988 δὴ
3326 919 3658 990 περιίδωμεν

1985 993 2235 1048 τοσοῦτον
2266 995 2474 1066 κέρδος.
2521 997 2633 1050 Νῦν
2663 999 2720 1051 δὲ
2758 1001 3036 1070 ὀχήματος
3068 1003 3166 1070 μέν
3193 1004 3356 1068 τόπος
3381 1007 3528 1058 ἐστὶν
3549 1011 3654 1076 ἀφ-

1984 1080 2305 1150 ωρισμένος,
2333 1084 2428 1135 καὶ
2461 1083 2793 1155 βαστερνίοις
2826 1087 3044 1157 ἕτερος·
3083 1089 3160 1158 τῷ
3191 1090 3249 1142 δὲ
3275 1092 3495 1162 Χριστῷ
3524 1094 3656 1147 πλαο

1986 1168 2212 1238 νωμένῳ
2251 1170 2369 1223 οὐδὲ
2403 1166 2502 1233 εἷς.
2561 1174 2620 1226 Ὁ
2681 1173 2931 1246 Ἀϐραάμ
2963 1175 3093 1228 ἔνθα
3144 1178 3306 1241 αὐτὸς
3333 1179 3492 1249 ἔμενε
3531 1183 3655 1244 τοὺς

1986 1253 2171 1318 ξένους
2198 1257 2490 1328 ὑπεδέχετο
2508 1277 2520 1289 ·
2551 1261 2646 1312 καὶ
2669 1261 2701 1330 ἡ
2729 1261 2827 1330 μὲν
2853 1262 2992 1333 γυνὴ
3011 1264 3070 1315 ἐν
3094 1264 3244 1328 τάξει
3276 1266 3658 1335 θεραπαινίδος

1983 1343 2246 1413 εἱστήκει,
2298 1347 2496 1399 ἐκεῖνοι
2541 1347 2598 1399 δὲ
2647 1349 2704 1400 ἐν
2740 1349 2888 1412 τάξει
2915 1350 3210 1405 δεσποτῶν.
3263 1353 3378 1406 Ούκ
3402 1353 3536 1424 ᾔδει,
3572 1356 3656 1408 ὅτι

1981 1429 2073 1482 τὸν
2103 1432 2334 1501 Χριστὸν
2369 1433 2582 1504 ἐδέχετο
2605 1451 2617 1462 ·
2654 1435 2754 1488 ούκ
2785 1436 2923 1506 ᾔδει,
2955 1439 3036 1490 ὅτι
3068 1439 3332 1506 ἀγγέλους
3352 1457 3367 1472 ·
3407 1441 3482 1504 ώς
3517 1443 3571 1494 ετ
3591 1459 3655 1510 γε

1982 1517 2116 1586 ᾔδει,
2142 1519 2318 1572 πάντα
2342 1519 2407 1572 ἂν
2434 1522 2719 1574 ἐκένωσεν.
2751 1524 2940 1592 Ἡμεῖς
2961 1524 3016 1577 δέ
3038 1522 3188 1596 [544]
3211 1527 3412 1588 καίπερ
3432 1527 3652 1593 ειδότες,

1980 1605 2062 1657 ὅτι
2099 1605 2191 1658 τὸν
2219 1607 2457 1677 Χριστὸν
2479 1608 2764 1679 δεχόμεθα,
2792 1611 2912 1664 οὑδέ
2936 1613 3205 1683 τοσαύτην
3231 1613 3654 1684 ἐπιδεικνύμεθα

1981 1692 2079 1762 τὴν
2113 1693 2368 1765 σπουδὴν,
2411 1697 2544 1765 ὅσην
2569 1699 2774 1761 ἐκεῖνος
2807 1699 2836 1751 6
2875 1699 3111 1770 νομίζων
3145 1699 3472 1770 ¹ἀνθρώπους
3507 1703 3655 1772 δέχε-

1983 1780 2127 1834 σθαι.
2180 1781 2320 1834 Ἀλλ’
2353 1783 2599 1837 ἐπιθέται
2634 1785 2760 1848 είσὶ,
2797 1787 2952 1856 φησὶ,
2983 1787 3170 1840 πολλοὶ¹
3195 1789 3290 1841 καὶ
3315 1789 3651 1860 ἀγνώμονες.

1982 1867 2092 1918 Καὶ
2127 1868 2317 1921 τούτου
2346 1887 2426 1921 σοι
2464 1871 2663 1939 μείζων
2695 1874 2724 1924 6
2748 1871 2956 1940 μισθὸς,
2991 1874 3121 1927 ὅταν
3153 1873 3240 1928 διά
3271 1875 3332 1927 τὸ
3359 1876 3529 1946 ὄνομα
3557 1877 3653 1930 τοῦ

1979 1953 2215 2024 Χριστοῦ
2247 1956 2395 2027 δέχῃ.
2445 1959 2508 2009 Et
2552 1959 2650 2027 μὲν
2697 1960 2806 2030 γὰρ
2853 1958 3002 2020 οἶδας
3047 1961 3207 2024 ὄντας
3253 1962 3530 2026 ἐπιθέτας,
3575 1965 3650 2037 μὴ

1978 2041 2131 2111 δέχου
2169 2042 2251 2104 είς
2279 2041 2376 2113 τὴν
2410 2043 2617 2096 οἰκίαν·
2647 2045 2694 2096 εί
2721 2045 2776 2096 δέ
2808 2047 2907 2098 οὐκ
2930 2041 3098 2112 οἶδας,
3121 2048 3173 2100 τί
3198 2049 3385 2113 ἁπλῶς
3413 2068 3647 2121 κατηγο-

1981 2131 2130 2196 ρεῖς;
2173 2129 2271 2180 Διά
2302 2127 2460 2181 τοῦτο
2497 2129 2640 2198 λέγω
2677 2133 2755 2194 εἰς
2787 2131 2848 2184 τὸ
2872 2133 3192 2204 ξενοδοχεῖον
3225 2137 3466 2191 ἀπιέναι.
3516 2139 3652 2192 Ποία

1977 2213 2033 2265 δέ
2064 2215 2352 2280 ἀπολογία,
2399 2216 2527 2269 ὅταν
2562 2217 2695 2287 μηδὲ
2727 2217 2819 2281 οὒς
2851 2220 3026 2290 ἴσμεν,
3065 2222 3200 2293 μηδὲ
3232 2223 3453 2287 τούτους
3486 2225 3649 2294 δεχώ-

1981 2301 2143 2371 μεθα,
2177 2302 2290 2355 ἀλλ’
2320 2304 2703 2374 ἀποκλείωμεν
2731 2307 2864 2359 πᾶσι
2892 2308 2988 2371 τάς
3019 2307 3222 2378 θύρας;
3263 2312 3442 2364 Ἔστω
3467 2313 3528 2365 τὸ
3555 2312 3649 2364 τοῦ

1977 2389 2215 2459 Χριστοῦ
2258 2392 2571 2460 πανδοχεῖον
2601 2393 2758 2462 ἡμῶν
2797 2395 2830 2464 ἡ
2867 2394 3043 2447 οἰκία·
3087 2397 3408 2468 ἀπαιτῶμεν
3453 2400 3651 2463 αὐτοὺς

1975 2476 2067 2528 τὸν
2100 2477 2309 2545 μισθὸν,
2346 2477 2421 2547 μὴ
2460 2477 2742 2550 ἀργύριον,
2772 2480 2910 2533 ἀλλά
2937 2481 2998 2534 τὸ
3032 2483 3254 2553 ποιῆσαι
3282 2486 3414 2554 ἡμῖν
3445 2484 3650 2554 δοχεῖον

1976 2562 2070 2615 τοῦ
2105 2564 2341 2633 Χριστοῦ
2388 2566 2486 2634 τὴν
2538 2565 2748 2618 οἰκίαν·
2780 2569 3194 2639 περιτρέχωμεν
3232 2573 3534 2640 πανταχοῦ,
3567 2574 3651 2626 ἐλ-

1977 2665 2182 2717 κωμεν,
2216 2648 2551 2720 ἀρπάζωμεν
2580 2651 2681 2721 τὴν
2721 2652 2895 2722 θήραν
2915 2669 2929 2682 ·
2959 2653 3182 2723 μείζονα
3208 2657 3649 2728 εύεργετούμεθα

1975 2735 2008 2803 ἦ
2056 2735 2470 2805 εύεργετοῦμεν.
2508 2737 2582 2788 Ού
2619 2737 2827 2790 κελεύω
2861 2739 3169 2793 καταθῦσαι
3208 2743 3440 2812 μόσχον·
3485 2745 3650 2815 ἄρτον

1973 2821 2061 2885 δὸς
2101 2821 2376 2886 πεινῶντι,
2409 2823 2620 2892 ἱμάτιον
2652 2823 2865 2895 γυμνῷ,
2903 2825 3114 2896 σκέπην
3148 2827 3225 2898 τῷ
3260 2827 3414 2898 ξένῳ.
3453 2831 3647 2884 Ἴναδέ

1979 2911 2054 2982 μὴ
2103 2911 2276 2964 ταῦτα
2333 2913 2685 2985 προφασίζῃ,
2738 2915 2924 2966 Ἔστιν
2970 2916 3174 2985 οἴκημα
3224 2917 3402 2971 κοινὸν
3441 2918 3504 2971 τὸ
3549 2920 3650 2989 τῆς

1988 2999 2316 3068 Ἐκκλησίας
2336 3017 2350 3032 ·
2392 3001 2511 3054 ἐκεῖ
2543 3001 2840 3065 κατάϐαλε,
2875 3001 2970 3056 καὶ
3003 3004 3067 3056 σὺ
3097 3003 3372 3068 ὑπεδέξω·
3401 3007 3523 3059 ἐπεὶ
3555 3008 3650 3060 καὶ

1973 3087 2082 3140 τῶν
2113 3088 2197 3142 διὰ
2231 3087 2339 3142 τῶν
2362 3089 2591 3142 οἰκετῶν
2619 3089 2920 3161 γινομένων
2947 3092 3149 3154 ἐκεῖνος
3175 3087 3287 3162 εἶχε
3310 3092 3402 3145 τὸν
3436 3093 3646 3163 μισθόν.

1975 3174 2159 3238 Οὕτως
2186 3172 2326 3247 ἦσαν
2349 3176 2775 3247 πεπαιδευμένοι
2791 3178 2887 3231 καὶ
2907 3179 2958 3230 οί
2986 3178 3176 3242 παῖδες
3204 3180 3366 3232 αὑτοῦ
3389 3198 3402 3212 ο
3429 3180 3649 3252 ἔτρεχον

1973 3263 2068 3314 καὶ
2093 3263 2194 3314 οὐκ
2225 3263 2519 3332 ἐγόγγυζον
2548 3264 2800 3335 καθάπερ
2830 3265 2878 3318 οἱ
2917 3264 3178 3335 ἡμέτεροι
3209 3281 3224 3296 ⁸
3257 3267 3510 3331 εὐλαϐεῖς
3540 3269 3651 3340 γάρ

1971 3350 2170 3413 αὐτοὺς
2191 3347 2256 3421 ἦν
2287 3352 2625 3422 πεποιηκώς.
2652 3352 2749 3416 Ei;
2777 3352 3014 3424 πόλεμον
3039 3348 3213 3422 εἷλκε,
3249 3357 3344 3410 καὶ
3370 3360 3470 3412 οὐκ
3497 3359 3653 3426 ἐγόγ-

1972 3437 2166 3506 γυζον·
2216 3438 2392 3502 οὕτως
2447 3435 2587 3509 ἦσαν
2639 3439 2941 3510 φιλόσοφοι.
2999 3441 3226 3496 Πάντων
3278 3444 3389 3516 γάρ
3450 3447 3653 3516 ὁμοίιος

1973 3523 2289 3594 ἐπεμελεῖτο
2307 3524 2494 3596 ὥσπερ
2518 3526 2714 3578 ἐαυτοῦ
2732 3541 2743 3554 ·
2782 3528 3066 3597 μονονουχὶ
3089 3528 3200 3597 γὰρ
3227 3530 3371 3582 κατά
3401 3530 3494 3583 τὸν
3529 3532 3650 3584 Ἰὼϐ

1971 3608 2178 3675 ἔλεγεν,
2212 3610 2293 3661 ὅτι
2333 3610 2578 3677 Ὁμοίως
2605 3610 2997 3679 ἑπλὰσθημεγ
3025 3612 3097 3665 ἐν
3123 3613 3198 3680 τῇ
3221 3613 3378 3680 αὐτῇ
3411 3618 3647 3684 γαστρί.

2043 3696 2232 3748 Τοίνυν
2272 3698 2364 3749 καὶ
2391 3699 2554 3767 ἡμεῖς
2578 3698 2955 3768 φροντίζωμεν
2978 3699 3188 3752 ἑαυτῶν
3218 3702 3318 3770 τῆς
3345 3703 3644 3773 σωτηρίας,

1971 3785 2066 3837 καὶ
2093 3784 2294 3855 πολλὴν
2320 3783 2605 3854 ποιώμεθα
2630 3785 2738 3839 τῶν
2761 3786 2990 3840 οἰκετῶν
3014 3785 3111 3857 τὴν
3135 3788 3476 3856 ἐπιμέλειαν,
3501 3791 3648 3854 ὅπως

1971 3869 2181 3925 ἔσονται
2206 3873 2434 3942 χρηστοὶ
2460 3874 2553 3926 καὶ
2572 3873 2850 3943 ἐπιμελεῖς
2878 3885 2900 3913 ο
2927 3891 2941 3905 ·
2974 3874 3069 3928 καὶ
3093 3874 3235 3928 ἔστω
3261 3877 3354 3929 καὶ
3374 3878 3402 3928 6
3430 3877 3648 3948 οἰκέτης

1971 3960 2128 4030 ἡμῶν
2157 3960 2594 4030 πεπαιδευμένος
2635 3961 2702 4014 τά
2731 3961 2826 4014 τοῦ
2861 3961 3017 4016 Θεοῦ.
3064 3963 3180 4016 Ούκ
3215 3962 3368 4016 ἐσται
3391 3963 3649 4028 δύσκολος

1970 4047 2102 4115 ἡμῖν
2140 4047 2172 4115 ἡ
2215 4046 2383 4116 ἀρετὴ
2425 4045 2630 4110 λοιπὸν,
2660 4047 2755 4101 ἐὰν
2800 4049 3043 4111 ἐκείνους
3075 4049 3455 4120 ῥυθμίσωμεν.
3493 4052 3646 4104 Καθ-

1971 4133 2115 4202 άπερ
2137 4133 2194 4184 ἐν
2228 4132 2447 4202 πολέμῳ
2484 4133 2834 4208 στρατιωτῶν
2861 4134 3032 4188 ὄντων
3057 4135 3360 4199 εὐτάκτων,
3390 4138 3418 4188 6
3449 4152 3648 4206 στρατ-

1971 4219 2100 4289 ηγὸς
2133 4219 2330 4289 ῥᾳδίως
2381 4219 2627 4289 πολεμεῖ,
2671 4219 2981 4274 τούναντίον
3027 4221 3084 4275 δὲ
3128 4222 3362 4290 γίνεται,
3397 4223 3529 4276 ὅταν
3571 4223 3646 4293 μὴ

1973 4305 2132 4358 τοῦτο
2213 4322 2226 4335 ’
2264 4306 2359 4358 καὶ
2391 4305 2604 4358 ναυτῶν
2629 4307 2687 4360 δέ
2725 4307 3114 4377 ὁμονοούντων,
3138 4309 3167 4360 6
3191 4307 3531 4380 κυϐερνήτης
3552 4311 3643 4362 εύ-

1974 4391 2145 4454 κόλως
2175 4393 2300 4455 τοὺς
2333 4393 2525 4456 οἴακας
2575 4394 3038 4466 μεταχειρίζεται·
3074 4393 3219 4448 οὕτω
3248 4397 3340 4448 καὶ
3379 4395 3639 4462 ἐνταῦθα,

1973 4479 2066 4530 ἐὰν
2097 4477 2270 4540 οὕτως
2295 4472 2396 4532 ὦσι
2428 4481 2854 4550 πεπαιδευμένοι
2898 4483 2948 4534 οἱ
2978 4482 3210 4544 οἰκέται,
3259 4485 3322 4536 οὑ
3372 4483 3648 4555 παροξυν-

1972 4564 2112 4637 θὴσῃ
2162 4565 2378 4636 ῥᾳδίως,
2432 4567 2532 4619 οὐκ
2593 4567 2938 4635 ἐγκαλέσεις,
3014 4570 3115 4622 οὐκ
3181 4570 3508 4643 ὀργισθὴσῃ,
3581 4573 3641 4627 οὐ

1971 4652 2322 4723 λοιδορήσεις.
2369 4655 2557 4707 Ἔστιν
2595 4654 2729 4707 ὅπου
2763 4656 2858 4708 καὶ
2888 4657 3203 4730 ἐντραπὴσῃ
3235 4659 3362 4722 τοὺς
3401 4660 3640 4724 οἰκέτας,

1970 4740 2065 4792 ἐάν
2088 4732 2190 4792 ὦσι
2212 4739 2534 4810 θαυμαστοὶ,
2566 4741 2660 4794 καὶ
2691 4743 3170 4813 συναντιλήψονταί
3197 4761 3300 4809 σοι,
3329 4745 3422 4798 καὶ
3449 4763 3643 4815 παραι-

1969 4826 2182 4880 νέσουσι
2209 4825 2279 4878 τά
2304 4827 2536 4896 χρηστά.
2574 4828 2708 4883 Ἀπὸ
2725 4828 2782 4881 δέ
2805 4830 3013 4885 τούτων
3039 4832 3256 4886 πάντων
3288 4832 3466 4886 πάντα
3488 4833 3643 4888 ἔσται

1967 4915 2036 4968 τά
2063 4913 2142 4983 τῷ
2175 4913 2294 4984 Θεῷ
2333 4915 2613 4981 δοκοῦντα,
2655 4917 2746 4970 καὶ
2783 4917 2929 4972 οὕτω
2967 4921 3118 4973 πᾶσα
3151 4923 3185 4990 ἡ
3221 4920 3370 4974 οίκία
3394 4921 3642 4990 εὐλογίας

1969 5001 2409 5072 πληρωθήσεται,
2447 5004 2541 5056 καὶ
2578 5003 2649 5056 τὰ
2697 5003 2778 5074 τῷ
2807 5005 2928 5076 Θεῷ
2968 5007 3271 5080 ἀρέσκοντα
3313 5007 3643 5080 διαπραττό-

1971 5105 2143 5158 μενοι,
2178 5088 2380 5159 πολλῆς
2418 5091 2803 5163 ἀπολαύσομεν
2832 5095 2935 5164 τῆς
2973 5093 3180 5148 ἀνωθεν
3209 5095 3551 5166 συμμαχίας,
3573 5090 3642 5165 ἦς

1967 5176 2175 5244 γένοιτο
2233 5176 2442 5241 πάντας
2493 5180 2640 5249 ἡμᾶς
2687 5181 2995 5250 ἐπιτυχεῖν,
3058 5182 3243 5253 χάριτι
3299 5183 3396 5235 καὶ
3452 5181 3641 5251 φιλαν-

1967 5262 2184 5332 θρωπία
2214 5261 2307 5315 τοῦ
2339 5263 2545 5334 Κυρίου
2580 5265 2736 5335 ἡμῶν
2777 5265 2953 5336 Ἰησοῦ
2998 5267 3268 5337 Χριστοῦ,
3309 5268 3428 5338 μεθ’
3469 5261 3529 5320 οὗ
3558 5267 3640 5336 τῷ

1967 5348 2144 5418 Πατρὶ
2173 5347 2290 5418 ἅμα
2320 5349 2397 5419 τῷ
2431 5351 2574 5420 ἁγίῳ
2610 5352 2882 5422 Πνεύματι
2925 5353 3074 5419 δόξα,
3103 5353 3327 5422 κράνος,
3356 5352 3510 5425 τιμὴ,
3542 5352 3664 5406 νῦν·

1963 5435 2060 5490 καὶ
2087 5437 2194 5501 ἀεὶ,
2228 5439 2323 5492 καὶ
2348 5441 2426 5503 εἰς
2447 5442 2574 5505 τοὺς
2606 5443 2809 5505 αἰῶνας
2837 5442 2948 5496 τῶν
2969 5443 3203 5500 αἰώνων.
3239 5444 3435 5513 Ἀμήν.

2030 5543 2052 5572 ε
2084 5543 2181 5590 Καὶ
2205 5542 2438 5604 ἐπιμελεῖς
2459 5544 2606 5594 deest
2631 5547 2682 5595 In
2714 5544 3022 5606 quibusdam.
