4112 6454
516 456 617 515 321

1334 455 1392 515 ⁸.
1427 453 1715 511 JOANNIS
1748 450 2239 510 CHRYSOSTOMI
2275 451 2597 509 ARCHIEP.
2635 452 3178 512 CONSTANTINUP.

3836 462 3921 517 Si!

624 605 3839 634 ww

1952 709 2104 765 I345]
2139 710 2383 764 ΟΜΙΛΙΑ
2413 711 2541 765 MC."
2549 752 2563 765 .

1952 709 2083 765 ’345
2139 710 2383 764 ΟΜΙΛΙΑ
2413 711 2468 764 Μ
2549 752 2563 765 .

519 811 597 882 Τῇ
619 812 688 866 δέ
706 812 963 879 ἐπιούσῃ
980 810 1169 882 ἡμέρᾳ
1189 809 1378 878 εἰσῄει
1399 811 1433 862 ό
1449 807 1688 882 Παῦλος
1712 805 1835 882 σὺν
1862 744 2005 882 ἡμῖν
2034 709 2185 870 πὶὸς
2286 714 2705 873 τούτουςζηλῶν,
2749 804 2842 857 καὶ
2874 804 2957 858 δτι
2993 802 3281 873 Στοιχεῖς,
3309 802 3607 867 τουτέστιν,
3643 803 3704 855 ὲκ
3736 818 3925 873 περιου-

597 882 894 944 Ἰάκωϐον,
927 873 1150 947 πάντες
1177 896 1239 933 τε
1270 873 1684 948 παρεγένοντο*
1697 877 1751 928 οί
1771 873 2181 948 πρεσϐύτεροι.

1477 944 1746 1014 ἐξηγεῖτο
1782 944 1910 998 καθ’
1944 942 2015 995 ἐν
2049 942 2185 1014 ἔκα-

581 1038 735 1101 στον
765 1016 853 1101 ὼν
891 1012 1184 1101 ἐποίησεν
1215 1022 1248 1073 ό
1281 1012 1426 1084 Θεὸς
1459 1017 1525 1069 έν
1562 1012 1687 1080 τοῖς
1710 1014 1913 1068 έθνεσι
1937 1014 2037 1067 διὰ
2072 1012 2185 1081 τῆς

586 951 696 1007 Καὶ
726 951 1164 1020 ἀσπασάμενος
1190 949 1435 1014 αὐτοὺς,

583 1091 892 1154 διακονίας
916 1091 1124 1144 αὐτοῦ.

584 1204 645 1250 α’.
683 1190 850 1259 Οὗτος
879 1199 908 1249 ὁ
935 1195 1164 1265 ἀδελφὸς
1189 1190 1258 1265 ἦν
1286 1192 1378 1247 τοῦ
1407 1192 1615 1265 κυρίου
1637 1192 1731 1244 καὶ
1762 1190 2058 1265 ὲᾼπίσξοπος
2076 1188 2183 1265 τῷν

523 1266 973 1337 Ἱεροσολύμωνα,
1009 1259 1149 1338 ἀνὴρ
1182 1259 1356 1335 μέγας
1392 1259 1850 1332 καὶθαυμαστός.
1892 1260 2035 1330 Πρὸς
2063 1259 2185 1311 τοῦ·

511 1371 602 1408 τον
631 1354 938 1425 εἰσέρχεται
970 1351 1199 1415 Παῦλος,
1232 1351 1422 1423 ὥσπερ
1450 1350 1544 1403 καὶ
1572 1349 1678 1419 πρὸ
1703 1348 1892 1401 τούτου
1928 1348 2021 1400 καὶ
2047 1346 2183 1415 πρὸς

509 1442 673 1494 αὐτὸν
727 1442 1041 1511 πέμπεταιο
1100 1440 1196 1494 καὶ
1250 1441 1399 1503 ὅπως
1447 1439 1635 1492 ἄκουε.
1697 1436 1781 1506 Τῇ
1807 1436 1876 1490 δὲ
1923 1435 2180 1503 ἐπιούσῃ

510 1528 718 1599 ἡμέρᾳ,
743 1531 928 1599 φησιν.
954 1531 1147 1599 εἰσῄει
1173 1532 1206 1583 ό
1226 1529 1469 1595 Παῦλος
1489 1528 1616 1582 σὺν
1630 1526 1774 1596 ἡμῖν
1796 1526 1945 1594 πρός
1977 1523 2179 1579 Ἰάκω-

509 1619 636 1670 ϐον.
674 1618 814 1687 Ὅρα
837 1617 898 1670 τὸ
927 1617 1149 1685 ἄτυφον.
1177 1614 1408 1681 Πάντες
1436 1631 1501 1669 τε
1532 1612 1935 1682 παρεγένοντο
1958 1614 2013 1666 οί
2038 1625 2179 1680 πρε-

508 1705 803 1772 σϐύτεροι’
825 1704 925 1757 καὶ
946 1702 1381 1772 ἀσπασάμενος
1402 1702 1644 1766 αὐτοὺς,
1676 1699 1944 1770 ἐξηγεῖτο
1965 1700 2095 1754 καθ’
2111 1700 2181 1755 ἐν

506 1790 769 1845 ἕκαστον
797 1784 886 1844 ὧν
915 1790 1206 1857 ἐποίησεν
1233 1792 1266 1842 ό
1296 1789 1441 1855 Θεὸς
1468 1789 1537 1842 έν
1563 1787 1689 1854 τοῖς
1725 1788 1929 1841 ἔθνεσι
1953 1787 2051 1842 διὰ
2071 1786 2175 1855 τῆς

507 1877 817 1943 διακονίας
841 1877 1047 1932 αὑτοῦ.
1077 1877 1247 1930 Πάλιν
1268 1876 1454 1941 αὐτοῖς
1477 1875 1546 1929 τὰ
1565 1876 1671 1929 τῶν
1692 1874 1863 1929 ὲθνῶν
1887 1874 2177 1945 διηγεῖται,

503 1966 565 2019 οὐ
587 1964 898 2032 κενοὼξῶν,
926 1965 999 2036 μὴ
1034 1965 1262 2033 γένοιτο,
1291 1963 1427 2017 ἀλλὰ
1450 1962 1544 2017 τοῦ
1577 1961 1711 2016 Θεοῦ
1743 1962 1911 2016 θέλων
1930 1961 2029 2032 τὴν
2061 1961 2179 2029 φιλ-

502 2051 823 2125 ανθρωπίαν
876 2052 1242 2119 ἐνδείξασθαι,
1282 2053 1378 2107 καὶ
1417 2051 1615 2122 πολλῆς
1655 2051 1854 2114 αὐτοὺς
1899 2049 2178 2120 ἐμπλῆσαι

503 2144 698 2211 χαρᾶς.
744 2141 888 2213 Ὀρα
933 2140 1065 2209 γοῦν
1113 2141 1231 2204 πῶς
1273 2139 1603 2202 ἀκούσαντες
1652 2139 1745 2192 καὶ
1784 2138 2033 2203 ἐδόξαζον
2085 2140 2177 2193 τὸν

504 2230 660 2285 Θεόν.
703 2230 817 2284 Οὐκ
860 2230 1068 2283 ἐκεῖνον
1093 2227 1331 2298 ὲπῄρουν
1371 2227 1490 2280 οὐδὲ
1515 2225 1861 2296 ἐθαύμαζον·
1896 2225 2032 2280 ἀλλὰ
2066 2227 2177 2280 Τὸν

507 2315 659 2370 Θεὸν
684 2312 968 2379 ἐδόξαζον
987 2332 999 2346 ·
1047 2312 1191 2367 οὓτω
1220 2312 1329 2382 γὰρ
1356 2312 1653 2382 διηγήσατο
1683 2311 1758 2374 ὼς
1792 2310 2175 2381 ἀνατιθέμενος

503 2403 671 2473 αὐτῷ.
704 2406 767 2457 Ol
797 2402 867 2456 δὲ
906 2402 1285 2466 ἀκούσαντες
1309 2397 1592 2464 ἐδόξαζον
1626 2400 1733 2451 τὸν
1768 2399 1937 2461 Θεὸν,
1973 2400 2173 2452 είπόν-

503 2508 603 2556 τες
645 2490 839 2556 αὐτῷ·
886 2488 1149 2559 Θεωρεῖς,
1190 2488 1435 2557 ἀδελφέ,
1482 2487 1667 2539 πόσαι
1692 2487 1978 2556 μυριάδες
2015 2486 2176 2541 εἰσιν

513 2578 821 2632 Ἰουδαίων
859 2576 981 2632 τῶν
1014 2574 1534 2629 πεπιστευκότων
1565 2574 1658 2626 καὶ
1685 2574 1886 2637 πάντες
1923 2571 2171 2640 ζηλωταὶ

499 2665 607 2720 τοῦ
643 2665 832 2734 νόμου
879 2662 1243 2732 ὑπάρχουσι.
1290 2658 1739 2727 Κπηχήθησαν
1760 2660 1829 2713 δέ
1866 2661 2001 2729 περὶ
2032 2661 2171 2723 σοῦ,

498 2756 589 2809 ὅτι
622 2753 1007 2809 ἀποστασίαν
1040 2750 1348 2816 διδάσκεις
1390 2748 1510 2804 ἀπὸ
1537 2750 1833 2816 Μωυσέως
1855 2749 1998 2816 τοὺς
2020 2751 2173 2805 κατὰ

495 2843 571 2897 τὰ
600 2842 745 2911 ἔθνη
783 2840 1014 2907 πάντας
1062 2840 1415 2904 Ἰουδαίους,
1445 2837 1640 2907 λέγων
1668 2838 1755 2908 μὴ
1798 2837 2173 2908 περιτέμνειν

494 2928 721 2995 αὐτοὺς
748 2928 822 2982 τὰ
857 2926 1058 2990 τέκνα,
1084 2926 1241 2995 μηδέ
1278 2925 1403 2991 τοῖς
1425 2926 1593 2979 έθεσι
1630 2926 1997 2994 περιπατεῖν.
2027 2925 2171 2996 Ὀρα

495 3017 593 3070 καὶ
621 3016 773 3070 αὐτοὶ⁵
801 3016 918 3084 μεθ’
943 3015 1076 3085 ὅσης
1102 3013 1404 3083 ὑποστολῆς
1423 3013 1451 3053 δ
1483 3031 1664 3082 φασιν.
1705 3015 1820 3083 Οὐχ
1848 3014 1921 3076 ὡς
1950 3014 2172 3067 ἐπίσκο-

497 3120 600 3164 πος
625 3101 960 3164 αὑθεντικῶς
982 3100 1310 3169 διαλέγεται,
1345 3100 1459 3153 ἀλλ’
1483 3100 1648 3154 αὐτὸν
1680 3100 2171 3171 παραλαμϐάνουσι

497 3190 752 3243 κοινωνὸν
792 3188 892 3258 τῆς
930 3187 1156 3258 γνώμης
1180 3204 1197 3221 ~
1251 3186 1441 3259 ὥσπερ
1489 3187 1557 3242 ἂν
1589 3189 1639 3241 εἰ
1683 3187 1887 3251 εὐθέως
1927 3187 2019 3242 καὶ
2064 3189 2171 3243 ἀπὸ

497 3274 798 3346 προοιμίων
842 3272 1297 3345 ἀπολογούμενοι,
1328 3273 1411 3326 ὅτι
1454 3274 1568 3327 Οὐκ
1616 3272 1971 3344 ἐϐουλόμεθα.
2004 3274 2167 3347 Ὁρᾷς

494 3363 592 3416 τοῦ
635 3363 959 3433 πράγματος
1008 3359 1109 3431 τὴν
1159 3361 1430 3431 ἀνάγκην,
1476 3360 1724 3428 Θεωρεῖς
1763 3361 1969 3425 πόσαι,
2012 3364 2168 3434 φησὶ,

488 3449 779 3519 μυριάδες
821 3448 983 3503 εἰσιν
1019 3447 1326 3503 Ἰουδαίων
1357 3446 1477 3503 τῶν
1503 3450 2026 3515 πεπιστευκότων;
2060 3450 2173 3505 Καὶ

492 3539 593 3591 οὐκ
627 3531 802 3601 εἶπον,
856 3537 1034 3602 Πόσας
1087 3536 1351 3609 μυριάδας
1396 3541 1812 3609 κατηχήσαμεν,
1862 3537 1976 3592 ἀλλ’
2009 3539 2167 3593 Είσί.

493 3626 604 3680 Καὶ
642 3622 996 3695 οὗτοι,φησὶ,
1037 3624 1264 3691 πάντες
1300 3623 1553 3693 ζηλωταὶ
1601 3624 1710 3679 τοῦ
1756 3627 1946 3695 νόμου
1975 3625 2168 3694 ὑπάρ-

493 3727 691 3781 χουσι.
721 3710 827 3764 Δύο
866 3711 1059 3775 αἰτίαι,
1106 3710 1286 3765 καὶτὸ
1326 3710 1550 3782 πλῆθος,
1593 3711 1690 3764 καὶ
1717 3711 1751 3781 ἡ
1774 3711 1992 3783 γνώμη.
2028 3711 2168 3766 Οὔτε

492 3800 604 3869 γὰρ
628 3801 677 3852 εί
712 3798 883 3867 ὀλίγοι
925 3794 1089 3868 ἦσαν,
1126 3798 1538 3868 καταφρονῆσαι
1564 3798 1756 3869 ἐχρῆν,
1804 3796 1929 3852 οὔτε
1960 3799 2011 3851 εί
2039 3798 2168 3852 πολ-

493 3886 595 3951 λοὶ,
629 3888 724 3940 καὶ
766 3887 841 3955 μὴ
880 3887 1079 3949 πάντες
1120 3884 1215 3938 τοῦ
1243 3884 1409 3953 νόμου
1437 3885 1767 3955 ἀντείχοντο,
1805 3887 1934 3956 περὶ
1971 3885 2167 3939 πολλοῦ

495 3973 789 4026 ποιεῖσθαι.
835 3970 967 4025 Εἶτα
1010 3972 1104 4025 καὶ
1147 3971 1306 4042 τρίτη
1346 3970 1525 4024 αἰτίαο
1572 3971 1682 4025 Kal
1722 3972 1892 4027 αὐτοὶ
1944 3972 2169 4041 πάντες

493 4060 953 4129 κατηχήθησαν,
994 4060 1151 4130 φησὶ,
1187 4057 1321 4127 περι
1354 4058 1494 4127 σοῦ,
1534 4057 1626 4113 ὅτι
1665 4058 2053 4115 ἀποστασίαν
2083 4062 2169 4116 δι-

490 4148 743 4215 δάσκεις
778 4147 896 4203 ἀπὸ
929 4145 1228 4213 Μωῦσέως
1257 4145 1400 4213 τοὺς
1430 4146 1582 4201 κατὰ
1628 4146 1700 4201 τὰ
1749 4149 1895 4216 ἑθνη
1936 4149 2169 4216 πάντας

504 4234 855 4301 Ἰουδαίους,
883 4234 1077 4306 λέγων
1098 4235 1186 4304 μὴ
1208 4233 1582 4304 περιτέμνειν
1609 4234 1834 4301 αὐτοὺς
1859 4237 1931 4290 τὰ
1958 4236 2163 4301 τέκνα,

486 4325 644 4393 μηδὲ
676 4326 801 4391 τοῖς
847 4326 1014 4379 ἔθεσι
1055 4324 1426 4393 περιπατεῖν.
1472 4325 1587 4379 Οὐκ
1635 4320 1811 4389 εἷπον,
1856 4326 2163 4380 Ἤκουσαν·

490 4413 648 4477 ἀλλὰ,
688 4411 1154 4481 Κατηχήθησαν,
1189 4413 1489 4478 τουτέστιν,
1520 4412 1878 4485 ἐδιδάχθησαν
1915 4415 2008 4467 καὶ
2047 4415 2168 4468 ὲπίο

495 4515 747 4563 στευσαν,
779 4500 869 4552 ὅτι
916 4500 1299 4554 ἀποστασίαν
1334 4499 1455 4554 ἀπὸ
1486 4500 1786 4567 Μωυσέως
1834 4500 2163 4567 διδάσκεις,

494 4588 690 4658 λέγων
728 4588 816 4659 μὴ
857 4589 1232 4660 περιτέμνειν
1262 4590 1585 4657 αὐτοὺς·τὰ
1621 4590 1822 4655 τέκνα,
1848 4591 2005 4661 μηδὲ
2041 4593 2167 4662 τοῖς

492 4677 659 4731 ἔθεσι
702 4677 1067 4747 περιπατεῖν.
1118 4676 1290 4732 Τοῦτο
1342 4677 1533 4745 εἰπὼν,
1578 4679 1827 4748 ἐπήγαγε
1851 4690 1907 4717 α’
1956 4681 2017 4734 Τί
2053 4676 2168 4736 οὖν

490 4766 661 4831 ἐστι;
707 4766 952 4832 Πάντως
979 4765 1077 4819 δεῖ
1115 4764 1351 4834 πλῆθος
1388 4765 1743 4820 συνελθεῖν·
1799 4750 2163 4824 ἀκούσονται

490 4853 624 4920 γὰρ,
657 4852 747 4906 ὅτι
772 4852 1097 4920 ἐλήλυθας.
1140 4854 1319 4908 Τοῦτο
1356 4850 1471 4909 οὗν
1500 4855 1765 4923 ποίησον
1800 4854 1835 4908 ὅ
1860 4871 1962 4910 σοι
1989 4857 2165 4927 λέγο-

486 4957 624 5009 μεν.
664 4937 750 5004 Ὧς
784 4940 1242 5012 συμϐουλεύοντες
1285 4941 1459 4997 ταῦτα
1480 4942 1751 5011 λέγουσιν,
1779 4943 1879 5014 οὐχ
1924 4944 2001 5008 ὡς
2040 4948 2163 5000 επι-

491 5030 796 5095 τάττοντες.
819 5030 994 5084 Είσίν
1022 5030 1169 5100 ἡμῖν
1188 5031 1404 5099 ἄνδρες
1430 5033 1747 5100 τέσσαρες,
1772 5034 1969 5102 εὐχὴν
1992 5035 2166 5104 έχον-

492 5135 592 5185 τες
642 5118 738 5188 ἐφ’
787 5116 1036 5173 ἑαυτῶν.
1090 5120 1344 5185 Τούτους
1379 5118 1530 5191 [546]
1586 5120 1949 5187 παραλαϐὼν
1994 5123 2163 5193 άγνίυ

491 5210 671 5274 σθητι
705 5204 828 5260 σὺν
870 5205 1095 5272 αὐτοῖς,
1148 5205 1249 5259 καί
1295 5205 1655 5274 δαπάνησον
1688 5208 1782 5261 ἐπ’
1812 5209 2037 5276 αὐτοῖς,
2066 5213 2165 5265 ἵνα

492 5292 874 5361 ξυρήσωνται
914 5293 1030 5361 τὴν
1072 5292 1368 5361 κεφαλὴν,
1407 5294 1505 5347 καί
1561 5294 1749 5362 γνῶσι
1792 5296 2037 5362 πάντες.
2074 5298 2165 5351 ὅτι

489 5376 579 5435 ὧν
618 5381 989 5452 κατήχηνται
1023 5381 1159 5450 περὶ
1197 5380 1337 5443 σοῦ,
1366 5379 1547 5433 οὐδέν
1573 5380 1765 5445 ἐστιν,
1812 5384 1974 5437 ἀλλά
2000 5401 2162 5438 στοις

493 5469 620 5537 χεῖς
666 5472 763 5526 καὶ
816 5471 1000 5538 αὐτὸς
1048 5469 1390 5541 φυλάσσων
1442 5468 1550 5521 τὸν
1582 5471 1789 5537 νόμον.
1832 5472 2018 5543 Ἕργῳ
2064 5474 2165 5545 τὴν

492 5558 785 5627 ἀπολογίαν
813 5560 1040 5630 ποιῆσαι
1065 5556 1214 5628 αὐτῷ
1248 5555 1729 5627 συμϐουλεύουσιν,
1758 5558 1817 5611 οὐ
1842 5558 2004 5629 λόγῳ.
2042 5561 2165 5614 Ἵνα

492 5643 892 5711 ξυρήσωνται,
929 5648 1086 5717 φησὶ,
1127 5644 1227 5699 καί
1267 5642 1454 5713 γνῶσι
1506 5645 1749 5710 πάντες,
1780 5644 1868 5699 ὅτι
1900 5641 1989 5699 ὦν
2028 5663 2164 5700 κατα

488 5728 743 5797 ύχηνται
789 5734 923 5803 περὶ
967 5734 1106 5799 σοῦ,
1150 5732 1331 5787 οὐδέν
1369 5733 1557 5786 ἐστιν.
1595 5733 1709 5786 Οὐκ
1747 5731 1917 5798 εἷπον,
1958 5734 2040 5787 ὅτι
2074 5737 2163 5786 Δι-

486 5810 726 5881 δάσκεις,
766 5818 901 5872 ἀλλὰ
944 5818 1347 5887 Κατήχηνται,
1399 5819 1561 5873 πάλιν
1592 5819 1652 5872 τὸ
1692 5818 2048 5889 ἐδιδάχθησαν
2073 5820 2162 5874 διὰ

551 5925 573 5950 ⁵
602 5924 726 5971 Tros
747 5928 909 5983 cudd.,
933 5930 1087 5987 Οὖτοι
1106 5931 1367 5991 ἐπίσκοπος
1375 5928 1439 5991 ,ἦν
1460 5930 1555 5976 τῶν
1586 5929 1947 5991 Ἱεροσολύμων.
2012 5930 2042 5970 1³
2068 5931 2152 5982 C0-

489 5980 584 6047 ΰιιι
611 5998 753 6037 unus,
770 5980 949 6047 guarb‘r
959 5998 1030 6047 ῆς.

1099 5993 1121 6026 (
1155 5990 1442 6049 Ηεᾳωῦτο
1482 5991 1626 6039 εἰπὼν
1655 5990 1879 6053 ἐπήγαγε,
1909 5992 2089 6043 desunt
2108 5994 2157 6043 in

492 6044 671 6092 eodem
693 6045 798 6092 cod.

2286 886 2407 953 σίας
2435 892 2529 943 καὶ
2564 892 2728 955 αὐτὸς
2762 890 3070 961 φυλάττεις.
3102 892 3178 945 Οὐ
3212 891 3320 962 γὰρ
3340 891 3405 960 δὴ
3433 890 3591 944 τοῦτο
3617 891 3776 961 μόνον
3794 887 3855 962 ἦν
3882 895 3928 947 τὸ

2287 976 2738 1047 σπουδαζόμενον,
2769 980 2817 1031 εί
2844 978 2919 1049 μὴ
2950 978 3169 1049 ἑτέρους
3191 977 3453 1042 διδάσκει,
3485 976 3597 1030 ἀλλ’
3626 978 3706 1031 ὅτι
3736 981 3823 1032 καὶ
3846 981 3927 1032 αὒ-

2283 1064 2376 1126 τδς
2405 1068 2581 1137 τηρεῖ.
2612 1050 2676 1119 Τί
2700 1061 2812 1131 οῦν,
2836 1064 2900 1118 ἂν
2927 1065 2997 1118 τὰ
3021 1064 3147 1134 έθνη
3175 1065 3440 1135 μάθωσιν,
3470 1065 3533 1118 οὐ
3560 1064 3929 1135 σκανδαλισθή-

2287 1169 2491 1217 σονται,
2532 1153 2691 1224 φησί;
2716 1153 2871 1220 Πῶς;
2913 1155 3048 1207 ὅπου
3084 1154 3178 1207 καὶ
3228 1156 3387 1224 ἡμεῖς
3425 1155 3475 1206 οἱ
3522 1153 3630 1206 τῶν
3682 1155 3927 1208 Ἰουδαίων

2283 1242 2591 1298 διδάσκαλοι
2614 1242 2942 1313 ἐπέμψαμεν
2971 1242 3108 1314 πρὸς
3132 1242 3348 1306 αὐτούς.
3382 1243 3520 1310 Περὶ
3545 1242 3613 1296 δὲ
3639 1241 3762 1296 τῶν
3782 1259 3927 1298 πεπι-

2283 1331 2627 1384 στευκότων
2667 1329 2859 1385 ἐθνῶν
2906 1329 3078 1399 ήμεῖς
3126 1330 3577 1399 ἐπεστείλαμεν,
3638 1331 3928 1398 κρίναντες

2277 1416 2473 1485 μηδὲν
2500 1415 2773 1471 τοιοῦτον
2811 1416 3015 1483 τηρεῖν
3048 1417 3290 1483 αὐτοὺς,
3324 1418 3377 1469 ει
3396 1416 3482 1486 μὴ
3524 1417 3928 1485 φυλάσσεσθαι

2282 1503 2505 1570 αὐτοὺς
2547 1502 2613 1557 τὸ
2655 1503 3051 1558 εἰδωλόθυτον
3075 1504 3175 1557 καί
3201 1503 3267 1557 τὸ
3300 1498 3442 1573 αἷμα
3472 1502 3569 1558 καὶ
3605 1504 3670 1556 τὸ
3698 1504 3929 1557 πνικτὸν

2282 1592 2379 1645 καὶ
2400 1593 2705 1659 πορνείαν.
2735 1590 3002 1645 Ἐνταῦθα
3026 1592 3414 1663 ὲντρεπτικῶς.
3438 1594 3503 1645 "O
3523 1592 3580 1646 δὲ
3600 1592 3773 1661 λέγει,
3795 1591 3928 1645 τοῦτό

2281 1681 2453 1733 ἐστιν·
2506 1680 2713 1751 ’Ὠσπερ
2758 1680 2921 1747 ἡμεῖς
2966 1679 3195 1742 ἐκείνοις
3246 1678 3610 1749 ἐπετάξαμεν,
3661 1680 3833 1732 καίτοι
3875 1696 3929 1745 γε

2294 1768 2567 1833 Ἰουδαίοις
2613 1768 2994 1838 κηρύττοντες,
3029 1766 3171 1821 οὕτω
3207 1768 3300 1820 καὶ
3326 1767 3412 1831 σὺ,
3438 1767 3614 1821 καίτοι
3644 1767 3819 1821 ἔθνεσι
3845 1786 3930 1838 κη-

2284 1855 2513 1926 ρύττων,
2553 1853 2870 1926 σύμπραξον
2915 1857 3066 1926 ἡμῖν.
3107 1856 3248 1926 Ὅρα
3274 1855 3364 1909 τὸν
3396 1855 3610 1909 Παῦλον
3633 1874 3645 1883 ·
3686 1858 3751 1910 οὐ
3778 1857 3928 1925 λέγει,

2285 1944 2393 1997 Καὶ
2427 1943 2533 2015 μὴν
2564 1943 2798 2015 δύναμαι
2830 1942 3095 2014 Τιμόθεον
3126 1946 3493 2016 παραγαγεῖν,
3514 1944 3573 1997 δν
3601 1944 3926 2016 περιέτεμον·

2284 2031 2377 2083 καὶ⁸
2405 2029 2511 2102 μὴν
2536 2030 2769 2101 δύναμαι
2796 2033 2980 2084 πεῖσαι
3010 2028 3090 2100 τῷ
3110 2030 3257 2102 λόγῳ
3275 2044 3291 2061 ⁸
3332 2031 3449 2085 ἀλλ’
3483 2032 3713 2103 ἐπείσθη
3743 2034 3929 2094 αὐτοῖς,

2278 2119 2372 2171 καὶ
2395 2117 2573 2171 πάντα
2597 2118 2821 2189 ἐποίησε
2842 2135 2855 2148 ·
2884 2117 3111 2189 καὶγὰρ
3130 2118 3275 2172 οὕτω
3304 2118 3619 2191 συνέφερεν.
3647 2120 3720 2173 Οὐ
3747 2121 3848 2191 γὰρ
3872 2116 3931 2188 ἦν

2281 2206 2393 2257 ίσον
2412 2206 2492 2269 είς
2511 2205 3189 2275 ἀπολογίαν’καταστῆναι,
3216 2205 3309 2258 καὶ
3329 2205 3545 2269 οὐδενὸς
3565 2206 3766 2271 εἰδότος
3789 2210 3929 2274 ποιῆ-

2278 2309 2365 2346 σαι
2422 2291 2614 2348 ταῦτα.
2670 2291 3004 2347 ’Δνύποπτον
3051 2288 3119 2373 ἦν
3163 2293 3225 2346 τὸ
3264 2293 3359 2346 καὶ
3389 2292 3755 2351 δαπανᾶσθαι.
3802 2295 3930 2349 Τότε

2275 2382 2637 2450 παραλαϐὼν
2664 2385 2697 2436 ό
2716 2381 2958 2449 Παῦλος
2983 2381 3125 2449 τοὺς
3152 2382 3396 2450 ἄνδρας,
3437 2384 3533 2437 καί
3573 2381 3649 2453 τῇ
3687 2383 3930 2453 ἐχομένη

2276 2468 2465 2538 ἡμέρᾳ
2482 2469 2607 2523 σὺν
2621 2468 2821 2535 αὐτοῖς
2849 2470 3157 2538 ἁγνισθεὶς
3177 2470 3369 2539 εἰσῄει
3391 2472 3475 2535 εις
3494 2470 3560 2524 τὸ
3580 2472 3759 2536 ἱερὸν,
3783 2470 3932 2539 διαγ-

2275 2556 2508 2626 γέλλων
2530 2555 2646 2625 τὴν
2667 2555 3054 2625 ἐκπλήρωσιν
3083 2555 3201 2610 τῶν
3222 2556 3460 2627 ἡμερῶν
3483 2556 3587 2611 τοῦ
3622 2558 3931 2627 ἁγνισμοῦ.

2272 2646 2384 2711 ἕως
2422 2642 2496 2701 οὗ
2539 2645 2928 2713 προσηνέχθη
2968 2645 3121 2721 ὑπὲρ
3171 2646 3307 2712 ἑνὸς
3353 2644 3613 2699 ἑκάστου
3662 2644 3858 2698 αὐτῶν
3898 2646 3931 2710 ἡ

2274 2733 2610 2802 προσφορά.
2640 2732 3034 2802 Διαγγέλλων,
3062 2732 3328 2797 τουτέστι,
3359 2732 3742 2802 καταγγέλλων
3769 2754 3774 2759 ί
3804 2732 3930 2785 ὥστε

2273 2822 2435 2885 αὐτὸς
2455 2817 2522 2893 ἦν
2546 2824 2574 2875 ό
2597 2821 2753 2890 δῆλον
2784 2820 2975 2875 ἑαυτὸν
2998 2819 3186 2875 ποιῶν.
3227 2820 3325 2887 Ὧς
3344 2819 3412 2874 δὲ
3428 2820 3688 2890 ἔμελλον
3708 2825 3769 2875 ιιι
3795 2820 3931 2875 έπτά
3954 2862 3959 2869 .

2273 2911 2484 2979 ἡμέραι
2510 2909 2958 2965 συντελεῖσθαι.

2346 2996 2561 3067 β¹.“¹ορα
2578 2996 2692 3060 πῶς
2717 2996 2953 3066 μάλιστα
2974 2997 3037 3067 δὴ
3054 2998 3237 3061 αὐτοῖς
3259 2996 3583 3069 ἐγχρονίζει.
3607 3000 3670 3050 Οί
3692 2998 3811 3052 ἀπὸ
3833 2996 3931 3063 τῆς

2285 3083 2493 3147 Ἀσίας
2507 3084 2790 3147 Ἰουδαῖοι,
2817 3083 3177 3153 θεασάμενοι
3206 3084 3391 3138 αὐτὸν
3410 3086 3480 3137 ἐν
3508 3084 3587 3150 τῷ
3616 3084 3770 3155 ίερῷ,
3798 3102 3931 3139 συν-

2270 3170 2446 3238 έχεον
2472 3170 2667 3223 πάντα
2690 3170 2795 3224 τὸν
2818 3170 3024 3241 ὄχλον,
3057 3171 3155 3224 καὶ
3176 3169 3474 3226 ἐπέϐαλον
3503 3172 3597 3226 ἐπ’
3623 3173 3811 3226 αὑτὸν
3838 3172 3930 3234 τὰς

2272 3256 2493 3326 χεῖρας,
2530 3256 2869 3325 κράζοντες·
2918 3257 3159 3328 Ἄνδρες
3209 3258 3593 3326 Ἰσραηλῖται,
3628 3259 3924 3325 ,ϐοηθεῖτε-

2272 3341 2451 3413 οὗτός
2477 3348 2648 3401 ἐστιν
2690 3351 2723 3402 ό
2768 3347 3081 3416 ἅνθρωπος
3114 3352 3147 3403 ό
3190 3348 3339 3403 κατὰ
3368 3350 3475 3404 τοῦ
3502 3352 3658 3405 λαοῦ
3696 3353 3796 3406 καὶ
3832 3348 3922 3403 τοῦ

2270 3433 2459 3502 νόμου
2505 3434 2603 3487 καί
2638 3434 2744 3489 τοῦ
2790 3437 2975 3489 τόπου
3000 3436 3214 3489 τούτου
3251 3434 3485 3503 πάντας
3512 3438 3821 3509 πανταχοῦ
3852 3436 3929 3490 δι-

2270 3520 2545 3575 δάσκωνο
2596 3523 2683 3577 ἑτι
2715 3539 2779 3577 τε
2810 3522 2910 3576 καί
2946 3522 3259 3590 Ἕλληνας
3288 3523 3613 3595 εισήγαγεν
3654 3528 3742 3592 εις
3772 3526 3834 3580 τὸ
3864 3528 3931 3579 ιε-

2261 3608 2399 3674 ρὸν,
2428 3610 2524 3663 καὶ
2560 3610 2879 3664 κεκοίνωκε
2911 3610 3019 3664 τὸν
3042 3611 3214 3681 ἅγιον
3241 3612 3429 3665 τόπον
3452 3613 3685 3668 τοῦτον.
3716 3614 3854 3685 Ὅρα
3876 3612 3931 3665 τὸ

2269 3689 2403 3765 ἦθος
2442 3695 2620 3749 αὐτῶν
2662 3695 2937 3767 πανταχοῦ
2970 3697 3304 3767 ταραχῶδες,
3344 3700 3440 3753 καὶ
3470 3700 3656 3764 ἁπλῶς
3696 3700 3932 3771 βοώντων

2270 3784 2329 3835 ἐν
2376 3782 2455 3853 τῷ
2505 3782 2673 3853 μέσῳ.
2725 3779 2920 3839 Ἦσαν
2970 3786 3081 3853 γὰρ
3130 3786 3456 3853 ἑωρακότες
3498 3790 3790 3857 Τρόφιμον
3838 3789 3935 3842 τὸν

2282 3867 2562 3938 Ἐφέσιον
2589 3870 2658 3923 ὲν
2683 3868 2759 3938 τῇ
2790 3872 2963 3925 πόλει
3003 3871 3124 3925 σὺν
3145 3871 3325 3939 αὐτῷ,
3348 3873 3422 3927 δν
3446 3874 3715 3944 ἐνόμιζον
3739 3876 3827 3929 ὅτι
3856 3879 3936 3939 είς

2269 3957 2336 4010 τὸ
2368 3956 2531 4025 ίερὸν
2557 3955 2882 4026 εισήγαγεν
2915 3961 2948 4011 ό
2986 3958 3248 4025 Παῦλος.
3289 3960 3570 4030 Ἐκινήθη
3598 3979 3661 4016 τε
3691 3965 3729 4031 ἡ
3764 3966 3937 4029 πόλις

2269 4044 2404 4111 ὅλη,
2434 4044 2530 4098 καὶ
2554 4044 2790 4113 ἐγένετο
2821 4045 3133 4115 συνδρομὴ
3174 4046 3282 4101 τοῦ
3303 4047 3456 4103 λαοῦ
3478 4064 3491 4077 °
3532 4050 3629 4103 καί
3662 4051 3939 4104 ἐπιλαϐό-

2262 4150 2433 4202 μενοι
2492 4134 2598 4187 τοῦ
2638 4134 2903 4197 Παύλου,
2965 4129 3170 4189 εἷλκον
3201 4135 3387 4189 αὐτὸν
3438 4136 3553 4199 ἔξω
3599 4137 3703 4190 τοῦ
3735 4138 3935 4205 ίεροῦ’

2269 4219 2367 4273 καί
2404 4218 2625 4285 εὐθέως
2653 4220 3063 4288 ἐκλείσθησαν
3110 4224 3169 4275 al
3198 4224 3388 4291 θύραι.
3422 4222 3657 4291 Ἄνδρες
3703 4225 3942 4293 Ἰσραηο

2266 4307 2444 4373 λῖται,
2477 4307 2779 4378 βοηθεῖτε,
2815 4309 3000 4380 φησίν.
3036 4306 3227 4377 Οὗτός
3272 4310 3442 4365 ἐστιν
3473 4315 3505 4365 ό
3543 4310 3857 4380 ἅνθρωπος
3908 4316 3940 4366 ό

2267 4396 2419 4451 κατὰ
2466 4396 2572 4451 τοῦ
2620 4396 2775 4453 λαοῦ
2807 4399 2907 4453 καὶ
2944 4397 3052 4453 τοῦ
3102 4399 3288 4469 νόμου
3317 4399 3414 4453 καὶ
3446 4399 3553 4454 τοῦ
3591 4400 3778 4456 τόπου
3807 4402 3940 4455 τού-

2266 4502 2393 4539 του.
2432 4486 2499 4537 Ἀ
2553 4485 2788 4555 μάλιστα
2815 4485 3013 4549 αὐτοὺς
3055 4485 3303 4557 ἐθορύϐει
3332 4488 3361 4539 ὁ
3388 4489 3517 4550 ναὸς
3548 4489 3640 4542 καὶ
3672 4490 3702 4541 ὁ
3750 4489 3935 4559 νόμος,

2265 4569 2439 4624 ταῦτα
2464 4570 2799 4642 προφέρουσι
2821 4572 3041 4624 ἐκεῖνοι.
3060 4573 3168 4625 Καὶ
3190 4570 3341 4626 οὐδὲν
3365 4571 3654 4627 ἐνεκάλεσε
3675 4576 3787 4637 τοῖς
3809 4577 3939 4627 ἀπο·

2267 4657 2473 4721 στόλοις
2495 4660 2524 4711 ὁ
2555 4656 2766 4722 Παῦλος
2788 4657 2979 4712 παθὼν
3004 4658 3181 4712 καίτοι
3204 4658 3465 4723 τοσαῦτα,
3498 4660 3576 4713 ὅτι
3603 4661 3753 4713 αὐτοὶ
3775 4661 3936 4714 αἴτιοι

2266 4743 2471 4800 τούτων
2527 4744 2814 4813 γεγόνασιν
2845 4745 3022 4815 αὐτῷ’
3079 4744 3250 4810 οὕτως
3278 4741 3346 4815 ἦν
3390 4746 3783 4817 μεγαλόψυχος.
3833 4747 3937 4801 Καὶ

2266 4830 2473 4887 εἷλκον
2491 4833 2697 4896 αὐτὸν,
2733 4835 2915 4905 φησὶν,
2934 4833 3049 4898 ἔξω
3071 4834 3176 4887 τοῦ
3207 4833 3387 4902 ἱεροῦ·
3413 4835 3511 4889 καὶ
3526 4836 3938 4902 ἐκλείσθησαν

2263 4923 2324 4974 αἱ
2355 4921 2545 4990 θύραι.
2586 4919 2898 4974 Ἐϐούλοντο
2945 4921 3053 4991 γὰρ
3082 4922 3243 4975 αὐτὸν
3290 4922 3501 4975 ἀνελεῖν
3530 4921 3679 4996 [547]
3708 4923 3806 4976 καὶ
3852 4920 3938 4976 διὰ

2263 5006 2421 5060 τοῦτο
2447 5007 2552 5072 ἔξω
2583 5001 2785 5073 εἷλκον,
2810 5008 2949 5063 ὥστε
2981 5010 3119 5080 μετὰ
3152 5008 3395 5074 πλείονος
3422 5010 3605 5074 ἁδείας
3633 5008 3794 5064 τοῦτο
3822 5028 3939 5063 ποι-

2262 5092 2413 5163 ῆσαι.
2458 5095 2809 5161 Ζητούντων
2839 5094 2908 5148 δὲ
2930 5095 3118 5149 αὐτὸν
3139 5096 3508 5161 ἀποκτεῖναι,
3539 5097 3725 5165 ἀνέϐη
3750 5097 3939 5167 φάσις

2263 5182 2343 5249 τῷ
2366 5182 2652 5254 χιλιάρχῳ
2679 5182 2786 5252 τῆς
2807 5185 3080 5254 σπείρας,
3103 5184 3190 5238 ὅτι
3214 5186 3325 5255 ὅλη
3348 5187 3717 5259 συγκέχυται
3730 5190 3938 5257 Ἰερου-

2264 5270 2503 5339 σαλήμ·
2572 5271 2639 5337 ὃς
2690 5272 2951 5341 ἐξαυτῆς
3009 5275 3371 5343 παραλαϐὼν
3424 5275 3790 5345 στρατιώτας
3842 5276 3940 5331 καὶ

2262 5358 2760 5428 ἑκατοντάρχους,
2786 5360 3153 5430 κατέδραμεν
3180 5363 3273 5415 ἐπ’
3306 5365 3547 5430 αὐτούς.
3582 5368 3645 5419 Oi
3674 5364 3743 5418 δέ
3778 5365 3939 5418 ιδόν·

2262 5460 2360 5506 τες
2386 5441 2494 5494 τὸν
2526 5444 2847 5510 χιλίαρχον
2869 5444 2965 5496 καὶ
2996 5444 3139 5510 τοὺς
3170 5446 3556 5514 στρατιώτας,
3587 5449 3939 5502 ἐπαύσαντο

2262 5532 2589 5595 τύπτοντες
2622 5530 2731 5583 τὸν
2785 5530 3051 5587 Παῦλον.
3112 5534 3248 5587 Τότε
3267 5533 3513 5604 ἐγγίσας
3543 5538 3577 5589 ό
3598 5538 3937 5605 χιλίαρχος.

2262 5616 2585 5669 ἐπελάϐετο
2648 5618 2855 5678 αὐτοῦ.
2895 5620 2989 5672 καὶ
3027 5620 3127 5673 ἐκέ
3147 5625 3318 5675 ῑευσε
3371 5621 3614 5690 δεθῆναι
3673 5624 3938 5677 ἁλύσεσι

2262 5698 2406 5752 δυσί
2426 5716 2439 5730 ·
2488 5702 2585 5753 καὶ
2617 5701 3005 5766 ἐπυνθάνετο,
3031 5704 3120 5766 τίς
3139 5703 3217 5758 ἂν
3233 5706 3325 5773 εἴη
3354 5706 3453 5759 καί
3481 5707 3537 5759 τί
3572 5708 3703 5761 έστι
3725 5721 3937 5761 πεποι-

2261 5785 2440 5853 ηκώς.
2469 5788 2669 5840 Ἄλλοι
2698 5788 2766 5840 δὲ
2800 5789 2963 5843 ἄλλα
2995 5790 3181 5845 ἐϐόων
3216 5791 3287 5844 ἐν
3312 5792 3393 5858 τῷ
3421 5793 3602 5861 ὄχλῳ.
3645 5796 3755 5847 Καὶ
3789 5796 3936 5856 τίνος

2261 5872 2445 5925 ἕνεκεν
2478 5874 2684 5942 μέλλων
2738 5876 2899 5928 αὑτὸν
2936 5877 3230 5943 ἐξετάζειν,
3268 5881 3523 5934 ἐκέλευσε
3556 5881 3773 5952 δεθῆναι
3808 5883 3930 5935 ἁλύ-

2263 5977 2379 6012 σεσι
2426 5960 2578 6024 δυσίς
2649 5961 3148 6033 Παραμυθούμενος
3209 5967 3299 6020 τὸν
3349 5968 3520 6033 θυμὸν
3586 5970 3677 6023 τοῦ
3734 5969 3933 6038 δήμου.

2259 6045 2357 6117 Ui;
2385 6045 2719 6116 δυνάμενος
2753 6051 2821 6104 δὲ
2851 6049 3067 6120 γνῶναι
3096 6055 3159 6109 τὸ
3193 6054 3468 6126 ἀσφαλές
3499 6057 3595 6111 διὰ
3630 6057 3735 6111 τὸν
3758 6058 3940 6127 θόρυ-
