4112 6458
310 513 412 572 321

314 629 881 657 δίεισι-σι’..-

313 825 440 881 Cu.
501 822 596 877 2|.
636 835 693 874 ν.
739 818 826 874 18.
875 816 1117 885 Sequenti
1142 825 1312 870 autem
1355 815 1438 869 die
1487 814 1729 868 introibat
1759 812 1901 866 Pau-

381 919 463 970 lus
517 913 780 968 nobiscum
808 911 875 963 ad
899 909 1178 974 Jacobum,
1208 923 1476 977 omnesque
1505 905 1779 976 presbyteri
1808 905 1900 957 ad-
1923 944 1934 954 .

380 1015 544 1060 erant.
573 1003 660 1059 19.
683 1002 823 1070 Quos
849 1016 962 1053 cum
982 1001 1270 1063 salutasset,
1297 999 1534 1051 narrabat
1561 1013 1648 1064 per
1672 993 1896 1064 singula,

382 1113 495 1164 qua
524 1095 663 1149 Deus
685 1096 880 1164 fecisset
903 1091 953 1144 in
975 1088 1205 1161 gentibus
1233 1106 1322 1158 per
1347 1089 1684 1142 ministerium
1713 1087 1897 1156 ipsius.

387 1192 439 1244 l.
481 1188 576 1242 ilic
615 1185 780 1239 frater
817 1191 933 1238 erat
974 1181 1182 1235 Domini
1210 1189 1264 1234 et
1290 1179 1574 1248 episcopus
1615 1176 1891 1248 Jerusoly-

312 1294 553 1343 morum,
583 1275 665 1329 vir
693 1287 917 1344 magnus
937 1280 992 1326 et
1011 1269 1292 1325 mirabilis.
1323 1267 1405 1323 Ad
1434 1267 1578 1323 hunc
1604 1267 1900 1337 ingreditur

315 1370 526 1434 Paulus,
555 1369 692 1422 sicut
718 1375 769 1419 et
795 1376 918 1418 ante
939 1362 1100 1418 etiam
1129 1361 1194 1415 ad
1218 1361 1370 1415 illum
1394 1359 1623 1414 mittitur
1649 1376 1661 1412 :
1688 1369 1739 1412 et
1765 1373 1900 1427 quo-

313 1461 508 1525 modo,
552 1459 695 1514 audi.
738 1456 980 1523 Sequenti
1023 1463 1189 1508 autem
1233 1453 1354 1518 die,
1405 1452 1616 1522 inquit,
1662 1450 1898 1504 introibat

323 1555 522 1607 Paulus
553 1552 806 1605 nobiscum
838 1548 904 1601 ad
926 1547 1197 1601 Iacobum.
1240 1545 1370 1600 Vide
1400 1559 1558 1615 quam
1592 1544 1662 1597 sit
1691 1558 1718 1595 a
1762 1542 1894 1595 lastu

309 1646 542 1699 alienus.
586 1641 864 1710 Omnesque
894 1639 1170 1709 presbyteri
1200 1638 1434 1690 aderant.
1484 1635 1623 1702 Quos
1667 1651 1779 1686 cum
1809 1649 1892 1685 sa-

315 1736 547 1797 lutasset,
594 1731 824 1785 narrabat
881 1747 972 1801 per
1011 1729 1246 1799 singula,
1277 1743 1389 1798 qua
1434 1730 1617 1797 fecerat
1659 1723 1796 1778 Deus
1843 1724 1895 1777 in

311 1824 547 1897 gentibus
585 1839 675 1892 per
712 1821 1046 1875 ministerium
1088 1819 1269 1888 ipsius.
1314 1819 1508 1872 lterqu
1552 1816 1656 1870 illis
1683 1830 1803 1884 qum
1829 1813 1895 1868 ad

309 1926 499 1986 gentes
525 1913 834 1984 spectabant
859 1919 1072 1966 enarrat
1097 1951 1112 1977 ,
1145 1926 1253 1965 non
1282 1925 1432 1963 van:e
1463 1908 1646 1977 gloriae
1675 1906 1852 1961 studio
1877 1947 1893 1972 ,

309 2007 484 2071 absit;
518 2005 610 2060 sed
655 2015 713 2059 ut
755 2003 848 2059 Dei
877 2003 1216 2058 clementiam
1245 2000 1594 2065 ostenderet,
1637 2007 1692 2052 et
1729 1997 1894 2052 multa

308 2097 456 2166 ipsos
484 2096 733 2166 impleret
763 2093 965 2148 laetitia.
1010 2092 1142 2148 Vide
1168 2107 1297 2163 ergo
1322 2090 1595 2162 quonme
1613 2089 1896 2144 audientes

309 2193 477 2248 Deum
509 2191 889 2263 gloriﬁcarent.
929 2187 1042 2243 Non
1073 2187 1222 2241 illum
1249 2192 1560 2241 extulerunt
1600 2185 1684 2238 vel
1714 2181 1893 2237 mirati

307 2293 432 2338 sunt
453 2327 468 2350 ,
501 2283 594 2338 sed
630 2281 787 2335 Deum
813 2279 1163 2352 glori/icabant
1190 2294 1208 2332 :
1242 2279 1310 2331 ita
1341 2291 1482 2332 emm
1517 2275 1808 2338 narrabat,
1839 2281 1895 2326 ut

307 2379 382 2432 illi
414 2394 525 2431 rem
549 2375 898 2429 adscriberet.
930 2373 1018 2429 20.
1053 2373 1118 2425 At
1147 2372 1223 2425 illi
1246 2388 1358 2424 cum
1385 2370 1664 2434 audissent,
1695 2366 1893 2438 magni-

307 2470 531 2534 ]icubant
549 2465 734 2528 Deum,
759 2466 1092 2531 dixeruntque
1115 2463 1159 2516 ei
1184 2478 1201 2515 :
1232 2461 1405 2526 Vides,
1430 2462 1613 2529 frater,
1640 2468 1759 2528 quot
1779 2465 1894 2510 sunt

306 2559 468 2612 millia
499 2559 551 2611 in
579 2557 793 2618 Iudaeis,
825 2557 914 2626 qui
941 2555 1301 2617 crediderunt;
1344 2563 1391 2607 et
1421 2569 1592 2606 omnes
1621 2551 1892 2605 tetrtulato-

305 2669 386 2704 res
399 2661 514 2703 sunt
540 2649 680 2720 legis.
715 2648 994 2702 Audierant
1021 2655 1185 2700 autem
1209 2645 1271 2698 de
1296 2653 1362 2711 te,
1393 2645 1512 2714 quia
1536 2643 1891 2696 discessionem

305 2744 488 2796 doceas
514 2761 545 2796 a
575 2741 754 2811 Moyse
782 2758 886 2808 eos,
917 2742 1001 2806 qui
1030 2742 1160 2792 inter
1188 2747 1358 2808 gentes
1384 2746 1500 2790 sunt
1526 2777 1541 2796 ,
1583 2751 1755 2788 omnes
1793 2732 1894 2786 Ju-

304 2836 442 2888 dwos
463 2875 478 2895 ,
520 2833 690 2888 dicens
717 2850 799 2887 eos
829 2849 929 2886 non
961 2831 1137 2884 debere
1163 2829 1522 2885 circumcidere
1554 2829 1689 2896 ﬁlios
1730 2844 1850 2882 suos
1874 2866 1889 2890 ,

305 2942 464 2996 neque
493 2925 570 2978 his
596 2922 1040 2978 consuetudinibus
1071 2922 1325 2976 incedere.
1364 2917 1503 2974 Vide
1543 2935 1663 2974 cum
1695 2928 1890 2989 quanta

309 3027 360 3073 et
403 3016 454 3070 hi
484 3015 743 3070 modestia
773 3015 1080 3085 loquantur.
1122 3013 1238 3068 Non
1272 3013 1422 3084 quasi
1453 3013 1737 3082 episcopus
1767 3028 1890 3066 cum

305 3109 626 3164 auctoritate
659 3108 918 3177 loquitur,
947 3106 1042 3162 sed
1070 3106 1218 3160 illum
1251 3107 1302 3160 in
1331 3105 1538 3159 consilii
1569 3105 1774 3159 socium
1802 3121 1891 3158 as-

304 3210 544 3262 sumunt;
570 3215 630 3254 ac
655 3201 697 3255 si
725 3185 902 3254 statim
932 3207 984 3254 et
1009 3198 1076 3252 ab
1107 3199 1259 3253 initio
1289 3199 1551 3252 rationem
1582 3197 1890 3258 redderent,

305 3294 649 3362 dicerentque
677 3309 690 3344 :
722 3290 839 3346 Non
868 3291 1142 3345 vellemus.
1177 3290 1337 3344 Vides
1371 3290 1446 3344 rei
1477 3288 1893 3344 necessitatem?

318 3382 490 3447 Vides,
511 3383 774 3453 inquiunt,
793 3390 911 3452 quot
939 3382 1039 3435 sint
1067 3382 1229 3436 millia
1257 3383 1310 3435 in
1334 3380 1368 3433 .1
1375 3381 1532 3435 udaris
1556 3381 1640 3449 qui
1668 3381 1894 3434 credide-

312 3475 457 3528 runt?
476 3473 583 3530 Nec
603 3474 807 3528 dicunt.
830 3473 970 3540 Quot
991 3473 1154 3527 millia
1178 3473 1583 3537 instituerimus,
1611 3472 1704 3527 sed
1734 3473 1886 3526 Sunt.

310 3565 378 3620 Et
405 3567 456 3619 hi
481 3605 499 3631 ,
550 3566 792 3635 inquiunt
815 3605 830 3630 ,
859 3581 1032 3620 omnes
1060 3565 1377 3618 wmulatores
1405 3572 1522 3616 sunt
1570 3562 1714 3634 legis.
1766 3565 1890 3617 Duae

307 3671 483 3712 causze
504 3665 647 3722 sunt,
677 3664 732 3712 et
754 3654 1032 3709 multitudo
1057 3664 1111 3709 et
1137 3654 1488 3724 propositum.
1519 3652 1702 3722 Neque
1723 3654 1890 3719 enim,

309 3749 354 3801 si
387 3747 534 3815 pauci
561 3745 805 3811 fuissent,
836 3745 1212 3801 contemnendi
1243 3755 1417 3808 erant;
1446 3760 1617 3814 neque
1645 3745 1688 3796 si
1714 3744 1889 3811 multi,

311 3847 364 3892 et
389 3853 492 3892 non
520 3851 706 3892 omnes
740 3836 912 3906 legem
939 3835 1287 3891 retinuissent
1309 3876 1324 3902 ,
1354 3850 1673 3905 magnOpere
1701 3850 1897 3889 curan-

312 3929 438 3983 dum
464 3937 597 3984 erat.
640 3927 858 3983 Accedit
885 3935 941 3982 et
970 3926 1124 3981 tertia
1154 3941 1313 3981 causa
1363 3945 1376 3980 :
1433 3945 1452 3977 ί
1505 3927 1566 3980 Et
1610 3927 1662 3980 hi
1706 3941 1895 3981 onrnes

313 4019 486 4076 edocti
511 4027 639 4074 sunt
664 4019 731 4075 de
762 4028 815 4074 te
839 4060 854 4085 ,
885 4018 1092 4088 inquit,
1120 4017 1261 4088 quod
1288 4017 1670 4071 discessionem
1701 4017 1896 4074 doceas

312 4129 341 4168 a
373 4114 553 4186 Moyse
582 4127 675 4168 eos
702 4125 923 4177 omnes,
951 4110 1043 4181 qui
1071 4111 1210 4166 inter
1238 4119 1426 4181 gentes
1453 4121 1608 4174 sunt,
1636 4109 1852 4166 Judzeos
1877 4150 1893 4178 ,

313 4205 498 4260 dicens
527 4219 633 4258 non
659 4202 853 4258 debere
878 4216 973 4258 eos
997 4201 1384 4257 circumcidere
1412 4202 1546 4256 lilios
1571 4216 1698 4257 suos
1723 4217 1898 4271 neque

316 4296 367 4351 in
401 4293 875 4350 consuetudinibus
897 4293 1003 4347 illis
1029 4291 1297 4347 incedere.
1340 4309 1358 4343 ι
1389 4292 1503 4346 Non
1531 4292 1711 4346 dicunt
1739 4333 1753 4357 ,
1788 4296 1897 4347 Au-

313 4392 549 4454 dierant;
575 4387 690 4453 sed,
715 4386 899 4440 Edocti
923 4395 1061 4452 sunt,
1090 4384 1140 4440 id
1165 4392 1276 4450 est,
1308 4383 1534 4438 instituti
1557 4394 1682 4439 sunt
1705 4395 1755 4439 et
1782 4399 1901 4439 cre-

314 4483 565 4538 diderunt
589 4520 605 4547 ,
649 4478 784 4551 quod
810 4478 1166 4532 discessionem
1190 4493 1222 4530 a
1249 4476 1426 4547 Moyse
1469 4476 1669 4541 doceas,
1727 4477 1899 4530 dicens

315 4593 414 4630 non
439 4573 618 4627 debere
660 4587 743 4625 eos
767 4569 1130 4624 circumcidere
1169 4570 1305 4638 ﬁlios
1326 4585 1465 4634 suos,
1510 4586 1667 4639 neque
1694 4571 1749 4623 in
1778 4587 1900 4624 con-

316 4664 662 4720 suetudinibus
680 4663 782 4717 illis
798 4661 1049 4717 inccdere.
1073 4661 1202 4716 Post
1226 4661 1339 4716 lucc
1364 4662 1598 4716 subdidit
1617 4679 1630 4714 :
1649 4661 1736 4715 22.
1762 4661 1898 4727 Quid

323 4775 438 4828 ergo
457 4767 528 4812 est
551 4757 577 4810 2
627 4755 810 4823 Utique
837 4763 1034 4823 oportet
1059 4754 1324 4807 convenire
1361 4753 1734 4807 multitudinem
1763 4770 1781 4808 :
1807 4773 1902 4808 au—

323 4851 460 4904 dient
485 4850 611 4903 enim
640 4858 686 4902 te
709 4848 918 4902 venisse.
954 4845 1048 4900 25.
1079 4844 1192 4900 Hoc
1217 4862 1335 4915 ergo
1364 4849 1468 4916 fac,
1499 4847 1635 4916 quod
1660 4847 1747 4899 tibi
1772 4847 1900 4900 dici-

325 4959 457 4996 mus.
498 4941 655 5010 Quasi
683 4939 966 4996 consilium
993 4937 1184 4993 dantes
1223 4945 1325 4992 noc
1361 4937 1577 5004 dicunt,
1612 4954 1718 4992 non
1749 4939 1898 5009 quasi

321 5038 663 5106 imperantes.
711 5052 730 5087 ι
763 5033 900 5090 Sunt
922 5030 1079 5086 nobis
1104 5031 1204 5086 viri
1230 5039 1463 5100 quatuor
1486 5041 1668 5086 votum
1697 5031 1901 5086 haben-

319 5137 401 5182 tes
425 5140 587 5196 super
605 5141 682 5182 se.
706 5125 797 5180 2i.
827 5123 918 5178 llis
938 5124 1227 5192 assumptis
1249 5121 1520 5176 sanetillea
1548 5131 1601 5178 te
1623 5139 1743 5178 cum
1771 5123 1898 5190 illis,

315 5225 371 5272 et
401 5215 650 5286 impende
679 5215 731 5269 in
761 5213 865 5268 illis
890 5254 904 5277 ,
937 5223 996 5267 ut
1024 5214 1215 5267 radant
1238 5212 1412 5282 capita
1441 5255 1456 5279 ,
1497 5222 1550 5267 et
1587 5213 1760 5268 sciant
1779 5229 1898 5266 om-

317 5325 411 5366 ues
436 5349 452 5374 ,
495 5307 618 5379 quia
652 5322 769 5378 qua:
797 5306 862 5361 de
893 5317 946 5361 te
973 5305 1261 5360 audierunt
1291 5305 1421 5360 falsa
1462 5316 1624 5370 sunt,
1670 5307 1760 5360 sed
1789 5322 1904 5358 am-

318 5403 473 5458 bulas
500 5412 554 5456 et
581 5402 694 5470 ipso
720 5399 1029 5454 custodiens
1058 5399 1252 5468 legem.
1287 5418 1305 5451 ι
1349 5396 1652 5453 Consulunt
1677 5407 1732 5452 ut
1760 5414 1818 5451 re
1849 5407 1904 5451 et

316 5507 502 5562 opere,
534 5507 639 5545 non
669 5505 920 5545 sermone
947 5488 1321 5545 defensionem
1352 5497 1524 5558 paret.
1570 5487 1640 5542 Ut
1690 5488 1897 5552 radunt,

317 5582 524 5652 inquit,
555 5591 600 5635 et
630 5581 792 5635 sciant
823 5596 994 5634 omnes
1018 5619 1034 5643 ,
1064 5579 1184 5649 quia
1212 5594 1327 5644 qua:
1355 5578 1516 5632 edocti
1547 5588 1663 5631 sunt
1718 5579 1780 5632 de
1810 5587 1858 5632 te
1882 5618 1897 5642 ,

317 5675 452 5746 falsa
480 5683 619 5728 sunt.
659 5671 776 5728 Non
806 5672 1090 5739 dixerunt,
1122 5671 1202 5725 Tu
1233 5671 1395 5726 doces
1420 5711 1434 5734 ,
1465 5670 1561 5726 sed
1593 5671 1898 5734 Audierunt,

315 5783 531 5824 rursum
562 5765 666 5822 hoc
693 5765 861 5820 verbo
889 5765 1198 5835 signiﬁcans
1221 5806 1235 5827 ,
1267 5763 1442 5818 edocti
1487 5771 1613 5817 sunt
1637 5805 1652 5829 ,
1681 5772 1734 5816 et
1760 5763 1900 5832 quod

314 5860 579 5924 Ambulas,
609 5859 659 5914 id
687 5865 801 5920 est,
833 5874 896 5912 ex
925 5855 1212 5912 abundanti
1243 5856 1354 5924 ipse
1381 5871 1588 5912 serves.
1617 5855 1732 5910 Nan
1757 5855 1901 5911 enim

319 5952 424 6009 hoc
454 5952 630 6007 solum
659 5951 998 6021 querebatur
1025 5993 1038 6012 ,
1069 5963 1134 6002 an
1161 5949 1297 6007 alios
1327 5949 1548 6004 duceret
1577 5991 1592 6016 ,
1624 5947 1715 6003 sed
1742 5948 1900 6002 etiam

1267 505 1336 564 ΙΝ
1375 497 1552 562 ACTA
1595 500 2114 560 APOSTOLORUM.
2158 456 2384 562 ilOSllli.
2427 503 2610 564 XLVI.

1654 625 3310 650 ww

1471 627 1990 728 “*110M1-L1A
2033 664 2256 726 XLVI.

3492 519 3598 576 322

3325 635 3580 654 Ἢ

2007 827 2074 866 an
2108 812 2220 881 ipse
2261 823 2520 868 servaret.
2563 813 2701 880 Quid
2749 830 2913 886 ergo.
2957 818 3001 872 si
3042 827 3230 888 gentes
3259 822 3583 887 didicerint,

2010 903 2213 972 inquit,
2248 919 2424 957 annon
2457 903 2833 959 offendentur?
2862 906 3040 974 Quare
3066 950 3080 973 ,
3113 924 3234 963 cum
3291 927 3388 966 nos
3418 912 3591 966 Judazi

2008 993 2255 1048 doctores
2283 992 2428 1048 illum
2452 995 2518 1048 ad
2545 1003 2732 1065 gentes
2757 998 3108 1053 miserimus?
3136 999 3225 1054 25.
3257 1019 3276 1051 ι
3309 1001 3382 1056 De
3409 1003 3474 1056 iis
3501 1018 3596 1055 au-

2008 1092 2113 1137 tem
2135 1123 2150 1148 ,
2183 1084 2268 1153 qui
2297 1083 2640 1140 crediderunt
2667 1103 2730 1140 cx
2762 1088 3010 1156 gentibus
3030 1130 3044 1152 ,
3086 1104 3182 1144 nos
3225 1093 3544 1161 scripsimus
3566 1135 3582 1158 ,

2005 1177 2356 1235 decernentes
2386 1197 2452 1236 ne
2478 1182 2604 1250 quid
2629 1183 2930 1252 hujusmodi
2957 1186 3279 1254 observent,
3310 1190 3404 1244 sed
3426 1191 3592 1245 absti-

2007 1279 2166 1324 neant
2195 1271 2261 1324 ab
2292 1272 2356 1326 iis
2380 1313 2394 1337 ,
2427 1289 2546 1343 qua:
2579 1274 2852 1331 immolata
2883 1287 3009 1332 sunt
3043 1279 3197 1334 idolis
3224 1321 3240 1346 ,
3272 1296 3302 1335 a
3332 1285 3593 1352 sanguine

2005 1369 2059 1414 et
2083 1359 2345 1418 sulfocato
2367 1374 2422 1417 et
2451 1363 2826 1421 fornicatione.
2864 1387 2882 1419 ι
2914 1367 3012 1423 Hic
3035 1373 3304 1427 monendo
3333 1374 3586 1443 IOquitttr:

2006 1453 2119 1507 vult
2159 1465 2334 1508 autem
2377 1455 2560 1512 dicere
2584 1497 2599 1520 ,
2632 1457 2698 1513 Ut
2744 1473 2841 1512 nos
2887 1461 3016 1529 ipsis
3059 1465 3413 1534 praecepimus
3438 1507 3453 1532 ,
3485 1471 3584 1523 etsi

2003 1547 2199 1602 Jndmis
2227 1551 2576 1618 prtedicantes
2609 1569 2621 1603 :
2650 1551 2728 1606 sic
2758 1561 2812 1606 et
2839 1561 2893 1606 tu
2917 1594 2930 1614 ,
2965 1555 3064 1608 etsi
3092 1556 3342 1624 gentibus
3390 1560 3584 1627 przedi-

2011 1655 2142 1706 ces,
2191 1655 2484 1711 coOperare
2529 1643 2828 1698 nobiscum.
2871 1645 3104 1700 Observa
3155 1647 3372 1702 Paulum
3418 1668 3430 1702 :
3485 1667 3588 1704 non

2003 1731 2166 1796 dicit,
2209 1731 2430 1786 Passum
2472 1733 2652 1803 utique
2694 1734 3036 1792 Timotheum
3081 1737 3390 1806 adducere,
3424 1755 3584 1809 quem

2001 1822 2308 1876 circumcidi
2334 1865 2348 1887 ,
2379 1831 2434 1876 et
2462 1838 2674 1892 possum
2703 1825 2804 1880 hoc
2828 1841 3080 1883 sermone
3103 1829 3461 1897 persuadere;
3489 1831 3582 1886 sed

2002 1913 2389 1982 obtemperavit
2418 1917 2525 1977 eis,
2560 1926 2613 1970 et
2651 1918 2827 1971 omnia
2875 1918 2995 1973 fecit
3030 1939 3042 1974 :
3071 1923 3268 1976 etenim
3299 1923 3377 1978 sic
3418 1939 3582 1993 espe-

2003 2003 2201 2058 diebat.
2228 2005 2339 2058 Non
2361 2007 2504 2060 enim
2535 2007 2672 2061 idem
2703 2018 2819 2063 erat
2840 2011 3098 2065 rationem
3124 2013 3302 2068 verbis
3328 2014 3576 2083 reddere,
3602 2055 3603 2058 η

2001 2104 2055 2150 et
2085 2096 2294 2151 nemine
2335 2099 2550 2153 conscio
2583 2100 2683 2154 hoc
2728 2101 2920 2156 facere.
2961 2102 3281 2172 Suspicione
3325 2107 3584 2172 carebat,

2002 2187 2140 2256 quod
2172 2189 2328 2242 etiam
2360 2189 2712 2258 impenderet.
2760 2192 2850 2246 26.
2906 2191 3045 2246 Tunc
3073 2193 3272 2249 Paulus
3313 2201 3586 2266 assumptis

2001 2277 2140 2341 ciris,
2176 2289 2376 2347 postera
2402 2281 2484 2333 die
2513 2282 2811 2350 puri/icatus
2839 2300 2952 2336 cum
2983 2284 3085 2338 illis
3105 2327 3120 2351 ,
3149 2286 3352 2341 intravit
3380 2289 3430 2341 in
3459 2300 3585 2343 tem-

2001 2372 2142 2446 plum
2167 2415 2180 2433 ,
2211 2374 2518 2426 annuntians
2559 2374 2893 2442 explelionem
2929 2377 3122 2430 dierum
3174 2381 3546 2448 purificationi:
3570 2422 3584 2445 ,

2000 2465 2158 2517 donec
2183 2462 2451 2529 offerretur
2469 2481 2562 2533 pro
2587 2481 2685 2518 uno
2712 2482 2906 2535 quoque
2933 2483 3104 2520 eorum
3130 2471 3338 2522 oblatio.
3372 2471 3585 2525 Amatn-

1999 2557 2158 2619 tians,
2205 2555 2306 2609 hoc
2331 2563 2447 2620 est,
2496 2556 2772 2612 declarans
2802 2576 2815 2614 :
2848 2559 3026 2628 itaque
3055 2561 3166 2629 ipse
3196 2575 3311 2617 erat
3342 2565 3429 2633 qui
3462 2579 3583 2620 sese

2000 2648 2340 2703 manifestum
2373 2648 2613 2706 faciebat.
2653 2649 2742 2703 27.
2783 2649 2909 2706 Cum
2935 2661 3098 2706 autem
3128 2665 3318 2723 septem
3348 2657 3455 2710 dies
3470 2661 3583 2728 jam

1998 2741 2244 2810 implendi
2271 2751 2456 2795 essent.

2068 2833 2122 2886 2.
2167 2830 2585 2899 Videqunmndo
2618 2832 2954 2898 potissimum
2989 2836 3039 2888 in
3088 2835 3194 2891 illis
3225 2845 3485 2892 moratur.
3533 2837 3583 2893 li

1999 2925 2084 2995 qui
2108 2934 2250 2978 erant
2281 2940 2344 2977 ex.
2373 2924 2495 2978 Asia
2524 2923 2557 2977 .1
2565 2924 2718 2990 ιιάωῐ,
2763 2941 2874 2978 eum
2899 2925 3137 2980 vidissent
3163 2945 3276 2982 eum
3300 2931 3351 2982 in
3372 2933 3579 2999 templo,

2000 3017 2370 3069 concitaverunt
2397 3025 2552 3068 totam
2583 3016 2800 3080 turbam,
2834 3027 2882 3070 et
2912 3018 3189 3086 injecerunt
3217 3021 3268 3073 in
3293 3021 3438 3076 illum
3469 3041 3583 3077 ma-

1999 3124 2113 3172 nus,
2145 3107 2424 3161 clamantes
2453 3107 2577 3162 :28.
2619 3106 2728 3160 Viri
2770 3107 3020 3163 Israelita:
3038 3151 3052 3174 ,
3095 3111 3330 3182 adjuvate
3357 3131 3377 3168 :
3406 3116 3487 3168 hic
3512 3127 3585 3170 est

2000 3200 2180 3262 homo,
2212 3199 2298 3270 qui
2335 3200 2578 3253 adversus
2619 3200 2863 3270 pepulum
2905 3211 2950 3253 et
2996 3203 3155 3272 legem
3182 3214 3228 3256 et
3255 3205 3420 3258 locum
3451 3208 3585 3261 hunc

2000 3306 2170 3343 omnes
2219 3289 2404 3360 ubique
2445 3289 2658 3353 docens,
2703 3291 2913 3357 insuper
2953 3301 2998 3343 et
3042 3294 3252 3361 gentiles
3300 3296 3499 3349 induxit
3531 3299 3585 3352 in

2001 3379 2277 3449 templum,
2302 3390 2350 3432 et
2375 3379 2580 3433 violarit
2607 3388 2836 3432 sanetum
2863 3381 3025 3433 locum
3049 3383 3222 3435 istum.
3256 3385 3388 3439 Vide
3407 3403 3586 3442 mures

1999 3486 2185 3526 eorum
2213 3471 2408 3539 ubique
2435 3469 2794 3532 turbulentos,
2823 3471 3073 3538 ipsosque
3097 3475 3147 3525 in
3177 3474 3354 3528 medio
3382 3484 3586 3532 temere

2000 3561 2310 3616 clamantes.
2345 3559 2434 3615 29.
2475 3557 2715 3612 Videranl
2764 3559 2897 3611 enim
2927 3559 3260 3631 Trophimum
3313 3565 3588 3634 Ephesium

2000 3653 2052 3705 in
2075 3652 2271 3704 civitate
2296 3667 2409 3704 cum
2453 3651 2594 3722 ipso,
2627 3668 2774 3721 quem
2816 3653 3189 3708 wstimaverant
3227 3655 3365 3723 quod
3388 3656 3440 3710 in
3472 3668 3588 3710 tem-

2003 3745 2141 3815 plum
2172 3745 2530 3800 introduxisset
2560 3747 2776 3804 Paulus.
2810 3749 2898 3806 30.
2931 3749 3290 3820 Commotaque
3318 3760 3389 3805 est
3415 3753 3588 3805 civitas

2003 3844 2108 3888 tota
2129 3875 2143 3901 ,
2169 3843 2214 3888 et
2239 3839 2376 3906 facta
2415 3847 2488 3889 est
2514 3841 2778 3894 concursio
2810 3841 2987 3912 pepuli
3019 3859 3037 3895 :
3063 3851 3110 3895 et
3153 3843 3588 3912 apprehendentes

2006 3925 2250 3991 Paulum,
2275 3929 2540 3983 trahebant
2571 3947 2685 3984 eum
2714 3941 2858 3986 extra
2883 3932 3124 4002 templum
3149 3948 3166 3986 :
3197 3943 3241 3985 et
3265 3934 3435 3987 statim
3455 3933 3591 3987 clau-

2002 4036 2073 4075 δω
2100 4031 2218 4074 sunt
2256 4020 2452 4089 ianute.
2506 4020 2614 4074 Viri
2656 4020 2944 4090 Israelitat,
2989 4023 3265 4093 adjuvate,
3325 4025 3588 4092 inquiunt.

2006 4113 2108 4167 llic
2142 4123 2211 4166 est
2235 4112 2383 4165 homo
2409 4112 2495 4178 qui
2523 4113 2760 4166 adversus
2797 4113 3041 4183 populum
3075 4123 3118 4166 et
3143 4115 3300 4184 legem
3334 4119 3385 4168 et
3426 4115 3591 4168 locum

2003 4204 2173 4259 istum.
2208 4203 2337 4269 Quae
2369 4202 2488 4257 illos
2521 4203 2752 4257 maxime
2775 4202 3090 4268 turbabant,
3130 4204 3383 4270 templum
3415 4213 3468 4257 et
3508 4206 3590 4259 le-

2005 4312 2123 4365 gem
2144 4338 2157 4360 ,
2194 4295 2308 4350 lucc
2335 4294 2623 4364 proferunt
2663 4295 2759 4349 illi.
2791 4294 2974 4363 Neque
3019 4295 3216 4349 Paulus
3239 4295 3354 4350 lure
3384 4297 3591 4365 patiens

2005 4389 2074 4444 de
2101 4388 2187 4444 bis
2216 4389 2314 4442 etsi
2364 4388 2526 4440 tantis
2570 4387 2842 4456 apostolos
2870 4386 3174 4451 accusavit,
3207 4387 3344 4456 quod
3403 4387 3502 4455 ipsi
3537 4386 3588 4441 in

2007 4496 2164 4536 causa
2216 4480 2404 4534 horum
2449 4487 2673 4533 essvnt:
2725 4479 2859 4532 adeo
2903 4487 3019 4532 erat
3081 4476 3471 4546 magnanimus.
3525 4477 3591 4531 Et

2008 4573 2271 4627 trahebant
2296 4588 2405 4624 eum
2423 4612 2436 4635 ,
2469 4571 2641 4640 inquit
2665 4610 2680 4635 ,
2711 4579 2853 4624 extra
2880 4568 3123 4636 templum
3148 4585 3167 4623 :
3196 4578 3241 4623 et
3270 4569 3457 4623 clauste
3475 4580 3592 4623 sunt

2007 4668 2198 4732 ianum.
2228 4662 2491 4717 Volebant
2535 4661 2676 4716 enim
2708 4662 2854 4714 illum
2903 4659 3238 4722 interﬁcere;
3289 4659 3408 4713 ideo
3451 4660 3592 4713 foras

2009 4755 2156 4810 illum
2184 4752 2485 4817 trahebant,
2515 4760 2574 4806 ut
2600 4767 2718 4805 cum
2745 4753 2944 4818 majore
2970 4750 3180 4804 licentia
3209 4751 3310 4803 hoc
3337 4749 3590 4804 facerent.

2009 4849 2096 4903 51.
2128 4845 2475 4912 Quaerentibus
2522 4854 2688 4897 autem
2736 4843 2840 4897 illis
2871 4860 2982 4895 eum
3014 4842 3276 4909 occidere,
3308 4844 3594 4895 nuntiatum

2009 4948 2080 4994 est
2098 4937 2297 4991 tribuno
2313 4935 2555 5000 cohortis,
2578 4934 2712 5004 quod
2733 4943 2837 4987 tota
2857 4933 3253 5002 confunderetur
3266 4932 3552 4987 Jerusalem
3571 4949 3591 4987 :

2010 5031 2099 5087 52.
2133 5030 2233 5096 Qui
2260 5029 2427 5082 statim
2461 5027 2735 5096 assumptis
2763 5025 3004 5079 militibus
3033 5033 3078 5077 et
3104 5024 3478 5078 centurionibus
3503 5025 3592 5076 de-

2010 5123 2164 5178 currit
2189 5121 2257 5174 ad
2281 5121 2416 5174 illos.
2460 5119 2561 5183 Qui
2587 5134 2700 5170 cum
2732 5118 2968 5170 vidissent
3014 5115 3270 5170 tribunum
3299 5125 3347 5170 et
3373 5116 3555 5169 milites
3575 5155 3592 5180 ,

2009 5223 2322 5270 cessaverunt
2349 5221 2603 5281 percutere
2640 5208 2883 5263 Paulum.
2919 5210 3007 5264 33.
3043 5207 3189 5262 Tunc
3232 5209 3471 5261 accedens
3498 5209 3594 5257 tri.

2012 5309 2174 5362 bunus
2203 5303 2536 5375 apprehendit
2577 5319 2722 5364 eum,
2765 5312 2812 5355 et
2841 5301 2989 5367 iussit
3017 5317 3132 5353 eum
3169 5298 3376 5368 alligari
3407 5297 3602 5349 catenis

2012 5398 2207 5451 duabus
2237 5410 2256 5449 :
2283 5405 2329 5448 et
2358 5391 2698 5462 interrogabat
2741 5392 2852 5462 quis
2889 5399 3016 5444 esset
3046 5397 3092 5442 et
3114 5387 3237 5458 quid
3269 5387 3481 5456 fecisset.
3503 5385 3582 5437 ⁸54.

2012 5489 2114 5540 Alii
2140 5497 2308 5540 autem
2332 5484 2474 5538 aliud
2512 5481 2796 5536 clamabant
2832 5482 2886 5533 in
2915 5479 3078 5533 turba.
3108 5477 3178 5531 Et
3205 5492 3300 5529 cur
3324 5473 3602 5529 examina-

2015 5587 2166 5632 turus
2216 5590 2338 5629 eum
2381 5574 2535 5643 jussit
2569 5571 2720 5640 ligari
2767 5571 2972 5624 catenis
3013 5566 3257 5621 duabus?
3304 5564 3368 5621 Ut
3414 5562 3593 5633 pepuli

2010 5667 2248 5722 furorem
2278 5665 2566 5733 mitigaret.
2604 5661 2665 5713 Et
2702 5677 2814 5712 cum
2844 5675 2947 5712 non
2990 5665 3155 5727 posset
3182 5665 3370 5710 certum
3412 5669 3596 5723 regno-

2015 5778 2151 5817 scere
2175 5775 2279 5828 pra:
2308 5755 2525 5809 tuntultu
2544 5793 2560 5819 ,
2591 5752 2738 5818 iussit
2770 5751 2886 5804 (luci
2913 5767 3027 5804 eum
3071 5750 3126 5802 in
3174 5758 3358 5802 castra.
3400 5747 3486 5801 33.
3535 5745 3597 5799 lit

2015 5872 2127 5907 cum
2158 5851 2364 5905 venisset
2391 5848 2457 5901 ad
2481 5845 2668 5916 gradus
2691 5885 2704 5906 ,
2735 5845 2981 5914 contingit
3010 5852 3067 5895 ut
3097 5851 3383 5912 portaretur
3407 5857 3439 5893 a
3461 5840 3596 5892 mili-

2016 5948 2142 6000 tibus
2169 5951 2369 6012 propter
2399 5941 2496 5992 vim
2523 5939 2695 6009 populi
2722 5953 2738 5991 :
2775 5937 2862 5992 56.
2913 5935 3206 6007 sequebatur
3251 5937 3382 5989 enim
3425 5935 3597 5988 multi-
