4112 6426
612 581 735 632 tudo
781 581 993 650 populi,
1048 580 1276 634 clausam
1303 595 1322 634 .'
1353 577 1494 632 Tolle
1530 593 1664 630 eum.
1705 577 1842 642 Quid
1889 588 2005 639 cst,
2054 574 2196 628 Tolle

613 673 767 725 eum?
789 671 903 725 Mos
931 679 1046 726 erat
1074 669 1276 726 Jndtcts
1298 713 1313 734 ,
1343 679 1527 725 contra
1557 684 1672 734 eos,
1699 683 1832 738 quos
1857 669 2192 731 damnarent,

610 759 686 815 ita
715 761 898 832 loqui,
931 771 988 816 ut
1013 770 1069 817 et
1093 771 1284 816 contra
1309 761 1581 816 Christum
1609 761 1883 826 fecerunt,
1914 760 2157 814 dicentes
2176 801 2193 826 ,

608 848 758 906 Tolle
793 853 978 918 illum;
1029 853 1132 908 hoc
1176 863 1254 908 est
1280 894 1296 916 .
1341 853 1409 908 de
1447 869 1672 907 numero
1711 852 2003 907 viventium
2050 851 2188 907 dele.

607 941 838 1007 Quidam
864 957 996 997 vero
1024 943 1209 997 dicunt
1233 986 1247 1010 ,
1282 944 1332 998 id
1363 958 1482 998 esse
1511 943 1652 1013 quod
1679 943 1818 1013 apud
1847 958 1946 998 nos
1967 959 2031 998 ex
2078 941 2192 999 Ro-

610 1048 765 1087 mana
791 1035 1178 1090 consuetudine
1215 1036 1411 1090 dicitur
1443 1054 1457 1090 :
1487 1035 1716 1090 lmmitte
1745 1037 1891 1090 illum
1920 1037 1970 1089 in
2019 1037 2190 1106 signa.

608 1125 698 1179 37.
733 1124 801 1179 Et
828 1143 942 1180 cum
967 1128 1193 1196 coepisset
1229 1129 1280 1180 in
1303 1139 1469 1182 castra
1489 1129 1664 1180 induci
1701 1126 1918 1195 Paulus,
1959 1127 2079 1180 dicit
2104 1128 2195 1180 tri-

606 1216 739 1270 buno
767 1231 788 1270 :
817 1217 878 1271 Si
902 1218 1014 1270 licet
1040 1218 1166 1270 mihi
1211 1217 1347 1288 loqui
1391 1219 1458 1272 ad
1495 1229 1561 1272 te.
1606 1218 1739 1273 Cum
1795 1230 2096 1288 gestaretur
2139 1220 2190 1275 in

607 1305 882 1374 gradibus,
903 1308 1299 1378 petitquiddam
1325 1309 1541 1365 tribuno
1566 1310 1766 1367 dicere.
1803 1311 1868 1366 Et
1894 1311 2012 1366 vide
2034 1327 2190 1381 quam

615 1407 894 1452 mansuete
924 1416 936 1450 :
968 1397 1030 1452 Si
1052 1400 1174 1452 mihi
1202 1399 1316 1454 licet
1344 1400 1482 1470 loqui
1509 1403 1577 1453 ad
1604 1411 1670 1465 te,
1700 1401 1886 1470 inquit.
1920 1401 2018 1467 Qui
2042 1402 2188 1466 dixit,

606 1484 781 1541 Greece
809 1490 987 1543 nosti.’
1012 1490 1102 1546 58.
1138 1489 1324 1546 Nonne
1351 1502 1404 1546 tu
1432 1509 1482 1546 es
1507 1491 1581 1545 1E
1585 1494 1787 1563 gyptius
1811 1535 1826 1560 ,
1857 1494 1942 1562 qui
1970 1503 2086 1547 ante
2099 1495 2191 1548 hos

604 1579 710 1631 dies
749 1582 1019 1634 tumultum
1048 1584 1346 1648 concitasti,
1376 1595 1421 1637 et
1453 1585 1670 1638 eduxisti
1695 1586 1749 1638 in
1779 1586 2028 1640 desertum
2061 1603 2188 1656 qua-

608 1681 723 1725 tuor
752 1673 915 1725 millia
942 1675 1163 1727 virorunt
1189 1677 1530 1731 sicariorum?
1559 1677 1655 1732 llic
1697 1679 1980 1748 Egyptius
2030 1679 2189 1734 homo

605 1772 740 1820 erat.
771 1763 1012 1830 qtuedam
1043 1765 1303 1820 innovans
1332 1778 1386 1821 et
1415 1767 1722 1822 seditiosus.
1752 1769 1863 1824 Hac
1890 1769 1957 1824 de
1986 1785 2046 1824 re
2070 1785 2190 1826 sese

602 1864 793 1922 purgat
819 1855 1035 1923 Paulus,
1059 1866 1112 1911 et
1136 1857 1292 1912 dictis
1319 1861 1428 1912 suis
1451 1860 2187 1930 tollitsuspicionemNcrum

604 1946 850 2012 superius
877 1945 1014 2000 lecta
1048 1960 1371 2017 repetamus.
1419 1951 1555 2004 Sunt
1599 1953 1742 2006 nobis
1767 1994 1782 2016 ,
1833 1954 2005 2022 inquit
2031 1995 2046 2021 ,
2093 1955 2189 2007 viri

596 2047 814 2105 quatuor
833 2049 1001 2093 votum
1025 2040 1260 2095 [tabentes
1284 2060 1438 2111 super
1467 2061 1519 2097 se
1542 2061 1558 2097 :
1585 2045 1662 2098 his
1681 2047 1955 2114 assumptis
1973 2048 2189 2115 puri/ica

598 2137 646 2182 te
669 2145 785 2183 cum
811 2133 932 2186 illis.
965 2133 1044 2186 Ad
1074 2133 1188 2189 haec
1215 2151 1318 2189 non
1347 2137 1605 2190 obnititur
1653 2137 1846 2192 Paulus
1871 2179 1886 2204 ,
1932 2138 2025 2192 sed
2075 2154 2188 2193 mo-

599 2235 713 2274 rem
738 2224 896 2289 gerit.
928 2222 1078 2278 Unde
1104 2225 1280 2294 palam
1329 2237 1413 2281 est
1455 2227 1558 2282 hoc
1599 2243 1702 2283 non
1753 2229 2057 2283 necessario
2105 2228 2184 2282 fa-

599 2309 850 2366 ciendum
883 2314 1049 2370 fuisse
1077 2316 1094 2385 (
1119 2315 1344 2385 idqune
1383 2318 1702 2387 persuadent
1744 2320 1899 2389 illi),
1941 2321 2035 2374 sed
2085 2319 2188 2374 hnc

604 2417 698 2470 per
722 2406 1076 2460 meonomiam
1108 2416 1164 2462 et
1208 2408 1591 2479 indulgentiam
1638 2409 1834 2464 factum
1878 2426 2019 2467 esse.
2068 2411 2183 2467 Non

593 2501 712 2546 erat
744 2509 872 2562 ergo
898 2497 1000 2550 hoc
1028 2497 1423 2567 praedicationis
1443 2501 1901 2569 impedimentum,
1921 2503 2182 2572 siquidem

593 2592 647 2634 et
674 2585 898 2651 apostoli
928 2586 1044 2640 lucc
1073 2589 1176 2642 illis
1207 2594 1535 2645 statuebant.
1577 2591 1690 2646 Hoc
1740 2593 1919 2663 itaque
1957 2595 2180 2665 dispen-

591 2687 716 2728 sans
736 2717 752 2742 ,
787 2677 898 2745 ipse
928 2687 1104 2733 tamen
1135 2681 1348 2736 Petrum
1376 2682 1632 2752 deinceps
1657 2685 1903 2751 incusat;
1938 2701 2038 2741 nec
2067 2688 2185 2743 sine

592 2779 752 2818 causa
785 2765 884 2821 hoc
919 2768 1041 2822 fecit
1075 2788 1088 2823 :
1121 2787 1241 2824 nam
1269 2773 1408 2841 quod
1437 2773 1525 2826 hic
1553 2774 1750 2830 fecerat
1781 2776 1926 2846 ipse,
1970 2777 2072 2832 huc
2111 2778 2182 2834 ibi

594 2853 785 2909 Petrus
813 2867 995 2913 tacens
1022 2869 1074 2914 et
1101 2863 1380 2917 stabiliens
1410 2863 1603 2933 dogma
1651 2879 1826 2919 suum.
1869 2865 1986 2921 Non
2039 2868 2181 2924 dice-

593 2947 721 3000 bant
754 2965 766 3000 :
798 2949 914 3004 Non
942 2963 1154 3020 oportet
1181 2955 1408 3024 gentiles
1437 2956 1665 3025 docere;
1695 2974 1868 3029 neque
1890 3001 1906 3022 .
1935 2960 2181 3016 Sufﬁciat

588 3038 732 3107 quod
762 3055 867 3095 non
896 3043 1219 3111 praedicetur
1239 3045 1347 3101 illic
1375 3064 1390 3100 :
1419 3047 1514 3102 sed
1546 3058 1761 3117 oportet
1789 3051 1915 3120 quid
1947 3054 2178 3122 amplius

591 3127 771 3185 facere
790 3172 804 3194 ,
834 3144 894 3186 ut
920 3134 1346 3201 persuadeantur
1377 3137 1452 3190 illi
1485 3147 1533 3193 te
1568 3139 1738 3208 legem
1763 3142 2057 3198 custodire.
2086 3147 2180 3198 At-

592 3223 909 3292 temperatio
956 3233 1040 3277 est
1079 3240 1166 3279 res
1216 3226 1340 3294 illa,
1393 3243 1461 3282 ne
1508 3228 1717 3284 timeas.
1765 3231 1833 3285 Et
1869 3232 1989 3288 vide
2028 3249 2040 3282 :
2075 3251 2179 3290 non

591 3312 736 3381 prius
771 3314 1099 3383 persuadent
1127 3318 1244 3386 illi,
1276 3335 1435 3389 quam
1465 3333 1855 3391 reprtesentent
1880 3335 1934 3381 et
1961 3341 2178 3384 oecono-

588 3405 748 3459 miam
779 3417 833 3461 et
861 3407 1088 3463 lucrum.
1120 3410 1192 3466 Et
1217 3412 1357 3482 quod
1389 3412 1737 3487 Jerosolymte
1768 3419 1950 3486 lieret,
1982 3421 2178 3476 tolera-

587 3493 694 3550 bile
724 3507 861 3552 erat.
895 3499 1006 3554 Hoc
1027 3501 1188 3571 igitur
1218 3502 1306 3558 hic
1337 3502 1498 3558 facito
1521 3547 1537 3570 ,
1570 3515 1627 3560 ut
1659 3507 1785 3562 illud
1817 3521 1967 3565 extra
2000 3513 2178 3568 civita-

586 3593 690 3640 tem
723 3588 859 3643 hanc
897 3591 990 3644 tibi
1031 3589 1208 3648 facere
1253 3594 1430 3649 liceat.
1481 3593 1622 3650 Tunc
1669 3596 1871 3654 Paulus
1897 3641 1913 3666 ,
1963 3602 2172 3672 inquit,

582 3681 858 3751 assumptis
890 3682 1011 3737 viris
1034 3686 1261 3754 sequenti
1305 3687 1406 3740 die.
1452 3687 1566 3744 Non
1617 3687 1856 3757 distulit,
1890 3692 1982 3746 scd
2013 3709 2176 3762 opere

582 3780 890 3826 monstrans
917 3789 976 3827 se
1009 3790 1320 3843 persuasum
1347 3793 1468 3834 esse
1492 3819 1507 3844 ,
1554 3784 1780 3836 assumit
1814 3799 1910 3838 eos
1953 3787 2173 3854 quibus-

581 3874 704 3914 cum
729 3875 789 3914 se
821 3862 1198 3929 purifieaturus
1222 3878 1339 3920 erat
1369 3886 1381 3920 :
1415 3871 1544 3923 tanti
1577 3869 1804 3926 fervoris
1832 3883 1914 3927 est
1950 3889 2168 3932 oecono-

583 3951 687 4002 mia
721 3951 1048 4020 hujusmodi.
1077 3956 1142 4009 Et
1168 3959 1458 4026 quomodo,
1493 3959 1722 4029 inquies,
1755 3963 1922 4018 Judmi
1949 3967 2168 4023 Asiatici

582 4040 834 4097 viderunt
857 4044 1004 4099 illum
1036 4047 1088 4101 in
1120 4049 1356 4118 templo?
1381 4051 1684 4108 Verisimile
1709 4065 1793 4109 est
1827 4072 1921 4112 eos
1963 4059 2170 4131 aliquot

581 4131 769 4187 diebus
797 4135 955 4189 isthic
985 4147 1228 4194 versatos
1253 4155 1393 4196 esse.
1434 4142 1565 4198 Vide
1592 4154 1768 4200 autem
1798 4163 1910 4202 rem
1940 4165 2006 4204 ex
2061 4152 2171 4207 dis-

577 4229 890 4294 pensatione
913 4230 1142 4300 quadam
1170 4231 1363 4288 factam
1396 4250 1538 4291 esse.
1565 4237 1852 4309 Postquam
1879 4244 2022 4296 enim
2046 4259 2168 4315 per-

574 4320 718 4373 suasi
747 4319 956 4376 fuerant
977 4322 1167 4387 Judazi,
1203 4333 1327 4379 tunc
1353 4327 1636 4399 insurgunt
1664 4331 1716 4385 in
1746 4333 1894 4387 illum
1931 4354 1944 4388 :
1972 4346 2028 4391 et
2055 4353 2086 4393 e
2107 4355 2167 4395 re

574 4409 786 4476 quidem
811 4451 826 4476 ,
857 4420 911 4464 ut
937 4428 1004 4466 ne
1031 4414 1104 4466 illi
1133 4415 1292 4468 etiam
1322 4417 1373 4468 in
1401 4415 1574 4487 ipsum
1602 4419 1958 4492 insurgerent.
1994 4426 2160 4497 Adju-

576 4508 720 4566 vate,
753 4501 1017 4570 inquiunt,
1047 4504 1142 4557 viri
1165 4505 1432 4561 Israelitw.
1466 4512 1542 4563 Ac
1568 4511 1613 4564 si
1643 4513 1762 4580 quis
1807 4523 1968 4584 captu
2016 4517 2158 4572 difﬁ-

572 4588 690 4641 cilis
717 4589 771 4643 in
792 4605 980 4646 eorum
1017 4609 1204 4649 manus
1233 4595 1545 4666 incidisset,
1574 4600 1828 4671 Adjuvate
1848 4646 1863 4669 ,
1894 4606 2157 4677 inquiunt.

571 4678 674 4733 Hic
694 4692 765 4735 est
789 4723 803 4747 ,
844 4685 932 4754 qui
957 4687 1138 4754 ubique
1164 4705 1336 4745 omnes
1357 4692 1520 4746 docet.
1546 4693 1663 4749 Non
1699 4695 1799 4751 Hic
1819 4701 1998 4756 solum
2025 4744 2040 4771 ,
2081 4706 2160 4760 in-

569 4771 790 4841 quiunt,
819 4775 914 4829 sed
957 4775 1172 4848 Ubique.
1201 4781 1336 4834 Tum
1387 4785 1546 4840 etiam
1593 4792 1865 4846 accusatio
1914 4795 2088 4866 major
2126 4812 2156 4852 a

571 4865 944 4930 praesentibus.
968 4870 1047 4924 Ad
1071 4871 1202 4939 hinc,
1228 4873 1493 4946 inquiunt,
1538 4878 1841 4950 Profanavit
1870 4865 2113 4958 templum
2137 4932 2152 4959 ,

567 4954 702 5008 viros
721 4959 931 5026 gentiles
953 4961 1217 5018 inducens.
1259 4968 1419 5038 Atqui
1465 4974 1626 5026 etiam
1677 4975 1872 5032 Christi
1915 4954 2156 5052 tempore

570 5047 931 5103 ascenderunt
962 5051 1271 5122 adoraturi;
1305 5059 1399 5114 sed
1423 5061 1474 5114 hi
1506 5062 1794 5132 loquuntur
1822 5068 1889 5123 dc
1919 5071 1982 5123 iis
2005 5047 2038 5137 ,v
2061 5075 2151 5142 qui

565 5154 672 5194 non
699 5140 958 5196 adorandi
990 5159 1150 5200 causa
1172 5150 1476 5206 veniebant.
1507 5152 1576 5207 Et
1602 5169 1931 5226 assumentes,
1958 5140 2142 5234 inquit,

563 5229 788 5285 Paulum
813 5274 828 5300 ,
859 5235 1122 5291 trahebant
1150 5238 1297 5294 illum
1322 5248 1482 5312 foras.
1505 5245 1783 5316 Perpende
1808 5292 1822 5315 ,
1872 5267 1902 5306 a
1953 5229 2151 5325 templo

561 5321 777 5391 ejiciunt
810 5325 957 5380 illum
993 5344 1007 5379 :
1039 5344 1213 5399 neque
1239 5333 1382 5387 enim
1415 5335 1554 5390 ultra
1600 5337 1805 5408 legibus
1851 5343 1931 5397 vel
1983 5346 2150 5402 tri‘buo

561 5413 771 5468 nalihus
797 5430 931 5485 opus
963 5417 1230 5474 habebant
1256 5438 1270 5486 ;
1305 5424 1531 5493 ideoque
1565 5427 1713 5481 illum
1744 5435 2142 5498 percutiebant:

559 5502 634 5556 sic
665 5519 756 5574 per
788 5509 968 5562 omnia
1001 5511 1211 5566 feroces
1250 5525 1305 5568 et
1344 5517 1645 5583 petulantes
1691 5532 1834 5575 sunt.
1880 5525 1972 5580 llle
2018 5545 2147 5586 vero

562 5598 684 5646 tunc
711 5596 925 5664 quidem
959 5615 1064 5654 non
1092 5599 1212 5657 sese
1240 5606 1511 5674 purgavit,
1543 5609 1635 5664 sed
1665 5621 1886 5680 postea;
1934 5629 1988 5674 et
2024 5620 2147 5690 jure

559 5682 772 5746 quidem
804 5703 818 5738 :
851 5700 975 5744 tunc
1004 5691 1144 5745 cnim
1169 5708 1238 5748 ne
1267 5696 1792 5771 audissentquidem.
1823 5707 1888 5762 Et
1913 5682 2144 5767 curvcla-

1333 464 1394 520 S.
1433 461 1702 517 10.“le
1740 459 2210 518 CllllYSOSTOMI
2249 462 2561 518 AliClllEl'.
2603 465 3132 526 CONSTANTINOP.

3789 477 3895 534 394

2304 584 2519 643 quatur.
2561 577 2696 644 Quid
2745 581 2886 634 enim
2934 581 3098 636 dicit?
3151 582 3214 638 Si
3259 585 3381 638 mihi
3431 586 3544 639 licet
3574 587 3776 658 aliquid
3799 591 3898 644 tibi

2300 669 2468 720 dicere
2487 669 2512 720 ?
2540 669 2612 722 Ita
2642 679 2758 724 erat
2789 671 3004 727 humilis
3027 714 3044 738 ,
3093 684 3149 728 ut
3203 674 3397 745 ubique
3445 679 3687 734 modeste
3730 695 3900 752 agere

2299 759 2484 816 sciret.
2515 759 2704 816 Nonne
2733 773 2786 815 tu
2812 782 2882 826 es,
2913 765 3112 835 inquit,
3143 766 3421 839 Egyptian
3450 769 3556 826 ille.

2371 853 2425 910 5.
2476 853 2608 908 Vide
2657 855 3042 926 malignitatem
3087 860 3307 916 diaboli.
3354 863 3615 934 Deceptor
3667 876 3786 920 erat
3839 879 3896 922 et

2299 939 2656 1008 pr:cstigiator
2680 939 2961 1012 Aigyptius
2991 944 3111 1010 ille,
3143 955 3196 999 et
3220 948 3470 1017 sperabat
3507 965 3565 1003 se
3611 967 3704 1019 per
3736 951 3890 1006 illmu

2299 1043 2412 1082 rem
2443 1027 2849 1086 obscuraturum
2880 1048 2999 1088 esse
3019 1075 3034 1098 ,
3063 1045 3117 1090 et
3143 1035 3242 1092 hos
3271 1037 3416 1093 illius
3446 1041 3709 1096 scelerum
3757 1057 3889 1096 eon-

2299 1129 2471 1174 sortes
2519 1121 2784 1190 reddere,
2828 1136 2882 1179 et
2917 1124 3188 1183 Christum
3236 1146 3430 1201 nempe
3488 1141 3543 1188 et
3589 1138 3887 1203 apostolos.

2297 1207 2401 1264 Sed
2433 1211 2562 1264 nihil
2589 1213 2792 1282 potuit,
2824 1215 2930 1271 imo
2957 1215 3082 1272 hinc
3127 1220 3460 1290 splendidior
3509 1228 3703 1280 veritas
3747 1227 3889 1284 facta

2297 1311 2381 1354 est
2403 1341 2420 1366 ,
2455 1301 2584 1356 nihil
2615 1317 2681 1359 ex
2708 1305 2904 1361 diaboli
2933 1309 3196 1364 machinis
3223 1311 3370 1380 laesa,
3407 1316 3513 1369 imo
3558 1319 3722 1388 magis
3768 1322 3888 1378 illu-

2295 1402 2480 1448 strata.
2509 1395 2640 1451 Nam
2667 1398 2710 1452 si
2742 1401 3154 1472 praestigiatores
3186 1420 3290 1458 non
3322 1406 3579 1475 fuissent,
3601 1426 3661 1464 ac
3691 1413 3888 1470 deinde

2296 1482 2347 1538 hi
2379 1486 2662 1553 vicissent,
2696 1491 2832 1544 forte
2877 1492 3112 1562 SuSpicio
3157 1493 3347 1549 fuisset
3383 1513 3540 1552 :cum
3588 1512 3761 1557 autem
3809 1506 3884 1560 illi

2294 1579 2703 1646 apparuissent,
2755 1581 2806 1634 hi
2855 1582 3115 1638 vicerunt.
3167 1585 3277 1640 Hoc
3327 1597 3506 1643 autem
3538 1591 3728 1646 mirum
3777 1607 3882 1650 est.

2296 1667 2419 1723 Ideo
2480 1686 2739 1741 apparere
2797 1689 2900 1729 non
2948 1677 3338 1744 prohibentur,
3386 1691 3440 1734 ut
3484 1692 3538 1735 et
3585 1684 3663 1737 sic
3716 1687 3886 1757 magis

2296 1758 2528 1830 fulgeant
2561 1781 2573 1816 :
2604 1764 2845 1818 utetiam
2874 1765 2998 1819 alibi
3049 1767 3212 1832 dicit,
3252 1768 3318 1823 Ut
3359 1772 3446 1840 qui
3492 1772 3691 1841 probati
3740 1787 3882 1845 sunt,

2295 1854 2551 1923 manifesti
2579 1856 2706 1923 [iant
2737 1859 2755 1926 (
2789 1860 2838 1912 1.
2871 1857 2988 1912 Cor.
3043 1860 3136 1918 ll.
3182 1861 3247 1916 19
3278 1863 3317 1933 ).
3352 1863 3480 1919 Tale
3530 1868 3800 1937 quidpiam
3833 1880 3885 1926 ct

2295 1942 2549 1998 Gamaliel
2602 1946 2810 2001 dicebat
2869 1968 2882 2003 :
2929 1949 3059 2004 Ante
3104 1952 3196 2006 Itos
3231 1954 3337 2007 dies
3377 1960 3592 2011 surrexit
3644 1958 3882 2017 leudas

2295 2034 2446 2104 (Act.
2471 2036 2524 2090 5.
2552 2035 2678 2108 56).
2702 2039 2935 2094 Sicarios
2959 2059 3083 2097 vero
3112 2045 3327 2114 quidam
3355 2047 3538 2104 dicunt
3567 2067 3686 2107 esse
3711 2069 3880 2122 genus

2294 2125 2595 2196 latronum,
2625 2131 2702 2186 sic
2733 2134 3030 2203 appellatos
3064 2152 3093 2190 a
3119 2137 3310 2206 gladiis
3335 2182 3349 2206 ,
3381 2157 3514 2211 quos
3559 2145 3840 2213 gestabant
3863 2190 3879 2214 ,

2293 2215 2431 2270 sicas
2461 2217 2633 2275 dictos
2658 2221 2914 2278 Romanis
2938 2241 2950 2277 :
2977 2227 3067 2280 alii
3096 2243 3225 2283 vero
3252 2240 3478 2299 putant,
3524 2249 3587 2288 cx
3640 2252 3738 2290 una
3782 2239 3879 2294 Ju-

2291 2305 2528 2360 dmorum
2552 2321 2696 2365 secta
2723 2312 2906 2371 fuisse.

2365 2396 2637 2469 Magorum
2678 2405 2934 2475 praestigia
2962 2411 3311 2476 apostolorum
3347 2413 3602 2470 miraculis
3630 2420 3883 2505 majorem

2290 2490 2389 2540 uim
2415 2490 2694 2548 contulere.
2730 2496 2895 2550 Sectw
2919 2496 3463 2562 Judworum.——Tres
3491 2490 3724 2579 natnque‘
3752 2525 3884 2569 sunt

2289 2579 2427 2648 apud
2472 2581 2616 2649 ipsos
2645 2594 2840 2652 sectzn,
2873 2588 3299 2659 Pharisaeorum,
3332 2593 3750 2655 Sadducaaorum
3773 2645 3786 2668 ,
3823 2615 3879 2658 et

2289 2670 2615 2728 Essenorum
2647 2676 2737 2745 qui
2779 2688 2833 2732 et
2872 2677 3054 2736 Sancti
3096 2695 3352 2741 vocantur
3391 2687 3536 2760 (hoc
3583 2693 3725 2746 enim
3777 2695 3879 2750 sibi

2289 2761 2398 2814 vult
2423 2762 2523 2819 hoc
2545 2781 2743 2822 nomen
2778 2769 3004 2847 Esseni)
3030 2815 3045 2840 ,
3076 2773 3234 2846 idque
3261 2778 3330 2833 ob
3357 2781 3479 2835 vitae
3515 2785 3874 2842 sanctitatem.

2291 2851 2450 2908 Iidem
2481 2872 2612 2911 vero
2636 2869 2687 2914 et
2717 2858 2908 2918 Sicarii
2935 2865 3099 2934 dicti,
3128 2869 3270 2938 quod
3319 2881 3503 2928 essent
3546 2875 3756 2932 zelotte.
3799 2879 3876 2936 Ne

2288 2961 2416 3017 ergo
2446 2949 2725 3007 doleamus
2753 2958 2894 3024 quod
2925 2962 3238 3030 sectae-sint,
3273 2975 3466 3020 cumet
3487 2967 3874 3036 pseudochristi

2288 3034 2521 3106 fuerint,
2552 3044 2640 3111 qui
2672 3041 2886 3100 Christo
2915 3049 3155 3106 insidiari
3187 3034 3511 3124 voluerunt,
3551 3068 3607 3114 et
3647 3061 3876 3118 antehac

2287 3137 2341 3180 ct
2369 3139 2585 3198 postea,
2623 3142 2677 3187 ut
2708 3137 3056 3195 obscurarent
3098 3143 3270 3198 illum.
3305 3144 3409 3201 Sed
3461 3150 3656 3205 veritas
3709 3153 3873 3224 fulget

2285 3229 2339 3272 et
2365 3221 2612 3290 splendet
2640 3227 2851 3298 ubique.
2885 3231 2998 3288 Hoc
3024 3243 3078 3289 et
3107 3236 3492 3306 prophetarum
3519 3257 3635 3298 aevo
3679 3221 3872 3302 factum

2284 3323 2367 3365 est
2399 3327 2416 3366 :
2444 3314 2659 3371 fuerunt
2713 3322 3225 3395 pseudopmpheto‘,
3255 3339 3310 3384 et
3338 3335 3449 3386 veri
3481 3350 3548 3389 ex
3597 3349 3872 3408 compara.

2286 3402 2429 3458 tione
2457 3408 2623 3477 magis
2671 3410 3014 3483 effulgebant.
3070 3418 3279 3474 Etenim
3323 3425 3542 3480 morbus
3592 3402 3870 3486 sanitatem

2283 3498 2626 3564 conSpicuam
2657 3499 2816 3564 facit.
2866 3517 2921 3559 et
2973 3510 3206 3564 tenebra:
3250 3512 3460 3584 lucem,
3511 3522 3867 3590 tranquillita-

2284 3593 2497 3656 temque
2525 3598 2830 3662 tempestas.
2859 3596 2974 3652 Non
3005 3612 3225 3669 possunt
3250 3606 3474 3673 gentiles
3507 3609 3708 3681 dicere,
3727 3616 3866 3683 quod

2281 3676 2358 3729 illi
2405 3678 2726 3750 deceptores
2770 3695 2824 3741 et
2869 3691 3289 3762 prtestigiatores
3330 3695 3568 3754 fuerint:
3604 3676 3866 3760 illi'enim

2279 3769 2509 3824 convicti
2557 3782 2702 3829 sunt.
2749 3776 2862 3833 Hoc
2911 3781 3072 3835 etiam
3110 3783 3280 3856 Moysi
3329 3789 3524 3844 accidit
3555 3806 3569 3841 :
3600 3797 3868 3851 concessit

2279 3856 2422 3914 Deus
2451 3871 2508 3916 ut
2537 3867 2675 3937 magi
2707 3881 2910 3938 essent,
2945 3890 3010 3928 ne
3041 3891 3227 3948 magus
3259 3890 3539 3949 putaretur
3564 3900 3684 3942 esse
3721 3888 3866 3961 Moy-

2277 3966 2363 4006 ses
2398 3971 2411 4006 :
2443 3958 2690 4024 permisit
2731 3970 2790 4014 ut
2829 3961 3088 4020 docerent
3129 3983 3316 4025 omnes
3341 4014 3357 4040 ,
3392 3987 3644 4044 quantum
3689 3958 3863 4052 magia

2277 4057 2488 4116 poterat
2512 4053 2881 4122 comminisci;
2930 4054 3064 4112 ultra
3112 4070 3292 4118 autem
3343 4081 3448 4121 non
3497 4069 3859 4142 deceperunt,

2273 4141 2369 4195 sed
2397 4141 2497 4212 ipsi
2529 4159 2649 4199 sese
2679 4147 2849 4202 vietos
2874 4151 3104 4208 confessi
3135 4165 3280 4212 sunt.
3310 4157 3453 4214 Nihil
3481 4162 3628 4216 nobis
3658 4174 3861 4220 nocent

2273 4231 2619 4303 deceptores;
2647 4237 2757 4294 imo
2793 4257 2892 4296 nos
2919 4245 3166 4300 meliores
3192 4249 3441 4317 reddunt,
3475 4254 3516 4306 si
3542 4254 3658 4323 quis
3683 4265 3860 4311 atten-

2272 4325 2400 4380 dere
2428 4328 2573 4382 velit.
2619 4330 2757 4396 Quid
2798 4333 2996 4404 igitur,
3046 4337 3287 4409 inquies,
3330 4343 3374 4397 si
3423 4344 3633 4400 illorum
3673 4348 3858 4418 glorize

2270 4431 2548 4477 consortes
2573 4423 2784 4479 simus?
2814 4426 2929 4480 Non
2953 4430 3092 4498 apud
3125 4447 3222 4486 nos
3251 4434 3474 4504 gloriam
3503 4437 3732 4506 habent,
3759 4443 3856 4498 scd

2267 4510 2408 4578 apud
2439 4526 2532 4566 eos
2551 4552 2566 4579 ,
2595 4515 2684 4583 qui
2705 4515 2910 4584 judicio
2937 4535 3044 4574 non
3074 4523 3277 4582 valent.
3307 4523 3385 4581 Ne
3428 4529 3651 4584 multum
3700 4547 3857 4590 cure-

2267 4617 2386 4656 mus
2416 4605 2592 4674 populi
2619 4621 2826 4675 auram,
2857 4625 2926 4666 ne
2968 4613 3104 4670 ultra
3134 4631 3292 4686 quam
3321 4630 3530 4689 oportet
3580 4624 3722 4680 illam
3771 4644 3856 4682 se-

2267 4700 2492 4746 ctemur.
2529 4695 2638 4750 Deo
2664 4698 2908 4767 vivimus,
2941 4717 3046 4758 non
3088 4704 3422 4776 hominibus;
3454 4711 3507 4766 in
3545 4715 3678 4768 czelo
3725 4731 3854 4772 con—

2265 4799 2540 4840 versamur
2559 4829 2573 4855 ,
2604 4807 2707 4844 non
2738 4793 2789 4844 in
2821 4803 2958 4848 terra
2991 4815 3002 4848 :
3033 4797 3141 4854 illic
3169 4801 3352 4857 bravia
3381 4815 3435 4859 et
3458 4809 3678 4877 praemia
3706 4808 3851 4867 Iaho-

2263 4892 2380 4930 rum
2423 4890 2729 4936 nostrorum
2779 4883 2990 4954 jacent,
3036 4891 3161 4946 inde
3207 4893 3396 4950 laudes
3439 4910 3846 4969 exspectamus,

2262 4969 2384 5024 inde
2413 4985 2661 5026 coronas.
2697 4976 2932 5032 Eatenus
2972 4995 3222 5038 curemus
3261 4985 3542 5056 homines,
3585 5004 3847 5062 quatenus

2262 5077 2329 5115 ne
2353 5077 2536 5116 ansam
2563 5065 2670 5120 illis
2698 5068 3052 5137 praebeamus.
3081 5073 3236 5142 Quod
3266 5078 3311 5132 si
3360 5079 3516 5136 nobis
3559 5097 3663 5138 non
3704 5099 3842 5154 pne-

2257 5155 2507 5212 bentibus
2527 5199 2542 5225 ,
2573 5159 2650 5213 illi
2679 5161 2947 5218 voluerint
2980 5174 3182 5223 temere
3210 5179 3265 5225 et
3309 5171 3506 5229 frustra
3550 5191 3802 5232 accusare
3825 5219 3841 5245 ,

2255 5249 2558 5317 rideamus,
2594 5269 2700 5310 non
2731 5255 3020 5325 ploremus.
3071 5261 3149 5316 Tu
3203 5267 3424 5333 provide
3475 5269 3612 5323 bona
3661 5285 3840 5325 coram

2257 5341 2368 5396 Deo
2397 5351 2452 5397 et
2482 5342 2789 5401 hominibus
2821 5365 2836 5401 :
2865 5349 2910 5403 si
2941 5361 2991 5404 te
3019 5351 3155 5407 bona
3187 5357 3522 5428 providente,
3553 5362 3639 5416 ille
3670 5363 3841 5418 inces-

2253 5443 2374 5502 sat,
2420 5449 2488 5489 ne
2517 5451 2692 5492 cures.
2724 5438 2899 5495 Habes
2925 5447 3169 5514 exempla
3199 5449 3251 5502 in
3299 5449 3612 5520 Scripturis.
3667 5453 3838 5507 Num-

2251 5525 2376 5591 quid
2429 5527 2561 5580 enim
2615 5529 2899 5586 hominibus
2945 5536 3134 5591 suadeo
3171 5555 3238 5592 an
3269 5538 3378 5594 Deo
3406 5540 3568 5612 (Gal.
3607 5545 3660 5598 1.
3692 5546 3839 5616 10)2

2253 5617 2453 5689 inquit;
2480 5635 2544 5676 ac
2569 5639 2778 5679 rursum
2811 5644 2825 5680 :
2858 5625 3166 5685 Hominibus
3199 5634 3501 5701 suademus,
3535 5635 3641 5691 Deo
3667 5648 3834 5694 autent

2251 5711 2508 5780 manifesti
2533 5730 2705 5769 sumus
2732 5714 2752 5788 (
2781 5715 2836 5770 2.
2862 5719 2979 5773 Cor.
3009 5721 3061 5775 5.
3093 5723 3152 5775 11
3185 5724 3225 5793 ).
3261 5723 3328 5778 Ει
3367 5725 3610 5782 Christus
3657 5729 3724 5783 de
3773 5731 3836 5782 iis

561 5772 776 5883 malbant
799 5818 814 5840 ,
851 5775 993 5833 Tolle
1019 5798 1133 5836 eum
1156 5785 1183 5836 ?
1217 5785 1498 5843 Timebant
1520 5832 1535 5858 ,
1591 5809 1657 5848 ne
1703 5797 1977 5862 effugeret.
2035 5802 2142 5859 Sed
2247 5808 2337 5876 qui
2365 5772 3007 5867 e'tl'cndebatur‘dieebat:
3041 5814 3166 5869 Sine
3185 5772 3331 5883 illos,
3357 5823 3508 5874 duces
3539 5817 3671 5875 sunt
3717 5824 3838 5876 arci

562 5858 712 5928 vide,
742 5879 862 5918 cum
891 5881 1085 5936 quanta
1125 5876 1384 5935 modestia
1432 5881 1627 5940 Paulus
1653 5903 1773 5942 cum
1823 5892 2036 5948 tribuno
2060 5896 2138 5952 lo-

2252 5914 2496 5952 arvorum
2527 5899 2753 5969 (Matth.
2790 5899 2875 5960 15.
2927 5904 3066 5973 M);
3118 5922 3182 5964 ac
3224 5925 3438 5967 rursum
3468 5930 3479 5967 :
3525 5910 3611 5968 Va?
3659 5914 3828 5972 vobis.
