4112 6454
205 292 320 349 5ξὸ

202 419 336 475 σον,
365 409 657 465 ἐκέλευσε
703 406 950 474 ἄγεσθαι
997 406 1183 460 αὑτὸν
1209 407 1296 470 εὶς
1325 402 1440 470 τὴν
1475 405 1880 474 παρεμϐολήν.

202 504 350 556 Ὅτε
391 497 461 551 δέ
490 497 726 567 ἐγένετο
770 495 869 547 ἐπὶ
916 494 1060 560 τοὺς
1087 493 1487 562 ἀναϐαθμσὺς,
1512 492 1741 560 συνέϐη
1771 493 1879 557 ,ϐα-

201 586 529 650 στάζεσθαι
560 583 750 638 αὑτὸν
771 582 889 637 ὑπὸ
920 580 1041 635 τῶν
1070 579 1446 648 στρατιωτῶν
1470 579 1568 633 διὰ
1594 579 1709 647 τὴν
1732 579 1885 644 βίαν

201 676 312 732 τοῦ
345 674 571 745 ὄχλου·
629 671 949 739 ἠκολούθει
1012 667 1120 739 γὰρ
1174 666 1241 721 τὸ
1292 666 1527 736 πλῆθος
1575 667 1682 722 τοῦ
1728 667 1884 723 λαοῦ

208 761 441 834 κρᾶζον,
470 755 607 827 Αἶρε
631 758 838 812 αὐτόν.
874 757 940 809 Τί
972 757 1142 819 ἐστιν,
1176 748 1318 822 Αἶρε
1358 754 1583 818 ain-0r;
1625 753 1787 818 Ἔθος
1815 749 1885 826 ἦν

212 848 490 911 Ἰουδαίοις
518 846 641 900 καθ’
674 838 750 898 ῶν
782 843 849 898 ἂν
879 843 1242 913 ἀπεφαίνοντο
1267 841 1427 896 τοῦτο
1455 841 1654 911 λέγειν,
1687 842 1762 905 ὡς
1790 843 1884 897 καὶ

210 939 301 993 ἐπὶ
328 936 422 990 τοῦ
445 933 684 1007 Χριστοῦ
718 933 779 988 τδ
807 933 938 987 αὐτὸ
970 931 1249 1001 φαίνονται
1272 930 1549 995 ποιοῦντες
1578 932 1672 985 καὶ
1697 930 1884 1000 λέγον-

204 1044 321 1092 τες,
343 1021 523 1094 Ἆρον
546 1023 766 1079 αὐτόν·
816 1021 1117 1084 τουτέστιν,
1158 1019 1253 1073 Ἐκ
1280 1018 1388 1072 τῶν
1408 1016 1625 1084 ζώντων
1660 1018 1885 1089 ποίησον

207 1114 410 1185 ἀφανῆ.
443 1112 601 1176 Τινὲς
630 1111 710 1172 δὲ,
745 1109 774 1162 ὃ
806 1110 936 1181 παρ’
956 1109 1090 1178 ἡμῖν
1111 1107 1330 1175 λέγουσι
1359 1104 1502 1159 κατά
1530 1104 1629 1176 τὴν
1653 1104 1886 1176 Ῥωμαῖ-

206 1202 314 1274 κὴν
363 1200 670 1273 συνήθειαν,
705 1198 793 1251 Ἐν
831 1198 944 1259 τοῖς
991 1196 1194 1264 σίγνοις
1244 1192 1407 1248 αὐτὸν
1457 1193 1685 1264 ἔμϐαλε,
1726 1191 1884 1247 τοῦτο

207 1286 351 1343 εἶναι
370 1288 453 1350 τὸ,
475 1283 613 1355 Αῖρε
631 1285 837 1339 αὐτόν.
871 1281 1130 1338 Μέλλων
1154 1282 1223 1335 δὲ
1245 1284 1333 1347 εις
1352 1280 1468 1350 τὴν
1498 1280 1885 1350 παρεμϐολὴν

206 1375 556 1445 εἰσάγεσθαι
581 1376 617 1427 ὁ
655 1372 916 1437 Παῦλος,
940 1368 1103 1439 λέγει
1131 1367 1211 1434 τῷ
1239 1368 1544 1436 χιλιάρχῳ·
1578 1371 1648 1422 El
1680 1367 1885 1432 ἔξεστί

202 1479 304 1532 μοι
355 1461 547 1515 εἰπεῖν
578 1476 634 1513 τι
665 1458 818 1527 πρὸς
856 1456 930 1512 σέ
949 1473 968 1521 ;
1019 1456 1143 1509 Ἐπὶ
1184 1458 1310 1519 τοὺς
1339 1454 1692 1526 ἀναϐαθμοὺς
1724 1454 1884 1525 φερό-

211 1569 395 1623 μενος,
421 1551 564 1616 ἀξιοῖ
592 1548 728 1620 πρὸς
745 1548 837 1600 τὸν
866 1545 1142 1617 χιλίαρχον
1169 1546 1346 1598 εἰπεῖν
1372 1561 1446 1598 τι.
1494 1545 1603 1597 Καὶ
1635 1544 1735 1615 ὅρα
1767 1543 1884 1605 πῶς

208 1637 489 1700 ἐπιεικῶς·
513 1638 586 1690 Εί
607 1633 807 1699 ἔξεστί
825 1651 923 1699 μοι
944 1632 1134 1686 είπεῖν
1154 1649 1205 1684 τι
1234 1631 1383 1699 πρὸς
1405 1629 1512 1693 σέ;
1535 1629 1718 1700 φησίν,
1739 1631 1791 1682 '0
1815 1630 1885 1682 δὲ

205 1726 332 1795 ἔφη
351 1742 364 1754 ·
406 1722 745 1790 Ἑλληνιστί
772 1721 1123 1792 τινώσκεις;
1163 1722 1282 1773 Οὐκ
1300 1718 1414 1786 ἄρα
1446 1717 1528 1772 σὺ
1553 1715 1611 1772 εἷ
1642 1721 1677 1771 ὸ
1706 1719 1882 1787 Αίγύ-

204 1826 408 1881 πτιος,
433 1817 467 1868 ὀ
503 1811 614 1881 πρὸ
634 1812 861 1866 τούτων
886 1810 1007 1864 τῶν
1040 1810 1277 1879 ἡμερῶν
1294 1807 1749 1873 ἀναστατώσας,
1784 1806 1882 1860 καὶ

203 1899 522 1971 ἐξαγαγὼν
538 1902 627 1966 είς
655 1899 771 1966 τὴν
798 1899 1025 1968 ἔρημον
1048 1897 1206 1963 τοὺς
1227 1896 1749 1966 τετρακισχιλίους
1776 1895 1883 1948 ἆν-

203 1987 494 2057 δραςτῶν
513 1987 840 2055 σικαρίων;
871 1978 1083 2050 Οὗτοςὸ
1108 1983 1403 2053 Αἰγύπτιος
1423 1996 1449 2023 α
1484 1982 1772 2054 ἅνθρωπός
1798 1976 1887 2047 τις

207 2072 597 2146 νεωτεροποιὸς
646 2071 839 2140 γέγονε
893 2072 988 2125 καὶ
1041 2070 1395 2140 στασιαστής.
1444 2069 1588 2140 Πρὸς
1614 2068 1678 2139 δὴ
1727 2068 1887 2123 τοῦτο

207 2160 558 2229 ἀπολογεῖται
580 2161 610 2213 ὁ
632 2160 863 2226 Παῦλος,
893 2158 987 2210 καλ¹
1014 2158 1082 2211 δι’
1106 2152 1185 2211 ὧν
1212 2153 1365 2211 εἶπεν
1393 2157 1598 2225 ἀπάγει
1627 2157 1727 2226 τῆς
1757 2157 1888 2210 ὑπο-

202 2250 334 2320 ψίας
368 2249 552 2304 αὐτόν.
589 2247 819 2318 Ἴδωμεν
848 2247 907 2301 δὲ
930 2246 1140 2302 ἀνωθεν
1170 2247 1239 2300 τὰ
1266 2245 1672 2316 ἀνεγνωσμένα.
1709 2247 1888 2300 Είσὶν

204 2338 352 2408 ἡμῖν
378 2336 618 2406 ἄνδρες,
641 2337 797 2406 φησὶ,
824 2335 1122 2403 τέσσαρες
1147 2332 1342 2404 εὐχὴν
1361 2335 1611 2401 ἔχοντες
1628 2334 1720 2402 ἐφ’
1748 2333 1886 2387 ἐαυ-

203 2426 360 2479 τῶν·
411 2424 663 2492 τούτους
707 2422 1096 2492 παραλαϐὼν,
1124 2423 1442 2491 ἁγνίσθητι
1487 2420 1612 2474 σὺν
1656 2420 1882 2487 αὐτοῖς.

205 2512 353 2585 Πρὸς
384 2511 449 2583 δὴ
468 2509 629 2564 τοῦτο
652 2510 753 2564 οὐκ
784 2510 1097 2564 ἀντιπίπτει
1125 2509 1153 2561 ὁ
1179 2507 1408 2574 Παῦλος,
1437 2506 1575 2561 ἀλλά
1614 2507 1880 2563 πείθεται.

206 2600 371 2653 Ὅθεν
395 2599 575 2671 δῆλον,
605 2599 687 2652 ὅτι
710 2598 772 2652 οὐ
802 2596 1229 2668 προηγουμένως
1252 2593 1359 2647 ἔδει
1397 2593 1559 2647 τοῦτο
1583 2597 1757 2648 ποιεῖν
1780 2594 1883 2667 (διὸ

203 2689 302 2742 καὶ
332 2687 612 2740 πείθουσιν
641 2683 848 2756 αὐτόν),
873 2685 988 2738 ἀλλ’
1012 2685 1094 2738 ὅτι
1118 2682 1401 2753 οίκονομία
1433 2681 1495 2736 τὸ
1517 2683 1753 2753 πρᾶγμα
1789 2685 1884 2737 καὶ

205 2775 615 2844 ωγκατάϐασις
657 2770 746 2845 ἦν.
793 2775 907 2827 Οὐκ
955 2773 1064 2845 ἄρα
1116 2771 1326 2840 ἑγκοπὴ
1381 2770 1477 2823 τοῦ
1529 2770 1884 2842 κηρύγματος

201 2864 364 2918 τοῦτο
396 2860 484 2935 ἦν,
545 2865 680 2918 ὅπου
729 2879 791 2931 γε
828 2863 920 2915 καὶ
978 2861 1133 2914 αὐτοὶ
1159 2859 1512 2930 ἐνομοθέτουν
1543 2859 1774 2922 ἐκείνοις
1818 2860 1885 2914 τὰ

201 2953 453 3007 τοιαῦτα.
480 2951 651 3006 Τοῦτο
674 2952 853 3006 τοίνυν
874 2949 1174 3021 οἰκονομῶν
1195 2949 1291 3004 καὶ
1315 2949 1476 3012 αὐτὸς
1497 2948 1690 3019 Πέτρῳ
1713 2950 1884 3017 ἐγκα-

204 3041 290 3094 λεῖ
326 3039 586 3110 ὕστερον·
629 3041 723 3092 καὶ
770 3039 871 3110 οὐχ
921 3038 1108 3102 ἁπλῶς
1158 3037 1291 3091 αὐτὸ
1348 3039 1512 3091 ποιεῖ.
1565 3035 1745 3107 Ὅπερ
1776 3037 1886 3109 γὰρ

205 3126 445 3181 ἐνταῦθα
470 3127 729 3198 ἐποίησεν
781 3124 963 3191 αὐτὸς,
998 3124 1157 3177 τοῦτο
1211 3123 1418 3194 Πέτρος
1444 3124 1563 3177 ἐκεῖ
1591 3124 1759 3190 σιγῶν
1791 3125 1887 3177 καὶ

206 3213 375 3268 ἱστῶν
408 3211 573 3268 αὐτοῦ
598 3213 658 3266 τὸ
699 3213 896 3283 δόγμα.
932 3212 1040 3266 Καὶ
1068 3212 1168 3266 οὐκ
1190 3205 1366 3275 εἷπον,
1400 3210 1483 3264 ὅτι
1518 3211 1596 3265 Οὐ
1630 3211 1735 3283 χρὴ
1759 3211 1888 3276 τοὺς

204 3301 353 3356 κατά
385 3302 453 3356 τὰ
511 3299 639 3371 ἔθνη
683 3299 976 3360 διδάσκειν,
1011 3299 1133 3352 οὐδὲ
1182 3298 1367 3369 Ἀρκεῖ
1409 3297 1471 3351 τὺ
1521 3297 1596 3369 μὴ
1651 3299 1887 3369 κηρῦξαι

208 3389 360 3442 ἐκεῖ·
408 3386 545 3442 ἀλλά
584 3387 792 3441 δεῖκαὶ
842 3385 1023 3440 πλεῖόν
1069 3403 1124 3438 τι
1180 3386 1422 3457 ποιῆσαι,
1456 3385 1545 3439 ἵνα
1590 3386 1887 3441 πεισθῶσιν

210 3475 430 3539 ἐκεῖνοι,
448 3475 529 3529 δτι
559 3473 847 3543 φυλάττεις
875 3473 966 3528 τὸν
994 3472 1176 3546 νόμον.
1212 3472 1628 3542 Συγκατάϐασις
1656 3472 1718 3525 τὸ
1747 3475 1889 3544 πρᾶ-

208 3563 332 3635 γμά
379 3565 511 3630 ἐστι,
552 3564 717 3635 μηδὲν
749 3563 1012 3634 φοϐηθῇς.
1073 3563 1185 3618 Καὶ
1212 3562 1334 3633 δρα,
1372 3561 1433 3615 οὐ
1473 3561 1738 3633 πρότερον
1766 3561 1888 3616 πεί-

209 3650 398 3705 θουσιν
434 3651 595 3704 αὐτὸν
622 3650 673 3713 ιτ,
696 3650 802 3714 ἕως
855 3649 947 3704 τοῦ
981 3651 1156 3704 εἰπεῖν
1185 3648 1284 3719 τὴν
1322 3642 1639 3718 οἰκονομίαν
1670 3649 1888 3719 πρῶτον

208 3739 309 3792 καὶ
340 3737 405 3791 τὸ
436 3737 645 3809 κέρδος.
681 3728 881 3791 Καὶτὸ
909 3737 968 3790 ἐν
1001 3734 1392 3808 Ἱεροσολύμοις
1420 3736 1477 3788 δὲ
1508 3734 1666 3788 τοῦτο
1691 3739 1885 3805 ποιεῖν,

207 3827 461 3896 φορητόν.
496 3826 729 3895 Ποίησον
760 3826 939 3884 τοίνυν
962 3824 1120 3878 τοῦτο
1144 3823 1396 3889 ἐνταῦθα,
1425 3824 1513 3878 ῖνα
1539 3824 1632 3897 ἐξῇ
1665 3840 1749 3877 σοι
1783 3825 1888 3892 ἔξω

207 3916 387 3966 ποιεῖν
434 3915 629 3967 ἐκεῖνο.
691 3914 828 3967 Τότε
885 3914 1267 3982 παραλαϐὼν,
1322 3913 1509 3983 φησὶν,
1562 3916 1595 3967 ό
1644 3912 1888 3981 Παῦλος

205 4001 354 4067 τοὺς
377 4000 602 4070 ἄνδρας
643 4000 718 4070 τῇ
744 4001 1003 4071 ἐχομένῃ
1035 4001 1245 4071 ἡμέρᾳ.
1283 4002 1399 4055 Οὐκ
1425 4000 1737 4066 ἀνεϐάλετο,
1771 4002 1886 4056 ἀλλ’

208 4088 358 4160 ἔργῳ
382 4090 599 4154 δεικνὺς
621 4089 722 4161 τὴν
743 4090 937 4154 πειθὼ,
962 4090 1382 4163 παραλαμϐάνει
1411 4091 1529 4162 μεθ’
1557 4086 1632 4148 ὧν
1665 4091 1887 4164 ἔμελλεν

208 4177 544 4247 ἁγνίζεσθαι.
594 4178 849 4233 Τοιοῦτόν
882 4178 937 4231 τί
969 4180 1080 4231 ἐστι
1118 4177 1319 4250 θερμὸν
1362 4180 1727 4251 ήοῖκονομία.
1776 4183 1887 4235 Καὶ

208 4265 348 4329 πῶς,
376 4267 561 4334 φησὶν,
584 4266 636 4318 οἱ
663 4267 770 4319 ἀπὸ
799 4266 896 4338 τῆς
912 4267 1094 4331 Ἀσίας
1110 4267 1348 4320 Ἰουδαῖοι
1376 4262 1514 4321 εἶδον
1535 4268 1696 4322 αὑτὸν
1719 4269 1776 4322 ἐν
1804 4269 1886 4340 τῷ

209 4352 339 4424 ἱερῷ
355 4372 369 4419 ;
393 4352 551 4416 Εἰκὸς
568 4349 637 4424 ἦν
658 4355 857 4418 αὐτοὺς
878 4354 1091 4426 ἡμέρας
1110 4356 1263 4418 τινὰς
1278 4355 1396 4407 ὲκεῖ
1408 4354 1724 4427 διατρίϐειν.
1742 4357 1886 4429 Ὅρα

204 4440 265 4494 δέ
301 4441 415 4504 πῶς
443 4443 539 4495 καὶ
562 4441 844 4512 οἰκονομία
872 4442 931 4495 τὸ
957 4444 1251 4514 γενόμενον
1288 4440 1440 4514 [548]
1469 4438 1537 4513 ἦν
1556 4460 1572 4475 ·
1607 4442 1745 4514 μετά
1776 4444 1885 4517 γὰρ

203 4528 269 4580 τὸ
302 4527 588 4599 πεισθῆναι
609 4528 735 4592 τοὺς
769 4529 1073 4597 Ἰουδαίους,
1102 4530 1226 4584 τότε
1259 4528 1609 4582 ἐπιτίθενται·
1639 4531 1880 4598 εἰκότως,

204 4614 298 4667 ῖνα
321 4614 396 4685 μὴ
414 4616 660 4669 κάκεῖνοι
688 4616 1104 4671 συνεπιθῶνται.
1132 4616 1429 4685 Βοηθεῖτε,
1453 4616 1638 4687 φησὶν,
1668 4616 1885 4687 ἄνδρες

204 4698 595 4769 Ἰσραηλῖται.
660 4703 757 4768 Ὠς
801 4721 946 4769 τινος
987 4706 1326 4776 δυσθηράτου
1385 4704 1480 4758 καὶ
1521 4705 1883 4777 δυσχειρώτου

206 4788 336 4848 ταῖς
380 4789 597 4843 ἐκείνων
647 4793 979 4861 ἐμπεσόντος
1023 4794 1182 4864 χερσὶ
1202 4832 1218 4858 ,
1276 4792 1585 4860 Βοηθεῖτε,
1645 4794 1879 4856 λέγουσι.

207 4872 451 4940 Πάντας
478 4879 782 4950 πανταχοῦ
814 4876 995 4947 οὗτός
1027 4881 1199 4935 ἐστιν
1232 4884 1265 4936 ό
1291 4880 1613 4937 διδάσκων.
1648 4883 1762 4937 Οὐκ
1793 4884 1882 4936 ἐν-

204 4961 386 5016 ταῦθα
413 4963 591 5033 μόνον,
631 4969 817 5038 φησιν,
839 4968 976 5022 ἀλλὰ
1014 4970 1351 5039 Παηαχοῦ.
1403 4965 1537 5024 Εἶτα
1566 4972 1657 5024 καὶ
1679 4973 1713 5043 ἡ
1745 4989 1881 5026 κατ-

205 5046 411 5120 ηγορία
463 5049 659 5120 μείζων
684 5054 794 5108 ἀπὸ
819 5054 926 5108 τῶν
949 5055 1252 5127 παρόντων.
1288 5057 1419 5110 Ἔτι
1477 5056 1566 5119 δὲ,
1600 5058 1752 5127 φησὶ,
1780 5059 1881 5114 καὶ

207 5138 601 5208 κεκοινώνηκε
632 5140 701 5195 τὸ
728 5141 910 5211 ἱερὸν,
939 5143 1163 5211 ἄνδρας
1193 5143 1503 5211 Ἕλληνας
1526 5144 1879 5216 εἰσαγαγών.

206 5223 321 5278 Καὶ
352 5225 458 5297 μὴν
471 5228 577 5287 ,καὶ
596 5228 688 5281 ἐπὶ
717 5229 810 5284 τοῦ
832 5230 1073 5301 Χριστοῦ
1096 5231 1369 5302 ἀνέϐησαν
1389 5233 1878 5304 προσκυνήσοντες·

206 5311 344 5365 ἀλλά
368 5315 493 5379 τοὺς
522 5316 624 5371 οὐκ
648 5315 714 5371 ἂν
742 5318 1032 5391 ἑλομένους
1058 5320 1441 5393 προσκυνῆσαι
1469 5315 1615 5375 οὗτοι
1639 5321 1880 5390 λέγουσι.

206 5399 319 5454 Καί
350 5402 772 5476 ἐπιλαϐόμενοι
798 5406 906 5462 τοῦ
941 5409 1207 5472 Παύλου,
1242 5410 1428 5481 φησὶν,
1453 5405 1662 5464 εἷλκον
1695 5409 1884 5464 αὐτὸν

205 5485 343 5552 ἔξω.
378 5489 610 5546 Σκόπει·
642 5494 750 5548 ἀπὸ
776 5494 871 5549 τοῦ
912 5497 1060 5568 ἱεροῦ
1091 5496 1446 5551 ἐκϐάλλουσιν
1468 5495 1661 5551 αὐτόν·
1694 5495 1881 5550 οὐκέτι

204 5573 315 5643 γὰρ
338 5576 519 5648 νόμων
550 5579 762 5636 ἐδέοντο
792 5583 916 5638 οὑδέ
944 5584 1340 5658 δικαστηρίων·
1384 5584 1464 5638 διὸ
1515 5584 1611 5639 καὶ
1640 5575 1877 5638 ’ἔτυπτον

201 5661 401 5717 αὐτόν·
452 5664 598 5721 οὕτω
640 5667 728 5723 διὰ
763 5672 982 5727 πάντων
1016 5672 1300 5742 φαίνονται
1338 5672 1558 5745 θρασεῖς
1604 5671 1757 5736 ὄντες
1786 5672 1882 5726 καὶ¹

203 5750 409 5820 ίταμοί.
445 5751 504 5807 '0
535 5755 748 5830 δὲτότε
808 5760 908 5830 μὲν
946 5761 1047 5813 οὐκ
1090 5760 1492 5833 ἀπελογήσατο,
1528 5760 1754 5832 ὕστερον
1783 5760 1839 5813 δέ
1864 5777 1877 5791 ·

263 5855 285 5938 _‘_
310 5856 468 5938 9:330;
492 5862 530 5930 ὁ.
549 5864 820 5938 Αἰγύπτιος,
850 5869 899 5915 ιιι
921 5880 1017 5916 uno
1037 5866 1199 5916 deest.
1268 5866 1295 5907 b
1322 5864 1455 5916 Idem
1481 5865 1611 5927 θοὰ,
1632 5866 1687 5914 οὐ
1705 5865 1877 5928 πρότο-

198 5932 286 5981 ρον
308 5933 615 5981 παραινουσιν
640 5932 797 5977 αὐτον.

1224 287 1288 344 IN
1329 285 1512 343 ACTA
1551 287 2093 344 APOSTOLORUM.
2137 289 2370 345 HOMIL.
2415 290 2598 345 XLVI.

3561 288 3664 346 εει

1991 406 2230 470 εἰκότως·
2254 408 2372 461 τότε
2400 407 2509 479 γὰρ
2533 409 2642 463 οὐδ’
2668 407 2734 462 ἂν
2761 409 3019 481 ἥκουσαν.
3041 411 3151 467 Καὶ
3178 410 3234 466 τί
3258 411 3462 484 δήποτε
3503 413 3665 486 ἐκρα-

1991 489 2101 555 ζον.
2137 488 2274 561 ΑῙρε
2314 495 2540 558 αὑτόν;
2576 494 2920 563 Ἐφοϐοῦντο.
2956 497 3031 568 μὴ
3085 497 3341 571 διαφύγῃ.
3389 498 3527 553 Ἀλλ’
3565 501 3668 571 δρα

2000 580 2116 649 μεθ’
2170 583 2300 652 ὅσης
2358 583 2652 655 ὑποστολῆς
2700 583 3008 652 διαλέγεται
3055 586 3083 637 ὁ
3133 585 3348 652 Παῦλος
3392 586 3471 657 τῷ
3516 588 3669 658 χιλι-

1994 668 2170 740 άρχῳ.
2221 670 2286 722 Τί
2355 671 2464 741 γάρ
2517 689 2683 742 φησιν
2718 683 2792 736 c;
2855 673 2925 724 El
2974 671 3181 736 ἒξεστί
3213 691 3318 743 μοι
3362 675 3558 730 εἰπεῖν
3614 695 3667 732 τι

1990 756 2142 824 πρὸς
2197 758 2309 820 σέ;
2365 757 2631 812 Τοσοῦτον
2683 753 2753 830 ἦν
2801 759 3090 823 ταπεινὸς,
3146 760 3227 813 ὅτι
3276 762 3371 815 καὶ
3430 762 3668 835 μετριά-

1990 842 2104 907 ζειν
2163 844 2277 914 ⁴ᾔδει
2341 843 2630 917 πανταχοῦ.
2699 846 2821 900 Οὐκ
2852 844 2966 913 ἄρα
3015 845 3097 900 σὺ
3143 842 3216 911 εἷ,
3247 840 3430 919 φησὶν,
3473 852 3509 904 ὀ
3550 852 3663 905 εις

1990 931 2259 1003 γύπτιος;

2057 1024 2128 1087 γ’.
2149 1021 2289 1091 Ὀρα
2315 1020 2649 1092 κακουργίαν
2668 1019 2937 1076 διαϐόλου.
2956 1018 3233 1074 Ἀπατεὼν
3255 1015 3322 1092 ἦν
3348 1020 3551 1086 ἐκεῖνος
3572 1023 3665 1076 καὶ

1990 1106 2122 1176 γόης
2152 1110 2181 1161 ὁ
2211 1108 2527 1177 Αἰγύπτιος,
2560 1110 2653 1162 καὶ
2681 1108 3049 1181 προσεδόκησε
3081 1108 3394 1174 συσκιάζειν
3423 1107 3512 1163 διά
3538 1110 3664 1162 τοῦ-

1988 1211 2081 1248 του
2114 1195 2210 1249 καὶ
2249 1197 2538 1260 κοινωνοὺς
2568 1199 2741 1250 ποιεῖν
2776 1196 2885 1249 τῶν
2919 1196 3113 1266 ἐκείνῳ
3150 1196 3539 1267 προσηκόντων
3582 1199 3667 1270 ἐγ-

1990 1282 2284 1353 κλημάτων
2327 1283 2423 1338 καὶ
2468 1284 2559 1336 τὸν
2588 1282 2823 1354 Χριστὸν
2857 1282 3101 1347 καὶτοὺς
3130 1282 3466 1347 ἀποστόλους
3492 1301 3506 1314 ·
3546 1284 3664 1339 ἀλλ’

1988 1370 2140 1423 οὐδὲν
2190 1371 2431 1442 ἴσχυσεν,
2477 1370 2592 1424 ἀλλ’
2631 1372 2779 1441 ὅμως
2827 1370 2909 1425 ἐτι
2968 1370 3324 1443 λαμπροτέρα
3356 1371 3579 1441 γέγονεν
3628 1375 3663 1443 η

1989 1457 2235 1528 ἀλήθεια,
2269 1458 2420 1511 οὐδὲν
2452 1457 2865 1527 παραϐλαϐεῖσα
2915 1461 3031 1522 τοῖς
3058 1458 3151 1510 τοῦ
3198 1457 3444 1512 διαϐόλου
3483 1475 3662 1529 μηχα-

1989 1545 2246 1615 νήμασιν,
2278 1544 2415 1599 ἀλλά
2464 1548 2557 1598 καὶ⁵
2599 1546 2799 1617 μᾶλλον
2827 1545 3109 1617 λάμψασα.
3169 1545 3233 1597 Εἰ
3280 1544 3379 1616 μέν
3425 1545 3534 1615 γὰρ
3587 1545 3664 1616 μὴ

1987 1627 2129 1702 ἦσαν
2180 1631 2396 1703 γόητες,
2436 1630 2557 1686 εἶτα
2583 1628 2730 1687 οὗτοι
2779 1634 3065 1704 ἐκράτουν,
3087 1632 3230 1703 τάχα
3257 1631 3322 1686 ἀν
3352 1648 3437 1696 τις
3462 1632 3660 1685 ἐπελά-

1991 1720 2142 1772 ϐετο·
2194 1721 2282 1772 ὅτε
2330 1719 2389 1772 δὲ
2445 1720 2541 1773 καὶ
2596 1722 2795 1774 ἐκεῖνοι
2832 1720 3141 1790 ἐφάνησαν,
3185 1713 3330 1774 οῦτοι
3377 1720 3661 1790 κρατοῦσι,

1989 1807 2146 1862 τοῦτό
2173 1809 2289 1861 ἐστι
2316 1807 2378 1861 τὸ
2402 1808 2734 1878 θαυμαστόν.
2763 1809 2855 1862 Διὸ
2877 1810 2972 1862 καὶ
2991 1809 3225 1879 φανῆναι
3247 1808 3309 1862 οὐ
3342 1808 3662 1873 κωλύονται,

1991 1897 2079 1950 ἵνα
2121 1897 2217 1950 καὶ
2264 1894 2408 1950 οὕτω
2461 1895 2665 1966 μᾶλλον
2733 1895 3018 1966 λάμψωσιν
3036 1911 3052 1927 ο
3104 1894 3292 1968 ῶσπερ
3356 1887 3512 1959 οὗτος
3568 1898 3664 1949 καὶ

1992 1983 2226 2054 ἀλλαχοῦ
2286 1984 2465 2054 λέγει·
2515 1983 2639 2037 Ἵνα
2679 1987 2733 2038 οί
2788 1983 3021 2052 δόκιμοι
3071 1983 3317 2052 φανεροί
3353 1982 3660 2052 γένωνται.

1990 2053 2213 2125 Τοιοῦτό
2241 2088 2295 2124 τι
2313 2053 2457 2143 ἦνξδ
2477 2071 2572 2125 καὶ
2609 2070 2952 2142 Γαμαλιῖνρος
2988 2069 3195 2140 ἔλεγεν,
3221 2070 3302 2125 ὅτι
3350 2068 3474 2137 Πρὸ
3524 2071 3663 2124 τού-

1989 2175 2110 2212 των
2141 2158 2262 2213 τῶν
2288 2158 2526 2229 ἡμερῶν
2551 2158 2780 2226 ἀνέστη
2808 2156 3053 2224 Θευδᾶς.
3080 2158 3221 2223 Τοὺς
3262 2158 3319 2212 δὲ
3356 2158 3660 2229 σικαρίους,

1989 2247 2040 2299 οἱ
2084 2246 2184 2317 μὲν
2215 2247 2373 2315 γένος
2415 2264 2468 2300 τι
2499 2245 2713 2319 λῃστῶν
2771 2262 2934 2317 φασιν
2959 2245 3157 2310 αὐτοὺς
3194 2242 3357 2309 εἶναι,
3385 2244 3529 2298 οὕτω
3567 2262 3664 2298 κα-

1989 2332 2283 2404 λουμένους
2326 2321 2527 2404 ἀφ”ῶν
2548 2334 2883 2405 ἐπεφέροντο
2931 2333 3122 2403 ξιφῶν,
3159 2333 3327 2389 σικῶν
3352 2333 3664 2405 λεγομένων

1990 2421 2140 2491 παρά
2173 2422 2499 2492 Ῥωμαίοις·
2556 2423 2606 2476 οί
2651 2421 2710 2475 δὲ
2755 2424 2853 2493 τῆς
2898 2423 3029 2493 μιᾶς
3058 2422 3323 2495 αἱρέσεως
3378 2422 3479 2494 τῆς
3531 2422 3663 2493 παρ’

2001 2506 2298 2578 Ἑϐραίοις.

2061 2597 2223 2666 Τρεῖς
2255 2595 2366 2666 γάρ
2392 2596 2499 2649 είσι
2545 2597 2677 2666 παρ’
2698 2596 2880 2660 αὐτοῖς
2929 2596 3171 2666 αἱρέσεις
3202 2597 3259 2648 αῖ
3297 2595 3533 2665 γενικαὶ,
3558 2598 3663 2650 Φα-

1996 2686 2215 2755 ρισαῖοι,
2244 2683 2610 2748 Σαδδουκαῖοι,
2646 2683 2742 2736 καὶ
2768 2682 3039 2752 Ἐσσηνοὶ,
3061 2683 3112 2735 οί
3165 2683 3256 2736 καὶ
3283 2683 3457 2736 Ὅσιοι
3477 2682 3662 2751 λέγον-

1993 2789 2081 2826 ται
2105 2771 2286 2842 (τοῦτο
2321 2770 2430 2841 γάρ
2459 2772 2575 2823 ἐστι
2605 2769 2667 2822 τὸ
2706 2770 2955 2840 Ἐσσηνοὶ
2995 2768 3186 2839 ὄνομα)
3224 2769 3314 2823 διὰ
3339 2771 3400 2823 τὸ
3424 2769 3518 2824 τοῦ
3545 2770 3663 2841 βίου

1992 2861 2186 2931 σεμνόν
2208 2875 2223 2890 ·
2268 2861 2317 2913 οί
2360 2850 2597 2913 αὐτοὶδὲ
2627 2858 2721 2913 καὶ
2741 2859 2985 2929 Σικάριοι
3015 2857 3105 2909 διὰ
3132 2857 3193 2910 τὸ
3236 2855 3376 2912 εἶναι
3401 2857 3661 2930 ζηλωταί.

1987 2949 2081 3020 Μὴ
2118 2948 2296 3002 τοίνυν
2320 2946 2595 3017 ἀλγῶμεν,
2626 2947 2708 3000 ὅτι
2727 2946 2967 3016 αἱρέσεις
2986 2947 3145 3009 εἰσὶν,
3175 2938 3437 3000 ὂπου’κα“ι
3474 2947 3665 3017 ψευδὸ-

1989 3054 2197 3111 χριστοι
2219 3037 2314 3091 καὶ
2336 3036 2415 3108 τῷ
2439 3034 2660 3107 Χριστῷ
2686 3034 2971 3090 ἐπιθέσθαι
2999 3035 3272 3106 ἠθέλησαν
3288 3037 3381 3089 καί
3409 3037 3515 3109 πρὸ
3542 3036 3664 3091 τού-

1987 3147 2082 3184 του
2111 3130 2205 3185 καὶ
2241 3127 2379 3201 μετὰ
2411 3127 2591 3191 τοῦτο,
2642 3124 2786 3178 ὥστε
2842 3125 3156 3179 συσκιάσαι.
3198 3124 3340 3178 Ἀλλ’
3369 3126 3404 3196 ἡ
3434 3125 3665 3196 ἀλήθεια

1988 3218 2195 3290 λάμπει
2222 3217 2317 3270 καὶ
2348 3213 2597 3285 διάδηλός
2638 3214 2755 3266 ἐστι
2795 3211 3095 3282 πανταχοῦ.
3124 3211 3297 3266 Τοῦτο
3326 3213 3421 3266 καὶ
3444 3213 3537 3267 ἐπὶ
3556 3214 3667 3269 τῶν

1990 3302 2285 3375 προφητῶν
2328 3302 2523 3372 γέγονε
2545 3317 2560 3332 ·
2610 3300 2865 3369 γεγόνασι
2916 3298 3381 3371 ψευδοπροφῆται,
3416 3301 3512 3354 καὶ
3557 3301 3669 3355 ἀπὸ

1993 3392 2336 3463 συγκρίσεως
2364 3389 2564 3462 μᾶλλον
2581 3388 2853 3460 ἐλαμψαν.
2881 3388 2991 3441 Καὶ
3022 3387 3133 3458 γὰρ
3156 3389 3189 3458 ἡ
3212 3388 3369 3451 νόσος
3393 3387 3493 3459 τὴν
3522 3388 3669 3458 ὑγεί»

1990 3496 2058 3534 αν
2072 3477 2313 3549 φανερὰν
2336 3477 2598 3540 δείκνυσι,
2620 3477 2716 3529 καὶ
2735 3474 2796 3528 τὸ
2813 3474 3002 3536 σκότος
3023 3477 3083 3527 τὸ
3096 3474 3231 3543 φῶς,
3254 3476 3349 3529 καὶ
3372 3475 3473 3547 τὴν
3494 3476 3668 3548 γαλῆ-

1990 3575 2088 3639 νην
2131 3569 2160 3621 ὁ
2207 3564 2437 3637 χειμών.
2485 3565 2602 3617 Οὐκ
2653 3563 2732 3617 Evt.
2796 3562 2974 3614 εἰπεῖν
3034 3563 3161 3625 τοὺς
3201 3561 3503 3633 Ἕλληνας,
3582 3565 3668 3618 ὅτι

1990 3654 2183 3708 πλάνοι
2206 3653 2301 3706 καὶ
2323 3646 2701 3723 γόητεςῆσαν·
2737 3649 2934 3702 ἐκεῖνοι
2964 3646 3074 3718 γὰρ
3096 3647 3459 3720 ὴλέγχθησαν.
3497 3650 3670 3705 Τοῦτο

1991 3744 2087 3799 καὶ
2112 3741 2206 3796 ἐπὶ
2234 3739 2515 3803 Μωῠσέως
2538 3737 2734 3807 γέγονε
2753 3754 2769 3768 ο
2808 3735 3185 3807 συνεχώρησεν
3204 3738 3234 3789 ὁ
3251 3735 3385 3799 Θεὸς
3402 3736 3530 3801 τοὺς
3558 3738 3666 3808 μά-

1990 3848 2144 3902 γους,
2164 3830 2253 3885 ῖνα
2286 3827 2363 3901 μὴ
2393 3826 2567 3899 μάγος
2589 3824 2875 3894 ὑποληφθῇ
2894 3823 3153 3895 Μωῡσῆς·
3167 3823 3354 3877 εἴασεν
3374 3824 3573 3889 αὐτοὺς
3588 3824 3669 3879 δι·-

1990 3919 2146 3985 δάξαι
2170 3918 2379 3979 πάντας
2394 3915 2557 3987 μέχρι
2575 3913 2744 3966 πόσου
2762 3912 2966 3983 μαγεία
2979 3910 3402 3984 [549]φαντάσαι
3419 3911 3664 3969 δύναται·

1990 4007 2303 4079 περαιτέρω
2324 4006 2381 4060 δὲ
2409 4005 2511 4058 οὐκ
2537 4003 2850 4074 ἠπάτησαν,
2875 4000 2992 4054 ἀλλ’
3017 4000 3174 4055 αὐτοὶ
3192 4001 3294 4072 τὴν
3328 3994 3499 4073 ἧτταν
3516 4001 3667 4074 ὠμο-

1988 4097 2245 4167 λόγησαν.
2279 4094 2445 4148 Οὐδὲν
2463 4094 2614 4163 ἡμᾶς
2639 4091 2968 4162 βλάπτουσιν
2990 4090 3041 4143 οἱ
3068 4088 3319 4143 ἐπιθέται
3341 4106 3355 4122 ·
3386 4090 3587 4161 μᾶλλον
3606 4090 3666 4144 δέ

1991 4186 2085 4241 καὶ
2117 4182 2330 4238 ποιοῦσι
2382 4179 2648 4252 βελτίους,
2678 4176 2745 4231 ἀν
2786 4194 2870 4241 τις
2901 4176 3027 4248 θέλῃ
3071 4177 3363 4248 προσέχειν
3394 4177 3487 4231 τὸν
3518 4178 3665 4233 νοῦν.

1990 4272 2056 4325 Τί
2079 4265 2194 4337 οὖν,
2235 4268 2420 4338 φησὶν,
2462 4267 2590 4320 ὅταν
2619 4263 2967 4335 κοινωνῶμεν
2994 4264 3177 4327 αὐτοῖς
3204 4263 3305 4335 τῆς
3346 4262 3536 4334 δόξης
3589 4267 3663 4318 Οὐ

1991 4360 2122 4429 παρ’
2149 4358 2318 4427 ἡμᾶς,
2344 4354 2478 4409 ἀλλά
2493 4351 2643 4424 παρά
2665 4351 2793 4414 τοὺς
2818 4352 2920 4404 οὐκ
2948 4350 3169 4422 ἔχοντας
3190 4352 3390 4422 κρίσιν.
3425 4351 3519 4423 Μὴ
3543 4353 3665 4421 σφό-

1988 4445 2091 4517 δρα
2123 4443 2334 4516 μελέτω
2357 4442 2454 4512 τῆς
2481 4439 2641 4511 δόξης
2670 4441 2802 4510 ἡμῖν
2831 4439 2932 4510 τῆς
2963 4438 3074 4491 τῶν
3100 4437 3333 4505 πολλῶν,
3363 4439 3497 4510 μηδέ
3523 4440 3664 4510 πέρα

1988 4533 2084 4587 τοῦ
2107 4533 2318 4595 δέοντος
2346 4528 2519 4599 αὐτῆς
2541 4528 2937 4599 φροντίζωμεν.
2967 4525 3087 4596 Θεῷ
3112 4526 3314 4597 ζῶμεν,
3330 4526 3430 4581 οὐκ
3454 4525 3637 4598 ἀνθρώ
3652 4556 3665 4569 ο

1989 4638 2146 4686 ποις·
2200 4621 2261 4673 ἐν
2286 4617 2503 4691 οὐρανῷ
2532 4615 2951 4686 πολιτευόμεθα,
2982 4615 3083 4670 οὐκ
3125 4617 3218 4670 ἐπὶ
3253 4616 3355 4685 τῆς
3382 4616 3517 4688 γῆς·
3544 4616 3668 4671 ἐκεῖ

1988 4707 2057 4760 τὰ
2082 4704 2312 4776 βραδεῖα
2335 4701 2433 4757 καὶ⁸
2459 4701 2532 4755 τά
2557 4700 2765 4754 ἔπαθλα
2791 4702 2970 4753 κεῖται
2998 4699 3106 4753 τῶν
3137 4701 3420 4771 ἡμετέρων
3451 4699 3660 4753 πόνων·

1989 4793 2200 4848 ἐκεῖθεν
2240 4789 2630 4864 προσδοκῶμεν
2666 4788 2795 4853 τοὺς
2827 4788 3106 4854 ἐπαίνους,
3149 4787 3359 4842 ἐκεῖθεν
3384 4788 3510 4852 τοὺς
3538 4804 3664 4843 στε-

1991 4883 2212 4953 φάνους.
2247 4880 2428 4951 Μέχρι
2471 4877 2731 4932 τοσούτου
2763 4876 3136 4949 φροντίζωμεν
3181 4875 3292 4931 τῶν
3335 4874 3661 4949 ἀνθρώπων,

1994 4972 2153 5043 μέχρι
2171 4967 2266 5022 τοῦ
2307 4970 2390 5040 μὴ
2409 4967 2609 5021 διδόναι
2638 4966 2734 5020 καὶ
2755 4964 3014 5036 παρέχειν
3045 4966 3228 5029 αὐτοῖς
3261 4963 3453 5037 λαϐήν.
3483 4968 3579 5020 Ἂν
3606 4967 3666 5022 δέ

1986 5060 2144 5133 ἡμῶν
2176 5061 2251 5130 μὴ
2302 5055 2648 5128 παρέχοντων
2690 5056 2889 5109 ἐκεῖνοι
2939 5053 3165 5107 θέλωσιν
3197 5053 3384 5119 ἁπλῶς
3415 5054 3511 5109 καὶ
3538 5057 3661 5127 εἰκῇ

1988 5147 2336 5218 κατηγορεῖν,
2353 5143 2625 5216 γελῶμεν,
2656 5142 2731 5214 μὴ
2758 5142 3084 5213 δακρύωμεν
3103 5140 3153 5195 ά.
3190 5142 3263 5197 Σὺ
3288 5142 3505 5212 προνόει
3521 5140 3662 5196 καλά

1987 5234 2221 5292 ἐνώπιον
2267 5232 2475 5304 Κυρίου
2536 5231 2630 5286 καὶ
2671 5230 3007 5302 ἀνθρώπων·
3049 5228 3116 5284 ἂν
3155 5229 3248 5284 σοῦ
3306 5229 3660 5301 προνοοῦντος

1987 5322 2131 5379 καλά
2156 5323 2361 5385 ἐκεῖνος
2386 5318 2635 5393 σκώπτῃ,
2666 5318 2863 5390 μηκέτι
2900 5315 3173 5390 φρόντιζε.
3221 5317 3405 5388 Ἔχεις
3433 5315 3505 5370 τὰ
3530 5315 3662 5369 6m-

1986 5409 2256 5480 δείγματα
2277 5411 2335 5463 ἐν
2355 5409 2475 5472 ταῖς
2494 5407 2757 5480 Γραφαῖς.
2790 5406 2957 5475 "Apte
3006 5405 3113 5479 γὰρ
3156 5404 3509 5473 ἀνθρώπους
3532 5403 3661 5458 πεί-

1988 5502 2088 5562 θω,
2112 5497 2151 5566 ἢ
2194 5497 2302 5551 τὸν
2332 5496 2516 5562 Θεόν;
2554 5495 2723 5566 φησί·
2764 5494 2883 5549 καὶ·
2908 5492 3090 5557 πάλιν,
3133 5490 3505 5562 ’Δνθιώπους
3531 5491 3659 5547 πεί-

1986 5589 2190 5656 θομεν,
2221 5584 2344 5650 Θεῷ
2377 5583 2446 5639 δὲ
2469 5583 2958 5654 πεφανερώμεθα.
3005 5579 3115 5634 Καὶ
3138 5582 3168 5634 ὁ
3217 5578 3452 5651 Χριστὸς
3478 5577 3661 5646 οὕτως

1984 5674 2079 5728 ἐπὶ
2106 5673 2216 5729 τῶν
2245 5672 2744 5742 σκανδαλιζομένων
2769 5670 2955 5740 ἔλεγεν
2973 5685 2987 5699 ·
3033 5669 3218 5736 ’Ἄφες
3250 5668 3492 5735 αὐτοὺς,
3520 5669 3659 5740 66n-

1982 5762 2080 5831 γοί
2099 5764 2219 5816 εισι
2244 5760 2461 5829 τυφλοὶ
2494 5758 2767 5829 τυφλῶν·
2814 5758 2909 5811 καὶ
2930 5756 3113 5821 πάλιν,
3138 5756 3292 5811 οὐαί
3328 5757 3490 5828 ὑμῖν,
3514 5760 3662 5815 ὅταν

2050 5871 2074 5900 ε’
2102 5866 2467 5934 Ιηηιιῇδυεᾶεῳ
2484 5865 2530 5927 τί
2553 5864 2642 5934 γάρ
2662 5880 2805 5934 φησιν
2823 5862 2986 5914 deest.
3030 5862 3056 5904 (1
3076 5862 3157 5915 Sic
3179 5877 3320 5934 φοι,
3340 5872 3499 5917 recte.
3524 5867 3658 5922 Editi

1989 5941 2131 5991 vero,
2158 5927 2308 5989 niale,
2333 5929 2563 5991 γελῶμεν,
2587 5927 2882 5991 δακρυωμεν.
