  <div class='ocr_page' id='page_1' title='image "/cluster/home/n/w/nwhite01/storage/ocr_20150623/60:no.9/coo.31924054869601/329.png"; bbox 0 0 4112 6424; ppageno 0'>
   <div class='ocr_carea' id='block_1_1' title="bbox 522 279 627 335">
    <p class='ocr_par' dir='ltr' id='par_1_1' title="bbox 522 279 627 335">
     <span class='ocr_line' id='line_1_1' title="bbox 522 279 627 335; baseline 0.01 -1"><span class='ocrx_word' id='word_1_1' title='bbox 522 279 627 335; x_wconf 76' lang='lat'><em>525</em></span> 
     </span>
    </p>
   </div>
   <div class='ocr_carea' id='block_1_2' title="bbox 517 390 2181 464">
    <p class='ocr_par' dir='ltr' id='par_1_2' title="bbox 517 390 2181 464">
     <span class='ocr_line' id='line_1_2' title="bbox 517 390 2181 464; baseline 0.004 -19"><span class='ocrx_word' id='word_1_2' title='bbox 517 391 716 459; x_wconf 68' lang='grc' dir='ltr'><em>καλῶς</em></span> <span class='ocrx_word' id='word_1_3' title='bbox 738 390 894 461; x_wconf 79' lang='grc' dir='ltr'><em>ὑμᾶς</em></span> <span class='ocrx_word' id='word_1_4' title='bbox 912 391 1167 447; x_wconf 80' lang='grc' dir='ltr'><em>εῖπωσιν</em></span> <span class='ocrx_word' id='word_1_5' title='bbox 1190 392 1412 459; x_wconf 78' lang='grc' dir='ltr'><em>πάντες</em></span> <span class='ocrx_word' id='word_1_6' title='bbox 1438 399 1493 449; x_wconf 74' lang='grc' dir='ltr'><em>οἱ</em></span> <span class='ocrx_word' id='word_1_7' title='bbox 1525 396 1819 464; x_wconf 78' lang='grc' dir='ltr'><em>ἄνθρωποι</em></span> <span class='ocrx_word' id='word_1_8' title='bbox 1850 411 1875 437; x_wconf 79' lang='grc' dir='ltr'>ι</span> <span class='ocrx_word' id='word_1_9' title='bbox 1903 415 1915 429; x_wconf 85' lang='grc'><strong>·</strong></span> <span class='ocrx_word' id='word_1_10' title='bbox 1953 400 2049 453; x_wconf 76' lang='grc' dir='ltr'><em>καὶ</em></span> <span class='ocrx_word' id='word_1_11' title='bbox 2079 399 2181 451; x_wconf 84' lang='grc' dir='ltr'><em>πά-</em></span> 
     </span>
    </p>
   </div>
   <div class='ocr_carea' id='block_1_3' title="bbox 516 479 2186 554">
    <p class='ocr_par' dir='ltr' id='par_1_3' title="bbox 516 479 2186 554">
     <span class='ocr_line' id='line_1_3' title="bbox 516 479 2186 554; baseline 0.007 -24"><span class='ocrx_word' id='word_1_12' title='bbox 516 479 617 532; x_wconf 87' lang='grc' dir='ltr'><em>λιν·</em></span> <span class='ocrx_word' id='word_1_13' title='bbox 660 479 961 549; x_wconf 76' lang='grc' dir='ltr'><em>Λαμψάτω</em></span> <span class='ocrx_word' id='word_1_14' title='bbox 982 480 1052 533; x_wconf 84' lang='grc' dir='ltr'><em>τὰ</em></span> <span class='ocrx_word' id='word_1_15' title='bbox 1074 479 1219 548; x_wconf 73' lang='grc' dir='ltr'><em>ἔργα</em></span> <span class='ocrx_word' id='word_1_16' title='bbox 1245 482 1434 550; x_wconf 82' lang='grc' dir='ltr'><em>ὑμῶν,</em></span> <span class='ocrx_word' id='word_1_17' title='bbox 1467 483 1627 550; x_wconf 84' lang='grc' dir='ltr'><em>ὅπως</em></span> <span class='ocrx_word' id='word_1_18' title='bbox 1653 485 1861 539; x_wconf 81' lang='grc' dir='ltr'><em>ιδωσιν</em></span> <span class='ocrx_word' id='word_1_19' title='bbox 1886 489 1941 539; x_wconf 80' lang='grc' dir='ltr'><em>οἱ</em></span> <span class='ocrx_word' id='word_1_20' title='bbox 1967 486 2186 554; x_wconf 77' lang='grc' dir='ltr'><em>ἅνθρω-</em></span> 
     </span>
    </p>
   </div>
   <div class='ocr_carea' id='block_1_4' title="bbox 515 566 2185 641">
    <p class='ocr_par' dir='ltr' id='par_1_4' title="bbox 515 566 2185 641">
     <span class='ocr_line' id='line_1_4' title="bbox 515 566 2185 641; baseline 0.005 -23"><span class='ocrx_word' id='word_1_21' title='bbox 515 582 637 630; x_wconf 76' lang='grc' dir='ltr'><em>ποι,</em></span> <span class='ocrx_word' id='word_1_22' title='bbox 691 566 787 621; x_wconf 82' lang='grc' dir='ltr'><em>καί</em></span> <span class='ocrx_word' id='word_1_23' title='bbox 826 566 1135 630; x_wconf 78' lang='grc' dir='ltr'><em>δοξάσωσι</em></span> <span class='ocrx_word' id='word_1_24' title='bbox 1177 568 1284 621; x_wconf 87' lang='grc' dir='ltr'><em>τὸν</em></span> <span class='ocrx_word' id='word_1_25' title='bbox 1332 571 1566 639; x_wconf 79' lang='grc' dir='ltr'><em>Πατέρα</em></span> <span class='ocrx_word' id='word_1_26' title='bbox 1608 574 1775 640; x_wconf 86' lang='grc' dir='ltr'><em>ὑμῶν</em></span> <span class='ocrx_word' id='word_1_27' title='bbox 1823 575 1929 627; x_wconf 79' lang='grc' dir='ltr'><em>τὸν</em></span> <span class='ocrx_word' id='word_1_28' title='bbox 1962 574 2032 627; x_wconf 81' lang='grc' dir='ltr'><em>ἐν</em></span> <span class='ocrx_word' id='word_1_29' title='bbox 2063 574 2185 641; x_wconf 83' lang='grc' dir='ltr'><em>τοῖς</em></span> 
     </span>
    </p>
   </div>
   <div class='ocr_carea' id='block_1_5' title="bbox 514 656 2183 734">
    <p class='ocr_par' dir='ltr' id='par_1_5' title="bbox 514 656 2183 734">
     <span class='ocr_line' id='line_1_5' title="bbox 514 656 2183 734; baseline 0.007 -26"><span class='ocrx_word' id='word_1_30' title='bbox 514 656 807 724; x_wconf 80' lang='grc' dir='ltr'><em>οὐρανοῖς.</em></span> <span class='ocrx_word' id='word_1_31' title='bbox 851 656 914 709; x_wconf 84' lang='grc' dir='ltr'><em>Εἰ</em></span> <span class='ocrx_word' id='word_1_32' title='bbox 942 656 997 709; x_wconf 87' lang='grc' dir='ltr'><em>δέ</em></span> <span class='ocrx_word' id='word_1_33' title='bbox 1026 657 1259 727; x_wconf 82' lang='grc' dir='ltr'><em>ἀλλαχοῦ</em></span> <span class='ocrx_word' id='word_1_34' title='bbox 1293 660 1474 728; x_wconf 78' lang='grc' dir='ltr'><em>λέγει’</em></span> <span class='ocrx_word' id='word_1_35' title='bbox 1536 664 1639 727; x_wconf 79' lang='grc' dir='ltr'><em>’ος</em></span> <span class='ocrx_word' id='word_1_36' title='bbox 1664 663 1773 717; x_wconf 80' lang='grc' dir='ltr'><em>ἐὰν</em></span> <span class='ocrx_word' id='word_1_37' title='bbox 1796 665 2183 734; x_wconf 74' lang='grc' dir='ltr'><em>σκανδαλίσῃ</em></span> 
     </span>
    </p>
   </div>
   <div class='ocr_carea' id='block_1_6' title="bbox 513 741 2185 821">
    <p class='ocr_par' dir='ltr' id='par_1_6' title="bbox 513 741 2185 821">
     <span class='ocr_line' id='line_1_6' title="bbox 513 741 2185 821; baseline 0.007 -27"><span class='ocrx_word' id='word_1_38' title='bbox 513 741 621 795; x_wconf 81' lang='grc' dir='ltr'><em>ἕνα</em></span> <span class='ocrx_word' id='word_1_39' title='bbox 649 741 765 794; x_wconf 85' lang='grc' dir='ltr'><em>τῶν</em></span> <span class='ocrx_word' id='word_1_40' title='bbox 778 742 1007 811; x_wconf 83' lang='grc' dir='ltr'><em>μικρῶν</em></span> <span class='ocrx_word' id='word_1_41' title='bbox 1035 746 1281 812; x_wconf 89' lang='grc' dir='ltr'><em>τούτων,</em></span> <span class='ocrx_word' id='word_1_42' title='bbox 1314 748 1605 817; x_wconf 64' lang='grc' dir='ltr'><em>συμφέρει</em></span> <span class='ocrx_word' id='word_1_43' title='bbox 1630 750 1791 816; x_wconf 85' lang='grc' dir='ltr'><em>αὐτῷ</em></span> <span class='ocrx_word' id='word_1_44' title='bbox 1832 753 1932 804; x_wconf 82' lang='grc' dir='ltr'><em>ἵνα</em></span> <span class='ocrx_word' id='word_1_45' title='bbox 1982 769 2185 821; x_wconf 83' lang='grc' dir='ltr'><em>κρεμα-</em></span> 
     </span>
    </p>
   </div>
   <div class='ocr_carea' id='block_1_7' title="bbox 512 827 2181 905">
    <p class='ocr_par' dir='ltr' id='par_1_7' title="bbox 512 827 2181 905">
     <span class='ocr_line' id='line_1_7' title="bbox 512 827 2181 905; baseline 0.006 -23"><span class='ocrx_word' id='word_1_46' title='bbox 512 827 634 896; x_wconf 86' lang='grc' dir='ltr'><em>σθῇ</em></span> <span class='ocrx_word' id='word_1_47' title='bbox 678 830 872 896; x_wconf 75' lang='grc' dir='ltr'><em>μύλος·</em></span> <span class='ocrx_word' id='word_1_48' title='bbox 921 831 1123 897; x_wconf 81' lang='grc' dir='ltr'><em>ὀνικὸς</em></span> <span class='ocrx_word' id='word_1_49' title='bbox 1167 834 1300 902; x_wconf 75' lang='grc' dir='ltr'><em>περὶ</em></span> <span class='ocrx_word' id='word_1_50' title='bbox 1348 835 1455 888; x_wconf 83' lang='grc' dir='ltr'><em>τὸν</em></span> <span class='ocrx_word' id='word_1_51' title='bbox 1504 837 1809 905; x_wconf 75' lang='grc' dir='ltr'><em>τράχηλον</em></span> <span class='ocrx_word' id='word_1_52' title='bbox 1843 840 2048 904; x_wconf 84' lang='grc' dir='ltr'><em>αὑτοῦ,</em></span> <span class='ocrx_word' id='word_1_53' title='bbox 2084 840 2181 893; x_wconf 79' lang='grc' dir='ltr'><em>καὶ</em></span> 
     </span>
    </p>
   </div>
   <div class='ocr_carea' id='block_1_8' title="bbox 512 919 2181 997">
    <p class='ocr_par' dir='ltr' id='par_1_8' title="bbox 512 919 2181 997">
     <span class='ocr_line' id='line_1_8' title="bbox 512 919 2181 997; baseline 0.008 -29"><span class='ocrx_word' id='word_1_54' title='bbox 512 919 959 987; x_wconf 73' lang='grc' dir='ltr'><em>καταποντισθῇ</em></span> <span class='ocrx_word' id='word_1_55' title='bbox 996 920 1067 972; x_wconf 85' lang='grc' dir='ltr'><em>ἐν</em></span> <span class='ocrx_word' id='word_1_56' title='bbox 1114 919 1191 985; x_wconf 84' lang='grc' dir='ltr'><em>τῷ</em></span> <span class='ocrx_word' id='word_1_57' title='bbox 1237 922 1481 992; x_wconf 74' lang='grc' dir='ltr'><em>πελάγει</em></span> <span class='ocrx_word' id='word_1_58' title='bbox 1537 924 1647 991; x_wconf 84' lang='grc' dir='ltr'><em>τῆς</em></span> <span class='ocrx_word' id='word_1_59' title='bbox 1701 925 2050 993; x_wconf 74' lang='grc' dir='ltr'><em>θαλάσσης·</em></span> <span class='ocrx_word' id='word_1_60' title='bbox 2107 928 2181 997; x_wconf 83' lang='grc' dir='ltr'><em>μὴ</em></span> 
     </span>
    </p>
   </div>
   <div class='ocr_carea' id='block_1_9' title="bbox 513 1005 2183 1082">
    <p class='ocr_par' dir='ltr' id='par_1_9' title="bbox 513 1005 2183 1082">
     <span class='ocr_line' id='line_1_9' title="bbox 513 1005 2183 1082; baseline 0.006 -27"><span class='ocrx_word' id='word_1_61' title='bbox 513 1005 799 1077; x_wconf 81' lang='grc' dir='ltr'><em>θαυμάσῃς</em></span> <span class='ocrx_word' id='word_1_62' title='bbox 819 1022 831 1033; x_wconf 89' lang='grc'><strong>·</strong></span> <span class='ocrx_word' id='word_1_63' title='bbox 868 1007 926 1058; x_wconf 77' lang='grc' dir='ltr'><em>οὐ</em></span> <span class='ocrx_word' id='word_1_64' title='bbox 961 1008 1067 1078; x_wconf 90' lang='grc' dir='ltr'><em>γάρ</em></span> <span class='ocrx_word' id='word_1_65' title='bbox 1092 1008 1208 1061; x_wconf 90' lang='grc' dir='ltr'><em>ἐστι</em></span> <span class='ocrx_word' id='word_1_66' title='bbox 1239 1008 1413 1063; x_wconf 88' lang='grc' dir='ltr'><em>ταῦτα</em></span> <span class='ocrx_word' id='word_1_67' title='bbox 1440 1012 1657 1064; x_wconf 91' lang='grc' dir='ltr'><em>ἐναντία</em></span> <span class='ocrx_word' id='word_1_68' title='bbox 1682 1013 1737 1075; x_wconf 73' lang='grc' dir='ltr'><em>ι),</em></span> <span class='ocrx_word' id='word_1_69' title='bbox 1762 1013 1898 1065; x_wconf 91' lang='grc' dir='ltr'><em>ἀλλά</em></span> <span class='ocrx_word' id='word_1_70' title='bbox 1929 1014 2021 1066; x_wconf 80' lang='grc' dir='ltr'><em>καί</em></span> <span class='ocrx_word' id='word_1_71' title='bbox 2051 1014 2183 1082; x_wconf 88' lang='grc' dir='ltr'><em>σφό-</em></span> 
     </span>
    </p>
   </div>
   <div class='ocr_carea' id='block_1_10' title="bbox 511 1089 2183 1170">
    <p class='ocr_par' dir='ltr' id='par_1_10' title="bbox 511 1089 2183 1170">
     <span class='ocr_line' id='line_1_10' title="bbox 511 1089 2183 1170; baseline 0.007 -29"><span class='ocrx_word' id='word_1_72' title='bbox 511 1089 615 1161; x_wconf 90' lang='grc' dir='ltr'><em>δρα</em></span> <span class='ocrx_word' id='word_1_73' title='bbox 639 1092 947 1161; x_wconf 83' lang='grc' dir='ltr'><em>συνᾴδοντα.</em></span> <span class='ocrx_word' id='word_1_74' title='bbox 983 1093 1153 1146; x_wconf 86' lang='grc' dir='ltr'><em>Ὅταν</em></span> <span class='ocrx_word' id='word_1_75' title='bbox 1183 1095 1283 1165; x_wconf 84' lang='grc' dir='ltr'><em>μὲν</em></span> <span class='ocrx_word' id='word_1_76' title='bbox 1321 1095 1429 1167; x_wconf 90' lang='grc' dir='ltr'><em>γάρ</em></span> <span class='ocrx_word' id='word_1_77' title='bbox 1460 1100 1591 1167; x_wconf 82' lang='grc' dir='ltr'><em>παρ’</em></span> <span class='ocrx_word' id='word_1_78' title='bbox 1617 1100 1764 1169; x_wconf 78' lang='grc' dir='ltr'><em>ἡμᾶς</em></span> <span class='ocrx_word' id='word_1_79' title='bbox 1785 1099 2031 1170; x_wconf 86' lang='grc' dir='ltr'><em>γένηται,</em></span> <span class='ocrx_word' id='word_1_80' title='bbox 2061 1100 2183 1152; x_wconf 73' lang='grc' dir='ltr'><em>οὐαὶ</em></span> 
     </span>
    </p>
   </div>
   <div class='ocr_carea' id='block_1_11' title="bbox 512 1179 2181 1254">
    <p class='ocr_par' dir='ltr' id='par_1_11' title="bbox 512 1179 2181 1254">
     <span class='ocr_line' id='line_1_11' title="bbox 512 1179 2181 1254; baseline 0.008 -26"><span class='ocrx_word' id='word_1_81' title='bbox 512 1179 669 1247; x_wconf 67' lang='grc' dir='ltr'><em>ἡμῖν’</em></span> <span class='ocrx_word' id='word_1_82' title='bbox 711 1179 837 1231; x_wconf 85' lang='grc' dir='ltr'><em>ὅταν</em></span> <span class='ocrx_word' id='word_1_83' title='bbox 862 1179 918 1231; x_wconf 87' lang='grc' dir='ltr'><em>δέ</em></span> <span class='ocrx_word' id='word_1_84' title='bbox 945 1180 1021 1250; x_wconf 85' lang='grc' dir='ltr'><em>μὴ</em></span> <span class='ocrx_word' id='word_1_85' title='bbox 1054 1184 1184 1254; x_wconf 85' lang='grc' dir='ltr'><em>παρ’</em></span> <span class='ocrx_word' id='word_1_86' title='bbox 1210 1184 1378 1253; x_wconf 81' lang='grc' dir='ltr'><em>ἡμᾶς,</em></span> <span class='ocrx_word' id='word_1_87' title='bbox 1404 1185 1608 1239; x_wconf 81' lang='grc' dir='ltr'><em>οὐκέτι.</em></span> <span class='ocrx_word' id='word_1_88' title='bbox 1660 1188 1767 1239; x_wconf 74' lang='grc' dir='ltr'><em>Καὶ</em></span> <span class='ocrx_word' id='word_1_89' title='bbox 1801 1188 1960 1241; x_wconf 88' lang='grc' dir='ltr'><em>πάλιν</em></span> <span class='ocrx_word' id='word_1_90' title='bbox 1978 1202 1995 1220; x_wconf 73' lang='grc'><strong>⁸</strong></span> <span class='ocrx_word' id='word_1_91' title='bbox 2039 1188 2181 1242; x_wconf 80' lang='grc' dir='ltr'><em>Οὐαί</em></span> 
     </span>
    </p>
   </div>
   <div class='ocr_carea' id='block_1_12' title="bbox 510 1262 2177 1342">
    <p class='ocr_par' dir='ltr' id='par_1_12' title="bbox 510 1262 2177 1342">
     <span class='ocr_line' id='line_1_12' title="bbox 510 1262 2177 1342; baseline 0.008 -26"><span class='ocrx_word' id='word_1_92' title='bbox 510 1262 670 1331; x_wconf 84' lang='grc' dir='ltr'><em>ὑμῖν,</em></span> <span class='ocrx_word' id='word_1_93' title='bbox 720 1264 794 1316; x_wconf 79' lang='grc' dir='ltr'><em>δι’</em></span> <span class='ocrx_word' id='word_1_94' title='bbox 824 1265 930 1330; x_wconf 83' lang='grc' dir='ltr'><em>οὓς</em></span> <span class='ocrx_word' id='word_1_95' title='bbox 978 1266 1044 1319; x_wconf 84' lang='grc' dir='ltr'><em>τὸ</em></span> <span class='ocrx_word' id='word_1_96' title='bbox 1098 1267 1287 1338; x_wconf 81' lang='grc' dir='ltr'><em>ὄνομα</em></span> <span class='ocrx_word' id='word_1_97' title='bbox 1352 1271 1459 1325; x_wconf 89' lang='grc' dir='ltr'><em>τοῦ</em></span> <span class='ocrx_word' id='word_1_98' title='bbox 1509 1272 1657 1326; x_wconf 84' lang='grc' dir='ltr'><em>Θεοῦ</em></span> <span class='ocrx_word' id='word_1_99' title='bbox 1715 1274 2177 1342; x_wconf 74' lang='grc' dir='ltr'><em>βλασφημεῖται.</em></span> 
     </span>
    </p>
   </div>
   <div class='ocr_carea' id='block_1_13' title="bbox 509 1345 2184 1430">
    <p class='ocr_par' dir='ltr' id='par_1_13' title="bbox 509 1345 2184 1430">
     <span class='ocr_line' id='line_1_13' title="bbox 509 1345 2184 1430; baseline 0.008 -29"><span class='ocrx_word' id='word_1_100' title='bbox 509 1350 573 1401; x_wconf 83' lang='grc' dir='ltr'><em>Τί</em></span> <span class='ocrx_word' id='word_1_101' title='bbox 603 1345 713 1414; x_wconf 83' lang='grc' dir='ltr'><em>οῦν,</em></span> <span class='ocrx_word' id='word_1_102' title='bbox 738 1350 803 1404; x_wconf 83' lang='grc' dir='ltr'><em>ἂν</em></span> <span class='ocrx_word' id='word_1_103' title='bbox 831 1352 939 1419; x_wconf 88' lang='grc' dir='ltr'><em>ἐγὼ</em></span> <span class='ocrx_word' id='word_1_104' title='bbox 967 1354 1066 1424; x_wconf 91' lang='grc' dir='ltr'><em>μέν</em></span> <span class='ocrx_word' id='word_1_105' title='bbox 1090 1356 1228 1408; x_wconf 87' lang='grc' dir='ltr'><em>ποιῶ</em></span> <span class='ocrx_word' id='word_1_106' title='bbox 1244 1373 1296 1408; x_wconf 89' lang='grc' dir='ltr'><em>τι</em></span> <span class='ocrx_word' id='word_1_107' title='bbox 1325 1358 1433 1411; x_wconf 90' lang='grc' dir='ltr'><em>τῶν</em></span> <span class='ocrx_word' id='word_1_108' title='bbox 1453 1358 1701 1423; x_wconf 82' lang='grc' dir='ltr'><em>δεόντων,</em></span> <span class='ocrx_word' id='word_1_109' title='bbox 1735 1360 1922 1430; x_wconf 87' lang='grc' dir='ltr'><em>ἐτερος</em></span> <span class='ocrx_word' id='word_1_110' title='bbox 1940 1360 1994 1413; x_wconf 87' lang='grc' dir='ltr'><em>δέ</em></span> <span class='ocrx_word' id='word_1_111' title='bbox 2016 1361 2184 1430; x_wconf 88' lang='grc' dir='ltr'><em>βλασ-</em></span> 
     </span>
    </p>
   </div>
   <div class='ocr_carea' id='block_1_14' title="bbox 512 1438 2181 1516">
    <p class='ocr_par' dir='ltr' id='par_1_14' title="bbox 512 1438 2181 1516">
     <span class='ocr_line' id='line_1_14' title="bbox 512 1438 2181 1516; baseline 0.007 -27"><span class='ocrx_word' id='word_1_112' title='bbox 512 1439 707 1507; x_wconf 84' lang='grc' dir='ltr'><em>φημῇ;</em></span> <span class='ocrx_word' id='word_1_113' title='bbox 762 1438 927 1492; x_wconf 81' lang='grc' dir='ltr'><em>Ούδέν</em></span> <span class='ocrx_word' id='word_1_114' title='bbox 960 1441 1094 1511; x_wconf 74' lang='grc' dir='ltr'><em>προς</em></span> <span class='ocrx_word' id='word_1_115' title='bbox 1130 1442 1189 1494; x_wconf 87' lang='grc' dir='ltr'><em>σέ</em></span> <span class='ocrx_word' id='word_1_116' title='bbox 1211 1482 1226 1507; x_wconf 94' lang='grc'><em>,</em></span> <span class='ocrx_word' id='word_1_117' title='bbox 1261 1444 1399 1496; x_wconf 80' lang='grc' dir='ltr'><em>ἀλλά</em></span> <span class='ocrx_word' id='word_1_118' title='bbox 1434 1446 1571 1516; x_wconf 86' lang='grc' dir='ltr'><em>πρὸς</em></span> <span class='ocrx_word' id='word_1_119' title='bbox 1614 1447 1848 1500; x_wconf 84' lang='grc' dir='ltr'><em>ἐκεῖνον·</em></span> <span class='ocrx_word' id='word_1_120' title='bbox 1881 1447 1948 1500; x_wconf 80' lang='grc' dir='ltr'><em>δι’</em></span> <span class='ocrx_word' id='word_1_121' title='bbox 1971 1448 2181 1501; x_wconf 87' lang='grc' dir='ltr'><em>ἐκείνου</em></span> 
     </span>
    </p>
   </div>
   <div class='ocr_carea' id='block_1_15' title="bbox 507 1523 2177 1603">
    <p class='ocr_par' dir='ltr' id='par_1_15' title="bbox 507 1523 2177 1603">
     <span class='ocr_line' id='line_1_15' title="bbox 507 1523 2177 1603; baseline 0.008 -29"><span class='ocrx_word' id='word_1_122' title='bbox 507 1523 616 1595; x_wconf 84' lang='grc' dir='ltr'><em>γὰρ</em></span> <span class='ocrx_word' id='word_1_123' title='bbox 645 1525 1061 1598; x_wconf 81' lang='grc' dir='ltr'><em>ἐϐλασφημήθη.</em></span> <span class='ocrx_word' id='word_1_124' title='bbox 1093 1530 1200 1582; x_wconf 74' lang='grc' dir='ltr'><em>Καὶ</em></span> <span class='ocrx_word' id='word_1_125' title='bbox 1226 1530 1345 1594; x_wconf 88' lang='grc' dir='ltr'><em>πῶς</em></span> <span class='ocrx_word' id='word_1_126' title='bbox 1376 1531 1452 1586; x_wconf 88' lang='grc' dir='ltr'><em>ἐνι</em></span> <span class='ocrx_word' id='word_1_127' title='bbox 1485 1534 1686 1603; x_wconf 82' lang='grc' dir='ltr'><em>πρᾶξαί</em></span> <span class='ocrx_word' id='word_1_128' title='bbox 1707 1552 1759 1586; x_wconf 91' lang='grc' dir='ltr'><em>τι</em></span> <span class='ocrx_word' id='word_1_129' title='bbox 1796 1533 1903 1587; x_wconf 88' lang='grc' dir='ltr'><em>τῶν</em></span> <span class='ocrx_word' id='word_1_130' title='bbox 1927 1536 2177 1601; x_wconf 82' lang='grc' dir='ltr'><em>δεόντων,</em></span> 
     </span>
    </p>
   </div>
   <div class='ocr_carea' id='block_1_16' title="bbox 508 1611 2179 1689">
    <p class='ocr_par' dir='ltr' id='par_1_16' title="bbox 508 1611 2179 1689">
     <span class='ocr_line' id='line_1_16' title="bbox 508 1611 2179 1689; baseline 0.007 -26"><span class='ocrx_word' id='word_1_131' title='bbox 508 1612 602 1664; x_wconf 78' lang='grc' dir='ltr'><em>καὶ</em></span> <span class='ocrx_word' id='word_1_132' title='bbox 630 1611 811 1664; x_wconf 88' lang='grc' dir='ltr'><em>δοῦναι</em></span> <span class='ocrx_word' id='word_1_133' title='bbox 840 1616 951 1675; x_wconf 86' lang='grc' dir='ltr'><em>τοῖς</em></span> <span class='ocrx_word' id='word_1_134' title='bbox 972 1614 1155 1680; x_wconf 84' lang='grc' dir='ltr'><em>ἄλλοις</em></span> <span class='ocrx_word' id='word_1_135' title='bbox 1177 1617 1383 1686; x_wconf 78' lang='grc' dir='ltr'><em>λαϐήν;</em></span> <span class='ocrx_word' id='word_1_136' title='bbox 1425 1618 1595 1672; x_wconf 83' lang='grc' dir='ltr'><em>Πόθεν</em></span> <span class='ocrx_word' id='word_1_137' title='bbox 1620 1620 1895 1689; x_wconf 89' lang='grc' dir='ltr'><em>βούλεσθε,</em></span> <span class='ocrx_word' id='word_1_138' title='bbox 1934 1622 2040 1675; x_wconf 82' lang='grc' dir='ltr'><em>ἀπὸ</em></span> <span class='ocrx_word' id='word_1_139' title='bbox 2072 1621 2179 1674; x_wconf 89' lang='grc' dir='ltr'><em>τῶν</em></span> 
     </span>
    </p>
   </div>
   <div class='ocr_carea' id='block_1_17' title="bbox 507 1696 2180 1778">
    <p class='ocr_par' dir='ltr' id='par_1_17' title="bbox 507 1696 2180 1778">
     <span class='ocr_line' id='line_1_17' title="bbox 507 1696 2180 1778; baseline 0.006 -28"><span class='ocrx_word' id='word_1_140' title='bbox 507 1696 603 1751; x_wconf 90' lang='grc' dir='ltr'><em>νῦν</em></span> <span class='ocrx_word' id='word_1_141' title='bbox 635 1698 823 1761; x_wconf 78' lang='grc' dir='ltr'><em>όντων,</em></span> <span class='ocrx_word' id='word_1_142' title='bbox 862 1700 894 1771; x_wconf 75' lang='grc' dir='ltr'><strong>ἢ</strong></span> <span class='ocrx_word' id='word_1_143' title='bbox 929 1701 1038 1754; x_wconf 86' lang='grc' dir='ltr'><em>ἀπὸ</em></span> <span class='ocrx_word' id='word_1_144' title='bbox 1082 1703 1190 1756; x_wconf 87' lang='grc' dir='ltr'><em>τῶν</em></span> <span class='ocrx_word' id='word_1_145' title='bbox 1227 1704 1473 1758; x_wconf 90' lang='grc' dir='ltr'><em>παλαιῶν</em></span> <span class='ocrx_word' id='word_1_146' title='bbox 1502 1706 1570 1759; x_wconf 89' lang='grc' dir='ltr'><em>τά</em></span> <span class='ocrx_word' id='word_1_147' title='bbox 1604 1707 2023 1778; x_wconf 87' lang='grc' dir='ltr'><em>παραδείγματα</em></span> <span class='ocrx_word' id='word_1_148' title='bbox 2052 1709 2180 1777; x_wconf 84' lang='grc' dir='ltr'><em>ὑμῖν</em></span> 
     </span>
    </p>
   </div>
   <div class='ocr_carea' id='block_1_18' title="bbox 506 1784 2181 1865">
    <p class='ocr_par' dir='ltr' id='par_1_18' title="bbox 506 1784 2181 1865">
     <span class='ocr_line' id='line_1_18' title="bbox 506 1784 2181 1865; baseline 0.008 -30"><span class='ocrx_word' id='word_1_149' title='bbox 506 1784 727 1851; x_wconf 78' lang='grc' dir='ltr'><em>ἀγάγως</em></span> <span class='ocrx_word' id='word_1_150' title='bbox 762 1787 877 1839; x_wconf 84' lang='grc' dir='ltr'><em>Ἵνα</em></span> <span class='ocrx_word' id='word_1_151' title='bbox 903 1787 976 1858; x_wconf 86' lang='grc' dir='ltr'><em>μὴ</em></span> <span class='ocrx_word' id='word_1_152' title='bbox 998 1787 1277 1857; x_wconf 81' lang='grc' dir='ltr'>ψοφοδεεῖς</span> <span class='ocrx_word' id='word_1_153' title='bbox 1302 1786 1469 1861; x_wconf 83' lang='grc' dir='ltr'><em>ὦμεν,</em></span> <span class='ocrx_word' id='word_1_154' title='bbox 1498 1792 1751 1862; x_wconf 83' lang='grc' dir='ltr'><em>βούλεσθε</em></span> <span class='ocrx_word' id='word_1_155' title='bbox 1775 1795 1906 1847; x_wconf 80' lang='grc' dir='ltr'><em>αὐτὸ</em></span> <span class='ocrx_word' id='word_1_156' title='bbox 1935 1796 1998 1865; x_wconf 82' lang='grc' dir='ltr'><em>δὴ</em></span> <span class='ocrx_word' id='word_1_157' title='bbox 2024 1795 2181 1848; x_wconf 86' lang='grc' dir='ltr'><em>τοῦτο</em></span> 
     </span>
    </p>
   </div>
   <div class='ocr_carea' id='block_1_19' title="bbox 502 1871 2179 1948">
    <p class='ocr_par' dir='ltr' id='par_1_19' title="bbox 502 1871 2179 1948">
     <span class='ocr_line' id='line_1_19' title="bbox 502 1871 2179 1948; baseline 0.007 -25"><span class='ocrx_word' id='word_1_158' title='bbox 502 1872 564 1923; x_wconf 71' lang='grc' dir='ltr'><em>τὸ</em></span> <span class='ocrx_word' id='word_1_159' title='bbox 600 1871 693 1924; x_wconf 85' lang='grc' dir='ltr'><em>νῦν</em></span> <span class='ocrx_word' id='word_1_160' title='bbox 749 1874 882 1940; x_wconf 85' lang='grc' dir='ltr'><em>μετά</em></span> <span class='ocrx_word' id='word_1_161' title='bbox 916 1877 1102 1944; x_wconf 86' lang='grc' dir='ltr'><em>χεῖρας</em></span> <span class='ocrx_word' id='word_1_162' title='bbox 1142 1876 1417 1948; x_wconf 76' lang='grc' dir='ltr'><em>είπωμενς</em></span> <span class='ocrx_word' id='word_1_163' title='bbox 1453 1879 1741 1944; x_wconf 86' lang='grc' dir='ltr'><em>Ἰουδάῖζεν</em></span> <span class='ocrx_word' id='word_1_164' title='bbox 1795 1883 1823 1934; x_wconf 90' lang='grc' dir='ltr'><em>ό</em></span> <span class='ocrx_word' id='word_1_165' title='bbox 1858 1881 2069 1945; x_wconf 82' lang='grc' dir='ltr'><em>Παῦλος</em></span> <span class='ocrx_word' id='word_1_166' title='bbox 2122 1884 2179 1937; x_wconf 90' lang='grc' dir='ltr'><em>ἐν</em></span> 
     </span>
    </p>
   </div>
   <div class='ocr_carea' id='block_1_20' title="bbox 517 1959 2180 2037">
    <p class='ocr_par' dir='ltr' id='par_1_20' title="bbox 517 1959 2180 2037">
     <span class='ocr_line' id='line_1_20' title="bbox 517 1959 2180 2037; baseline 0.008 -26"><span class='ocrx_word' id='word_1_167' title='bbox 517 1959 927 2029; x_wconf 83' lang='grc' dir='ltr'><em>Ἰεροσολύμοις,</em></span> <span class='ocrx_word' id='word_1_168' title='bbox 974 1962 1088 2015; x_wconf 85' lang='grc' dir='ltr'><em>ἀλλ’</em></span> <span class='ocrx_word' id='word_1_169' title='bbox 1116 1965 1173 2016; x_wconf 90' lang='grc' dir='ltr'><em>ἐν</em></span> <span class='ocrx_word' id='word_1_170' title='bbox 1202 1965 1501 2037; x_wconf 72' lang='grc' dir='ltr'><em>Ἀντιοχείᾳ</em></span> <span class='ocrx_word' id='word_1_171' title='bbox 1533 1968 1633 2020; x_wconf 84' lang='grc' dir='ltr'><em>οὐκ</em></span> <span class='ocrx_word' id='word_1_172' title='bbox 1663 1968 1742 2021; x_wconf 84' lang='grc' dir='ltr'><em>ἐτι</em></span> <span class='ocrx_word' id='word_1_173' title='bbox 1760 1984 1772 1996; x_wconf 90' lang='grc'>·</span> <span class='ocrx_word' id='word_1_174' title='bbox 1815 1970 2047 2034; x_wconf 87' lang='grc' dir='ltr'><em>ἰουδάῖζε</em></span> <span class='ocrx_word' id='word_1_175' title='bbox 2088 1972 2180 2024; x_wconf 74' lang='grc' dir='ltr'><em>καὶ</em></span> 
     </span>
    </p>
   </div>
   <div class='ocr_carea' id='block_1_21' title="bbox 502 2047 2176 2118">
    <p class='ocr_par' dir='ltr' id='par_1_21' title="bbox 502 2047 2176 2118">
     <span class='ocr_line' id='line_1_21' title="bbox 502 2047 2176 2118; baseline 0.008 -20"><span class='ocrx_word' id='word_1_176' title='bbox 502 2047 963 2112; x_wconf 87' lang='grc' dir='ltr'><em>ἐσκανδαλίζοντο,</em></span> <span class='ocrx_word' id='word_1_177' title='bbox 997 2050 1111 2101; x_wconf 87' lang='grc' dir='ltr'><em>ἀλλ’</em></span> <span class='ocrx_word' id='word_1_178' title='bbox 1145 2052 1205 2103; x_wconf 83' lang='grc' dir='ltr'><em>οὐ</em></span> <span class='ocrx_word' id='word_1_179' title='bbox 1239 2051 1463 2115; x_wconf 82' lang='grc' dir='ltr'><em>δικαίως</em></span> <span class='ocrx_word' id='word_1_180' title='bbox 1489 2054 1936 2118; x_wconf 89' lang='grc' dir='ltr'><em>ἐσκανδαλίζοντο</em></span> <span class='ocrx_word' id='word_1_181' title='bbox 1958 2056 2176 2111; x_wconf 87' lang='grc' dir='ltr'><em>ἐκεῖνοι.</em></span> 
     </span>
    </p>
   </div>
   <div class='ocr_carea' id='block_1_22' title="bbox 501 2132 2178 2209">
    <p class='ocr_par' dir='ltr' id='par_1_22' title="bbox 501 2132 2178 2209">
     <span class='ocr_line' id='line_1_22' title="bbox 501 2132 2178 2209; baseline 0.008 -25"><span class='ocrx_word' id='word_1_182' title='bbox 501 2132 736 2201; x_wconf 80' lang='grc' dir='ltr'><em>Λέγεται</em></span> <span class='ocrx_word' id='word_1_183' title='bbox 760 2135 1012 2206; x_wconf 82' lang='grc' dir='ltr'><em>Νέρωνος</em></span> <span class='ocrx_word' id='word_1_184' title='bbox 1043 2139 1137 2190; x_wconf 76' lang='grc' dir='ltr'><em>καὶ</em></span> <span class='ocrx_word' id='word_1_185' title='bbox 1167 2140 1405 2209; x_wconf 74' lang='grc' dir='ltr'><em>οἰνοχόον</em></span> <span class='ocrx_word' id='word_1_186' title='bbox 1430 2140 1524 2193; x_wconf 80' lang='grc' dir='ltr'><em>καὶ</em></span> <span class='ocrx_word' id='word_1_187' title='bbox 1557 2141 1863 2195; x_wconf 88' lang='grc' dir='ltr'><em>παλλακίδα</em></span> <span class='ocrx_word' id='word_1_188' title='bbox 1891 2142 2140 2198; x_wconf 90' lang='grc' dir='ltr'><em>ἀσπάσαι</em></span> <span class='ocrx_word' id='word_1_189' title='bbox 2164 2160 2178 2175; x_wconf 79' lang='grc'><strong><em>⁸</em></strong></span> 
     </span>
    </p>
   </div>
   <div class='ocr_carea' id='block_1_23' title="bbox 503 2219 2177 2299">
    <p class='ocr_par' dir='ltr' id='par_1_23' title="bbox 503 2219 2177 2299">
     <span class='ocr_line' id='line_1_23' title="bbox 503 2219 2177 2299; baseline 0.01 -29"><span class='ocrx_word' id='word_1_190' title='bbox 503 2219 645 2273; x_wconf 86' lang='grc' dir='ltr'><em>πόσα</em></span> <span class='ocrx_word' id='word_1_191' title='bbox 675 2222 853 2275; x_wconf 81' lang='grc' dir='ltr'><em>οίεσθε</em></span> <span class='ocrx_word' id='word_1_192' title='bbox 888 2225 1011 2278; x_wconf 84' lang='grc' dir='ltr'><em>κατ’</em></span> <span class='ocrx_word' id='word_1_193' title='bbox 1055 2226 1221 2278; x_wconf 82' lang='grc' dir='ltr'><em>αὐτοῦ</em></span> <span class='ocrx_word' id='word_1_194' title='bbox 1273 2227 1553 2297; x_wconf 81' lang='grc' dir='ltr'><em>εἰρηκέναι</em></span> <span class='ocrx_word' id='word_1_195' title='bbox 1589 2229 1789 2293; x_wconf 80' lang='grc' dir='ltr'><em>αὐτοὺς</em></span> <span class='ocrx_word' id='word_1_196' title='bbox 1839 2228 1929 2283; x_wconf 85' lang='grc' dir='ltr'><em>διά</em></span> <span class='ocrx_word' id='word_1_197' title='bbox 1985 2231 2177 2299; x_wconf 88' lang='grc' dir='ltr'><em>τοῦτο;</em></span> 
     </span>
    </p>
   </div>
   <div class='ocr_carea' id='block_1_24' title="bbox 502 2306 2177 2390">
    <p class='ocr_par' dir='ltr' id='par_1_24' title="bbox 502 2306 2177 2390">
     <span class='ocr_line' id='line_1_24' title="bbox 502 2306 2177 2390; baseline 0.008 -31"><span class='ocrx_word' id='word_1_198' title='bbox 502 2306 645 2360; x_wconf 80' lang='grc' dir='ltr'><em>’Δλλ’</em></span> <span class='ocrx_word' id='word_1_199' title='bbox 676 2309 736 2361; x_wconf 85' lang='grc' dir='ltr'><em>ού</em></span> <span class='ocrx_word' id='word_1_200' title='bbox 770 2309 1013 2375; x_wconf 78' lang='grc' dir='ltr'><em>δικαίως.</em></span> <span class='ocrx_word' id='word_1_201' title='bbox 1048 2314 1109 2365; x_wconf 86' lang='grc' dir='ltr'><em>Εἰ</em></span> <span class='ocrx_word' id='word_1_202' title='bbox 1144 2314 1244 2382; x_wconf 81' lang='grc' dir='ltr'><em>μὲν</em></span> <span class='ocrx_word' id='word_1_203' title='bbox 1269 2314 1377 2383; x_wconf 83' lang='grc' dir='ltr'><em>γὰρ</em></span> <span class='ocrx_word' id='word_1_204' title='bbox 1404 2314 1499 2368; x_wconf 72' lang='grc' dir='ltr'><em>ἐπὶ</em></span> <span class='ocrx_word' id='word_1_205' title='bbox 1521 2315 1778 2387; x_wconf 66' lang='grc' dir='ltr'><em>ἀσελγείᾳ</em></span> <span class='ocrx_word' id='word_1_206' title='bbox 1812 2317 2119 2386; x_wconf 80' lang='grc' dir='ltr'><em>ἠσπάσατο,</em></span> <span class='ocrx_word' id='word_1_207' title='bbox 2143 2320 2177 2390; x_wconf 75' lang='grc' dir='ltr'>ἢ</span> 
     </span>
    </p>
   </div>
   <div class='ocr_carea' id='block_1_25' title="bbox 502 2392 2175 2474">
    <p class='ocr_par' dir='ltr' id='par_1_25' title="bbox 502 2392 2175 2474">
     <span class='ocr_line' id='line_1_25' title="bbox 502 2392 2175 2474; baseline 0.009 -31"><span class='ocrx_word' id='word_1_208' title='bbox 502 2392 595 2444; x_wconf 77' lang='grc' dir='ltr'><em>ἐπὶ</em></span> <span class='ocrx_word' id='word_1_209' title='bbox 622 2398 883 2467; x_wconf 82' lang='grc' dir='ltr'><em>πονηροῖς</em></span> <span class='ocrx_word' id='word_1_210' title='bbox 910 2397 1256 2468; x_wconf 79' lang='grc' dir='ltr'><em>πράγμασιν,</em></span> <span class='ocrx_word' id='word_1_211' title='bbox 1290 2401 1546 2464; x_wconf 78' lang='grc' dir='ltr'><em>εἰκότως’</em></span> <span class='ocrx_word' id='word_1_212' title='bbox 1580 2403 1630 2454; x_wconf 86' lang='grc' dir='ltr'><em>εί</em></span> <span class='ocrx_word' id='word_1_213' title='bbox 1665 2401 1721 2455; x_wconf 88' lang='grc' dir='ltr'><em>δέ</em></span> <span class='ocrx_word' id='word_1_214' title='bbox 1758 2403 1852 2454; x_wconf 78' lang='grc' dir='ltr'><em>ἐπὶ</em></span> <span class='ocrx_word' id='word_1_215' title='bbox 1891 2402 1990 2473; x_wconf 85' lang='grc' dir='ltr'><em>βίῳ</em></span> <span class='ocrx_word' id='word_1_216' title='bbox 2010 2403 2175 2474; x_wconf 82' lang='grc' dir='ltr'><em>ὀρθῷ,</em></span> 
     </span>
    </p>
   </div>
   <div class='ocr_carea' id='block_1_26' title="bbox 499 2478 2180 2563">
    <p class='ocr_par' dir='ltr' id='par_1_26' title="bbox 499 2478 2180 2563">
     <span class='ocr_line' id='line_1_26' title="bbox 499 2478 2180 2563; baseline 0.009 -33"><span class='ocrx_word' id='word_1_217' title='bbox 499 2478 641 2542; x_wconf 84' lang='grc' dir='ltr'><em>τίνος</em></span> <span class='ocrx_word' id='word_1_218' title='bbox 670 2480 882 2546; x_wconf 79' lang='grc' dir='ltr'><em>ἐνεκενς</em></span> <span class='ocrx_word' id='word_1_219' title='bbox 944 2484 1094 2537; x_wconf 77' lang='grc' dir='ltr'><em>Εἴπω</em></span> <span class='ocrx_word' id='word_1_220' title='bbox 1118 2502 1170 2537; x_wconf 88' lang='grc' dir='ltr'><em>τι</em></span> <span class='ocrx_word' id='word_1_221' title='bbox 1204 2486 1296 2538; x_wconf 89' lang='grc' dir='ltr'><em>καί</em></span> <span class='ocrx_word' id='word_1_222' title='bbox 1329 2504 1436 2540; x_wconf 89' lang='grc' dir='ltr'><em>τινι</em></span> <span class='ocrx_word' id='word_1_223' title='bbox 1464 2488 1573 2541; x_wconf 89' lang='grc' dir='ltr'><em>τῶν</em></span> <span class='ocrx_word' id='word_1_224' title='bbox 1600 2489 1725 2558; x_wconf 73' lang='grc' dir='ltr'><em>ἐμοὶ</em></span> <span class='ocrx_word' id='word_1_225' title='bbox 1763 2490 2011 2560; x_wconf 88' lang='grc' dir='ltr'><em>συνήθων</em></span> <span class='ocrx_word' id='word_1_226' title='bbox 2040 2508 2180 2563; x_wconf 87' lang='grc' dir='ltr'><em>συμ-</em></span> 
     </span>
    </p>
   </div>
   <div class='ocr_carea' id='block_1_27' title="bbox 499 2569 2177 2651">
    <p class='ocr_par' dir='ltr' id='par_1_27' title="bbox 499 2569 2177 2651">
     <span class='ocr_line' id='line_1_27' title="bbox 499 2569 2177 2651; baseline 0.007 -29"><span class='ocrx_word' id='word_1_227' title='bbox 499 2569 624 2623; x_wconf 84' lang='grc' dir='ltr'><em>ϐάν.</em></span> <span class='ocrx_word' id='word_1_228' title='bbox 656 2569 956 2626; x_wconf 84' lang='grc' dir='ltr'><em>Ἑπέπεσεν</em></span> <span class='ocrx_word' id='word_1_229' title='bbox 1010 2574 1147 2643; x_wconf 85' lang='grc' dir='ltr'><em>ὀργή</em></span> <span class='ocrx_word' id='word_1_230' title='bbox 1186 2590 1315 2627; x_wconf 88' lang='grc' dir='ltr'><em>ποτε</em></span> <span class='ocrx_word' id='word_1_231' title='bbox 1351 2574 1446 2628; x_wconf 86' lang='grc' dir='ltr'><em>τοῦ</em></span> <span class='ocrx_word' id='word_1_232' title='bbox 1482 2574 1641 2643; x_wconf 83' lang='grc' dir='ltr'><em>Θεοῦ,</em></span> <span class='ocrx_word' id='word_1_233' title='bbox 1688 2580 1781 2630; x_wconf 76' lang='grc' dir='ltr'><em>καὶ</em></span> <span class='ocrx_word' id='word_1_234' title='bbox 1817 2579 2021 2651; x_wconf 88' lang='grc' dir='ltr'><em>σφόδρα</em></span> <span class='ocrx_word' id='word_1_235' title='bbox 2058 2580 2177 2645; x_wconf 92' lang='grc' dir='ltr'><em>νέος</em></span> 
     </span>
    </p>
   </div>
   <div class='ocr_carea' id='block_1_28' title="bbox 499 2656 2172 2738">
    <p class='ocr_par' dir='ltr' id='par_1_28' title="bbox 499 2656 2172 2738">
     <span class='ocr_line' id='line_1_28' title="bbox 499 2656 2172 2738; baseline 0.008 -29"><span class='ocrx_word' id='word_1_236' title='bbox 499 2656 574 2712; x_wconf 78' lang='grc' dir='ltr'><em>ὢν</em></span> <span class='ocrx_word' id='word_1_237' title='bbox 618 2659 844 2725; x_wconf 81' lang='grc' dir='ltr'><em>ἐκεῖνος,</em></span> <span class='ocrx_word' id='word_1_238' title='bbox 887 2660 981 2713; x_wconf 70' lang='grc' dir='ltr'><em>καὶ</em></span> <span class='ocrx_word' id='word_1_239' title='bbox 1035 2662 1093 2713; x_wconf 92' lang='grc' dir='ltr'><em>ἐν</em></span> <span class='ocrx_word' id='word_1_240' title='bbox 1131 2664 1196 2731; x_wconf 79' lang='grc' dir='ltr'><em>τῇ</em></span> <span class='ocrx_word' id='word_1_241' title='bbox 1239 2662 1331 2715; x_wconf 91' lang='grc' dir='ltr'><em>τοῦ</em></span> <span class='ocrx_word' id='word_1_242' title='bbox 1384 2663 1630 2717; x_wconf 84' lang='grc' dir='ltr'><em>διακόνου</em></span> <span class='ocrx_word' id='word_1_243' title='bbox 1678 2664 1828 2731; x_wconf 80' lang='grc' dir='ltr'>τάξει</span> <span class='ocrx_word' id='word_1_244' title='bbox 1868 2668 2172 2738; x_wconf 83' lang='grc' dir='ltr'><em>τυγχάνων,</em></span> 
     </span>
    </p>
   </div>
   <div class='ocr_carea' id='block_1_29' title="bbox 498 2744 2177 2819">
    <p class='ocr_par' dir='ltr' id='par_1_29' title="bbox 498 2744 2177 2819">
     <span class='ocr_line' id='line_1_29' title="bbox 498 2744 2177 2819; baseline 0.008 -24"><span class='ocrx_word' id='word_1_245' title='bbox 498 2744 621 2797; x_wconf 74' lang='grc' dir='ltr'><em>ἐπεὶ</em></span> <span class='ocrx_word' id='word_1_246' title='bbox 654 2744 775 2798; x_wconf 86' lang='grc' dir='ltr'><em>τότε</em></span> <span class='ocrx_word' id='word_1_247' title='bbox 796 2747 825 2798; x_wconf 83' lang='grc' dir='ltr'><em>ό</em></span> <span class='ocrx_word' id='word_1_248' title='bbox 848 2746 1145 2811; x_wconf 76' lang='grc' dir='ltr'><em>ἐπίσκοπος</em></span> <span class='ocrx_word' id='word_1_249' title='bbox 1175 2748 1362 2819; x_wconf 86' lang='grc' dir='ltr'><em>ἐτυχεν</em></span> <span class='ocrx_word' id='word_1_250' title='bbox 1385 2750 1540 2804; x_wconf 87' lang='grc' dir='ltr'><em>ἀπὼν</em></span> <span class='ocrx_word' id='word_1_251' title='bbox 1569 2753 1690 2806; x_wconf 84' lang='grc' dir='ltr'><em>κατ’</em></span> <span class='ocrx_word' id='word_1_252' title='bbox 1715 2755 1919 2807; x_wconf 83' lang='grc' dir='ltr'><em>ἐκεῖνον</em></span> <span class='ocrx_word' id='word_1_253' title='bbox 1941 2754 2032 2808; x_wconf 71' lang='grc' dir='ltr'><em>τὸν</em></span> <span class='ocrx_word' id='word_1_254' title='bbox 2055 2770 2177 2808; x_wconf 84' lang='grc' dir='ltr'><em>και-</em></span> 
     </span>
    </p>
   </div>
   <div class='ocr_carea' id='block_1_30' title="bbox 501 2830 2176 2910">
    <p class='ocr_par' dir='ltr' id='par_1_30' title="bbox 501 2830 2176 2910">
     <span class='ocr_line' id='line_1_30' title="bbox 501 2830 2176 2910; baseline 0.008 -28"><span class='ocrx_word' id='word_1_255' title='bbox 501 2830 612 2901; x_wconf 76' lang='grc' dir='ltr'><em>ρὸν,</em></span> <span class='ocrx_word' id='word_1_256' title='bbox 640 2833 733 2885; x_wconf 69' lang='grc' dir='ltr'><em>καὶ</em></span> <span class='ocrx_word' id='word_1_257' title='bbox 758 2831 864 2885; x_wconf 87' lang='grc' dir='ltr'><em>τῶν</em></span> <span class='ocrx_word' id='word_1_258' title='bbox 888 2834 1155 2905; x_wconf 85' lang='grc' dir='ltr'><em>πρεσϐυτὲ</em></span> <span class='ocrx_word' id='word_1_259' title='bbox 1165 2852 1272 2907; x_wconf 88' lang='grc' dir='ltr'><em>ρων</em></span> <span class='ocrx_word' id='word_1_260' title='bbox 1295 2837 1469 2901; x_wconf 71' lang='grc' dir='ltr'><em>οὐδεὶς</em></span> <span class='ocrx_word' id='word_1_261' title='bbox 1492 2840 1828 2910; x_wconf 87' lang='grc' dir='ltr'><em>ἐφρόντιζεν,</em></span> <span class='ocrx_word' id='word_1_262' title='bbox 1849 2841 1964 2894; x_wconf 82' lang='grc' dir='ltr'><em>ἀλλ’</em></span> <span class='ocrx_word' id='word_1_263' title='bbox 1988 2842 2176 2907; x_wconf 86' lang='grc' dir='ltr'><em>ἀπλῶς</em></span> 
     </span>
    </p>
   </div>
   <div class='ocr_carea' id='block_1_31' title="bbox 496 2918 2175 2999">
    <p class='ocr_par' dir='ltr' id='par_1_31' title="bbox 496 2918 2175 2999">
     <span class='ocr_line' id='line_1_31' title="bbox 496 2918 2175 2999; baseline 0.009 -31"><span class='ocrx_word' id='word_1_264' title='bbox 496 2918 760 2987; x_wconf 86' lang='grc' dir='ltr'><em>ἐποίησαν</em></span> <span class='ocrx_word' id='word_1_265' title='bbox 814 2920 1149 2991; x_wconf 83' lang='grc' dir='ltr'><em>φωτισθῆναι</em></span> <span class='ocrx_word' id='word_1_266' title='bbox 1208 2922 1404 2993; x_wconf 89' lang='grc' dir='ltr'><em>ἀθρόον</em></span> <span class='ocrx_word' id='word_1_267' title='bbox 1456 2925 1515 2977; x_wconf 92' lang='grc' dir='ltr'><em>ἐν</em></span> <span class='ocrx_word' id='word_1_268' title='bbox 1549 2927 1647 2995; x_wconf 82' lang='grc' dir='ltr'><em>μιᾷ</em></span> <span class='ocrx_word' id='word_1_269' title='bbox 1698 2928 1851 2981; x_wconf 71' lang='grc' dir='ltr'><em>νυκτὶ</em></span> <span class='ocrx_word' id='word_1_270' title='bbox 1909 2929 2175 2999; x_wconf 78' lang='grc' dir='ltr'><em>μυριάδας</em></span> 
     </span>
    </p>
   </div>
   <div class='ocr_carea' id='block_1_32' title="bbox 498 3003 2169 3079">
    <p class='ocr_par' dir='ltr' id='par_1_32' title="bbox 498 3003 2169 3079">
     <span class='ocr_line' id='line_1_32' title="bbox 498 3003 2169 3079; baseline 0.01 -25"><span class='ocrx_word' id='word_1_271' title='bbox 498 3003 721 3067; x_wconf 78' lang='grc' dir='ltr'><em>πολλάς,</em></span> <span class='ocrx_word' id='word_1_272' title='bbox 767 3006 861 3057; x_wconf 82' lang='grc' dir='ltr'><em>καὶ</em></span> <span class='ocrx_word' id='word_1_273' title='bbox 917 3005 1103 3069; x_wconf 82' lang='grc' dir='ltr'><em>ἁπλῶς</em></span> <span class='ocrx_word' id='word_1_274' title='bbox 1138 3008 1493 3073; x_wconf 83' lang='grc' dir='ltr'><em>ἐϐαπτίζοντο</em></span> <span class='ocrx_word' id='word_1_275' title='bbox 1525 3011 1727 3076; x_wconf 80' lang='grc' dir='ltr'><em>πάντες</em></span> <span class='ocrx_word' id='word_1_276' title='bbox 1754 3012 1905 3067; x_wconf 78' lang='grc' dir='ltr'><em>οὐδὲν</em></span> <span class='ocrx_word' id='word_1_277' title='bbox 1943 3016 2169 3079; x_wconf 81' lang='grc' dir='ltr'><em>εἰδότες’</em></span> 
     </span>
    </p>
   </div>
   <div class='ocr_carea' id='block_1_33' title="bbox 497 3088 2176 3167">
    <p class='ocr_par' dir='ltr' id='par_1_33' title="bbox 497 3088 2176 3167">
     <span class='ocr_line' id='line_1_33' title="bbox 497 3088 2176 3167; baseline 0.01 -27"><span class='ocrx_word' id='word_1_278' title='bbox 497 3088 719 3154; x_wconf 85' lang='grc' dir='ltr'><em>τούτους</em></span> <span class='ocrx_word' id='word_1_279' title='bbox 750 3092 957 3155; x_wconf 83' lang='grc' dir='ltr'><em>ἐκεῖνος</em></span> <span class='ocrx_word' id='word_1_280' title='bbox 973 3091 1154 3145; x_wconf 85' lang='grc' dir='ltr'><em>λαϐὼν</em></span> <span class='ocrx_word' id='word_1_281' title='bbox 1184 3096 1302 3148; x_wconf 83' lang='grc' dir='ltr'><em>κατ’</em></span> <span class='ocrx_word' id='word_1_282' title='bbox 1335 3096 1470 3150; x_wconf 87' lang='grc' dir='ltr'><em>ἰδίαν</em></span> <span class='ocrx_word' id='word_1_283' title='bbox 1491 3097 1627 3167; x_wconf 90' lang='grc' dir='ltr'><em>όμοῦ</em></span> <span class='ocrx_word' id='word_1_284' title='bbox 1646 3099 1841 3153; x_wconf 81' lang='grc' dir='ltr'><em>ἐκατὸν</em></span> <span class='ocrx_word' id='word_1_285' title='bbox 1877 3102 1972 3155; x_wconf 77' lang='grc' dir='ltr'><em>καὶ</em></span> <span class='ocrx_word' id='word_1_286' title='bbox 1995 3101 2176 3156; x_wconf 81' lang='grc' dir='ltr'><em>διακο-</em></span> 
     </span>
    </p>
   </div>
   <div class='ocr_carea' id='block_1_34' title="bbox 499 3176 2173 3261">
    <p class='ocr_par' dir='ltr' id='par_1_34' title="bbox 499 3176 2173 3261">
     <span class='ocr_line' id='line_1_34' title="bbox 499 3176 2173 3261; baseline 0.009 -33"><span class='ocrx_word' id='word_1_287' title='bbox 499 3176 669 3240; x_wconf 85' lang='grc' dir='ltr'><em>σίους,</em></span> <span class='ocrx_word' id='word_1_288' title='bbox 697 3176 985 3244; x_wconf 81' lang='grc' dir='ltr'><em>διελέγετο,</em></span> <span class='ocrx_word' id='word_1_289' title='bbox 1012 3178 1139 3232; x_wconf 76' lang='grc' dir='ltr'><em>ἄλλο</em></span> <span class='ocrx_word' id='word_1_290' title='bbox 1170 3181 1268 3250; x_wconf 89' lang='grc' dir='ltr'><em>μὲν</em></span> <span class='ocrx_word' id='word_1_291' title='bbox 1286 3180 1438 3253; x_wconf 75' lang='grc'><strong>[550]</strong></span> <span class='ocrx_word' id='word_1_292' title='bbox 1464 3184 1638 3251; x_wconf 80' lang='grc' dir='ltr'><em>οὐδὲν,</em></span> <span class='ocrx_word' id='word_1_293' title='bbox 1666 3184 1734 3238; x_wconf 89' lang='grc' dir='ltr'><em>τά</em></span> <span class='ocrx_word' id='word_1_294' title='bbox 1751 3185 1809 3239; x_wconf 89' lang='grc' dir='ltr'><em>δέ</em></span> <span class='ocrx_word' id='word_1_295' title='bbox 1827 3187 1934 3240; x_wconf 88' lang='grc' dir='ltr'><em>τῶν</em></span> <span class='ocrx_word' id='word_1_296' title='bbox 1963 3205 2173 3261; x_wconf 89' lang='grc' dir='ltr'><em>μυστη-</em></span> 
     </span>
    </p>
   </div>
   <div class='ocr_carea' id='block_1_35' title="bbox 500 3262 2171 3346">
    <p class='ocr_par' dir='ltr' id='par_1_35' title="bbox 500 3262 2171 3346">
     <span class='ocr_line' id='line_1_35' title="bbox 500 3262 2171 3346; baseline 0.01 -32"><span class='ocrx_word' id='word_1_297' title='bbox 500 3262 633 3332; x_wconf 89' lang='grc' dir='ltr'><em>ρίων</em></span> <span class='ocrx_word' id='word_1_298' title='bbox 664 3263 822 3332; x_wconf 84' lang='grc' dir='ltr'><em>μόνον</em></span> <span class='ocrx_word' id='word_1_299' title='bbox 849 3263 925 3326; x_wconf 83' lang='grc' dir='ltr'><em>ὡς</em></span> <span class='ocrx_word' id='word_1_300' title='bbox 951 3265 1087 3334; x_wconf 85' lang='grc' dir='ltr'><em>μηδέ</em></span> <span class='ocrx_word' id='word_1_301' title='bbox 1112 3268 1222 3330; x_wconf 84' lang='grc' dir='ltr'><em>τοῖς</em></span> <span class='ocrx_word' id='word_1_302' title='bbox 1244 3268 1546 3339; x_wconf 84' lang='grc' dir='ltr'><em>ἀμυνήτοις</em></span> <span class='ocrx_word' id='word_1_303' title='bbox 1570 3276 1875 3345; x_wconf 85' lang='grc' dir='ltr'><em>συγχωρεῖν</em></span> <span class='ocrx_word' id='word_1_304' title='bbox 1899 3278 2171 3346; x_wconf 87' lang='grc' dir='ltr'><em>παρεῖναι.</em></span> 
     </span>
    </p>
   </div>
   <div class='ocr_carea' id='block_1_36' title="bbox 499 3348 2175 3435">
    <p class='ocr_par' dir='ltr' id='par_1_36' title="bbox 499 3348 2175 3435">
     <span class='ocr_line' id='line_1_36' title="bbox 499 3348 2175 3435; baseline 0.01 -34"><span class='ocrx_word' id='word_1_305' title='bbox 499 3348 671 3403; x_wconf 87' lang='grc' dir='ltr'><em>Τοῦτο</em></span> <span class='ocrx_word' id='word_1_306' title='bbox 729 3350 895 3404; x_wconf 80' lang='grc' dir='ltr'><em>αὑτὸν</em></span> <span class='ocrx_word' id='word_1_307' title='bbox 932 3350 1188 3406; x_wconf 90' lang='grc' dir='ltr'><em>ποιοῦντα</em></span> <span class='ocrx_word' id='word_1_308' title='bbox 1241 3354 1502 3425; x_wconf 75' lang='grc' dir='ltr'><em>ἐνόμισαν</em></span> <span class='ocrx_word' id='word_1_309' title='bbox 1547 3358 1732 3412; x_wconf 76' lang='grc' dir='ltr'><em>πολλοὶ</em></span> <span class='ocrx_word' id='word_1_310' title='bbox 1780 3361 1881 3431; x_wconf 80' lang='grc' dir='ltr'><em>τῆς</em></span> <span class='ocrx_word' id='word_1_311' title='bbox 1915 3372 1938 3401; x_wconf 77' lang='grc' dir='ltr'><strong>ο</strong></span> <span class='ocrx_word' id='word_1_312' title='bbox 1999 3364 2175 3435; x_wconf 79' lang='grc' dir='ltr'><em>ἀρχῆς</em></span> 
     </span>
    </p>
   </div>
   <div class='ocr_carea' id='block_1_37' title="bbox 498 3434 2174 3513">
    <p class='ocr_par' dir='ltr' id='par_1_37' title="bbox 498 3434 2174 3513">
     <span class='ocr_line' id='line_1_37' title="bbox 498 3434 2174 3513; baseline 0.011 -27"><span class='ocrx_word' id='word_1_313' title='bbox 498 3434 709 3505; x_wconf 85' lang='grc' dir='ltr'><em>ἐρῶντα</em></span> <span class='ocrx_word' id='word_1_314' title='bbox 754 3436 911 3490; x_wconf 89' lang='grc' dir='ltr'><em>τοῦτο</em></span> <span class='ocrx_word' id='word_1_315' title='bbox 940 3440 1133 3491; x_wconf 78' lang='grc' dir='ltr'><em>ποιεῖν.</em></span> <span class='ocrx_word' id='word_1_316' title='bbox 1178 3439 1321 3492; x_wconf 81' lang='grc' dir='ltr'><em>Ἀλλ’</em></span> <span class='ocrx_word' id='word_1_317' title='bbox 1353 3442 1455 3495; x_wconf 83' lang='grc' dir='ltr'><em>οὐκ</em></span> <span class='ocrx_word' id='word_1_318' title='bbox 1489 3444 1807 3513; x_wconf 81' lang='grc' dir='ltr'><em>ἐφρόντισεν</em></span> <span class='ocrx_word' id='word_1_319' title='bbox 1835 3434 2046 3511; x_wconf 88' lang='grc' dir='ltr'><em>ἐκεῖνος</em></span> <span class='ocrx_word' id='word_1_320' title='bbox 2064 3434 2174 3504; x_wconf 87' lang='grc' dir='ltr'><em>τῶν</em></span> 
     </span>
    </p>
   </div>
   <div class='ocr_carea' id='block_1_38' title="bbox 497 3522 2166 3607">
    <p class='ocr_par' dir='ltr' id='par_1_38' title="bbox 497 3522 2166 3607">
     <span class='ocr_line' id='line_1_38' title="bbox 497 3522 2166 3607; baseline 0.011 -34"><span class='ocrx_word' id='word_1_321' title='bbox 497 3522 841 3592; x_wconf 79' lang='grc' dir='ltr'><em>νομιζόντων·</em></span> <span class='ocrx_word' id='word_1_322' title='bbox 872 3524 971 3577; x_wconf 83' lang='grc' dir='ltr'><em>οὐκ</em></span> <span class='ocrx_word' id='word_1_323' title='bbox 996 3524 1226 3589; x_wconf 72' lang='grc' dir='ltr'><em>ἐξέτεινε</em></span> <span class='ocrx_word' id='word_1_324' title='bbox 1253 3528 1437 3597; x_wconf 88' lang='grc' dir='ltr'><em>μέντοι</em></span> <span class='ocrx_word' id='word_1_325' title='bbox 1466 3530 1561 3583; x_wconf 78' lang='grc' dir='ltr'><em>ἐπὶ</em></span> <span class='ocrx_word' id='word_1_326' title='bbox 1590 3532 1781 3603; x_wconf 88' lang='grc' dir='ltr'><em>χρόνον</em></span> <span class='ocrx_word' id='word_1_327' title='bbox 1812 3533 1875 3587; x_wconf 84' lang='grc' dir='ltr'><em>τὸ</em></span> <span class='ocrx_word' id='word_1_328' title='bbox 1908 3537 2166 3607; x_wconf 78' lang='grc' dir='ltr'><em>πρᾶγμα,</em></span> 
     </span>
    </p>
   </div>
   <div class='ocr_carea' id='block_1_39' title="bbox 496 3608 2170 3683">
    <p class='ocr_par' dir='ltr' id='par_1_39' title="bbox 496 3608 2170 3683">
     <span class='ocr_line' id='line_1_39' title="bbox 496 3608 2170 3683; baseline 0.01 -23"><span class='ocrx_word' id='word_1_329' title='bbox 496 3608 613 3661; x_wconf 83' lang='grc' dir='ltr'><em>ἀλλ’</em></span> <span class='ocrx_word' id='word_1_330' title='bbox 644 3608 845 3674; x_wconf 84' lang='grc' dir='ltr'><em>εὐθέως</em></span> <span class='ocrx_word' id='word_1_331' title='bbox 883 3610 1179 3666; x_wconf 89' lang='grc' dir='ltr'><em>ἐπαύσατο.</em></span> <span class='ocrx_word' id='word_1_332' title='bbox 1221 3614 1287 3667; x_wconf 89' lang='grc' dir='ltr'><em>Τί</em></span> <span class='ocrx_word' id='word_1_333' title='bbox 1336 3611 1464 3683; x_wconf 75' lang='grc' dir='ltr'><em>οὗνς</em></span> <span class='ocrx_word' id='word_1_334' title='bbox 1517 3617 1725 3683; x_wconf 83' lang='grc' dir='ltr'><em>ἐκεῖνος</em></span> <span class='ocrx_word' id='word_1_335' title='bbox 1751 3620 1846 3673; x_wconf 90' lang='grc' dir='ltr'><em>τοῦ</em></span> <span class='ocrx_word' id='word_1_336' title='bbox 1871 3623 2170 3677; x_wconf 83' lang='grc' dir='ltr'><em>σκανδάλου</em></span> 
     </span>
    </p>
   </div>
   <div class='ocr_carea' id='block_1_40' title="bbox 496 3697 2172 3779">
    <p class='ocr_par' dir='ltr' id='par_1_40' title="bbox 496 3697 2172 3779">
     <span class='ocr_line' id='line_1_40' title="bbox 496 3697 2172 3779; baseline 0.009 -30"><span class='ocrx_word' id='word_1_337' title='bbox 496 3698 704 3763; x_wconf 86' lang='grc' dir='ltr'><em>αίτιος;</em></span> <span class='ocrx_word' id='word_1_338' title='bbox 749 3699 863 3752; x_wconf 82' lang='grc' dir='ltr'><em>Οὐκ</em></span> <span class='ocrx_word' id='word_1_339' title='bbox 888 3698 1064 3769; x_wconf 81' lang='grc' dir='ltr'><em>ἐγωγε</em></span> <span class='ocrx_word' id='word_1_340' title='bbox 1095 3697 1268 3771; x_wconf 75' lang='grc' dir='ltr'><em>οἶμαι.</em></span> <span class='ocrx_word' id='word_1_341' title='bbox 1302 3701 1365 3757; x_wconf 84' lang='grc' dir='ltr'><em>Εἰ</em></span> <span class='ocrx_word' id='word_1_342' title='bbox 1399 3703 1496 3774; x_wconf 79' lang='grc' dir='ltr'><em>μὲν</em></span> <span class='ocrx_word' id='word_1_343' title='bbox 1526 3706 1633 3778; x_wconf 87' lang='grc' dir='ltr'><em>γὰρ</em></span> <span class='ocrx_word' id='word_1_344' title='bbox 1654 3707 1756 3761; x_wconf 84' lang='grc' dir='ltr'><em>οὐκ</em></span> <span class='ocrx_word' id='word_1_345' title='bbox 1800 3707 1967 3779; x_wconf 78' lang='grc' dir='ltr'><em>οὔσης</em></span> <span class='ocrx_word' id='word_1_346' title='bbox 1992 3711 2172 3772; x_wconf 87' lang='grc' dir='ltr'><em>αἰτίας</em></span> 
     </span>
    </p>
   </div>
   <div class='ocr_carea' id='block_1_41' title="bbox 495 3781 2170 3865">
    <p class='ocr_par' dir='ltr' id='par_1_41' title="bbox 495 3781 2170 3865">
     <span class='ocr_line' id='line_1_41' title="bbox 495 3781 2170 3865; baseline 0.01 -31"><span class='ocrx_word' id='word_1_347' title='bbox 495 3781 655 3835; x_wconf 87' lang='grc' dir='ltr'><em>τοῦτο</em></span> <span class='ocrx_word' id='word_1_348' title='bbox 682 3784 876 3848; x_wconf 82' lang='grc' dir='ltr'><em>ἐποίει,</em></span> <span class='ocrx_word' id='word_1_349' title='bbox 908 3786 1130 3849; x_wconf 87' lang='grc' dir='ltr'><em>είκότως</em></span> <span class='ocrx_word' id='word_1_350' title='bbox 1158 3787 1352 3858; x_wconf 86' lang='grc' dir='ltr'><em>ἐκείνῳ</em></span> <span class='ocrx_word' id='word_1_351' title='bbox 1382 3789 1484 3861; x_wconf 82' lang='grc' dir='ltr'><em>τὴν</em></span> <span class='ocrx_word' id='word_1_352' title='bbox 1515 3792 1694 3847; x_wconf 89' lang='grc' dir='ltr'><em>αἰτίαν</em></span> <span class='ocrx_word' id='word_1_353' title='bbox 1717 3795 2053 3865; x_wconf 80' lang='grc' dir='ltr'><em>ἐπέγραφον,</em></span> <span class='ocrx_word' id='word_1_354' title='bbox 2075 3799 2170 3850; x_wconf 77' lang='grc' dir='ltr'><em>καὶ</em></span> 
     </span>
    </p>
   </div>
   <div class='ocr_carea' id='block_1_42' title="bbox 497 3868 2169 3950">
    <p class='ocr_par' dir='ltr' id='par_1_42' title="bbox 497 3868 2169 3950">
     <span class='ocr_line' id='line_1_42' title="bbox 497 3868 2169 3950; baseline 0.01 -31"><span class='ocrx_word' id='word_1_355' title='bbox 497 3870 547 3921; x_wconf 82' lang='grc' dir='ltr'><em>εί</em></span> <span class='ocrx_word' id='word_1_356' title='bbox 578 3868 742 3921; x_wconf 86' lang='grc' dir='ltr'><em>πάλιν</em></span> <span class='ocrx_word' id='word_1_357' title='bbox 764 3869 1119 3935; x_wconf 80' lang='grc' dir='ltr'><em>ἐπεξέτεινεν.</em></span> <span class='ocrx_word' id='word_1_358' title='bbox 1157 3872 1325 3926; x_wconf 83' lang='grc' dir='ltr'><em>Ὅταν</em></span> <span class='ocrx_word' id='word_1_359' title='bbox 1347 3875 1457 3946; x_wconf 92' lang='grc' dir='ltr'><em>γάρ</em></span> <span class='ocrx_word' id='word_1_360' title='bbox 1486 3875 1595 3930; x_wconf 88' lang='grc' dir='ltr'><em>τῶν</em></span> <span class='ocrx_word' id='word_1_361' title='bbox 1609 3876 1688 3947; x_wconf 84' lang='grc' dir='ltr'><em>τῷ</em></span> <span class='ocrx_word' id='word_1_362' title='bbox 1725 3879 1845 3950; x_wconf 87' lang='grc' dir='ltr'><em>Θεῷ</em></span> <span class='ocrx_word' id='word_1_363' title='bbox 1871 3880 2169 3935; x_wconf 85' lang='grc' dir='ltr'><em>δοκούντων</em></span> 
     </span>
    </p>
   </div>
   <div class='ocr_carea' id='block_1_43' title="bbox 498 3953 2167 4038">
    <p class='ocr_par' dir='ltr' id='par_1_43' title="bbox 498 3953 2167 4038">
     <span class='ocr_line' id='line_1_43' title="bbox 498 3953 2167 4038; baseline 0.009 -33"><span class='ocrx_word' id='word_1_364' title='bbox 498 3953 779 4024; x_wconf 81' lang='grc' dir='ltr'><em>κωλύηται</em></span> <span class='ocrx_word' id='word_1_365' title='bbox 810 3954 899 4009; x_wconf 81' lang='grc' dir='ltr'><em>διὰ</em></span> <span class='ocrx_word' id='word_1_366' title='bbox 953 3956 1016 4009; x_wconf 77' lang='grc' dir='ltr'><em>τὸ</em></span> <span class='ocrx_word' id='word_1_367' title='bbox 1064 3957 1252 4029; x_wconf 88' lang='grc' dir='ltr'><em>ἐτέρου</em></span> <span class='ocrx_word' id='word_1_368' title='bbox 1292 3960 1614 4030; x_wconf 79' lang='grc' dir='ltr'><em>σκάνδαλον,</em></span> <span class='ocrx_word' id='word_1_369' title='bbox 1646 3968 2009 4038; x_wconf 78' lang='grc' dir='ltr'><em>καταφρονεῖν</em></span> <span class='ocrx_word' id='word_1_370' title='bbox 2054 3968 2167 4021; x_wconf 72' lang='grc' dir='ltr'><em>δεῖο</em></span> 
     </span>
    </p>
   </div>
   <div class='ocr_carea' id='block_1_44' title="bbox 495 4041 2169 4121">
    <p class='ocr_par' dir='ltr' id='par_1_44' title="bbox 495 4041 2169 4121">
     <span class='ocr_line' id='line_1_44' title="bbox 495 4041 2169 4121; baseline 0.008 -29"><span class='ocrx_word' id='word_1_371' title='bbox 495 4041 616 4093; x_wconf 88' lang='grc' dir='ltr'><em>τότε</em></span> <span class='ocrx_word' id='word_1_372' title='bbox 642 4041 699 4093; x_wconf 88' lang='grc' dir='ltr'><em>δέ</em></span> <span class='ocrx_word' id='word_1_373' title='bbox 727 4041 1050 4113; x_wconf 80' lang='grc' dir='ltr'><em>φροντίζειν,</em></span> <span class='ocrx_word' id='word_1_374' title='bbox 1077 4046 1205 4098; x_wconf 85' lang='grc' dir='ltr'><em>ὃταν</em></span> <span class='ocrx_word' id='word_1_375' title='bbox 1230 4047 1396 4116; x_wconf 85' lang='grc' dir='ltr'><em>μηδὲν</em></span> <span class='ocrx_word' id='word_1_376' title='bbox 1415 4050 1849 4121; x_wconf 77' lang='grc' dir='ltr'><em>ἀναγκαζώμεθα</em></span> <span class='ocrx_word' id='word_1_377' title='bbox 1868 4052 1934 4105; x_wconf 77' lang='grc' dir='ltr'><em>δι’</em></span> <span class='ocrx_word' id='word_1_378' title='bbox 1963 4054 2169 4106; x_wconf 89' lang='grc' dir='ltr'><em>ἐκεῖνον</em></span> 
     </span>
    </p>
   </div>
   <div class='ocr_carea' id='block_1_45' title="bbox 559 4175 2164 4247">
    <p class='ocr_par' dir='ltr' id='par_1_45' title="bbox 559 4175 2164 4247">
     <span class='ocr_line' id='line_1_45' title="bbox 559 4175 2164 4247; baseline 0.008 -23"><span class='ocrx_word' id='word_1_379' title='bbox 559 4176 583 4205; x_wconf 78' lang='grc'><strong><em>⁸</em></strong></span> <span class='ocrx_word' id='word_1_380' title='bbox 608 4175 792 4247; x_wconf 59' lang='grc' dir='ltr'><em>νεηοο,</em></span> <span class='ocrx_word' id='word_1_381' title='bbox 818 4182 897 4229; x_wconf 83' lang='grc' dir='ltr'><em>καί</em></span> <span class='ocrx_word' id='word_1_382' title='bbox 921 4182 1120 4231; x_wconf 78' lang='grc' dir='ltr'><em>πάλιν...</em></span> <span class='ocrx_word' id='word_1_383' title='bbox 1147 4184 1401 4247; x_wconf 56' lang='grc' dir='ltr'><em>ἄνθρωποι,</em></span> <span class='ocrx_word' id='word_1_384' title='bbox 1423 4182 1601 4247; x_wconf 85' lang='lat' dir='ltr'><em>quibus</em></span> <span class='ocrx_word' id='word_1_385' title='bbox 1625 4192 1795 4247; x_wconf 67' lang='lat' dir='ltr'><em>carent</em></span> <span class='ocrx_word' id='word_1_386' title='bbox 1817 4187 1957 4245; x_wconf 73' lang='lat' dir='ltr'><em>editi,</em></span> <span class='ocrx_word' id='word_1_387' title='bbox 1979 4200 2041 4237; x_wconf 79' lang='lat' dir='ltr'><strong>ex</strong></span> <span class='ocrx_word' id='word_1_388' title='bbox 2072 4189 2164 4236; x_wconf 79' lang='lat' dir='ltr'><em>tri--</em></span> 
     </span>
    </p>
   </div>
   <div class='ocr_carea' id='block_1_46' title="bbox 494 4235 2159 4307">
    <p class='ocr_par' dir='ltr' id='par_1_46' title="bbox 494 4235 2159 4307">
     <span class='ocr_line' id='line_1_46' title="bbox 494 4235 2159 4307; baseline 0.008 -24"><span class='ocrx_word' id='word_1_389' title='bbox 494 4235 586 4307; x_wconf 55' lang='lat' dir='ltr'><em>[ms</em></span> <span class='ocrx_word' id='word_1_390' title='bbox 624 4240 760 4307; x_wconf 64' lang='lat' dir='ltr'><em>cogd.</em></span> <span class='ocrx_word' id='word_1_391' title='bbox 779 4235 990 4307; x_wconf 58' lang='lat' dir='ltr'><em>&#39;gecepta</em></span> <span class='ocrx_word' id='word_1_392' title='bbox 1011 4250 1143 4293; x_wconf 74' lang='lat' dir='ltr'><em>sunt.</em></span> <span class='ocrx_word' id='word_1_393' title='bbox 1172 4235 1307 4293; x_wconf 72' lang='grc' dir='ltr'><em>Ειίιτ.</em></span> <span class='ocrx_word' id='word_1_394' title='bbox 1377 4235 1403 4289; x_wconf 73' lang='grc' dir='ltr'><strong>ιί</strong></span> <span class='ocrx_word' id='word_1_395' title='bbox 1429 4235 1563 4307; x_wconf 72' lang='lat' dir='ltr'><em>Onus</em></span> <span class='ocrx_word' id='word_1_396' title='bbox 1586 4246 1715 4307; x_wconf 90' lang='lat' dir='ltr'><em>cod.,</em></span> <span class='ocrx_word' id='word_1_397' title='bbox 1761 4235 2159 4307; x_wconf 47' lang='grc' dir='ltr'><em>θαλειάῶῖοοί</em></span> 
     </span>
    </p>
   </div>
   <div class='ocr_carea' id='block_1_47' title="bbox 494 4300 2157 4369">
    <p class='ocr_par' dir='ltr' id='par_1_47' title="bbox 494 4300 2157 4369">
     <span class='ocr_line' id='line_1_47' title="bbox 494 4300 2157 4369; baseline 0.007 -20"><span class='ocrx_word' id='word_1_398' title='bbox 494 4300 596 4349; x_wconf 76' lang='grc' dir='ltr'><em>ἐστι</em></span> <span class='ocrx_word' id='word_1_399' title='bbox 616 4300 768 4351; x_wconf 84' lang='grc' dir='ltr'><em>ταῦτα</em></span> <span class='ocrx_word' id='word_1_400' title='bbox 785 4300 989 4353; x_wconf 76' lang='grc' dir='ltr'><em>ἐναντία.</em></span> <span class='ocrx_word' id='word_1_401' title='bbox 1021 4307 1042 4334; x_wconf 68' lang='grc' dir='ltr'><strong>ε</strong></span> <span class='ocrx_word' id='word_1_402' title='bbox 1064 4306 1419 4368; x_wconf 77' lang='grc' dir='ltr'><em>ΛΙίἰ,παρεῖναι.</em></span> <span class='ocrx_word' id='word_1_403' title='bbox 1436 4306 1687 4369; x_wconf 82' lang='grc' dir='ltr'><em>Ἐνόμισαν</em></span> <span class='ocrx_word' id='word_1_404' title='bbox 1704 4300 1849 4357; x_wconf 71' lang='grc' dir='ltr'><em>αὐτὸν</em></span> <span class='ocrx_word' id='word_1_405' title='bbox 1870 4300 2038 4358; x_wconf 78' lang='grc' dir='ltr'><em>πολλοὶ</em></span> <span class='ocrx_word' id='word_1_406' title='bbox 2056 4317 2157 4368; x_wconf 76' lang='grc' dir='ltr'><em>τῆς.</em></span> 
     </span>
    </p>
   </div>
   <div class='ocr_carea' id='block_1_48' title="bbox 1369 272 3191 336">
    <p class='ocr_par' dir='ltr' id='par_1_48' title="bbox 1369 272 3191 336">
     <span class='ocr_line' id='line_1_48' title="bbox 1369 272 3191 336; baseline -0.002 -4"><span class='ocrx_word' id='word_1_407' title='bbox 1369 278 1426 332; x_wconf 90' lang='lat' dir='ltr'><strong>S.</strong></span> <span class='ocrx_word' id='word_1_408' title='bbox 1458 276 1741 335; x_wconf 71' lang='lat' dir='ltr'><em>JOANNIS</em></span> <span class='ocrx_word' id='word_1_409' title='bbox 1768 274 2255 336; x_wconf 74' lang='lat' dir='ltr'><em>CHRYSOSTOMI</em></span> <span class='ocrx_word' id='word_1_410' title='bbox 2288 272 2606 331; x_wconf 74' lang='lat' dir='ltr'><em>ARCHIEP.</em></span> <span class='ocrx_word' id='word_1_411' title='bbox 2648 272 3191 329; x_wconf 77' lang='lat' dir='ltr'><em>CONSTANTINOP.</em></span> 
     </span>
    </p>
   </div>
   <div class='ocr_carea' id='block_1_49' title="bbox 3853 279 3964 334">
    <p class='ocr_par' dir='ltr' id='par_1_49' title="bbox 3853 279 3964 334">
     <span class='ocr_line' id='line_1_49' title="bbox 3853 279 3964 334; baseline 0.009 -1"><span class='ocrx_word' id='word_1_412' title='bbox 3853 279 3964 334; x_wconf 76' lang='lat'><em>326</em></span> 
     </span>
    </p>
   </div>
   <div class='ocr_carea' id='block_1_50' title="bbox 2290 392 3971 470">
    <p class='ocr_par' dir='ltr' id='par_1_50' title="bbox 2290 392 3971 470">
     <span class='ocr_line' id='line_1_50' title="bbox 2290 392 3971 470; baseline 0.002 -23"><span class='ocrx_word' id='word_1_413' title='bbox 2290 393 2650 464; x_wconf 78' lang='grc' dir='ltr'><em>προσκρούειν</em></span> <span class='ocrx_word' id='word_1_414' title='bbox 2675 392 2795 463; x_wconf 85' lang='grc' dir='ltr'><em>Θεῷ</em></span> <span class='ocrx_word' id='word_1_415' title='bbox 2814 410 2827 425; x_wconf 71' lang='grc' dir='ltr'><em>ο</em></span> <span class='ocrx_word' id='word_1_416' title='bbox 2853 394 2997 459; x_wconf 83' lang='grc' dir='ltr'><em>ἐπεὶ,</em></span> <span class='ocrx_word' id='word_1_417' title='bbox 3032 393 3153 447; x_wconf 86' lang='grc' dir='ltr'><em>είπέ</em></span> <span class='ocrx_word' id='word_1_418' title='bbox 3189 410 3301 464; x_wconf 89' lang='grc' dir='ltr'><em>μοι,</em></span> <span class='ocrx_word' id='word_1_419' title='bbox 3336 392 3402 447; x_wconf 82' lang='grc' dir='ltr'><em>ἀν</em></span> <span class='ocrx_word' id='word_1_420' title='bbox 3428 394 3632 465; x_wconf 77' lang='grc' dir='ltr'><em>μεταξὺ</em></span> <span class='ocrx_word' id='word_1_421' title='bbox 3657 394 3971 470; x_wconf 71' lang='grc' dir='ltr'><em>διαλεγομέ-</em></span> 
     </span>
    </p>
   </div>
   <div class='ocr_carea' id='block_1_51' title="bbox 2289 477 3969 556">
    <p class='ocr_par' dir='ltr' id='par_1_51' title="bbox 2289 477 3969 556">
     <span class='ocr_line' id='line_1_51' title="bbox 2289 477 3969 556; baseline 0.003 -23"><span class='ocrx_word' id='word_1_422' title='bbox 2289 499 2395 534; x_wconf 88' lang='grc' dir='ltr'><em>νων</em></span> <span class='ocrx_word' id='word_1_423' title='bbox 2420 477 2574 551; x_wconf 81' lang='grc' dir='ltr'><em>ἡμῶν</em></span> <span class='ocrx_word' id='word_1_424' title='bbox 2609 480 2697 532; x_wconf 77' lang='grc' dir='ltr'><em>καὶ</em></span> <span class='ocrx_word' id='word_1_425' title='bbox 2726 481 2850 543; x_wconf 86' lang='grc' dir='ltr'><em>τοὺς</em></span> <span class='ocrx_word' id='word_1_426' title='bbox 2886 480 3184 551; x_wconf 86' lang='grc' dir='ltr'><em>μεθύοντας</em></span> <span class='ocrx_word' id='word_1_427' title='bbox 3214 481 3575 535; x_wconf 86' lang='grc' dir='ltr'><em>σκωπτόντων</em></span> <span class='ocrx_word' id='word_1_428' title='bbox 3603 484 3969 556; x_wconf 68' lang='grc' dir='ltr'><em>σκανδαλίζῃ-</em></span> 
     </span>
    </p>
   </div>
   <div class='ocr_carea' id='block_1_52' title="bbox 2286 566 3966 643">
    <p class='ocr_par' dir='ltr' id='par_1_52' title="bbox 2286 566 3966 643">
     <span class='ocr_line' id='line_1_52' title="bbox 2286 566 3966 643; baseline 0.004 -23"><span class='ocrx_word' id='word_1_429' title='bbox 2286 568 2378 621; x_wconf 90' lang='grc' dir='ltr'><em>ταί</em></span> <span class='ocrx_word' id='word_1_430' title='bbox 2407 585 2512 629; x_wconf 86' lang='grc' dir='ltr'><em>τις,</em></span> <span class='ocrx_word' id='word_1_431' title='bbox 2540 566 2651 634; x_wconf 85' lang='grc' dir='ltr'><em>ἐγὼ</em></span> <span class='ocrx_word' id='word_1_432' title='bbox 2683 567 2979 637; x_wconf 83' lang='grc' dir='ltr'><em>παύσωμαι</em></span> <span class='ocrx_word' id='word_1_433' title='bbox 3008 567 3222 636; x_wconf 89' lang='grc' dir='ltr'><em>λέγων;</em></span> <span class='ocrx_word' id='word_1_434' title='bbox 3276 571 3542 622; x_wconf 72' lang='grc' dir='ltr'><em>Ἄκουσον</em></span> <span class='ocrx_word' id='word_1_435' title='bbox 3579 569 3673 622; x_wconf 88' lang='grc' dir='ltr'><em>τοῦ</em></span> <span class='ocrx_word' id='word_1_436' title='bbox 3725 572 3966 643; x_wconf 79' lang='grc' dir='ltr'><em>Χριστοῦ</em></span> 
     </span>
    </p>
   </div>
   <div class='ocr_carea' id='block_1_53' title="bbox 2284 654 3964 727">
    <p class='ocr_par' dir='ltr' id='par_1_53' title="bbox 2284 654 3964 727">
     <span class='ocr_line' id='line_1_53' title="bbox 2284 654 3964 727; baseline 0.004 -21"><span class='ocrx_word' id='word_1_437' title='bbox 2284 655 2568 722; x_wconf 87' lang='grc' dir='ltr'><em>λέγοντος·</em></span> <span class='ocrx_word' id='word_1_438' title='bbox 2624 654 2719 722; x_wconf 81' lang='grc' dir='ltr'><em>Μὴ</em></span> <span class='ocrx_word' id='word_1_439' title='bbox 2765 655 2863 707; x_wconf 85' lang='grc' dir='ltr'><em>καί</em></span> <span class='ocrx_word' id='word_1_440' title='bbox 2912 656 3083 725; x_wconf 82' lang='grc' dir='ltr'><em>ὑμεῖς</em></span> <span class='ocrx_word' id='word_1_441' title='bbox 3134 657 3441 721; x_wconf 69' lang='grc' dir='ltr'><em>,Βούλεσθε</em></span> <span class='ocrx_word' id='word_1_442' title='bbox 3494 657 3748 727; x_wconf 76' lang='grc' dir='ltr'><em>ὑπάγειν</em></span> <span class='ocrx_word' id='word_1_443' title='bbox 3770 676 3789 723; x_wconf 86' lang='grc'><em>;</em></span> <span class='ocrx_word' id='word_1_444' title='bbox 3857 661 3964 713; x_wconf 62' lang='lat'><em>06-</em></span> 
     </span>
    </p>
   </div>
   <div class='ocr_carea' id='block_1_54' title="bbox 2282 739 3961 811">
    <p class='ocr_par' dir='ltr' id='par_1_54' title="bbox 2282 739 3961 811">
     <span class='ocr_line' id='line_1_54' title="bbox 2282 739 3961 811; baseline 0.004 -18"><span class='ocrx_word' id='word_1_445' title='bbox 2282 758 2391 804; x_wconf 86' lang='grc' dir='ltr'><em>τως</em></span> <span class='ocrx_word' id='word_1_446' title='bbox 2450 739 2571 792; x_wconf 72' lang='grc' dir='ltr'><em>οὔτε</em></span> <span class='ocrx_word' id='word_1_447' title='bbox 2602 745 2965 809; x_wconf 84' lang='grc' dir='ltr'><em>καταφρονεῖν</em></span> <span class='ocrx_word' id='word_1_448' title='bbox 2999 742 3123 795; x_wconf 85' lang='grc' dir='ltr'><em>οῦτε</em></span> <span class='ocrx_word' id='word_1_449' title='bbox 3159 744 3363 811; x_wconf 74' lang='grc' dir='ltr'><em>σφόδρα</em></span> <span class='ocrx_word' id='word_1_450' title='bbox 3422 746 3817 799; x_wconf 88' lang='grc' dir='ltr'><em>ἀντιποιεῖσθαι</em></span> <span class='ocrx_word' id='word_1_451' title='bbox 3864 747 3961 811; x_wconf 74' lang='grc' dir='ltr'><em>τῆς</em></span> 
     </span>
    </p>
   </div>
   <div class='ocr_carea' id='block_1_55' title="bbox 2283 828 3965 904">
    <p class='ocr_par' dir='ltr' id='par_1_55' title="bbox 2283 828 3965 904">
     <span class='ocr_line' id='line_1_55' title="bbox 2283 828 3965 904; baseline 0.004 -24"><span class='ocrx_word' id='word_1_452' title='bbox 2283 829 2391 881; x_wconf 89' lang='grc' dir='ltr'><em>τῶν</em></span> <span class='ocrx_word' id='word_1_453' title='bbox 2433 828 2642 881; x_wconf 85' lang='grc' dir='ltr'><em>πολλῶν</em></span> <span class='ocrx_word' id='word_1_454' title='bbox 2669 828 2953 892; x_wconf 84' lang='grc' dir='ltr'><em>ἀσθενείας</em></span> <span class='ocrx_word' id='word_1_455' title='bbox 2984 832 3111 901; x_wconf 88' lang='grc' dir='ltr'><em>χρή.</em></span> <span class='ocrx_word' id='word_1_456' title='bbox 3165 832 3234 883; x_wconf 84' lang='grc' dir='ltr'><em>’Ἡ</em></span> <span class='ocrx_word' id='word_1_457' title='bbox 3268 833 3366 902; x_wconf 83' lang='grc' dir='ltr'><em>οὐχ</em></span> <span class='ocrx_word' id='word_1_458' title='bbox 3415 833 3633 904; x_wconf 87' lang='grc' dir='ltr'><em>ὁρῶμεν</em></span> <span class='ocrx_word' id='word_1_459' title='bbox 3687 834 3781 886; x_wconf 78' lang='grc' dir='ltr'><em>καὶ</em></span> <span class='ocrx_word' id='word_1_460' title='bbox 3834 836 3965 898; x_wconf 77' lang='grc' dir='ltr'><em>τοὺς</em></span> 
     </span>
    </p>
   </div>
   <div class='ocr_carea' id='block_1_56' title="bbox 2286 916 3969 993">
    <p class='ocr_par' dir='ltr' id='par_1_56' title="bbox 2286 916 3969 993">
     <span class='ocr_line' id='line_1_56' title="bbox 2286 916 3969 993; baseline 0.004 -24"><span class='ocrx_word' id='word_1_461' title='bbox 2286 917 2503 987; x_wconf 80' lang='grc' dir='ltr'><em>ἰατροὺς</em></span> <span class='ocrx_word' id='word_1_462' title='bbox 2538 916 2696 969; x_wconf 89' lang='grc' dir='ltr'><em>τοῦτο</em></span> <span class='ocrx_word' id='word_1_463' title='bbox 2746 917 3056 982; x_wconf 82' lang='grc' dir='ltr'><em>ποιοῦντας,</em></span> <span class='ocrx_word' id='word_1_464' title='bbox 3096 920 3214 984; x_wconf 73' lang='grc' dir='ltr'><em>καὶ,</em></span> <span class='ocrx_word' id='word_1_465' title='bbox 3258 920 3384 975; x_wconf 74' lang='grc' dir='ltr'><em>ὅταν</em></span> <span class='ocrx_word' id='word_1_466' title='bbox 3426 921 3524 991; x_wconf 85' lang='grc' dir='ltr'><em>μὲν</em></span> <span class='ocrx_word' id='word_1_467' title='bbox 3568 923 3811 993; x_wconf 79' lang='grc' dir='ltr'><em>ἐγχωρῇ,</em></span> <span class='ocrx_word' id='word_1_468' title='bbox 3865 941 3969 993; x_wconf 84' lang='grc' dir='ltr'><em>χα-</em></span> 
     </span>
    </p>
   </div>
   <div class='ocr_carea' id='block_1_57' title="bbox 2288 1004 3970 1079">
    <p class='ocr_par' dir='ltr' id='par_1_57' title="bbox 2288 1004 3970 1079">
     <span class='ocr_line' id='line_1_57' title="bbox 2288 1004 3970 1079; baseline 0.004 -23"><span class='ocrx_word' id='word_1_469' title='bbox 2288 1004 2599 1074; x_wconf 85' lang='grc' dir='ltr'><em>ριζομένους</em></span> <span class='ocrx_word' id='word_1_470' title='bbox 2635 1006 2749 1067; x_wconf 77' lang='grc' dir='ltr'><em>τοῖς</em></span> <span class='ocrx_word' id='word_1_471' title='bbox 2787 1005 3109 1073; x_wconf 84' lang='grc' dir='ltr'><em>κάμνουσιν,</em></span> <span class='ocrx_word' id='word_1_472' title='bbox 3149 1006 3277 1059; x_wconf 83' lang='grc' dir='ltr'><em>ὅταν</em></span> <span class='ocrx_word' id='word_1_473' title='bbox 3308 1007 3364 1060; x_wconf 84' lang='grc' dir='ltr'><em>δέ</em></span> <span class='ocrx_word' id='word_1_474' title='bbox 3401 1007 3621 1078; x_wconf 81' lang='grc' dir='ltr'><em>ήχάρις</em></span> <span class='ocrx_word' id='word_1_475' title='bbox 3657 1009 3690 1079; x_wconf 77' lang='grc' dir='ltr'><strong>ἡ</strong></span> <span class='ocrx_word' id='word_1_476' title='bbox 3737 1011 3970 1063; x_wconf 76' lang='grc' dir='ltr'><em>ἐκείνων</em></span> 
     </span>
    </p>
   </div>
   <div class='ocr_carea' id='block_1_58' title="bbox 2285 1090 3968 1164">
    <p class='ocr_par' dir='ltr' id='par_1_58' title="bbox 2285 1090 3968 1164">
     <span class='ocr_line' id='line_1_58' title="bbox 2285 1090 3968 1164; baseline 0.008 -27"><span class='ocrx_word' id='word_1_477' title='bbox 2285 1091 2489 1161; x_wconf 80' lang='grc' dir='ltr'><em>βλάϐην</em></span> <span class='ocrx_word' id='word_1_478' title='bbox 2517 1090 2838 1161; x_wconf 72' lang='grc' dir='ltr'><em>ἐργάζηται,</em></span> <span class='ocrx_word' id='word_1_479' title='bbox 2873 1092 3077 1145; x_wconf 77' lang='grc' dir='ltr'><em>οὐκέτι</em></span> <span class='ocrx_word' id='word_1_480' title='bbox 3128 1092 3514 1164; x_wconf 87' lang='grc' dir='ltr'><em>φειδομένους;</em></span> <span class='ocrx_word' id='word_1_481' title='bbox 3574 1095 3854 1164; x_wconf 88' lang='grc' dir='ltr'><em>Πανταχοῦ</em></span> <span class='ocrx_word' id='word_1_482' title='bbox 3906 1098 3968 1150; x_wconf 82' lang='grc' dir='ltr'><em>τὸ</em></span> 
     </span>
    </p>
   </div>
   <div class='ocr_carea' id='block_1_59' title="bbox 2287 1176 2967 1248">
    <p class='ocr_par' dir='ltr' id='par_1_59' title="bbox 2287 1176 2967 1248">
     <span class='ocr_line' id='line_1_59' title="bbox 2287 1176 2967 1248; baseline 0.007 -20"><span class='ocrx_word' id='word_1_483' title='bbox 2287 1178 2485 1248; x_wconf 85' lang='grc' dir='ltr'><em>μέτρον</em></span> <span class='ocrx_word' id='word_1_484' title='bbox 2521 1178 2687 1248; x_wconf 79' lang='grc' dir='ltr'>τιμᾷν</span> <span class='ocrx_word' id='word_1_485' title='bbox 2728 1177 2892 1231; x_wconf 87' lang='grc' dir='ltr'><em>καλόν</em></span> <span class='ocrx_word' id='word_1_486' title='bbox 2919 1176 2967 1233; x_wconf 74' lang='grc' dir='ltr'><em>ἀ.</em></span> 
     </span>
    </p>
   </div>
   <div class='ocr_carea' id='block_1_60' title="bbox 2367 1265 3966 1339">
    <p class='ocr_par' dir='ltr' id='par_1_60' title="bbox 2367 1265 3966 1339">
     <span class='ocr_line' id='line_1_60' title="bbox 2367 1265 3966 1339; baseline 0.001 -21"><span class='ocrx_word' id='word_1_487' title='bbox 2367 1266 2831 1336; x_wconf 84' lang='grc' dir='ltr'><em>Ἐϐλασφήμησαν</em></span> <span class='ocrx_word' id='word_1_488' title='bbox 2886 1265 3076 1319; x_wconf 80' lang='grc' dir='ltr'><em>πολλοί</em></span> <span class='ocrx_word' id='word_1_489' title='bbox 3134 1268 3493 1337; x_wconf 85' lang='grc' dir='ltr'><em>κατηχήσεως</em></span> <span class='ocrx_word' id='word_1_490' title='bbox 3547 1267 3732 1320; x_wconf 84' lang='grc' dir='ltr'><em>ἐνεκεν</em></span> <span class='ocrx_word' id='word_1_491' title='bbox 3791 1268 3966 1339; x_wconf 83' lang='grc' dir='ltr'><em>κόρης</em></span> 
     </span>
    </p>
   </div>
   <div class='ocr_carea' id='block_1_61' title="bbox 2281 1352 3957 1425">
    <p class='ocr_par' dir='ltr' id='par_1_61' title="bbox 2281 1352 3957 1425">
     <span class='ocr_line' id='line_1_61' title="bbox 2281 1352 3957 1425; baseline 0.002 -20"><span class='ocrx_word' id='word_1_492' title='bbox 2281 1353 2423 1415; x_wconf 78' lang='grc' dir='ltr'><em>τινὸς</em></span> <span class='ocrx_word' id='word_1_493' title='bbox 2450 1352 2728 1422; x_wconf 80' lang='grc' dir='ltr'><em>εὐμόρφου</em></span> <span class='ocrx_word' id='word_1_494' title='bbox 2753 1353 3023 1424; x_wconf 82' lang='grc' dir='ltr'><em>παρθένου</em></span> <span class='ocrx_word' id='word_1_495' title='bbox 3055 1354 3338 1425; x_wconf 64' lang='grc' dir='ltr'><em>μεινάσης,</em></span> <span class='ocrx_word' id='word_1_496' title='bbox 3364 1354 3673 1423; x_wconf 86' lang='grc' dir='ltr'><em>παρέϐαλον</em></span> <span class='ocrx_word' id='word_1_497' title='bbox 3693 1355 3831 1425; x_wconf 83' lang='grc' dir='ltr'><em>πρὸς</em></span> <span class='ocrx_word' id='word_1_498' title='bbox 3851 1357 3957 1408; x_wconf 83' lang='grc' dir='ltr'><em>αὐ-</em></span> 
     </span>
    </p>
   </div>
   <div class='ocr_carea' id='block_1_62' title="bbox 2279 1437 3964 1513">
    <p class='ocr_par' dir='ltr' id='par_1_62' title="bbox 2279 1437 3964 1513">
     <span class='ocr_line' id='line_1_62' title="bbox 2279 1437 3964 1513; baseline 0.002 -21"><span class='ocrx_word' id='word_1_499' title='bbox 2279 1439 2400 1510; x_wconf 80' lang='grc' dir='ltr'><em>τὴν,</em></span> <span class='ocrx_word' id='word_1_500' title='bbox 2420 1441 2515 1492; x_wconf 75' lang='grc' dir='ltr'><em>καὶ</em></span> <span class='ocrx_word' id='word_1_501' title='bbox 2536 1442 2663 1503; x_wconf 80' lang='grc' dir='ltr'><em>τοὺς</em></span> <span class='ocrx_word' id='word_1_502' title='bbox 2685 1440 3064 1511; x_wconf 88' lang='grc' dir='ltr'><em>κατηχοῦντας</em></span> <span class='ocrx_word' id='word_1_503' title='bbox 3092 1441 3461 1511; x_wconf 83' lang='grc' dir='ltr'><em>ἐλοιδόρησαν.</em></span> <span class='ocrx_word' id='word_1_504' title='bbox 3490 1442 3555 1494; x_wconf 92' lang='grc' dir='ltr'><em>Τί</em></span> <span class='ocrx_word' id='word_1_505' title='bbox 3576 1437 3701 1506; x_wconf 83' lang='grc' dir='ltr'><em>οὗν;</em></span> <span class='ocrx_word' id='word_1_506' title='bbox 3724 1443 3964 1513; x_wconf 84' lang='grc' dir='ltr'><em>ἀποστῆ-</em></span> 
     </span>
    </p>
   </div>
   <div class='ocr_carea' id='block_1_63' title="bbox 2280 1526 3963 1598">
    <p class='ocr_par' dir='ltr' id='par_1_63' title="bbox 2280 1526 3963 1598">
     <span class='ocr_line' id='line_1_63' title="bbox 2280 1526 3963 1598; baseline 0.004 -20"><span class='ocrx_word' id='word_1_507' title='bbox 2280 1542 2369 1579; x_wconf 89' lang='grc' dir='ltr'><em>ναι</em></span> <span class='ocrx_word' id='word_1_508' title='bbox 2398 1526 2638 1589; x_wconf 82' lang='grc' dir='ltr'><em>ἐκείνους</em></span> <span class='ocrx_word' id='word_1_509' title='bbox 2669 1526 2775 1579; x_wconf 85' lang='grc' dir='ltr'><em>ἐδει</em></span> <span class='ocrx_word' id='word_1_510' title='bbox 2796 1527 2882 1580; x_wconf 88' lang='grc' dir='ltr'><em>διὰ</em></span> <span class='ocrx_word' id='word_1_511' title='bbox 2909 1527 3067 1580; x_wconf 89' lang='grc' dir='ltr'><em>τοῦτο</em></span> <span class='ocrx_word' id='word_1_512' title='bbox 3086 1545 3101 1595; x_wconf 84' lang='grc'>;</span> <span class='ocrx_word' id='word_1_513' title='bbox 3123 1527 3388 1597; x_wconf 74' lang='grc' dir='ltr'><em>Οὐδαμῶς</em></span> <span class='ocrx_word' id='word_1_514' title='bbox 3410 1544 3423 1558; x_wconf 89' lang='grc'><strong>·</strong></span> <span class='ocrx_word' id='word_1_515' title='bbox 3455 1527 3607 1580; x_wconf 81' lang='grc' dir='ltr'><em>οὐδὲν</em></span> <span class='ocrx_word' id='word_1_516' title='bbox 3633 1528 3743 1598; x_wconf 91' lang='grc' dir='ltr'><em>γάρ</em></span> <span class='ocrx_word' id='word_1_517' title='bbox 3767 1530 3963 1597; x_wconf 85' lang='grc' dir='ltr'><em>εἰργά-</em></span> 
     </span>
    </p>
   </div>
   <div class='ocr_carea' id='block_1_64' title="bbox 2282 1611 3957 1686">
    <p class='ocr_par' dir='ltr' id='par_1_64' title="bbox 2282 1611 3957 1686">
     <span class='ocr_line' id='line_1_64' title="bbox 2282 1611 3957 1686; baseline 0.003 -22"><span class='ocrx_word' id='word_1_518' title='bbox 2282 1611 2436 1675; x_wconf 80' lang='grc' dir='ltr'><em>ζοντο</em></span> <span class='ocrx_word' id='word_1_519' title='bbox 2470 1613 2732 1674; x_wconf 89' lang='grc' dir='ltr'><em>ἐναντίον,</em></span> <span class='ocrx_word' id='word_1_520' title='bbox 2765 1614 2901 1667; x_wconf 91' lang='grc' dir='ltr'><em>ἀλλά</em></span> <span class='ocrx_word' id='word_1_521' title='bbox 2940 1615 3035 1666; x_wconf 76' lang='grc' dir='ltr'><em>καὶ</em></span> <span class='ocrx_word' id='word_1_522' title='bbox 3075 1614 3279 1685; x_wconf 89' lang='grc' dir='ltr'><em>σφόδρα</em></span> <span class='ocrx_word' id='word_1_523' title='bbox 3312 1613 3503 1667; x_wconf 82' lang='grc' dir='ltr'><em>δοκοῦν</em></span> <span class='ocrx_word' id='word_1_524' title='bbox 3551 1616 3785 1686; x_wconf 81' lang='grc' dir='ltr'><em>πρᾶγμα</em></span> <span class='ocrx_word' id='word_1_525' title='bbox 3815 1616 3957 1686; x_wconf 79' lang='grc' dir='ltr'><em>Θεῷ.</em></span> 
     </span>
    </p>
   </div>
   <div class='ocr_carea' id='block_1_65' title="bbox 2282 1699 3960 1770">
    <p class='ocr_par' dir='ltr' id='par_1_65' title="bbox 2282 1699 3960 1770">
     <span class='ocr_line' id='line_1_65' title="bbox 2282 1699 3960 1770; baseline 0.002 -19"><span class='ocrx_word' id='word_1_526' title='bbox 2282 1700 2373 1767; x_wconf 82' lang='grc' dir='ltr'><em>Μὴ</em></span> <span class='ocrx_word' id='word_1_527' title='bbox 2401 1699 2602 1763; x_wconf 90' lang='grc' dir='ltr'><em>τοίνυν,</em></span> <span class='ocrx_word' id='word_1_528' title='bbox 2637 1700 2685 1751; x_wconf 89' lang='grc' dir='ltr'><em>εἰ</em></span> <span class='ocrx_word' id='word_1_529' title='bbox 2723 1700 3167 1764; x_wconf 82' lang='grc' dir='ltr'><em>σκανδαλίζονταί</em></span> <span class='ocrx_word' id='word_1_530' title='bbox 3189 1717 3355 1764; x_wconf 89' lang='grc' dir='ltr'><em>τινες,</em></span> <span class='ocrx_word' id='word_1_531' title='bbox 3390 1700 3613 1770; x_wconf 86' lang='grc' dir='ltr'><em>ίδωμεν,</em></span> <span class='ocrx_word' id='word_1_532' title='bbox 3651 1701 3767 1753; x_wconf 85' lang='grc' dir='ltr'><em>ἀλλ’</em></span> <span class='ocrx_word' id='word_1_533' title='bbox 3800 1704 3848 1754; x_wconf 88' lang='grc' dir='ltr'><em>εί</em></span> <span class='ocrx_word' id='word_1_534' title='bbox 3879 1702 3960 1755; x_wconf 82' lang='grc' dir='ltr'><em>δι-</em></span> 
     </span>
    </p>
   </div>
   <div class='ocr_carea' id='block_1_66' title="bbox 2281 1786 3960 1858">
    <p class='ocr_par' dir='ltr' id='par_1_66' title="bbox 2281 1786 3960 1858">
     <span class='ocr_line' id='line_1_66' title="bbox 2281 1786 3960 1858; baseline 0.002 -20"><span class='ocrx_word' id='word_1_535' title='bbox 2281 1786 2470 1849; x_wconf 90' lang='grc' dir='ltr'><em>καίως,</em></span> <span class='ocrx_word' id='word_1_536' title='bbox 2498 1788 2593 1838; x_wconf 79' lang='grc' dir='ltr'><em>καὶ</em></span> <span class='ocrx_word' id='word_1_537' title='bbox 2620 1789 2668 1839; x_wconf 91' lang='grc' dir='ltr'><em>εἰ</em></span> <span class='ocrx_word' id='word_1_538' title='bbox 2703 1787 2778 1857; x_wconf 83' lang='grc' dir='ltr'><em>μὴ</em></span> <span class='ocrx_word' id='word_1_539' title='bbox 2809 1787 2946 1856; x_wconf 84' lang='grc' dir='ltr'><em>μετὰ</em></span> <span class='ocrx_word' id='word_1_540' title='bbox 2976 1788 3073 1856; x_wconf 84' lang='grc' dir='ltr'><em>τῆς</em></span> <span class='ocrx_word' id='word_1_541' title='bbox 3096 1789 3372 1858; x_wconf 81' lang='grc' dir='ltr'><em>ἡμετέρας</em></span> <span class='ocrx_word' id='word_1_542' title='bbox 3400 1787 3625 1856; x_wconf 86' lang='grc' dir='ltr'><em>βλάϐης.</em></span> <span class='ocrx_word' id='word_1_543' title='bbox 3651 1790 3720 1841; x_wconf 82' lang='lat' dir='ltr'><em>El</em></span> <span class='ocrx_word' id='word_1_544' title='bbox 3743 1788 3960 1857; x_wconf 77' lang='grc' dir='ltr'><em>,ϐρῶμα</em></span> 
     </span>
    </p>
   </div>
   <div class='ocr_carea' id='block_1_67' title="bbox 2280 1873 3959 1945">
    <p class='ocr_par' dir='ltr' id='par_1_67' title="bbox 2280 1873 3959 1945">
     <span class='ocr_line' id='line_1_67' title="bbox 2280 1873 3959 1945; baseline 0.002 -19"><span class='ocrx_word' id='word_1_545' title='bbox 2280 1873 2698 1937; x_wconf 71' lang='grc' dir='ltr'><em>σκανδαλίζει,</em></span> <span class='ocrx_word' id='word_1_546' title='bbox 2730 1876 2884 1943; x_wconf 77' lang='grc' dir='ltr'><em>φησὶ,</em></span> <span class='ocrx_word' id='word_1_547' title='bbox 2916 1875 3023 1927; x_wconf 79' lang='grc' dir='ltr'><em>τὸν</em></span> <span class='ocrx_word' id='word_1_548' title='bbox 3061 1875 3330 1944; x_wconf 70' lang='grc' dir='ltr'><em>ἀδελφόν</em></span> <span class='ocrx_word' id='word_1_549' title='bbox 3364 1893 3506 1944; x_wconf 86' lang='grc' dir='ltr'><em>μου,</em></span> <span class='ocrx_word' id='word_1_550' title='bbox 3539 1877 3611 1929; x_wconf 82' lang='grc' dir='ltr'><em>οὐ</em></span> <span class='ocrx_word' id='word_1_551' title='bbox 3652 1875 3736 1944; x_wconf 83' lang='grc' dir='ltr'><em>μὴ</em></span> <span class='ocrx_word' id='word_1_552' title='bbox 3786 1876 3959 1945; x_wconf 70' lang='grc' dir='ltr'><em>φάγω</em></span> 
     </span>
    </p>
   </div>
   <div class='ocr_carea' id='block_1_68' title="bbox 2280 1960 3959 2034">
    <p class='ocr_par' dir='ltr' id='par_1_68' title="bbox 2280 1960 3959 2034">
     <span class='ocr_line' id='line_1_68' title="bbox 2280 1960 3959 2034; baseline 0.001 -20"><span class='ocrx_word' id='word_1_553' title='bbox 2280 1960 2424 2029; x_wconf 84' lang='grc' dir='ltr'><em>κρέα</em></span> <span class='ocrx_word' id='word_1_554' title='bbox 2448 1964 2536 2028; x_wconf 81' lang='grc' dir='ltr'><em>εἰς</em></span> <span class='ocrx_word' id='word_1_555' title='bbox 2560 1962 2668 2015; x_wconf 84' lang='grc' dir='ltr'><em>τὸν</em></span> <span class='ocrx_word' id='word_1_556' title='bbox 2691 1960 2897 2015; x_wconf 85' lang='grc' dir='ltr'><em>αἰῶνα.</em></span> <span class='ocrx_word' id='word_1_557' title='bbox 2929 1962 3187 2025; x_wconf 82' lang='grc' dir='ltr'><em>Εἰκότως·</em></span> <span class='ocrx_word' id='word_1_558' title='bbox 3215 1963 3368 2016; x_wconf 79' lang='grc' dir='ltr'><em>οὐδὲν</em></span> <span class='ocrx_word' id='word_1_559' title='bbox 3393 1964 3503 2033; x_wconf 87' lang='grc' dir='ltr'><em>γάρ</em></span> <span class='ocrx_word' id='word_1_560' title='bbox 3530 1962 3765 2015; x_wconf 75' lang='grc' dir='ltr'><em>ἔϐλαπτε</em></span> <span class='ocrx_word' id='word_1_561' title='bbox 3787 1963 3849 2016; x_wconf 88' lang='grc' dir='ltr'><em>τὸ</em></span> <span class='ocrx_word' id='word_1_562' title='bbox 3872 1966 3959 2034; x_wconf 80' lang='grc' dir='ltr'><em>μὴ</em></span> 
     </span>
    </p>
   </div>
   <div class='ocr_carea' id='block_1_69' title="bbox 2281 2049 3957 2119">
    <p class='ocr_par' dir='ltr' id='par_1_69' title="bbox 2281 2049 3957 2119">
     <span class='ocr_line' id='line_1_69' title="bbox 2281 2049 3957 2119; baseline 0.003 -20"><span class='ocrx_word' id='word_1_563' title='bbox 2281 2050 2507 2116; x_wconf 58' lang='grc' dir='ltr'><em>φαγεῖν</em></span> <span class='ocrx_word' id='word_1_564' title='bbox 2563 2050 2611 2101; x_wconf 91' lang='grc' dir='ltr'><em>εἰ</em></span> <span class='ocrx_word' id='word_1_565' title='bbox 2667 2049 2848 2119; x_wconf 86' lang='grc' dir='ltr'><em>μέντοι</em></span> <span class='ocrx_word' id='word_1_566' title='bbox 2906 2049 3251 2112; x_wconf 75' lang='grc' dir='ltr'><em>σκανδαλίζει</em></span> <span class='ocrx_word' id='word_1_567' title='bbox 3302 2050 3497 2113; x_wconf 82' lang='grc' dir='ltr'><em>αὑτὸν,</em></span> <span class='ocrx_word' id='word_1_568' title='bbox 3549 2051 3631 2103; x_wconf 84' lang='grc' dir='ltr'><em>δτι</em></span> <span class='ocrx_word' id='word_1_569' title='bbox 3692 2050 3957 2119; x_wconf 87' lang='grc' dir='ltr'><em>βούλομαι</em></span> 
     </span>
    </p>
   </div>
   <div class='ocr_carea' id='block_1_70' title="bbox 2279 2135 3956 2208">
    <p class='ocr_par' dir='ltr' id='par_1_70' title="bbox 2279 2135 3956 2208">
     <span class='ocr_line' id='line_1_70' title="bbox 2279 2135 3956 2208; baseline 0.001 -20"><span class='ocrx_word' id='word_1_570' title='bbox 2279 2135 2674 2201; x_wconf 79' lang='grc' dir='ltr'><em>ἀποτάξασθαι,</em></span> <span class='ocrx_word' id='word_1_571' title='bbox 2706 2137 2805 2189; x_wconf 83' lang='grc' dir='ltr'><em>οὐκ</em></span> <span class='ocrx_word' id='word_1_572' title='bbox 2849 2136 2931 2189; x_wconf 85' lang='grc' dir='ltr'><em>ἐτι</em></span> <span class='ocrx_word' id='word_1_573' title='bbox 2975 2137 3285 2206; x_wconf 73' lang='grc' dir='ltr'><em>φροντίζειν</em></span> <span class='ocrx_word' id='word_1_574' title='bbox 3322 2136 3419 2190; x_wconf 84' lang='grc' dir='ltr'><em>δεῖ.</em></span> <span class='ocrx_word' id='word_1_575' title='bbox 3465 2138 3577 2191; x_wconf 80' lang='grc' dir='ltr'><em>Καὶ</em></span> <span class='ocrx_word' id='word_1_576' title='bbox 3610 2138 3761 2203; x_wconf 90' lang='grc' dir='ltr'><em>τίνα,</em></span> <span class='ocrx_word' id='word_1_577' title='bbox 3795 2139 3956 2208; x_wconf 73' lang='grc' dir='ltr'><em>φησὶ,</em></span> 
     </span>
    </p>
   </div>
   <div class='ocr_carea' id='block_1_71' title="bbox 2278 2219 3962 2293">
    <p class='ocr_par' dir='ltr' id='par_1_71' title="bbox 2278 2219 3962 2293">
     <span class='ocr_line' id='line_1_71' title="bbox 2278 2219 3962 2293; baseline 0.004 -20"><span class='ocrx_word' id='word_1_578' title='bbox 2278 2220 2437 2274; x_wconf 89' lang='grc' dir='ltr'><em>τοῦτο</em></span> <span class='ocrx_word' id='word_1_579' title='bbox 2469 2222 2847 2286; x_wconf 87' lang='grc' dir='ltr'><em>σκανδαλίζει;</em></span> <span class='ocrx_word' id='word_1_580' title='bbox 2887 2222 3120 2287; x_wconf 83' lang='grc' dir='ltr'><em>Πολλοὺς</em></span> <span class='ocrx_word' id='word_1_581' title='bbox 3140 2264 3155 2290; x_wconf 93' lang='grc'><em>,</em></span> <span class='ocrx_word' id='word_1_582' title='bbox 3188 2223 3364 2293; x_wconf 74' lang='grc' dir='ltr'><em>ἔγωγε</em></span> <span class='ocrx_word' id='word_1_583' title='bbox 3397 2219 3536 2277; x_wconf 80' lang='grc' dir='ltr'><em>οῖδα.</em></span> <span class='ocrx_word' id='word_1_584' title='bbox 3567 2226 3735 2277; x_wconf 86' lang='grc' dir='ltr'><em>Ὅταν</em></span> <span class='ocrx_word' id='word_1_585' title='bbox 3773 2226 3962 2279; x_wconf 80' lang='grc' dir='ltr'><em>τοίνυν</em></span> 
     </span>
    </p>
   </div>
   <div class='ocr_carea' id='block_1_72' title="bbox 2280 2305 3960 2382">
    <p class='ocr_par' dir='ltr' id='par_1_72' title="bbox 2280 2305 3960 2382">
     <span class='ocr_line' id='line_1_72' title="bbox 2280 2305 3960 2382; baseline 0.002 -22"><span class='ocrx_word' id='word_1_586' title='bbox 2280 2307 2570 2379; x_wconf 87' lang='grc' dir='ltr'><em>ἀδιάφορον</em></span> <span class='ocrx_word' id='word_1_587' title='bbox 2686 2309 2745 2361; x_wconf 84' lang='grc' dir='ltr'><em>τὸ</em></span> <span class='ocrx_word' id='word_1_588' title='bbox 2791 2308 3051 2379; x_wconf 87' lang='grc' dir='ltr'><em>κώλυμα,</em></span> <span class='ocrx_word' id='word_1_589' title='bbox 3092 2309 3347 2378; x_wconf 75' lang='grc' dir='ltr'><em>γινέσθω·</em></span> <span class='ocrx_word' id='word_1_590' title='bbox 3395 2311 3539 2373; x_wconf 74' lang='grc' dir='ltr'><em>ἐπεὶ,</em></span> <span class='ocrx_word' id='word_1_591' title='bbox 3576 2312 3623 2364; x_wconf 85' lang='grc' dir='ltr'><em>εί</em></span> <span class='ocrx_word' id='word_1_592' title='bbox 3665 2312 3960 2382; x_wconf 84' lang='grc' dir='ltr'><em>μέλλοιμεν</em></span> 
     </span>
    </p>
   </div>
   <div class='ocr_carea' id='block_1_73' title="bbox 2279 2394 3955 2469">
    <p class='ocr_par' dir='ltr' id='par_1_73' title="bbox 2279 2394 3955 2469">
     <span class='ocr_line' id='line_1_73' title="bbox 2279 2394 3955 2469; baseline 0.004 -23"><span class='ocrx_word' id='word_1_593' title='bbox 2279 2394 2415 2465; x_wconf 82' lang='grc' dir='ltr'><em>πρὸς</em></span> <span class='ocrx_word' id='word_1_594' title='bbox 2461 2394 2619 2448; x_wconf 88' lang='grc' dir='ltr'><em>τοῦτο</em></span> <span class='ocrx_word' id='word_1_595' title='bbox 2673 2395 2833 2465; x_wconf 90' lang='grc' dir='ltr'><em>μόνον</em></span> <span class='ocrx_word' id='word_1_596' title='bbox 2885 2398 3049 2467; x_wconf 80' lang='grc' dir='ltr'><em>όρᾷν,</em></span> <span class='ocrx_word' id='word_1_597' title='bbox 3101 2397 3311 2450; x_wconf 86' lang='grc' dir='ltr'><em>πολλῶν</em></span> <span class='ocrx_word' id='word_1_598' title='bbox 3362 2397 3559 2469; x_wconf 85' lang='grc' dir='ltr'><em>ἐχομεν</em></span> <span class='ocrx_word' id='word_1_599' title='bbox 3607 2398 3955 2468; x_wconf 66' lang='grc' dir='ltr'><em>ἀποστῆναν</em></span> 
     </span>
    </p>
   </div>
   <div class='ocr_carea' id='block_1_74' title="bbox 2278 2479 3957 2555">
    <p class='ocr_par' dir='ltr' id='par_1_74' title="bbox 2278 2479 3957 2555">
     <span class='ocr_line' id='line_1_74' title="bbox 2278 2479 3957 2555; baseline 0.004 -22"><span class='ocrx_word' id='word_1_600' title='bbox 2278 2480 2468 2552; x_wconf 84' lang='grc' dir='ltr'><em>ὥσπερ</em></span> <span class='ocrx_word' id='word_1_601' title='bbox 2500 2479 2595 2535; x_wconf 84' lang='grc' dir='ltr'><em>οὖν</em></span> <span class='ocrx_word' id='word_1_602' title='bbox 2629 2483 2723 2536; x_wconf 79' lang='grc' dir='ltr'><em>καὶ</em></span> <span class='ocrx_word' id='word_1_603' title='bbox 2759 2483 3093 2547; x_wconf 77' lang='grc' dir='ltr'><em>τούναντίον,</em></span> <span class='ocrx_word' id='word_1_604' title='bbox 3133 2484 3183 2536; x_wconf 91' lang='grc' dir='ltr'><em>εἰ</em></span> <span class='ocrx_word' id='word_1_605' title='bbox 3221 2483 3512 2555; x_wconf 80' lang='grc' dir='ltr'><em>μέλλοιμεν</em></span> <span class='ocrx_word' id='word_1_606' title='bbox 3553 2489 3957 2555; x_wconf 86' lang='grc' dir='ltr'><em>καταφρονεῖν,</em></span> 
     </span>
    </p>
   </div>
   <div class='ocr_carea' id='block_1_75' title="bbox 2277 2568 3959 2642">
    <p class='ocr_par' dir='ltr' id='par_1_75' title="bbox 2277 2568 3959 2642">
     <span class='ocr_line' id='line_1_75' title="bbox 2277 2568 3959 2642; baseline 0.002 -19"><span class='ocrx_word' id='word_1_607' title='bbox 2277 2568 2509 2632; x_wconf 85' lang='grc' dir='ltr'><em>πολλοὺς</em></span> <span class='ocrx_word' id='word_1_608' title='bbox 2537 2568 2853 2622; x_wconf 81' lang='grc' dir='ltr'><em>ἀπολλύναι’</em></span> <span class='ocrx_word' id='word_1_609' title='bbox 2884 2570 3007 2623; x_wconf 78' lang='grc' dir='ltr'><em>ἐπεὶ</em></span> <span class='ocrx_word' id='word_1_610' title='bbox 3033 2570 3128 2623; x_wconf 84' lang='grc' dir='ltr'><em>καὶ</em></span> <span class='ocrx_word' id='word_1_611' title='bbox 3160 2570 3371 2632; x_wconf 87' lang='grc' dir='ltr'><em>Παῦλος</em></span> <span class='ocrx_word' id='word_1_612' title='bbox 3401 2571 3696 2642; x_wconf 82' lang='grc' dir='ltr'><em>προενόησε</em></span> <span class='ocrx_word' id='word_1_613' title='bbox 3720 2572 3959 2626; x_wconf 83' lang='grc' dir='ltr'><em>σκανδά-</em></span> 
     </span>
    </p>
   </div>
   <div class='ocr_carea' id='block_1_76' title="bbox 2276 2657 3954 2730">
    <p class='ocr_par' dir='ltr' id='par_1_76' title="bbox 2276 2657 3954 2730">
     <span class='ocr_line' id='line_1_76' title="bbox 2276 2657 3954 2730; baseline 0.012 -21"><span class='ocrx_word' id='word_1_614' title='bbox 2276 2657 2389 2710; x_wconf 90' lang='grc' dir='ltr'><em>λου·</em></span> <span class='ocrx_word' id='word_1_615' title='bbox 2409 2657 2659 2724; x_wconf 81' lang='grc' dir='ltr'><em>καὶπῶς,</em></span> <span class='ocrx_word' id='word_1_616' title='bbox 2682 2658 2867 2713; x_wconf 69' lang='grc' dir='ltr'><em>άκουεσ</em></span> <span class='ocrx_word' id='word_1_617' title='bbox 2894 2659 3020 2712; x_wconf 84' lang='grc' dir='ltr'><em>Ἵνα</em></span> <span class='ocrx_word' id='word_1_618' title='bbox 3036 2658 3123 2727; x_wconf 78' lang='grc' dir='ltr'><em>μὴ</em></span> <span class='ocrx_word' id='word_1_619' title='bbox 3153 2657 3226 2727; x_wconf 77' lang='grc' dir='ltr'><em>τῇ</em></span> <span class='ocrx_word' id='word_1_620' title='bbox 3252 2658 3546 2726; x_wconf 75' lang='grc' dir='ltr'><em>ἁδρότητι·</em></span> <span class='ocrx_word' id='word_1_621' title='bbox 3586 2658 3740 2728; x_wconf 59' lang='grc' dir='ltr'><em>φησι,</em></span> <span class='ocrx_word' id='word_1_622' title='bbox 3763 2661 3954 2730; x_wconf 64' lang='grc' dir='ltr'><em>ταύτῃ</em></span> 
     </span>
    </p>
   </div>
   <div class='ocr_carea' id='block_1_77' title="bbox 2275 2744 3955 2818">
    <p class='ocr_par' dir='ltr' id='par_1_77' title="bbox 2275 2744 3955 2818">
     <span class='ocr_line' id='line_1_77' title="bbox 2275 2744 3955 2818; baseline 0 -19"><span class='ocrx_word' id='word_1_623' title='bbox 2275 2745 2352 2814; x_wconf 75' lang='grc' dir='ltr'><em>τῇ</em></span> <span class='ocrx_word' id='word_1_624' title='bbox 2379 2744 2818 2814; x_wconf 79' lang='grc' dir='ltr'><em>διακονουμένῃ</em></span> <span class='ocrx_word' id='word_1_625' title='bbox 2846 2747 2947 2813; x_wconf 71' lang='grc' dir='ltr'><em>ὑφ’</em></span> <span class='ocrx_word' id='word_1_626' title='bbox 2977 2745 3165 2815; x_wconf 75' lang='grc' dir='ltr'><em>ἡμῶν·</em></span> <span class='ocrx_word' id='word_1_627' title='bbox 3193 2746 3344 2799; x_wconf 83' lang='grc' dir='ltr'><em>οὐδὲν</em></span> <span class='ocrx_word' id='word_1_628' title='bbox 3374 2747 3483 2818; x_wconf 87' lang='grc' dir='ltr'><em>γάρ</em></span> <span class='ocrx_word' id='word_1_629' title='bbox 3512 2746 3748 2801; x_wconf 76' lang='grc' dir='ltr'><em>ἔϐλαπτε</em></span> <span class='ocrx_word' id='word_1_630' title='bbox 3771 2746 3833 2799; x_wconf 82' lang='grc' dir='ltr'><em>τὸ</em></span> <span class='ocrx_word' id='word_1_631' title='bbox 3856 2747 3955 2817; x_wconf 74' lang='grc' dir='ltr'><em>τὴν</em></span> 
     </span>
    </p>
   </div>
   <div class='ocr_carea' id='block_1_78' title="bbox 2277 2822 3955 2905">
    <p class='ocr_par' dir='ltr' id='par_1_78' title="bbox 2277 2822 3955 2905">
     <span class='ocr_line' id='line_1_78' title="bbox 2277 2822 3955 2905; baseline 0.001 -19"><span class='ocrx_word' id='word_1_632' title='bbox 2277 2832 2533 2887; x_wconf 84' lang='grc' dir='ltr'><em>ὑπόνοιαν</em></span> <span class='ocrx_word' id='word_1_633' title='bbox 2593 2832 2814 2896; x_wconf 83' lang='grc' dir='ltr'><em>ἐξελεῖν.</em></span> <span class='ocrx_word' id='word_1_634' title='bbox 2865 2833 3034 2886; x_wconf 89' lang='grc' dir='ltr'><em>Ὅταν</em></span> <span class='ocrx_word' id='word_1_635' title='bbox 3083 2832 3139 2886; x_wconf 88' lang='grc' dir='ltr'><em>δέ</em></span> <span class='ocrx_word' id='word_1_636' title='bbox 3186 2835 3267 2896; x_wconf 87' lang='grc' dir='ltr'><em>εἰς</em></span> <span class='ocrx_word' id='word_1_637' title='bbox 3313 2822 3572 2904; x_wconf 84' lang='grc' dir='ltr'><em>τοιαύτην</em></span> <span class='ocrx_word' id='word_1_638' title='bbox 3620 2833 3955 2905; x_wconf 84' lang='grc' dir='ltr'><em>ἐμπέσωμεν</em></span> 
     </span>
    </p>
   </div>
   <div class='ocr_carea' id='block_1_79' title="bbox 2275 2919 3952 2991">
    <p class='ocr_par' dir='ltr' id='par_1_79' title="bbox 2275 2919 3952 2991">
     <span class='ocr_line' id='line_1_79' title="bbox 2275 2919 3952 2991; baseline -0.001 -18"><span class='ocrx_word' id='word_1_639' title='bbox 2275 2920 2560 2990; x_wconf 88' lang='grc' dir='ltr'><em>ἀνάγκην,</em></span> <span class='ocrx_word' id='word_1_640' title='bbox 2599 2920 2739 2973; x_wconf 82' lang='grc' dir='ltr'><em>ὥστε</em></span> <span class='ocrx_word' id='word_1_641' title='bbox 2785 2920 2997 2989; x_wconf 89' lang='grc' dir='ltr'><em>μεγάλα</em></span> <span class='ocrx_word' id='word_1_642' title='bbox 3040 2919 3296 2989; x_wconf 83' lang='grc' dir='ltr'><em>γενέσθαι</em></span> <span class='ocrx_word' id='word_1_643' title='bbox 3343 2920 3489 2973; x_wconf 88' lang='grc' dir='ltr'><em>κακά</em></span> <span class='ocrx_word' id='word_1_644' title='bbox 3521 2920 3610 2974; x_wconf 89' lang='grc' dir='ltr'><em>διά</em></span> <span class='ocrx_word' id='word_1_645' title='bbox 3653 2920 3716 2973; x_wconf 78' lang='grc' dir='ltr'><em>τὸ</em></span> <span class='ocrx_word' id='word_1_646' title='bbox 3760 2921 3952 2991; x_wconf 85' lang='grc' dir='ltr'><em>ἐτέρου</em></span> 
     </span>
    </p>
   </div>
   <div class='ocr_carea' id='block_1_80' title="bbox 2276 3005 3954 3080">
    <p class='ocr_par' dir='ltr' id='par_1_80' title="bbox 2276 3005 3954 3080">
     <span class='ocr_line' id='line_1_80' title="bbox 2276 3005 3954 3080; baseline 0.001 -21"><span class='ocrx_word' id='word_1_647' title='bbox 2276 3005 2603 3067; x_wconf 86' lang='grc' dir='ltr'><em>σκάνδαλον,</em></span> <span class='ocrx_word' id='word_1_648' title='bbox 2652 3007 3086 3077; x_wconf 87' lang='grc' dir='ltr'><em>καταφρονῶμεν</em></span> <span class='ocrx_word' id='word_1_649' title='bbox 3130 3006 3363 3061; x_wconf 87' lang='grc' dir='ltr'><em>ἐκείνου.</em></span> <span class='ocrx_word' id='word_1_650' title='bbox 3413 3007 3653 3070; x_wconf 87' lang='grc' dir='ltr'><em>Ἐκεῖνος</em></span> <span class='ocrx_word' id='word_1_651' title='bbox 3700 3006 3797 3077; x_wconf 86' lang='grc' dir='ltr'><em>μέν</em></span> <span class='ocrx_word' id='word_1_652' title='bbox 3843 3008 3954 3080; x_wconf 79' lang='grc' dir='ltr'><em>γὰρ</em></span> 
     </span>
    </p>
   </div>
   <div class='ocr_carea' id='block_1_81' title="bbox 2274 3091 3952 3164">
    <p class='ocr_par' dir='ltr' id='par_1_81' title="bbox 2274 3091 3952 3164">
     <span class='ocr_line' id='line_1_81' title="bbox 2274 3091 3952 3164; baseline 0.001 -20"><span class='ocrx_word' id='word_1_653' title='bbox 2274 3091 2453 3162; x_wconf 86' lang='grc' dir='ltr'><em>ἐαυτῷ</em></span> <span class='ocrx_word' id='word_1_654' title='bbox 2485 3091 2676 3157; x_wconf 83' lang='grc' dir='ltr'><em>αἴτιος,</em></span> <span class='ocrx_word' id='word_1_655' title='bbox 2710 3094 2873 3162; x_wconf 84' lang='grc' dir='ltr'><em>ἡμεῖς</em></span> <span class='ocrx_word' id='word_1_656' title='bbox 2903 3092 2959 3145; x_wconf 88' lang='grc' dir='ltr'><em>δὲ</em></span> <span class='ocrx_word' id='word_1_657' title='bbox 2988 3092 3086 3145; x_wconf 83' lang='grc' dir='ltr'><em>οὐκ</em></span> <span class='ocrx_word' id='word_1_658' title='bbox 3117 3092 3196 3146; x_wconf 81' lang='grc' dir='ltr'><em>ἐτι</em></span> <span class='ocrx_word' id='word_1_659' title='bbox 3224 3092 3516 3146; x_wconf 80' lang='grc' dir='ltr'><em>ὑπεύθυνοι</em></span> <span class='ocrx_word' id='word_1_660' title='bbox 3538 3108 3551 3122; x_wconf 75' lang='grc'><strong>⁸</strong></span> <span class='ocrx_word' id='word_1_661' title='bbox 3588 3093 3649 3145; x_wconf 77' lang='grc' dir='ltr'><em>ού</em></span> <span class='ocrx_word' id='word_1_662' title='bbox 3682 3092 3789 3164; x_wconf 75' lang='grc' dir='ltr'><em>γάρ</em></span> <span class='ocrx_word' id='word_1_663' title='bbox 3821 3095 3952 3163; x_wconf 84' lang='grc' dir='ltr'><em>ἐνῆν</em></span> 
     </span>
    </p>
   </div>
   <div class='ocr_carea' id='block_1_82' title="bbox 2273 3177 3948 3249">
    <p class='ocr_par' dir='ltr' id='par_1_82' title="bbox 2273 3177 3948 3249">
     <span class='ocr_line' id='line_1_82' title="bbox 2273 3177 3948 3249; baseline 0.001 -16"><span class='ocrx_word' id='word_1_664' title='bbox 2273 3178 2527 3244; x_wconf 86' lang='grc' dir='ltr'><em>ἀϐλαϐῶς</em></span> <span class='ocrx_word' id='word_1_665' title='bbox 2561 3177 2729 3232; x_wconf 84' lang='grc' dir='ltr'><em>αὑτοῦ</em></span> <span class='ocrx_word' id='word_1_666' title='bbox 2774 3178 3089 3248; x_wconf 86' lang='grc' dir='ltr'><em>φείσασθαι.</em></span> <span class='ocrx_word' id='word_1_667' title='bbox 3156 3179 3686 3249; x_wconf 85' lang='grc' dir='ltr'><em>Ἐσκανδαλίσθησαν</em></span> <span class='ocrx_word' id='word_1_668' title='bbox 3741 3180 3948 3244; x_wconf 78' lang='grc' dir='ltr'><em>πολλοὶ,</em></span> 
     </span>
    </p>
   </div>
   <div class='ocr_carea' id='block_1_83' title="bbox 2272 3264 3949 3341">
    <p class='ocr_par' dir='ltr' id='par_1_83' title="bbox 2272 3264 3949 3341">
     <span class='ocr_line' id='line_1_83' title="bbox 2272 3264 3949 3341; baseline 0.002 -23"><span class='ocrx_word' id='word_1_669' title='bbox 2272 3266 2355 3319; x_wconf 81' lang='grc' dir='ltr'><em>ὅτι</em></span> <span class='ocrx_word' id='word_1_670' title='bbox 2387 3267 2466 3329; x_wconf 86' lang='grc' dir='ltr'><em>είς</em></span> <span class='ocrx_word' id='word_1_671' title='bbox 2507 3264 2631 3337; x_wconf 89' lang='grc' dir='ltr'><em>ἰερά</em></span> <span class='ocrx_word' id='word_1_672' title='bbox 2660 3265 2977 3319; x_wconf 86' lang='grc' dir='ltr'><em>κατέκειντό</em></span> <span class='ocrx_word' id='word_1_673' title='bbox 3007 3283 3154 3329; x_wconf 86' lang='grc' dir='ltr'><em>τινες</em></span> <span class='ocrx_word' id='word_1_674' title='bbox 3198 3268 3400 3330; x_wconf 77' lang='grc' dir='ltr'><em>πιστοὶ,</em></span> <span class='ocrx_word' id='word_1_675' title='bbox 3435 3265 3674 3341; x_wconf 46' lang='lat' dir='ltr'><em>musa}</em></span> <span class='ocrx_word' id='word_1_676' title='bbox 3712 3268 3813 3321; x_wconf 82' lang='grc' dir='ltr'><em>οὐκ</em></span> <span class='ocrx_word' id='word_1_677' title='bbox 3842 3268 3949 3324; x_wconf 77' lang='grc' dir='ltr'><em>ἔδει</em></span> 
     </span>
    </p>
   </div>
   <div class='ocr_carea' id='block_1_84' title="bbox 2272 3352 3946 3427">
    <p class='ocr_par' dir='ltr' id='par_1_84' title="bbox 2272 3352 3946 3427">
     <span class='ocr_line' id='line_1_84' title="bbox 2272 3352 3946 3427; baseline 0 -20"><span class='ocrx_word' id='word_1_678' title='bbox 2272 3353 2665 3407; x_wconf 83' lang='grc' dir='ltr'><em>κατακεῖσθαι’</em></span> <span class='ocrx_word' id='word_1_679' title='bbox 2715 3352 2855 3407; x_wconf 89' lang='grc' dir='ltr'><em>ἀλλά</em></span> <span class='ocrx_word' id='word_1_680' title='bbox 2897 3353 3113 3417; x_wconf 88' lang='grc' dir='ltr'><em>κακῶς·</em></span> <span class='ocrx_word' id='word_1_681' title='bbox 3171 3354 3400 3424; x_wconf 81' lang='grc' dir='ltr'><em>οὐδεμία</em></span> <span class='ocrx_word' id='word_1_682' title='bbox 3451 3354 3561 3427; x_wconf 85' lang='grc' dir='ltr'><em>γάρ</em></span> <span class='ocrx_word' id='word_1_683' title='bbox 3612 3354 3720 3408; x_wconf 81' lang='grc' dir='ltr'><em>ἀπὸ</em></span> <span class='ocrx_word' id='word_1_684' title='bbox 3756 3355 3946 3409; x_wconf 86' lang='grc' dir='ltr'><em>τούτου</em></span> 
     </span>
    </p>
   </div>
   <div class='ocr_carea' id='block_1_85' title="bbox 2274 3440 3948 3513">
    <p class='ocr_par' dir='ltr' id='par_1_85' title="bbox 2274 3440 3948 3513">
     <span class='ocr_line' id='line_1_85' title="bbox 2274 3440 3948 3513; baseline 0.002 -21"><span class='ocrx_word' id='word_1_685' title='bbox 2274 3440 2469 3510; x_wconf 89' lang='grc' dir='ltr'><em>βλάϐη.</em></span> <span class='ocrx_word' id='word_1_686' title='bbox 2519 3440 3014 3505; x_wconf 86' lang='grc' dir='ltr'><em>Ἐσκανδαλίζοντο,</em></span> <span class='ocrx_word' id='word_1_687' title='bbox 3050 3441 3133 3494; x_wconf 82' lang='grc' dir='ltr'><em>ὅτι</em></span> <span class='ocrx_word' id='word_1_688' title='bbox 3162 3440 3320 3512; x_wconf 74' lang='grc' dir='ltr'><em>ἡσθιε</em></span> <span class='ocrx_word' id='word_1_689' title='bbox 3361 3441 3500 3513; x_wconf 89' lang='grc' dir='ltr'><em>μετά</em></span> <span class='ocrx_word' id='word_1_690' title='bbox 3525 3441 3632 3495; x_wconf 88' lang='grc' dir='ltr'><em>τῶν</em></span> <span class='ocrx_word' id='word_1_691' title='bbox 3659 3441 3891 3495; x_wconf 87' lang='grc' dir='ltr'><em>ἐθνικῶν</em></span> <span class='ocrx_word' id='word_1_692' title='bbox 3919 3443 3948 3495; x_wconf 90' lang='grc' dir='ltr'><em>ό</em></span> 
     </span>
    </p>
   </div>
   <div class='ocr_carea' id='block_1_86' title="bbox 2274 3524 3942 3597">
    <p class='ocr_par' dir='ltr' id='par_1_86' title="bbox 2274 3524 3942 3597">
     <span class='ocr_line' id='line_1_86' title="bbox 2274 3524 3942 3597; baseline -0.002 -18"><span class='ocrx_word' id='word_1_693' title='bbox 2274 3526 2497 3595; x_wconf 80' lang='grc' dir='ltr'><em>Πέτρος·</em></span> <span class='ocrx_word' id='word_1_694' title='bbox 2542 3524 2658 3578; x_wconf 84' lang='grc' dir='ltr'><em>ἀλλ’</em></span> <span class='ocrx_word' id='word_1_695' title='bbox 2693 3526 2901 3589; x_wconf 82' lang='grc' dir='ltr'><em>ἐκεῖνος</em></span> <span class='ocrx_word' id='word_1_696' title='bbox 2927 3526 3029 3597; x_wconf 83' lang='grc' dir='ltr'><em>μὲν</em></span> <span class='ocrx_word' id='word_1_697' title='bbox 3072 3526 3359 3595; x_wconf 88' lang='grc' dir='ltr'><em>ἐφείσατο,</em></span> <span class='ocrx_word' id='word_1_698' title='bbox 3396 3526 3559 3589; x_wconf 76' lang='grc' dir='ltr'><em>αὐτὸς</em></span> <span class='ocrx_word' id='word_1_699' title='bbox 3599 3525 3656 3579; x_wconf 89' lang='grc' dir='ltr'><em>δέ</em></span> <span class='ocrx_word' id='word_1_700' title='bbox 3699 3526 3800 3580; x_wconf 84' lang='grc' dir='ltr'><em>οὐκ</em></span> <span class='ocrx_word' id='word_1_701' title='bbox 3842 3528 3942 3580; x_wconf 83' lang='grc' dir='ltr'><em>ἐτι.</em></span> 
     </span>
    </p>
   </div>
   <div class='ocr_carea' id='block_1_87' title="bbox 2270 3610 3949 3683">
    <p class='ocr_par' dir='ltr' id='par_1_87' title="bbox 2270 3610 3949 3683">
     <span class='ocr_line' id='line_1_87' title="bbox 2270 3610 3949 3683; baseline 0.001 -20"><span class='ocrx_word' id='word_1_702' title='bbox 2270 3610 2552 3682; x_wconf 88' lang='grc' dir='ltr'><em>Πανταχοῦ</em></span> <span class='ocrx_word' id='word_1_703' title='bbox 2580 3613 2847 3681; x_wconf 86' lang='grc' dir='ltr'><em>προσήκει</em></span> <span class='ocrx_word' id='word_1_704' title='bbox 2881 3613 3031 3683; x_wconf 79' lang='grc' dir='ltr'><em>ἡμᾶς</em></span> <span class='ocrx_word' id='word_1_705' title='bbox 3062 3614 3174 3676; x_wconf 88' lang='grc' dir='ltr'><em>τοῖς</em></span> <span class='ocrx_word' id='word_1_706' title='bbox 3200 3610 3294 3665; x_wconf 87' lang='grc' dir='ltr'><em>τοῦ</em></span> <span class='ocrx_word' id='word_1_707' title='bbox 3322 3611 3459 3665; x_wconf 86' lang='grc' dir='ltr'><em>Θεοῦ</em></span> <span class='ocrx_word' id='word_1_708' title='bbox 3488 3611 3676 3682; x_wconf 89' lang='grc' dir='ltr'><em>νόμοις</em></span> <span class='ocrx_word' id='word_1_709' title='bbox 3708 3629 3949 3671; x_wconf 74' lang='grc' dir='ltr'><em>κατακο-</em></span> 
     </span>
    </p>
   </div>
   <div class='ocr_carea' id='block_1_88' title="bbox 2269 3695 3949 3769">
    <p class='ocr_par' dir='ltr' id='par_1_88' title="bbox 2269 3695 3949 3769">
     <span class='ocr_line' id='line_1_88' title="bbox 2269 3695 3949 3769; baseline 0.002 -20"><span class='ocrx_word' id='word_1_710' title='bbox 2269 3697 2615 3761; x_wconf 88' lang='grc' dir='ltr'><em>λουθοῦντας,</em></span> <span class='ocrx_word' id='word_1_711' title='bbox 2654 3697 2856 3768; x_wconf 79' lang='grc' dir='ltr'><em>πολλὴν</em></span> <span class='ocrx_word' id='word_1_712' title='bbox 2891 3698 3133 3769; x_wconf 84' lang='grc' dir='ltr'><em>σπουδὴν</em></span> <span class='ocrx_word' id='word_1_713' title='bbox 3158 3698 3465 3758; x_wconf 85' lang='grc' dir='ltr'><em>ποιεῖσθαι,</em></span> <span class='ocrx_word' id='word_1_714' title='bbox 3496 3695 3637 3751; x_wconf 84' lang='grc' dir='ltr'><em>ὥστε</em></span> <span class='ocrx_word' id='word_1_715' title='bbox 3674 3698 3949 3769; x_wconf 88' lang='grc' dir='ltr'><em>μηδεμίαν</em></span> 
     </span>
    </p>
   </div>
   <div class='ocr_carea' id='block_1_89' title="bbox 2268 3783 3948 3856">
    <p class='ocr_par' dir='ltr' id='par_1_89' title="bbox 2268 3783 3948 3856">
     <span class='ocr_line' id='line_1_89' title="bbox 2268 3783 3948 3856; baseline -0.001 -18"><span class='ocrx_word' id='word_1_716' title='bbox 2268 3784 2529 3856; x_wconf 81' lang='grc' dir='ltr'><em>ἀφορμὴν</em></span> <span class='ocrx_word' id='word_1_717' title='bbox 2560 3784 2824 3855; x_wconf 88' lang='grc' dir='ltr'><em>παρέχειν</em></span> <span class='ocrx_word' id='word_1_718' title='bbox 2860 3784 3158 3839; x_wconf 87' lang='grc' dir='ltr'><em>σκανδάλου</em></span> <span class='ocrx_word' id='word_1_719' title='bbox 3179 3823 3193 3847; x_wconf 93' lang='grc'><em>,</em></span> <span class='ocrx_word' id='word_1_720' title='bbox 3226 3783 3314 3838; x_wconf 78' lang='grc' dir='ltr'><em>ἵνα</em></span> <span class='ocrx_word' id='word_1_721' title='bbox 3342 3785 3435 3838; x_wconf 77' lang='grc' dir='ltr'><em>καὶ</em></span> <span class='ocrx_word' id='word_1_722' title='bbox 3462 3785 3618 3838; x_wconf 83' lang='grc' dir='ltr'><em>αὐτοὶ</em></span> <span class='ocrx_word' id='word_1_723' title='bbox 3660 3785 3948 3839; x_wconf 81' lang='grc' dir='ltr'><em>ἀνεύθυνοι</em></span> 
     </span>
    </p>
   </div>
   <div class='ocr_carea' id='block_1_90' title="bbox 2268 3864 3945 3943">
    <p class='ocr_par' dir='ltr' id='par_1_90' title="bbox 2268 3864 3945 3943">
     <span class='ocr_line' id='line_1_90' title="bbox 2268 3864 3945 3943; baseline 0 -18"><span class='ocrx_word' id='word_1_724' title='bbox 2268 3864 2438 3942; x_wconf 82' lang='grc' dir='ltr'><em>ῶμεν,</em></span> <span class='ocrx_word' id='word_1_725' title='bbox 2464 3871 2557 3925; x_wconf 78' lang='grc' dir='ltr'><em>καὶ</em></span> <span class='ocrx_word' id='word_1_726' title='bbox 2583 3872 2681 3941; x_wconf 84' lang='grc' dir='ltr'><em>τῆς</em></span> <span class='ocrx_word' id='word_1_727' title='bbox 2706 3870 2858 3943; x_wconf 86' lang='grc' dir='ltr'><em>παρὰ</em></span> <span class='ocrx_word' id='word_1_728' title='bbox 2886 3871 2979 3924; x_wconf 90' lang='grc' dir='ltr'><em>τοῦ</em></span> <span class='ocrx_word' id='word_1_729' title='bbox 3004 3870 3140 3924; x_wconf 86' lang='grc' dir='ltr'><em>Θεοῦ</em></span> <span class='ocrx_word' id='word_1_730' title='bbox 3162 3870 3571 3943; x_wconf 88' lang='grc' dir='ltr'><em>φιλανθρωπίας</em></span> <span class='ocrx_word' id='word_1_731' title='bbox 3597 3871 3945 3941; x_wconf 80' lang='grc' dir='ltr'><em>ἀξιωθῶμεν,</em></span> 
     </span>
    </p>
   </div>
   <div class='ocr_carea' id='block_1_91' title="bbox 2268 3950 3945 4029">
    <p class='ocr_par' dir='ltr' id='par_1_91' title="bbox 2268 3950 3945 4029">
     <span class='ocr_line' id='line_1_91' title="bbox 2268 3950 3945 4029; baseline -0.001 -18"><span class='ocrx_word' id='word_1_732' title='bbox 2268 3959 2450 4029; x_wconf 89' lang='grc' dir='ltr'><em>χάριτι</em></span> <span class='ocrx_word' id='word_1_733' title='bbox 2480 3958 2573 4009; x_wconf 77' lang='grc' dir='ltr'><em>καὶ</em></span> <span class='ocrx_word' id='word_1_734' title='bbox 2609 3957 2991 4029; x_wconf 78' lang='grc' dir='ltr'><em>φιλανθρωπίᾳ</em></span> <span class='ocrx_word' id='word_1_735' title='bbox 3018 3958 3112 4011; x_wconf 90' lang='grc' dir='ltr'><em>τοῦ</em></span> <span class='ocrx_word' id='word_1_736' title='bbox 3138 3956 3475 4026; x_wconf 82' lang='grc' dir='ltr'><em>Μονογενοῦς</em></span> <span class='ocrx_word' id='word_1_737' title='bbox 3508 3956 3696 4021; x_wconf 82' lang='grc' dir='ltr'><em>αὑτοῦ,</em></span> <span class='ocrx_word' id='word_1_738' title='bbox 3729 3956 3852 4027; x_wconf 81' lang='grc' dir='ltr'><em>μεθ’</em></span> <span class='ocrx_word' id='word_1_739' title='bbox 3884 3950 3945 4009; x_wconf 76' lang='grc' dir='ltr'><em>οῦ</em></span> 
     </span>
    </p>
   </div>
   <div class='ocr_carea' id='block_1_92' title="bbox 2268 4036 3943 4116">
    <p class='ocr_par' dir='ltr' id='par_1_92' title="bbox 2268 4036 3943 4116">
     <span class='ocr_line' id='line_1_92' title="bbox 2268 4036 3943 4116; baseline 0 -19"><span class='ocrx_word' id='word_1_740' title='bbox 2268 4044 2345 4116; x_wconf 81' lang='grc' dir='ltr'><em>τῷ</em></span> <span class='ocrx_word' id='word_1_741' title='bbox 2373 4045 2570 4116; x_wconf 70' lang='grc' dir='ltr'><em>Πατρί,</em></span> <span class='ocrx_word' id='word_1_742' title='bbox 2594 4036 2713 4114; x_wconf 76' lang='grc' dir='ltr'><em>ἅμα</em></span> <span class='ocrx_word' id='word_1_743' title='bbox 2740 4044 2819 4114; x_wconf 81' lang='grc' dir='ltr'><em>τῷ</em></span> <span class='ocrx_word' id='word_1_744' title='bbox 2846 4044 2986 4115; x_wconf 86' lang='grc' dir='ltr'><em>ἀγίῳ</em></span> <span class='ocrx_word' id='word_1_745' title='bbox 3019 4043 3299 4115; x_wconf 84' lang='grc' dir='ltr'><em>Πνεύματι</em></span> <span class='ocrx_word' id='word_1_746' title='bbox 3322 4042 3476 4109; x_wconf 73' lang='grc' dir='ltr'><em>δόξα,</em></span> <span class='ocrx_word' id='word_1_747' title='bbox 3510 4043 3709 4115; x_wconf 87' lang='grc' dir='ltr'><em>κράτος</em></span> <span class='ocrx_word' id='word_1_748' title='bbox 3728 4079 3744 4103; x_wconf 83' lang='grc'><em>,</em></span> <span class='ocrx_word' id='word_1_749' title='bbox 3776 4043 3943 4112; x_wconf 81' lang='grc' dir='ltr'><em>τιμὴ,</em></span> 
     </span>
    </p>
   </div>
   <div class='ocr_carea' id='block_1_93' title="bbox 2268 4128 3871 4199">
    <p class='ocr_par' dir='ltr' id='par_1_93' title="bbox 2268 4128 3871 4199">
     <span class='ocr_line' id='line_1_93' title="bbox 2268 4128 3871 4199; baseline -0.002 -13"><span class='ocrx_word' id='word_1_750' title='bbox 2268 4131 2362 4187; x_wconf 89' lang='grc' dir='ltr'><em>νῦν</em></span> <span class='ocrx_word' id='word_1_751' title='bbox 2388 4132 2481 4185; x_wconf 69' lang='grc' dir='ltr'><em>καὶ</em></span> <span class='ocrx_word' id='word_1_752' title='bbox 2511 4133 2617 4197; x_wconf 75' lang='grc' dir='ltr'><em>ἀεὶ,</em></span> <span class='ocrx_word' id='word_1_753' title='bbox 2646 4130 2742 4185; x_wconf 80' lang='grc' dir='ltr'><em>καὶ</em></span> <span class='ocrx_word' id='word_1_754' title='bbox 2770 4134 2847 4195; x_wconf 87' lang='grc' dir='ltr'><em>εἰς</em></span> <span class='ocrx_word' id='word_1_755' title='bbox 2872 4132 2999 4193; x_wconf 81' lang='grc' dir='ltr'><em>τοὺς</em></span> <span class='ocrx_word' id='word_1_756' title='bbox 3027 4130 3226 4194; x_wconf 88' lang='grc' dir='ltr'><em>αίῶνας</em></span> <span class='ocrx_word' id='word_1_757' title='bbox 3251 4130 3362 4185; x_wconf 89' lang='grc' dir='ltr'><em>τῶν</em></span> <span class='ocrx_word' id='word_1_758' title='bbox 3392 4130 3621 4184; x_wconf 80' lang='grc' dir='ltr'><em>αἰώνων,</em></span> <span class='ocrx_word' id='word_1_759' title='bbox 3665 4128 3871 4199; x_wconf 71' lang='grc' dir='ltr'><em>Ἀμήν.</em></span> 
     </span>
    </p>
   </div>
   <div class='ocr_carea' id='block_1_94' title="bbox 2323 4249 3946 4315">
    <p class='ocr_par' dir='ltr' id='par_1_94' title="bbox 2323 4249 3946 4315">
     <span class='ocr_line' id='line_1_94' title="bbox 2323 4249 3946 4315; baseline -0.002 -13"><span class='ocrx_word' id='word_1_760' title='bbox 2323 4251 2353 4290; x_wconf 69' lang='grc' dir='ltr'><strong><em>ἀ</em></strong></span> <span class='ocrx_word' id='word_1_761' title='bbox 2395 4252 2533 4302; x_wconf 77' lang='lat' dir='ltr'><em>Unus</em></span> <span class='ocrx_word' id='word_1_762' title='bbox 2574 4252 2703 4312; x_wconf 83' lang='lat' dir='ltr'><strong>cod.,</strong></span> <span class='ocrx_word' id='word_1_763' title='bbox 2743 4254 2911 4315; x_wconf 83' lang='grc' dir='ltr'><em>μέτρον</em></span> <span class='ocrx_word' id='word_1_764' title='bbox 2954 4253 3125 4300; x_wconf 75' lang='grc' dir='ltr'><em>εἰδέναι</em></span> <span class='ocrx_word' id='word_1_765' title='bbox 3164 4252 3328 4300; x_wconf 90' lang='grc' dir='ltr'><em>καλόν.</em></span> <span class='ocrx_word' id='word_1_766' title='bbox 3401 4263 3425 4290; x_wconf 76' lang='grc' dir='ltr'><em>ε</em></span> <span class='ocrx_word' id='word_1_767' title='bbox 3465 4249 3656 4308; x_wconf 80' lang='grc' dir='ltr'><em>Ἐπειδή</em></span> <span class='ocrx_word' id='word_1_768' title='bbox 3700 4249 3849 4299; x_wconf 72' lang='lat' dir='ltr'><strong>deest</strong></span> <span class='ocrx_word' id='word_1_769' title='bbox 3894 4251 3946 4299; x_wconf 81' lang='lat' dir='ltr'><em>in</em></span> 
     </span>
    </p>
   </div>
   <div class='ocr_carea' id='block_1_95' title="bbox 2258 4312 2389 4362">
    <p class='ocr_par' dir='ltr' id='par_1_95' title="bbox 2258 4312 2389 4362">
     <span class='ocr_line' id='line_1_95' title="bbox 2258 4312 2389 4362; baseline 0.015 -2"><span class='ocrx_word' id='word_1_770' title='bbox 2258 4312 2389 4362; x_wconf 70' lang='lat' dir='ltr'><em>aliis.</em></span> 
     </span>
    </p>
   </div>
   <div class='ocr_carea' id='block_1_96' title="bbox 633 4404 3828 4433">
    <p class='ocr_par' dir='ltr' id='par_1_96' title="bbox 633 4404 3828 4433">
     <span class='ocr_line' id='line_1_96' title="bbox 633 4404 3828 4433; baseline 0.006 -18"><span class='ocrx_word' id='word_1_771' title='bbox 633 4404 3828 4433; x_wconf 47' lang='lat' dir='ltr'><strong><em>mm</em></strong></span> 
     </span>
    </p>
   </div>
   <div class='ocr_carea' id='block_1_97' title="bbox 1931 4492 2524 4568">
    <p class='ocr_par' dir='ltr' id='par_1_97' title="bbox 1931 4492 2524 4568">
     <span class='ocr_line' id='line_1_97' title="bbox 1931 4492 2524 4568; baseline 0.003 -21"><span class='ocrx_word' id='word_1_772' title='bbox 1931 4494 2081 4568; x_wconf 63' lang='grc' dir='ltr'><em>[εει]</em></span> <span class='ocrx_word' id='word_1_773' title='bbox 2114 4492 2359 4550; x_wconf 74' lang='grc' dir='ltr'><em>οΜιΑιΑ</em></span> <span class='ocrx_word' id='word_1_774' title='bbox 2390 4497 2524 4551; x_wconf 88' lang='lat' dir='ltr'><em>MZ&#39;.</em></span> 
     </span>
    </p>
   </div>
   <div class='ocr_carea' id='block_1_98' title="bbox 495 4572 2157 4654">
    <p class='ocr_par' dir='ltr' id='par_1_98' title="bbox 495 4572 2157 4654">
     <span class='ocr_line' id='line_1_98' title="bbox 495 4572 2157 4654; baseline 0.007 -23"><span class='ocrx_word' id='word_1_775' title='bbox 495 4572 644 4654; x_wconf 59' lang='grc' dir='ltr'><em>Εῖεξε</em></span> <span class='ocrx_word' id='word_1_776' title='bbox 688 4576 828 4654; x_wconf 23' lang='grc' dir='ltr'><em>δὲμό</em></span> <span class='ocrx_word' id='word_1_777' title='bbox 871 4578 1131 4654; x_wconf 65' lang='grc' dir='ltr'><em>Ιζαῦλοςο</em></span> <span class='ocrx_word' id='word_1_778' title='bbox 1176 4580 1319 4654; x_wconf 61' lang='grc' dir='ltr'><em>ξετκῦ</em></span> <span class='ocrx_word' id='word_1_779' title='bbox 1361 4584 1476 4651; x_wconf 85' lang='grc' dir='ltr'><em>εἰμι</em></span> <span class='ocrx_word' id='word_1_780' title='bbox 1506 4584 1816 4652; x_wconf 73' lang='grc' dir='ltr'><em>ἅνθρωπος</em></span> <span class='ocrx_word' id='word_1_781' title='bbox 1860 4585 2157 4654; x_wconf 85' lang='grc' dir='ltr'><em>Ἰουδαῖος,</em></span> 
     </span>
    </p>
   </div>
   <div class='ocr_carea' id='block_1_99' title="bbox 571 4648 2160 4724">
    <p class='ocr_par' dir='ltr' id='par_1_99' title="bbox 571 4648 2160 4724">
     <span class='ocr_line' id='line_1_99' title="bbox 571 4648 2160 4724; baseline 0.006 -23"><span class='ocrx_word' id='word_1_782' title='bbox 571 4649 832 4724; x_wconf 63' lang='grc' dir='ltr'><em>Ταρσεύς</em></span> <span class='ocrx_word' id='word_1_783' title='bbox 858 4648 1280 4724; x_wconf 29' lang='grc' dir='ltr'><em>τῆς-’Κιλικίαᾲ</em></span> <span class='ocrx_word' id='word_1_784' title='bbox 1309 4648 1424 4706; x_wconf 81' lang='grc' dir='ltr'><em>οὐκ</em></span> <span class='ocrx_word' id='word_1_785' title='bbox 1451 4648 1694 4724; x_wconf 78' lang='grc' dir='ltr'><em>ἀσήμου</em></span> <span class='ocrx_word' id='word_1_786' title='bbox 1722 4648 1954 4723; x_wconf 74' lang='grc' dir='ltr'><em>πόλεως</em></span> <span class='ocrx_word' id='word_1_787' title='bbox 1985 4648 2160 4710; x_wconf 71' lang='grc' dir='ltr'><em>παιίὲ</em></span> 
     </span>
    </p>
   </div>
   <div class='ocr_carea' id='block_1_100' title="bbox 565 4718 2162 4794">
    <p class='ocr_par' dir='ltr' id='par_1_100' title="bbox 565 4718 2162 4794">
     <span class='ocr_line' id='line_1_100' title="bbox 565 4718 2162 4794; baseline 0.005 -23"><span class='ocrx_word' id='word_1_788' title='bbox 565 4734 702 4794; x_wconf 75' lang='grc' dir='ltr'><em>τηςο</em></span> <span class='ocrx_word' id='word_1_789' title='bbox 733 4718 1029 4794; x_wconf 29' lang='grc' dir='ltr'><em>δέομαι-δέ</em></span> <span class='ocrx_word' id='word_1_790' title='bbox 1054 4718 1671 4794; x_wconf 17' lang='grc' dir='ltr'><em>σουᾼ,ᾼὲπίτρεψόν’μοι</em></span> <span class='ocrx_word' id='word_1_791' title='bbox 1705 4718 1972 4794; x_wconf 72' lang='grc' dir='ltr'><em>,λαλῆσαι</em></span> <span class='ocrx_word' id='word_1_792' title='bbox 2011 4727 2162 4794; x_wconf 76' lang='grc' dir='ltr'><em>πρὸς</em></span> 
     </span>
    </p>
   </div>
   <div class='ocr_carea' id='block_1_101' title="bbox 563 4787 2163 4862">
    <p class='ocr_par' dir='ltr' id='par_1_101' title="bbox 563 4787 2163 4862">
     <span class='ocr_line' id='line_1_101' title="bbox 563 4787 2163 4862; baseline 0.006 -22"><span class='ocrx_word' id='word_1_793' title='bbox 563 4787 893 4862; x_wconf 31' lang='grc' dir='ltr'><em>τὸν-λαόν.</em></span> <span class='ocrx_word' id='word_1_794' title='bbox 948 4787 1535 4862; x_wconf 38' lang='grc' dir='ltr'><em>[Επι-τρέψαντρδδὲ</em></span> <span class='ocrx_word' id='word_1_795' title='bbox 1572 4787 1785 4857; x_wconf 73' lang='grc' dir='ltr'><em>αὑτοῦ,</em></span> <span class='ocrx_word' id='word_1_796' title='bbox 1841 4787 1874 4849; x_wconf 72' lang='grc' dir='ltr'><em>ὅ</em></span> <span class='ocrx_word' id='word_1_797' title='bbox 1920 4787 2163 4862; x_wconf 56' lang='grc' dir='ltr'><em>Παῦῖιοξκ</em></span> 
     </span>
    </p>
   </div>
   <div class='ocr_carea' id='block_1_102' title="bbox 561 4856 2163 4935">
    <p class='ocr_par' dir='ltr' id='par_1_102' title="bbox 561 4856 2163 4935">
     <span class='ocr_line' id='line_1_102' title="bbox 561 4856 2163 4935; baseline 0.006 -27"><span class='ocrx_word' id='word_1_798' title='bbox 561 4857 753 4935; x_wconf 60' lang='grc' dir='ltr'><em>έστὼς</em></span> <span class='ocrx_word' id='word_1_799' title='bbox 908 4856 1025 4935; x_wconf 68' lang='grc' dir='ltr'><em>τῶν</em></span> <span class='ocrx_word' id='word_1_800' title='bbox 1050 4856 1409 4935; x_wconf 59' lang='grc' dir='ltr'><em>αναϐαθμῶν</em></span> <span class='ocrx_word' id='word_1_801' title='bbox 1436 4863 1751 4935; x_wconf 75' lang='grc' dir='ltr'><em>κατέσεισε</em></span> <span class='ocrx_word' id='word_1_802' title='bbox 1776 4856 1854 4933; x_wconf 76' lang='grc' dir='ltr'><em>τῇ</em></span> <span class='ocrx_word' id='word_1_803' title='bbox 1877 4867 2024 4935; x_wconf 75' lang='grc' dir='ltr'><em>χειρί</em></span> <span class='ocrx_word' id='word_1_804' title='bbox 2056 4856 2163 4918; x_wconf 77' lang='grc' dir='ltr'><em>τὸν</em></span> 
     </span>
    </p>
   </div>
   <div class='ocr_carea' id='block_1_103' title="bbox 562 4926 2162 5005">
    <p class='ocr_par' dir='ltr' id='par_1_103' title="bbox 562 4926 2162 5005">
     <span class='ocr_line' id='line_1_103' title="bbox 562 4926 2162 5005; baseline 0.006 -27"><span class='ocrx_word' id='word_1_805' title='bbox 562 4926 1009 5005; x_wconf 41' lang='grc' dir='ltr'><em>,φόνι-Πολλῆς</em></span> <span class='ocrx_word' id='word_1_806' title='bbox 1040 4926 1688 5005; x_wconf 56' lang='grc' dir='ltr'><em>σιγῇ-γενομένης,</em></span> <span class='ocrx_word' id='word_1_807' title='bbox 1723 4926 2162 5005; x_wconf 61' lang='grc' dir='ltr'><em>προσῖφξόνησε</em></span> 
     </span>
    </p>
   </div>
   <div class='ocr_carea' id='block_1_104' title="bbox 564 4997 1511 5070">
    <p class='ocr_par' dir='ltr' id='par_1_104' title="bbox 564 4997 1511 5070">
     <span class='ocr_line' id='line_1_104' title="bbox 564 4997 1511 5070; baseline 0.007 -20"><span class='ocrx_word' id='word_1_808' title='bbox 564 4997 637 5065; x_wconf 81' lang='grc' dir='ltr'><em>τῇ</em></span> <span class='ocrx_word' id='word_1_809' title='bbox 676 4997 926 5065; x_wconf 79' lang='grc' dir='ltr'><em>Ἐϐραΐδι</em></span> <span class='ocrx_word' id='word_1_810' title='bbox 954 4997 1267 5065; x_wconf 73' lang='grc' dir='ltr'><em>διαλέκτῳ,</em></span> <span class='ocrx_word' id='word_1_811' title='bbox 1296 4997 1511 5070; x_wconf 75' lang='grc' dir='ltr'><em>λέγων.</em></span> 
     </span>
    </p>
   </div>
   <div class='ocr_carea' id='block_1_105' title="bbox 561 5121 2162 5200">
    <p class='ocr_par' dir='ltr' id='par_1_105' title="bbox 561 5121 2162 5200">
     <span class='ocr_line' id='line_1_105' title="bbox 561 5121 2162 5200; baseline 0.006 -27"><span class='ocrx_word' id='word_1_812' title='bbox 561 5127 630 5175; x_wconf 88' lang='grc' dir='ltr'><em>α’.</em></span> <span class='ocrx_word' id='word_1_813' title='bbox 643 5122 784 5192; x_wconf 85' lang='grc' dir='ltr'><em>Ὅρα</em></span> <span class='ocrx_word' id='word_1_814' title='bbox 795 5121 980 5185; x_wconf 80' lang='grc' dir='ltr'><em>αὐτὸν,</em></span> <span class='ocrx_word' id='word_1_815' title='bbox 998 5121 1129 5175; x_wconf 81' lang='grc' dir='ltr'><em>ὅταν</em></span> <span class='ocrx_word' id='word_1_816' title='bbox 1141 5124 1274 5195; x_wconf 76' lang='grc' dir='ltr'><em>πρὸς</em></span> <span class='ocrx_word' id='word_1_817' title='bbox 1287 5125 1411 5189; x_wconf 85' lang='grc' dir='ltr'><em>τοὺς</em></span> <span class='ocrx_word' id='word_1_818' title='bbox 1427 5125 1533 5192; x_wconf 74' lang='grc' dir='ltr'><em>ἔξω</em></span> <span class='ocrx_word' id='word_1_819' title='bbox 1543 5126 1878 5200; x_wconf 86' lang='grc' dir='ltr'><em>διαλέγηται,</em></span> <span class='ocrx_word' id='word_1_820' title='bbox 1892 5128 1953 5182; x_wconf 84' lang='grc' dir='ltr'><em>οὐ</em></span> <span class='ocrx_word' id='word_1_821' title='bbox 1972 5146 2162 5200; x_wconf 88' lang='grc' dir='ltr'><em>παραι-</em></span> 
     </span>
    </p>
   </div>
   <div class='ocr_carea' id='block_1_106' title="bbox 490 5211 2159 5291">
    <p class='ocr_par' dir='ltr' id='par_1_106' title="bbox 490 5211 2159 5291">
     <span class='ocr_line' id='line_1_106' title="bbox 490 5211 2159 5291; baseline 0.006 -27"><span class='ocrx_word' id='word_1_822' title='bbox 490 5212 754 5281; x_wconf 88' lang='grc' dir='ltr'><em>τούμενον</em></span> <span class='ocrx_word' id='word_1_823' title='bbox 786 5211 880 5263; x_wconf 75' lang='grc' dir='ltr'><em>καὶ</em></span> <span class='ocrx_word' id='word_1_824' title='bbox 913 5213 1024 5273; x_wconf 89' lang='grc' dir='ltr'><em>τοῖς</em></span> <span class='ocrx_word' id='word_1_825' title='bbox 1058 5212 1164 5265; x_wconf 78' lang='grc' dir='ltr'><em>ἀπὸ</em></span> <span class='ocrx_word' id='word_1_826' title='bbox 1196 5213 1301 5268; x_wconf 88' lang='grc' dir='ltr'><em>τῶν</em></span> <span class='ocrx_word' id='word_1_827' title='bbox 1333 5215 1515 5285; x_wconf 86' lang='grc' dir='ltr'><em>νόμων</em></span> <span class='ocrx_word' id='word_1_828' title='bbox 1547 5219 1846 5289; x_wconf 83' lang='grc' dir='ltr'><em>κεχρῆσθαι</em></span> <span class='ocrx_word' id='word_1_829' title='bbox 1885 5219 2159 5291; x_wconf 82' lang='grc' dir='ltr'><em>βοηθήμα-</em></span> 
     </span>
    </p>
   </div>
   <div class='ocr_carea' id='block_1_107' title="bbox 493 5297 2159 5377">
    <p class='ocr_par' dir='ltr' id='par_1_107' title="bbox 493 5297 2159 5377">
     <span class='ocr_line' id='line_1_107' title="bbox 493 5297 2159 5377; baseline 0.009 -28"><span class='ocrx_word' id='word_1_830' title='bbox 493 5316 595 5352; x_wconf 88' lang='grc' dir='ltr'><em>σιν.</em></span> <span class='ocrx_word' id='word_1_831' title='bbox 642 5297 906 5353; x_wconf 83' lang='grc' dir='ltr'><em>Ἐνταῦθα</em></span> <span class='ocrx_word' id='word_1_832' title='bbox 946 5302 1107 5354; x_wconf 77' lang='grc' dir='ltr'><em>αὐτὸν</em></span> <span class='ocrx_word' id='word_1_833' title='bbox 1144 5302 1253 5355; x_wconf 77' lang='grc' dir='ltr'><em>ἀπὸ</em></span> <span class='ocrx_word' id='word_1_834' title='bbox 1294 5305 1394 5374; x_wconf 82' lang='grc' dir='ltr'><em>τῆς</em></span> <span class='ocrx_word' id='word_1_835' title='bbox 1442 5306 1648 5369; x_wconf 87' lang='grc' dir='ltr'><em>πόλεως</em></span> <span class='ocrx_word' id='word_1_836' title='bbox 1694 5310 1967 5377; x_wconf 86' lang='grc' dir='ltr'><em>ἐντρέπει.</em></span> <span class='ocrx_word' id='word_1_837' title='bbox 2001 5310 2159 5365; x_wconf 81' lang='grc' dir='ltr'><em>Οὕτω</em></span> 
     </span>
    </p>
   </div>
   <div class='ocr_carea' id='block_1_108' title="bbox 490 5386 2157 5464">
    <p class='ocr_par' dir='ltr' id='par_1_108' title="bbox 490 5386 2157 5464">
     <span class='ocr_line' id='line_1_108' title="bbox 490 5386 2157 5464; baseline 0.008 -24"><span class='ocrx_word' id='word_1_838' title='bbox 490 5389 583 5441; x_wconf 75' lang='grc' dir='ltr'><em>καὶ</em></span> <span class='ocrx_word' id='word_1_839' title='bbox 617 5386 925 5459; x_wconf 70' lang='grc' dir='ltr'><em>ἔμπροσθεν</em></span> <span class='ocrx_word' id='word_1_840' title='bbox 961 5388 1143 5458; x_wconf 78' lang='grc' dir='ltr'><em>ἐλεγεο</em></span> <span class='ocrx_word' id='word_1_841' title='bbox 1184 5392 1489 5459; x_wconf 72' lang='grc' dir='ltr'><em>Τύψαντες</em></span> <span class='ocrx_word' id='word_1_842' title='bbox 1518 5391 1675 5462; x_wconf 78' lang='grc' dir='ltr'><em>ἡμᾶς</em></span> <span class='ocrx_word' id='word_1_843' title='bbox 1713 5395 1976 5464; x_wconf 78' lang='grc' dir='ltr'><em>δημοσίᾳ</em></span> <span class='ocrx_word' id='word_1_844' title='bbox 2011 5399 2157 5453; x_wconf 87' lang='grc' dir='ltr'><em>ἀκα-</em></span> 
     </span>
    </p>
   </div>
   <div class='ocr_carea' id='block_1_109' title="bbox 490 5475 2158 5550">
    <p class='ocr_par' dir='ltr' id='par_1_109' title="bbox 490 5475 2158 5550">
     <span class='ocr_line' id='line_1_109' title="bbox 490 5475 2158 5550; baseline 0.009 -24"><span class='ocrx_word' id='word_1_845' title='bbox 490 5475 1050 5544; x_wconf 80' lang='grc' dir='ltr'><em>τακρίτουςὰνθρώπ</em></span> <span class='ocrx_word' id='word_1_846' title='bbox 1057 5495 1185 5542; x_wconf 88' lang='grc' dir='ltr'><em>ους,</em></span> <span class='ocrx_word' id='word_1_847' title='bbox 1202 5478 1517 5547; x_wconf 83' lang='grc' dir='ltr'><em>Ῥωμαίους</em></span> <span class='ocrx_word' id='word_1_848' title='bbox 1530 5480 2158 5550; x_wconf 77' lang='grc' dir='ltr'><em>ὐπάρχοντας,ἕ6αλον</em></span> 
     </span>
    </p>
   </div>
   <div class='ocr_carea' id='block_1_110' title="bbox 487 5563 2156 5643">
    <p class='ocr_par' dir='ltr' id='par_1_110' title="bbox 487 5563 2156 5643">
     <span class='ocr_line' id='line_1_110' title="bbox 487 5563 2156 5643; baseline 0.01 -30"><span class='ocrx_word' id='word_1_849' title='bbox 487 5564 577 5628; x_wconf 80' lang='grc' dir='ltr'><em>εἰς</em></span> <span class='ocrx_word' id='word_1_850' title='bbox 613 5563 918 5630; x_wconf 76' lang='grc' dir='ltr'><em>φυλακήν.</em></span> <span class='ocrx_word' id='word_1_851' title='bbox 956 5564 1175 5631; x_wconf 81' lang='grc' dir='ltr'><em>Ἐπειδὴ</em></span> <span class='ocrx_word' id='word_1_852' title='bbox 1203 5565 1311 5636; x_wconf 89' lang='grc' dir='ltr'><em>γάρ</em></span> <span class='ocrx_word' id='word_1_853' title='bbox 1338 5566 1688 5632; x_wconf 88' lang='grc' dir='ltr'><em>ἐπυνθάνετο,</em></span> <span class='ocrx_word' id='word_1_854' title='bbox 1721 5570 1805 5623; x_wconf 83' lang='grc' dir='ltr'><em>Σὺ</em></span> <span class='ocrx_word' id='word_1_855' title='bbox 1836 5566 1898 5625; x_wconf 78' lang='grc' dir='ltr'><em>εἴ</em></span> <span class='ocrx_word' id='word_1_856' title='bbox 1921 5575 1954 5626; x_wconf 86' lang='grc' dir='ltr'><em>ὀ</em></span> <span class='ocrx_word' id='word_1_857' title='bbox 1979 5575 2156 5643; x_wconf 76' lang='grc' dir='ltr'><em>Αἰγύ-</em></span> 
     </span>
    </p>
   </div>
   <div class='ocr_carea' id='block_1_111' title="bbox 488 5649 2157 5724">
    <p class='ocr_par' dir='ltr' id='par_1_111' title="bbox 488 5649 2157 5724">
     <span class='ocr_line' id='line_1_111' title="bbox 488 5649 2157 5724; baseline 0.009 -25"><span class='ocrx_word' id='word_1_858' title='bbox 488 5663 696 5713; x_wconf 79' lang='grc' dir='ltr'><em>πτιος;</em></span> <span class='ocrx_word' id='word_1_859' title='bbox 735 5649 881 5719; x_wconf 77' lang='grc' dir='ltr'><em>Ἐγώ</em></span> <span class='ocrx_word' id='word_1_860' title='bbox 902 5651 1039 5719; x_wconf 83' lang='grc' dir='ltr'><em>ειμι,</em></span> <span class='ocrx_word' id='word_1_861' title='bbox 1073 5653 1256 5721; x_wconf 74' lang='grc' dir='ltr'><em>φησὶν,</em></span> <span class='ocrx_word' id='word_1_862' title='bbox 1283 5653 1591 5722; x_wconf 80' lang='grc' dir='ltr'><em>ἅνθρωπος</em></span> <span class='ocrx_word' id='word_1_863' title='bbox 1633 5657 1939 5723; x_wconf 84' lang='grc' dir='ltr'><em>Ἰουδαῖος.</em></span> <span class='ocrx_word' id='word_1_864' title='bbox 1970 5660 2157 5724; x_wconf 76' lang='grc' dir='ltr'><em>Οὕτως</em></span> 
     </span>
    </p>
   </div>
   <div class='ocr_carea' id='block_1_112' title="bbox 491 5733 2156 5815">
    <p class='ocr_par' dir='ltr' id='par_1_112' title="bbox 491 5733 2156 5815">
     <span class='ocr_line' id='line_1_112' title="bbox 491 5733 2156 5815; baseline 0.011 -31"><span class='ocrx_word' id='word_1_865' title='bbox 491 5733 680 5799; x_wconf 78' lang='grc' dir='ltr'><em>εἰπὼν,</em></span> <span class='ocrx_word' id='word_1_866' title='bbox 703 5735 906 5799; x_wconf 78' lang='grc' dir='ltr'><em>εὐθέως</em></span> <span class='ocrx_word' id='word_1_867' title='bbox 931 5737 1093 5790; x_wconf 67' lang='grc' dir='ltr'><em>αὐτὸν</em></span> <span class='ocrx_word' id='word_1_868' title='bbox 1112 5739 1319 5810; x_wconf 89' lang='grc' dir='ltr'><em>ταύτης</em></span> <span class='ocrx_word' id='word_1_869' title='bbox 1339 5742 1590 5814; x_wconf 82' lang='grc' dir='ltr'><em>ἀπήγαγε</em></span> <span class='ocrx_word' id='word_1_870' title='bbox 1612 5745 1714 5815; x_wconf 84' lang='grc' dir='ltr'><em>τῆς</em></span> <span class='ocrx_word' id='word_1_871' title='bbox 1738 5746 1993 5815; x_wconf 76' lang='grc' dir='ltr'><em>ὑποψίας.</em></span> <span class='ocrx_word' id='word_1_872' title='bbox 2020 5745 2156 5804; x_wconf 75' lang='grc' dir='ltr'><em>Εἶτα</em></span> 
     </span>
    </p>
   </div>
   <div class='ocr_carea' id='block_1_113' title="bbox 492 5817 2159 5906">
    <p class='ocr_par' dir='ltr' id='par_1_113' title="bbox 492 5817 2159 5906">
     <span class='ocr_line' id='line_1_113' title="bbox 492 5817 2159 5906; baseline 0.013 -34"><span class='ocrx_word' id='word_1_873' title='bbox 492 5817 577 5873; x_wconf 72' lang='grc' dir='ltr'><em>ινα</em></span> <span class='ocrx_word' id='word_1_874' title='bbox 612 5821 686 5892; x_wconf 76' lang='grc' dir='ltr'><em>μὴ</em></span> <span class='ocrx_word' id='word_1_875' title='bbox 708 5823 939 5894; x_wconf 81' lang='grc' dir='ltr'><em>νομισθῇ</em></span> <span class='ocrx_word' id='word_1_876' title='bbox 966 5825 1025 5877; x_wconf 80' lang='grc' dir='ltr'><em>τὸ</em></span> <span class='ocrx_word' id='word_1_877' title='bbox 1047 5824 1195 5891; x_wconf 72' lang='grc' dir='ltr'><em>ἔθνος</em></span> <span class='ocrx_word' id='word_1_878' title='bbox 1236 5828 1506 5900; x_wconf 77' lang='grc' dir='ltr'><em>Ἰουδαῖος,</em></span> <span class='ocrx_word' id='word_1_879' title='bbox 1529 5833 1676 5903; x_wconf 81' lang='grc' dir='ltr'><em>λέγει</em></span> <span class='ocrx_word' id='word_1_880' title='bbox 1705 5835 1803 5906; x_wconf 80' lang='grc' dir='ltr'><em>τὴν</em></span> <span class='ocrx_word' id='word_1_881' title='bbox 1833 5834 2159 5906; x_wconf 74' lang='grc' dir='ltr'><em>θρησκείανο</em></span> 
     </span>
    </p>
   </div>
   <div class='ocr_carea' id='block_1_114' title="bbox 2266 4588 3940 4663">
    <p class='ocr_par' dir='ltr' id='par_1_114' title="bbox 2266 4588 3940 4663">
     <span class='ocr_line' id='line_1_114' title="bbox 2266 4588 3940 4663; baseline 0.001 -21"><span class='ocrx_word' id='word_1_882' title='bbox 2266 4589 2360 4642; x_wconf 72' lang='grc' dir='ltr'><em>καὶ</em></span> <span class='ocrx_word' id='word_1_883' title='bbox 2389 4589 2498 4661; x_wconf 81' lang='grc' dir='ltr'><em>γὰρ</em></span> <span class='ocrx_word' id='word_1_884' title='bbox 2526 4590 2620 4643; x_wconf 81' lang='grc' dir='ltr'><em>καί</em></span> <span class='ocrx_word' id='word_1_885' title='bbox 2648 4591 2881 4663; x_wconf 87' lang='grc' dir='ltr'><em>ἀλλαχοῦ</em></span> <span class='ocrx_word' id='word_1_886' title='bbox 2910 4592 3133 4663; x_wconf 73' lang='grc' dir='ltr'><em>ἔννομον</em></span> <span class='ocrx_word' id='word_1_887' title='bbox 3165 4592 3358 4645; x_wconf 82' lang='grc' dir='ltr'><em>ἑαυτὸν</em></span> <span class='ocrx_word' id='word_1_888' title='bbox 3390 4588 3629 4662; x_wconf 85' lang='grc' dir='ltr'><em>Χριστοῦ</em></span> <span class='ocrx_word' id='word_1_889' title='bbox 3661 4588 3833 4644; x_wconf 84' lang='grc' dir='ltr'><em>καλεῖ.</em></span> <span class='ocrx_word' id='word_1_890' title='bbox 3874 4590 3940 4644; x_wconf 83' lang='grc' dir='ltr'><em>τί</em></span> 
     </span>
    </p>
   </div>
   <div class='ocr_carea' id='block_1_115' title="bbox 2264 4672 3938 4749">
    <p class='ocr_par' dir='ltr' id='par_1_115' title="bbox 2264 4672 3938 4749">
     <span class='ocr_line' id='line_1_115' title="bbox 2264 4672 3938 4749; baseline 0.003 -22"><span class='ocrx_word' id='word_1_891' title='bbox 2264 4674 2419 4729; x_wconf 88' lang='grc' dir='ltr'><em>τοῦτό</em></span> <span class='ocrx_word' id='word_1_892' title='bbox 2459 4677 2609 4743; x_wconf 84' lang='grc' dir='ltr'><em>ἐστι;</em></span> <span class='ocrx_word' id='word_1_893' title='bbox 2650 4679 2861 4743; x_wconf 87' lang='grc' dir='ltr'><em>Παῦλος</em></span> <span class='ocrx_word' id='word_1_894' title='bbox 2893 4680 3183 4749; x_wconf 80' lang='grc' dir='ltr'><em>ψεύδεται;</em></span> <span class='ocrx_word' id='word_1_895' title='bbox 3234 4680 3451 4747; x_wconf 70' lang='grc' dir='ltr'><em>’Ἄπαγε</em></span> <span class='ocrx_word' id='word_1_896' title='bbox 3473 4689 3521 4731; x_wconf 76' lang='grc'><em>⁸.</em></span> <span class='ocrx_word' id='word_1_897' title='bbox 3559 4676 3624 4731; x_wconf 85' lang='grc' dir='ltr'><em>Τί</em></span> <span class='ocrx_word' id='word_1_898' title='bbox 3662 4672 3789 4743; x_wconf 76' lang='grc' dir='ltr'><em>οὗνς</em></span> <span class='ocrx_word' id='word_1_899' title='bbox 3831 4679 3938 4732; x_wconf 81' lang='grc' dir='ltr'><em>οῦκ</em></span> 
     </span>
    </p>
   </div>
   <div class='ocr_carea' id='block_1_116' title="bbox 2264 4761 3938 4837">
    <p class='ocr_par' dir='ltr' id='par_1_116' title="bbox 2264 4761 3938 4837">
     <span class='ocr_line' id='line_1_116' title="bbox 2264 4761 3938 4837; baseline 0.008 -23"><span class='ocrx_word' id='word_1_900' title='bbox 2264 4762 2569 4833; x_wconf 81' lang='grc' dir='ltr'><em>ἠρνήσατο;</em></span> <span class='ocrx_word' id='word_1_901' title='bbox 2599 4764 2692 4835; x_wconf 84' lang='grc' dir='ltr'><em>Μὴ</em></span> <span class='ocrx_word' id='word_1_902' title='bbox 2711 4766 2939 4834; x_wconf 86' lang='grc' dir='ltr'><em>γένοιτο·</em></span> <span class='ocrx_word' id='word_1_903' title='bbox 2981 4767 3231 4830; x_wconf 85' lang='grc' dir='ltr'><em>Ἰουδαῖος</em></span> <span class='ocrx_word' id='word_1_904' title='bbox 3260 4766 3369 4837; x_wconf 80' lang='grc' dir='ltr'><em>γὰρ</em></span> <span class='ocrx_word' id='word_1_905' title='bbox 3396 4761 3464 4834; x_wconf 79' lang='grc' dir='ltr'><em>ἦν</em></span> <span class='ocrx_word' id='word_1_906' title='bbox 3491 4764 3586 4818; x_wconf 80' lang='grc' dir='ltr'><em>καὶ</em></span> <span class='ocrx_word' id='word_1_907' title='bbox 3610 4765 3938 4834; x_wconf 81' lang='grc' dir='ltr'><em>Χριστιανὸς</em></span> 
     </span>
    </p>
   </div>
   <div class='ocr_carea' id='block_1_117' title="bbox 2262 4849 3936 4923">
    <p class='ocr_par' dir='ltr' id='par_1_117' title="bbox 2262 4849 3936 4923">
     <span class='ocr_line' id='line_1_117' title="bbox 2262 4849 3936 4923; baseline 0.002 -22"><span class='ocrx_word' id='word_1_908' title='bbox 2262 4850 2362 4901; x_wconf 80' lang='grc' dir='ltr'><em>ὅσα</em></span> <span class='ocrx_word' id='word_1_909' title='bbox 2391 4849 2494 4903; x_wconf 79' lang='grc' dir='ltr'><em>ἔδει</em></span> <span class='ocrx_word' id='word_1_910' title='bbox 2523 4850 2828 4918; x_wconf 85' lang='grc' dir='ltr'><em>φυλάττων,</em></span> <span class='ocrx_word' id='word_1_911' title='bbox 2860 4853 2981 4906; x_wconf 69' lang='grc' dir='ltr'><em>ἐπεὶ</em></span> <span class='ocrx_word' id='word_1_912' title='bbox 3017 4853 3110 4906; x_wconf 75' lang='grc' dir='ltr'><em>καὶ</em></span> <span class='ocrx_word' id='word_1_913' title='bbox 3144 4852 3223 4923; x_wconf 83' lang='grc' dir='ltr'><em>τῷ</em></span> <span class='ocrx_word' id='word_1_914' title='bbox 3256 4852 3406 4923; x_wconf 81' lang='grc' dir='ltr'><em>νόμῳ</em></span> <span class='ocrx_word' id='word_1_915' title='bbox 3448 4851 3682 4922; x_wconf 85' lang='grc' dir='ltr'><em>μάλιστα</em></span> <span class='ocrx_word' id='word_1_916' title='bbox 3714 4851 3936 4904; x_wconf 89' lang='grc' dir='ltr'><em>πάντων</em></span> 
     </span>
    </p>
   </div>
   <div class='ocr_carea' id='block_1_118' title="bbox 2264 4936 3935 5010">
    <p class='ocr_par' dir='ltr' id='par_1_118' title="bbox 2264 4936 3935 5010">
     <span class='ocr_line' id='line_1_118' title="bbox 2264 4936 3935 5010; baseline 0.002 -23"><span class='ocrx_word' id='word_1_917' title='bbox 2264 4936 2425 4999; x_wconf 83' lang='grc' dir='ltr'><em>αὐτὸς</em></span> <span class='ocrx_word' id='word_1_918' title='bbox 2454 4937 2721 5001; x_wconf 87' lang='grc' dir='ltr'><em>ἐπείθετο,</em></span> <span class='ocrx_word' id='word_1_919' title='bbox 2750 4936 2829 5007; x_wconf 84' lang='grc' dir='ltr'><em>τῷ</em></span> <span class='ocrx_word' id='word_1_920' title='bbox 2858 4938 3079 5010; x_wconf 83' lang='grc' dir='ltr'><em>Χριστῷ</em></span> <span class='ocrx_word' id='word_1_921' title='bbox 3109 4938 3403 5003; x_wconf 89' lang='grc' dir='ltr'><em>πιστεύων,</em></span> <span class='ocrx_word' id='word_1_922' title='bbox 3438 4940 3533 4991; x_wconf 81' lang='grc' dir='ltr'><em>καί</em></span> <span class='ocrx_word' id='word_1_923' title='bbox 3561 4938 3697 5009; x_wconf 83' lang='grc' dir='ltr'><em>πρὸς</em></span> <span class='ocrx_word' id='word_1_924' title='bbox 3724 4938 3935 5008; x_wconf 86' lang='grc' dir='ltr'><em>Πέτρον</em></span> 
     </span>
    </p>
   </div>
   <div class='ocr_carea' id='block_1_119' title="bbox 2262 5022 3935 5095">
    <p class='ocr_par' dir='ltr' id='par_1_119' title="bbox 2262 5022 3935 5095">
     <span class='ocr_line' id='line_1_119' title="bbox 2262 5022 3935 5095; baseline 0.002 -21"><span class='ocrx_word' id='word_1_925' title='bbox 2262 5022 2643 5092; x_wconf 87' lang='grc' dir='ltr'><em>διαλεγόμενός</em></span> <span class='ocrx_word' id='word_1_926' title='bbox 2690 5040 2876 5094; x_wconf 83' lang='grc' dir='ltr'><em>φησιν·</em></span> <span class='ocrx_word' id='word_1_927' title='bbox 2934 5025 3132 5094; x_wconf 81' lang='grc' dir='ltr'><em>Ἡμεῖς</em></span> <span class='ocrx_word' id='word_1_928' title='bbox 3166 5026 3345 5095; x_wconf 78' lang='grc' dir='ltr'><em>φύσει</em></span> <span class='ocrx_word' id='word_1_929' title='bbox 3386 5024 3675 5080; x_wconf 80' lang='grc' dir='ltr'><em>Ἰουδαῖοι.</em></span> <span class='ocrx_word' id='word_1_930' title='bbox 3722 5023 3935 5093; x_wconf 83' lang='grc' dir='ltr'><em>Δέομαι</em></span> 
     </span>
    </p>
   </div>
   <div class='ocr_carea' id='block_1_120' title="bbox 2261 5108 3935 5181">
    <p class='ocr_par' dir='ltr' id='par_1_120' title="bbox 2261 5108 3935 5181">
     <span class='ocr_line' id='line_1_120' title="bbox 2261 5108 3935 5181; baseline 0 -18"><span class='ocrx_word' id='word_1_931' title='bbox 2261 5108 2329 5162; x_wconf 85' lang='grc' dir='ltr'><em>δέ</em></span> <span class='ocrx_word' id='word_1_932' title='bbox 2354 5126 2491 5174; x_wconf 92' lang='grc' dir='ltr'><em>σου,</em></span> <span class='ocrx_word' id='word_1_933' title='bbox 2523 5110 2851 5179; x_wconf 75' lang='grc' dir='ltr'><em>ἐπίτρεψόν</em></span> <span class='ocrx_word' id='word_1_934' title='bbox 2876 5129 2977 5181; x_wconf 85' lang='grc' dir='ltr'><em>μοι</em></span> <span class='ocrx_word' id='word_1_935' title='bbox 3003 5112 3273 5181; x_wconf 73' lang='grc' dir='ltr'><em>λαλῆσαι</em></span> <span class='ocrx_word' id='word_1_936' title='bbox 3298 5112 3450 5180; x_wconf 81' lang='grc' dir='ltr'><em>πρὸς</em></span> <span class='ocrx_word' id='word_1_937' title='bbox 3481 5112 3587 5165; x_wconf 86' lang='grc' dir='ltr'><em>τὸν</em></span> <span class='ocrx_word' id='word_1_938' title='bbox 3617 5111 3790 5165; x_wconf 69' lang='grc' dir='ltr'><em>λαόν.</em></span> <span class='ocrx_word' id='word_1_939' title='bbox 3822 5112 3935 5165; x_wconf 78' lang='grc' dir='ltr'><em>Καὶ</em></span> 
     </span>
    </p>
   </div>
   <div class='ocr_carea' id='block_1_121' title="bbox 2260 5196 3935 5270">
    <p class='ocr_par' dir='ltr' id='par_1_121' title="bbox 2260 5196 3935 5270">
     <span class='ocr_line' id='line_1_121' title="bbox 2260 5196 3935 5270; baseline -0.001 -20"><span class='ocrx_word' id='word_1_940' title='bbox 2260 5196 2420 5250; x_wconf 90' lang='grc' dir='ltr'><em>τοῦτο</em></span> <span class='ocrx_word' id='word_1_941' title='bbox 2440 5198 2763 5268; x_wconf 85' lang='grc' dir='ltr'><em>τεκμήριον,</em></span> <span class='ocrx_word' id='word_1_942' title='bbox 2792 5199 2869 5252; x_wconf 84' lang='grc' dir='ltr'><em>ὅτι</em></span> <span class='ocrx_word' id='word_1_943' title='bbox 2896 5200 2958 5253; x_wconf 86' lang='grc' dir='ltr'><em>ού</em></span> <span class='ocrx_word' id='word_1_944' title='bbox 2991 5200 3271 5270; x_wconf 79' lang='grc' dir='ltr'><em>ψεύδεται,</em></span> <span class='ocrx_word' id='word_1_945' title='bbox 3298 5201 3351 5254; x_wconf 86' lang='grc' dir='ltr'><em>εί</em></span> <span class='ocrx_word' id='word_1_946' title='bbox 3374 5217 3437 5267; x_wconf 89' lang='grc' dir='ltr'><em>γε</em></span> <span class='ocrx_word' id='word_1_947' title='bbox 3468 5202 3675 5263; x_wconf 86' lang='grc' dir='ltr'><em>πάντας</em></span> <span class='ocrx_word' id='word_1_948' title='bbox 3700 5199 3935 5269; x_wconf 82' lang='grc' dir='ltr'><em>ἐπήγετο</em></span> 
     </span>
    </p>
   </div>
   <div class='ocr_carea' id='block_1_122' title="bbox 2263 5283 3934 5357">
    <p class='ocr_par' dir='ltr' id='par_1_122' title="bbox 2263 5283 3934 5357">
     <span class='ocr_line' id='line_1_122' title="bbox 2263 5283 3934 5357; baseline 0 -21"><span class='ocrx_word' id='word_1_949' title='bbox 2263 5283 2569 5353; x_wconf 88' lang='grc' dir='ltr'><em>μάρτυρας.</em></span> <span class='ocrx_word' id='word_1_950' title='bbox 2596 5283 2795 5336; x_wconf 88' lang='grc' dir='ltr'><em>Σκόπει</em></span> <span class='ocrx_word' id='word_1_951' title='bbox 2822 5286 2983 5341; x_wconf 82' lang='grc' dir='ltr'><em>αὑτὸν</em></span> <span class='ocrx_word' id='word_1_952' title='bbox 3006 5287 3169 5341; x_wconf 88' lang='grc' dir='ltr'><em>πάλιν</em></span> <span class='ocrx_word' id='word_1_953' title='bbox 3202 5288 3341 5357; x_wconf 82' lang='grc' dir='ltr'><em>μετὰ</em></span> <span class='ocrx_word' id='word_1_954' title='bbox 3367 5286 3665 5350; x_wconf 82' lang='grc' dir='ltr'><em>ἐπιεικείας</em></span> <span class='ocrx_word' id='word_1_955' title='bbox 3688 5284 3934 5352; x_wconf 87' lang='grc' dir='ltr'><em>διαλεγό-</em></span> 
     </span>
    </p>
   </div>
   <div class='ocr_carea' id='block_1_123' title="bbox 2263 5369 3929 5446">
    <p class='ocr_par' dir='ltr' id='par_1_123' title="bbox 2263 5369 3929 5446">
     <span class='ocr_line' id='line_1_123' title="bbox 2263 5369 3929 5446; baseline 0.001 -23"><span class='ocrx_word' id='word_1_956' title='bbox 2263 5388 2445 5439; x_wconf 89' lang='grc' dir='ltr'><em>μενον.</em></span> <span class='ocrx_word' id='word_1_957' title='bbox 2475 5369 2584 5423; x_wconf 75' lang='grc' dir='ltr'><em>Καὶ</em></span> <span class='ocrx_word' id='word_1_958' title='bbox 2609 5369 2768 5423; x_wconf 84' lang='grc' dir='ltr'><em>τοῦτο</em></span> <span class='ocrx_word' id='word_1_959' title='bbox 2802 5372 2859 5424; x_wconf 89' lang='grc' dir='ltr'><em>δέ</em></span> <span class='ocrx_word' id='word_1_960' title='bbox 2886 5375 3185 5446; x_wconf 76' lang='grc' dir='ltr'><em>τεκμήριον</em></span> <span class='ocrx_word' id='word_1_961' title='bbox 3215 5374 3378 5428; x_wconf 89' lang='grc' dir='ltr'><em>πάλιν</em></span> <span class='ocrx_word' id='word_1_962' title='bbox 3408 5377 3662 5444; x_wconf 88' lang='grc' dir='ltr'><em>μέγιστον</em></span> <span class='ocrx_word' id='word_1_963' title='bbox 3690 5371 3783 5424; x_wconf 85' lang='grc' dir='ltr'><em>τοῦ</em></span> <span class='ocrx_word' id='word_1_964' title='bbox 3820 5387 3929 5442; x_wconf 84' lang='grc' dir='ltr'><em>μη-</em></span> 
     </span>
    </p>
   </div>
   <div class='ocr_carea' id='block_1_124' title="bbox 2256 5453 3930 5529">
    <p class='ocr_par' dir='ltr' id='par_1_124' title="bbox 2256 5453 3930 5529">
     <span class='ocr_line' id='line_1_124' title="bbox 2256 5453 3930 5529; baseline 0 -20"><span class='ocrx_word' id='word_1_965' title='bbox 2256 5457 2404 5520; x_wconf 75' lang='grc' dir='ltr'><em>δενὸς</em></span> <span class='ocrx_word' id='word_1_966' title='bbox 2448 5453 2588 5510; x_wconf 78' lang='grc' dir='ltr'><em>εἶναι</em></span> <span class='ocrx_word' id='word_1_967' title='bbox 2633 5457 2970 5526; x_wconf 82' lang='grc' dir='ltr'><em>ὑπεύθυνον,</em></span> <span class='ocrx_word' id='word_1_968' title='bbox 3019 5461 3080 5513; x_wconf 83' lang='grc' dir='ltr'><em>τὸ</em></span> <span class='ocrx_word' id='word_1_969' title='bbox 3115 5459 3291 5524; x_wconf 80' lang='grc' dir='ltr'><em>οὕτως</em></span> <span class='ocrx_word' id='word_1_970' title='bbox 3339 5460 3557 5529; x_wconf 84' lang='grc' dir='ltr'><em>ἐτοιμον</em></span> <span class='ocrx_word' id='word_1_971' title='bbox 3604 5454 3744 5511; x_wconf 73' lang='grc' dir='ltr'><em>εἶναι</em></span> <span class='ocrx_word' id='word_1_972' title='bbox 3794 5457 3930 5527; x_wconf 79' lang='grc' dir='ltr'><em>πρὸς</em></span> 
     </span>
    </p>
   </div>
   <div class='ocr_carea' id='block_1_125' title="bbox 2257 5544 3928 5619">
    <p class='ocr_par' dir='ltr' id='par_1_125' title="bbox 2257 5544 3928 5619">
     <span class='ocr_line' id='line_1_125' title="bbox 2257 5544 3928 5619; baseline 0.002 -22"><span class='ocrx_word' id='word_1_973' title='bbox 2257 5544 2571 5612; x_wconf 88' lang='grc' dir='ltr'><em>ἀπολογίαν,</em></span> <span class='ocrx_word' id='word_1_974' title='bbox 2600 5545 2696 5597; x_wconf 72' lang='grc' dir='ltr'><em>καὶ</em></span> <span class='ocrx_word' id='word_1_975' title='bbox 2722 5544 3008 5616; x_wconf 84' lang='grc' dir='ltr'><em>βούλεσθαι</em></span> <span class='ocrx_word' id='word_1_976' title='bbox 3032 5550 3111 5613; x_wconf 87' lang='grc' dir='ltr'><em>εἰς</em></span> <span class='ocrx_word' id='word_1_977' title='bbox 3135 5548 3291 5619; x_wconf 91' lang='grc' dir='ltr'><em>λόγον</em></span> <span class='ocrx_word' id='word_1_978' title='bbox 3312 5546 3650 5619; x_wconf 85' lang='grc' dir='ltr'><em>καταστῆναι</em></span> <span class='ocrx_word' id='word_1_979' title='bbox 3674 5544 3753 5616; x_wconf 84' lang='grc' dir='ltr'><em>τῷ</em></span> <span class='ocrx_word' id='word_1_980' title='bbox 3773 5545 3928 5616; x_wconf 79' lang='grc' dir='ltr'><em>δήμῳ</em></span> 
     </span>
    </p>
   </div>
   <div class='ocr_carea' id='block_1_126' title="bbox 2257 5631 2695 5688">
    <p class='ocr_par' dir='ltr' id='par_1_126' title="bbox 2257 5631 2695 5688">
     <span class='ocr_line' id='line_1_126' title="bbox 2257 5631 2695 5688; baseline 0.007 -3"><span class='ocrx_word' id='word_1_981' title='bbox 2257 5631 2367 5685; x_wconf 91' lang='grc' dir='ltr'><em>τῶν</em></span> <span class='ocrx_word' id='word_1_982' title='bbox 2409 5632 2695 5688; x_wconf 82' lang='grc' dir='ltr'><em>Ἰουδαίων.</em></span> 
     </span>
    </p>
   </div>
   <div class='ocr_carea' id='block_1_127' title="bbox 2264 5789 3922 5902">
    <p class='ocr_par' dir='ltr' id='par_1_127' title="bbox 2264 5789 3922 5902">
     <span class='ocr_line' id='line_1_127' title="bbox 2264 5789 3922 5902; baseline -0.011 -45"><span class='ocrx_word' id='word_1_983' title='bbox 2264 5790 2519 5902; x_wconf 32' lang='lat' dir='ltr'><em>“Egi-’3;</em></span> <span class='ocrx_word' id='word_1_984' title='bbox 2551 5792 2742 5849; x_wconf 67' lang='grc' dir='ltr'><em>Παῦλος</em></span> <span class='ocrx_word' id='word_1_985' title='bbox 2780 5793 3043 5857; x_wconf 47' lang='lat' dir='ltr'><em>quam”</em></span> <span class='ocrx_word' id='word_1_986' title='bbox 3091 5795 3261 5857; x_wconf 75' lang='grc' dir='ltr'><em>ἄπαγε,</em></span> <span class='ocrx_word' id='word_1_987' title='bbox 3307 5796 3489 5846; x_wconf 79' lang='lat' dir='ltr'><strong>desum</strong></span> <span class='ocrx_word' id='word_1_988' title='bbox 3529 5796 3579 5844; x_wconf 80' lang='lat' dir='ltr'><strong>in</strong></span> <span class='ocrx_word' id='word_1_989' title='bbox 3630 5789 3922 5858; x_wconf 67' lang='lat' dir='ltr'><em>quibusdam</em></span> 
     </span>
    </p>
   </div>
  </div>
