4112 6412
291 315 406 373 525

296 445 418 483 cum
445 419 786 481 benedixerint
814 436 897 474 ros
918 433 1089 472 omnes
1118 417 1344 471 homines
1376 416 1395 485 (
1418 414 1544 469 Luc.
1576 414 1632 469 6.
1661 412 1766 482 ‘26)
1789 428 1804 477 ;
1831 420 1888 467 et

202 580 205 583 Ἴ
298 531 526 578 rursus,
558 513 781 568 Luceant
807 527 961 581 opera
982 520 1168 571 uestra,
1208 518 1261 561 ut
1299 507 1501 561 uideant
1546 506 1803 569 homines,
1841 512 1888 557 et

298 609 592 682 gloriﬁcent
618 602 823 658 Patrem
847 612 1060 656 vestrum
1084 602 1168 671 qui
1191 601 1243 653 in
1262 600 1399 653 aclis
1435 607 1508 652 est
1560 596 1785 668 (Matth.
1831 595 1884 649 5.

299 696 433 770 16).
466 696 522 752 Si
552 710 684 748 vero
720 694 844 747 alibi
868 693 1009 746 dicat
1040 708 1052 743 :
1081 689 1141 745 Si
1161 691 1272 761 quis
1295 687 1708 743 scandalisaverit
1732 701 1889 740 unum

300 806 359 845 ea:
384 789 465 843 his
489 785 691 854 pusillis
711 826 726 850 ,
758 782 959 852 expedit
984 783 1031 835 ei
1060 791 1112 834 ut
1140 780 1483 849 suspendatur
1504 779 1638 832 mola
1664 779 1890 831 asinaria

299 900 329 933 a
359 879 493 933 collo
528 878 639 947 ejus
660 918 674 941 ,
711 885 760 929 et
785 876 1109 944 demergatur
1140 873 1192 926 in
1233 871 1545 942 profundum
1588 872 1779 935 maris;
1822 884 1890 923 ne

302 969 520 1025 mireris
553 985 566 1021 :
601 981 706 1021 non
734 966 876 1020 enim
905 972 1029 1018 sunt
1076 963 1190 1017 haec
1233 964 1499 1018 contraria
1524 1003 1539 1027 ,
1587 962 1695 1016 imo
1736 961 1891 1015 valde

300 1068 619 1116 consonant.
652 1058 783 1112 Nam
813 1058 857 1112 si
883 1056 1020 1126 apud
1044 1070 1142 1111 nos
1170 1055 1319 1122 ﬁant,
1349 1069 1429 1109 vae
1459 1054 1651 1118 nobis;
1682 1054 1765 1107 sin
1782 1069 1890 1108 non

301 1154 443 1223 apud
470 1168 565 1205 nos
596 1150 728 1205 fiant
750 1191 765 1215 ,
795 1164 898 1203 non
932 1148 1079 1202 item.
1110 1146 1179 1201 Et
1208 1148 1398 1201 iterum
1431 1161 1445 1199 :
1487 1144 1576 1199 Va:
1606 1145 1775 1211 vobis,
1804 1161 1893 1214 per

301 1262 426 1315 quos
474 1259 658 1297 nomen
706 1240 799 1294 Dei
844 1240 1225 1309 blasphematur
1270 1235 1464 1307 (Rom.
1499 1235 1555 1289 ᾗ.
1585 1234 1721 1305 24).
1753 1235 1891 1303 Quid

303 1350 433 1404 ergo
457 1377 471 1400 ,
517 1336 559 1387 si
593 1347 695 1403 ego
721 1331 863 1385 facio
889 1329 1030 1399 quod
1053 1330 1236 1394 decet,
1261 1338 1315 1384 et
1339 1329 1476 1383 alius
1514 1327 1893 1398 blasphemat?

303 1427 446 1482 Nihil
475 1425 542 1481 ad
569 1435 652 1489 te,
684 1422 781 1479 sed
812 1423 879 1477 ad
906 1422 1053 1476 illum
1084 1439 1098 1476 :
1131 1436 1252 1475 nam
1301 1434 1395 1489 per
1442 1419 1592 1473 illum
1638 1418 1891 1489 bIaSplie-

306 1531 505 1576 matur.
540 1519 606 1573 Et
628 1517 719 1586 qui
752 1515 866 1571 fieri
897 1523 1098 1583 potest,
1128 1523 1187 1567 ut
1216 1511 1358 1582 quod
1395 1511 1550 1567 decet
1593 1510 1849 1565 faciamus
1876 1551 1891 1577 ,

305 1626 361 1669 et
390 1614 512 1668 aliis
540 1626 719 1665 ansam
749 1609 987 1665 demus?
1018 1608 1167 1663 Unde
1199 1606 1359 1662 vultis
1384 1622 1413 1659 a
1441 1606 1788 1677 praesentibus
1810 1605 1894 1660 vel

310 1721 342 1759 a
390 1704 658 1759 veteribus
694 1702 844 1755 vobis
891 1701 1134 1769 exempla
1181 1698 1421 1753 afferam.
1476 1696 1555 1752 Ne
1602 1705 1895 1753 ostentato-

311 1811 403 1851 res
432 1797 597 1848 simus
633 1794 864 1847 vultisne
902 1791 954 1845 id
994 1790 1135 1861 quod
1174 1805 1285 1860 prie
1325 1789 1570 1845 manibus
1614 1789 1893 1857 habemus,

309 1886 594 1942 dicamus?
623 1884 936 1940 Judairabat
963 1883 1159 1938 Paulus
1185 1882 1573 1954 Jerosolynzaa,
1627 1897 1732 1936 non
1779 1883 1896 1936 An-

307 1974 933 2045 tiocltim;judaizabat,
979 1982 1035 2028 et
1082 1973 1156 2027 illi
1202 1972 1629 2029 ollendebantur.
1679 1978 1748 2027 At
1790 1988 1894 2028 non

304 2066 424 2137 jure
448 2064 877 2121 oﬂ‘endebantur.
909 2063 1111 2119 Dicitur
1154 2064 1413 2120 salutasse
1450 2064 1677 2120 Neronis
1724 2064 1896 2135 pocil-

308 2159 533 2213 latorem
563 2168 619 2213 et
643 2158 1018 2213 concubinam.
1054 2158 1263 2226 Quanta
1296 2160 1492 2229 putatis
1518 2168 1705 2214 contra
1747 2160 1895 2213 illum

312 2263 530 2322 propter
582 2253 683 2308 hoc
730 2251 933 2308 dixisse
978 2252 1143 2307 illos?
1183 2252 1287 2307 Sed
1337 2267 1444 2308 non
1480 2253 1625 2322 juste
1655 2270 1668 2306 :
1699 2269 1819 2307 nam
1852 2254 1897 2308 si

311 2344 544 2398 lasciviae
575 2358 736 2398 causa
763 2342 1069 2411 salutasset,
1100 2344 1181 2399 vel
1213 2344 1282 2399 ob
1304 2346 1438 2398 mala
1456 2360 1641 2416 opera,
1672 2347 1894 2401 merito:

310 2435 392 2487 sin
422 2434 492 2489 ob
518 2434 658 2488 viam
686 2443 886 2489 rectam
912 2474 929 2501 ,
966 2437 1172 2505 quare?
1202 2436 1384 2491 Dicam
1413 2436 1613 2506 aliquid
1634 2477 1649 2500 ,
1678 2437 1819 2508 quod
1845 2446 1900 2492 et

314 2526 444 2582 mihi
469 2537 521 2582 et
546 2526 797 2581 familiari
826 2526 1040 2583 cuidam
1066 2542 1187 2582 meo
1214 2527 1425 2583 accidit.
1456 2527 1585 2584 Cum
1614 2530 1898 2599 aliquando

312 2621 392 2675 ira
425 2620 517 2675 Dei
549 2619 844 2688 incideret,
870 2628 925 2676 et
947 2621 1035 2675 ille
1057 2620 1343 2676 admodum
1385 2622 1596 2689 juvenis
1633 2633 1777 2676 esset
1813 2633 1899 2677 at-

314 2726 419 2780 que
448 2710 500 2765 in
526 2710 874 2766 diaconorum
898 2710 1084 2765 ordine
1106 2752 1123 2779 ,
1164 2711 1386 2766 absente
1429 2721 1555 2767 tunc
1600 2714 1856 2783 episcopo
1880 2754 1895 2779 ,

315 2820 438 2858 cum
471 2806 904 2875 presbyterorum
932 2803 1111 2859 nullus
1152 2813 1403 2867 curaret,
1454 2804 1546 2859 sed
1596 2820 1697 2858 una
1743 2814 1899 2861 nocte

310 2895 598 2951 confertim
647 2906 703 2951 et
750 2903 953 2951 temere
1010 2896 1345 2966 baptizarent
1398 2899 1565 2952 multa
1622 2898 1898 2954 hominum

315 2986 524 3051 millia,
582 2995 638 3043 et
687 2986 1005 3056 simpliciter
1056 2987 1459 3058 baptizarentur
1506 3005 1694 3045 omnes
1763 2991 1895 3047 nihil

313 3079 548 3134 scientes
579 3096 592 3133 :
626 3078 725 3133 hos
756 3079 847 3134 ille
874 3080 1120 3149 privatim
1150 3080 1419 3150 accipiens
1466 3090 1520 3136 et
1553 3094 1810 3139 centenos
1847 3094 1903 3139 et

312 3172 647 3227 ducentenos
674 3171 1046 3242 alloquebatur
1068 3212 1084 3238 ,
1112 3170 1179 3227 de
1206 3172 1306 3225 alia
1335 3173 1480 3227 nulla
1508 3189 1567 3228 re
1589 3215 1604 3238 ,
1646 3190 1806 3245 quam
1834 3175 1902 3232 de

318 3264 591 3334 mysteriis
621 3272 825 3316 tantum
853 3263 1155 3329 disserens,
1200 3263 1272 3318 ita
1319 3273 1375 3318 ut
1424 3279 1529 3318 non
1583 3266 1904 3321 concederet

316 3358 575 3410 accedere
604 3371 713 3409 non
741 3354 996 3409 initiatos.
1032 3354 1185 3409 Hunc
1209 3364 1460 3425 putarunt
1487 3357 1636 3409 multi
1663 3357 1905 3411 ambien-

320 3458 428 3501 tem
463 3447 815 3516 principatum
844 3446 946 3500 hoc
963 3448 1155 3500 facere.
1176 3448 1243 3500 At
1266 3447 1355 3500 ille
1380 3464 1567 3501 eorum
1593 3449 1900 3517 Opinionem

318 3538 468 3592 nihili
488 3537 687 3592 faciens
707 3554 811 3591 uou
836 3546 1014 3591 tamen
1044 3539 1276 3607 perrexit
1303 3538 1501 3592 diutius
1528 3539 1579 3593 id
1606 3555 1784 3610 agere,
1806 3542 1900 3596 sed

316 3630 548 3683 cessavit
576 3628 779 3683 statim.
805 3627 942 3694 Quid
971 3628 1144 3697 ergo?
1170 3644 1295 3683 num
1326 3629 1416 3684 ille
1445 3629 1750 3685 offendiculi
1778 3647 1899 3687 cau-

316 3736 374 3773 sa
404 3721 539 3774 fuit?
568 3720 681 3774 Non
714 3730 843 3790 puto
866 3732 1032 3776 certe.
1056 3720 1190 3775 Nam
1221 3721 1266 3774 si
1293 3722 1436 3776 nulla
1463 3721 1530 3777 de
1551 3738 1710 3777 causa
1734 3723 1785 3777 id
1822 3722 1901 3778 fe-

314 3815 481 3867 cisset
498 3858 516 3881 ,
563 3816 756 3868 merito
787 3814 933 3868 illum
956 3813 1425 3883 reprehendissent
1443 3856 1457 3878 ,
1478 3826 1639 3886 atque
1662 3816 1825 3871 etiam
1855 3818 1899 3872 si

318 3904 511 3958 iterum
565 3906 909 3974 perrexisset.
958 3905 1090 3960 Nam
1123 3922 1243 3961 cum
1277 3908 1630 3977 prohibentur
1673 3924 1737 3964 ea
1781 3926 1901 3981 quae

320 3995 430 4048 Deo
480 3996 671 4064 placita
721 4005 878 4059 sunt,
936 4006 1153 4066 propter
1200 3999 1427 4054 aliorum
1473 3999 1851 4057 ollendiculum
1882 4044 1898 4070 ,

313 4088 763 4147 contemnendum
814 4097 936 4142 est:
981 4098 1107 4143 tunc
1154 4101 1332 4144 autem
1380 4092 1714 4159 curandum,
1780 4110 1901 4149 cum

315 4194 421 4231 non
456 4182 698 4249 cogimur
723 4188 943 4250 propter
975 4181 1123 4235 illum
1150 4182 1424 4244 oll‘endere
1455 4184 1643 4238 Deum.
1683 4186 1895 4242 Etenim

1265 301 1331 356 ΙΝ
1372 300 1551 357 ACTA
1592 297 2117 356 APOSTOLORUM.
2163 298 2390 354 HOMIL.
2434 296 2639 353 XLVII.

3479 296 3588 352 526

2001 410 2088 466 dic
2107 450 2125 476 ,
2154 426 2368 480 quaeso,
2399 410 2444 464 si
2470 408 2623 465 nobis
2648 406 3040 463 disserentibus
3063 417 3118 465 et
3143 409 3387 465 ebriosos
3412 412 3590 465 luces-

1995 503 2236 557 sentihus
2264 501 2480 572 quidam
2508 501 2904 566 oﬂ'enderetur,
2947 518 3073 556 num
3101 517 3202 573 ego
3247 504 3390 573 loqui
3435 502 3580 557 desi-

1997 595 2222 650 nerem?
2249 594 2387 651 Audi
2414 595 2689 650 Christum
2719 594 2985 649 dicentem
3018 611 3032 650 :
3064 594 3209 648 Num
3235 606 3283 650 et
3308 613 3395 651 vos
3428 597 3583 650 vultis

1995 688 2135 741 abire
2159 686 2352 757 (Joan.
2377 687 2434 743 6.
2463 687 2614 759 68)?
2651 686 2742 742 Sic
2772 702 2871 741 nec
2895 696 3240 743 contemnere
3267 704 3367 743 nec
3394 703 3585 744 curare

1996 780 2220 833 nimium
2248 788 2461 849 oportet
2488 780 2777 833 multorum
2809 778 3194 833 infirmitatem.
3226 782 3417 833 Annon
3444 779 3587 834 vide-

1997 884 2117 925 mus
2142 871 2302 925 etiam
2332 871 2572 925 medicos
2599 870 2702 924 hoc
2728 869 2905 924 facere
2926 910 2941 935 ,
2971 879 3026 925 et
3046 869 3260 939 quando
3285 870 3412 925 licet
3432 869 3583 924 infir-

1998 965 2100 1019 mis
2123 966 2388 1034 gratiosos
2415 979 2567 1030 esse,
2597 965 2812 1034 quando
2837 972 3015 1018 autem
3060 962 3229 1032 gratia
3267 961 3373 1016 illis
3404 963 3587 1032 perni-

1997 1058 2142 1112 ciosa
2174 1066 2335 1122 esset,
2372 1073 2477 1112 non
2506 1056 2643 1111 ultra
2679 1056 2783 1111 illis
2814 1056 3079 1126 parcere?
3116 1054 3323 1125 Ubique
3367 1054 3585 1109 modum

1998 1164 2215 1204 servare
2240 1149 2436 1203 bonum
2466 1158 2568 1204 est.

2074 1239 2307 1294 Historia
2359 1241 2566 1311 uirginis
2605 1238 2893 1303 cuiusdam.
2924 1268 2997 1278 —
3022 1236 3170 1293 Multi
3228 1237 3416 1307 puellae
3461 1238 3586 1291 vir-

1999 1334 2108 1405 gini
2172 1333 2420 1389 formosa:
2473 1334 2908 1389 conviciabautur
2957 1332 3027 1387 ob
3077 1332 3429 1395 catocliesin;
3482 1330 3580 1384 ad-

2003 1428 2314 1482 oriebantur
2343 1427 2485 1481 illam
2534 1426 2799 1496 simulque
2845 1440 2961 1491 eos,
2989 1424 3079 1495 qui
3125 1424 3293 1493 ipsam
3346 1424 3589 1477 institue-

2004 1520 2151 1574 bant.
2173 1519 2310 1586 Quid
2332 1520 2497 1589 ergo?
2542 1535 2668 1573 num
2703 1518 2825 1573 ideo
2860 1518 2980 1572 illos
3023 1515 3315 1571 abscedere
3367 1524 3586 1584 operti-—

2003 1609 2132 1663 bat?
2176 1609 2433 1663 Minime:
2468 1608 2603 1662 nihil
2650 1610 2794 1664 enim
2845 1608 3077 1678 agebant
3111 1608 3460 1671 contrarium,
3494 1607 3589 1661 sed

2002 1716 2116 1756 rem
2164 1700 2319 1756 valde
2368 1710 2575 1771 gratam
2619 1700 2747 1754 Deo.
2800 1699 2877 1754 Ne
2917 1700 3095 1768 itaque
3139 1698 3495 1761 attendamus,
3546 1698 3589 1751 si

2001 1792 2217 1861 quidam
2241 1792 2601 1856 offendantur,
2630 1791 2725 1847 sed
2740 1792 2783 1845 si
2801 1791 2968 1859 jnste,
2987 1800 3039 1845 et
3061 1792 3104 1843 si
3128 1806 3233 1845 non
3250 1791 3317 1846 ad
3337 1791 3590 1846 damnum

2003 1892 2265 1937 nostrum.
2299 1882 2358 1938 Si
2385 1884 2543 1945 cibus,
2576 1883 2766 1953 inquit,
2798 1880 3010 1949 offendit
3031 1884 3239 1952 fratrem
3274 1898 3459 1947 meum,
3491 1899 3594 1935 non

2001 1974 2262 2028 comedam
2303 1990 2480 2028 carnes
2534 1973 2588 2027 in
2638 1983 2882 2028 internum
2908 1973 2996 2044 (1.
3031 1971 3151 2026 Cor.
3181 1970 3236 2028 8.
3268 1972 3400 2043 15).
3430 1973 3589 2038 Jurc;

2003 2067 2136 2123 nihil
2161 2068 2305 2123 enim
2336 2067 2568 2123 nocebat
2599 2081 2705 2123 non
2726 2067 3011 2122 comedere
3037 2087 3049 2122 :
3078 2066 3124 2120 si
3145 2081 3275 2122 vero
3293 2065 3585 2121 oﬂendatut

2003 2159 2114 2226 ille,
2141 2158 2284 2230 quod
2313 2158 2627 2214 renuntiare
2673 2157 2860 2223 velim,
2894 2172 2998 2211 non
3024 2156 3133 2226 jam
3175 2157 3491 2213 curandum.
3526 2156 3589 2211 Et

2004 2274 2326 2330 quemnam,
2384 2258 2633 2330 inquies,
2690 2256 2743 2312 id
2795 2255 3058 2312 oﬂendit?
3103 2256 3415 2323 Multos,ut
3459 2258 3589 2312 scio.

2005 2350 2232 2418 Quando
2262 2350 2424 2419 igitur
2464 2348 2773 2404 indiﬂ‘erens
2824 2358 2928 2415 est,
2974 2349 3325 2405 abstineatur.
3374 2348 3507 2404 Nam
3551 2348 3597 2402 si

2006 2440 2249 2495 volumus
2298 2440 2365 2494 ad
2420 2440 2524 2493 hoc
2576 2454 2742 2493 unum
2795 2447 3077 2508 spectare,
3123 2454 3153 2493 a
3206 2439 3389 2493 multis
3416 2440 3598 2494 absti—

2004 2531 2238 2587 nendum
2294 2533 2398 2587 erit
2445 2549 2459 2585 :
2508 2530 2648 2585 sicut
2696 2546 2728 2585 e
2778 2531 2995 2586 diverso
3056 2532 3100 2586 si
3167 2544 3594 2595 contemnamus,

2004 2623 2157 2678 multi
2182 2624 2448 2692 peribunt.
2474 2622 2605 2676 Nam
2627 2631 2684 2677 et
2700 2623 2894 2676 Paulus
2922 2623 3175 2691 praecavit
3190 2622 3593 2685 oll‘endiculum,

2005 2724 2060 2771 et
2097 2714 2368 2786 quomodo
2416 2714 2576 2767 audi:
2613 2712 2695 2767 Ne
2725 2714 2822 2766 hac
2848 2714 3184 2784 plenitudine,
3242 2713 3434 2783 inquit,
3485 2728 3597 2782 qui:

2005 2807 2322 2861 ministratur
2346 2822 2377 2859 α
2407 2805 2551 2860 nobis
2578 2804 2666 2877 (2.
2698 2802 2818 2860 Cor.
2856 2804 2915 2860 8.
2953 2804 3081 2875 20).
3110 2804 3252 2861 Nihil
3273 2806 3415 2860 enim
3440 2820 3599 2860 noce-

2006 2900 2097 2955 bat
2117 2899 2477 2970 suspicionem
2507 2898 2715 2953 tollere.
2745 2896 2969 2967 Quando
2996 2907 3173 2953 autem
3197 2899 3250 2952 in
3277 2907 3479 2953 tantam
3511 2898 3595 2952 in-

2004 2990 2295 3046 ciderimus
2318 2989 2713 3056 necessitatem,
2744 2998 2802 3044 ut
2823 2998 3042 3060 promer
3061 2989 3282 3045 alterius
3307 2989 3600 3045 offendicu-

2005 3083 2117 3138 lum
2160 3097 2353 3152 magna
2398 3081 2647 3137 eveniant
2700 3080 2840 3134 mala
2888 3098 2902 3134 :
2948 3082 3121 3150 ipsum
3166 3090 3594 3135 contemnamus.

2007 3173 2100 3229 ille
2129 3172 2344 3243 quidem
2369 3172 2471 3227 sibi
2492 3173 2545 3227 in
2571 3186 2731 3227 causa
2763 3179 2883 3237 est;
2914 3185 3011 3225 nos
3041 3186 3168 3226 vero
3185 3171 3296 3240 jam
3326 3171 3469 3225 noxii
3492 3186 3600 3226 nou

2007 3281 2192 3320 sumus
2225 3283 2239 3319 :
2269 3280 2375 3319 non
2396 3264 2568 3335 potuit
2595 3264 2739 3319 enim
2765 3264 2884 3318 sine
2911 3262 3111 3318 damno
3140 3262 3215 3316 illi
3243 3262 3411 3332 parci.
3450 3262 3599 3318 Multi

2008 3354 2197 3411 offensi
2226 3364 2371 3421 sunt,
2397 3354 2540 3425 quod
2567 3354 2620 3408 in
2641 3354 2839 3423 templo
2860 3352 3123 3408 cubarent
3143 3353 3361 3423 quidam
3389 3353 3597 3419 fideles,

2009 3448 2161 3519 quasi
2184 3463 2291 3501 non
2319 3447 2545 3511 liceret;
2577 3446 2672 3499 sed
2703 3446 2843 3499 male
2874 3463 2888 3500 :
2918 3445 3050 3499 nihil
3076 3446 3219 3499 enim
3243 3444 3369 3500 hinc
3394 3445 3598 3500 damni.

2008 3538 2446 3602 Ol'fendebantur,
2474 3536 2616 3606 quod
2642 3552 2763 3590 cum
2790 3536 3023 3589 ethnicis
3047 3536 3357 3590 coniederet
3380 3536 3598 3601 Petrus;

2008 3632 2102 3687 sed
2160 3632 2247 3686 ille
2286 3630 2564 3694 abstinuit,
2616 3627 2705 3683 hic
2754 3642 2883 3683 vero
2920 3636 3027 3681 non
3056 3628 3202 3683 item.
3250 3627 3457 3697 Ubique
3503 3645 3602 3683 nos

2008 3725 2164 3781 decet
2188 3726 2333 3795 leges
2357 3724 2448 3778 Dei
2471 3730 2779 3793 sequentes,
2808 3736 3055 3791 magnam
3079 3735 3261 3775 curam
3285 3721 3505 3786 habere,
3535 3736 3603 3776 ne

2008 3831 2168 3887 quam
2216 3814 2521 3871 otl'endiculi
2553 3813 2891 3869 occasionem
2926 3812 3280 3882 pricbeamus,
3310 3822 3368 3865 ut
3406 3822 3461 3867 et
3503 3829 3603 3867 nos

2010 3909 2211 3964 innoxii
2241 3908 2429 3973 simus,
2462 3917 2517 3962 et
2539 3905 2633 3961 Dei
2660 3904 2998 3961 clementiam
3030 3917 3444 3974 consequamur,
3476 3920 3603 3976 gra-

2011 4004 2079 4056 tia
2111 4012 2165 4057 et
2186 4001 2511 4071 benignitate
2542 3998 2812 4069 Unigeniti
2838 3997 2978 4067 ejus,
2998 3997 3210 4067 quicum
3235 3997 3375 4051 Patri
3405 4006 3461 4052 et
3480 4012 3607 4051 san-

2009 4106 2098 4152 clo
2122 4095 2342 4165 Spiritui
2361 4093 2555 4164 gloria,
2577 4092 2882 4161 imperium,
2908 4089 3102 4156 honor,
3129 4103 3269 4143 nunc
3288 4098 3343 4145 et
3367 4104 3601 4160 semper,

2009 4201 2063 4244 et
2094 4189 2149 4242 in
2178 4187 2373 4242 saecula
2396 4185 2738 4241 stimulorum.
2765 4185 2956 4240 Amen.

1632 4395 1976 4459 HOMILIA
2022 4397 2273 4458 XLVII.

312 4534 439 4591 Cn.
471 4535 564 4590 21,
614 4552 667 4590 v.
715 4536 805 4592 39.
852 4536 997 4591 Dixit
1014 4548 1180 4592 autem
1218 4537 1408 4595 Paulus
1437 4558 1456 4595 :
1483 4541 1597 4613 Ego
1628 4546 1779 4599 homo
1799 4562 1913 4600 sum
2015 4549 2185 4603 duxit.
2218 4547 2420 4605 Deinde
2459 4564 2528 4604 ne
2568 4557 2846 4620 putaretur
2874 4563 2941 4605 ex
2982 4557 3141 4619 gente
3184 4547 3421 4615 Iudaeus,
3468 4549 3603 4605 dixit

387 4627 590 4696 quidem
612 4626 824 4682 Judams
842 4645 877 4681 α
906 4628 1068 4683 Tarso
1105 4629 1317 4697 Ctlicite,
1349 4648 1449 4685 non
1482 4633 1715 4703 ignobilis
1734 4637 1910 4690 ciuita-

387 4721 449 4776 tis
478 4721 597 4773 ciois
624 4736 642 4774 :
672 4736 795 4790 rogo
819 4731 990 4775 autent
1018 4730 1084 4787 te,
1134 4724 1365 4792 permitte
1406 4725 1532 4777 milii
1559 4726 1694 4796 loqui
1723 4728 1791 4780 ad
1818 4744 1910 4799 po-

392 4812 583 4879 pulum.
611 4812 702 4867 10.
732 4812 802 4867 Et
831 4830 946 4867 cum
978 4815 1065 4869 ille
1091 4817 1417 4884 permisisset,
1458 4816 1658 4872 Paulus
1682 4829 1823 4874 stans
1859 4822 1912 4875 in

390 4904 649 4973 gradibus,
678 4908 859 4959 annuit
884 4923 1041 4960 manu
1072 4907 1143 4961 ad
1183 4908 1396 4978 plebem,
1426 4921 1473 4964 et
1502 4928 1690 4979 magno
1712 4914 1912 4967 silentia

389 4999 550 5066 facto,
571 4998 856 5069 alloquutus
884 5010 960 5053 est
981 4998 1155 5071 lingua
1185 4999 1424 5069 Hebrtea,
1468 5005 1659 5059 dicens.

386 5154 439 5209 1.
474 5153 601 5211 Vide
628 5155 797 5222 illum,
828 5156 1042 5227 quando
1064 5142 1326 5213 externos
1351 5158 1659 5229 alloquitur,
1689 5176 1796 5217 non
1825 5176 1912 5217 re-

313 5260 504 5302 sumre
530 5248 693 5301 etiam
723 5247 984 5319 legalibus
1013 5248 1087 5302 uti
1113 5248 1460 5318 adjumentis.
1503 5251 1600 5305 Hic
1645 5252 1793 5307 illum
1844 5269 1911 5307 ex

313 5339 551 5393 civitatis
572 5340 789 5393 nomine
816 5338 1071 5393 refrenat.
1108 5339 1197 5394 Sic
1223 5349 1280 5394 et
1300 5351 1457 5394 antea
1486 5342 1699 5395 dicebat
1731 5357 1744 5393 :
1782 5340 1909 5396 Ver-

316 5432 545 5485 berantes
586 5447 678 5486 nos
710 5432 901 5485 indicta
927 5448 1103 5498 causa,
1139 5432 1363 5486 homines
1392 5430 1653 5487 Romanos
1677 5434 1909 5503 coniece-

311 5535 430 5575 runt
461 5524 784 5579 incarcerem
828 5524 982 5593 (Act.
1012 5522 1099 5578 16.
1132 5525 1197 5579 57
1222 5524 1262 5594 ).
1313 5525 1447 5590 Quia
1495 5526 1636 5579 enim
1667 5526 1908 5581 sciscita-

315 5612 476 5667 batur
508 5631 522 5668 :
564 5613 645 5668 Tu
673 5633 725 5670 es
746 5613 1031 5686 Egyptius
1052 5615 1180 5668 ille?
1202 5614 1315 5686 Ego
1352 5632 1466 5669 sum
1484 5658 1499 5683 ,
1524 5618 1730 5686 inquit,
1761 5618 1910 5672 homo

313 5701 547 5760 Judteus.
576 5702 666 5762 Sic
703 5705 978 5779 loquutus,
1007 5704 1161 5762 illum
1187 5706 1371 5763 statim
1410 5723 1442 5765 a
1475 5707 1782 5779 suspicione
1807 5712 1905 5767 ab-

2015 4640 2329 4710 religionem
2354 4658 2367 4693 :
2402 4639 2603 4695 etenim
2633 4650 2688 4695 et
2723 4639 2849 4694 alibi
2878 4654 2936 4695 se
2960 4638 3060 4694 sub
3102 4638 3218 4710 lege
3246 4638 3447 4695 Christi
3476 4640 3605 4696 dicit

2015 4745 2155 4785 esse.
2186 4730 2324 4798 Quid
2351 4729 2453 4786 hoc
2481 4731 2598 4787 est?
2627 4730 2701 4802 (o)
2742 4729 3041 4803 [Paulusne
3067 4730 3360 4786 mentitur?
3394 4728 3604 4802 Absit.]

2013 4822 2150 4891 Quid
2184 4823 2386 4893 igitur?
2418 4838 2525 4878 non
2555 4822 2808 4893 negavit?
2833 4822 2988 4878 Absit
3026 4822 3282 4877 :Jndaeus
3322 4823 3468 4878 enim
3490 4833 3612 4879 erat

2012 4925 2067 4970 et
2098 4914 2456 4979 Christianus,
2484 4928 2833 4984 quacumque
2862 4912 3143 4982 Oportebat
3186 4928 3408 4969 servans
3436 4932 3450 4969 :
3480 4916 3605 4985 quia

2013 5017 2068 5063 et
2096 5008 2197 5078 legi
2222 5008 2336 5078 ipse
2358 5008 2589 5062 maxime
2617 5006 2859 5077 parebat,
2899 5004 3116 5061 Christo
3142 5004 3390 5072 credens,
3423 5016 3477 5062 et
3503 5007 3604 5062 Pe-

2016 5112 2155 5156 trum
2172 5101 2452 5172 alloquens
2477 5100 2609 5155 dicit
2635 5119 2649 5153 :
2674 5098 2787 5155 Nos
2803 5110 2989 5153 natura
3015 5098 3190 5155 λιιάωὶ
3205 5099 3225 5171 (
3242 5098 3360 5155 Gal.
3387 5098 3443 5153 2.
3476 5093 3599 5163 15).

2014 5192 2161 5264 Rogo
2205 5204 2272 5259 te,
2320 5194 2551 5263 permitte
2578 5209 2658 5247 me
2704 5192 2843 5263 loqui
2871 5193 2939 5245 ad
2968 5194 3233 5263 populum.
3284 5192 3396 5247 Hoc
3436 5194 3601 5249 etiam

2014 5288 2266 5342 indicium
2297 5296 2399 5353 est,
2445 5287 2584 5356 quod
2614 5301 2719 5339 non
2751 5288 3072 5351 mentiatur;
3102 5284 3366 5354 siquidem
3416 5298 3609 5339 omnes

2013 5379 2312 5434 adducebat
2339 5387 2525 5433 testes.
2568 5376 2864 5433 Considera
2891 5391 3078 5431 rursus
3106 5376 3255 5431 illum
3284 5390 3405 5430 cum
3450 5388 3599 5428 man-

2013 5470 2296 5526 suetudine
2315 5471 2689 5526 disserentem.
2715 5469 2783 5524 Et
2802 5469 2903 5524 hoc
2924 5482 3108 5523 rursus
3128 5476 3498 5537 argumentum
3522 5478 3600 5520 est

2014 5564 2327 5630 maximum,
2378 5562 2522 5634 quod
2550 5561 2682 5617 nulli
2732 5569 2877 5616 esset
2903 5559 3115 5615 crimini
3138 5559 3427 5628 obnoxius,
3459 5559 3601 5630 quod

2075 5739 2149 5804 (o)
2184 5739 2377 5789 Uncinls
2396 5736 2558 5790 clausa
2580 5737 2759 5788 desunt
2786 5739 2836 5787 in
2858 5734 3147 5800 quihusdam
3174 5733 3427 5789 codicibus
