4112 6434
536 311 636 366 3'27

531 427 614 483 sic
644 432 858 494 paratus
884 430 1024 477 esset
1044 419 1110 476 ad
1135 418 1365 475 dandam
1405 419 1688 482 rationem,
1719 417 1981 484 velletque
2005 412 2121 468 sisti

537 528 601 569 au
635 514 1066 586 respondendum
1093 511 1313 568 Judzeis.

617 606 811 660 Paulus
833 607 1030 658 vinctus
1067 605 1417 657 concinnatur.
1438 631 1506 642 --
1525 599 1659 655 Vide
1703 599 2021 653 instructum
2053 595 2132 648 vi—

541 714 681 761 rum,
713 697 833 750 vide
883 694 1239 750 meonomiam
1268 711 1282 746 :
1311 692 1414 747 nisi
1445 693 1686 746 tribunus
1728 690 1982 750 venisset,
2030 686 2128 741 nisi

540 791 778 860 ligasset,
799 803 1054 843 sermone
1075 785 1142 840 ad
1163 785 1529 841 defensionem
1551 799 1683 852 opus
1706 796 1808 835 non
1835 780 2128 841 habuisset,

540 895 712 950 neque
739 888 944 934 tantum
983 879 1322 946 impetrasset
1349 875 1645 929 silentium.
1675 871 2009 926 Permittente
2037 885 2132 921 au-

539 980 637 1024 tem
663 970 778 1032 illo,
803 967 1004 1021 Paulus
1031 969 1047 1000 ¹
1073 977 1215 1020 stans
1251 967 1302 1018 in
1333 965 1592 1034 gradibus.
1624 964 1665 1016 A
1694 963 1814 1017 loco
1846 961 2015 1029 major
2053 958 2132 1012 fa-

538 1061 732 1124 cilitas,
782 1067 838 1113 et
885 1057 1028 1128 quod
1081 1057 1132 1110 in
1162 1057 1388 1110 editiore
1434 1055 1598 1126 gradu
1641 1055 1945 1123 loqueretur
1971 1059 2132 1119 atque

542 1150 751 1220 ligatus.
801 1148 937 1214 Quid
993 1147 1114 1201 huic
1163 1147 1469 1216 spectaculo
1515 1161 1628 1214 par,
1685 1143 1866 1198 videre
1906 1142 2130 1196 Paulum

539 1243 748 1297 duabus
767 1241 972 1295 catenis
998 1241 1230 1294 vinctum
1253 1237 1704 1293 concionanteni?
1725 1235 1995 1306 quomodo
2021 1243 2132 1286 tur-

540 1334 716 1399 batus,
759 1330 1030 1402 quomodo
1069 1329 1322 1384 confusus
1373 1345 1479 1382 non
1507 1337 1609 1388 est,
1647 1336 1849 1380 tantum
1881 1323 2129 1393 populum

540 1427 726 1480 videns
763 1431 1160 1494 exasperatum,
1191 1423 1438 1476 adstante
1470 1418 1734 1490 prmside?
1769 1418 1944 1472 Primo
1989 1415 2132 1468 furo-

541 1534 654 1573 rem
683 1518 894 1572 illorum
927 1514 1154 1580 sedavit,
1181 1513 1374 1569 deinde
1398 1512 1681 1582 alloquitur
1706 1530 1719 1565 ;
1747 1519 1800 1564 et
1828 1509 1946 1562 vide
1972 1521 2129 1576 quam

544 1612 856 1681 prudenter.
891 1610 1021 1664 Nam
1048 1609 1099 1663 id
1119 1607 1261 1678 quod
1290 1608 1340 1660 in
1364 1606 1601 1674 Epistula
1624 1609 1688 1657 ad
1712 1603 1964 1656 [leum-os
1987 1599 2128 1666 fecit,

544 1703 646 1757 hoc
674 1713 728 1757 et
756 1702 842 1756 hic
864 1701 990 1754 facit
1023 1718 1037 1752 :
1065 1699 1244 1768 primo
1265 1697 1582 1766 cognatione
1607 1696 1749 1748 vocis
1777 1694 1919 1761 ipsos
1943 1691 2128 1755 allicit,

543 1795 668 1850 hinc
695 1791 1129 1848 mansuetudine.
1153 1789 1276 1843 Ideo
1306 1788 1406 1841 hoc
1434 1787 1730 1850 declarans,
1757 1783 1886 1838 dicit
1916 1802 1928 1836 :
1963 1781 2131 1836 Multo

543 1889 679 1955 facto
716 1884 934 1947 silentio,
965 1880 1256 1948 alloquutus
1293 1888 1367 1932 est
1411 1877 1584 1948 lingua
1630 1875 1868 1940 Hebrrett,
1911 1875 2084 1926 dicens
2113 1888 2132 1926 :

543 1979 696 2049 (Cap.
745 1974 922 2044 9.2.)1.
963 1974 1073 2028 Viri
1099 1973 1280 2042 fratres
1306 1982 1352 2026 et
1391 1981 1578 2041 patres,
1611 1969 1784 2022 audite
1817 1983 1970 2034 quam
1995 1966 2132 2019 vobis

543 2087 678 2124 nunc
698 2069 854 2123 reddo
877 2069 1143 2121 rationem.
1168 2065 1299 2120 Vide
1316 2068 1478 2119 etiam
1504 2061 1824 2116 adulationis
1851 2068 2130 2128 expertem

545 2175 852 2218 sermonem
883 2169 935 2214 et
965 2157 1228 2213 modestia
1257 2157 1495 2225 plenum.
1525 2154 1638 2208 Non
1666 2154 1808 2208 enim
1837 2152 1990 2217 dixit,
2025 2152 2131 2204 Do-

543 2256 696 2315 mini.
719 2253 835 2317 sed,
868 2250 1119 2314 Fratres;
1146 2249 1286 2319 quod
1324 2249 1556 2302 maxime
1581 2246 1850 2308 amabant,
1881 2259 1942 2299 ac
1970 2245 2014 2299 si
2045 2243 2129 2298 di-

539 2353 724 2400 ceret:
747 2343 864 2398 Non
891 2343 1099 2396 alienus
1127 2355 1243 2394 sum
1271 2355 1299 2391 a
1327 2339 1498 2403 vobis,
1536 2352 1636 2392 nec
1656 2347 1846 2390 contra
1875 2348 1989 2388 vos.
2025 2333 2132 2388 Viri

539 2439 724 2504 fratres
753 2445 799 2488 et
828 2445 1016 2505 putres,
1056 2433 1244 2502 inquit.
1280 2430 1390 2483 Iloc
1418 2429 1656 2492 honoris,
1691 2427 1820 2482 illud
1866 2426 2132 2497 germani-

543 2528 688 2582 tatis.
719 2525 904 2580 Audite
933 2541 1118 2589 meum,
1150 2538 1300 2588 quam
1327 2536 1462 2574 nunc
1493 2519 1630 2572 vobis
1661 2517 1838 2583 reddo,
1862 2519 2128 2571 rationem.

538 2620 654 2676 Non
676 2620 810 2674 dixit
835 2619 1132 2674 doctrinam
1157 2617 1240 2672 vel
1279 2617 1592 2671 concionem
1609 2655 1626 2680 ,
1656 2614 1751 2668 sed
1772 2655 1787 2676 ,
1815 2613 2084 2668 Rationem
2107 2627 2130 2668 :

536 2726 598 2768 se
622 2711 771 2783 quasi
796 2711 1090 2780 supplicem
1114 2708 1413 2763 constituit.
1437 2706 1493 2759 2.
1524 2706 1650 2760 Cum
1678 2705 1943 2760 audissent
1963 2715 2131 2760 autem

534 2806 658 2874 quia
689 2802 906 2858 Hebrtca
932 2804 1107 2872 lingua
1133 2800 1417 2872 loqueretur
1443 2800 1558 2864 sibi,
1589 2799 1751 2869 magis
1791 2801 2131 2869 prastiterunt

536 2897 812 2952 silentium.
848 2895 1034 2950 Viden’
1071 2901 1130 2947 ut
1151 2893 1294 2962 cepit
1317 2907 1411 2946 eos
1439 2891 1604 2958 patria
1633 2892 1832 2960 lingua,
1856 2907 2014 2960 quam
2041 2907 2126 2946 re—

536 2987 776 3042 verentia
819 2985 1050 3055 quadam
1100 2983 1595 3054 prosequebantur?
1627 2981 1756 3036 Vide
1801 2983 1962 3036 etiam
1993 2999 2128 3052 quo—

539 3079 701 3132 modo
727 3079 808 3134 sic
833 3093 988 3132 orsus
1027 3077 1167 3131 viam
1198 3077 1433 3130 sermoni
1464 3085 1611 3143 paret
1639 3085 1692 3129 et
1715 3075 1852 3131 dicat
1880 3093 1894 3129 :
1922 3078 1974 3131 5.
2020 3077 2131 3146 Ego

538 3170 672 3224 enim
710 3185 822 3223 sum
845 3168 921 3221 vir
943 3166 1181 3230 Judteus,
1210 3175 1361 3220 natus
1386 3167 1442 3219 in
1488 3165 1650 3219 Tarso
1675 3166 1886 3230 Ciliciw,
1917 3169 2132 3222 nutritus

539 3269 711 3312 autem
737 3260 791 3311 in
817 3258 914 3311 hac
938 3257 1162 3327 civitate,
1185 3271 1326 3310 secus
1369 3255 1520 3325 pedes
1564 3255 1878 3318 Canwlielis,
1907 3259 2133 3312 m‘uditus

541 3354 686 3425 juxta
711 3351 966 3403 veritatem
993 3349 1174 3418 patrie
1211 3347 1358 3417 legis,
1386 3346 1652 3400 atumlator
1675 3345 1794 3414 Dei,
1823 3347 1950 3401 sicut
1976 3360 2023 3401 et
2048 3365 2133 3402 vos

541 3457 713 3496 omnes
739 3439 856 3494 estis
877 3439 1044 3493 hodie.
1070 3437 1180 3508 Ego
1195 3439 1395 3508 quidem
1415 3453 1547 3501 sum,
1567 3438 1756 3508 inquit,
1789 3439 1863 3492 vir
1879 3438 2133 3503 Iudaeus;

540 3530 684 3601 quod
714 3531 950 3584 omnium
985 3530 1216 3582 maxime
1241 3527 1426 3582 audire
1456 3529 1760 3597 cupiebant.
1797 3529 1964 3585 Natus
1985 3530 2134 3587 Tarsi

541 3621 752 3676 Cilicia.
780 3620 857 3675 Ne
886 3635 1014 3674 vero
1048 3621 1346 3689 cogitarent
1390 3617 1621 3672 alienam
1648 3627 1882 3688 gentem.
1914 3621 2131 3691 religio-

542 3735 666 3773 nem
694 3717 918 3772 addidit.
950 3716 1194 3771 Nutritus
1228 3717 1281 3770 in
1313 3718 1408 3770 hac
1441 3717 1662 3771 civitate.
1700 3717 1946 3788 Magnum
1977 3731 2133 3772 suum

543 3811 779 3868 ostendit
801 3825 924 3878 erga
947 3811 1260 3880 religionem
1283 3809 1542 3875 studium,
1563 3809 1992 3880 quandoquidem
2026 3819 2133 3863 tam

542 3905 687 3956 clara
708 3943 724 3966 ,
755 3911 864 3956 tam
890 3910 1093 3955 remota
1135 3900 1301 3969 patria
1343 3900 1562 3963 relicta,
1596 3901 1682 3954 hic
1728 3900 1896 3954 voluit
1919 3901 2135 3956 educari

547 3999 768 4061 propter
789 3991 982 4059 legem.
1032 3988 1168 4044 Vide
1218 3990 1487 4059 quomodo
1508 3989 1618 4059 jam
1671 3991 1798 4045 olim
1839 3991 1890 4044 in
1934 3990 2137 4046 honore

551 4082 786 4136 habebat
816 4082 1008 4151 legem.
1041 4079 1173 4135 lllud
1197 4095 1326 4134 vero
1357 4095 1462 4135 non
1484 4082 1677 4144 solum,
1707 4093 1759 4134 ut
1788 4096 1906 4136 sese
1928 4091 2134 4152 purget,

545 4173 677 4228 dicit
709 4173 845 4238 illis;
879 4170 972 4226 sed
999 4179 1057 4225 ut
1082 4171 1330 4226 ostendat
1357 4187 1414 4226 se
1457 4187 1562 4226 non
1595 4172 1828 4226 humano
1857 4188 2024 4244 scoIio
2069 4173 2136 4229 ad

551 4265 981 4335 [medicationem
1031 4263 1342 4328 adductum,
1394 4263 1487 4318 sed
1533 4264 1712 4319 divina
1756 4266 1993 4322 virtute:
2029 4282 2136 4321 non

549 4357 691 4409 enim
721 4356 797 4408 sic
839 4354 1078 4408 eruditus
1107 4364 1330 4424 repente.
1360 4355 1527 4408 factus
1558 4365 1659 4410 est.
1689 4355 1822 4409 Nam
1853 4357 1896 4410 si
1923 4373 1955 4411 e
1981 4359 2142 4427 vulgo

551 4448 758 4507 fuisset,
807 4444 858 4498 id
902 4445 1140 4499 licuisset
1187 4444 1490 4513 suspicari:
1522 4445 1768 4500 siautem
1800 4463 1866 4501 ex
1914 4464 2138 4503 numero

550 4553 735 4592 eormn
763 4536 852 4606 qui
878 4537 1109 4592 maxime
1132 4538 1371 4592 omnium
1403 4538 1502 4607 legi
1536 4537 1826 4604 haererent,
1880 4554 1987 4594 non
2023 4549 2144 4595 erat

553 4628 846 4685 verisimile
875 4628 1022 4683 illum
1049 4629 1171 4683 sine
1218 4642 1380 4683 causa
1407 4639 1460 4683 et
1489 4629 1633 4684 nulla
1663 4639 1885 4700 urgente
1909 4631 2144 4686 necessi-

553 4731 661 4777 tate
687 4729 947 4776 mutatum
996 4718 1180 4775 fuisse.
1211 4720 1281 4774 At
1331 4720 1556 4775 fortasse
1598 4721 1794 4776 dixerit
1837 4723 2140 4791 quispiam:

553 4813 698 4871 Nihil
717 4813 784 4869 ad
808 4829 922 4868 rem
939 4811 1084 4876 iacit,
1101 4811 1242 4883 quod
1263 4812 1420 4868 isthic
1431 4812 1690 4869 educatus
1709 4815 1808 4870 sit:
1830 4815 1955 4885 quid
1973 4815 2140 4881 enim,

553 4907 598 4960 si
628 4906 700 4961 ob
721 4905 1136 4974 negotiationem
1161 4904 1248 4958 vel
1272 4905 1431 4958 aliam
1452 4920 1668 4960 causam
1697 4905 1802 4961 huc
1821 4907 2047 4962 venisti?
2068 4907 2146 4961 Ne

554 4995 606 5050 id
636 5010 764 5065 ergo
796 5003 1092 5064 putaretur,
1141 4994 1365 5057 addidit,
1397 4995 1479 5049 Ad
1505 4995 1658 5065 pedes
1689 4994 2007 5051 Gamalielis.
2035 4997 2146 5052 Nec

552 5090 725 5143 Solum
752 5086 909 5154 dixit,
951 5085 1089 5156 apud
1117 5085 1489 5149 Gamalieletn,
1522 5086 1640 5152 sed,
1673 5086 1755 5142 Ad
1783 5089 1934 5158 pedes
1957 5089 2146 5142 (iama-

555 5178 685 5234 lielis
715 5194 734 5233 :
763 5179 1254 5248 perseverantiam,
1306 5179 1715 5246 aSsiduitatem,
1768 5180 2003 5235 studium
2051 5197 2147 5235 au-

554 5271 737 5327 diendi
765 5269 1068 5337 declarans,
1113 5279 1170 5324 et
1221 5269 1441 5325 multam
1470 5285 1597 5340 erga
1623 5271 1794 5326 virum
1821 5271 1966 5325 illum
1992 5286 2146 5326 reve-

555 5365 804 5419 rentiam.
838 5361 1084 5417 Eruditus
1103 5363 1380 5417 secundum
1399 5361 1770 5416 accurationem
1789 5363 1971 5432 patria:
1987 5363 2147 5432 legis;

561 5470 666 5507 non
693 5453 1007 5522 simpliciter
1032 5453 1185 5523 legis,
1208 5452 1323 5514 sed,
1350 5451 1415 5505 Et
1438 5451 1637 5522 patriae,
1659 5452 1914 5521 adjiciens
1934 5471 1948 5508 ε
1970 5463 2150 5508 osten-

564 5545 693 5598 deus
710 5558 768 5596 se
793 5543 917 5596 olim
943 5543 1100 5597 talem
1125 5541 1308 5606 fuisse,
1333 5557 1432 5596 nec
1455 5542 1769 5612 simpliciter
1788 5544 1927 5600 scire
1954 5545 2146 5616 legem.

625 5713 784 5773 ιιιωο,
799 5717 1094 5777 per-uiuente
1109 5720 1267 5766 autem
1285 5714 1385 5777 illo,
1414 5716 1608 5780 Paulus,
1631 5721 1810 5774 desunt
1831 5727 1881 5771 tn
1906 5733 2003 5771 uno
2025 5718 2141 5774 Cod.

1280 301 1336 360 S.
1376 301 1648 359 lOANNIS
1672 294 2144 356 CHRYSOSTOMI
2184 293 2498 352 ARCHIEP.
2543 296 3072 355 CONS'I‘ANTINOP.

3717 303 3828 362 328

2236 409 2362 465 Haec
2392 425 2521 465 vero
2547 412 2798 466 videntur
2822 412 3036 481 quidem
3065 428 3164 483 pro
3191 413 3296 467 illis
3333 412 3463 481 dici,
3495 413 3588 470 sed
3633 427 3823 472 contra

2237 502 2356 557 illos
2381 512 2525 567 sunt,
2568 503 2996 574 (litandoqnidem
3041 517 3095 560 et
3148 506 3325 561 sciens
3378 507 3527 563 illum
3583 511 3824 580 reliquit.

2240 592 2439 647 Deinde
2469 607 2537 648 ne
2564 610 2776 647 rursum
2809 595 2928 664 quis
2957 596 3196 668 objiciet,
3227 598 3354 668 quid
3376 614 3505 671 ergo
3559 602 3604 656 si
3651 601 3826 672 legem

2235 684 2445 754 quidem
2495 696 2744 741 accurate
2796 690 2958 754 nosti,
2993 705 3165 761 neque
3205 704 3380 748 tamen
3413 695 3557 748 illam
3583 697 3828 753 vindicas

2237 792 2410 846 neque
2443 778 2630 831 amas?
2677 778 3008 846 lEmulator,
3038 781 3227 851 inquit,
3285 785 3447 855 legis;
3485 786 3534 838 id
3580 796 3681 850 est,
3714 803 3824 841 non

2237 868 2396 922 modo
2421 870 2617 933 sciens,
2648 871 2742 924 sed
2766 872 2924 924 etiam
2965 887 3157 942 magno
3177 889 3300 943 erga
3347 875 3490 929 illam
3531 878 3644 932 zelo
3690 878 3825 934 all'e-

2235 967 2371 1012 ctus.
2406 958 2604 1012 Deinde
2637 971 2911 1029 postquam
2941 976 3127 1030 magna
3148 962 3216 1018 de
3232 979 3290 1018 se
3306 966 3546 1018 encomia
3576 969 3822 1036 protulit,

2235 1063 2572 1103 communem
2614 1049 2725 1118 jam
2751 1065 3053 1105 sermonem
3086 1051 3312 1121 profert,
3341 1055 3524 1110 dicens
3558 1074 3571 1110 :
3606 1059 3753 1112 Sicut
3777 1070 3826 1112 et

2235 1158 2323 1196 ros
2342 1159 2513 1197 omnes
2542 1147 2658 1197 estis
2681 1145 2845 1197 hodie.
2878 1145 3124 1200 Ostendit
3145 1149 3287 1202 enim
3319 1150 3436 1202 iilos
3459 1167 3562 1204 non
3587 1152 3824 1207 humano

2148 1228 2184 1239 ”
2235 1247 2399 1302 scopo
2438 1233 2537 1289 hoc
2565 1234 2760 1299 facere,
2807 1237 2900 1290 sed
2942 1237 3061 1292 zelo
3091 1238 3292 1292 divino.
3343 1241 3452 1295 lloc
3499 1258 3627 1297 vero
3655 1244 3820 1310 dicit,

2235 1327 2456 1395 gratiam
2484 1328 2694 1382 illorum
2721 1339 2961 1398 captans,
2991 1340 3046 1385 et
3066 1346 3252 1385 eorum
3283 1342 3514 1388 mentem
3548 1351 3825 1404 praeoccu-

2237 1432 2367 1484 pans
2414 1433 2478 1472 ac
2523 1419 2768 1474 detinens
2795 1421 2846 1474 in
2889 1421 2971 1484 iis,
3016 1421 3067 1474 in
3097 1422 3290 1491 quibus
3319 1423 3448 1478 nihil
3476 1425 3654 1481 damni
3683 1438 3818 1484 erat.

2236 1507 2426 1562 Postea
2457 1507 2652 1562 indicia
2687 1512 2908 1579 profert,
2932 1511 3118 1567 dicens
3149 1532 3161 1565 :
3195 1515 3249 1569 ι.
3278 1513 3378 1581 Qui
3397 1516 3527 1569 lianc
3551 1519 3682 1571 viam
3708 1537 3821 1591 pero

2235 1610 2472 1667 sequutus
2497 1617 2607 1653 sum
2638 1617 2797 1669 usque
2815 1602 2882 1652 ad
2919 1613 3146 1669 mortem,
3173 1606 3396 1674 alligans
3432 1618 3477 1660 et
3527 1612 3730 1664 tradens
3770 1614 3822 1666 in

2235 1693 2490 1744 custodias
2538 1694 2670 1746 viros
2712 1709 2772 1745 ac
2815 1695 3072 1757 mulieres,
3124 1697 3178 1750 5.
3218 1697 3347 1750 sicut
3393 1701 3625 1768 princeps
3650 1720 3823 1756 sacer-

2235 1782 2412 1836 dotum
2436 1785 2557 1837 mihi
2585 1787 2922 1839 testimonium
2949 1789 3138 1855 reddit,
3161 1799 3207 1842 et
3238 1806 3412 1845 omnes
3438 1797 3655 1863 majores
3677 1808 3817 1848 ηιεεη.

2237 1871 2304 1928 Ut
2340 1889 2500 1928 nemo
2527 1875 2690 1938 dicat,
2725 1877 2794 1930 Et
2819 1877 2962 1932 unde
2993 1879 3094 1934 hoc
3123 1882 3507 1938 manifestum?
3534 1895 3695 1942 testes
3723 1891 3820 1941 ad.

2235 1963 2381 2017 ducit
2409 1966 2700 2036 principem
2728 1969 3068 2024 sncerdotum
3092 1981 3146 2025 et
3174 1973 3406 2039 majores
3423 1985 3571 2030 natu.
3603 1978 3669 2032 Et
3693 1979 3821 2034 dicit

2235 2055 2448 2125 quidem
2478 2057 2806 2123 demulcens,
2833 2059 3130 2116 zEmulator
3149 2065 3276 2118 sicut
3305 2077 3351 2119 et
3375 2083 3497 2134 vos;
3520 2069 3569 2123 id
3595 2081 3695 2136 est,
3727 2088 3821 2138 par

2239 2147 2387 2202 vobis
2420 2164 2434 2199 :
2461 2148 2696 2204 ostendit
2731 2161 2908 2206 autem
2941 2169 3036 2222 per
3067 2171 3227 2223 opera
3274 2172 3332 2212 se
3373 2157 3492 2212 il!os
3517 2175 3816 2228 summisse.

2236 2236 2350 2291 Non
2377 2239 2517 2293 enim
2548 2255 2728 2295 moras
2753 2241 3052 2307 trahebam,
3075 2254 3131 2298 ut
3154 2261 3424 2315 caperem,
3447 2250 3540 2303 sed
3570 2261 3622 2305 et
3643 2267 3819 2308 sacer.

2235 2325 2389 2381 dotes
2417 2329 2711 2384 excitabam
2744 2340 2799 2385 et
2847 2335 3304 2403 peregrinationes
3333 2339 3723 2408 suscipiebam;
3766 2353 3822 2396 et

2237 2432 2344 2471 non
2388 2419 2532 2473 viros
2579 2429 2784 2476 tantum
2830 2425 3181 2493 aggrediehar
3223 2428 3360 2481 sicut
3387 2444 3502 2492 vos,
3532 2431 3624 2485 sed
3653 2435 3816 2487 etiam

2236 2509 2491 2584 mulieres
2515 2529 2530 2577 ;
2553 2521 2608 2566 et
2630 2529 2818 2568 omnes
2834 2516 3060 2584 alligans
3077 2529 3132 2571 et
3161 2518 3212 2570 in
3237 2534 3483 2575 carceres
3501 2522 3815 2591 conjiciens.

2238 2601 2595 2658 lndnbitatum
2622 2615 2706 2660 est
2755 2606 2858 2660 hoc
2909 2607 3296 2674 testimonium,
3345 2612 3462 2666 sine
3505 2613 3823 2671 defensione

2235 2707 2360 2752 sunt
2391 2712 2476 2752 res
2501 2697 2828 2753 Judzeorum.
2857 2699 2986 2754 Vide
3011 2712 3141 2770 quot
3166 2711 3331 2758 testes
3357 2705 3571 2761 adducit
3601 2727 3616 2763 :
3645 2712 3824 2763 senio-

2235 2808 2344 2861 res,
2379 2795 2668 2864 principem
2697 2794 3056 2862 sacerdotum,
3087 2812 3182 2851 eos
3211 2800 3299 2868 qui
3331 2801 3380 2853 in
3407 2802 3638 2857 civitate.

2304 2884 2360 2940 2.
2398 2885 2526 2939 Vide
2553 2898 2729 2940 autem
2754 2886 2870 2954 ejus
2895 2896 2950 2942 et
2977 2887 3342 2944 defensionem
3374 2907 3478 2945 non
3508 2908 3574 2947 ex
3604 2895 3816 2959 timore,

2235 2975 2329 3028 sed
2363 2976 2538 3044 potius
2566 2977 2686 3031 vide
2713 2978 2994 3034 docentem
3033 2990 3089 3034 et
3129 2981 3516 3037 instituentem.
3545 2985 3654 3039 Nisi
3676 2991 3819 3041 enim

2237 3067 2439 3136 lapides
2467 3068 2689 3124 fuissent
2721 3071 3009 3136 auditores,
3039 3073 3195 3127 dictis
3225 3076 3599 3134 attendissent.
3629 3079 3824 3135 Hacte-

2237 3173 2338 3212 nus
2370 3159 2512 3213 enim
2545 3161 2663 3214 illos
2694 3160 2877 3216 habuit
2905 3171 3100 3231 testes;
3133 3165 3337 3235 reliqua
3367 3182 3497 3222 vero
3519 3170 3636 3224 sine
3666 3171 3823 3226 testi-

2237 3251 2336 3302 hns
2360 3260 2503 3306 sunt.
2537 3252 2579 3304 Α
2607 3253 2786 3321 quibus
2831 3265 2876 3306 et
2921 3257 3159 3325 epistolas
3198 3259 3479 3327 accipiens,
3527 3264 3594 3314 ad
3641 3263 3824 3330 fratres

2237 3339 2544 3394 Damascum
2592 3344 2890 3412 pergebant,
2938 3356 2992 3398 ut
3039 3347 3343 3402 adducerem
3385 3352 3503 3404 inde
3544 3355 3732 3408 vinctos
3769 3356 3823 3408 in

2235 3429 2521 3485 Jerusalem
2551 3443 2604 3486 ut
2631 3435 2948 3502 punirentur.
2990 3437 3044 3490 6.
3086 3436 3302 3492 Factum
3340 3452 3412 3493 est
3449 3453 3649 3508 autem,
3678 3457 3827 3499 eunte

2237 3539 2318 3576 me
2355 3534 2402 3577 et
2437 3527 2878 3596 apprOpinquante
2920 3525 3195 3594 Damasco,
3240 3531 3408 3584 media
3451 3533 3534 3587 die
3567 3533 3728 3588 subito
3761 3535 3827 3589 de

2237 3614 2364 3670 αι’ιο
2410 3617 2744 3687 circumfulsit
2789 3634 2871 3672 me
2911 3620 3004 3674 tua:
3045 3622 3268 3688 copiosa,
3316 3622 3365 3675 7.
3411 3633 3462 3677 et
3497 3625 3730 3679 decidens
3770 3628 3822 3680 in

2237 3717 2454 3773 terram,
2493 3710 2667 3783 audivi
2703 3727 2873 3765 vocem
2912 3713 3156 3767 dicentem
3195 3716 3319 3768 mihi
3351 3731 3370 3768 :
3400 3718 3588 3785 Saule,
3633 3718 3820 3784 Saule,

2237 3801 2361 3870 quid
2385 3818 2465 3855 me
2489 3804 2803 3874 persequeris
2819 3805 2845 3858 7
2868 3805 2922 3859 8.
2959 3806 3067 3878 Ego
3092 3819 3260 3862 autem
3285 3812 3527 3880 respondi
3551 3829 3570 3867 :
3599 3811 3725 3878 Quis
3750 3832 3822 3876 es.

2239 3891 2500 3947 Domine?
2526 3892 2770 3963 Dixitque
2796 3896 2866 3949 ad
2889 3913 2966 3950 me
2996 3914 3016 3951 :
3047 3897 3158 3970 Ego
3185 3917 3296 3953 sum
3320 3900 3472 3956 Jesus
3499 3901 3823 3968 Nazarenus,

2239 3999 2387 4051 quem
2417 3993 2469 4037 tu
2497 3987 2831 4056 persequeris.
2875 3987 2998 4042 Hazc
3039 4001 3187 4046 certe
3225 3990 3329 4047 fide
3354 3993 3640 4048 admodum
3669 3995 3826 4065 digna

2242 4072 2426 4128 haberi
2468 4075 2752 4144 oportebat
2794 4093 2860 4131 ex
2908 4078 2994 4141 iis,
3041 4096 3160 4148 qua:
3208 4094 3622 4150 praecesserant;
3655 4100 3828 4154 neque

2241 4164 2384 4220 enim
2423 4177 2657 4222 mutatus
2683 4169 2859 4224 fuerit.
2885 4171 3021 4236 Quid
3061 4173 3248 4242 igitur,
3279 4176 3508 4245 inquies,
3534 4177 3579 4232 si
3607 4192 3727 4232 sese
3746 4179 3830 4248 ja-

2242 4258 2386 4312 ctat?
2405 4258 2749 4329 Nequaquam
2774 4263 2814 4314 ¹.
2838 4261 2945 4322 Cur
2970 4263 3135 4330 enim,
3165 4281 3366 4334 qna-so,
3390 4283 3511 4324 sese
3537 4279 3753 4338 repente
3775 4270 3828 4324 in

2245 4358 2448 4403 tantum
2475 4349 2646 4405 zelum
2675 4351 2986 4420 iniecisset?
3010 4355 3150 4424 quod
3177 4355 3439 4412 honorem
3461 4363 3829 4428 exspectaret?

2244 4440 2404 4509 Atqui
2443 4441 2709 4495 contraria
2747 4458 2934 4512 passus
2962 4454 3065 4499 est.
3093 4445 3247 4512 Quod
3275 4449 3506 4515 quietem
3547 4451 3832 4520 speraret?

2244 4530 2427 4601 Neque
2457 4531 2558 4587 hoc
2587 4547 2739 4588 sane.
2781 4535 2866 4588 An
2907 4535 3008 4590 alia
3045 4537 3114 4591 de
3156 4540 3353 4593 causa?
3381 4539 3524 4595 Nihil
3551 4541 3833 4597 ratiocinio

2247 4622 2476 4678 inveniri
2505 4631 2701 4693 potest.
2729 4624 2857 4680 Haec
2885 4626 2988 4680 illis
3029 4627 3326 4698 colligenda
3364 4640 3418 4685 et
3449 4630 3722 4687 inferenda
3748 4648 3834 4689 re-

2247 4712 2524 4783 linquens,
2575 4730 2664 4770 res
2709 4715 2853 4784 ipsas
2897 4727 3080 4772 narrat
3121 4729 3176 4772 et
3216 4719 3344 4774 dicit
3377 4738 3392 4776 :
3425 4721 3512 4776 Me
3549 4724 3834 4794 appropin-

2247 4818 2436 4876 quante
2463 4807 2740 4870 Damasco,
2770 4809 2937 4861 media
2959 4809 3042 4864 die
3073 4811 3238 4865 subito
3263 4811 3328 4866 de
3353 4815 3478 4867 celo
3501 4814 3837 4884 circumfulsit

2248 4915 2328 4954 me
2355 4900 2447 4954 tua:
2473 4901 2700 4970 capiosa,
2731 4908 2780 4952 et
2805 4900 2971 4954 decidi
2995 4901 3050 4954 in
3074 4912 3283 4958 terram.
3318 4902 3451 4961 Vide
3475 4915 3671 4976 quanta
3702 4905 3841 4961 lucis

2249 4991 2425 5059 c0pia.
2447 4990 2707 5059 Quodque
2733 5006 2838 5045 non
2867 5007 2932 5047 ex
2955 4993 3211 5061 jactantia
3237 4995 3504 5066 loquatur,
3528 5006 3691 5052 testes
3713 5007 3841 5052 sunt

2249 5081 2338 5151 qui
2379 5081 2622 5144 aderant,
2652 5081 2740 5151 qui
2781 5097 2945 5137 manu
2988 5083 3340 5152 deduxerant,
3373 5088 3460 5156 qui
3491 5088 3664 5142 lucem
3693 5089 3839 5144 vide-

2251 5185 2392 5230 runt.
2425 5175 2478 5230 9.
2513 5175 2612 5243 Qui
2645 5185 2812 5228 autem
2839 5192 3034 5231 mecum
3059 5188 3222 5245 erant,
3252 5180 3420 5234 lumen
3456 5181 3658 5250 quidem
3695 5181 3838 5236 vide-

2251 5276 2390 5330 runt,
2419 5277 2464 5320 et
2485 5267 2707 5321 exterriti
2727 5276 2884 5332 sunt;
2908 5283 3077 5323 uocem
3103 5281 3269 5324 autem
3293 5288 3394 5326 non
3415 5273 3685 5327 audierunt
3704 5275 3838 5345 ejus,

2251 5360 2336 5429 qui
2367 5358 2662 5428 loquebatur
2688 5375 2898 5414 mecum.
2930 5360 3007 5416 Ne
3032 5370 3268 5431 stupeas,
3297 5363 3340 5419 si
3369 5363 3455 5419 hic
3480 5364 3573 5430 ita,
3597 5365 3722 5421 alibi
3747 5382 3838 5420 au-

2255 5461 2360 5506 tem
2391 5451 2469 5506 sic
2497 5451 2744 5520 loquatur
2769 5473 2784 5510 :
2818 5451 3078 5508 Steterunt
3118 5471 3286 5510 vocem
3317 5457 3521 5527 quidem
3544 5459 3837 5525 audientes,

2251 5544 2498 5598 neminem
2537 5552 2703 5596 autem
2729 5543 2952 5599 videntes
2989 5545 3124 5600 (Act.
3160 5545 3210 5601 9.
3251 5547 3328 5616 7).
3371 5548 3484 5604 Non
3526 5561 3651 5606 Sunt
3697 5555 3838 5608 enim

2321 5737 2338 5757 -
2377 5721 2503 5788 Vox,
2521 5734 2842 5787 nequaquam,
2865 5725 2913 5773 in
2937 5722 3221 5786 qulbusdam
3244 5724 3408 5776 deest.
