4112 6456
388 312 497 367 327

448 431 591 500 Ὀρα
648 429 981 499 τεταγμένον
1042 428 1245 500 ἄνδρα»
1304 429 1407 501 δρα
1470 429 1816 501 οἰκονομίαψ
1870 429 1920 481 εἰ
1970 427 2045 498 μὴ

375 518 650 589 χιλίαρχος
670 512 852 591 ἦλθεν,
878 518 926 570 εἰ
952 515 1027 588 μὴ
1049 517 1257 591 ἐδησεν,
1284 517 1383 571 οὐκ
1406 514 1472 570 ἂν
1501 516 1695 589 ἐδεήθη
1721 516 1882 585 λόγου
1908 517 2046 587 πρὸς

367 605 689 674 ἀπολογίαν,
720 605 823 658 ούκ
853 603 918 658 ἀν
944 590 1210 674 τοσαύτης
1239 604 1519 658 ἀπέλαυσε
1549 605 1725 676 σιγῆς.
1784 602 2047 672 Ἐπιτρέ-

367 696 604 763 ψαγτος
630 690 700 744 δὲ
721 691 929 755 αὑτοῦ,
961 693 995 746 ό
1022 690 1266 758 Παῦλος
1283 703 1310 733 α
1335 690 1527 758 ἑστὼς
1547 691 1648 745 ἐπὶ
1678 691 1799 745 τῶν
1824 692 2046 747 ἀναϐαο

368 779 553 851 θμῶν.
598 778 709 833 Καὶ
747 778 855 833 ἀπὸ
900 777 995 833 τοῦ
1036 778 1203 833 τόπου
1245 778 1415 851 πολλὴ
1465 782 1499 850 ἠ
1551 779 1790 841 εὐκολία,
1838 779 1899 833 τὸ
1952 778 2047 833 καὶ

370 867 573 937 ὑψηλὸν
605 867 736 921 ὄντα
764 867 1098 939 δημηγορεῖν
1127 868 1223 922 καὶ
1260 867 1562 938 δεδεμένον.
1599 868 1663 921 Τί
1705 867 1896 922 τούτου
1931 868 2045 921 ἴσον

368 956 464 1010 τοῦ
516 955 792 1025 θεάματος
812 995 826 1020 ,
868 954 1020 1009 δυσὶν
1060 954 1286 1009 ἁλύσεσι
1336 955 1618 1027 δεδεμένον
1671 956 1795 1009 ἰδεῖν
1834 955 2045 1009 Παῦλον

369 1042 825 1115 δημηγοροῦντα;
875 1042 991 1103 πῶς
1027 1043 1129 1096 οὐκ
1157 1042 1433 1115 ἐταράχθη
1457 1082 1471 1108 ,
1507 1043 1624 1108 πῶς
1652 1045 1715 1097 οὐ
1751 1043 2042 1115 συνεχύθη,

369 1132 624 1193 τοσοῦτον
661 1131 831 1203 δῆμον
873 1131 1402 1203 ἐκπεπολεμωμένον
1448 1131 1590 1202 όρῶν
1636 1132 1730 1185 τοῦ
1783 1131 2047 1203 ἄρχοντος

369 1217 675 1287 ἐφεστῶτος
695 1235 709 1285 ;
739 1218 1009 1291 Πρότερον
1028 1218 1338 1289 ἀπέστησεν
1359 1219 1558 1283 αὐτοὺς
1581 1218 1675 1273 τοῦ
1703 1217 1900 1290 θυμοῦ,
1927 1216 2046 1274 εἶτα

369 1294 692 1375 διαλέγεται·
726 1304 820 1360 καὶ
861 1306 962 1377 ὅρα
1000 1306 1118 1369 πῶς
1160 1306 1458 1377 φρονίμως.
1510 1307 1688 1378 Ὅπερ
1730 1306 1840 1378 γάρ
1881 1308 1939 1359 ἐν
1978 1310 2045 1379 τῇ

371 1391 511 1462 πρὸς
549 1386 838 1462 Ἐϐραίους
866 1389 1123 1461 ἐπιστολῇ
1157 1392 1403 1461 ἐποίησε,
1451 1388 1610 1444 τοῦτο
1640 1391 1734 1445 καὶ
1773 1390 2006 1445 ἐνταῦθα
2028 1409 2041 1421 ·

371 1480 586 1552 πρῶτον
608 1481 685 1551 τῇ,
707 1479 998 1550 συγγενείᾳ
1024 1479 1122 1548 τῆς
1145 1480 1330 1551 φωνῆς
1354 1480 1552 1544 αὐτοὺς
1575 1482 1896 1535 ἐπισπᾶται·
1924 1475 2045 1533 εἶτα

372 1566 522 1638 αὐτῷ
560 1567 637 1637 τῷ
669 1565 890 1639 ἡμέρῳ·
916 1566 996 1620 διὸ
1026 1567 1119 1621 καὶ
1150 1566 1309 1620 τοῦτο
1335 1567 1512 1638 δηλῶν
1546 1568 1761 1636 ἐπάγει·
1797 1566 2044 1634 Πολλῆς

374 1654 445 1708 δὲ
513 1653 690 1723 σιγῆς
748 1654 1113 1724 γενομένης,
1172 1654 1645 1724 προσεφώνησε,
1723 1654 1893 1727 φησὶ,
1968 1653 2043 1725 τῇ

388 1741 639 1810 Ἐϐραΐδι
671 1741 960 1807 διαλέκτῳ
991 1742 1186 1813 λέγων
1204 1760 1217 1773 ·
1251 1743 1493 1812 Ἄνδρες
1521 1742 1772 1812 ἀδελφοὶ
1798 1741 1897 1796 καὶ
1931 1758 2043 1797 πα-

376 1831 562 1897 τέρες,
589 1828 889 1884 ἀκούσατέ
907 1848 1027 1899 μου
1054 1828 1163 1897 τῆς
1184 1822 1336 1899 πρὸς
1366 1830 1523 1900 ὑμᾶς
1550 1835 1668 1885 νῦν
1687 1831 2041 1901 ἀπολογίας.

376 1918 516 1987 Ὅρα
555 1917 649 1970 καὶ
697 1917 988 1983 κολακείας
1034 1918 1455 1990 ἀπηλλαγμένον
1498 1918 1594 1974 τὸν
1637 1918 1798 1989 λόγον
1844 1918 1941 1974 καὶ
1984 1919 2045 1975 τὸ

370 2005 614 2069 ἐπιεικὲς
646 2006 859 2077 ἔχοντα.
901 2007 975 2061 Οὐ
1020 2007 1127 2079 γάρ
1167 2002 1310 2074 εἷπε,
1350 2008 1640 2074 Δεσπόται,
1673 2009 1794 2064 ούδέ
1824 2008 2042 2082 Κύριοι,

370 2092 527 2156 ἀλλά,
568 2092 839 2162 Ἀδελφοί
856 2111 870 2124 ·
898 2092 926 2147 ὃ
962 2093 1197 2165 μάλιστα
1224 2094 1473 2160 ἐπόθουν,
1507 2095 1639 2149 ὡσεὶ
1676 2095 1862 2166 ἔλεγεν
1886 2113 1900 2130 ·
1929 2097 2044 2151 Οὐκ

370 2182 651 2254 ἀλλότριος
677 2182 831 2251 ὑμῶν
864 2183 996 2253 ἐγὼ,
1026 2184 1146 2240 ούδέ
1170 2185 1292 2239 καθ’
1315 2186 1488 2257 ὑμῶν.
1524 2186 1766 2256 Ἄνδρες
1789 2187 2045 2259 ἀδελφοὶ

368 2270 467 2324 καὶ
500 2271 773 2339 πατέρες,
805 2272 958 2341 φησί.
1002 2271 1174 2325 Τοῦτο
1201 2272 1403 2343 τιμῆς,
1444 2273 1623 2329 ἐκεῖνο
1663 2274 2041 2347 γνησιότητος.

374 2356 523 2429 [552]
561 2357 889 2414 Ἀκούσατέ
915 2376 1033 2429 μου
1057 2359 1166 2429 τῆς
1192 2359 1342 2428 πρὸς
1362 2358 1518 2431 ὑμᾶς
1548 2362 1667 2417 νῦν
1690 2362 2039 2433 ἀπολογίας.

369 2446 486 2500 υύκ
515 2441 657 2512 εἷπε,
690 2447 1071 2512 Διδασκαλίας,
1096 2447 1214 2502 ούδέ
1239 2489 1253 2513 ,
1283 2449 1656 2522 Δημηγορίας,
1688 2450 1844 2515 ἀλλὰ,
1889 2452 2049 2506 Ἀπο⁸

368 2534 580 2603 λογίας
600 2549 611 2563 ·
642 2533 702 2587 ἐν
729 2534 881 2601 τάξει
909 2535 1088 2589 ἱκέτου
1115 2535 1305 2589 ἐαυτὸν
1338 2535 1682 2607 καθίστησιν.
1721 2537 2041 2593 Ἀκούσαν-

368 2637 468 2686 τες
491 2619 581 2687 δὲ,
607 2620 696 2674 ὅτι
720 2620 792 2689 τῇ
828 2621 1084 2690 Ἐϐραΐδι
1103 2621 1397 2688 διαλέκτῳ
1425 2624 1795 2693 προσεφώνει
1814 2624 2040 2691 αὐτοῖς,

368 2706 607 2772 μᾶλλον
638 2708 950 2777 παρέσχον
987 2709 1276 2778 ἡσυχίαν.
1321 2711 1484 2782 Ὁρᾷς
1503 2751 1519 2776 .
1548 2712 1666 2776 πῶς
1698 2711 1897 2776 αὐτοὺς
1928 2706 2043 2767 εἷλε

369 2796 432 2851 τὺ
462 2795 786 2867 ὁμόφωνον;
820 2792 966 2867 εῐχον
997 2797 1106 2868 γάρ
1150 2814 1271 2851 τινα
1313 2797 1451 2851 αἰδῶ
1484 2798 1622 2870 πρὸς
1659 2800 1759 2869 τὴν
1796 2799 2042 2870 γλῶτταν

269 2934 273 2938 ,
369 2885 606 2956 ἐκείνην.
645 2884 790 2955 Ὅρα
818 2884 875 2938 δέ
907 2886 1002 2938 καὶ
1039 2885 1158 2949 πῶς
1200 2885 1542 2956 προοδοποιεῖ
1573 2886 1651 2957 τῷ
1688 2886 1832 2959 λόγῳ
1870 2887 2042 2954 οὕτως

370 2973 672 3044 ἀρχόμενος
702 2973 795 3026 καὶ
829 2972 1034 3042 λέγων·
1072 2972 1221 3043 Ἐγὼ
1243 2972 1364 3043 μέν
1389 2977 1506 3045 εἰμι
1533 2974 1692 3044 ἀνὴρ
1730 2975 2040 3047 Ἰουδαῖος,

371 3060 803 3132 γεγεννημένος
833 3061 902 3115 ἐν
947 3060 1158 3128 Ταρσῷ
1189 3060 1299 3130 τῆς
1340 3064 1643 3130 Κιλικίας,
1679 3064 2045 3136 ἀνατεθραμ-

364 3148 549 3217 μένος
576 3149 647 3203 ἑν
670 3146 745 3217 τῇ
780 3148 955 3203 πόλει
980 3149 1167 3217 ταύτῃ
1194 3149 1354 3217 παρὰ
1386 3150 1529 3217 τοὺς
1556 3151 1748 3219 πόδας
1777 3155 2043 3224 Γαμαλι-

370 3239 546 3306 ήλου,
563 3235 1038 3306 πεπαιδευμένος
1055 3236 1124 3291 δὲ
1144 3236 1293 3293 κατὰ
1318 3238 1624 3307 ἀκρίϐειαν
1642 3239 1748 3294 τοῦ
1771 3241 2043 3310 πατρῴου

369 3325 578 3393 νόμου.
618 3322 883 3394 ζηλωτὴς
917 3324 1206 3396 ὑπάρχων
1237 3326 1345 3383 τοῦ
1376 3328 1557 3394 Θεοῦ,
1590 3328 1785 3396 καθὼς
1818 3330 2044 3400 πάντες

368 3411 538 3480 ὑμεῖς
553 3412 695 3466 ἐστε
716 3411 1001 3482 σήμερον.
1039 3412 1187 3483 Ἐγὼ
1202 3414 1319 3483 μέν
1342 3416 1482 3483 είμι,
1503 3415 1689 3487 φησὶν,
1717 3417 1873 3487 ἀνὴρ
1906 3420 2045 3474 Ἰου-

368 3498 555 3565 δαῖος·
586 3498 615 3552 ὃ
642 3499 879 3570 μάλιστα
910 3499 1129 3554 πάντων
1152 3500 1379 3556 ἐπόθουν
1400 3502 1652 3558 ἀκοῦσαι.
1681 3507 2043 3577 Γεγεννημέ-

368 3607 476 3654 νος
506 3590 576 3643 ἐν
609 3587 813 3658 Ταρσῷ
852 3588 963 3659 τῆς
987 3590 1281 3659 Κιλικίας.
1312 3591 1431 3646 Ἵνα
1464 3592 1540 3665 μὴ
1582 3593 1745 3648 πάλιν
1777 3594 2042 3665 νομίσωσι

367 3676 430 3730 τὸ
466 3675 616 3741 ἔθνος
646 3677 802 3741 ἀλλο,
830 3678 929 3750 τὴν
964 3677 1263 3750 θρησκείαν
1306 3681 1605 3750 ἐπήγαγεν.
1658 3683 2039 3754 Ἄνατεθραμ-

366 3760 546 3833 μένος
582 3764 650 3818 δὲ
684 3766 755 3819 ἐν
784 3764 861 3835 τῇ
894 3766 1069 3821 πόλει
1102 3768 1309 3836 ταύτῃ.
1342 3768 1455 3838 Τὴν
1486 3768 1685 3842 πολλὴν
1724 3770 1890 3825 αὐτοῦ
1930 3771 2040 3825 δεί-

370 3870 528 3907 κνυσι
560 3853 795 3926 σπουδὴν
823 3853 922 3926 τὴν
956 3856 1083 3925 περὶ
1107 3855 1204 3926 τὴν
1232 3856 1511 3930 λατρείαν,
1537 3860 1670 3913 ὅπου
1701 3876 1768 3929 γε
1815 3861 1911 3914 καὶ
1944 3879 2042 3914 πα-

370 3941 525 4012 τρίδα
563 3941 897 4014 τηλικαύτην
940 3944 1100 4013 ἀφεὶς
1131 3944 1384 4000 τοσοῦτον
1413 3947 1764 4017 ἀφεστῶσαν,
1806 3948 2043 4004 ἐνταῦθα

369 4029 544 4083 εἵλετο
567 4030 841 4101 τραφῆναι
874 4030 962 4086 διὰ
987 4031 1080 4085 τὸν
1108 4033 1293 4103 νόμον.
1323 4034 1467 4107 Ὅρα
1495 4035 1611 4099 πῶς
1633 4035 1838 4091 ἀνωθεν
1872 4055 2042 4110 προσ-

370 4120 482 4188 εῖχε
520 4118 598 4188 τῷ
626 4118 795 4190 νόμῳ.
828 4118 1015 4173 Ταῦτα
1042 4119 1100 4173 δὲ
1127 4122 1189 4173 οὐ
1221 4121 1359 4192 πρὸς
1385 4122 1626 4187 ἐκείνους
1665 4124 2040 4196 ἀπολογούμεο-
2068 4112 2071 4115 ’

368 4223 460 4270 νος
503 4206 663 4277 μόνον
711 4207 908 4278 φησὶν,
956 4207 1091 4263 ἀλλά
1140 4209 1376 4275 δεικνὺς,
1424 4210 1509 4264 ὅτι
1560 4212 1662 4266 οὐκ
1712 4212 2041 4286 ἀνθρωπίνῳ

370 4293 559 4364 σκοπῷ
590 4292 728 4365 πρὸς
766 4293 829 4347 τὸ
856 4294 1122 4367 κήρυγμα
1149 4296 1313 4368 ἤχθη,
1349 4297 1486 4352 ἀλλά
1520 4298 1643 4371 θείᾳ
1675 4298 1943 4372 δυνάμει·
1978 4301 2037 4354 οὐ

367 4381 479 4452 γὰρ
520 4381 588 4436 ἂν
632 4381 776 4436 οὕτω
809 4383 1243 4455 πεπαιδευμένος
1287 4383 1483 4457 ἀθρόον
1521 4387 1781 4460 μετέστη.
1824 4389 1889 4443 El
1941 4389 2041 4460 μὲν

368 4469 478 4541 γὰρ
501 4465 569 4542 ἦν
597 4486 682 4534 τις
707 4469 815 4524 τῶν
849 4470 1059 4525 πολλῶν
1079 4514 1094 4537 ,
1129 4473 1275 4537 είκὸς
1302 4468 1370 4545 ἦν
1397 4474 1555 4527 τοῦτο
1587 4475 1957 4532 ὑποπτεῦσαι·
1991 4478 2040 4530 εἰ

366 4557 425 4611 δέ
463 4556 571 4611 τῶν
624 4556 858 4629 μάλιστα
894 4559 1116 4615 πάντων
1145 4561 1524 4633 κατεχομένων
1557 4561 1664 4616 ὑπὸ
1708 4562 1805 4617 τοῦ
1848 4564 2038 4636 νόμου,

369 4647 471 4700 οὐκ
494 4641 563 4717 ἦν
593 4646 743 4711 είκδς
771 4647 958 4712 ἁπλῶς
988 4648 1082 4703 καὶ
1118 4648 1377 4721 οὐδεμιᾶς
1414 4650 1661 4719 ἀνάγκης
1697 4653 1928 4724 ἰσχυρᾶς
1959 4653 2043 4707 οὗ·

375 4748 474 4802 σης
503 4732 828 4802 μεταθέσθαι
870 4734 1053 4789 αὐτόν.
1096 4735 1234 4789 Ἀλλ’
1281 4736 1413 4800 ἴσως
1451 4738 1596 4790 εῖποι
1633 4755 1717 4803 τις
1750 4738 1836 4792 ἀν·
1877 4740 2042 4795 Οὐδὲν

374 4818 529 4873 τοῦτο
558 4823 724 4886 ποιεῖ,
751 4822 834 4875 ὃτι
865 4822 1098 4877 ἐνταῦθα
1131 4823 1432 4895 ἀνετράφη·
1466 4825 1520 4878 τί
1549 4825 1659 4898 γὰρ
1686 4828 1736 4880 εί
1768 4828 1910 4883 κατά
1937 4832 2040 4901 ἐμ·-

379 4907 626 4979 πορίανῆ
656 4911 778 4964 κατ’
801 4909 969 4981 ἀλλην
999 4911 1122 4966 τινά
1151 4912 1330 4968 αἰτίαν
1365 4913 1595 4968 ἐνταῦθα
1623 4915 1892 4985 γέγονας;
1922 4920 2040 4972 Ἵνα

374 4994 552 5048 τοίνυν
582 4996 652 5068 μὴ
681 4996 770 5051 διά
801 4996 959 5053 τοῦτο
984 4999 1241 5071 νομισθῇ,
1268 5002 1537 5072 ἐπήγαγε,
1571 5003 1735 5073 Παρὰ
1763 5005 1902 5072 τοὺς
1932 5007 2039 5060 πό-

369 5081 485 5148 δας
519 5084 911 5154 Γαμαλιήλου
930 5102 945 5117 ·
986 5087 1082 5141 καὶ⁵
1116 5089 1215 5158 οὐχ
1246 5089 1433 5154 ἁπλῶς
1474 5089 1597 5144 εἷπε
1619 5131 1633 5154 ,
1664 5092 1824 5165 Παρά
1857 5094 2041 5165 Γαμα-

369 5169 552 5238 λιήλου
572 5211 587 5235 ,
613 5172 769 5239 ἀλλά,
806 5174 973 5240 Παρὰ
1007 5174 1148 5239 τοὺς
1181 5175 1373 5244 πόδας
1397 5219 1411 5243 ,
1444 5177 1545 5248 τὴν
1579 5181 1909 5252 καρτερίαν,
1943 5183 2041 5250 τὴν

368 5259 729 5331 προσεδρείαν
748 5301 763 5323 ,
790 5261 891 5332 τὴν
924 5262 1158 5333 σπουδὴν
1182 5262 1281 5336 τὴν
1319 5264 1447 5336 περὶ
1469 5266 1570 5337 τὴν
1601 5267 1902 5340 ἀκρόασιν,
1942 5269 2042 5341 τὴν

367 5343 572 5417 πολλὴν
601 5347 738 5418 πρὸς
776 5348 868 5400 τὸν
906 5347 1076 5421 ἄνδρα
1116 5349 1250 5403 αἰδῶ
1276 5350 1514 5415 δεικνύς.
1558 5354 2040 5424 Πεπαιδευμένος

369 5433 522 5486 κατὰ
538 5433 845 5500 ἀκρίϐειαν
864 5435 969 5490 τοῦ
989 5434 1262 5505 πατρῴου
1283 5440 1495 5509 νόμου.
1511 5440 1621 5512 Οὐχ
1645 5441 1830 5507 ἁπλῶς
1849 5443 2037 5515 νόμου,

368 5519 506 5575 ἀλλά
560 5521 672 5576 Τοῦ
717 5522 994 5591 πατρῴου
1033 5526 1391 5597 προστίθησι·
1439 5527 1654 5593 δεικνὺς
1707 5530 1790 5584 ὅτι
1833 5531 2039 5586 ἀνωθεν

365 5607 609 5673 τοιοῦτος
631 5604 721 5680 ἦν,
759 5612 855 5665 καὶ
883 5611 982 5682 οὐχ
1013 5612 1202 5676 ἅπλῶς
1233 5613 1391 5678 εἰδὼς
1415 5615 1507 5668 τὸν
1538 5615 1721 5687 νόμον.
1756 5618 1941 5674 Ταῦτα
1982 5621 2040 5674 δὲ

367 5695 518 5751 δοκεῖ
549 5695 649 5767 μέν
679 5698 819 5769 ὑπὲρ
849 5698 1071 5753 ἐκείνων
1105 5699 1398 5768 λέγεσθαι,
1431 5704 1550 5756 κατ’
1583 5704 1806 5758 ἐκείνων
1850 5706 1906 5759 δέ
1946 5697 2033 5772 ἦν,

368 5783 423 5835 εἴ
454 5800 517 5852 γε
546 5785 640 5839 καὶ¹
668 5783 822 5849 είδὼς
849 5787 1012 5840 αὑτὸν
1044 5786 1246 5842 εἴασεν.
1295 5785 1427 5842 Εἶτα
1453 5830 1466 5854 ,
1518 5789 1603 5842 ἵνα
1635 5790 1710 5863 μὴ
1750 5792 1910 5846 πάλιν
1955 5812 2036 5860 τις

430 5920 602 5984 'Hec,
638 5924 970 5987 ἐπιτρέψαντος
1008 5929 1059 5976 δέ
1090 5927 1257 5989 αὐτοῦ,
1303 5932 1331 5980 ὁ
1372 5929 1582 5992 Παῦλος,
1625 5945 1752 5982 unus
1797 5946 1892 5985 non
1942 5936 2029 5988 ha-

414 5999 483 6029 Cl.

414 5999 440 6029 ι·
474 6020 483 6029 .

376 5981 411 6033 b
448 5992 468 6032 ι
695 6076 963 6135 ΡΑτιιοι.
1014 6073 1131 6134 Gn.
1181 6071 1312 6136 LX.

1422 312 1490 368 IN
1527 310 1709 368 ACTA
1753 308 2290 368 APOSTOLORUM.
2319 308 2553 368 ΠΟΜΙΙ...
2587 309 2798 367 XLVII.

3721 306 3827 361 3'28

2153 431 2443 504 ἐπενέγκῃ·
2487 432 2540 485 τί
2564 423 2680 494 οὖν,
2710 430 2760 483 εί
2791 423 2938 492 οἶδας
2970 426 3069 498 μὲν
3095 425 3337 497 ἀκριϐῶς
3369 425 3459 479 τὸν
3497 425 3657 499 νόμον
3677 466 3692 491 ,
3726 425 3828 479 οὐκ

2153 518 2389 583 ἐκδικεῖς
2427 518 2485 573 δέ
2526 517 2649 572 οὐδὲ
2675 517 2882 586 φιλεῖς;
2920 514 3240 584 Ζηλωτὴς,
3274 512 3438 585 φησὶν
3457 553 3472 578 ,
3500 513 3788 583 ὑπάρχων
3812 530 3825 546 ·

2150 606 2456 668 τουτέστιν,
2502 607 2600 676 οὐχ
2631 604 2816 669 ἅπλῶς
2860 601 3049 668 εἰδὼς,
3096 602 3231 657 ἀλλά
3268 602 3364 657 καὶ
3403 602 3609 674 σφόδρα
3650 600 3829 671 ζηλῶν

2153 696 2291 765 ὑπὲρ
2320 694 2509 750 αὐτοῦ.
2541 689 2698 759 Εἶτα,
2730 692 2920 763 ἐπειδὴ
2953 691 3169 761 μεγάλα
3207 693 3338 761 περὶ
3367 691 3533 746 αὐτοῦ
3579 689 3830 762 ἐγκώμια

2151 779 2292 844 εἷπε,
2322 783 2493 836 κοινοῖ
2531 780 2625 836 τὸν
2661 780 2819 850 λόγον
2845 777 3051 843 λοιπὸν,
3085 778 3309 849 ἐπάγων
3330 818 3344 842 ,
3370 777 3577 845 Καθὼς
3605 777 3832 844 πάντες

2150 869 2320 939 ὑμεῖς
2351 871 2494 924 ἐστε
2525 867 2813 939 σήμερον.
2849 867 3103 921 Δείκνυσι
3125 866 3235 937 γὰρ
3263 865 3459 929 αὐτοὺς
3496 866 3598 919 οὐκ
3626 863 3832 934 ἀνθρωο

2154 957 2294 1029 πίνῳ
2317 955 2504 1029 σκοπῷ
2532 956 2841 1021 ποιοῦντας,
2872 954 3009 1010 ἀλλά
3035 951 3181 1026 ζήλῳ
3206 952 3356 1022 θείῳ.
3386 952 3556 1006 Τοῦτο
3575 952 3630 1007 δέ
3657 952 3828 1022 λέγει,

2152 1038 2512 1118 χαριζόμενος
2558 1045 2742 1110 αὐτοῖς
2787 1044 2885 1098 καὶ
2931 1041 3479 1114 προκαταλαμϐάνων
3523 1041 3701 1095 αὐτῶν
3733 1039 3830 1111 τὴν

2152 1134 2413 1198 διάνοιαν,
2449 1133 2543 1187 καὶ
2573 1134 2821 1204 κατέχων
2849 1135 2907 1186 ἐν
2932 1126 3014 1195 οἷς
3046 1130 3243 1202 βλάϐος
3271 1130 3424 1183 οὐδὲν
3451 1125 3540 1201 ἦν.
3573 1124 3706 1182 Εἶτα
3736 1127 3832 1181 καὶ

2152 1222 2431 1293 τεκμήρια
2494 1221 2767 1293 παράγει,
2829 1220 3020 1288 λέγων·
3085 1220 3193 1285 Ὃς
3242 1219 3470 1287 ταύτην
3523 1216 3641 1285 τὴν
3688 1216 3833 1271 ὀδόν

2149 1307 2368 1373 ἐδίωξα
2396 1308 2508 1374 ἕως
2553 1308 2835 1373 θανάτου,
2863 1307 3172 1377 δεσμεύων
3203 1304 3301 1359 καὶ
3332 1303 3701 1374 παραδιδοὺς
3744 1304 3832 1369 είς

2151 1395 2428 1463 φυλακὰς
2450 1393 2673 1465 ἄνδρας
2693 1413 2757 1450 τε
2781 1395 2879 1449 καὶ
2906 1393 3221 1463 γυναῖκας,
3245 1393 3325 1457 ὡς
3345 1391 3441 1445 καὶ
3469 1394 3504 1446 ό
3522 1390 3828 1459 ἀρχιερεὺς

2145 1483 2438 1554 μαρτυρεῖ
2455 1502 2556 1553 μοι
2576 1525 2593 1550 ,
2627 1482 2723 1537 καὶ
2748 1482 2874 1538 πᾶν
2903 1482 2970 1534 τὸ
2998 1480 3444 1550 πρεσϐυτέριον.
3484 1479 3602 1533 Ἵνα
3642 1477 3832 1549 μηδεὶς

2151 1570 2316 1645 εἴπῃ·
2356 1572 2466 1625 Καὶ
2504 1570 2667 1625 πόθεν
2695 1570 2856 1624 τοῦτο
2890 1569 3091 1640 δῆλονς
3130 1568 3421 1642 μάρτυρας
3455 1566 3696 1638 παράγει
3735 1565 3832 1619 αύι

2149 1658 2242 1712 τὸν
2269 1660 2361 1713 τὸν
2392 1659 2654 1731 ἀρχιερέα
2678 1659 2773 1714 καὶ
2797 1661 2923 1723 τοὺς
2955 1657 3383 1730 πρεσϐυτέρους.
3419 1656 3527 1710 Καὶ
3554 1654 3704 1725 λέγει
3732 1654 3832 1726 μέν

2149 1745 2376 1800 λεαίνων
2399 1786 2412 1808 .
2439 1745 2725 1814 Ζηλωτὴς
2754 1745 3041 1815 ὑπάρχων
3066 1744 3215 1818 [555]
3241 1744 3435 1810 καθὼς
3463 1743 3650 1813 ὑμεῖς,
3678 1759 3835 1796 τουτ-

2151 1834 2298 1887 ἐστιν
2320 1874 2334 1897 ,
2366 1834 2481 1898 ἴσος
2514 1835 2640 1904 ύμῖν
2660 1851 2674 1864 ·
2704 1834 2941 1889 δείκνυσι
2971 1835 3028 1888 δὲ
3067 1834 3157 1888 διά
3198 1834 3308 1887 τῶν
3331 1833 3509 1904 ἔργων
3528 1873 3542 1896 ,
3576 1833 3655 1887 ὅτι
3692 1831 3832 1903 ὑπὲρ

2150 1923 2349 1985 αὐτοὺς
2371 1917 2458 1993 ἦν.
2491 1923 2565 1977 Ού
2590 1922 2699 1994 γάρ
2735 1922 2799 1995 δὴ
2829 1922 3156 1994 περιέμενον
3188 1922 3329 1976 ὥστε
3360 1919 3667 1986 συλλαϐεῖν,
3694 1919 3831 1974 ἀλλά

2151 2013 2246 2065 καὶ
2285 2012 2411 2074 τοὺς
2439 2010 2618 2081 ἱερέας
2652 2010 2957 2082 διήγειρον,
2985 2010 3080 2064 καὶ
3118 2009 3429 2080 ἀποδημίας
3474 2009 3826 2079 ἐστελλόμην·

2151 2098 2245 2151 καὶ
2272 2096 2394 2151 οὐδὲ
2428 2098 2622 2169 μέχρις
2651 2097 2862 2169 ἀνδρῶν
2893 2098 3134 2170 ἐχώρουν
3169 2097 3423 2170 καθάπερ
3464 2098 3655 2168 ὑμεῖς,
3694 2096 3833 2152 ἁλλά

2150 2187 2245 2240 καὶ
2264 2186 2559 2255 γυναικῶν·
2585 2186 2680 2241 καὶ
2695 2186 2976 2257 δεσμεύων
3004 2186 3239 2252 πάντας,
3270 2187 3365 2241 καὶ
3384 2186 3463 2250 είς
3480 2186 3832 2257 δεσμωτήρια

2151 2275 2456 2344 ἐμϐάλλων.
2500 2275 3013 2348 ’Δναμφισϐήτητος
3043 2277 3077 2348 ή
3113 2275 3412 2348 μαρτυρία,
3448 2273 3832 2344 ἀναπολόγητα

2149 2363 2220 2416 τὰ
2263 2363 2371 2418 τῶν
2412 2362 2702 2419 Ἰουδαίων.
2743 2363 2886 2435 Ὅρα
2918 2364 3119 2427 πόσους
3152 2364 3392 2435 παράγει
3437 2362 3741 2436 μάρτυρας,
3771 2362 3833 2416 τὸ

2151 2448 2568 2521 πρεσϐυτέριον,
2596 2449 2689 2503 τὸν
2718 2450 2999 2522 ἀρχιερέα,
3038 2452 3165 2513 τοὺς
3192 2453 3249 2505 ἐν
3274 2454 3340 2523 τῇ
3372 2450 3546 2506 πόλει.

2224 2536 2289 2607 β’.
2328 2537 2502 2592 Βλέπε
2522 2538 2579 2591 δέ
2596 2537 2760 2591 αὐτοῦ
2785 2539 2878 2592 καὶ
2890 2538 2989 2610 τὴν
3008 2538 3301 2606 ἀπολογίαν
3322 2540 3384 2592 ού
3412 2539 3613 2602 δειλίας
3641 2534 3830 2604 οὖσαν,

2150 2625 2287 2679 ἀλλά
2323 2625 2670 2689 διδασκαλίας
2714 2625 2914 2696 μᾶλλον
2952 2625 3046 2678 καὶ
3083 2627 3466 2696 κατηχήσεως.
3516 2627 3578 2680 Εἰ
3611 2626 3719 2697 γάρ
3754 2626 3830 2698 μὴ

2149 2712 2288 2766 λίθοι
2319 2707 2459 2783 ἦσαν
2486 2714 2534 2766 οἱ
2559 2712 2874 2778 ἀκούοντες,
2911 2714 3202 2784 προσεῖχον
3243 2713 3309 2767 ἀν
3337 2715 3449 2778 τοῖς
3484 2713 3827 2784 λεγομένοις.

2150 2801 2328 2871 Μέχρι
2349 2800 2459 2873 γὰρ
2479 2799 2667 2854 τούτου
2701 2799 2989 2873 μάρτυρας
3035 2794 3181 2871 εῖχεν
3214 2800 3436 2864 αὐτοὺς,
3466 2799 3537 2854 τά
3576 2801 3633 2855 δέ
3665 2800 3832 2857 λοιπά

2150 2891 2467 2962 ἀμάρτυρα.
2495 2888 2636 2958 Hap‘
2675 2882 2763 2943 ὧν
2788 2887 2884 2941 καὶ
2923 2888 3253 2954 ἐπιστολὰς
3284 2887 3635 2958 δεξάμενος,
3679 2889 3831 2957 πρὸς

2150 2973 2293 3040 τοὺς
2313 2972 2616 3043 ἀδελφοὺς
2647 2974 2733 3039 είς
2763 2972 3085 3041 Δαμασκὸν
3121 2972 3515 3041 ἐπορευόμην,
3544 2972 3707 3037 ἄξων
3730 2972 3830 3027 καὶ

2150 3061 2292 3130 τοὺς
2310 3060 2513 3115 ἐκεῖσε
2553 3059 2735 3127 ὄντας
2772 3057 3130 3128 δεδεμένους
3161 3060 3247 3125 είς
3279 3056 3697 3127 Ἰερουσαλὴμ,
3728 3058 3830 3111 ἵνα

2150 3149 2585 3221 τιμωρηθῶσιν.
2625 3148 2895 3218 Ἐγένετο
2915 3145 2983 3200 δὲ
3020 3145 3399 3216 πορευομένῳ
3420 3163 3523 3215 μοι
3557 3144 3655 3199 καὶ
3676 3145 3831 3215 ἐγγί-

2151 3238 2306 3300 ζοντι
2332 3234 2408 3307 τῇ
2436 3234 2749 3307 Δαμασκῷ,
2820 3232 2955 3304 περὶ
3002 3234 3386 3305 μεσημϐρίαν
3441 3232 3732 3302 ἐξαίφνης
3760 3233 3829 3291 ἐκ

2149 3327 2257 3382 τοῦ
2283 3325 2543 3398 οὐρανοῦ
2599 3321 3046 3392 περιαστράψαι
3095 3319 3221 3393 φῶς
3274 3321 3485 3377 ἱκανὸν
3533 3321 3665 3391 περὶ
3702 3321 3828 3391 ἐμὲ,

2150 3415 2378 3470 ἔπεσόν
2405 3431 2470 3468 τε
2494 3415 2582 3485 εἰς
2614 3412 2680 3466 τό
2717 3411 2964 3480 ἔδαφος,
2994 3411 3092 3465 καὶ
3129 3409 3361 3479 ἤκουον
3391 3407 3599 3480 φωνῆς
3619 3410 3832 3480 λεγούν

2148 3519 2268 3573 σης
2308 3520 2445 3574 μοι·
2485 3502 2709 3565 Σαοὺλ,
2763 3499 2984 3566 Σαοὺλ,
3030 3499 3090 3553 τί
3127 3516 3199 3565 με
3249 3498 3517 3564 διώκεις;
3558 3497 3707 3568 Ἐγὼ
3763 3497 3832 3551 δὲ

2148 3591 2511 3660 ἀπεκρίθην·
2548 3590 2643 3654 Τίς
2688 3585 2760 3653 εἴ,
2800 3588 3011 3655 Κὺριε;
3068 3582 3217 3641 Εἷπέ
3249 3602 3314 3640 τε
3342 3588 3494 3654 πρός
3513 3602 3593 3655 με
3621 3602 3636 3615 ·
3686 3584 3831 3652 Ἐγώ

2148 3681 2265 3748 ειμι
2298 3677 2542 3747 Ἰησοῦς
2570 3680 2604 3732 ὁ
2644 3674 3003 3743 Ναζωραῖος,
3058 3674 3131 3728 ὃν
3161 3673 3244 3729 σὺ
3290 3671 3540 3740 διώκεις.
3576 3672 3829 3728 Μάλιστα

2152 3767 2251 3838 μὲν
2290 3761 2383 3821 οὖν
2416 3763 2719 3820 καὶταῦτα
2764 3760 3204 3828 ἀξιόπιστα’έδει
3256 3756 3393 3815 εἶναι
3416 3760 3525 3815 ἀπὸ
3557 3760 3666 3814 τῶν
3694 3776 3829 3830 προ-

2147 3855 2423 3910 λαϐόντων
2453 3869 2467 3882 ·
2495 3853 2555 3906 ού
2592 3853 2700 3923 γὰρ
2732 3851 2797 3906 ἂν
2827 3850 3198 3923 μετεστράφη.
3232 3848 3298 3903 Τί
3325 3846 3437 3915 οὖν,
3461 3850 3509 3902 εί
3531 3847 3824 3919 κομπάζει;

2148 3942 2343 4012 φησίν;
2373 3940 2639 4011 Οὐδαμῶς
2667 3939 2715 3991 b.
2751 3937 2847 3991 Διά
2887 3936 2943 3990 τί
2992 3935 3102 4009 γάρ
3157 3935 3411 3991 τοσοῦτον
3452 3935 3712 4006 ἐξαίφνης
3735 3935 3827 4008 E9-

2152 4030 2275 4103 ριψε
2305 4029 2466 4102 ζῆλον
2494 4047 2508 4095 ;
2538 4028 2657 4082 εἰπέ
2688 4045 2798 4099 μοι.
2836 4025 3015 4099 Τιμὴν
3046 4025 3401 4098 προσδοκῶν;
3442 4024 3554 4079 Καὶ
3584 4025 3690 4096 μὴν
3727 4028 3823 4079 τάν

2150 4120 2339 4173 ναντία
2374 4117 2668 4186 ὑπέμεινεν
2699 4131 2712 4144 ·
2755 4115 2883 4170 ἀλλ’
2937 4113 3150 4179 ἄνεσιν;
3198 4112 3336 4167 Ούδέ
3372 4111 3531 4166 τοῦτο
3554 4129 3568 4144 ·
3595 4112 3732 4167 ἀλλά
3771 4113 3826 4166 τί

2148 4209 2372 4280 ἕτερονς
2431 4205 2582 4258 Ἀλλ’
2629 4203 2782 4257 οὐδὲν
2848 4201 2957 4256 ἀπὺ
3004 4201 3281 4271 λογισμῶν
3337 4201 3518 4272 εὑρεῖν
3577 4200 3823 4257 δυνατόν.

2148 4295 2334 4349 Ταῦτα
2385 4293 2564 4348 τοίνυν
2611 4290 2771 4362 ἀφεὶς
2811 4290 2996 4354 αὐτοῖς
3046 4289 3363 4358 συλλέγειν,
3418 4288 3484 4342 τὰ
3525 4288 3828 4359 πράγματα

2146 4386 2433 4457 διηγεῖται.
2483 4381 2804 4454 Ἐ’γγιίζοντί
2826 4399 2952 4451 μοι,
3005 4383 3163 4453 φησὶ,
3219 4379 3293 4449 τῇ
3346 4379 3658 4449 Δαμασκῷ,
3687 4383 3825 4450 περὶ

2147 4473 2521 4547 μεσημδρίαν
2541 4470 2835 4540 ἐξαίφνης
2860 4470 2929 4524 ἐκ
2953 4469 3060 4523 τοῦ
3094 4467 3356 4537 οὐρανοῦ
3383 4468 3827 4538 περιαστράψαι

2147 4562 2272 4634 φῶς
2300 4561 2511 4618 ἱκανὸν
2536 4560 2668 4627 περὶ
2693 4558 2818 4628 ἐμὲ,
2852 4558 3082 4612 ἔπεσόν
3108 4574 3171 4611 τε
3202 4559 3290 4622 είς
3317 4557 3386 4610 τὸ
3410 4557 3654 4626 ἔδαφος.
3681 4557 3826 4630 Ὅρα

2148 4651 2290 4722 πόση
2315 4651 2349 4722 ὴ
2375 4647 2651 4720 ὑπερϐολὴ
2690 4645 2786 4700 τοῦ
2827 4644 3027 4716 φωτός.
3066 4645 3178 4699 Καὶ
3226 4645 3307 4698 ὅτι
3346 4645 3408 4698 οὐ
3456 4643 3750 4714 κομπάζω,
3774 4646 3826 4699 οἱ

2149 4740 2402 4803 συνόντες
2434 4733 2822 4809 μαρτυροῦσιν.
2880 4735 2928 4788 οί
2980 4732 3478 4804 χειραγωγοῦντες,
3530 4735 3578 4786 οἱ
3615 4733 3677 4786 τὸ
3710 4733 3827 4802 φῶς

2148 4828 2493 4898 θεασάμενοι.
2530 4827 2594 4880 Ol
2628 4822 2697 4878 δὲ
2726 4822 2850 4879 σὺν
2884 4822 3016 4892 ἐμοὶ
3062 4821 3234 4887 ὄντες
3269 4820 3334 4874 τὸ
3362 4820 3481 4889 μὲν
3507 4818 3635 4890 φῶς
3667 4820 3826 4878 ἐθεά.

2146 4932 2357 4981 σαντο,
2401 4913 2501 4968 καὶ
2542 4911 2788 4982 ἔμφοϐοι
2839 4909 3141 4979 ἐγένοντο,
3190 4907 3308 4975 τὴν
3355 4907 3425 4962 δὲ
3470 4906 3684 4978 φωνὴν
3712 4911 3825 4963 οὑκ

2145 5004 2423 5074 ἥκουσαν
2474 5000 2583 5056 τοῦ
2631 4998 2974 5064 λαλοῦντός
3019 5014 3142 5067 μοι.
3207 4996 3393 5067 Μηδὲν
3443 4996 3710 5068 ξενισθῇς,
3773 4998 3824 5049 εί

2146 5089 2380 5144 ἐνταῦθα
2406 5087 2504 5158 μὲν
2532 5084 2727 5149 οὕτως,
2749 5083 2977 5156 ἐτέρωθι
2998 5083 3059 5138 δέ
3093 5083 3262 5152 λέγει,
3295 5085 3378 5138 ὅτι
3417 5083 3826 5148 Είστήκεισαν

2145 5177 2259 5245 τὴν
2282 5177 2398 5246 μὲν
2425 5173 2634 5245 φωνὴν
2666 5174 3012 5238 ἀκούοντες,
3054 5172 3287 5241 μηδένα
3332 5171 3401 5226 δὲ
3441 5170 3818 5239 θεωροῦντες.

2146 5267 2258 5320 Οὐκ
2278 5266 2393 5319 ἐστι
2413 5263 2573 5317 τοῦτο
2596 5261 2857 5317 ἐναντίον.
2896 5260 3079 5315 Φωναὶ
3122 5261 3232 5331 γὰρ
3253 5258 3344 5313 δύο
3365 5254 3526 5329 ἦσαν,
3545 5260 3579 5327 ή
3607 5256 3820 5310 Παύλου

2148 5354 2241 5408 καὶ
2274 5354 2307 5425 ἡ
2347 5352 2438 5407 τοῦ
2467 5352 2674 5423 Κυρίου
2704 5368 2718 5382 ·
2762 5349 2861 5421 τὴν
2894 5350 3078 5419 φωνὴν
3122 5345 3304 5401 τοίνυν
3344 5348 3460 5400 ἐκεῖ
3490 5344 3582 5399 τοῦ
3605 5344 3819 5399 Παύλου
3928 5341 3939 5352 ’

2145 5441 2316 5510 λέγει,
2345 5439 2581 5494 ἐνταῦθα
2598 5438 2657 5492 δέ
2699 5437 2794 5492 καὶ
2849 5435 3192 5507 προσέθηκεν
3236 5432 3426 5495 εἰπὼν,
3465 5431 3585 5500 Τὴν
3605 5430 3821 5500 φωνὴν

2144 5526 2255 5578 οὐκ
2282 5522 2560 5593 ἤκουσαν
2584 5519 2692 5574 τοῦ
2716 5518 3060 5583 λαλοῦντός
3078 5533 3201 5586 μοι.
3227 5512 3439 5569 Οὐκοῦν
3459 5514 3544 5580 τὸ,
3570 5511 3822 5581 Μηδένα

2146 5610 2525 5680 θεωροῦντες,
2561 5608 2622 5661 οὐ
2650 5604 2743 5660 τοῦ
2778 5606 2927 5668 ἰδεῖν,
2959 5604 3096 5659 ἀλλά
3134 5599 3229 5655 τοῦ
3265 5602 3340 5672 μὴ
3382 5600 3616 5656 ἀκοῦσαι
3647 5600 3820 5672 δηλω-

2144 5698 2486 5751 τικόνέστιν.
2527 5692 2602 5747 Οὐ
2657 5692 2767 5762 γάρ
2816 5687 2970 5744 εἶπεν
3016 5691 3098 5743 ὅτι
3143 5688 3207 5741 τὸ
3252 5688 3370 5759 φῶς
3394 5688 3496 5744 οὐκ
3540 5686 3768 5741 ἔϐλεπον
3802 5703 3817 5718 ·

2146 5785 2302 5849 ἀλλὰ,
2332 5781 2577 5852 Μηδένα
2607 5779 2968 5848 θεωροῦντες
2987 5776 3385 5846 είστήκεισαν
3400 5791 3413 5809 ·
3432 5774 3699 5842 τουτέστι,
3724 5772 3817 5829 λαο

2206 5999 2232 6038 δ
2259 5996 2493 6061 Οὐδαμῶς
2510 5994 2657 6049 deest
2685 5995 2732 6045 in
2756 5976 3060 6059 quibusdn‘m.

3207 6081 3281 6142 21
