4112 6432
280 302 385 360 3?!)

273 421 488 482 λοῦντα,
522 424 761 491 Εἰκότως
783 423 838 479 δέ
881 426 1038 481 τοῦτο
1076 427 1295 499 ἐγένετο
1335 447 1349 461 σ
1393 430 1555 485 αὑτὸν
1584 430 1695 504 γὰρ
1717 429 1824 484 ἔδει
1861 428 1963 501 τῆς

271 512 456 583 φωνῆς
479 513 884 587 καταξιωθῆναι
907 515 1142 587 ἐκείνης.
1181 517 1245 572 Εἰ
1281 518 1392 590 γάρ
1424 519 1669 591 ἥκουσαν
1692 521 1959 587 κάκεῖνοι,

266 598 371 653 οὐκ
400 601 467 655 ἂν
492 600 747 656 τοσοῦτον
800 603 1019 673 ἐγένετο
1068 607 1129 659 τὸ
1181 605 1387 679 θαῦμα.
1433 607 1652 679 Ἐπειδὴ
1694 607 1874 662 τοίνυν
1907 609 1958 662 οἰ

272 689 574 761 παχύτεροι
608 689 729 761 ὄψει
761 691 1042 747 πείθονται
1079 694 1303 765 μᾶλλον,
1324 695 1413 750 διά
1446 695 1608 750 τοῦτο
1635 697 1731 750 καὶ
1760 697 1961 751 ἐκεῖνοι

269 775 332 828 τὸ
364 776 481 845 φῶς
512 774 652 832 εἶδον
687 780 869 850 μόνον,
914 782 1053 854 ὅπερ
1106 782 1292 837 ἰκανὸν
1342 778 1412 855 ἦν
1459 784 1662 847 αὐτοὺς
1722 785 1910 838 πεῖσαι
1944 801 1957 812 ⁸

269 863 392 918 ὅθεν
414 867 509 921 καὶ
540 865 771 938 ἐμφοσοι
790 869 1274 939 γίνονται.⁹Αλλως
1286 873 1343 927 δέ
1363 872 1517 946 [⁸554]
1534 875 1594 927 οὐ
1611 875 1741 946 περὶ
1758 873 1962 938 αὐτοὺς

271 948 331 1006 τὸ
380 952 497 1024 φῶς
517 955 772 1012 τοσοῦτον
800 960 1115 1030 εἰργάσατο,
1140 961 1264 1016 ὅσον
1306 963 1434 1035 περί
1454 962 1643 1017 τοῦτον
1677 976 1697 995 ο
1728 963 1822 1017 καὶ
1849 962 1961 1035 γὰρ

271 1040 559 1112 ἐπήρωσεν
582 1045 752 1099 αὑτοῦ
778 1046 878 1111 τὰς
903 1048 1056 1119 ὄψεις
1075 1089 1091 1113 ,
1122 1048 1214 1104 διὰ
1251 1048 1362 1104 τῶν
1396 1051 1478 1115 εἰς
1509 1051 1698 1106 τοῦτον
1728 1050 1961 1122 συμϐαι-

269 1128 471 1183 νόντων
501 1132 777 1198 κάκείνοις
803 1135 1312 1208 διδοὺςάναϐλέψαι
1338 1147 1380 1204 ³,
1406 1139 1462 1193 εῖ
1480 1155 1544 1210 γε
1572 1138 1785 1210 ἤθελον.
1804 1138 1960 1210 Ἐμοὶ

269 1217 400 1285 γοῦν
425 1219 688 1277 δοκεῖκαὶ
711 1225 1075 1296 οἰκονομικῶς
1098 1227 1346 1292 ἐκείνους
1376 1229 1452 1301 μὴ
1481 1227 1793 1296 πιστεῦσαι,
1814 1227 1957 1282 ὥστε

267 1302 407 1360 εἶναι
443 1308 729 1381 μάρτυρας
745 1311 1118 1380 ἀξιοπίστους.
1146 1311 1299 1371 Εῒπέ
1325 1335 1409 1379 τε,
1448 1318 1604 1390 φησὶ,
1637 1317 1789 1389 πρὸς
1813 1317 1918 1388 ἐμέ
1938 1336 1954 1353 ο

268 1394 410 1463 Ἐγώ
439 1397 557 1467 εἰμι
595 1397 839 1466 Ἰησοῦς
865 1403 899 1455 ό
914 1399 1266 1472 Ναζωραῖος,
1286 1403 1359 1459 ὃν
1377 1405 1459 1459 σὺ
1486 1405 1737 1473 διώκεις.
1760 1404 1959 1470 Καλῶς

268 1483 360 1534 καὶ
387 1482 419 1553 ἡ
446 1483 600 1548 πόλις
629 1487 972 1557 πρόσκειται,
1004 1489 1144 1544 ῶστε
1202 1493 1502 1560 ἐπιγνῶναι
1530 1495 1747 1557 αὐτούς.
1774 1495 1886 1549 Kal
1906 1495 1956 1547 οί

267 1570 555 1628 ἀπόστολοι
577 1574 750 1640 οὕτως
796 1577 983 1648 ἔλεγον
1015 1596 1028 1610 ·
1063 1582 1315 1650 Ἰησοῦν
1359 1583 1468 1638 τὸν
1505 1584 1625 1641 ἀπὸ
1669 1582 1954 1652 Ναζαρέθ.

268 1659 433 1730 Ὅρα,
487 1661 584 1716 καὶ
633 1663 795 1729 αὐτὸς
843 1670 1133 1739 μαρτυρεῖ,
1192 1669 1276 1723 ὅτι
1333 1668 1612 1725 ἐδιώκετο.
1650 1673 1716 1725 Ol
1743 1670 1812 1725 δὲ
1832 1671 1958 1726 σὺν

266 1748 394 1818 ἐμοὶ
427 1748 600 1816 ὄντες
627 1752 693 1806 τὸ
726 1752 847 1823 μὲν
873 1752 1003 1825 φῶς
1029 1756 1378 1824 ἐθεάσαντο,
1414 1758 1514 1812 καὶ
1551 1759 1798 1829 ἔμφοϐοι
1825 1759 1954 1828 ἐγέ-

265 1854 464 1903 νοντο,
498 1840 613 1908 τὴν
646 1839 716 1895 δὲ
750 1842 963 1918 φωνὴν
996 1846 1109 1899 οὐκ
1155 1843 1441 1914 ἤκουσαν
1466 1846 1575 1901 τοῦ
1612 1846 1956 1914 λαλοῦντός

258 1944 381 1996 μοι.
436 1924 628 1983 Εἶπον
668 1930 739 1984 δέ
770 1948 784 1961 ·
826 1933 888 1985 Τί
934 1932 1193 2002 ποιήσω,
1241 1935 1453 2003 Κύριε;
1494 1935 1557 1989 Ὀ
1618 1934 1689 1988 δὲ
1736 1935 1954 2004 Κύριος

264 2010 395 2068 εἷπε
425 2015 575 2083 πρός
603 2034 682 2086 με
716 2033 731 2051 ο
788 2018 1091 2087 Ἀναστὰς
1152 2022 1414 2090 πορεύου
1462 2023 1552 2088 εἰς
1607 2022 1949 2091 Δαμασκὸν,

265 2101 441 2155 κάκεῖ
470 2118 571 2157 σοι
616 2105 1035 2173 λαληθήσεται
1090 2108 1149 2162 τί
1191 2121 1267 2162 σε
1321 2107 1415 2162 δεῖ
1448 2107 1724 2178 ποιῆσαι.
1764 2108 1863 2175 Ὠς
1884 2109 1954 2163 δὲ

262 2191 374 2244 οὐκ
403 2190 731 2246 ἐνέϐλεπον
766 2194 888 2250 ἀπὸ
938 2194 1051 2265 τῆς
1102 2195 1290 2264 δόξης
1320 2194 1428 2250 τοῦ
1458 2196 1657 2266 φωτὸς
1689 2197 1949 2263 ἐκείνου,

263 2280 810 2351 χειραγωγούμενος
835 2282 959 2338 ὑπὸ
997 2281 1118 2336 τῶν
1146 2285 1466 2339 συνόντων
1487 2302 1615 2355 μοι,
1643 2280 1838 2357 ἦλθον
1864 2288 1952 2352 εἰς

262 2370 603 2438 Δαμασκόν.
652 2370 934 2438 Ἀνανίας
964 2370 1032 2426 δέ
1057 2389 1147 2439 τις
1175 2372 1332 2443 ἀνὴρ
1357 2373 1625 2442 εὐλαϐὴς
1661 2375 1813 2430 κατὰ
1836 2376 1948 2431 τὸν

259 2460 470 2528 νόμον,
526 2459 1021 2530 μαρτυρούμενος
1066 2459 1189 2516 ὑπὸ
1223 2461 1470 2517 πάντων
1500 2461 1621 2516 τῶν
1667 2463 1738 2516 ἐν
1766 2465 1951 2534 Δαμα·

258 2545 391 2612 σκῷ
436 2547 762 2611 Ἰουδαίων,
787 2547 983 2602 ἐλθὼν
1017 2548 1168 2619 πρός
1229 2568 1309 2620 με
1372 2550 1472 2606 καὶ
1516 2551 1795 2619 ἐπιστὰς,
1818 2549 1952 2609 εἶπέ

256 2654 353 2705 μοι
389 2654 404 2669 ο
444 2635 646 2690 Σαοὺλ
695 2634 955 2706 ἀδελφέ,
1011 2635 1384 2707 ἀνάϐλεψον.
1440 2638 1614 2710 Κάγὼ
1661 2639 1819 2713 αὐτῇ
1872 2641 1951 2712 τῇ

261 2722 384 2793 ὄψῃ
406 2721 716 2793 ἀνέϐλεψα
768 2724 856 2790 είς
896 2724 1106 2779 αὐτόν.
1154 2726 1430 2793 Ε’Ῐσελθε,
1480 2727 1669 2800 φησιν,
1720 2733 1809 2799 εἰς
1832 2730 1950 2802 τὴν

259 2814 462 2877 πόλιν,
493 2812 673 2869 κάκεῖ
722 2827 824 2868 σοι
879 2814 1295 2883 λαληθήσεται
1339 2818 1399 2871 τί
1439 2830 1515 2872 σε
1548 2817 1645 2872 δεῖ
1669 2817 1944 2889 ποιῆσαι.

270 2903 401 2958 Ἰδοὺ
428 2901 591 2956 πάλιν
615 2901 773 2966 ἀλλος
805 2902 1039 2975 μάρτυς.
1069 2900 1175 2955 Kal
1202 2905 1307 2975 ὅρα
1333 2904 1452 2968 πῶς
1484 2905 1647 2960 αὐτὸν
1676 2907 1772 2961 καὶ
1801 2906 1949 2972 ἀξιό-

258 3007 448 3047 πιστον
472 2992 638 3045 ποιεῖ.
687 2991 969 3056 Ἀνανίας
1014 2987 1083 3042 δέ
1129 3005 1241 3056 τις,
1274 2991 1462 3062 φησὶν,
1491 2991 1648 3061 ἀνὴρ
1679 2993 1947 3062 εὐλαϐὴς

257 3079 410 3135 κατὰ
444 3079 554 3133 τὸν
576 3078 786 3149 νόμον,
841 3078 1336 3147 μαρτυρούμενος
1383 3079 1506 3134 ὑπὸ
1556 3079 1802 3150 πάντων
1826 3080 1948 3136 τῶν

270 3166 596 3232 Ἰουδαίων,
625 3163 923 3220 εἰσελθὼν
950 3166 1105 3234 πρός
1132 3180 1210 3234 με
1237 3164 1333 3219 καί
1356 3165 1632 3232 ἐπιστὰς,
1660 3163 1792 3222 εἶπέ
1803 3186 1907 3239 μοι
1928 3186 1941 3200 ·

272 3252 666 3322 Ἀνάϐλεψον.
745 3250 936 3316 Οὕτως
999 3251 1151 3305 οὐδὲν
1218 3251 1502 3326 ἀλλότριόν
1567 3256 1708 3312 ἐστι.
1769 3256 1946 3329 Κάγὼ

138 3418 139 3421 η
255 3340 413 3412 αὐτῇ
444 3340 519 3412 τῇ
543 3340 667 3412 ὥρᾳ
705 3341 1035 3410 ἀνέϐλεψα.
1070 3336 1206 3395 Εἶτα
1255 3342 1290 3413 ἡ
1328 3341 1420 3397 διὰ
1467 3342 1577 3399 τῶν
1600 3346 1945 3417 πραγμάτων

259 3429 558 3503 μαρτυρία.
613 3429 726 3485 Kal
770 3429 875 3502 ὅρα
939 3427 1027 3483 διὰ
1091 3427 1401 3500 προσώπων
1450 3431 1548 3486 καὶ
1596 3435 1945 3507 πραγμάτων

256 3519 426 3590 αὐτὴν
454 3518 824 3590 πλεκομένην,
846 3516 1157 3590 προσώπων
1182 3517 1402 3574 οἰκείων
1421 3536 1480 3573 τε
1504 3521 1598 3576 καὶ
1622 3521 1940 3596 ἀλλοτρίων.

258 3609 538 3683 Πρόσωπα
554 3608 584 3649 ιι
600 3609 649 3662 οἰ
680 3610 866 3680 ἱερεῖς,
885 3609 937 3662 οἱ
964 3608 1354 3681 πρεσϐύτεροι,
1375 3611 1425 3664 οἰ
1456 3611 1853 3679 συνοδεύοντες
1874 3614 1945 3670 τά

256 3697 402 3770 πράγ
417 3714 561 3768 ματα
588 3696 626 3752 ἃ.
650 3697 845 3761 ἐποίει,
875 3694 914 3750 ἃ
936 3695 1130 3750 ἔπαθε⁹
1162 3697 1259 3752 καί⁸
1307 3698 1614 3771 πράγματα
1651 3702 1942 3774 πράγμασι

259 3788 571 3859 μαρτυρεῖ,
613 3785 736 3855 οὐχὶ
778 3784 1048 3856 πρόσωπα
1100 3785 1285 3856 μόνον.
1331 3786 1405 3840 Ἢ
1432 3787 1531 3842 καὶ
1569 3788 1772 3861 ἑτέρως
1799 3807 1815 3824 ο
1847 3790 1944 3844 ἀλ·-

256 3873 467 3946 λὸτριος
488 3875 516 3927 6
548 3872 804 3937 ’Δνανίας
833 3890 847 3906 ο
881 3867 1003 3926 εἶτα
1025 3873 1087 3927 τὸ
1110 3874 1348 3946 πρᾶγμα
1379 3874 1534 3945 αὐτὸ,
1560 3877 1595 3947 ἡ
1618 3878 1945 3949 ἀνάϐλεψις*

256 3958 377 4019 εἶτα
423 3962 734 4037 προφητεία
765 3962 1000 4034 μεγάλη.
1041 3962 1104 4016 '0
1128 3962 1198 4017 δὲ
1242 3959 1406 4032 εἷπε,
1452 3965 1638 4037 φησιν’
1676 3965 1742 4020 '0
1796 3967 1941 4037 Θεὸς

256 4052 374 4106 τῶν
391 4051 667 4122 πατέρων
696 4049 875 4121 ἡμῶν
904 4052 1370 4121 προεχειρίσατό
1390 4068 1467 4107 σε
1505 4051 1729 4124 γνῶναι
1751 4056 1818 4111 τὸ
1848 4057 1943 4113 θέ-

255 4144 418 4211 λημα
444 4139 657 4207 αὐτοῦ,
681 4139 779 4195 καί
807 4138 960 4195 ἰδεῖν
988 4140 1100 4193 τὸν
1121 4138 1380 4196 δίκαιον.
1406 4141 1605 4207 Καλῶς
1633 4140 1779 4212 εἷπε,
1818 4145 1941 4202 Τῶν

254 4228 547 4299 πατέρων,
581 4228 668 4284 ἵνα
700 4228 854 4301 δείξῃ
893 4228 1095 4293 αὐτοὺς
1134 4229 1236 4283 οὐκ
1262 4228 1425 4294 ὄντας
1458 4231 1772 4298 Ἰουδαίους,
1802 4233 1942 4290 ἀλλά

253 4318 577 4391 ἀλλοτρίους
607 4316 700 4373 τοῦ
730 4317 923 4390 νόμου,
952 4318 1048 4373 καὶ
1070 4316 1272 4387 φθόνῳ,
1289 4317 1413 4389 οὐχὶ
1441 4308 1592 4391 ζήλῳ
1625 4320 1934 4389 ποιοῦντας.

254 4405 513 4472 ι’νῶναι,
537 4406 699 4477 φησὶ,
727 4406 792 4460 τὸ
815 4403 1049 4474 θέλημα
1109 4404 1320 4473 αὑτοῦ,
1373 4406 1473 4460 καὶ
1507 4406 1659 4462 ἰδεῖν
1699 4408 1808 4464 τὸν
1849 4410 1939 4465 δί-

253 4508 445 4547 καιον.
479 4489 693 4547 Οὐκοῦν
720 4490 889 4547 αὐτοῦ
933 4490 1150 4563 θέλημα
1181 4490 1361 4547 τοῦτο.
1395 4492 1541 4565 Ὅρα
1580 4493 1700 4559 πῶς
1741 4495 1800 4551 ἐν
1850 4498 1940 4553 τά-

252 4583 330 4649 ξει
357 4581 670 4653 διηγήσεως
708 4574 1033 4634 διδασκαλία
1086 4578 1225 4637 ἐστί.
1262 4581 1371 4635 Καὶ
1413 4581 1676 4639 ἀκοῦσαι
1723 4584 1938 4656 φωνὴν

250 4671 319 4723 ἐκ
336 4669 444 4723 τοῦ
478 4668 781 4738 στόματος
814 4667 1027 4735 αὑτοῦ,
1058 4665 1147 4721 ότι
1170 4667 1287 4738 ἔσῃ
1307 4667 1545 4739 μάρτυς
1560 4672 1752 4728 αὐτοῦ
1784 4675 1937 4746 πρὸς

251 4756 486 4823 πάντας
512 4753 889 4827 ἀνθρώπους,
922 4747 1012 4810 ὧν
1050 4753 1319 4826 ἑώρακας
1349 4757 1450 4813 καὶ
1488 4757 1786 4829 ἤκουσας.
1821 4764 1934 4819 Καὶ

253 4844 414 4913 ἰδεῖν,
437 4844 592 4916 φησί,
620 4843 728 4898 τὸν
766 4841 1005 4899 δίκαιον
1037 4859 1050 4874 ·
1105 4843 1245 4909 τέως
1279 4845 1443 4901 τοῦτο
1479 4846 1650 4917 λέγει.
1673 4849 1738 4904 Εἰ
1772 4850 1830 4904 δέ
1860 4850 1937 4904 δί-

250 4954 425 5000 καιος,
463 4930 608 4989 οὗτοι
653 4934 966 4990 ὑπεύθυνοι.
998 4934 1108 4990 Καὶ
1155 4934 1418 4991 ἀκοῦσαι
1465 4938 1679 5009 φωνὴν
1731 4939 1802 4995 ἐκ
1825 4941 1934 4997 τοῦ

248 5026 549 5095 στόματος
576 5022 786 5078 αὐτοῦ.
817 5023 960 5093 Ὅρα
1000 5021 1118 5088 πῶς
1168 5022 1231 5077 τὸ
1274 5026 1509 5096 πρᾶγμα
1533 5026 1773 5098 ἐπαίρει.
1804 5029 1935 5083 Ὅτι

246 5115 387 5187 ἔσῃ,
426 5112 579 5184 φησὶ,
611 5110 845 5182 μάρτυς
885 5110 1096 5166 αὐτοῦ.
1134 5111 1347 5168 Οὐκοῦν
1370 5113 1460 5168 διὰ
1483 5107 1648 5169 τοῦτο
1689 5116 1751 5170 οὐ
1798 5134 1934 5191 προ-

246 5182 445 5265 δώσεις
458 5182 558 5273 τὴν
582 5200 728 5270 ὄψιν.
775 5199 872 5253 καὶ
908 5199 1009 5270 τὴν
1056 5198 1342 5271 ἀκρόασιν,
1373 5195 1448 5258 ὧν
1483 5219 1542 5257 τε
1571 5202 1826 5277 ἑώρακας
1842 5182 1932 5261 ’ὧν

158 5307 167 5317 ⁸
244 5306 303 5342 τε
323 5289 567 5359 ἤκουσας
597 5305 612 5321 ·
641 5288 724 5341 δι’
744 5286 1023 5360 ἑκατέρων
1049 5286 1160 5341 τῶν
1195 5288 1501 5362 αἰσθήσεων
1524 5291 1688 5348 αὐτὸν
1709 5294 1933 5350 πιστοῦ-

242 5394 354 5433 ται.
382 5378 492 5433 Καὶ
518 5377 635 5432 νῦν
677 5378 736 5432 τί
783 5376 1032 5448 μέλλεις
1046 5392 1066 5440 ;
1129 5377 1417 5444 Ἀναστὰς
1468 5377 1793 5449 βάπτισαι,
1828 5382 1928 5437 καὶ

243 5467 587 5521 ἀπόλουσαι
625 5467 733 5533 τὰς
765 5465 1057 5536 ἁμαρτίας
1114 5478 1255 5533 σου,
1312 5466 1834 5540 ἐπικαλεσάμενος
1862 5470 1929 5522 τὸ

245 5555 431 5625 ὄνομα
468 5556 676 5611 αὐτοῦ.

312 5649 389 5711 γ’.
404 5642 663 5696 Ἐνταῦθα
681 5643 1159 5713 μέγαέφθέγξατο.
1179 5646 1257 5699 Οὐ
1269 5643 1377 5717 γὰρ
1396 5639 1569 5706 εἶπεν,
1580 5645 1671 5709 Εἰς
1684 5648 1745 5701 τὸ
1755 5649 1924 5721 ὄνομα
1934 5696 1949 5703 ..

242 5728 409 5784 αὑτοῦ
434 5730 691 5799 βάπτισαι
713 5747 726 5759 '
748 5732 888 5798 ἀλλ’,
907 5733 1455 5803 Ἐπικαλεσάμενος
1478 5734 1545 5788 τὸ
1566 5733 1717 5809 [555]
1735 5737 1927 5807 ὄνομα
1966 5748 1975 5759 ‘

241 5816 348 5871 τοῦ
368 5816 655 5885 Χριστοῦ.
703 5819 877 5872 Τοῦτο
931 5821 989 5874 δὲ
1043 5822 1356 5887 δεικνύντος
1406 5823 1556 5877 ἐστὶν
1598 5825 1761 5879 αὐτὸν
1790 5825 1924 5882 Θεὸν

243 5966 348 6073 ωε
369 5962 512 6076 Palus
524 5964 716 6074 [ﬁdem
755 5967 974 6043 κάκείνης
1034 5968 1211 6019 ἔδωκεν
1250 5960 1538 6036 ἀναϐλέψαι.
1604 5973 1633 6016 b
1658 5975 1909 6039 Πράσωπα

313 6037 367 6075 25
490 6038 519 6073 u
594 6060 604 6073 .
828 6052 835 6059 -
885 6067 889 6071 .
948 6058 953 6061 -

313 6037 604 6075 τειωυυο.
828 6052 835 6059 ·
885 6038 953 6071 ,’-

1065 309 1125 369 S.
1162 308 1455 368 JOANNIS
1488 303 1983 370 CIIRYSOSTOMI
2008 309 2331 370 ARCHIEP.
2357 311 2908 371 CONSTANTINOP.

3651 327 3763 383 330

2069 428 2202 484 ὄντα
2234 440 2257 469 ε
2303 446 2317 461 ·
2355 430 2563 515 οὐνγάρ
2595 430 2674 484 ἔνι
2716 432 2904 505 ἕτερον
2958 448 3080 487 τινα
3113 433 3560 504 ἐπικαλέσασθαι,
3590 440 3639 493 εἰ
3680 441 3760 515 μὴ

2069 516 2161 571 τὸν
2196 516 2351 571 Θεόν.
2381 514 2518 572 Εἶτα
2548 519 2789 574 δείκνυσι
2838 519 2935 574 καὶ
2964 521 3157 576 ἑαυτὸν
3201 522 3304 576 οὐκ
3334 523 3755 592 ἀναγκασθέντα

2068 605 2138 659 δι’
2164 598 2241 659 ὧν
2260 605 2445 675 λέγει·
2493 607 2552 660 Ὀ
2578 607 2649 660 δὲ
2676 609 2892 677 Κύριος
2909 605 3041 664 εἶπε
3066 611 3216 679 πρός
3238 627 3316 681 με
3339 625 3354 641 ⁸
3381 615 3649 680 Πορεύου
3669 619 3759 683 εἰς

2070 694 2416 763 Δαμασκὸν,
2442 695 2619 750 κάκεῖ
2631 712 2728 751 σοι
2747 698 3164 766 λαληθήσεται
3193 699 3252 752 τί
3272 716 3347 754 σε
3371 698 3754 772 δεῐποιῆσαι.

2068 780 2237 834 Οὐδὲν
2269 781 2613 855 ἀμάρτυρον,
2646 783 2783 838 ἀλλά
2832 784 3041 850 πόλεως
3090 784 3390 859 ὁλοκλήρου
3444 790 3759 863 μαρτυρίαν

2067 869 2333 940 παράγει,
2360 871 2395 942 ἡ
2424 889 2489 941 γε
2519 872 2614 927 καί
2636 868 2778 926 εἶδεν
2833 874 3000 928 αὐτὸν
3050 875 3587 947 χειραγωγούμενον.
3611 879 3755 952 Ὅρα

2064 956 2123 1010 δὲ
2150 957 2244 1011 καὶ
2276 957 2375 1030 τὴν
2405 960 2747 1032 προφητείαν
2781 960 3125 1028 ἐξελθοῦσαν,
3161 962 3229 1035 ἡν
3261 964 3467 1034 ἡκουσε
3502 966 3759 1040 μάρτυρα

2066 1045 2230 1100 αὐτὸν
2260 1045 2482 1102 ἔσεσθαι
2521 1048 2618 1103 τοῦ
2672 1050 2906 1122 Κυρίου.
2952 1051 3186 1124 Μάρτυς
3220 1052 3332 1124 γὰρ
3376 1052 3552 1118 ὅντως
3588 1054 3755 1110 αὑτοῦ

2065 1133 2276 1202 γέγονε,
2308 1135 2405 1189 καὶ
2439 1134 2651 1206 μάρτυς
2685 1136 2761 1202 ὼς
2785 1136 2914 1209 χρὴ.
2953 1138 3146 1193 καὶ’δι’
3182 1132 3261 1193 ὧν
3294 1139 3524 1212 ἔπραξε,
3550 1143 3650 1196 καὶ
3675 1143 3756 1197 δι’

2064 1214 2140 1275 ὧν
2173 1218 2319 1278 εἰπε.
2349 1223 2643 1288 Τοιούτους
2681 1225 2779 1280 καὶ
2811 1227 2962 1298 ἡμᾶς
3008 1225 3151 1281 εἶναι
3181 1228 3286 1299 χρὴ
3315 1228 3627 1303 μάρτυρας,
3658 1232 3755 1286 καὶ

2068 1309 2144 1379 μὴ
2182 1308 2512 1381 προδιδόναι,
2561 1311 2601 1366 ἃ
2651 1313 3118 1387 ἐνεπιστεύθημεν
3146 1331 3160 1346 ·
3191 1316 3252 1369 οὐ
3308 1319 3439 1391 περὶ
3466 1319 3754 1392 δογμάτων

2061 1397 2214 1466 λέγω
2241 1396 2424 1468 μόνον,
2455 1398 2591 1453 ἀλλά
2630 1401 2724 1455 καὶ
2758 1401 2890 1473 περὶ
2936 1401 3075 1474 βίου.
3112 1403 3257 1476 Ὅρα
3289 1405 3402 1477 γάρ
3429 1419 3443 1434 ⁸
3476 1407 3559 1462 ὅτι
3588 1402 3750 1476 εἶδεν,

2063 1480 2144 1533 ὅτι
2171 1480 2397 1551 ἤκουσε,
2434 1486 2705 1555 μαρτυρεῖ
2722 1486 2891 1539 πᾶσιν
2918 1484 3253 1559 ἀνθρώποις,
3276 1489 3373 1543 καὶ
3400 1488 3553 1545 ούδέν
3584 1490 3748 1544 αὐτὸν

2063 1566 2333 1623 ἐκώλυσε.
2371 1568 2482 1624 Καὶ
2514 1572 2676 1642 ἡμεῖς
2711 1573 3050 1646 ἠκούσαμεν,
3092 1576 3174 1630 ὅτι
3214 1575 3244 1616 τι
3276 1576 3426 1633 ἐστιν
3460 1578 3753 1644 ἀνάστασις

2064 1656 2158 1709 καὶ
2185 1656 2357 1729 μυρία
2393 1656 2577 1727 ἀγαθά
2611 1674 2627 1690 ·
2659 1659 2859 1715 οὐκοῦν
2887 1661 3176 1735 ὀφείλομεν
3196 1663 3364 1719 τοῦτο
3397 1669 3755 1741 μαρτυρῆσαι

2063 1744 2229 1798 πᾶσιν
2276 1744 2604 1817 ἀνθρώποις.
2651 1747 2764 1801 Kal
2830 1749 2939 1821 μὴν
2994 1751 3408 1825 μαρτυροῦμεν,
3465 1755 3622 1826 φησὶ,
3658 1755 3754 1809 καὶ

2062 1831 2414 1903 πιστεύομεν.
2452 1833 2600 1901 Πῶς,
2642 1835 2907 1891 τάναντία
2931 1838 3302 1911 πράττοντες;
3333 1841 3471 1897 Εἰπέ
3502 1842 3567 1915 δή
3604 1860 3697 1914 μοι
3731 1861 3749 1874 ⁸

2060 1917 2223 1984 εἴτις
2256 1921 2451 1976 ἐαυτὸν
2484 1921 2641 1992 ἔλεγε
2683 1924 3035 1996 Χριστιανὸν,
3081 1924 3200 1984 εἶτα
3234 1930 3482 1996 ἀποστὰς
3510 1935 3581 1987 τὰ
3614 1933 3745 1986 Ἰου-

2061 2009 2227 2064 δαῖκά
2262 2009 2506 2083 ἐφρόνει,
2561 2011 2673 2084 ἀρα
2719 2014 2955 2085 ἤρκεσεν
3007 2014 3075 2070 ἂν
3129 2019 3162 2089 ἡ
3224 2020 3505 2091 μαρτυρία
3565 2019 3753 2093 αὖτη;

2060 2097 2329 2170 Οὐδαμῶς
2360 2115 2374 2129 ·
2415 2099 2526 2153 ἀπὸ
2555 2099 2666 2172 γὰρ
2689 2101 2801 2155 τῶν
2830 2100 3008 2173 ἔργων
3038 2102 3138 2176 τὴν
3175 2110 3482 2179 μαρτυρίαν
3516 2104 3753 2181 ἐζήτουν

2059 2183 2146 2240 ἄν.
2178 2184 2335 2239 Οὕτω
2354 2187 2420 2258 δὴ
2454 2188 2545 2241 καὶ
2575 2189 2758 2261 ἡμεῖς,
2805 2192 2853 2244 εἰ
2907 2190 3140 2262 λέγομεν
3168 2193 3252 2247 ὅτι
3287 2195 3589 2262 ἀνάστασίς
3631 2200 3750 2255 ἐστι

2060 2272 2157 2347 καὶ
2180 2274 2351 2346 μυρία
2373 2274 2577 2345 ἀγαθά,
2616 2271 2739 2331 εἷτα
2798 2279 3257 2352 καταφρονοῦμεν
3317 2285 3524 2350 αὐτῶν,
3554 2286 3651 2341 καὶ
3677 2287 3748 2342 τὰ

2059 2358 2301 2415 ἐνταῦθα
2330 2363 2724 2434 προτιμῶμεν,
2769 2363 2853 2428 τίς
2910 2366 3045 2438 ἡμῖν
3097 2369 3414 2439 πιστεύσει;
3437 2373 3500 2425 οὐ
3529 2373 3640 2444 γὰρ
3665 2368 3749 2438 οἷς

2057 2447 2313 2517 λέγομεν,
2365 2448 2482 2503 ἀλλ’
2539 2446 2623 2516 οἷς
2691 2453 3008 2525 πράττομεν
3059 2456 3428 2529 προσέχουσιν
3483 2460 3746 2525 ἅπαντες.

2056 2535 2302 2605 Μάρτυς
2328 2536 2469 2606 ἔσῃ,
2503 2539 2661 2610 φησὶ,
2713 2541 2868 2610 πρὸς
2914 2541 3150 2611 πάντας
3202 2544 3557 2614 ἀνθρώπους
3580 2563 3595 2578 ’
3628 2548 3753 2620 οὐχὶ

2059 2622 2197 2695 πρὸς
2215 2624 2346 2688 τοὺς
2367 2625 2609 2691 οἰκείους
2640 2628 2824 2699 μόνον,
2860 2629 2998 2684 ἀλλά
3022 2630 3120 2686 καὶ
3148 2631 3289 2704 πρὸς
3309 2634 3437 2697 τοὺς
3461 2635 3752 2700 ἀπίστους·

2056 2712 2104 2764 οἰ
2130 2711 2241 2784 γάρ
2282 2712 2566 2786 μάρτυρες
2590 2716 2751 2772 τοῦτό
2773 2718 2935 2786 εἰσιν,
2963 2720 3086 2792 οὐχὶ
3118 2721 3246 2787 τοὺς
3287 2721 3503 2789 εἰδότας
3534 2723 3752 2779 πείθου-

2058 2817 2167 2865 σιν,
2189 2800 2328 2855 ἀλλά
2355 2803 2485 2867 τοὺς
2512 2804 2614 2857 οὐκ
2637 2805 2869 2870 εἰδότας.
2907 2795 3201 2880 Γὲνώμεθα
3249 2809 3556 2876 ἀξιόπιστοι
3619 2813 3754 2886 μάρ·

2054 2903 2239 2957 τυρες.
2266 2888 2393 2953 Πῶς
2452 2889 2511 2942 δὲ
2565 2891 2806 2962 ἐσόμεθα
2854 2893 3200 2965 άξιόπιστοι;
3252 2896 3389 2951 Ἀπὸ
3442 2897 3540 2952 τοῦ
3598 2898 3741 2969 βίου.

2068 2972 2360 3059 Ἑπέθεντο
2388 2976 2591 3047 ἐκείνῳ
2636 2978 2891 3033 Ἰουδαῖοι
2922 2994 2941 3008 ⁸
2974 2982 3313 3037 ἐπιτίθενται
3335 2985 3470 3057 ἡμῖν
3500 2986 3746 3059 ’τὰ-πάθή

2053 3058 2361 3147 κελεύοντα,
2384 3061 2754 3132 ἐξομόσασθαι
2793 3065 2896 3136 τὴν
2933 3069 3260 3141 μαρτυρίαν.
3310 3072 3474 3127 Ἀλλά
3521 3074 3598 3147 μὴ
3623 3058 3747 3131 πει-ζ

2054 3144 2281 3217 θώμεθα
2322 3161 2337 3178 '
2376 3148 2659 3221 μάρτυρές
2686 3152 2856 3223 ἐσμεν
2891 3154 3057 3226 παρά
3073 3157 3170 3210 τοῦ
3209 3157 3347 3212 Θεοῦ
3379 3144 3745 3232 πεμφθέντες.

2053 3233 2320 3305 Κρίνεται
2375 3236 2532 3308 παρὰ
2576 3237 2891 3309 ἀνθρώποις
2933 3241 3077 3295 τισὶν
3107 3245 3136 3297 6
3185 3243 3338 3310 Θεὸς,
3386 3247 3599 3305 ὅτιούκ
3629 3252 3753 3306 ἐστι

2053 3323 2189 3388 Θεός
2220 3340 2235 3357 ο
2268 3323 2518 3396 ἐπεμψεν
2549 3327 2699 3399 ἡμᾶς
2727 3332 3186 3403 μαρτυρήσοντας
3226 3333 3400 3407 αὐτῷ.
3441 3338 3748 3412 Μαρτυρή-

2055 3428 2238 3484 σωμεν
2267 3414 2364 3468 καὶ
2395 3413 2675 3487 πείσωμεν
2713 3417 2842 3482 τοὺς
2865 3417 3187 3485 δικάζοντας
3217 3437 3236 3450 ⁸
3266 3423 3333 3478 ἀν
3356 3424 3432 3498 μὴ
3461 3430 3751 3500 μαρτυρή-

2054 3517 2261 3572 σωμεν,
2289 3501 2385 3556 καὶ
2413 3502 2515 3574 τῆς
2564 3502 2792 3560 ἐκείνων
2843 3505 3053 3578 πλάνης
3073 3509 3239 3580 ἡμεῖς
3270 3511 3440 3584 ἐσμεν
3466 3514 3652 3570 αἴτιοι.
3683 3516 3751 3571 Et

2050 3588 2108 3642 δέ
2136 3589 2194 3643 ἐν
2227 3589 2592 3663 δικαστηρίῳ,
2625 3590 2756 3646 ἔνθα
2788 3590 3025 3663 βιωτικὰ
3055 3597 3364 3670 πράγματα
3387 3640 3402 3667 ,
3433 3602 3535 3656 οὐκ
3567 3602 3635 3658 ἄν
3661 3621 3747 3670 τις

2049 3676 2268 3745 δέξαιτο
2311 3680 2574 3753 μάρτυρα
2606 3681 2822 3753 μυρίων
2847 3681 3090 3755 γέμοντα
3121 3687 3309 3742 κακῶν
3330 3706 3346 3721 ο
3380 3689 3563 3757 πολλῷ
3602 3692 3744 3762 μᾶλ-

2049 3764 2141 3821 λον
2169 3766 2430 3837 ἐνταῦθα,
2454 3768 2587 3824 ἔνθα
2630 3773 2762 3843 περὶ
2802 3772 3061 3828 τοιούτων
3102 3777 3450 3848 πραγμάτων
3486 3781 3520 3852 ἡ
3555 3780 3749 3852 σκέψις

2050 3856 2221 3913 ἐστίν.
2258 3856 2453 3929 Ἡμεῖς
2481 3858 2739 3932 λέγομεν,
2774 3860 2857 3915 ὅτι
2885 3862 3205 3934 ἠκούσαμεν
3242 3864 3338 3919 τοῦ
3365 3867 3628 3939 Χριστοῦ,
3652 3870 3746 3924 καὶ

2050 3944 2397 4019 πιστεύομενΔ
2419 3939 2502 4010 οἷς
2521 3947 2891 4017 ἐπηγγείλατο
2920 3962 2934 3977 °
2971 3949 3222 4018 λέγουσιν
3255 3953 3481 4009 ἐκεῖνοι·
3518 3956 3743 4022 Δείξατε

2046 4030 2206 4086 τοῦτο
2233 4032 2322 4086 διὰ
2375 4032 2491 4086 τῶν
2549 4031 2729 4103 ἔργων
2757 4051 2774 4067 ο
2814 4036 2844 4088 6
2891 4035 3002 4109 γὰρ
3041 4035 3157 4109 βίος
3216 4039 3373 4111 ὑμῶν
3413 4040 3482 4096 τά
3522 4044 3742 4099 ἐναντία
3822 4104 3828 4110 ,

2051 4123 2339 4194 μαρτυρεῖ,
2367 4121 2451 4175 ὅτι
2471 4121 2533 4175 οὺ
2565 4120 2878 4177 πιστεύετε.

2118 4206 2255 4273 Τοὺς
2274 4208 2813 4282 χρηματιζομένους,
2827 4209 2954 4276 τοὺς
2985 4211 3358 4285 ἀρτιάζοντας,
3383 4215 3512 4281 τοὺς
3546 4217 3740 4273 πλεον-

2043 4296 2340 4362 εκτοῦντας
2379 4289 2639 4370 βούλεσθε
2703 4298 2940 4372 ῐδωμεν;
2990 4303 3119 4367 τοὺς
3174 4303 3545 4372 πενθοῦντας,
3609 4309 3739 4375 τοὺς

2046 4385 2444 4458 κοπτομένους,
2475 4387 2605 4451 τοὺς
2625 4387 3073 4460 οἰκοδομοῦντας,
3097 4392 3227 4457 τοὺς
3268 4394 3449 4450 πάντα
3472 4413 3736 4469 πραγμα-

2045 4472 2399 4545 τευομένους,
2445 4474 2523 4540 ὡς
2564 4476 2667 4531 οὐκ
2724 4476 3247 4551 ἀποθανουμένους
3305 4483 3371 4537 Εἰ
3430 4485 3614 4541 τοίνυν
3652 4487 3738 4542 ὅτι

2044 4562 2408 4618 ἀποθανεῖσθε
2462 4564 2526 4619 οὐ
2576 4565 2886 4630 πιστεύετε,
2939 4568 3232 4642 πράγματι
3285 4570 3437 4626 οὓτω
3465 4571 3612 4647 δήλῳ
3644 4574 3739 4629 καὶ

2045 4650 2291 4722 φανερῷ,
2324 4650 2445 4716 πῶς
2464 4652 2594 4724 ὑμῖν
2620 4654 2990 4726 πιστεύσομεν
3017 4659 3391 4732 μαρτυροῦσιν
3411 4662 3572 4728 ;.Εἰσὶ
3603 4663 3735 4735 γὰρ,

2042 4738 2153 4791 εἰσί
2180 4738 2368 4793 πολλοί
2396 4739 2506 4794 τῶν
2536 4740 2863 4811 ἀνθρώπων,
2899 4743 2949 4797 οἳ
2987 4743 3131 4799 οὕτω
3167 4744 3497 4815 διάκεινται,
3529 4750 3608 4814 ὡς
3637 4751 3739 4805 οὐκ

2040 4825 2499 4898 ἀποθανούμενοι.
2529 4828 2701 4885 Ὅταν
2748 4830 2859 4901 γὰρ
2911 4831 2971 4886 ἐν
3023 4834 3173 4906 γήρᾳ
3212 4835 3413 4908 μακρῷ
3456 4837 3734 4911 ἄρχωνται

2040 4913 2348 4986 οἰκοδομεῖν
2380 4916 2475 4969 καὶ
2504 4920 2799 4989 γεωργεῖν,
2822 4918 2954 4973 πότε
2981 4920 3243 4993 λογισμὸν
3268 4922 3536 4996 λήψονται
3563 4925 3732 4983 θανά-

2039 5017 2169 5068 τους
2194 5002 2270 5055 Οὐ
2310 5003 2485 5075 μικρά
2520 5005 2554 5077 ἡ
2598 5005 2824 5071 κόλασις
2856 5009 2992 5080 ἡμῖν
3044 5009 3294 5094 κληθεῖσι
3333 5013 3435 5084 μὲν
3467 5015 3549 5080 εἰς
3594 5033 3734 5094 μαρς

2038 5088 2256 5177 τυρίαν,
2305 5090 2382 5162 μὴ
2437 5091 2715 5162 δυνηθεῖσι
2759 5094 2816 5147 δέ
2873 5090 3514 5173 μαρτυέκῆσαιᾶεῐδομεν
3558 5088 3727 5177 [556ᾘ

2040 5176 2272 5250 Εἴδαμεν
2339 5181 2436 5235 καὶ
2490 5182 2657 5254 ἡμεῖς
2717 5184 3020 5258 ὀφθαλμοῖς
3079 5189 3208 5254 τοὺς
3261 5176 3568 5261 ἀγγέλους,
3638 5197 3735 5252 καὶ

2040 5266 2376 5355 σαφέστερον
2440 5269 2554 5323 τῶν
2603 5271 2948 5343 ἑωρακότων.
3009 5276 3221 5355 Οὐκοῦν
3290 5285 3731 5355 μαρτυρήσωμεν

2036 5351 2114 5423 τῷ
2140 5353 2387 5426 Χριστῷ*
2417 5355 2480 5410 οὐ
2533 5356 2644 5431 γὰρ
2693 5358 2759 5431 δὴ
2807 5361 3007 5416 ἐκεῖνοι
3058 5353 3337 5438 μάρτυρες
3378 5351 3567 5438 μόνον,
3594 5351 3729 5426 ἀλλά

2038 5441 2133 5495 καὶ
2200 5444 2385 5515 ἡμεῖς.
2431 5446 2533 5501 Διά
2580 5447 2741 5504 τοῦτο
2772 5451 2970 5505 ἐκεῖνοι
3025 5451 3277 5523 λέγονται
3315 5456 3614 5529 μάρτυρες,
3645 5460 3728 5514 ὅτι

2037 5529 2388 5603 κελευόμενοι
2456 5534 2829 5606 ἐξομόσασθαι
2902 5541 3084 5595 πάντα
3153 5542 3521 5613 ὑπομένουσιν
3551 5589 3568 5614 ,
3640 5549 3727 5603 ἶνα

2033 5614 2135 5685 τὴν
2189 5614 2451 5687 ἀλήθειαν
2482 5619 2702 5674 εἴπωσι·
2743 5622 2837 5676 καὶ
2869 5623 3052 5694 ἡμεῖς,
3086 5624 3218 5678 ὅταν
3250 5625 3356 5678 ὑπὸ
3393 5627 3503 5681 τῶν
3540 5629 3729 5687 παθῶν

2035 5700 2391 5773 κελευώμεθα
2449 5707 2840 5778 ἐξομόσασθαι,
2906 5710 2981 5782 μὴ
3027 5712 3341 5783 ἡττώμεθα.
3404 5716 3465 5769 Ὁ
3527 5720 3728 5788 χρυσὸς

2033 5789 2203 5858 λέγει·
2245 5790 2404 5856 Εἰπὲ,
2446 5793 2529 5847 ὅτι
2566 5797 2596 5849 ὁ
2641 5798 2877 5868 Χριστὸς
2926 5799 3029 5852 οὐκ
3070 5799 3187 5853 ἔστι
3236 5802 3598 5878 Χριστός·μὴ
3632 5804 3727 5863 οὖν

2033 5876 2201 5931 ἄκουε
2241 5878 2306 5929 σὺ
2351 5878 2427 5944 ὡς
2465 5879 2625 5946 Θεοῦ,
2692 5885 2831 5939 ἀλλά
2888 5886 3309 5958 καταφρόνησον
3352 5890 3464 5945 τῶν
3512 5876 3724 5950 ἐκείνου

2111 5980 2134 6010 ⁸
2160 5978 2287 6060 :I'res
2328 5982 2489 6060 φιλλ,
2512 5986 2569 6034 τὸ
2612 5987 2762 6060 όνομα
2797 5986 2946 6060 αὐτοῦ
2977 5989 3230 6060 δείκνυσινῌ
3245 5994 3386 6043 αὐτὸν
3430 5995 3551 6048 Θεὸν
3598 5998 3727 6060 ὄντὰ,

2032 6042 2260 6106 brevius,
2280 6043 2374 6093 sed
2391 6042 2538 6097 bene.
2603 6047 2631 6088 ἀ
2654 6042 2816 6108 Alius,
2840 6053 2971 6117 ⁸ἱμεῐς
2996 6056 3322 6121 μαρτυροῦμεν
3346 6042 3440 6111 ὅτι.
