4112 6430
330 451 433 509 599

328 568 443 622 ha‘c
471 556 760 617 contraria.
809 553 936 608 Dum
979 561 1210 619 namque
1248 559 1405 601 voces
1444 552 1620 609 erant,
1670 542 1821 597 Pauli
1865 548 1920 596 et

331 652 544 714 Domini
574 669 587 704 :
619 649 688 704 de
715 660 848 701 voce
874 652 1051 698 autem
1082 639 1229 695 Pauli
1257 637 1366 692 illic
1391 632 1654 706 loquitur;
1680 633 1768 687 hic
1794 645 1922 688 vero

327 748 489 802 etiam
530 739 771 803 addidit,
825 734 1009 789 Vocem
1043 747 1143 786 non
1180 728 1451 782 audierunt
1495 725 1745 796 loquentis
1772 722 1917 777 milii.

330 839 495 909 Igitur
521 831 675 894 illud.
707 827 981 883 Neminem
1006 823 1252 883 videntes,
1276 835 1381 874 non
1405 818 1473 873 ad
1494 818 1664 872 visum
1693 822 1918 885 spectat,

327 907 423 987 sed
446 923 717 995 signiﬁcat
747 933 859 973 non
887 915 1124 971 audisse.
1151 912 1332 982 Neque
1360 910 1505 966 enim
1533 909 1684 969 dixit.
1722 907 1919 962 Lucem

327 1037 435 1076 non
460 1015 710 1072 viderunt
735 1030 749 1077 ;
782 1010 898 1077 sed,
928 1007 1195 1063 Neminem
1218 1005 1441 1059 videntes
1465 1012 1721 1067 steterunt,
1743 1000 1791 1055 id
1816 1010 1919 1062 est,

328 1111 601 1169 neminem
652 1105 985 1176 loquentem.
1037 1099 1164 1156 Jure
1207 1106 1386 1153 autem
1429 1096 1500 1150 ita
1549 1093 1745 1149 factum
1793 1101 1917 1147 est:

330 1206 480 1262 illum
513 1201 657 1258 enim
682 1195 967 1269 oportebat
992 1194 1078 1249 illa
1104 1205 1237 1248 voce
1261 1187 1484 1259 dignari.
1513 1188 1568 1242 Si
1598 1185 1741 1240 enim
1760 1196 1812 1241 et
1848 1183 1920 1239 illi

333 1295 633 1358 audissent,
667 1305 772 1346 non
806 1295 1012 1343 tantum
1043 1282 1230 1339 fuisset
1253 1277 1735 1346 miraculum.Quia
1762 1276 1924 1348 igitur

332 1389 627 1447 crassiores
676 1383 878 1439 visione
908 1378 1080 1450 magis
1123 1373 1544 1447 persuadeatur,
1588 1370 1709 1425 ideo
1751 1376 1807 1425 et
1847 1368 1922 1423 illi

334 1486 506 1539 lucem
530 1486 733 1535 tantum
759 1472 1027 1537 viderunt,
1054 1468 1194 1541 quod
1217 1465 1545 1539 poteratillis
1566 1461 1918 1534 persuadere:

333 1577 476 1633 unde
520 1582 575 1630 et
615 1568 858 1628 exterriti
903 1573 1045 1621 sunt.
1100 1562 1357 1633 Alioquin
1390 1575 1518 1614 vero
1564 1573 1669 1614 non
1718 1565 1921 1612 tantum

335 1676 559 1742 operata
586 1674 669 1721 est
708 1663 799 1718 lux
830 1663 882 1717 in
915 1660 1040 1723 illis,
1068 1663 1323 1728 quantum
1354 1655 1407 1710 in
1436 1653 1538 1708 hoc
1569 1668 1582 1706 :
1610 1650 1754 1706 hunc
1777 1648 1919 1742 enim

336 1740 622 1817 eicmcavit
644 1798 656 1821 ,
696 1770 792 1825 per
833 1767 896 1808 ea
922 1791 937 1817 ,
977 1764 1096 1821 qua:
1127 1747 1226 1818 ipsi
1256 1746 1631 1817 contigerunt,
1660 1742 1792 1797 dans
1818 1740 1921 1796 illis

338 1856 512 1909 locum
543 1845 887 1920 respiciendi,
917 1844 959 1900 si
989 1842 1307 1898 voluissent.
1341 1839 1465 1894 Mihi
1497 1840 1674 1909 itaque
1712 1834 1922 1890 videtur

332 1963 397 2002 ex
419 1944 593 2001 divina
613 1939 945 2014 providentia
970 1937 1155 2001 fuisse,
1179 1933 1323 2006 quod
1347 1933 1419 1988 illi
1442 1946 1548 1987 non
1572 1929 1918 1994 crediderint,

332 2047 389 2091 ut
426 2043 611 2091 essent
642 2040 811 2088 testes
842 2029 946 2085 ﬁde
975 2028 1140 2100 digni.
1172 2025 1315 2081 Dixit
1341 2025 1411 2078 ad
1445 2040 1543 2091 me,
1585 2022 1779 2093 inquit,
1810 2019 1922 2093 Ego

330 2145 440 2183 sunt
470 2126 625 2181 Iesus
653 2123 976 2187 Nazarenus,
1003 2136 1149 2191 quem
1170 2127 1224 2174 tu
1246 2115 1578 2189 persequeris.
1609 2114 1752 2170 Bene
1779 2121 1834 2169 et
1854 2112 1923 2167 ci-

332 2221 468 2275 vitas
500 2225 850 2281 memoratur,
896 2222 954 2268 ut
993 2227 1152 2269 nosse
1195 2218 1413 2281 possent
1451 2208 1544 2262 illi.
1594 2207 1661 2263 Et
1695 2205 1921 2276 apostoli

329 2324 541 2382 quoque
572 2308 653 2363 sic
696 2306 945 2362 dicebant
981 2322 994 2359 :
1026 2303 1205 2357 Iesum
1233 2317 1264 2353 a
1295 2298 1578 2355 Nazaretlt.
1621 2297 1754 2353 Vide
1785 2313 1802 2352 :
1832 2296 1923 2351 ille

328 2415 541 2474 quoque
570 2408 817 2465 testatur,
845 2396 986 2469 quod
1013 2394 1478 2467 persequutionem
1502 2407 1691 2464 passus
1708 2392 1794 2447 sit.
1823 2389 1924 2456 Qui

328 2508 492 2551 autem
517 2509 712 2549 mecum
733 2501 895 2557 erant,
922 2491 1095 2546 lumen
1121 2488 1326 2560 quidem
1354 2487 1603 2550 viderunt,
1628 2495 1672 2541 et
1698 2485 1924 2540 exterriti

328 2599 466 2653 sunt,
506 2602 681 2642 vocem
722 2594 891 2638 autem
928 2600 1029 2638 non
1071 2582 1366 2637 audierunt.
1400 2580 1488 2635 10.
1523 2579 1589 2633 Et
1616 2579 1755 2646 dixi,
1788 2577 1924 2646 Quid

328 2683 533 2752 faciant,
559 2679 820 2735 Domine?
840 2676 1088 2732 Dominus
1116 2684 1284 2731 autem
1308 2674 1436 2729 dixit
1461 2674 1529 2728 ad
1556 2690 1633 2728 me
1653 2690 1672 2728 :
1694 2673 1922 2744 Surgens

328 2777 452 2831 vade
475 2774 804 2838 Damascum,
834 2782 881 2826 et
907 2771 977 2825 ibi
1007 2770 1202 2824 dicetur
1232 2768 1354 2835 tibi,
1379 2767 1504 2839 quid
1527 2777 1574 2823 te
1597 2776 1821 2838 oporteat
1842 2767 1921 2836 fa-

328 2883 456 2922 cere.
500 2865 587 2921 11.
636 2863 849 2918 Etcum
888 2878 990 2916 non
1036 2859 1252 2915 viderent
1301 2876 1407 2929 prce
1444 2859 1673 2913 claritate
1719 2858 1923 2913 luminis

327 2960 483 3026 illius,
510 2958 579 3012 ad
602 2973 807 3011 manum
828 2955 1070 3010 deductus
1093 2971 1124 3008 a
1144 2953 1430 3019 comitibus,
1459 2952 1569 3006 veni
1593 2950 1919 3006 Damascum.

328 3058 414 3111 l2.
451 3054 676 3108 Ananias
702 3059 872 3106 autem
904 3049 1135 3121 quidam,
1177 3048 1253 3101 vir
1282 3047 1398 3117 pius
1421 3045 1695 3101 secundant
1722 3045 1879 3121 legem
1903 3087 1919 3114 ,

328 3148 664 3203 testiinonium
702 3144 894 3199 habens
925 3143 987 3198 ab
1012 3141 1244 3198 omnibus
1270 3141 1357 3212 qui
1383 3150 1524 3195 erant
1555 3140 1794 3195 Damasci
1819 3139 1920 3194 Ju»

328 3239 473 3305 dwis,
505 3240 591 3294 i3.
619 3237 820 3291 veniens
859 3234 927 3288 ad
960 3250 1041 3289 me
1072 3243 1121 3288 et
1146 3233 1357 3287 adstans
1398 3232 1526 3286 dixit
1563 3232 1687 3286 mihi
1713 3246 1732 3285 :
1763 3230 1924 3286 Saule

330 3336 506 3404 frater,
538 3331 751 3402 respice.
782 3327 849 3382 Et
870 3345 960 3399 ego
986 3327 1160 3382 eadem
1186 3328 1315 3381 liora
1338 3326 1536 3397 respexi
1572 3326 1626 3380 in
1661 3342 1792 3381 eum.
1825 3324 1921 3379 In-

332 3424 554 3494 gredere,
585 3423 781 3493 inquit,
813 3423 864 3476 in
889 3421 1165 3487 civitatem,
1197 3430 1243 3474 et
1268 3419 1336 3473 ibi
1363 3419 1560 3473 dicetur
1586 3417 1696 3484 tibi,
1731 3417 1854 3488 quid
1877 3427 1924 3472 te

340 3524 564 3582 oporteat
594 3514 780 3583 facere.
823 3512 962 3567 Ecce
1012 3527 1198 3566 rursus
1238 3510 1405 3565 alium
1451 3517 1642 3565 testem
1676 3526 1689 3561 :
1720 3517 1776 3563 et
1805 3508 1923 3564 vide

336 3605 608 3675 quomodo
635 3603 781 3659 illum
807 3602 908 3660 ﬁde
932 3604 1149 3675 dignum
1177 3602 1353 3659 faciat.
1377 3600 1602 3656 Ananias
1626 3611 1793 3655 autem
1812 3602 1926 3672 qui-

335 3697 475 3762 dam,
511 3695 714 3765 inquit,
744 3695 818 3749 vir
841 3694 952 3767 pius
975 3695 1254 3750 secundum
1277 3694 1456 3765 legem,
1491 3691 1774 3748 testimonio
1797 3710 1921 3762 pro-

333 3788 478 3841 batus
501 3786 564 3842 ab
594 3786 823 3841 omnibus
851 3785 1051 3842 Judteis
1071 3829 1086 3855 ,
1113 3787 1373 3858 ingressus
1401 3785 1470 3839 ad
1499 3801 1579 3838 me
1603 3793 1647 3839 et
1676 3783 1884 3838 adstans
1903 3827 1918 3853 ,

332 3881 460 3935 dixit
490 3880 616 3935 milii
653 3895 672 3934 .'
702 3878 934 3949 Respice.
977 3880 1053 3935 Ita
1093 3879 1224 3934 nihil
1252 3879 1511 3934 alienum.
1538 3877 1603 3931 Et
1632 3894 1723 3949 ego
1749 3877 1924 3932 eadem

332 3973 455 4027 liora
474 3972 693 4043 respexi.
719 3970 974 4041 Sequitur
992 3969 1116 4025 hinc
1138 3970 1500 4025 testimonium
1529 3985 1624 4040 per
1647 3984 1731 4024 res
1757 3968 1919 4039 ipsas.

333 4063 397 4118 Et
421 4062 564 4128 vide,
596 4061 870 4133 quomodo
901 4077 967 4116 et
996 4060 1244 4133 personis
1268 4070 1324 4116 et
1357 4060 1521 4115 rebus
1550 4068 1823 4125 nectatur;
1856 4075 1921 4114 ex

334 4153 575 4224 personis
605 4164 712 4208 tam
742 4152 976 4224 propriis
1003 4168 1164 4224 quam
1195 4152 1486 4208 extraneis.
1519 4151 1772 4207 Personae
1798 4163 1924 4207 sunt

333 4248 657 4318 sacerdotes,
687 4248 951 4313 seniores,
979 4248 1080 4303 viae
1106 4247 1361 4312 comites;
1384 4262 1471 4303 res
1496 4262 1627 4304 vero
1653 4256 1709 4304 et
1735 4262 1920 4319 opera,

331 4357 446 4411 quae
474 4341 620 4407 fecit,
665 4357 786 4412 quae
822 4355 1009 4411 passus
1045 4348 1129 4396 est
1165 4358 1178 4396 :
1217 4350 1272 4396 et
1308 4355 1470 4412 opera
1510 4340 1765 4411 operibus
1794 4341 1923 4396 dant

332 4434 719 4499 testimonium,
750 4450 855 4489 non
883 4450 1129 4505 personat
1160 4443 1385 4490 tantum.
1418 4433 1517 4490 Vel
1539 4436 1698 4490 etiam
1725 4436 1920 4492 aliter:

332 4537 618 4584 extraneus
639 4538 756 4583 erat
778 4529 1046 4596 Ananias;
1077 4528 1273 4585 deinde
1298 4531 1517 4601 ponitur
1544 4545 1632 4586 res
1660 4529 1772 4600 ipsa
1793 4571 1811 4599 ,
1838 4532 1922 4586 vi-

333 4632 425 4673 sus
463 4620 768 4686 restitutio;
815 4628 999 4690 postea
1046 4621 1323 4691 prophetia
1355 4637 1563 4692 magna.
1604 4623 1691 4681 M.
1731 4622 1796 4678 At
1835 4623 1925 4679 ille

336 4710 461 4766 dixit
489 4727 507 4767 .'
537 4710 676 4765 Deus
703 4721 906 4780 patrum
935 4722 1221 4767 nostrorum
1250 4713 1610 4782 pris-ordinavit
1648 4723 1715 4779 te,
1753 4724 1806 4767 ut
1832 4732 1921 4769 co-

336 4818 599 4873 gnosceres
647 4800 958 4857 voluntatem
1002 4804 1135 4872 ejus,
1181 4815 1228 4858 et
1265 4804 1459 4860 videres
1494 4805 1711 4876 justum.
1760 4805 1924 4863 Recte

333 4892 500 4957 dixit,
546 4893 763 4947 Patrum
783 4935 798 4959 ,
835 4902 893 4948 ut
927 4894 1235 4950 ostenderet
1266 4909 1360 4950 eos
1388 4910 1495 4950 non
1522 4910 1646 4952 esse
1672 4896 1888 4953 Judccos
1907 4940 1922 4963 ,

332 4983 426 5040 sed
466 4985 671 5042 alienos
706 5000 737 5041 a
788 4986 927 5057 lege,
959 4996 1014 5042 ct
1072 4987 1292 5056 invidia,
1341 5004 1446 5043 non
1494 4989 1612 5043 zelo
1642 5004 1819 5061 agere.
1857 4989 1926 5046 Ut

332 5076 484 5141 scias,
535 5076 727 5148 inquit,
783 5078 1093 5133 voluntate»:
1121 5080 1250 5149 ejus,
1281 5090 1329 5135 et
1380 5080 1493 5135 ride
1528 5082 1744 5153 justum.
1782 5083 1925 5154 Ergo

334 5169 453 5224 luce
503 5171 752 5226 voluntas
812 5172 930 5242 ejus
985 5182 1089 5228 est.
1143 5172 1280 5229 Vide
1332 5183 1391 5228 ut
1439 5174 1683 5231 doctrina
1737 5177 1927 5233 ordine

338 5264 656 5319 narrationis
700 5264 926 5319 dicatur.
975 5263 1044 5319 Et
1081 5266 1284 5321 audires
1327 5283 1494 5322 vocem
1537 5285 1600 5323 ea:
1642 5286 1728 5323 ore
1771 5271 1925 5342 ejus:

338 5354 424 5408 i5.
455 5355 575 5423 quia
602 5356 705 5410 eris
728 5357 865 5411 testis
888 5357 1031 5413 illius
1059 5358 1128 5412 ad
1157 5376 1328 5415 omnes
1351 5360 1578 5415 homines
1599 5377 1791 5430 eorum,
1814 5378 1929 5429 qua:

336 5446 503 5501 uidisti
530 5457 578 5503 et
599 5449 806 5503 audisti.
842 5448 908 5503 Et
931 5451 1142 5519 videres,
1167 5452 1359 5522 inquit,
1382 5453 1580 5523 justum
1609 5469 1628 5506 :
1654 5469 1797 5510 nunc
1823 5454 1927 5512 hoc

337 5536 484 5594 dicit.
516 5537 569 5594 Si
596 5540 796 5607 justus,
829 5541 903 5596 illi
928 5543 1006 5598 rei
1030 5554 1172 5597 sunt.
1205 5543 1273 5598 Et
1301 5544 1504 5600 audires
1539 5560 1707 5600 uocem
1742 5563 1805 5601 ea:
1842 5564 1930 5603 ore

335 5628 495 5683 illius.
543 5628 679 5686 Vide
725 5640 782 5686 ut
812 5647 924 5704 rem
969 5633 1198 5690 extollit.
1231 5635 1366 5702 Quia
1392 5637 1510 5704 eris,
1554 5637 1750 5708 inquit,
1793 5640 1930 5695 testis

336 5719 494 5776 illius.
527 5720 654 5778 ideo
694 5739 824 5795 ergo
867 5739 974 5783 non
1015 5727 1213 5797 prodes
1255 5730 1425 5785 visum
1457 5739 1512 5784 et
1553 5729 1827 5799 auditum,
1868 5748 1930 5789 ea

339 5826 534 5882 nempe
563 5829 682 5884 qua:
719 5816 899 5871 vidiSti
925 5827 979 5873 et
1007 5819 1203 5873 audisti
1230 5838 1244 5875 :
1274 5835 1368 5892 per
1400 5829 1686 5892 utrumque
1714 5838 1929 5879 sensum

339 5902 485 5959 illum
514 5905 675 5962 ﬁdum
707 5905 852 5963 facit.
890 5908 979 5964 16.
1012 5909 1079 5964 Et
1105 5926 1239 5965 nunc
1262 5911 1386 5983 quid
1413 5913 1666 5968 moraris?
1700 5912 1932 5988 Exsurge

1330 432 1394 488 IN
1436 430 1614 487 ACTA
1658 427 2180 485 AI‘OSTOIDRUM.
2227 427 2453 482 HOMll..
2498 425 2700 481 XLVII.

3520 430 3623 485 330

2033 550 2077 593 et
2132 538 2416 610 baptizare,
2447 550 2492 593 et
2546 539 2696 592 ablue
2739 548 2940 609 peccata
2986 549 3092 605 tua,
3132 541 3361 595 invocato
3427 542 3626 595 nomine

2032 631 2209 702 ipsius.
3638 684 3645 689 .

2102 726 2156 780 3.
2186 725 2285 781 Hic
2310 739 2422 780 rem
2452 739 2698 795 magnam
2730 724 2982 796 loquitur.
3015 725 3132 780 Non
3171 725 3316 781 enim
3353 724 3522 792 dixit,
3567 725 3623 781 In

2032 818 2248 872 nomine
2274 817 2390 888 ejus
2421 818 2712 887 baptizare,
2747 816 2863 882 sed,
2906 815 3150 871 Invocato
3186 817 3388 871 nomine
3411 815 3618 872 Christi.

2032 911 2145 966 Hoc
2169 918 2347 965 autem
2384 910 2643 977 declarat,
2673 911 2820 965 illum
2851 924 2977 967 esse
3014 911 3182 965 Deum
3213 927 3226 964 :
3257 925 3431 981 neque
3457 910 3619 966 alium

2035 1005 2157 1059 licet
2195 1007 2468 1071 invocare,
2514 1005 2616 1058 nisi
2661 1003 2848 1058 Deum.
2901 1001 3104 1058 Deinde
3144 1002 3378 1058 ostendit
3417 1016 3478 1058 se
3514 1017 3622 1057 non

2032 1110 2150 1152 esse
2176 1108 2419 1153 coactum
2447 1096 2573 1152 dum
2601 1097 2731 1153 dicit
2758 1116 2771 1152 :
2796 1097 3050 1153 Dominus
3080 1096 3209 1151 dixit
3233 1097 3304 1150 ad
3331 1113 3411 1153 me
3430 1113 3451 1152 :
3486 1095 3624 1152 Vade

2030 1191 2081 1245 in
2112 1191 2440 1255 Damascum,
2463 1201 2510 1245 et
2533 1192 2600 1245 ibi
2621 1193 2814 1246 dicetur
2837 1192 2943 1258 tibi,
2965 1191 3090 1264 quid
3111 1200 3159 1245 te
3182 1201 3409 1261 oporteat
3433 1192 3619 1263 facere.

2032 1282 2173 1336 Nihil
2198 1282 2315 1338 sine
2343 1282 2668 1348 testimonio,
2698 1283 2792 1338 sed
2821 1283 3048 1338 civitatis
3070 1282 3232 1338 tutius
3256 1282 3619 1337 testimonium

2032 1374 2233 1444 profert
2252 1417 2267 1443 ,
2298 1391 2417 1446 qua:
2442 1376 2602 1431 etiam
2629 1375 2834 1431 viderat
2863 1392 2984 1431 eum
3020 1392 3179 1432 manu
3206 1376 3447 1433 ductum.
3489 1375 3625 1432 Vide

2031 1466 2192 1520 etiam
2220 1466 2557 1537 prophetiam
2589 1482 2883 1538 egressam,
2911 1483 3072 1539 quam
3101 1468 3320 1536 audivit,
3349 1483 3409 1525 se
3430 1476 3621 1524 testem

2033 1555 2144 1611 fore
2180 1557 2409 1611 Domini.
2440 1558 2645 1613 Revera
2670 1559 2812 1614 enim
2836 1559 2990 1615 testis
3021 1559 3162 1614 illius
3192 1558 3307 1622 init.
3335 1568 3390 1615 et
3412 1561 3620 1631 qualem

2030 1663 2151 1704 esse
2187 1649 2504 1718 Oportebat,
2538 1661 2592 1704 ct
2630 1650 2886 1719 operibus
2916 1660 2966 1706 et
3010 1650 3208 1707 verbis.
3239 1651 3397 1706 Tales
3431 1659 3487 1707 et
3521 1666 3625 1708 nos

2030 1749 2242 1810 oportet
2273 1755 2395 1797 esse
2433 1750 2616 1809 testes,
2656 1759 2755 1798 nec
2796 1742 3022 1814 prodere
3055 1758 3141 1811 ea,
3172 1760 3291 1816 qua:
3318 1745 3473 1801 nobis
3495 1760 3624 1802 con-

2030 1834 2232 1889 credita
2264 1842 2423 1901 sunt,
2462 1851 2568 1890 non
2610 1844 2815 1891 tantum
2844 1837 2989 1892 circa
3015 1836 3261 1908 dogmata
3283 1880 3298 1906 ,
3337 1838 3433 1893 scd
3461 1840 3622 1898 etiam

2030 1927 2173 1981 circa
2215 1925 2402 1982 vitam.
2449 1926 2581 1983 Vide
2624 1928 2765 1983 enim
2802 1947 2815 1982 :
2849 1929 2991 2000 quod
3030 1929 3224 1985 viderit
3263 1939 3317 1987 ct
3358 1931 3613 1991 audierit.

2033 2028 2243 2074 testatm
2278 2019 2528 2076 omnibus
2553 2019 2881 2088 hominibus,
2917 2032 2969 2078 et
2994 2022 3125 2078 nihil
3154 2023 3302 2079 illum
3327 2024 3622 2095 prohibuit,

2030 2109 2099 2165 Et
2126 2126 2223 2167 nos
2248 2111 2547 2169 audivimus
2570 2114 2713 2185 quod
2747 2114 2817 2169 sit
2845 2115 3170 2172 resurrectio
3199 2124 3254 2172 et
3284 2116 3426 2188 quod
3460 2118 3616 2171 innu«

2031 2229 2175 2268 mera
2208 2213 2347 2269 bona
2378 2232 2390 2267 :
2424 2228 2553 2285 ergo
2592 2214 2849 2271 debemus
2891 2215 2993 2270 hoc
3025 2215 3275 2272 omnibus
3317 2214 3625 2271 hominibus

2032 2306 2325 2364 testiﬁcari.
2362 2308 2527 2377 Atqui
2557 2307 2904 2364 testiﬁcantur
2924 2349 2938 2375 ,
2977 2307 3219 2379 inquies,
3249 2315 3305 2363 et
3333 2307 3623 2363 credimus.

2030 2400 2333 2468 Quomodo,
2357 2401 2624 2457 contraria
2655 2401 2959 2457 facientes?
2990 2402 3102 2466 Dic,
3132 2417 3316 2473 quaiso
3335 2445 3351 2469 ,
3385 2403 3513 2458 mihi
3541 2401 3623 2458 :si

2030 2492 2150 2560 quis
2175 2505 2233 2545 se
2263 2491 2468 2547 diceret
2496 2490 2883 2559 Christianum,
2909 2492 3106 2548 deinde
3134 2493 3391 2549 deﬁciens
3410 2504 3623 2563 saperet

2028 2583 2265 2650 Judaica,
2292 2598 2360 2638 an
2385 2582 2657 2639 sufﬁceret
2683 2583 2787 2639 hoc
2815 2585 3215 2641 testimonium?
3238 2586 3621 2658 Nequaquam:

2030 2694 2151 2733 nam
2182 2693 2246 2734 ex
2275 2678 2529 2748 operibus
2558 2677 2923 2732 testimonium
2952 2688 3273 2749 qumrerent.
3306 2678 3379 2734 Ita
3403 2690 3457 2736 et
3483 2694 3581 2735 nos
3604 2720 3621 2746 ,

2028 2771 2071 2824 si
2103 2769 2343 2825 dicamus
2381 2783 2504 2824 esse
2533 2768 2981 2824 resurrectionem
3025 2778 3081 2825 et
3120 2760 3401 2824 innumera
3442 2770 3578 2825 bona
3602 2812 3618 2836 ,

2027 2861 2333 2932 doindeque
2364 2860 2448 2915 illa
2488 2871 2931 2927 contemnamus,
2976 2869 3032 2917 et
3073 2868 3285 2917 terrena
3315 2871 3583 2917 sectemur
3605 2903 3621 2930 ,

2028 2954 2148 3024 quis
2178 2953 2402 3009 credet?
2431 2968 2536 3007 non
2568 2952 2715 3007 enim
2744 2952 2826 3016 iis,
2855 2967 2975 3023 qua:
2998 2952 3244 3019 dicimus,
3269 2954 3363 3009 sed
3392 2955 3474 3020 iis,
3502 2969 3623 3026 qum

2031 3045 2255 3105 facimus
2278 3085 2293 3112 ,
2333 3043 2617 3099 attendunt
2658 3057 2869 3098 omnes.
2900 3041 3067 3097 Testis
3088 3044 3221 3111 eris,
3252 3044 3452 3115 inquit,
3483 3047 3623 3117 apud

2029 3155 2202 3193 omnes
2240 3139 2509 3204 homines;
2550 3153 2655 3193 non
2698 3138 2839 3208 apud
2885 3138 3216 3196 domesticos
3259 3150 3498 3210 tantum,
3527 3145 3622 3201 sed

2028 3231 2188 3285 etiam
2231 3230 2369 3301 apud
2415 3229 2691 3296 inﬁdeles;
2725 3232 2938 3286 testium
2979 3232 3125 3288 enim
3153 3242 3235 3289 est
3266 3235 3620 3304 persuadere,

2030 3339 2135 3380 non
2180 3325 2492 3392 scientibus,
2540 3325 2634 3381 scd
2680 3326 3064 3383 nescientibus.
3108 3327 3287 3384 Simus
3330 3330 3437 3387 ﬁde
3477 3331 3624 3402 digni

2031 3426 2214 3474 testes.
2232 3417 2512 3486 Quomodo
2527 3418 2661 3474 tales
2676 3419 2915 3475 erimus?
2934 3421 2976 3474 Α
2990 3421 3117 3475 vita.
3136 3420 3526 3479 lnsidiabantur
3548 3425 3622 3479 illi

2027 3510 2234 3577 Judaei;
2282 3512 2603 3567 insidiantur
2657 3511 2810 3567 nobis
2857 3512 3021 3566 animi
3067 3512 3327 3579 aﬁ‘eetus,
3371 3516 3624 3585 jnbentes

2029 3605 2277 3675 abiurare
2308 3593 2692 3659 testimonium.
2724 3603 2831 3658 Sed
2858 3619 2926 3658 ne
2954 3603 3387 3674 obtemperemus
3415 3624 3432 3663 :
3462 3615 3625 3664 testes

2027 3713 2213 3754 sumus
2238 3712 2269 3752 a
2291 3697 2402 3753 Deo
2429 3696 2596 3751 missi.
2623 3696 2901 3753 Iudicatur
2919 3697 3061 3767 apud
3088 3697 3338 3755 homines
3362 3701 3621 3771 quosdam

2032 3793 2171 3847 Deus
2200 3805 2306 3846 non
2337 3805 2458 3846 csse
2485 3789 2626 3845 Deus
2652 3808 2664 3844 :
2689 3790 2836 3845 misit
2856 3804 2975 3858 nos,
3002 3790 3092 3861 qui
3119 3791 3221 3847 sibi
3250 3793 3620 3850 testiﬁcemur.

2030 3884 2409 3941 Testiﬁcemur
2432 3900 2560 3955 ergo
2589 3892 2646 3940 et
2675 3884 3091 3954 persuadeamus
3132 3887 3580 3944 contendentibus
3605 3906 3619 3942 :

2029 3978 2073 4032 si
2115 3992 2220 4031 non
2251 3976 2602 4034 testiﬁceniur
2621 4018 2634 4042 ,
2668 3977 2882 4033 illorum
2907 3977 3107 4033 erroris
3133 3994 3233 4035 nos
3259 3979 3315 4034 in
3341 3997 3501 4038 causa
3528 3999 3622 4040 su-

2031 4083 2169 4123 mus.
2214 4068 2270 4124 Si
2313 4079 2492 4123 autem
2538 4068 2589 4122 in
2636 4069 2752 4122 foro
2781 4068 3040 4137 judiciali,
3080 4068 3170 4126 ubi
3207 4085 3295 4127 res
3332 4075 3622 4133 saeculares

2034 4168 2330 4215 tractantur
2350 4201 2364 4225 ,
2395 4174 2553 4215 nemo
2580 4159 2863 4214 admiserit
2894 4167 3108 4225 testem,
3141 4161 3435 4221 innumeris
3464 4177 3621 4223 nota-

2032 4260 2140 4304 tum
2183 4249 2399 4320 ﬂagitiis
2428 4267 2441 4304 :
2472 4248 2645 4306 multo
2689 4248 2867 4304 minus
2908 4249 3012 4316 hic,
3058 4250 3148 4306 ubi
3194 4260 3355 4309 tantae
3394 4270 3484 4312 res
3516 4269 3620 4315 tra-

2029 4351 2262 4397 ctantur.
2300 4340 2409 4396 Nos
2434 4341 2662 4397 dicimus
2682 4382 2698 4407 ,
2742 4341 2884 4412 quod
2918 4341 3219 4399 audivimus
3244 4360 3275 4399 a
3305 4347 3538 4418 Christo,
3567 4365 3624 4408 et

2029 4433 2297 4489 credimus
2339 4433 2404 4487 iis
2428 4475 2443 4499 ,
2488 4448 2609 4504 quae
2650 4432 2765 4503 ipse
2804 4434 3049 4503 promisit
3082 4453 3096 4489 :
3124 4434 3308 4493 dicunt
3346 4440 3465 4495 illi:
3498 4443 3621 4499 llaec

2030 4523 2295 4581 ostendite
2324 4538 2422 4594 per
2459 4538 2656 4593 opera;
2703 4523 2810 4578 vita
2852 4538 3083 4596 namque
3126 4536 3303 4585 vestra
3349 4537 3618 4590 contraria

2032 4616 2368 4681 testiﬁcatur,
2399 4613 2542 4683 quod
2571 4628 2766 4684 nempe
2791 4627 2900 4670 non
2928 4616 3184 4672 credatis.

2100 4708 2291 4764 Contra
2315 4722 2496 4761 avaros
2521 4714 2569 4761 et
2590 4721 2820 4777 rapaces.
2838 4735 2907 4747 —-
2937 4706 3177 4764 Voltisne
3202 4709 3481 4769 videamus
3502 4729 3618 4777 eos.

2029 4802 2119 4873 qui
2171 4800 2427 4871 pecunias
2476 4797 2770 4870 colligunt,
2822 4813 3085 4869 rapaces,
3136 4816 3362 4871 avaros,
3393 4821 3489 4863 eos
3532 4811 3622 4879 qui

2033 4896 2322 4966 plangunt,
2364 4892 2456 4963 qui
2499 4891 2724 4961 lugent,
2768 4890 3074 4959 aediﬁcant,
3125 4895 3411 4968 omniaque
3455 4913 3624 4971 nego-

2033 4987 2233 5040 tiantur
2268 4981 2423 5055 quasi
2449 4994 2747 5050 numquam
2774 4981 3025 5037 morituri
3052 4981 3076 5037 ?
3105 4981 3162 5038 Si
3206 4998 3336 5058 ergo
3366 5002 3473 5044 non
3500 5005 3624 5047 cre-

2032 5076 2158 5131 ditis
2183 5088 2281 5130 vos
2310 5087 2433 5130 esse
2454 5072 2746 5128 morituros
2766 5114 2783 5141 ,
2827 5071 2954 5128 licet
2979 5088 3068 5129 res
3089 5075 3162 5130 ita
3187 5088 3334 5133 certa
3369 5089 3424 5135 et
3451 5082 3624 5135 mani-

2035 5169 2168 5226 festa
2199 5167 2310 5233 sit,
2341 5164 2614 5238 quomodo
2638 5179 2737 5221 vos
2767 5164 3116 5224 testiﬁcantes
3142 5168 3464 5225 credemus?
3484 5171 3626 5227 Sunt

2033 5262 2211 5329 enim,
2244 5268 2406 5326 sunt,
2439 5258 2690 5330 inquam,
2733 5250 2901 5314 niulti'
2919 5257 3167 5316 homines
3197 5261 3269 5316 ita
3310 5263 3487 5318 aﬁ‘ccti
3508 5303 3523 5328 ,
3559 5278 3625 5319 ac

2037 5355 2082 5411 si
2137 5368 2429 5431 numquam
2478 5361 2665 5408 essent
2706 5349 2974 5407 morituri.
3021 5351 3156 5407 Nam
3201 5367 3325 5408 cum
3373 5356 3426 5410 in
3469 5356 3626 5426 gravi

2035 5454 2316 5503 senectute
2346 5444 2608 5515 incipiant
2630 5442 2918 5512 aediﬁcare,
2948 5452 3003 5498 et
3027 5459 3184 5515 agros
3212 5446 3394 5502 colere
3414 5489 3430 5516 ,
3458 5463 3628 5519 quan-

2037 5538 2233 5594 donam
2267 5537 2334 5593 dc
2359 5547 2537 5593 morte
2576 5534 2890 5606 cogitabant
2912 5534 2937 5588 ἲ
2960 5534 3076 5590 Non
3108 5550 3330 5606 parvum
3361 5548 3444 5594 est
3473 5539 3629 5596 nobis

2038 5632 2360 5705 supplicium
2391 5629 2445 5686 in
2487 5628 2857 5707 testiinonium
2903 5631 3137 5694 vocatis,
3172 5645 3281 5685 non
3323 5645 3483 5702 posse
3511 5648 3631 5705 quae

2040 5725 2271 5780 vidimus
2320 5719 2618 5778 testiﬁcari.
2653 5719 2897 5774 Vidimus
2927 5733 3027 5775 nos
3068 5720 3238 5776 oculis
3286 5723 3545 5796 angelos,
3579 5732 3632 5780 et

2040 5818 2236 5874 clarius
2273 5829 2433 5886 quam
2480 5813 2547 5879 ii,
2578 5811 2668 5882 qui
2710 5826 2838 5867 vere
2870 5811 3137 5869 viderunt.
3190 5815 3334 5889 Ergo
3376 5816 3634 5873 testiﬁce-

2049 5930 2166 5969 mur
2187 5911 2404 5968 Christo
2430 5926 2441 5962 :
2466 5921 2570 5965 non
2593 5905 2736 5963 enim
2768 5904 2846 5961 illi
2875 5904 2975 5962 soli
3003 5915 3188 5981 testes,
3207 5912 3301 5968 sed
3326 5926 3425 5970 nos
3449 5911 3631 5970 etiam.
