4112 6444
449 399 564 462 351

473 524 549 578 illi
581 521 832 576 dicuntur
862 530 1124 594 martyres
1149 535 1245 577 seu
1265 529 1453 590 testes,
1473 522 1596 592 quia
1621 520 1755 590 jussl
1785 518 2054 590 abiurare,

470 617 646 672 oinnia
681 615 990 686 patiuntur,
1025 624 1081 670 ut
1114 615 1394 670 veritatem
1425 614 1644 668 dicant:
1679 621 1733 668 et
1761 625 1860 668 nos
1890 626 2060 681 quan-

469 709 538 763 do
568 709 635 763 ab
661 708 824 763 animi
858 708 1093 763 motibus
1115 707 1373 777 abiurare
1395 705 1649 778 jubcmur
1672 747 1688 772 ,
1722 720 1789 761 ne
1811 720 2060 761 succum-

469 801 678 856 bamus.
713 800 918 855 Aurum
951 801 1119 856 dicit:
1169 800 1263 854 Dic
1287 799 1557 856 Christum
1598 813 1705 853 non
1739 812 1860 854 esse
1902 797 2056 854 Chri-

466 905 606 950 stum
627 913 642 950 :
665 911 730 950 nc
747 898 934 951 audias
954 895 1106 967 quasi
1128 896 1315 962 Deum,
1335 893 1430 950 sed
1451 893 1728 962 ejusjussa
1747 902 2052 948 contemne.

464 987 927 1056 Concupiscentia:
979 987 1133 1042 malae
1187 986 1414 1056 idipsum
1466 984 1689 1050 dicunt;
1738 983 1834 1040 sed
1886 993 1940 1038 tu
1988 997 2056 1039 ne

463 1078 804 1147 obtemperes
828 1120 843 1146 ,
874 1078 966 1133 sed
998 1086 1078 1133 sta
1111 1077 1341 1144 fortiter,
1369 1093 1436 1132 ne
1458 1087 1513 1132 et
1534 1075 1602 1131 de
1628 1076 1782 1131 nobis
1808 1075 2050 1130 dicatur:

469 1169 630 1222 Deum
674 1172 979 1238 conﬁtentur
1020 1171 1178 1232 scire,
1213 1169 1362 1242 {actis
1395 1180 1564 1224 autem
1603 1179 1790 1240 negant
1817 1168 1944 1240 (Tit.
1997 1170 2048 1223 1.

467 1261 574 1331 16).
608 1262 720 1316 lloc
762 1262 904 1316 enim
934 1276 1040 1316 non
1081 1271 1164 1317 est
1194 1261 1408 1318 testium
1429 1302 1444 1326 ,
1477 1261 1574 1317 sed
1595 1260 2050 1316 adversariorum.

461 1353 611 1421 Quod
643 1353 731 1408 alii
765 1364 1002 1424 negent,
1033 1354 1169 1408 nihil
1215 1353 1447 1420 mirum;
1493 1353 1638 1425 quod
1681 1363 1862 1409 autem
1907 1368 2006 1407 nos
2032 1394 2048 1421 ,

460 1445 548 1512 qui
579 1445 632 1498 in
665 1445 1034 1500 testimonium
1080 1460 1368 1510 vocamur,
1399 1459 1656 1515 negemus
1675 1485 1690 1511 ,
1724 1445 1774 1499 id
1805 1460 1968 1515 grave
1997 1453 2052 1500 et

457 1551 748 1593 onerosum
797 1547 916 1593 est:
951 1537 1054 1593 hoc
1085 1539 1319 1592 maxime
1363 1537 1529 1592 rebus
1577 1537 1775 1592 nostris
1827 1536 2047 1591 noxium

454 1639 554 1686 est.
584 1631 650 1686 In
683 1633 1018 1687 testimonium
1046 1631 1149 1686 illis
1174 1632 1360 1686 eveniet
1387 1631 1535 1700 (Luc.
1561 1631 1659 1685 2L
1693 1629 1805 1703 I3),
1838 1631 2045 1701 inquit:

453 1725 547 1780 sed
601 1725 646 1779 si
701 1740 807 1780 non
863 1725 1199 1791 resiliamus,
1233 1725 1276 1779 si
1325 1723 1706 1778 consistamus.
1765 1723 1820 1778 Si
1858 1739 2048 1778 omnes

454 1818 680 1874 velimus
730 1818 946 1873 Christo
1000 1817 1312 1882 testiﬁcari,
1364 1816 1471 1870 cito
1523 1815 1705 1871 multis
1756 1817 2046 1887 gentilibus

455 1910 922 1980 persuadebimus.

519 2003 573 2059 4.
601 2001 788 2072 Magna
842 2016 929 2058 res
987 2011 1072 2058 est
1115 2003 1256 2071 vita,
1285 2001 1509 2058 dilecti:
1541 2003 1668 2058 licet
1717 2003 1838 2074 quis
1892 2001 2044 2060 valde

451 2092 593 2148 l‘erus
639 2095 748 2161 sit,
778 2094 968 2150 saltem
1001 2105 1186 2166 aperte
1230 2110 1337 2149 non
1384 2095 1659 2150 damnabit
1697 2109 1794 2150 nos
1824 2105 2044 2165 propter

453 2185 720 2256 dogma’;
752 2186 845 2241 sed
877 2186 1014 2242 clam
1054 2187 1332 2255 admittet,
1362 2186 1600 2242 laudabit
1647 2196 1701 2243 et
1748 2187 2041 2243 admirabi-

447 2286 552 2331 tur.
596 2277 664 2332 Et
712 2276 1014 2344 undenam,
1047 2278 1296 2350 inquies,
1337 2279 1440 2334 erit
1470 2279 1578 2335 vita
1625 2280 1869 2350 optima?
1918 2281 2034 2335 Non

445 2369 694 2436 aliunde,
727 2384 886 2440 quam
939 2385 1003 2426 ex
1055 2369 1235 2425 divina
1266 2372 1600 2442 operatione.
1650 2371 1787 2440 Quid
1817 2386 1948 2443 ergo
1994 2373 2040 2428 si

444 2466 674 2533 gentiles
705 2466 815 2521 sint
846 2465 1025 2521 tales?
1071 2465 1150 2520 Illi
1185 2467 1229 2522 si
1280 2467 1496 2537 quando
1527 2467 1659 2523 tales
1689 2467 1836 2534 sint,
1867 2467 1920 2522 id
1951 2468 2039 2522 alii

441 2573 506 2612 ex
539 2566 730 2613 natura
751 2598 765 2623 ,
805 2559 896 2613 alii
928 2573 994 2613 ex
1043 2573 1176 2613 vana
1206 2560 1375 2630 gloria
1409 2559 1626 2615 habent.
1663 2559 1756 2614 Vis
1784 2558 1994 2616 discere
2018 2603 2035 2628 ,

441 2651 530 2721 qui
557 2650 627 2705 sit
652 2651 868 2706 virtutis
907 2650 1164 2720 splendor
1187 2693 1202 2717 ,
1235 2661 1494 2721 quantum
1521 2651 1698 2708 valeat
1723 2651 1790 2707 ad
1816 2667 2037 2723 persua-

437 2741 714 2797 dendum?
752 2741 900 2797 Multi
933 2741 1171 2797 haeretici
1195 2783 1211 2810 ,
1243 2743 1345 2798 etsi
1375 2742 1624 2814 dogmata
1652 2753 1904 2815 corrupta
1935 2744 2035 2800 ha-

442 2836 630 2902 berent
655 2875 670 2900 ,
702 2835 772 2889 ita
801 2835 1082 2890 invaluere
1103 2876 1118 2901 ,
1152 2843 1211 2889 ut
1237 2835 1390 2890 multi
1431 2836 1676 2891 homines
1705 2851 1770 2892 ex
1815 2837 1937 2892 vita:
1966 2836 2034 2892 il-

436 2928 610 2982 lorum
634 2927 938 2984 reverentia
964 2927 1158 2998 dogma
1189 2927 1404 2983 illorum
1430 2942 1538 2982 non
1568 2929 2028 2984 examinaverint:

436 3019 526 3074 alii
583 3020 675 3091 qui
725 3018 846 3076 illos
902 3020 972 3076 ob
1019 3018 1214 3090 dogma
1264 3019 1685 3090 improbabant,
1735 3021 1807 3076 ob
1866 3020 2030 3074 vitam

436 3112 655 3167 reveriti
697 3119 861 3178 sunt;
892 3125 999 3166 non
1025 3111 1167 3167 bene
1193 3121 1342 3167 certe
1365 3153 1380 3179 ,
1429 3110 1525 3168 sed
1554 3110 1610 3166 id
1662 3119 1843 3168 tamen
1890 3112 2030 3182 passi

433 3215 580 3262 sunt.
622 3206 736 3261 Iloc
763 3205 886 3261 ﬁdei
915 3214 1117 3261 nostrm
1158 3205 1497 3261 honestatem
1543 3204 1876 3271 diﬁ'amavit;
1927 3204 2032 3261 hoc

433 3295 930 3352 omuia.subvcrtit
958 3337 971 3362 ,
1020 3296 1163 3367 quod
1208 3311 1369 3352 nemo
1415 3296 1577 3351 ullam
1609 3296 1732 3350 vita:
1762 3298 2030 3352 rationein

430 3388 674 3454 habeat;
707 3387 811 3443 hoc
863 3388 1022 3442 ﬁdem
1076 3387 1405 3458 pessumdat.
1464 3387 1701 3444 Dicimus
1751 3387 2026 3445 Christum

437 3497 562 3539 esse
606 3482 798 3549 Deum,
828 3482 1109 3538 innumera
1161 3481 1266 3536 alia
1298 3479 1653 3552 proferimus,
1683 3490 1738 3536 et
1775 3480 1877 3538 hoc
1906 3498 2027 3538 cum

431 3575 552 3630 aliis
579 3617 593 3641 ,
627 3574 771 3647 quod
796 3575 1131 3646 persuaserit
1159 3574 1412 3630 omnibus
1433 3615 1447 3641 ,
1476 3586 1536 3630 ut
1561 3585 1705 3630 recte
1733 3577 1976 3632 viverent
2003 3593 2050 3643 ;-

433 3669 528 3725 sed
560 3669 661 3725 hoc
686 3669 740 3723 in
777 3670 960 3740 paucis
988 3683 1212 3726 cernere
1240 3677 1343 3724 est.
1374 3668 1806 3725 Resurrectionis
1834 3669 2026 3741 dogma

435 3761 581 3817 lmdit
605 3762 728 3816 vita:
755 3762 1072 3832 improbitas
1091 3805 1105 3828 ,
1134 3777 1343 3817 necnon
1389 3763 1810 3819 immortalitatis
1835 3765 2028 3820 animae

428 3868 483 3915 et
525 3858 713 3928 1Ῑιιιιὶρὶἰ
742 3875 756 3922 ;
789 3859 1064 3927 multaque
1106 3857 1210 3911 alia
1241 3857 1500 3925 attrahit,
1535 3857 1702 3913 fatum
1731 3898 1746 3924 ,
1785 3859 2026 3914 necessi-

433 3960 618 4016 tatem,
645 3951 983 4022 negationem
1007 3948 1377 4019 providentiae.
1407 3949 1601 4006 Anima
1617 3951 1761 4007 enim
1787 3951 1839 4006 in
1870 3953 2027 4009 malis

432 4042 733 4098 innumeris
761 4044 1011 4097 immersa
1037 4082 1051 4106 ,
1085 4040 1200 4096 lucc
1228 4041 1329 4096 διιεῖ
1361 4043 1674 4114 excogitare
1703 4045 1933 4116 satagit,
1960 4062 2026 4102 ne

495 4242 748 4323 ἶέδὶθῗρὲἓ
763 4243 1214 4323 ιίῗὲίυὶἶιέἒτέἒνξέξ
1233 4261 1454 4323 ῖινιθεὲςβῆ
1477 4264 1812 4323 ιατατινέοση.⁸ιδι
1827 4271 1869 4309 τὸ
1892 4269 2026 4323 δότμσο

427 4316 560 4382 (nisi,
585 4302 771 4382 deleta,
796 4312 852 4382 ut
874 4309 1033 4382 series
1056 4302 1304 4382 posmla're
1325 4302 1521 4382 videtur
1538 4349 1552 4374 ,
1578 4302 2021 4382 hegAiioﬁé'Jj‘éil

426 4365 762 4426 gniticabunt:
790 4365 914 4416 Licet
935 4365 1100 4431 aperte
1134 4372 1414 4422 condemnet
1436 4365 1632 4439 propter
1644 4365 1848 4446 Hogiiid.

435 4505 557 4515 Om-

561 4509 774 4516 w—

1240 404 1296 460 S.
1329 402 1604 461 JOANNIS
1641 401 2118 460 CIIRYSOSTOMI
2159 403 2475 461 ARCIIIEP.
2517 409 3048 473 CONSTANTINOP.
3665 425 3769 477 εδει,

2174 527 2360 574 maesta
2393 520 2461 574 sit
2490 525 2733 594 cogitans
2755 526 3017 596 judicium
3047 527 3162 584 fore
3187 569 3203 596 ,
3234 538 3288 585 ct
3331 531 3382 584 in
3419 531 3575 588 nobis
3601 535 3764 591 situm

2168 624 2287 665 esse
2317 611 2526 670 virtutis
2552 625 2605 671 et
2644 619 2897 688 nequitia:
2925 619 3184 677 studium.

2254 700 2366 755 Vita
2414 703 2646 776 improba
2672 709 2826 776 ﬁdem
2855 714 3156 784 corrumpit.
3184 743 3254 754 —
3288 713 3436 769 Talis
3465 715 3574 770 vita
3607 715 3764 774 innu-

2165 805 2310 846 mera
2341 803 2596 865 operatur
2625 799 2786 866 mala,
2827 801 3073 858 homines
3101 803 3244 860 feras
3270 806 3468 875 reddit,
3499 808 3606 863 imo
3634 809 3762 867 feris

2164 882 2684 942 irrationabiliores:
2733 905 2856 945 nam
2886 907 3006 962 quae
3051 894 3101 948 in
3145 894 3490 952 diversarum
3523 898 3760 956 ferarum

2165 983 2354 1029 natura
2400 987 2558 1046 sunt,
2621 980 2706 1035 illa
2737 997 2882 1052 εωρο
2929 983 2982 1038 in
3033 1001 3142 1040 uno
3179 987 3398 1045 homine
3427 991 3672 1062 colligit,
3705 1003 3760 1049 et

2164 1074 2332 1122 totum
2355 1069 2635 1126 subvertit.
2661 1073 2786 1130 Ideo
2813 1075 2980 1132 fatum
3002 1078 3301 1137 introduxit
3319 1082 3566 1143 diabolus
3595 1106 3608 1142 :
3635 1090 3761 1146 ideo

2161 1159 2277 1216 sine
2323 1162 2658 1230 providentia
2709 1166 2965 1222 mundum
3010 1171 3122 1242 regi
3162 1172 3299 1228 dixit
3337 1190 3352 1227 :
3386 1175 3509 1231 ideo
3538 1188 3757 1235 naturas

2160 1252 2310 1319 ponit
2354 1252 2522 1310 bonas
2549 1265 2604 1311 ct
2630 1257 2836 1314 malas:
2871 1259 3071 1316 idcirco
3115 1263 3314 1318 malum
3346 1266 3466 1322 sine
3492 1269 3755 1340 principio

2159 1352 2214 1397 et
2257 1347 2535 1402 matcriale
2565 1353 2852 1420 supponit:
2884 1351 3084 1408 idcirco
3113 1354 3245 1410 nihil
3276 1371 3380 1411 non
3411 1359 3558 1428 agit,
3590 1372 3646 1415 ut
3673 1363 3751 1415 vi.

2160 1443 2266 1490 tam
2294 1430 2533 1492 nostram
2556 1452 2884 1512 corrumpat.
2914 1443 3098 1514 Neque
3123 1445 3266 1500 enim
3298 1447 3414 1504 ﬁeri
3443 1459 3658 1519 potest,
3693 1464 3748 1507 ut

2157 1525 2203 1580 is
2224 1567 2238 1593 ,
2267 1527 2356 1596 qui
2397 1529 2488 1582 tali
2519 1530 2678 1585 modo
2709 1531 2878 1600 vivit,
2909 1533 2989 1589 vel
3016 1550 3046 1588 a
3077 1536 3256 1604 pravis
3285 1537 3628 1609 dogmatibus
3656 1558 3746 1596 rc-

2155 1617 2299 1672 siliat
2324 1659 2340 1684 ,
2374 1621 2454 1674 vel
2486 1621 2537 1676 in
2567 1637 2698 1677 sana
2728 1623 2830 1680 ﬁde
2858 1636 3110 1692 maneat;
3154 1627 3249 1684 sed
3279 1633 3588 1687 necessario
3633 1633 3747 1690 huic

2153 1722 2413 1768 assumct.
2445 1713 2560 1770 Non
2589 1727 2718 1786 puto
2761 1719 2905 1773 enim
2953 1721 3258 1790 quempiam
3291 1725 3518 1793 reperiri
3543 1740 3605 1780 ex
3638 1727 3704 1782 iis
3730 1768 3744 1793 ,

2151 1806 2242 1875 qui
2289 1821 2396 1862 non
2455 1819 2602 1865 recte
2643 1810 2862 1880 vivunt,
2890 1813 2979 1883 qui
3023 1829 3130 1868 non
3175 1814 3341 1870 millia
3369 1819 3604 1873 satanica
3637 1835 3750 1875 IIIo-

2150 1895 2382 1964 ditetur;
2412 1900 2559 1954 verbi
2590 1902 2758 1972 gratia
2781 1943 2797 1970 ,
2828 1903 2992 1957 latum
3019 1918 3140 1960 esse
3166 1946 3181 1971 ,
3210 1919 3297 1960 res
3326 1920 3514 1962 omnes
3543 1917 3747 1966 temere

2151 1988 2318 2058 ferri,
2371 1994 2677 2062 permixtim
2722 2005 2779 2051 et
2825 1996 3049 2053 confuse
3096 1999 3274 2054 omnia
3320 2000 3521 2070 jacere.
3575 2002 3742 2070 Ideo,

2151 2080 2420 2148 obsecro,
2466 2083 2590 2138 vita:
2639 2085 2821 2155 proba:
2869 2101 3053 2142 curam
3104 2087 3455 2158 habeamus,
3492 2109 3561 2148 ne
3605 2095 3742 2148 mala

2150 2170 2508 2240 suscipiamus
2536 2173 2809 2246 dogmata.
2856 2176 2988 2232 Cain
3020 2179 3074 2233 in
3121 2179 3380 2237 ultionem
3411 2184 3654 2254 accepit,
3689 2195 3747 2240 ut

2148 2260 2523 2332 ingemisceret
2545 2309 2561 2334 ,
2594 2275 2649 2322 et
2679 2275 2954 2325 tremeret.
3003 2268 3162 2326 Tales
3189 2282 3314 2328 sunt
3357 2273 3621 2344 improbi,
3655 2277 3738 2331 in-

2146 2367 2495 2410 numerorum
2542 2357 2646 2412 sibi
2683 2359 2946 2415 malorum
2992 2361 3194 2417 conscii
3223 2380 3237 2417 :
3265 2379 3408 2435 saepe
3447 2381 3513 2421 ex
3553 2382 3745 2423 somno

2145 2445 2421 2514 exsiliunt,
2447 2448 2768 2506 turbulenta:
2792 2461 2917 2507 sunt
2943 2451 3295 2523 cogitationes
3316 2472 3522 2526 eorum,
3547 2459 3743 2516 turbati

2144 2535 2284 2590 oculi
2307 2578 2322 2603 ,
2351 2540 2532 2594 omnia
2562 2541 2873 2612 suspicione
2937 2545 3093 2614 plena
3119 2587 3135 2613 ,
3168 2555 3376 2604 terrore
3398 2589 3413 2617 ,
3461 2551 3609 2620 gravi
3642 2567 3743 2607 ex-

2145 2629 2480 2698 spectatione
2504 2672 2518 2695 ,
2550 2642 2696 2688 metu
2738 2634 2893 2704 plena
2915 2637 3115 2705 anima,
3151 2637 3437 2696 formidine
3465 2651 3520 2697 et
3549 2643 3744 2700 timore

2145 2721 2437 2789 subversa,
2486 2723 2739 2781 inhabilis
2783 2738 2884 2783 est.
2929 2727 3072 2784 Nihil
3123 2731 3210 2786 tali
3260 2733 3437 2788 anima
3480 2734 3696 2790 mollius
3724 2777 3740 2803 ,

2147 2810 2283 2866 nihil
2324 2813 2685 2884 insipientius.
2737 2817 2891 2874 Sicut
2914 2819 3104 2876 furiosi
3139 2837 3244 2878 non
3273 2833 3418 2880 stant
3446 2826 3500 2880 in
3535 2837 3741 2884 semet--

2141 2903 2296 2972 ipsis,
2346 2905 2426 2959 sic
2466 2915 2519 2961 et
2560 2907 2647 2961 illa
2678 2909 2962 2965 instabilis.
3006 2910 3357 2978 Quandonam
3397 2931 3526 2987 ergo
3556 2918 3648 2973 illa
3686 2919 3740 2974 in

2137 3008 2360 3052 sensum
2385 3006 2548 3052 tanta:
2575 3000 2820 3071 caliginis
2847 3003 3049 3069 veniat,
3074 3018 3232 3074 quam
3256 3006 3736 3077 optandumcsset,

2144 3089 2530 3160 tranquillitate
2581 3093 2986 3164 serenitateque
3036 3093 3340 3162 fruentem,
3376 3113 3535 3168 posse
3581 3115 3735 3156 suam

2137 3193 2433 3250 agnoscere
2462 3181 2840 3238 nobilitatem?
2870 3185 3004 3239 Dum
3031 3195 3210 3242 autem
3241 3187 3419 3241 omnia
3451 3188 3597 3244 illam
3625 3200 3733 3246 ter-

2137 3281 2262 3328 rent
2291 3281 2345 3328 et
2374 3273 2626 3341 turbant,
2661 3275 2868 3330 somnia
2890 3317 2906 3343 ,
2936 3276 3102 3332 verba
3125 3317 3139 3344 ,
3173 3277 3388 3333 habitus
3409 3289 3508 3348 ,.et
3551 3283 3736 3352 suspi-

2140 3364 2360 3429 ciones,
2390 3365 2609 3434 quando
2655 3367 2851 3436 poterit
2883 3368 2935 3422 in
2981 3383 3040 3424 se
3068 3369 3374 3442 respicere,
3406 3371 3485 3426 sic
3526 3372 3732 3427 turbata

2141 3467 2197 3514 et
2244 3459 2539 3528 perplexa?
2575 3459 2718 3515 Illius
2748 3477 2878 3532 ergo
2923 3471 3126 3517 metum
3169 3462 3476 3530 solvamus,
3523 3465 3735 3520 vincula

2140 3549 2537 3621 dirumpamus.
2587 3553 2721 3609 Nam
2754 3555 2798 3609 si
2851 3571 2957 3610 non
3006 3564 3153 3611 esset
3203 3571 3362 3628 pcena
3389 3597 3406 3624 ,
3437 3573 3543 3628 qua
3577 3574 3736 3628 paena

2135 3642 2251 3697 hme
2289 3644 2506 3715 gravior
2536 3661 2641 3700 non
2687 3646 2884 3714 fuerit,
2919 3647 2971 3701 in
3019 3647 3213 3704 timore
3242 3663 3460 3720 semper
3505 3649 3692 3705 vivere
3717 3692 3736 3718 ,

2133 3751 2423 3808 numquam
2449 3740 2724 3796 conlidere
2745 3781 2760 3807 ,
2789 3756 3082 3812 numquam
3112 3742 3392 3812 quiescere
3412 3743 3437 3776 9
3464 3743 3586 3799 Hzcc
3615 3759 3738 3798 om-

2132 3830 2218 3884 nia
2243 3841 2496 3886 accurate
2517 3833 2771 3901 scientes,
2801 3833 2851 3887 in
2883 3833 3271 3905 tranquillitate
3297 3850 3396 3891 nos
3425 3853 3727 3904 servemus,

2137 3929 2193 3976 et
2216 3921 2467 3976 virtutem
2492 3923 2756 3988 colamus,
2775 3933 2833 3978 ut
2853 3932 2907 3979 et
2926 3939 3054 3980 sana
3085 3924 3335 3996 dogmata
3363 3936 3418 3982 et
3439 3927 3601 3982 vitam
3636 3927 3733 3982 bo—

2143 4028 2266 4070 nam
2317 4013 2620 4086 habentes,
2661 4017 2780 4072 sine
2825 4017 3147 4072 oﬁ'cndiculo
3194 4021 3358 4074 vitam
3409 4031 3732 4089 prmscntem

2138 4105 2530 4176 transigamus,
2561 4117 2615 4163 et
2661 4108 2926 4178 promissa
2972 4108 3318 4180 diligentibus
3368 4110 3542 4180 ipsum
3592 4111 3730 4167 bona

2132 4212 2560 4270 consequamur,
2592 4202 2763 4273 gratia
2795 4211 2850 4256 ct
2873 4201 3206 4273 benignitate
3257 4202 3526 4275 Unigeniti
3569 4204 3685 4276 ejus
3713 4247 3728 4273 ,

2131 4291 2347 4360 quicum
2371 4293 2514 4348 Patri
2544 4303 2598 4350 et
2619 4294 2842 4365 Spiritui
2865 4304 3051 4350 sancto
3073 4294 3267 4366 gloria.
3290 4297 3596 4366 imperium,
3624 4300 3722 4353 ho-

2132 4395 2254 4449 nor,
2278 4398 2421 4439 nunc
2447 4394 2502 4440 et
2530 4399 2768 4457 semper,
2798 4387 2924 4442 etin
2947 4385 3142 4442 smcula
3163 4388 3506 4444 saeculorum.
3525 4392 3718 4446 Amen.

775 4509 2839 4556 Ἠ

1768 4625 2103 4691 HOMILIA
2145 4631 2426 4697 XLVIII.

430 4750 555 4806 Car.
608 4751 698 4809 (ΕΞ.
746 4771 798 4809 v.
846 4757 931 4811 I7.
987 4757 1205 4814 Factum
1245 4771 1317 4816 est
1365 4773 1534 4820 autem
1593 4773 1856 4826 revertenti
1900 4775 2024 4829 mihi

506 4846 557 4898 in
587 4845 896 4917 Jerusalem,
916 4861 963 4905 et
993 4856 1158 4932 oranti
1184 4856 1237 4910 in
1267 4860 1473 4930 templo,
1494 4861 1606 4929 ﬁeri
1633 4880 1712 4918 me
1735 4864 1788 4920 in
1817 4870 2024 4938 exstasi,

508 4939 593 4993 I8.
624 4949 672 4994 et
701 4941 866 4998 uidere
892 4944 1040 4999 illum
1070 4946 1313 5003 dicentem
1354 4952 1480 5006 mihi
1519 4970 1538 5008 :
1584 4953 1818 5023 Festina,
1861 4970 1910 5014 et
1946 4962 2030 5016 exi

504 5031 736 5087 uelociter
771 5051 836 5090 ea:
858 5035 1166 5108 Jerusalem,
1215 5043 1454 5112 quoniam
1482 5062 1582 5101 non
1614 5050 1856 5119 recipient
1881 5054 2027 5108 testi-

509 5125 733 5180 monium
762 5136 906 5181 tuum
930 5128 993 5184 de
1017 5147 1114 5186 me.
1151 5131 1234 5187 l9.
1269 5132 1338 5188 Et
1365 5151 1456 5206 ego
1481 5137 1590 5192 dixi
1622 5155 1642 5193 :
1670 5138 1905 5210 Domine,
1927 5144 2028 5215 ipsi

505 5215 691 5282 sciunt,
742 5219 864 5286 quia
911 5236 1001 5292 ego
1049 5239 1188 5277 eram
1227 5227 1535 5284 concludens
1587 5232 1641 5286 in
1677 5248 1950 5302 carcerem,
1980 5247 2026 5291 et

502 5309 704 5364 credens
731 5328 820 5380 per
853 5329 1140 5386 synagogas
1174 5333 1281 5384 eos,
1324 5320 1411 5390 qui
1439 5324 1709 5379 credebant
1730 5326 1786 5381 in
1811 5337 1859 5382 te
1888 5344 1908 5384 :
1931 5329 2022 5386 20.

501 5413 696 5456 etcum
724 5405 1022 5475 funderetur
1064 5412 1272 5480 sanguis
1316 5410 1570 5482 Stephani
1613 5417 1750 5472 testis
1791 5421 1884 5486 tui,
1934 5437 2025 5493 ego

505 5497 792 5565 adstabant,
822 5507 868 5552 et
895 5503 1267 5556 consentiebant
1297 5505 1405 5558 neci
1439 5508 1567 5578 ejus,
1598 5519 1648 5563 et
1681 5511 2024 5568 custodiebant

501 5587 792 5642 uestimenta
814 5589 1223 5659 interﬁciendum
1247 5595 1415 5650 illum.

506 5678 552 5728 I.
599 5677 734 5733 Vide
767 5682 1034 5750 quomodo
1068 5699 1128 5740 se
1154 5686 1207 5740 in
1236 5688 1472 5756 pericula
1503 5693 1776 5763 conjiciat.
1823 5694 2020 5753 Subdit

434 5767 577 5819 enim
609 5786 620 5820 :
650 5768 868 5825 Factum
890 5784 963 5828 est
990 5786 1157 5832 autem
1185 5784 1449 5836 revertenti
1478 5786 1602 5839 milii
1623 5787 1679 5840 in
1701 5786 2020 5855 Jerusalem;

438 5851 488 5904 id
515 5866 614 5925 est,
643 5873 762 5927 post
792 5863 1049 5922 visionem
1080 5869 1220 5924 illam
1251 5889 1435 5929 rursus
1470 5877 1522 5932 in
1553 5876 1847 5935 Jerusalem
1870 5883 2014 5937 veni.

2135 4775 2202 4831 Et
2229 4779 2396 4833 oranti
2432 4781 2486 4834 in
2527 4784 2734 4852 templo,
2757 4785 2868 4854 ﬁeri
2895 4802 2973 4840 me
3001 4787 3054 4840 in
3088 4787 3294 4854 exslasi,
3323 4796 3368 4843 et
3394 4788 3729 4844 uidere'illnm

2133 4869 2378 4924 dicentem
2406 4871 2530 4926 mihi
2554 4889 2574 4928 :
2600 4871 2830 4942 Festina,
2877 4886 2924 4931 et
2953 4877 3035 4932 exi
3059 4878 3294 4932 velociter
3331 4895 3394 4934 ea:
3417 4879 3728 4945 Jerusalem,

2132 4963 2373 5032 quoniam
2401 4980 2503 5019 non
2528 4966 2772 5036 recipient
2798 4971 3141 5024 testimonium
3169 4980 3312 5026 tuum
3337 4972 3400 5028 de
3427 4989 3527 5027 me.
3560 4973 3728 5030 Vide:

2136 5067 2308 5123 neque
2338 5053 2442 5110 hoc
2466 5056 2584 5113 sine
2623 5059 2934 5115 testimonio
2959 5062 3157 5133 agitur,
3190 5063 3286 5120 sed
3315 5065 3386 5121 ab
3417 5076 3618 5124 eventu
3647 5075 3731 5122 est

2135 5147 2522 5204 testimonium.
2589 5151 2840 5219 Dixerat,
2902 5153 3028 5209 Non
3089 5157 3333 5227 recipient
3388 5160 3730 5215 testimonium

2135 5245 2279 5292 tuum
2300 5255 2320 5294 :
2347 5247 2401 5295 et
2431 5256 2538 5296 non
2569 5253 2910 5313 receperunt.
2942 5245 3104 5303 Certe
3144 5262 3209 5304 ex
3235 5250 3517 5306 ratiocinio
3540 5251 3727 5323 conje-

2133 5329 2384 5385 ctandum
2413 5341 2549 5400 erat,
2583 5335 2728 5404 quod
2770 5347 2952 5392 essent
2980 5340 3271 5410 recepturi.
3306 5339 3415 5413 Ego
3435 5343 3568 5397 enim
3589 5360 3726 5398 eram

2133 5421 2442 5477 concludens
2466 5425 2520 5478 in
2546 5439 2798 5480 carcerem
2823 5437 2872 5481 et
2908 5429 3126 5496 cadens,
3159 5430 3350 5502 inquit.
3399 5431 3524 5487 ldco
3571 5433 3728 5503 igitur

2135 5515 2376 5584 recipere
2404 5519 2727 5586 oportebat;
2770 5530 2824 5576 et
2872 5529 3054 5578 tamen
3086 5539 3192 5579 non
3220 5533 3561 5594 receperunt.
3603 5525 3729 5580 Ideo

2135 5605 2238 5661 hoc
2266 5607 2319 5662 in
2343 5611 2540 5664 εχειπεί
2563 5612 2739 5680 discit,
2760 5629 2818 5669 se
2841 5631 2944 5669 non
2969 5617 3334 5686 recipiendum
3351 5633 3491 5674 esse.
3509 5619 3602 5674 llic
3622 5622 3731 5674 duo

2135 5701 2325 5768 probat
2355 5721 2367 5758 :
2398 5712 2453 5759 et
2476 5705 2622 5774 quod
2653 5723 2758 5762 non
2782 5711 2988 5778 possint
3018 5713 3262 5766 excusari
3288 5730 3303 5779 ;
3355 5727 3482 5768 nam
3535 5723 3729 5784 prtutcr

2133 5791 2388 5848 decorum
2421 5805 2476 5851 et
2511 5806 2707 5867 prmter
2742 5801 3004 5855 rationem
3032 5803 3205 5871 ipsum
3237 5805 3724 5874 persequebantur;

2141 5894 2194 5939 ct
2224 5886 2366 5957 quod
2394 5889 2532 5944 Dens
2561 5899 2704 5946 esset
2731 5890 3001 5960 Christus,
3044 5909 3107 5950 ea
3145 5911 3263 5966 qua:
3295 5905 3493 5966 praeter
3532 5912 3724 5967 exspe-
