4112 6404
373 324 479 378 553

367 435 670 505 ,βαστάσει
702 434 768 488 τὸ
807 432 997 502 ὄνομα
1015 450 1136 503 μου
1155 448 1176 497 ;
1197 432 1525 497 Βαστάσει,
1548 430 1725 496 εἶπεν,
1755 431 1815 483 οὑ
1837 432 2054 492 πάντως

372 528 574 578 πείσει’
606 523 782 586 ἄλλως
808 521 866 575 δὲ
913 520 1160 575 Ἰουδαῖοι
1196 519 1431 592 ἀλλαχοῦ
1493 520 1594 591 μὲν
1636 520 1939 582 ἐπείθοντο,
1966 520 2056 571 ἐν-

370 611 549 666 ταῦθα
578 612 635 666 δὲ
664 612 807 681 οὑχί.
841 611 1015 663 Ὅπου
1052 608 1287 681 μάλιστα
1333 607 1444 661 ἔδει
1491 607 1807 679 πεισθῆναι,
1848 606 2058 669 εἰδότας

373 699 537 754 αὑτοῦ
566 700 666 770 τὴν
694 698 973 771 προτέραν
1006 695 1337 768 προθυμίαν,
1365 694 1602 749 ἐνταῦθα
1622 696 1721 748 οὑκ
1750 693 2053 748 ἐπείθοντο.

372 788 485 843 Καὶ
514 787 615 840 ὅτε
641 785 905 856 ἐξεχεῖτο
940 787 1008 839 τὸ
1061 779 1203 853 αἷμα
1246 782 1556 852 Στεφάνου
1608 781 1717 836 τοῦ
1752 781 2057 851 μάρτυρός

373 892 512 941 σου,
546 873 644 928 καὶ
665 873 851 940 αὐτὸς
882 872 1047 942 ἤμην
1086 870 1380 940 ἐφεστὼς,
1434 868 1532 925 καὶ
1563 868 1958 924 συνευδοκῶν
1983 867 2058 937 τῇ

374 963 679 1031 ἀναιρέσει
697 960 908 1016 αὐτοῦ.
949 957 1094 1031 Ὅρα
1127 956 1231 1011 ποῦ
1261 957 1426 1012 πάλιν
1452 958 1482 1011 6
1520 956 1678 1026 λόγος
1704 957 1951 1027 τελευτᾷ,
1977 957 2059 1018 εἰς

374 1051 436 1104 τὸ
464 1048 686 1121 ἰσχυρὸν
720 1047 1038 1118 κεφάλαιον.
1093 1046 1351 1100 Δείκνυσι
1406 1045 1539 1118 γάρ,
1596 1046 1681 1099 ὃτι
1722 1045 1885 1109 αὐτὸς
1932 1040 2001 1116 ἦν
2029 1046 2057 1097 6

377 1138 640 1203 ἐλαύνων,
663 1138 756 1192 καὶ
783 1137 884 1190 οὑκ
913 1135 1155 1190 ἐλαύνων
1177 1147 1204 1176 ιι
1257 1134 1439 1207 μόνον,
1498 1135 1637 1190 άλλά
1691 1135 1786 1190 καὶ
1833 1134 2057 1206 μυρίαις

376 1227 563 1298 χερσὶν
638 1224 885 1295 ἀναιρῶν
950 1224 1043 1278 τὸν
1092 1223 1388 1292 Στέφανον.
1453 1222 1802 1295 ’Υπέμνησεν
1860 1223 2058 1286 αὐτοὺς

379 1312 692 1385 μιαιφονίας
736 1311 1002 1384 χαλεπῆς.
1049 1312 1185 1366 Τότε
1248 1310 1312 1381 δὴ
1360 1311 1598 1383 μάλιστα
1655 1312 1757 1365 οὑκ
1791 1310 2054 1383 ἤνεγκαν,

376 1400 566 1471 ἐπειδὴ
628 1398 788 1453 τοῦτο
837 1398 1067 1470 ἤλεγχεν
1122 1397 1342 1463 αὐτούς’
1377 1399 1472 1452 καὶ
1526 1397 1696 1470 ἦδηή
1751 1397 2058 1469 προφητεία

376 1482 699 1556 ἐπληροῦτο.
738 1480 799 1537 '0
842 1483 1005 1553 ζῆλος
1058 1483 1241 1535 τοίνυν
1296 1481 1487 1546 πολὺς,
1524 1484 1619 1535 καὶ
1662 1482 1694 1552 ἡ
1757 1477 2056 1551 κατηγορία

379 1571 605 1644 σφοδρά,
653 1571 747 1626 καὶ
800 1572 852 1624 οἱ
902 1571 1184 1643 μάρτυρες
1220 1570 1321 1642 τῆς
1372 1568 1632 1641 ἀληθείας
1668 1568 1764 1623 τοῦ
1815 1566 2055 1639 Χριστοῦ

376 1659 662 1732 παρρησίᾳ
689 1658 1085 1730 διαλεγόμενοι.
1131 1656 1272 1711 Ἀλλ’
1302 1659 1351 1710 οί
1388 1657 1628 1711 Ἰουδαῖοι
1648 1656 1749 1710 οὑκ
1764 1656 2057 1727 ἠνέσχοντο

376 1747 562 1801 λοιπὸν
578 1748 756 1818 πάσης
773 1745 1005 1801 ἀκοῦσαι
1023 1746 1122 1817 τῆς
1136 1745 1202 1817 δη
1210 1743 1626 1816 μηγορίας,ἀλλ’
1643 1744 1749 1797 ὑπὸ
1769 1743 1862 1797 τοῦ
1878 1741 2055 1814 θυμοῦ

379 1832 1017 1907 σφόδραέμπρησθέντες
1041 1834 1068 1873 δ
1104 1832 1292 1888 ἐδόων.
1314 1831 1426 1886 Καὶ
1475 1828 1606 1886 εἶπε
1631 1832 1781 1901 πρός
1812 1847 1909 1902 με·
1942 1834 2056 1885 Πο-

366 1924 580 1989 ρεύου,
603 1920 693 1975 ὅτι
709 1919 825 1992 ἐγὼ
841 1924 929 1988 εις
944 1921 1088 1989 έθνη
1100 1922 1339 1991 μακρὰν
1352 1920 1673 1976 ἀποστελῶ
1688 1921 1968 1975 σε.”Ηκοι
1984 1936 2058 1973 ον

376 2007 642 2063 δὲαύτοῦ
681 2007 819 2079 ἄχρι
873 2007 981 2063 τοῦ
1029 2009 1218 2079 λόγου
1248 2010 1488 2074 τούτου,
1528 2007 1627 2062 καί
1661 2006 1899 2077 ἐπῆραν
1941 2006 2058 2076 τὴν

372 2096 583 2166 φωνὴν
613 2095 833 2163 αὐτῶν,
849 2095 1152 2165 λέγοντεςο
1176 2091 1317 2164 Αἶρε
1329 2096 1449 2150 ἀπὸ
1466 2095 1580 2166 τῆς
1602 2095 1717 2166 γῆς
1739 2096 1848 2150 τὸν
1865 2094 2056 2149 τοιοῦ-

372 2200 499 2238 τον·
522 2185 595 2238 οὐ
624 2183 735 2255 γὰρ
764 2181 1027 2252 καθῆκεν
1049 2183 1238 2237 αὑτὸν
1254 2181 1379 2252 ζῇν.
1399 2181 1744 2253 Κραζόντων
1769 2182 1838 2237 δὲ
1857 2182 2057 2237 αὐτῶν

374 2271 473 2325 καὶ
497 2271 878 2339 ,ῥιπτούντων
897 2270 969 2323 τὰ
992 2269 1212 2340 ἱμάτια,
1240 2270 1335 2324 καὶ
1359 2271 1677 2340 κονιορτὸν
1690 2269 2057 2336 βαλλόντων

374 2361 464 2425 είς
487 2358 595 2413 τόν
618 2358 787 2427 ἀέρα,
811 2356 1141 2412 ἐκέλευσεν
1174 2360 1207 2411 ό
1230 2359 1543 2427 χιλίαρχος
1566 2357 1912 2427 εἰσάγεσθαι
1942 2362 2051 2413 αὐ-

373 2444 484 2499 τὸν
517 2447 603 2512 εἰς
632 2445 749 2514 τὴν
801 2444 1211 2514 παρεμϐολὴν,
1267 2444 1455 2498 εἰπὼν
1503 2444 1793 2514 μάστιξιν
1845 2444 2055 2499 ἀνετά-

374 2530 572 2592 ζεσθαι
597 2530 804 2596 αὐτὸν,
828 2531 929 2584 ἵνα
963 2529 1104 2597 γνῷ,
1137 2531 1211 2584 δι’
1252 2530 1333 2599 ἢν
1355 2531 1552 2587 αἰτίαν
1580 2532 1736 2585 οὕτω
1756 2533 2055 2587 κατεϐόων

369 2619 579 2675 αὐτοῦ.
612 2619 725 2673 Καὶ
756 2617 848 2672 τὸν
890 2617 1168 2689 χιλίαρχον
1197 2618 1315 2671 δέον
1340 2618 1618 2685 ἐξετάσαι,
1665 2620 1715 2672 εί
1752 2619 1930 2673 ταῦτα
1958 2621 2051 2673 οῦ-

374 2725 482 2772 τως
513 2706 647 2779 ἔχοι,
690 2706 728 2778 ἦ
765 2705 862 2760 καὶ
920 2706 1123 2770 αὑτοὺς
1180 2706 1444 2771 ἐκείνους
1504 2709 1532 2762 6
1563 2707 1619 2761 δέ
1668 2708 1835 2778 μηδὲν
1891 2707 2053 2761 πλέον

371 2799 644 2865 ποιήσας,
714 2792 965 2865 μάστιξιν
1040 2793 1325 2859 ἀνετάζειν
1391 2795 1559 2851 αὑτὸν
1628 2794 2048 2865 ἐπαγγέλλεται.

381 2883 699 2938 Ἐκέλευσε
740 2882 850 2955 γὰρ
880 2881 1091 2947 αὐτόν,
1150 2883 1336 2952 φησὶν,
1388 2883 1741 2954 είσάγεσθαι
1797 2886 1887 2951 είς
1938 2885 2054 2953 τὴν

369 2970 780 3043 παρεμϐολὴν,
821 2970 1008 3025 εἰπὼν
1057 2969 1351 3040 μάστιξιν
1403 2970 1790 3032 ἀνετάζεσθαι
1837 2973 2049 3039 αὐτὸν,

367 3059 473 3114 ἵνα
501 3056 641 3129 γνῷ,
671 3057 746 3112 δι’
799 3055 878 3125 ἣν
898 3057 1097 3112 αἰτίαν
1136 3056 1291 3111 οὕτω
1319 3067 1342 3095 ε
1370 3058 1668 3111 κατεϐόων
1696 3058 1903 3114 αὐτοῦ.
1941 3060 2054 3114 Καὶ

373 3148 482 3220 μὴν
513 3148 644 3218 παρ’
666 3146 890 3200 ἐκείνων
920 3144 1026 3198 ἔδει
1076 3143 1274 3216 μαθεῖν
1324 3143 1434 3197 τῶν
1496 3144 1917 3214 καταὸοώντων,
1954 3148 2053 3202 καὶ

369 3235 646 3307 ἐρωτῆσαι
665 3235 720 3288 εί
739 3249 884 3297 τινος
918 3231 1026 3286 τῶν
1079 3232 1387 3304 εἰρημένων
1433 3232 1897 3304 ἐπελαμϐάνοντοο
1934 3236 2049 3290 ἀλλ’

370 3320 561 3384 ἁπλῶς
589 3323 656 3394 τῇ
679 3319 898 3392 ἐξουσίᾳ
919 3321 1136 3392 χρᾶται,
1158 3320 1253 3373 καὶ
1276 3319 1506 3383 ἐκείνοις
1536 3321 1671 3393 πρὸς
1688 3321 1850 3393 χάριν
1880 3325 2048 3377 ποιεῖ’

368 3411 431 3464 ού
472 3408 581 3480 γὰρ
613 3408 773 3462 τοῦτο
792 3407 1001 3480 ἐζήτει,
1045 3408 1195 3473 ὅπως
1224 3406 1451 3474 δικαίως
1497 3427 1550 3464 τι
1599 3410 1882 3483 πράξειεν,
1933 3411 2049 3466 ἀλλ’

369 3501 519 3563 ὅπως
541 3496 771 3550 παύσειε
820 3497 912 3551 τὸν
955 3496 1180 3551 ἐκείνων
1222 3496 1394 3569 θυμὸν
1450 3498 1639 3553 ἄδικον
1690 3499 1821 3555 ὄντα
1871 3499 2045 3573 [559].

379 3588 478 3654 Ὠς
501 3585 570 3639 δὲ
598 3584 1191 3654 προσέτεινοναὺτὸν
1211 3585 1334 3652 τοῖς
1354 3584 1584 3656 ἱμᾶσιν,
1607 3583 1739 3643 εἷπε
1759 3591 1909 3659 πρὸς
1941 3589 2052 3643 τὸν

365 3673 598 3729 ἑστῶτα
654 3673 1118 3742 ἑκατόνταρχον·
1163 3676 1232 3728 El
1282 3673 1599 3742 ἄνθρωπον
1640 3676 1921 3746 Ῥωμαῖον
1948 3678 2047 3732 καί

365 3763 765 3834 ἀκατάκριτον
793 3765 1040 3829 ἔξεστιν
1074 3761 1217 3833 ὑμῖν
1229 3763 1544 3832 μαστίζειν
1563 3780 1583 3829 ;
1623 3765 1737 3818 Οὐκ
1778 3764 2050 3835 ἐψεύσατο

284 3888 293 3895 -
366 3852 603 3915 Παῦλος,
635 3851 710 3923 μὴ
740 3851 976 3920 γένοιτο,
1028 3849 1296 3920 Ῥωμαῖον
1323 3850 1513 3903 ἐαυτὸν
1537 3850 1730 3905 εἰπών·
1776 3851 2047 3923 Ῥωμαῖος

366 3938 477 4009 γὰρ
496 3934 584 4010 ἦν·
618 3938 700 3991 διὸ
726 3939 821 3992 καὶ
839 3940 866 3991 6
885 3937 1161 4008 χιλίαρχος
1183 3936 1422 4001 ἀκούσας
1458 3937 1724 4006 φοϐεῖται.
1752 3940 1863 3992 Καὶ
1879 3939 2045 4006 τίνος,

368 4028 555 4100 φησὶν,
581 4026 767 4081 ἕνεκεν
787 4024 1031 4097 ἐφοϐήθη
1053 4043 1067 4092 ;
1088 4027 1158 4079 El
1173 4025 1418 4090 ἔξεστιν
1444 4024 1587 4096 ὑμῖν
1610 4024 1820 4097 ἕτερον,
1841 4026 2048 4081 ἔδεισεν

367 4117 457 4181 ἂν,
485 4115 562 4187 μὴ
595 4112 708 4184 άλῷ
740 4113 833 4167 καὶ
860 4112 1082 4183 μείζονα
1118 4110 1275 4179 δίκην
1312 4110 1408 4183 δῷ.
1455 4112 1568 4166 Καὶ
1601 4113 1836 4184 ὃρα,οὑχ
1850 4113 2047 4188 άπλῶς

366 4220 553 4275 φησιν,
578 4200 717 4267 ἀλλ’,
751 4201 814 4254 El
846 4200 1058 4265 ἔξεστιν
1082 4200 1245 4271 ὑμῖν;
1274 4199 1378 4252 Δύο
1396 4200 1468 4253 τά
1497 4199 1843 4271 ἐγκλήματα,
1872 4202 2046 4256 καὶτὸ

366 4296 494 4349 ἄνευ
522 4291 706 4361 λόγου,
741 4290 837 4343 καὶ
869 4288 929 4342 τὸ
943 4287 1217 4360 Ῥωμαῖον
1231 4288 1381 4342 ὄντα.
1404 4287 1666 4359 Μεγάλην
1678 4283 1825 4359 εἶχον
1839 4289 2045 4360 ταύτην

363 4379 487 4433 τότε
541 4377 845 4451 προνομίαν
883 4378 935 4430 οί
976 4375 1288 4447 ἀξιούμενοι
1341 4374 1485 4428 οὕτω
1519 4374 1824 4429 καλεῖσθαι*
1848 4377 1944 4430 καὶ
1981 4378 2045 4431 οὑ

366 4467 569 4530 πάντες
616 4468 805 4521 τούτου
856 4466 1179 4536 ἐτύγχανονσ
1231 4466 1341 4519 ἀπὸ
1395 4465 1505 4535 γὰρ
1569 4464 1855 4536 Ἀδριανοῦ
1911 4481 2044 4534 φασι

366 4554 579 4618 πάντας
628 4553 938 4625 Ῥωμαίους
1000 4552 1396 4625 ὀνομασθῆναι,
1456 4552 1517 4605 τὸ
1560 4551 1619 4606 δὲ
1670 4552 1901 4607 παλαιὸν
1943 4554 2043 4625 οὐχ

365 4642 537 4709 οὕτως
568 4638 655 4715 ἦν.
693 4643 765 4696 Ἦ
792 4642 886 4698 καὶ
924 4641 1195 4713 Ῥωμαῖον
1237 4640 1432 4696 ἐαυτὸν
1468 4635 1645 4705 εἶπεν,
1683 4640 1772 4695 ἵνα
1804 4640 2042 4713 διαφύγῃ

361 4731 462 4803 τὴν
490 4731 780 4802 τιμωρίαν·
814 4730 1293 4801 εὐκαταφρόνητος
1322 4730 1432 4801 γὰρ
1465 4729 1532 4784 ἂν
1591 4729 1809 4799 ἐγένετο
1844 4746 2043 4801 μαστι-

364 4818 513 4890 χθείς
536 4836 548 4849 ·
581 4817 676 4871 νῦν
699 4818 756 4871 δέ
780 4816 945 4872 τοῦτο
979 4816 1171 4882 εἰπὼν,
1197 4818 1279 4881 είς
1302 4817 1527 4870 πλείονα
1555 4817 1755 4880 αὐτοὺς
1780 4816 2043 4888 ἐμϐάλλει

363 4904 550 4975 φόϐον.
576 4906 640 4959 Et
673 4907 730 4959 δὲ
757 4906 1076 4978 ὲμάστιξαν,
1095 4905 1190 4959 καὶ
1220 4904 1573 4977 παρέτρεψαν
1603 4903 1669 4957 ἂν
1700 4904 1760 4958 τὸ
1787 4906 2040 4975 πρᾶγμα,

361 4992 397 5065 ἢ
422 4993 514 5047 καὶ
539 4993 870 5049 ἀπέκτειναν
898 4995 1081 5048 αὑτόν·
1113 4994 1210 5047 νῦν
1243 4993 1301 5047 δέ
1329 4993 1429 5064 οὐχ
1461 4992 1606 5046 οὕτω
1631 4993 1862 5061 γίνεται.
1900 4992 2042 5064 Ὅρα

362 5084 481 5149 πῶς
504 5085 535 5137 6
558 5084 693 5150 Θεὸς
736 5089 1011 5157 συγχωρεῖ
1044 5084 1140 5138 καὶ
1178 5083 1535 5154 ἀνθρωπίνως
1562 5081 1731 5137 πολλά
1763 5081 2038 5150 γενέσθαι,

361 5174 455 5227 καὶ
488 5173 575 5227 ἐπ’
602 5172 782 5226 αὑτῶν
810 5173 907 5226 καὶ
923 5171 1032 5226 τῶν
1053 5172 1279 5226 λοιπῶν.
1326 5171 1385 5224 Ὅ
1408 5170 1464 5223 δὲ
1499 5169 1782 5241 χιλίαρχος
1808 5172 2042 5241 ἀποκρι-

361 5261 496 5326 θεὶς,
520 5260 603 5315 ὅτι
632 5259 877 5315 Πολλοῦ
912 5260 1247 5329 κεφαλαίου
1303 5257 1416 5325 τὴν
1475 5259 1789 5311 πολιτείαν
1814 5258 2043 5325 ταύτην

357 5348 736 5417 ἐκτησάμην,
769 5347 1046 5401 δείκνυσιν
1082 5344 1425 5399 ὑποπτεῦσαι
1465 5344 1739 5415 πρόφασιν
1787 5342 1927 5399 εἶναι
1979 5349 2041 5399 τὸ

360 5441 534 5491 εἰπεῖν
567 5437 763 5491 ἐαυτὸν
820 5436 1090 5506 Ῥωμαῖον
1140 5433 1231 5486 τὸν
1273 5432 1506 5485 Παῦλον·
1559 5434 1653 5486 καὶ
1702 5433 1835 5497 ἴσως
1884 5434 2041 5488 τοῦτο

360 5524 631 5579 ὑπέλαϐεν
666 5525 775 5579 ἀπὸ
829 5523 927 5595 τῆς
960 5521 1241 5591 λιτότητος
1274 5520 1490 5574 Παύλου
1540 5520 1641 5592 τῆς
1686 5522 2036 5594 φαινομένης.

374 5613 669 5677 Ἀκούσας
708 5611 777 5665 δὲ
830 5615 864 5665 ό
919 5610 1373 5677 ἑκατόνταρχος,
1421 5607 1777 5674 προσελθὼν
1817 5608 1897 5675 τῷ
1954 5630 2041 5681 χι-

424 5776 452 5803 ⁸
476 5774 569 5822 Καὶ
588 5774 917 5838 οὑκ-έλαύνων
945 5775 1114 5838 _deest
1144 5775 1195 5822 in
1244 5774 1551 5838 qujbquam.
1621 5777 1649 5816 ι)
1674 5775 1827 5833 Unus,
1854 5776 2035 5838 ἐμπλη-

362 5836 660 5957 ἔεῗνὲῗέὸωῐ
687 5835 775 5884 Hic
814 5836 1035 5897 quaedam
1076 5838 1286 5885 deerant
1306 5836 1359 5886 in
1383 5836 1581 5900 Ἀρι-ειη
1616 5851 1728 5902 quae
1751 5850 1813 5886 ex
1839 5835 2036 5888 emeris

446 5911 455 5935 Ι
663 5929 674 5942 .

1158 314 1215 372 S.
1246 313 1534 372 JOANNIS
1568 313 2065 371 CHRYSOSTOMI
2108 314 2426 370 ARCIHEP.
2459 311 3010 369 CONSTANTINOP.

3732 312 3839 369 εει

2162 429 2392 499 λιάρχῳ
2422 429 2772 501 ἀπήγγειλε,
2807 431 3022 501 λέγων·
3062 430 3209 498 Ὅρα
3236 428 3295 481 τί
3339 427 3586 497 μέλλεις
3616 427 3835 482 ποιεῖν·

2161 521 2196 571 ό
2224 518 2333 588 γὰρ
2362 517 2674 586 ἅνθρωπος
2727 514 2907 584 οὗτος
2951 517 3230 585 Ῥωμαῖός
3261 516 3413 570 ἐστι.
3473 515 3840 584 Προσελθὼν

2157 604 2226 658 δὲ
2257 608 2290 660 ό
2309 607 2625 675 χιλίαρχος
2641 602 2811 660 εἶπεν
2848 605 3030 670 αὐτῷ·
3052 603 3199 674 Λέγε
3206 622 3330 673 μοι.
3357 607 3410 658 εί
3438 602 3518 657 σὺ
3554 603 3838 673 Ῥωμαῖος

2156 689 2247 757 aI;
2291 692 2354 747 '0
2418 692 2485 746 δὲ
2534 693 2673 762 ἔφη·
2720 694 2856 747 Ναί.
2899 692 3204 760 Ἀπεκρίθη
3230 694 3263 747 ὀ
3297 690 3626 761 χιλίαρχοςσ
3690 691 3841 761 Ἐγὼ

2158 782 2395 837 πολλοῦ
2434 782 2765 851 κεφαλαίου
2797 781 2914 849 τὴν
2937 781 3251 835 πολιτείαν
3305 780 3534 842 ταύτην
3574 778 3837 846 ἐκτησὰ-

2153 883 2299 935 μην.
2345 867 2398 917 '0
2433 865 2502 919 δὲ
2520 865 2761 932 Παῦλός
2789 881 2999 937 φησιν·
3060 865 3208 934 Ἐγὼ
3233 863 3301 919 δὲ
3328 865 3425 919 καί
3454 865 3834 934 γεγέννημαι.

2158 952 2395 1020 Εὐθέως
2423 953 2491 1007 δὲ
2517 952 2878 1019 ἀπέστησαν
2922 953 3024 1007 ἀπ’
3048 953 3235 1008 αὑτοῦ
3266 956 3321 1006 οὶ
3356 951 3689 1023 μέλλοντες
3732 954 3839 1008 άν-

2157 1040 2384 1103 ετιὶζειν
2407 1041 2615 1098 αὐτόν.
2640 1042 2746 1096 Καὶ
2770 1046 2804 1097 ό
2822 1044 3137 1113 χιλίαρχος
3163 1040 3502 1111 δὲέφοόήθη
3526 1040 3835 1111 ἐπιγνοὺς,

2159 1128 2250 1183 ὅτι
2285 1130 2568 1200 Ῥωμαῖός
2593 1131 2747 1197 ἐστι,
2771 1131 2869 1185 καὶ
2919 1130 3006 1185 ὅτι
3036 1127 3114 1202 ἦν
3139 1130 3326 1185 αὑτὸν
3372 1127 3650 1197 δεδεκώς.
3688 1130 3838 1201 Ἐγὼ

2159 1218 2248 1285 δὲ,
2265 1221 2520 1290 φησὶ,καὶ
2545 1221 3080 1293 γεγέννημαι.“Αρα
3102 1223 3195 1275 καὶ
3226 1221 3431 1293 πατρὸς
3459 1216 3832 1291 ἦνῬωμαίου.

2160 1306 2226 1359 Τί
2268 1302 2362 1361 οὖν
2417 1308 2526 1361 ἀπὸ
2572 1308 2768 1362 τούτου
2812 1308 3058 1377 γίνεται;
3101 1308 3282 1373 Λύσας
3320 1311 3632 1379 κατήγαγεν
3672 1309 3837 1363 αὑτὸν

2159 1395 2297 1467 πρὸς
2321 1396 2447 1459 τοὺς
2482 1396 2790 1461 Ἰουδαίους.
2848 1396 3038 1461 Οὕτως
3078 1398 3177 1450 οὑκ
3211 1392 3279 1468 ἦν
3321 1395 3517 1467 ψεῦδος
3559 1396 3619 1450 τὸ
3658 1399 3835 1450 εἰπεῖν

2159 1483 2350 1537 ἑαυτὸν
2386 1483 2679 1555 Ῥωμαῖον,
2704 1485 2787 1539 ὅτι
2815 1485 2910 1540 καὶ
2937 1484 3199 1539 ἀπώνατο
3227 1485 3322 1539 ἀπ’
3351 1484 3517 1539 αὑτοῦ
3541 1484 3721 1550 λυθεὶς
3742 1486 3836 1541 τοῦ

2158 1570 2379 1643 δεσμοῦ·
2416 1573 2512 1627 καὶ
2543 1572 2680 1637 πῶς,
2712 1572 2902 1627 ἄκουε*
2956 1571 3033 1642 Τῇ
3062 1572 3131 1626 δὲ
3157 1573 3445 1640 ἐπαύριον
3458 1573 3839 1643 ,βουλόμενος

2158 1660 2383 1732 γνῶναι
2427 1660 2496 1715 τὸ
2544 1662 2844 1732 ἀσφαλὲς,
2900 1661 2968 1717 τὸ
3022 1661 3080 1714 τί
3122 1662 3535 1730 κατηγορεῖται
3565 1664 3686 1717 ὑπὸ
3717 1661 3837 1718 τῶν

2172 1747 2497 1816 Ἰουδαίων,
2530 1749 2760 1805 ἔλυσεν
2785 1749 2994 1817 αὑτὸν,
3040 1749 3139 1804 καὶ
3185 1749 3476 1806 ἐκέλευσε
3512 1750 3839 1807 συνελθεῖν

2160 1835 2303 1902 τοὺς
2329 1837 2621 1906 ἀρχιερεῖς
2659 1837 2759 1892 καὶ
2805 1836 2930 1892 πᾶν
2962 1837 3028 1892 τὸ
3055 1838 3400 1907 συνέδριονο
3444 1839 3543 1892 καὶ
3582 1856 3839 1909 καταγαο

2160 1918 2282 1988 γὼν
2318 1921 2424 1974 τὸν
2450 1920 2719 1988 Παῦλον,
2746 1921 3012 1987 ἔστησεν
3045 1924 3132 1988 είς
3151 1924 3393 1990 αὐτούς.
3438 1924 3744 1990 Ἀτενίσας
3768 1923 3839 1977 δὲ

2160 2006 2401 2073 Παῦλος
2439 2006 2520 2074 τῷ
2547 2008 2844 2076 συνεδρίῳ
2872 2003 3060 2064 εἶπεν.
3098 2009 3302 2064 υύκέτι
3328 2011 3463 2082 πρὸς
3499 2010 3591 2065 τὸν
3619 2011 3835 2085 χιλίαρ-

2160 2112 2273 2165 χον,
2310 2095 2446 2149 ἀλλά
2498 2096 2633 2168 πρὸς
2677 2097 2740 2150 τὸ
2766 2096 2971 2168 πλῆθος
3003 2097 3098 2151 καὶ
3127 2098 3219 2152 τὸν
3248 2099 3421 2170 δῆμον
3453 2099 3629 2153 πάντα
3656 2099 3835 2153 διαλέο

2158 2201 2330 2253 γεται.
2357 2185 2467 2240 Καὶ
2483 2186 2535 2238 τί
2564 2202 2726 2255 φησιν
2746 2202 2771 2263 ;ι
2794 2185 3036 2254 Ἄνδρες
3058 2185 3330 2255 ἀδελφοὶ,
3356 2187 3469 2255 ἐγὼ
3485 2185 3653 2257 πάσῃ
3687 2203 3836 2241 συν-

2157 2274 2389 2342 ειδήσει
2460 2273 2658 2345 ἀγαθῇ
2686 2274 3119 2343 πεπολίτευμαι
3140 2272 3219 2339 τῷ
3247 2272 3368 2340 Θεῷ
3426 2273 3567 2343 ἆχρι
3615 2276 3836 2343 ταύτης

2157 2360 2269 2431 τῆς
2299 2362 2547 2432 ἡμέρας.
2589 2364 2654 2418 Ὃ
2684 2361 2855 2431 λέγει,
2878 2362 3038 2416 τοῦτό
3068 2364 3237 2416 ἐστιν’
3257 2363 3332 2416 Οὑ
3360 2362 3579 2416 σύνοιδα
3612 2363 3836 2435 ἐμαυτῷ

2156 2467 2208 2504 τι
2244 2448 2527 2520 ⁴ἠδικηκὼς
2553 2450 2718 2521 ὑμᾶς,
2743 2449 2866 2502 οὑδέ
2890 2448 3040 2515 ἀξιον
3062 2449 3170 2503 τῶν
3191 2449 3409 2521 δεσμῶν
3428 2451 3636 2506 τούτων
3671 2454 3837 2525 πράτ-

2156 2554 2284 2592 των.
2321 2538 2389 2591 Τί
2419 2532 2514 2591 οὖν
2542 2539 2571 2590 ό
2601 2537 2895 2611 ἀρχιερεύς
2919 2555 2934 2604 ;
2964 2539 3093 2592 Δέον
3121 2539 3493 2611 κατανυγῆναι
3533 2540 3620 2610 ἐφ’
3648 2536 3730 2606 οἷς
3754 2543 3835 2606 είς

2156 2626 2317 2697 χάριν
2352 2626 2534 2679 αὑτῶν
2560 2625 2763 2689 ἀδίκως
2789 2625 3025 2691 ἐδέδετο,
3069 2628 3099 2681 6
3147 2626 3204 2681 δέ
3247 2628 3342 2681 καὶ
3391 2629 3831 2702 προσεπιτίθησι,

2156 2715 2250 2767 καὶ
2270 2711 2485 2767 κελεύει
2517 2712 2819 2766 τύπτεσθαι
2840 2713 3022 2768 αὐτόν’
3052 2713 3081 2767 ὃ
3103 2717 3198 2768 καὶ
3221 2715 3378 2786 δῆλον
3402 2714 3461 2782 ἐξ
3492 2710 3567 2770 ὧν
3616 2717 3836 2789 ὑπήγα-

2155 2817 2270 2869 γεν.
2316 2800 2379 2854 ’0
2414 2798 2485 2855 δὲ
2539 2799 2857 2870 ἀρχιερεὺς
2934 2800 3215 2870 Ἀνανίας
3268 2802 3396 2872 τοῖς
3447 2804 3836 2872 παρεστῶσιν

2153 2887 2345 2944 αὐτὸν
2376 2887 2631 2953 ἐπέταξε
2677 2888 2928 2942 τύπτειν
2962 2889 3155 2951 αὑτοῦ
3198 2890 3266 2943 τὸ
3316 2891 3529 2960 στόμα.
3561 2891 3717 2946 Καλὰ
3748 2910 3831 2963 γε*

2153 2974 2405 3047 ἐπιεικὴς
2434 2978 2464 3032 6
2480 2975 2791 3046 ἀρχιερεύς.
2824 2976 2964 3030 Τότε
2988 2978 3022 3047 ό
3037 2975 3281 3042 Παῦλος
3295 2978 3449 3047 πρὸς
3468 2980 3660 3033 αὐτὸν
3677 2976 3832 3035 εἶπε·

2154 3063 2309 3138 [560]
2341 3065 2595 3120 Τύπτειν
2615 3078 2692 3117 σε
2715 3062 2929 3131 μέλλει
2948 3065 2983 3118 ό
3010 3063 3180 3129 Θεὸς,
3216 3064 3382 3135 τοῖχε
3420 3069 3829 3137 κεκονιαμένε.

2152 3152 2260 3205 Καὶ
2290 3150 2372 3205 σὺ
2405 3148 2559 3219 κάθῃ
2584 3147 2806 3217 κρίνων
2835 3165 2911 3217 με
2930 3149 3083 3205 κατὰ
3119 3150 3229 3206 τὸν
3255 3154 3465 3223 νόμον,
3511 3155 3610 3210 καί
3640 3172 3831 3224 παρα-

2151 3235 2356 3303 νομῶν
2386 3236 2652 3301 κελεύεις
2702 3251 2780 3303 με
2829 3236 3190 3305 τύπτεσθαι;
3241 3243 3307 3295 οι
3349 3239 3418 3293 δὲ
3446 3241 3831 3310 παρεστῶτες

2152 3321 2347 3379 εἷπον
2382 3325 2493 3379 Τὸν
2508 3320 2785 3392 ἀρχιερέα
2814 3323 2921 3378 τοῦ
2952 3324 3100 3380 Θεοῦ
3158 3326 3486 3395 λοιδορεῖς;
3514 3329 3669 3397 Ἔφη
3709 3344 3773 3381 τε
3796 3332 3830 3383 ὁ

2150 3412 2413 3478 Παῦλος·
2446 3412 2567 3465 Οὐκ
2604 3408 2799 3479 ᾔδειν,
2831 3410 3107 3481 ἀδελφοὶ,
3158 3413 3250 3468 ὅτι
3281 3414 3454 3469 ἐστὶν
3494 3416 3826 3485 ἀρχιερεύς

2152 3500 2479 3571 γέγραπται
2514 3496 2647 3569 γάρ·
2686 3498 2989 3568 ’Ἄρχοντα
3027 3500 3135 3556 τοῦ
3164 3502 3319 3558 λαοῦ
3363 3517 3481 3557 σου
3530 3505 3642 3557 οὐκ
3677 3502 3835 3572 ἐρεῖς

2151 3605 2367 3654 κακῶς.

2228 3676 2294 3748 β’.
2317 3676 2479 3741 Τινὲς
2500 3677 2602 3749 μὲν
2630 3675 2723 3734 οὖν
2737 3697 2928 3750 φασιν,
2959 3681 3042 3734 ὅτι
3062 3678 3219 3744 είδὼς
3238 3682 3609 3751 εἰρωνεύεταιο
3632 3679 3755 3751 ἐμοὶ
3774 3679 3833 3733 δὲ

2149 3762 2316 3827 δοκεῖ,
2331 3762 2413 3815 ὅτι
2428 3762 2552 3817 ούδέ
2568 3764 2703 3830 ὅλως
2724 3765 2861 3836 ᾔδει,
2876 3766 2957 3820 ὅτι
2975 3766 3123 3819 ἐστὶν
3141 3767 3453 3839 ἀρχιερεύς·
3470 3763 3506 3839 ἦ
3526 3766 3635 3837 γὰρ
3652 3767 3717 3820 ἂν
3739 3765 3835 3818 καὶ

2149 3850 2402 3921 ἐτίμησε’
2434 3850 2517 3905 διὸ
2542 3853 2632 3906 καὶ
2660 3853 3009 3923 ἀπολογεῖται
3036 3854 3112 3918 ὼς
3138 3857 3475 3928 κατηγορίας
3504 3855 3672 3928 οὔσης
3693 3896 3708 3920 ,
3739 3854 3834 3908 καὶ

2150 3938 2367 4005 ἐπάγειο
2377 3938 2677 4006 ’Ἄρχοντα
2695 3940 2799 3994 τοῦ
2810 3939 2966 3994 λαοῦ
2977 3955 3095 3994 σου
3106 3943 3217 3995 οὐκ
3232 3942 3387 4010 ἐρεῖς
3396 3943 3614 4008 κακῶς.
3630 3943 3695 3995 Τί
3713 3938 3831 4008 οῦν;

2149 4025 2317 4094 φησίν
2340 4043 2351 4054 ·
2378 4025 2427 4076 εἰ
2455 4024 2567 4096 γὰρ
2600 4025 2675 4096 μὴ
2701 4025 2885 4096 άρχων
2909 4022 3000 4098 ἦν,
3020 4026 3182 4081 ἄλλον
3212 4028 3399 4092 ἁπλῶς
3426 4028 3670 4098 ὑϐρίζειν
3698 4028 3829 4093 ἔδει;

2149 4108 2438 4180 Οὐδαμῶς,
2461 4110 2600 4164 ἀλλά
2623 4113 2719 4164 καὶ
2741 4111 3099 4183 ὑϐριζόμενον
3123 4114 3322 4183 μᾶλλον
3348 4115 3613 4183 ἐνεγκεῖν.
3645 4113 3830 4179 ’Ἄξιον

2147 4197 2202 4251 δὲ
2226 4198 2481 4271 ζητῆσαι,
2509 4197 2626 4263 πῶς
2657 4198 2893 4270 ἀλλαχοῦ
2919 4201 2947 4253 6
2974 4199 3137 4264 αὐτὸς
3156 4199 3351 4271 λέγων,
3376 4201 3830 4273 Λοιδορούμενοι

2145 4285 2536 4355 εὐλογοῦμεν,
2572 4285 2921 4357 διωκόμενοι
2952 4288 3306 4358 ἀνεχόμεθα,
3342 4287 3575 4343 ἐνταῦθα
3604 4290 3827 4343 τούναν-

2144 4374 2260 4428 τίον
2291 4373 2503 4441 ποιεῖά,
2533 4374 2630 4429 καὶ
2659 4375 2721 4428 ού
2748 4374 3071 4446 λοιδορεῖται
3099 4376 3280 4445 μόνον,
3316 4374 3452 4430 ἀλλά
3488 4376 3583 4430 ιιιαλ⁵
3617 4377 3828 4447 ἐπαρᾶ·

2144 4479 2270 4531 ται;
2306 4463 2522 4531 Ἀπαγε
2544 4503 2561 4531 ,
2613 4462 2894 4533 οὐδέτερον
2928 4460 3135 4517 τούτων
3182 4462 3433 4533 φαίνεται
3472 4463 3824 4533 πεποιηκώς·

2146 4549 2283 4606 ἀλλά
2303 4548 2382 4619 τῷ
2411 4548 2657 4618 ἀκριϐῶς
2694 4548 2986 4603 σκοποῦντι
3030 4548 3345 4622 παρρησίας
3378 4548 3582 4621 μᾶλλόν
3612 4552 3727 4604 ἐστι
3757 4550 3826 4604 τὰ

2147 4638 2373 4709 ῥήματα
2393 4638 2427 4708 ἢ
2447 4638 2644 4708 θυμοῦ*
2669 4636 2845 4700 ἄλλως
2866 4635 2922 4688 δέ
2951 4636 3050 4689 οὑκ
3074 4636 3327 4690 ἐϐούλετο
3347 4637 3824 4710 εὐκαταφρόνητος

2146 4725 2382 4795 φανῆναι
2423 4724 2501 4795 τῷ
2525 4725 2811 4795 χιλιάρχῳ.
2845 4724 2909 4777 Εί
2938 4722 3048 4795 γὰρ
3073 4724 3243 4793 αὐτὸς
3272 4724 3373 4795 μὲν
3423 4725 3682 4794 ἐφείσατο
3717 4743 3821 4797 μα-

2146 4812 2325 4878 στίξαι
2354 4813 2431 4877 ὡς
2450 4812 2515 4883 δὴ
2535 4815 2648 4875 τοῖς
2687 4811 2965 4875 Ἰουδαίοις
2988 4810 3291 4867 ἐκδίδοσθαι
3320 4812 3607 4884 μέλλοντα,
3628 4815 3689 4867 τὸ
3716 4814 3822 4868 ὑπὸ

2145 4899 2252 4955 τῶν
2275 4899 2503 4953 οἰκετῶν
2533 4897 2864 4965 τύπτεσθαι,
2902 4898 3102 4968 μᾶλλον
3134 4898 3201 4953 ἂν
3237 4899 3445 4953 ἐκεῖνον
3484 4899 3821 4972 θρασύτερον

2145 4988 2442 5058 εἰργάσατο
2461 5002 2474 5017 ’
2505 4986 2594 5040 διά
2627 4985 2788 5039 τοῦτο
2820 4985 2940 5039 οὐδὲ
2973 4986 3109 5058 πρὸς
3138 4985 3232 5039 τὸν
3265 4986 3430 5040 παῖδα
3455 4988 3817 5051 ἀποτείνεται,

2142 5073 2282 5127 ἀλλὰ
2311 5073 2447 5143 πρὸς
2473 5071 2637 5126 αὑτὸν
2664 5071 2754 5125 τὸν
2787 5071 3143 5139 ἐπιτάξαντα,
3177 5072 3336 5126 τοῦτο
3370 5074 3816 5139 κατασκευάζων.

2144 5162 2217 5214 T6
2268 5160 2345 5227 δέ,
2399 5159 2566 5228 Τοῖχε
2597 5158 3006 5230 κεκονιαμένε,
3053 5160 3153 5214 καὶ
3191 5159 3273 5214 σὺ
3305 5159 3460 5230 κάθῃ
3494 5162 3717 5231 κρίνων
3742 5179 3819 5233 με

2143 5250 2293 5305 κατὰ
2322 5249 2429 5304 τὸν
2466 5252 2678 5317 νόμον,
2711 5241 2857 5314 εἷπε,
2907 5248 3191 5319 μονονουχὶ
3235 5246 3395 5301 τοῦτο
3426 5248 3578 5320 αὑτῷ
3621 5248 3815 5317 λέγων·
3894 5282 3899 5287 ι

2153 5338 2485 5402 Ὑπεύθυνος
2513 5336 2590 5391 ὢν
2637 5338 2732 5391 καὶ
2780 5337 2990 5409 μυρίων
3032 5335 3257 5408 πληγῶν
3297 5334 3465 5402 ἄξιος.
3506 5337 3649 5407 Ὅρα
3688 5338 3820 5397 γοῦν

2143 5428 2261 5492 πῶς
2284 5426 2449 5481 αὑτοῦ
2480 5424 2904 5496 κατεπλάγησαν
2934 5425 3034 5496 τὴν
3065 5423 3379 5495 παρρησίαν
3403 5425 3431 5476 ὁ
3459 5423 3650 5493 δῆμος.
3684 5424 3819 5478 Δέον

2142 5517 2251 5587 γὰρ
2284 5514 2583 5586 ἀνατρέψαι
2622 5513 2684 5567 τὸ
2721 5515 2850 5577 πᾶν,
2897 5512 3217 5583 παροινοῦσι
3245 5522 3269 5550 θ
3301 5510 3519 5581 μᾶλλον.
3554 5511 3727 5575 Αὐτὸς
3756 5512 3817 5566 δὲ

2142 5606 2236 5658 καὶ
2273 5603 2363 5656 τὸν
2390 5602 2554 5673 νόμον
2594 5602 3071 5670 ὑπαναγινώσκει,
3099 5599 3287 5670 ἐπειδὴ
3328 5597 3579 5667 βούλεται
3620 5599 3813 5665 δεῖξαι,

2139 5695 2221 5747 ὅτι
2247 5693 2307 5745 οὑ
2330 5692 2419 5746 διὰ
2436 5691 2496 5743 τὸ
2519 5690 2842 5763 φοδηθηναι,
2869 5689 2989 5742 οὐδὲ
3014 5687 3104 5741 διὰ
3126 5687 3188 5741 τὸ
3216 5686 3289 5758 μὴ
3310 5686 3460 5750 ἀξιον
3483 5681 3624 5740 εἶναι
3650 5686 3815 5741 ἀκοῦ-

2194 5837 2386 5908 gilloer
2424 5836 2570 5887 deest
2603 5837 2653 5885 in
2714 5848 2811 5885 uno
2845 5834 2952 5885 cod.
3043 5844 3065 5873 θ
3092 5831 3244 5882 Sam.
3271 5838 3322 5882 el
3352 5845 3479 5882 unus
3512 5833 3619 5883 cod.
3640 5847 3794 5895 παρα-

2141 5917 2292 5949 νοίσι.
