4112 6412
429 407 536 467 ’555

425 523 719 581 elationem
763 524 916 573 erant
949 512 1346 585 prophetizans,
1374 524 1473 563 nec
1505 523 1568 563 ea
1603 521 1722 578 qua:
1768 515 1894 560 tunc
1935 499 2028 556 iic-

425 621 558 675 bant
581 610 895 684 respiciens,
920 608 1013 664 sed
1033 607 1207 663 futura
1230 601 1552 675 praevidens.
1573 598 1851 669 Quomodo
1871 596 2030 667 igitur

425 709 577 777 dicit,
616 706 801 764 Coram
827 702 1056 775 gentibus
1085 708 1128 755 et
1159 697 1362 770 regibus
1384 704 1430 751 et
1459 695 1580 766 ﬁliis
1609 692 1778 749 Israel
1809 689 2027 763 portabit

426 819 607 859 nomen
639 796 845 853 meum?
876 793 1131 859 Portabit,
1165 790 1357 861 inquit,
1403 803 1505 843 nec
1547 786 1766 842 omnino
1804 796 2029 854 persua-

422 893 574 950 debit
614 911 628 947 :
673 886 912 958 alioquin
962 899 1092 939 vero
1144 881 1313 937 Jud:ei
1359 879 1485 935 alibi
1546 875 2024 948 persuadebautur,

426 987 513 1042 hic
548 999 679 1040 vero
707 980 948 1037 minime.
992 976 1123 1030 Cum
1161 971 1489 1044 oportuisset
1528 968 1761 1023 maxime
1804 977 2026 1036 persna-

429 1078 570 1145 dei-i,
618 1074 864 1129 videntes
907 1069 1024 1139 ejus
1060 1066 1343 1138 pristinum
1386 1062 1680 1128 fervorem,
1737 1068 1864 1115 tunc
1914 1073 2019 1112 non

427 1165 917 1243 pi‘rsuadebantur.
949 1159 1018 1214 Et
1059 1175 1173 1214 cum
1212 1156 1513 1227 funderetur
1540 1152 1747 1225 sanguis
1775 1149 2026 1221 Stephani

430 1262 566 1317 testis
612 1258 708 1325 tui,
756 1271 849 1327 ego
893 1252 1179 1316 adstabant,
1225 1258 1270 1304 et
1315 1245 1686 1302 consentiebam
1733 1243 1845 1297 neci
1892 1245 2022 1314 ejus.

430 1353 561 1408 Vide
615 1363 829 1406 rursum
875 1360 983 1415 quo
1027 1356 1208 1398 sermo
1255 1339 1488 1405 desinat,
1535 1351 1731 1407 nempe
1787 1335 1842 1389 in
1888 1334 2024 1390 vali-

424 1448 553 1502 dum
597 1450 778 1513 caput.
827 1438 947 1510 Ipse
975 1437 1119 1493 enim
1150 1444 1267 1490 erat
1314 1432 1405 1504 qui
1454 1429 1898 1503 persequebatur,
1927 1444 2028 1483 nec

428 1534 850 1609 persequebatur
879 1530 1062 1597 modo,
1096 1526 1190 1583 sed
1213 1535 1267 1582 et
1290 1524 1443 1580 mille
1472 1522 1719 1578 manibus
1745 1518 2026 1576 occidebat

431 1629 782 1700 Stephanum.
824 1623 1053 1682 Gravem
1103 1619 1308 1675 easdem
1354 1617 1464 1673 illis
1493 1618 1546 1672 in
1586 1616 1900 1671 memoriam
1938 1628 2024 1669 re-

436 1730 608 1775 vocat.
639 1719 788 1773 Tunc
823 1730 953 1771 vero
981 1712 1200 1768 minime
1229 1710 1494 1777 ferebant,
1550 1708 1675 1778 quia
1709 1706 1810 1762 hoc
1836 1706 2022 1762 redar-

434 1812 628 1883 guebat
655 1810 774 1865 illos
800 1826 813 1876 ;
846 1818 899 1863 et
923 1807 1036 1877 jam
1067 1802 1347 1875 prophetia
1378 1801 1726 1873 implebatur.
1749 1799 1907 1855 Zelus
1929 1800 2026 1870 igi-

427 1912 517 1958 tur
561 1914 806 1973 magnus,
853 1909 909 1954 et
948 1897 1223 1952 accusatio
1266 1892 1559 1949 vehemens
1608 1898 1825 1958 erat,et
1861 1899 2025 1945 testes

428 1993 669 2050 veritatis
699 1991 900 2049 Christi
927 1989 1155 2045 lidenter
1174 1985 1551 2057 loquebantur.
1582 1982 1687 2039 Sed
1716 1982 1885 2038 Judaei
1918 1998 2022 2037 non

429 2086 670 2142 tulerunt
691 2084 948 2153 deinceps
980 2090 1145 2136 totam
1176 2078 1361 2135 audire
1387 2076 1723 2142 concionem,
1755 2092 1817 2132 ac
1844 2075 2024 2132 furore

427 2179 668 2236 succensi
693 2168 1023 2233 clamabant.
1045 2174 1135 2230 2i.
1165 2172 1234 2227 Et
1276 2173 1405 2227 dixit
1435 2172 1502 2226 ad
1539 2188 1617 2226 me
1644 2191 1663 2225 :
1702 2169 1860 2240 Vade,
1906 2172 2027 2242 quia

426 2290 517 2344 rgo
554 2271 623 2326 ad
664 2279 835 2341 gentes
863 2265 1041 2339 procul
1072 2266 1266 2321 mittant
1294 2274 1358 2319 te:
1388 2263 1479 2318 22.
1526 2264 1809 2318 Audiebant
1857 2272 2023 2317 autem

424 2380 539 2417 eum
562 2378 724 2431 usque
745 2359 814 2415 ad
835 2360 967 2413 hunc
992 2373 1292 2417 sermonem.
1311 2363 1357 2410 et
1379 2354 1665 2411 levaverunt
1685 2370 1853 2409 vocem
1879 2371 2025 2409 suam

424 2456 652 2508 dicentes
679 2469 697 2507 :
723 2449 872 2506 Tolle
900 2451 962 2503 de
989 2459 1125 2503 terra
1154 2446 1452 2519 ltujusmodi
1480 2461 1499 2501 :
1529 2462 1629 2499 non
1662 2446 1793 2500 enim
1832 2450 1912 2516 fas
1952 2456 2024 2500 cst

428 2564 537 2601 eum
568 2546 750 2600 vivere.
772 2542 864 2599 23.
902 2540 1249 2597 Clamantibus
1273 2546 1444 2593 autem
1478 2536 1603 2604 illis,
1634 2545 1681 2589 et
1710 2535 2025 2608 proﬁcienti-

427 2640 516 2693 bus
553 2637 847 2691 vestimenta
884 2649 996 2696 sua,
1042 2640 1089 2686 et
1116 2630 1379 2698 pulverem
1392 2627 1707 2699 jactantibus
1736 2628 1789 2681 in
1832 2643 2022 2693 aerem,

425 2728 513 2784 ει.
548 2727 709 2799 jussit
754 2726 985 2779 tribunus
1023 2722 1195 2777 induci
1239 2738 1352 2776 eum
1393 2720 1447 2774 in
1485 2728 1688 2787 castra,
1719 2729 1767 2775 et
1808 2721 2025 2791 ﬂagellis

426 2822 572 2889 cwdi,
601 2830 647 2875 et
674 2818 893 2891 torqueri
923 2834 1057 2881 eum,
1091 2825 1145 2869 ut
1182 2815 1330 2869 sciret
1377 2823 1584 2885 propter
1632 2829 1783 2883 quam
1821 2828 2027 2867 causam

424 2918 495 2971 sic
508 2924 686 2970 contra
710 2912 857 2967 illum
878 2910 1175 2966 clamarent.
1198 2906 1329 2963 Cum
1353 2905 1680 2977 oportuisset
1700 2912 1760 2959 ut
1781 2905 2027 2960 tribunus

425 3006 778 3070 examinaret,
820 3017 887 3057 an
918 3016 1007 3057 res
1032 3016 1093 3056 se
1115 3000 1185 3053 ita
1212 2996 1461 3065 haberet,
1508 2995 1736 3068 illosque
1766 2996 1914 3066 ipsos
1939 2996 2025 3051 in-

425 3105 727 3169 terrogarct
757 3113 771 3149 :
806 3094 853 3149 is
880 3092 1015 3148 nihil
1040 3091 1231 3146 horum
1262 3088 1490 3154 faciens,
1529 3087 1683 3157 jubet
1732 3087 1881 3143 illum
1930 3086 2023 3144 lla-

422 3191 582 3263 gellis
621 3187 778 3246 credi.
811 3184 998 3252 Iussit,
1044 3183 1238 3254 inquit,
1289 3181 1438 3236 illum
1486 3179 1663 3234 induci
1690 3180 1744 3235 in
1774 3188 1942 3234 castra
1973 3189 2021 3235 et

427 3284 646 3356 ﬂagellis
670 3281 823 3347 ca’di,
853 3288 908 3334 ut
936 3278 1087 3333 sciret
1118 3285 1323 3347 prapter
1348 3290 1497 3343 quant
1520 3289 1727 3329 causam
1748 3274 1820 3328 sic
1849 3283 2027 3329 contra

426 3376 571 3430 illum
601 3373 903 3428 clamarent.
948 3367 1114 3439 Atqui
1152 3365 1221 3421 ab
1262 3364 1369 3420 illis
1409 3363 1760 3419 ediscendum
1784 3374 1900 3419 erat
1929 3365 2022 3434 qui

430 3464 819 3530 occlamabant,
850 3470 905 3517 et
931 3456 1395 3529 interrogandum,
1446 3471 1573 3511 num
1605 3454 1802 3527 aliquid
1822 3472 1885 3510 ex
1906 3455 2028 3526 ejus

435 3555 590 3611 dictis
611 3550 957 3610 incusantium
981 3551 1260 3606 haberent.
1294 3547 1490 3604 Verum
1521 3547 1612 3602 ille
1637 3556 1838 3603 temere
1866 3554 2039 3617 pote--

433 3656 573 3703 state
591 3662 685 3702 sua
715 3647 902 3711 utitur,
926 3654 980 3702 et
1001 3644 1214 3700 illorum
1246 3641 1472 3713 gratiam
1494 3646 1674 3710 captat
1705 3657 1718 3692 :
1747 3654 1853 3695 non
1878 3639 2023 3695 enim

429 3739 652 3795 curabat
678 3747 736 3793 ut
755 3737 897 3808 juste
919 3743 1123 3808 ageret,
1152 3733 1247 3789 sed
1275 3741 1334 3789 ut
1362 3732 1579 3787 illorum
1606 3729 1861 3800 injustum
1886 3730 2026 3786 furo-

427 3845 539 3884 rem
572 3830 824 3899 placaret.
864 3826 957 3883 25.
990 3824 1058 3880 Et
1078 3841 1193 3879 cum
1218 3822 1605 3878 adstrinnssent
1633 3836 1746 3874 cum
1770 3821 1913 3886 loris,
1946 3821 2026 3876 di-

427 3923 501 3976 xit
525 3921 749 3976 adstanti
777 3920 873 3975 sibi
903 3917 1188 3973 centurioni
1223 3932 1242 3970 :
1275 3915 1336 3971 Si
1359 3915 1614 3969 hominem
1653 3912 1943 3968 Romanum
1979 3922 2024 3968 et

427 4013 771 4068 indemnatum
800 4011 917 4066 licet
958 4010 1096 4065 vobis
1124 4007 1435 4080 ﬂagellare?
1483 4005 1599 4061 Non
1642 4013 1725 4061 est
1768 4006 2027 4061 mentitus

428 4107 645 4175 Paulus,
690 4121 749 4161 se
775 4105 965 4161 dicens
990 4103 1293 4158 Romanum
1337 4099 1652 4165 hominem;
1694 4098 1869 4164 absit;
1920 4098 2026 4153 Ro-

430 4214 616 4255 manus
641 4200 788 4255 enim
813 4206 931 4252 erat
962 4213 975 4249 :
1007 4194 1128 4250 ideo
1159 4192 1407 4248 tribunus
1437 4207 1495 4249 re
1521 4190 1700 4246 audita
1734 4189 1929 4245 timuit.
1961 4189 2025 4244 Et

429 4307 545 4357 cur,
576 4289 809 4361 inquies,
829 4286 1045 4343 timuit?
1069 4286 1182 4341 Etsi
1210 4283 1354 4339 nulla
1384 4282 1488 4337 alia
1515 4283 1582 4337 de
1610 4296 1793 4347 causa,
1820 4281 2023 4346 timuit,

432 4399 499 4437 ne
526 4379 1029 4452 deprehenderetur
1071 4384 1127 4433 et
1164 4375 1425 4446 majorem
1470 4372 1624 4428 daret
1666 4388 1899 4442 poenam.
1960 4373 2027 4428 Et

434 4475 587 4532 vide:
618 4489 723 4529 non
763 4472 1079 4545 simpliciter
1104 4469 1378 4536 loquitur;
1430 4467 1547 4534 sed,
1592 4466 1653 4522 Si
1706 4467 1820 4521 licet
1868 4466 2023 4522 vobis.

436 4567 553 4623 Duo
571 4565 820 4630 crimina,
851 4573 907 4620 et
943 4561 1085 4635 quod
1112 4562 1231 4616 sine
1256 4572 1438 4625 causa,
1472 4567 1529 4613 et
1571 4558 1715 4628 quod
1747 4557 2029 4613 Romanus

434 4657 523 4713 ille
548 4664 712 4713 esset.
759 4654 1004 4726 Magnam
1056 4651 1329 4707 habebant
1370 4648 1780 4720 praerogativam
1821 4649 1911 4719 qui
1951 4652 2029 4704 sic

437 4748 794 4821 dignabautur
815 4746 1111 4819 appellari;
1143 4759 1317 4816 neque
1343 4743 1586 4798 omnium
1626 4743 1729 4797 hoc
1766 4750 1882 4797 erat
1922 4744 2031 4813 pri-

438 4841 728 4911 \ilcgium;
757 4838 825 4895 ab
853 4838 1130 4895 Hadriano
1154 4837 1298 4892 enim
1329 4834 1517 4890 dicunt
1544 4847 1732 4889 omnes
1758 4833 2031 4889 Romanos

437 4950 557 4991 esse
584 4933 806 4998 dictos;
839 4932 1015 5003 prisce
1054 4939 1235 5012 autem
1266 4942 1374 4984 non
1411 4927 1484 4983 ita
1518 4926 1707 4982 fuerat.
1741 4925 1840 4982 γει
1869 4926 2029 4981 etiam

371 5078 389 5097 ,
438 5030 740 5083 Romanum
794 5038 854 5082 se
899 5024 1055 5092 dixit,
1098 5038 1158 5079 ut
1202 5034 1418 5093 plenam
1460 5019 1717 5091 ellugeret
1744 5038 1757 5075 :
1787 5030 2029 5074 contem-

438 5124 579 5195 ptior
600 5122 744 5177 enim
781 5118 995 5173 futurus
1031 5126 1169 5180 erat,
1202 5114 1248 5171 si
1294 5113 1597 5184 bagellatus
1627 5112 1858 5179 fuisset;
1893 5126 2032 5169 nunc

436 5224 614 5271 autem
637 5212 742 5268 hoc
767 5210 912 5267 dicto
940 5207 1200 5279 majorem
1227 5206 1334 5261 illis
1362 5204 1553 5261 incutit
1573 5211 1797 5259 metum.
1821 5202 1874 5258 Si
1904 5217 2033 5259 vero

436 5305 814 5378 flagellassent,
840 5316 954 5357 rem
980 5306 1149 5355 totam
1171 5297 1314 5353 forte
1342 5295 1752 5360 subvertissent,
1773 5293 1854 5348 vel
1870 5294 2031 5348 etiam

437 5398 759 5454 occidissent
798 5395 979 5459 illum;
1014 5408 1156 5447 nunc
1193 5400 1371 5446 autem
1405 5404 1511 5444 non
1555 5388 1627 5443 ita
1651 5387 1851 5442 evenit.
1901 5386 2033 5442 Vide

435 5490 707 5563 quomodo
734 5490 877 5545 Deus
907 5486 1172 5543 concedat
1195 5485 1362 5540 multa
1391 5483 1628 5537 humano
1657 5495 1807 5535 more
1839 5480 2035 5547 ﬁeri,et

440 5586 492 5639 in
538 5584 623 5639 his
653 5591 709 5639 et
749 5583 800 5637 in
828 5581 966 5635 aliis.
1010 5577 1282 5635 Tribunus
1329 5590 1460 5632 vero
1496 5573 1864 5645 recpondens,
1921 5574 2034 5647 Ego

440 5676 599 5733 multa
632 5692 835 5732 summa
861 5674 1164 5733 civilitatem
1184 5679 1523 5743 consequutus
1548 5687 1659 5725 sum
1676 5712 1689 5732 ,
1719 5670 1953 5725 ostendit
1975 5686 2033 5727 se

439 5769 739 5840 suspicari,
775 5767 1000 5823 Paulum
1038 5780 1098 5822 se
1135 5764 1438 5820 Romanum
1490 5761 1812 5829 simulasse;
1859 5771 1915 5818 et
1956 5764 2025 5818 ita

445 5867 581 5919 forte
610 5861 986 5933 suspicabatur
1015 5875 1080 5915 ex
1108 5856 1329 5923 vilitate,
1365 5872 1483 5927 qua:
1514 5855 1565 5910 in
1606 5855 1773 5913 Paulo
1802 5870 2027 5928 appare-

1388 393 1455 448 IN
1495 392 1674 449 ACTA
1715 391 2241 453 APOSTOLORUM.
2281 390 2510 446 IIOMIL.
2555 392 2782 447 XLVI”.

2140 502 2250 560 bat.
2281 504 2370 559 26.
2418 505 2533 572 Quo
2562 509 2738 563 audito
2770 513 3018 579 centurio,
3068 518 3309 571 accedens
3355 519 3422 571 ad
3474 522 3727 576 tribunum

2136 596 2382 650 nuntiavit
2408 597 2503 663 illi,
2538 600 2710 655 dicens
2741 617 2759 654 :
2797 600 2921 657 Vide
2946 605 3071 675 quid
3102 610 3331 677 [arturus
3362 626 3413 664 es
3439 625 3459 663 :
3487 611 3569 665 hic
3594 616 3727 667 enim

2136 685 2285 742 homo
2307 686 2570 746 Romanus
2598 702 2693 747 est.
2720 692 2811 747 27.
2843 695 3097 751 Accedens
3126 709 3289 753 autem
3319 702 3570 767 tribunus,
3598 704 3727 759 dixit

2134 781 2213 834 illi
2244 797 2263 836 :
2294 780 2389 837 Dic
2418 786 2562 852 milii,
2594 803 2716 840 num
2747 796 2801 841 tu
2832 787 3095 845 Romanus
3121 792 3209 846 es?
3231 792 3372 849 Dia'it
3393 796 3500 863 ille,
3530 795 3723 853 Etiam.

2133 870 2224 927 28.
2256 872 2536 945 Respondit
2565 877 2793 935 tribunus
2823 896 2843 934 :
2874 881 2987 953 Ego
3016 883 3177 938 multa
3200 902 3401 941 summa
3438 890 3726 944 civilitatem

2134 964 2267 1019 lianc
2295 979 2633 1036 consequutus
2657 988 2790 1025 sum.
2827 971 3025 1030 Paulus
3051 990 3165 1030 vero
3194 978 3266 1031 ait
3298 994 3317 1029 :
3345 977 3459 1051 Ego
3487 991 3653 1035 autem
3683 994 3728 1035 ct

2133 1068 2281 1113 natus
2301 1076 2433 1115 sum.
2460 1061 2550 1118 29.
2585 1063 2831 1122 Protinus
2853 1076 3018 1122 autent
3051 1068 3390 1126 discesserunt
3420 1074 3612 1142 abillo,
3639 1076 3728 1147 qni

2132 1167 2241 1205 eum
2274 1155 2454 1209 torluri
2484 1168 2647 1212 erant.
2699 1156 2956 1216 Tribunus
2994 1180 3192 1234 quoque
3235 1165 3424 1233 timuit,
3461 1178 3728 1239 postquam

2130 1244 2328 1299 rescivit
2372 1249 2492 1317 quia
2528 1246 2791 1306 Romanus
2835 1263 2980 1320 esset,
3031 1264 3077 1308 et
3115 1256 3250 1323 quod
3276 1254 3423 1311 illum
3444 1258 3725 1330 alligassct.

2135 1336 2244 1409 Ego
2282 1348 2470 1404 autem,
2506 1340 2709 1412 inquit,
2735 1352 2781 1397 et
2808 1354 2957 1400 natus
2981 1362 3114 1400 sum.
3147 1347 3312 1418 igitur
3338 1365 3404 1404 ex
3436 1361 3586 1420 patre
3614 1352 3726 1406 llo-

2132 1445 2291 1487 niano
2333 1442 2468 1488 erat.
2519 1433 2658 1502 Quid
2689 1452 2818 1508 ergo
2848 1450 3034 1508 posma
3081 1439 3278 1497 factum
3316 1443 3437 1498 est?
3479 1442 3725 1499 Solutum

2129 1522 2281 1579 duxit
2306 1526 2372 1581 ad
2391 1525 2626 1583 Judazos.
2655 1528 2798 1601 Ergo
2824 1546 2928 1586 nou
2955 1529 3092 1587 falso
3112 1532 3320 1588 dixerat
3343 1550 3403 1589 se
3425 1534 3726 1590 Romanum

2131 1631 2271 1682 esse,
2306 1618 2448 1676 unde
2480 1621 2718 1677 lucratus
2747 1631 2847 1690 est,
2894 1634 3006 1680 uta
3031 1626 3260 1683 vinculis
3291 1628 3625 1695 solveretur;
3671 1638 3728 1684 et

2129 1709 2400 1777 quomodo
2430 1710 2551 1767 audi
2589 1713 2715 1769 :50.
2745 1713 2958 1770 Postera
2980 1727 3150 1772 autem
3183 1718 3265 1772 die
3293 1718 3463 1773 volens
3490 1718 3619 1775 scire
3646 1718 3729 1774 di-

2129 1801 2366 1871 ligentius
2382 1820 2484 1874 qua
2504 1804 2567 1858 de
2585 1820 2741 1859 causa
2765 1816 3091 1863 accusaretur
3112 1826 3144 1862 a
3167 1807 3390 1878 Judteis,
3418 1810 3563 1865 solvit
3587 1827 3724 1877 eum,

2129 1900 2177 1943 et
2187 1892 2341 1963 jussit
2367 1894 2656 1950 sacerdotes
2680 1897 2946 1951 convenire
2966 1906 3013 1952 et
3039 1914 3187 1954 omne
3213 1900 3506 1967 concilium,
3540 1912 3586 1956 et
3615 1919 3728 1968 pro-

2130 1983 2317 2039 ducens
2341 1984 2564 2041 Paulum
2585 1989 2761 2042 statuit
2790 1989 2921 2045 inter
2948 1990 3086 2045 illos.
3112 1988 3267 2064 (Cap.
3294 1985 3418 2058 23.)
3464 1993 3510 2045 l.
3545 1989 3722 2045 Inten-

2130 2077 2255 2133 dens
2281 2089 2446 2133 autem
2472 2081 2523 2134 in
2550 2082 2820 2137 concilium
2855 2082 3074 2150 Paulus,
3098 2084 3247 2141 dixit.
3279 2084 3395 2139 Non
3416 2084 3524 2154 jam
3550 2084 3719 2139 tribu-

2130 2185 2278 2233 num,
2312 2170 2405 2226 sed
2435 2179 2600 2226 totam
2634 2174 3033 2231 multitudinem
3064 2185 3117 2230 ct
3146 2175 3397 2246 populum
3417 2175 3722 2246 alloquitur.

2132 2262 2197 2317 Et
2222 2263 2345 2334 quid
2376 2264 2545 2320 dicit?
2580 2263 2689 2321 Viri
2715 2267 2918 2337 fratres,
2960 2285 3051 2340 ego
3086 2270 3225 2324 omni
3250 2271 3556 2325 conscientia
3587 2271 3721 2324 bona

2127 2367 2451 2411 conversatus
2487 2374 2598 2411 sum
2629 2370 2746 2414 ante
2781 2359 2945 2415 Deum
2981 2377 3134 2432 usque
3162 2363 3214 2415 in
3243 2361 3539 2416 hodiernum
3571 2362 3723 2415 diem.

2130 2446 2188 2501 ld
2215 2456 2318 2514 est,
2376 2449 2494 2506 Non
2540 2450 2672 2506 mihi
2721 2454 2969 2508 conscius
3006 2469 3125 2509 sum
3162 2455 3304 2525 quod
3349 2471 3444 2511 vos
3475 2455 3724 2521 laeserim,

2130 2539 2212 2594 vel
2243 2540 2372 2610 quid
2398 2541 2484 2596 his
2509 2542 2738 2599 vinculis
2768 2544 2987 2615 dignum
3011 2544 3251 2601 fecerim.
3276 2545 3415 2615 Quid
3437 2562 3563 2617 ergo
3581 2546 3727 2616 priu-

2129 2646 2258 2703 ceps
2297 2632 2675 2690 sacerdotum?
2703 2635 2837 2691 Cum
2868 2637 3199 2707 oportuisset
3226 2638 3539 2709 compungi,
3582 2638 3722 2707 quod

2132 2720 2183 2775 in
2217 2723 2452 2792 ipsorum
2482 2724 2707 2795 gratiam
2754 2727 2952 2798 injuste
3001 2727 3195 2799 ligatus
3221 2727 3432 2794 fuisset,
3465 2728 3556 2785 ille
3581 2728 3722 2784 aliud

2130 2814 2331 2885 adjicit.
2363 2823 2418 2871 et
2447 2816 2600 2887 jubet
2624 2833 2747 2874 eum
2785 2818 3079 2884 verberari,
3112 2819 3254 2890 quod
3280 2820 3358 2877 sic
3387 2819 3721 2875 declaratur:

2129 2904 2185 2959 2.
2219 2905 2466 2977 Princeps
2507 2918 2676 2963 autem
2723 2910 3042 2964 sacerdotum
3076 2910 3303 2966 Ananias
3346 2910 3585 2982 prtecepit
3626 2909 3723 2962 ad-

2131 2998 2384 3054 stantibus
2417 2999 2512 3055 sibi
2555 3010 2811 3070 percutere
2856 3018 2913 3055 os
2954 3002 3083 3073 ejus.
3110 3001 3292 3057 Bonus
3322 3011 3470 3057 certe
3498 3012 3551 3056 et
3580 3001 3724 3055 mitis

2132 3090 2381 3160 princeps
2412 3091 2773 3148 sacerdotum.
2805 3093 2857 3148 5.
2889 3092 3031 3148 Tune
3075 3092 3270 3149 Paulus
3312 3093 3439 3148 dixit
3477 3091 3545 3145 ad
3570 3108 3682 3145 eum
3706 3107 3725 3146 :

2132 3181 2390 3239 Percutiet
2420 3193 2468 3239 te
2497 3183 2656 3253 Deus,
2682 3184 2851 3255 paries
2878 3184 3126 3241 dealbate.
3158 3183 3225 3239 Et
3250 3194 3305 3239 tu
3332 3184 3507 3239 sedens
3520 3182 3726 3253 judicas

2131 3292 2211 3330 me
2239 3276 2515 3330 secundum
2545 3277 2726 3348 legem,
2755 3287 2803 3331 et
2829 3286 3004 3331 contra
3028 3275 3192 3348 legem
3209 3274 3362 3348 jubes
3391 3291 3469 3328 me
3494 3273 3728 3345 percuti?

2131 3368 2184 3423 4.
2219 3368 2320 3436 Qui
2352 3379 2519 3422 autem
2543 3368 2815 3423 adstabant
2841 3370 3077 3423 dixerunt
3122 3369 3167 3423 ei
3199 3386 3221 3425 :
3251 3367 3527 3424 Summum
3556 3384 3727 3422 sacer-

2131 3459 2299 3513 dotem
2324 3457 2420 3513 Dei
2445 3459 2744 3513 maledicis?
2764 3460 2818 3516 5.
2861 3459 3007 3514 Dixit
3036 3468 3204 3513 autem
3230 3456 3433 3513 Paulus
3463 3477 3481 3513 :
3516 3457 3722 3513 Nescie-

2130 3550 2265 3615 bam,
2298 3553 2501 3621 fratres,
2527 3551 2664 3620 quod
2701 3551 2932 3620 princeps
2969 3553 3032 3605 sit
3065 3551 3385 3605 sacerdotum
3426 3567 3444 3604 :
3482 3551 3727 3620 scriptum

2130 3651 2204 3696 est
2224 3643 2360 3697 enim
2385 3659 2402 3696 :
2431 3641 2720 3713 Principem
2751 3642 2931 3713 populi
2970 3643 3045 3696 tui
3081 3658 3181 3697 non
3212 3642 3480 3697 maledices
3525 3640 3720 3712 (Exod.

2129 3734 2221 3789 es.
2252 3734 2370 3806 ‘28).

2201 3825 2256 3881 2.
2299 3825 2527 3894 Quidam
2558 3825 2743 3882 dicunt
2770 3824 2920 3881 illum
2961 3826 3219 3882 scientem
3262 3842 3356 3897 per
3385 3825 3613 3881 ironiam
3644 3825 3724 3881 lo-

2132 3925 2355 3987 quutum
2397 3931 2524 3973 esse
2570 3936 2584 3972 :
2630 3917 2760 3972 mihi
2792 3926 2974 3973 autem
3010 3918 3221 3973 videtur
3274 3918 3448 3989 ipsmn
3501 3917 3723 3973 omnino

2132 4008 2428 4065 nescivisse
2452 4009 2594 4079 quod
2625 4018 2767 4064 esset
2794 4010 3042 4081 princeps
3072 4010 3411 4066 sacerdotum
3446 4025 3459 4064 :
3484 4008 3721 4081 alioquin

2131 4099 2281 4154 illum
2313 4101 2647 4156 houorasset.
2679 4101 2802 4154 Ideo
2831 4116 2953 4160 sese
2981 4110 3179 4173 purgat
3206 4111 3510 4166 accusatus,
3540 4112 3597 4157 et
3625 4101 3724 4156 ad-

2134 4192 2213 4247 dit
2240 4211 2253 4247 :
2289 4191 2581 4263 Principem
2609 4193 2785 4265 populi
2817 4194 2891 4247 tui
2922 4210 3021 4247 non
3051 4193 3343 4249 maledices.
3395 4192 3531 4260 Quid
3571 4208 3721 4262 ergo,

2134 4284 2380 4354 inquies?
2423 4284 2469 4338 si
2503 4284 2646 4339 enim
2686 4283 2935 4355 princeps
2962 4298 3067 4338 non
3101 4293 3245 4339 esset
3270 4327 3284 4350 ,
3330 4284 3493 4338 alium
3531 4290 3724 4339 contu-

2134 4376 2291 4431 melia
2322 4374 2539 4430 allicere
2566 4375 2897 4447 oportebat?
2942 4375 3200 4442 Minime;
3254 4377 3362 4432 imo
3400 4377 3725 4432 contumelia

2132 4467 2450 4523 alticientem
2492 4465 2633 4524 ferre
2662 4482 2759 4538 par
2787 4477 2922 4524 erat.
2970 4468 3099 4523 Jure
3142 4468 3230 4525 hic
3261 4480 3553 4541 quteratnr,
3595 4486 3729 4541 quo-

2132 4558 2295 4614 modo
2344 4559 2409 4625 is,
2438 4559 2529 4631 qui
2569 4559 2695 4615 alibi
2733 4558 2881 4627 dicit,
2925 4558 3055 4615 Cum
3077 4559 3447 4623 maledicimur,
3478 4562 3729 4616 benedici-

2136 4666 2278 4716 mus;
2303 4666 2422 4705 cum
2453 4651 2887 4721 persequutionem
2913 4654 3154 4722 patimur,
3182 4650 3486 4707 sustinemus
3503 4652 3552 4723 (ἰ
3569 4692 3582 4705 .
3603 4653 3722 4707 Cor.

2135 4745 2186 4798 l.
2221 4742 2343 4814 l2);
2374 4742 2463 4799 hic
2492 4743 2823 4799 contrarium
2850 4741 3000 4811 facit,
3044 4759 3145 4799 nec
3175 4743 3337 4800 modo
3370 4745 3725 4813 conviciatur,

2134 4835 2229 4892 sed
2258 4838 2419 4891 etiam
2451 4837 2766 4893 maledicit?
2804 4838 2960 4894 Absit
2985 4856 3001 4894 :
3032 4848 3282 4895 neutrum
3312 4840 3505 4896 horum
3533 4840 3728 4896 fecisse

2136 4928 2591 4999 deprehenditur;
2637 4928 2732 4986 sed
2774 4931 2820 4985 si
2849 4932 2969 5002 quis
3007 4939 3256 4988 accurate
3280 4933 3609 4999 consideret,
3660 4933 3727 4988 li-

2137 5021 2266 5077 bere
2308 5022 2578 5093 loquentis
2614 5023 2784 5095 magis
2808 5034 2935 5081 sunt
2964 5026 3150 5093 verba,
3195 5042 3354 5099 quam
3391 5028 3511 5084 irati
3543 5046 3558 5084 :
3588 5029 3728 5084 alio-

2138 5113 2265 5183 quin
2305 5128 2436 5169 vero
2469 5114 2691 5170 nolebat
2727 5116 2941 5172 tribuno
2974 5118 3394 5189 contemptibilis
3438 5117 3625 5173 videri.
3670 5119 3728 5174 Si

2137 5207 2280 5262 enim
2306 5208 2397 5263 ille
2423 5222 2452 5263 a
2474 5207 2796 5279 llagellando
2819 5210 3098 5277 abstinuit,
3128 5222 3314 5283 utpote
3336 5212 3508 5281 ipsum
3529 5210 3730 5267 Judmis

2141 5299 2450 5365 traditurus,
2503 5301 2646 5372 quod
2693 5317 2724 5357 a
2775 5301 2992 5360 famulis
3032 5301 3352 5370 caederetur,
3385 5302 3554 5372 magis
3582 5302 3729 5356 illum

2138 5391 2395 5448 audacem
2417 5391 2741 5450 reddidisset
2769 5412 2783 5449 :
2817 5393 2937 5449 ideo
2962 5409 3072 5449 non
3097 5392 3420 5460 ministrum,
3439 5393 3533 5449 sed
3556 5392 3727 5464 ipsum

2135 5485 2411 5553 jnbentem
2439 5485 2771 5557 aggreditur.
2802 5484 2932 5541 Illud
2960 5499 3107 5551 vero,
3154 5482 3335 5539 Parics
3358 5483 3609 5551 dealbatc,
3649 5484 3728 5539 in-

2138 5581 2274 5651 quit,
2306 5590 2359 5633 tu
2379 5580 2559 5634 sedens
2572 5579 2781 5651 judicas
2812 5595 2891 5633 me
2911 5580 3191 5632 secundum
3221 5578 3399 5650 legem,
3428 5592 3492 5632 ac
3521 5578 3566 5633 si
3588 5577 3732 5633 dice-

2140 5681 2222 5728 ret
2257 5691 2270 5726 :
2308 5672 2451 5727 Reus
2494 5688 2615 5727 cum
2645 5672 2740 5738 sis,
2786 5681 2844 5727 et
2886 5671 3070 5727 multis
3116 5671 3289 5741 plagis
3327 5670 3540 5741 dignus.
3596 5669 3732 5726 Vide

2141 5779 2292 5835 ergo,
2320 5762 2591 5835 quomodo
2612 5777 2676 5819 ex
2700 5763 2817 5833 ejus
2846 5762 3057 5819 dicendi
3080 5763 3327 5821 libertate
3352 5763 3576 5835 populus
3610 5779 3729 5834 per-

2145 5857 2327 5913 culsus
2357 5856 2536 5912 fuerit.
2570 5856 2702 5913 Cum
2732 5859 2875 5913 enim
2905 5858 3232 5930 oportuisset
3289 5868 3456 5916 totum
3508 5858 3726 5915 subver-
