4112 6440
387 437 492 494 s35

389 567 528 626 tere,
576 557 753 629 potius
798 554 1219 611 dthacchantur.
1278 554 1372 610 Ille
1414 571 1546 611 vero
1597 555 1767 626 legem
1810 554 1977 625 ipsam

392 648 544 719 legit,
576 658 633 703 ut
661 646 908 702 ostendat
935 660 994 702 se
1027 662 1136 701 non
1156 662 1224 702 ex
1248 655 1414 713 metu,
1444 660 1541 700 nec
1566 646 1705 716 quod
1734 645 1983 715 indignus

393 752 539 798 esset
585 742 675 813 qui
715 741 948 808 audiret,
999 740 1114 796 lucc
1150 740 1373 809 dixisse,
1424 740 1519 796 sed
1562 740 1665 811 legi
1708 741 1986 811 obtempe-

390 849 561 891 rasse.
622 833 691 889 Et
731 834 953 889 omnino
996 848 1280 903 persuasus
1323 847 1443 887 sum
1486 832 1779 888 uescivisse
1809 833 1981 899 illum,

388 926 532 998 quod
562 927 809 998 princeps
839 925 1178 983 sacerdotum
1211 932 1376 993 esset,
1418 930 1564 996 quod
1609 933 1729 996 post
1770 925 1985 995 longum

391 1029 604 1090 tempus
632 1018 899 1098 rediisset.
928 1033 1029 1075 nec
1049 1018 1355 1087 frequenter
1374 1016 1592 1073 Judzeos
1619 1017 1983 1084 convenisset,

389 1109 706 1180 videretque
749 1125 870 1164 eum
918 1110 971 1163 in
1014 1108 1192 1165 medio
1231 1108 1458 1164 aliorum
1515 1109 1847 1166 multorum:
1880 1124 1985 1163 non

391 1202 538 1257 enim
564 1200 877 1256 tuamfrstus
898 1209 1008 1256 erat
1033 1200 1284 1272 princeps
1308 1199 1651 1257 sacerdotum
1683 1199 1822 1256 inter
1853 1200 1990 1254 mul-

393 1303 475 1347 tos
500 1304 554 1350 et
580 1293 821 1349 diversos
849 1293 1089 1349 adstans.
1119 1293 1194 1348 Ita
1216 1293 1347 1348 mihi
1368 1292 1578 1348 videtur
1605 1292 1730 1347 illos
1759 1291 1982 1362 alloqui,

393 1383 685 1439 ostendens
711 1398 771 1439 se
802 1383 905 1455 legi
931 1384 1350 1454 obtemperare;
1381 1383 1608 1454 ideoque
1628 1396 1749 1438 sese
1778 1391 1985 1454 purgat.

391 1474 496 1531 Sed
525 1473 776 1544 superius
800 1475 943 1530 dicta
966 1483 1298 1545 repetamus.
1334 1472 1517 1529 Oranti
1546 1474 1673 1528 mihi
1696 1476 1749 1529 in
1779 1473 1985 1544 templo,

396 1566 588 1637 inquit,
613 1565 801 1620 accidit
844 1574 899 1621 ut
931 1567 987 1620 in
1030 1567 1219 1622 επιαεὶ
1261 1567 1454 1636 ﬁerem.
1482 1565 1554 1622 Ut
1595 1565 1844 1639 ostendat
1881 1579 1987 1618 non

395 1657 730 1727 phantasiam
771 1656 957 1723 luisse,
1015 1656 1137 1713 ideo
1185 1657 1391 1712 addidit
1430 1656 1579 1723 illud,
1623 1654 1804 1710 Oranti
1840 1656 1985 1710 mihi.

395 1749 608 1806 Festina
645 1759 694 1806 et
731 1752 813 1806 exi
844 1751 967 1817 cito,
999 1752 1190 1823 inquit,
1217 1752 1337 1822 quia
1359 1751 1697 1807 testimonium
1720 1759 1861 1805 tuum
1886 1767 1988 1804 non

391 1844 653 1916 recipient.
706 1844 805 1900 llic
827 1844 1083 1913 ostendit,
1108 1859 1167 1901 se
1188 1860 1294 1901 non
1326 1845 1687 1916 periculorum
1730 1854 1876 1899 metu
1921 1843 1988 1899 ab

393 1936 504 1991 illis
524 1936 798 2008 effugisse,
835 1935 929 1991 sed
954 1935 1079 2008 quia
1111 1952 1216 1991 non
1247 1936 1550 2007 suscepturi
1577 1945 1733 1992 erant
1757 1935 1990 1990 testimo-

393 2027 539 2082 nium
566 2043 744 2083 suum.
769 2027 879 2083 Cur
900 2042 1030 2084 vero
1051 2027 1207 2093 dixit,
1227 2026 1254 2081 1
1261 2029 1338 2099 psi
1361 2029 1547 2094 sciunt,
1570 2028 1709 2100 quod
1734 2044 1826 2099 ego
1853 2044 1991 2081 eram

392 2119 613 2192 alligans
636 2120 663 2175 .’
690 2120 807 2177 Non
827 2119 1043 2177 Christo
1063 2122 1464 2191 contradicens,
1491 2120 1661 2189 absit;
1689 2121 1783 2178 sed
1805 2120 1990 2177 volens

394 2210 606 2267 discere
627 2219 735 2266 tam
766 2211 1013 2268 mirabile
1038 2227 1198 2282 opus.
1253 2211 1413 2279 Vade,
1441 2212 1633 2283 inquit,
1660 2213 1783 2283 quia
1806 2228 1898 2284 ego
1923 2211 1992 2265 ad

398 2313 570 2375 gentes
597 2304 779 2376 procul
794 2304 1210 2361 miltamte.Vide
1231 2320 1245 2358 :
1263 2320 1367 2359 non
1389 2303 1572 2360 docuit
1587 2320 1708 2358 eum
1726 2303 1989 2367 Christus,

397 2396 524 2467 quid
554 2407 831 2467 oporteret
847 2397 1052 2465 facere;
1080 2398 1175 2454 sed
1197 2398 1333 2454 dixit
1354 2407 1557 2454 tantum
1577 2407 1634 2453 ut
1650 2397 1842 2465 abiret,
1869 2398 1992 2452 ille-

399 2504 506 2559 que
525 2490 842 2562 obsequitur
876 2513 890 2548 :
920 2492 1056 2547 adeo
1104 2492 1402 2563 morigerus
1444 2499 1580 2548 erat.
1613 2491 1679 2545 Et
1709 2491 1993 2547 levaverunt

399 2595 567 2636 vocem
595 2598 763 2650 suam,
793 2583 986 2654 inquit,
1018 2584 1238 2638 dicentes
1268 2599 1287 2637 :
1314 2580 1455 2638 Tolle
1502 2598 1656 2648 eum;
1712 2601 1812 2638 non
1861 2585 1995 2638 enim

406 2673 636 2728 convenit
660 2683 716 2728 ut
742 2674 893 2730 uiuat.
921 2673 966 2731 Ο
993 2674 1272 2730 audaciam
1300 2680 1312 2730 !
1367 2675 1526 2731 Certe
1551 2690 1648 2731 vos
1676 2677 1856 2731 vivere
1887 2692 1994 2731 non

402 2767 677 2833 convenit,
718 2781 825 2822 non
858 2768 987 2823 item
1035 2767 1103 2823 de
1133 2767 1237 2824 hoc
1265 2767 1495 2834 dicatur,
1527 2769 1617 2840 qui
1660 2769 1715 2823 in
1745 2769 1996 2826 omnibus

399 2857 511 2912 Deo
537 2857 871 2928 obsequitur.
898 2857 942 2914 0
964 2858 1177 2915 scelesti
1211 2867 1265 2914 et
1287 2857 1603 2914 homicidae!
1638 2859 1705 2914 Et
1734 2861 1995 2915 excutien-

401 2958 476 3005 tes
516 2959 690 3017 uestes,
740 2950 929 3021 inquit,
962 2949 1218 3021 pulverem
1264 2950 1544 3006 mittebant.
1594 2949 1663 3007 Ut
1694 2952 1996 3022 graviorem

404 3042 705 3098 excitarent
755 3041 1098 3107 seditionem,
1130 3041 1234 3098 hoc
1284 3040 1572 3109 faciebant,
1618 3050 1712 3098 aut
1750 3052 1807 3098 ut
1846 3043 1997 3115 prin-

405 3135 582 3206 cipem
628 3143 914 3192 terrerent.
943 3134 1012 3191 Et
1034 3135 1158 3192 vide
1187 3153 1202 3191 :
1238 3150 1345 3191 non
1394 3135 1580 3192 dicunt
1607 3151 1845 3201 causam,
1873 3138 1999 3209 quia

409 3229 542 3287 nihil
599 3229 887 3286 dicendum
954 3229 1259 3296 habebant,
1308 3230 1403 3285 sed
1445 3229 1684 3284 clamore
1726 3243 1788 3286 se
1829 3240 2002 3287 terru-

406 3338 524 3378 rem
556 3323 798 3379 incutere
828 3330 1045 3394 putant:
1066 3324 1210 3394 alqui
1240 3322 1309 3379 ab
1332 3323 1733 3380 accusatoribus
1753 3324 2001 3381 ediscen—

412 3416 539 3473 dum
563 3425 696 3473 erat.
729 3416 796 3470 Et
822 3404 1053 3471 tribunus
1082 3418 1269 3484 timuit,
1316 3417 1506 3488 inquit,
1538 3433 1843 3489 cognoscens
1868 3417 2003 3489 quod

410 3510 676 3565 Romanus
703 3520 847 3566 esset.
872 3509 989 3566 Non
1017 3518 1133 3566 erat
1157 3524 1285 3580 ergo
1313 3509 1671 3578 mendacium,
1698 3511 1840 3582 quod
1865 3510 2001 3565 Pau-

420 3605 503 3659 lus
527 3604 732 3660 diceret
751 3618 809 3659 se
822 3602 1121 3659 Romanum
1144 3617 1284 3659 esse.
1315 3602 1382 3658 Et
1400 3603 1548 3659 soluit
1573 3619 1685 3658 eum
1710 3621 1743 3657 a
1769 3602 2002 3670 vinculis,

415 3697 608 3768 inquit,
659 3705 705 3751 et
759 3696 1016 3751 adducens
1064 3696 1241 3750 statuit
1291 3712 1404 3750 eum
1453 3697 1506 3750 in
1550 3696 1841 3750 concilium.
1894 3694 2008 3751 Hoc

414 3786 699 3858 oportebat
751 3786 961 3854 facere,
1012 3801 1189 3858 neque
1237 3786 1375 3841 velle
1426 3785 1718 3857 ﬂagellare,
1772 3785 1871 3841 sed
1917 3800 2007 3841 re-

417 3881 662 3951 linquere
715 3895 839 3935 eum
871 3921 886 3947 ,
944 3879 1036 3950 qui
1094 3879 1227 3935 nihil
1282 3879 1512 3935 vinculis
1566 3878 1786 3948 dignum
1844 3876 2006 3933 fecis-

419 3986 525 4031 set.
576 3973 645 4029 Et
690 3973 839 4028 solvit
872 3989 1008 4040 eum,
1057 3973 1245 4043 inquit,
1275 3983 1321 4028 et
1351 3974 1418 4027 ad
1446 3973 1563 4027 itlos
1604 3970 1840 4026 adduxit.
1895 3970 2011 4026 Hoc

423 4065 655 4122 maxime
683 4065 701 4097 ί
727 4065 916 4121 anxios
941 4064 1172 4122 reddidit
1223 4065 1462 4121 Judmos.
1516 4063 1792 4119 Intendens
1840 4071 2011 4117 autent

422 4159 623 4215 Paulus
664 4159 1048 4225 inconcilium,
1080 4158 1270 4231 inquit,
1312 4159 1441 4214 dixit
1465 4174 1484 4212 :
1523 4155 1629 4212 Viri
1658 4161 1865 4226 fratres.
1913 4154 2013 4210 llic

419 4270 482 4311 se
534 4254 783 4311 fidentem
831 4253 1087 4322 ostendit,
1131 4261 1187 4309 et
1241 4250 1683 4323 imperterritum.
1732 4247 1839 4307 Sed
1891 4247 2014 4304 vide

421 4348 635 4404 illorum
675 4347 1064 4418 petulantiam;
1105 4345 1380 4418 subjunxit
1405 4344 1549 4402 enim
1580 4362 1593 4400 :
1624 4343 1875 4415 Princeps
1919 4359 2017 4398 au-

422 4450 522 4494 tem
565 4439 885 4495 sacerdotum
915 4441 1142 4496 Anauias
1195 4439 1435 4511 pracepit
1463 4447 1519 4493 ut
1570 4446 1917 4510 percuteretur
1958 4452 2017 4492 os

429 4532 557 4600 ejus.
588 4529 698 4587 Cur
740 4532 1010 4602 percutis?
1045 4532 1171 4604 quid
1201 4531 1345 4588 enim
1370 4530 1818 4587 contumeliosum
1838 4528 2016 4584 dixit?

426 4620 471 4676 Ο
500 4620 917 4692 impudentiam!
955 4638 987 4679 ο
1013 4623 1319 4680 audaciam!
1352 4622 1493 4678 Tunc
1514 4620 1709 4677 Paulus
1734 4621 1862 4676 dixit
1884 4620 1964 4675 illi
1998 4635 2018 4676 :

429 4710 689 4772 I’ercutiet
731 4723 778 4769 te
799 4714 960 4785 Deus,
987 4717 1156 4788 paries
1184 4714 1435 4770 dealbate.
1465 4714 1646 4785 Papae,
1675 4711 2013 4769 libertatem!

427 4805 509 4862 Ob
557 4804 864 4879 hypocrisin
904 4819 958 4864 et
1013 4809 1348 4878 iniquitatem
1390 4807 1541 4862 illum
1591 4804 1862 4860 traducit:
1897 4802 2020 4859 ideo

425 4896 586 4953 etiam
635 4898 966 4969 reprimitur.
994 4898 1114 4970 Ipse
1139 4914 1269 4954 vero
1292 4898 1487 4955 dubius
1515 4911 1583 4953 ue
1611 4896 1773 4951 audet
1800 4894 2016 4967 quidem

428 4989 609 5061 loqui;
658 4990 753 5048 sed
797 4992 889 5063 qui
938 4993 1088 5061 juxta
1145 4990 1297 5047 illum
1326 4999 1512 5054 erant,
1558 4990 1673 5060 ejus
1716 4991 2018 5046 libertatem

428 5097 536 5139 non
566 5080 820 5139 tulerunt.
874 5084 949 5139 lla
993 5084 1248 5139 videbant
1295 5085 1570 5140 hominem
1626 5092 1854 5139 mortem
1909 5097 2017 5139 non

428 5185 732 5246 curantem,
779 5188 835 5233 et
862 5192 969 5232 non
996 5178 1386 5232 sustinuerunt.
1435 5175 1761 5242 Nesciebam,
1814 5176 2014 5247 inquit,

368 5298 375 5304 -
429 5267 567 5338 quod
594 5284 820 5323 summus
859 5266 1096 5323 sacerdos
1118 5269 1202 5323 sit.
1253 5269 1396 5340 Ergo
1416 5285 1481 5325 ex
1512 5270 1809 5340 ignorantia
1840 5271 2018 5326 incre-

429 5360 574 5428 patio
601 5359 738 5415 fuit:
772 5361 872 5416 nisi
900 5360 1041 5415 enim
1068 5360 1169 5416 hoc
1194 5370 1357 5429 esset,
1388 5362 1480 5417 illo
1517 5372 1741 5433 accepto
1775 5364 2017 5431 abiisset,

426 5465 527 5506 nec
554 5451 826 5518 tacuisset.
868 5461 1028 5524 atque
1059 5454 1231 5523 ipsum
1260 5453 1364 5508 illis
1402 5454 1645 5509 tribunus
1690 5455 2016 5511 tradidisset.

498 5543 554 5598 5.
584 5541 684 5598 Hic
709 5558 872 5615 porro
898 5546 1133 5601 ostendit
1161 5561 1221 5602 se
1248 5546 1480 5602 libenter
1515 5547 1630 5602 haec
1662 5548 1769 5617 pati
1801 5564 1815 5602 :
1850 5556 2013 5619 atque

433 5631 505 5685 ita
531 5633 793 5689 rationem
817 5636 998 5694 reddit
1025 5653 1147 5694 cum
1190 5639 1295 5695 illis
1323 5679 1340 5707 ,
1382 5638 1487 5709 legi
1512 5655 1571 5696 se
1601 5641 1821 5713 obsequi
1849 5685 1865 5710 ,
1913 5658 2019 5697 non

433 5722 541 5778 illis
582 5722 990 5799 demonstrans;
1027 5744 1151 5785 nam
1199 5731 1320 5787 illos
1367 5731 1657 5789 admodum
1709 5734 2017 5789 damnabat.

467 5859 522 5932 ί]
555 5858 613 5932 lu
641 5852 800 5932 tribus
816 5858 966 5932 Codd.
1004 5866 1189 5932 legitur
1216 5882 1228 5918 :
1260 5878 1359 5921 Hoc
1380 5869 1624 5932 oportebat
1654 5871 1817 5932 facere
1840 5869 1899 5922 ab
1925 5871 2018 5924 ini-

440 5915 526 5962 tio.
548 5937 567 5969 ι
584 5917 792 5972 solutum
816 5932 878 5975 ad
902 5926 1010 5980 itlos
1043 5915 1290 5982 ἕάᾱιὶεέεέξ
1304 5915 1725 5994 Iriéé'iidiinte";
1736 5915 1840 5985 etc.

1118 438 1175 497 s.
1212 436 1489 497 JOANNIS
1524 438 1998 496 CHRYSOSTOMI
2034 438 2352 498 ARCHIEP.
2392 439 2930 502 consummes.
3584 451 3685 508 εδδ

2092 554 2322 628 Propter
2360 557 2533 630 legem
2579 559 2740 631 igitur
2780 561 3043 616 rationem
3071 561 3275 631 reddit,
3325 581 3429 620 non
3471 575 3687 636 propter

2090 648 2386 720 p0pulum;
2414 659 2469 706 et
2492 650 2615 721 jure
2643 652 2860 722 quidem
2893 669 2907 705 :
2941 667 3064 708 nam
3095 669 3217 709 eum
3240 697 3255 722 ,
3305 655 3394 726 qui
3440 671 3499 711 se
3547 655 3684 711 nihil

2090 741 2328 809 laeserat,
2358 752 2414 799 et
2438 743 2781 801 innocentem
2811 745 3061 802 occidere
3091 747 3330 817 iniquum
3358 756 3495 802 erat.
3524 747 3686 819 Igitur

2089 834 2233 905 quod
2259 836 2328 890 ab
2358 836 2448 891 illo
2473 836 2676 892 dictum
2706 846 2830 903 est,
2877 852 2984 894 non
3026 838 3352 896 contumelia
3393 849 3548 907 erat;
3580 840 3685 898 nisi

2091 925 2212 995 quis
2236 926 2378 982 dicat
2403 926 2676 983 Christum
2707 929 3091 985 contumeliam
3125 929 3387 1005 proferre,
3411 944 3533 985 cum
3564 931 3641 986 ait
3668 947 3685 985 :

2101 1016 2191 1074 Vat
2208 1019 2346 1075 vobis
2369 1020 2545 1076 scribis
2571 1030 2618 1075 et
2644 1019 2950 1088 Pltaristeis,
2979 1023 3099 1094 quia
3121 1021 3311 1077 similes
3338 1022 3456 1076 estis
3481 1022 3689 1094 parieti-

2093 1111 2184 1167 bus
2211 1112 2458 1169 dealbatis
2498 1113 2711 1188 (Matth.
2741 1114 2833 1170 95.
2870 1114 2989 1186 27).
3022 1115 3217 1183 Etiam,
3246 1115 3490 1186 inquies;
3519 1114 3613 1171 sed
3641 1114 3688 1169 si

2093 1214 2380 1276 antequam
2404 1206 2785 1264 verberaretur
2811 1207 2916 1264 hoc
2934 1208 3181 1277 dixisset,
3213 1224 3319 1264 non
3355 1207 3543 1265 fuisset
3571 1209 3687 1270 irae.

2093 1296 2187 1352 sed
2218 1296 2447 1354 ﬁducita.
2476 1298 2677 1355 Verum
2719 1314 2934 1356 causam
2973 1300 3106 1367 dixi,
3137 1300 3278 1372 quod
3307 1300 3474 1357 nollet
3497 1299 3691 1370 despe-

2095 1391 2201 1447 ctui
2236 1391 2444 1448 haberi.
2478 1394 2639 1464 Atqui
2684 1409 2828 1464 sa‘pe
2851 1394 3098 1451 Christus
3126 1394 3341 1451 Iudaeos
3367 1394 3687 1450 contumelia

2093 1481 2272 1537 affecit
2292 1524 2308 1551 ,
2337 1484 2452 1553 ipse
2487 1486 2813 1542 contumelia
2857 1486 3087 1543 allectus
3109 1529 3126 1554 ,
3156 1496 3213 1543 ut
3240 1502 3362 1543 cum
3391 1486 3521 1543 dicit
3550 1503 3566 1542 :
3610 1486 3691 1540 Ne

2095 1575 2282 1644 putetis
2323 1577 2459 1646 quod
2483 1592 2574 1649 ego
2617 1593 2848 1633 accusem
2878 1595 2964 1633 vos
3012 1576 3194 1651 (Joan.
3243 1578 3298 1635 5.
3327 1578 3443 1649 45).
3490 1578 3558 1632 At
3586 1576 3688 1632 hoc

2096 1667 2421 1723 contumelia
2444 1677 2668 1735 nonest,
2693 1669 2853 1725 absit.
2873 1669 3009 1726 Vide
3026 1684 3155 1741 ergo
3178 1684 3297 1725 cum
3325 1680 3522 1741 quanta
3541 1682 3690 1722 man-

2094 1758 2381 1814 suetudine
2411 1759 2532 1815 illos
2557 1760 2884 1831 alloquatur.
2932 1758 3232 1814 Nesciebam
3252 1801 3269 1827 ,
3302 1759 3507 1830 inquit,
3551 1757 3690 1828 quod

2094 1867 2321 1906 summus
2339 1851 2575 1906 sacerdos
2599 1851 2694 1907 Dei
2719 1862 2867 1908 esset.
2892 1851 3007 1907 Hoc
3027 1851 3181 1920 dixit,
3213 1866 3388 1922 neque
3410 1851 3496 1906 hic
3520 1849 3686 1917 stetit;

2095 1942 2190 1998 sed
2218 1943 2511 1999 ostendens
2534 1957 2594 1999 se
2618 1959 2726 1999 non
2759 1944 2961 2000 ironice
2992 1944 3157 2015 loqui,
3184 1943 3369 2000 addit:
3398 1941 3688 2012 Principrm

2096 2034 2277 2105 populi
2300 2036 2374 2089 tui
2401 2053 2503 2091 non
2528 2037 2817 2093 maledicas.
2851 2036 3043 2093 Viden'
3067 2037 3337 2108 quomodo
3365 2036 3516 2093 illum
3546 2035 3689 2106 prin-

2095 2125 2269 2197 cipem
2293 2127 2471 2183 adhuc
2493 2127 2818 2184 c0nlitetur?

2171 2220 2519 2277 Mansuetudo
2542 2222 2946 2285 commendatur.
2963 2252 3033 2263 ——
3054 2222 3335 2279 Discamus
3362 2235 3492 2292 ergo
3512 2226 3567 2274 et
3593 2235 3625 2274 n
3640 2233 3691 2273 δε

2098 2313 2586 2379 mansuetudinem,
2618 2323 2678 2369 ut
2698 2314 2752 2369 in
2776 2314 3020 2385 utrisque
3047 2313 3218 2370 simus
3246 2311 3490 2383 perfecti.
3523 2310 3685 2366 Multa

2097 2406 2241 2461 enim
2268 2406 2613 2462 accuratione
2632 2420 2769 2478 opus
2792 2414 2903 2472 est,
2930 2414 2990 2460 ut
3010 2404 3245 2460 discatur
3265 2402 3392 2475 quid
3420 2403 3542 2462 hoc.
3564 2399 3691 2473 quid

2099 2498 2232 2554 illud
2259 2499 2330 2553 sit
2370 2498 2759 2554 :accuratione
2805 2506 2985 2554 autem
3026 2511 3163 2568 opus
3204 2505 3318 2563 est,
3347 2494 3471 2566 quia
3521 2493 3693 2549 vicina

2098 2601 2226 2647 sunt
2253 2590 2540 2646 virtutibus
2566 2590 2695 2645 vitia
2718 2631 2734 2658 ,
2764 2588 2980 2647 dicendi
3010 2588 3243 2645 libertati
3271 2586 3515 2655 audacia,
3544 2601 3697 2641 man-

2098 2683 2367 2740 suetudini
2382 2683 2610 2754 ignavia.
2627 2681 2939 2739 Cavendum
2957 2689 3136 2738 autem
3158 2689 3264 2750 est,
3283 2696 3351 2737 ne
3366 2680 3486 2752 quis
3507 2678 3694 2734 vitium

2104 2785 2291 2832 tenens
2315 2775 2569 2831 virtutem
2593 2789 2654 2830 se
2683 2782 2834 2845 putet
2864 2772 3107 2840 habere;
3139 2781 3197 2827 ut
3220 2772 3267 2828 si
3296 2773 3417 2843 quis
3445 2769 3698 2840 opinetur

2102 2882 2163 2924 se
2177 2866 2330 2940 jungi
2347 2867 2603 2934 dominae,
2631 2864 2758 2921 dum
2780 2865 3023 2937 jungitur
3049 2863 3278 2918 ancillae.
3301 2862 3441 2930 Quid
3466 2872 3545 2918 eet
3567 2876 3699 2932 ergo

2103 2958 2459 3017 mansuetudo
2482 2997 2500 3025 ,
2540 2966 2596 3014 et
2622 2956 2748 3027 quid
2790 2965 2873 3012 est
2905 2953 3157 3027 ignavia?
3180 2952 3319 3009 Cum
3363 2953 3500 3007 alios
3539 2952 3647 3005 l:es«
3668 2964 3699 3006 ς

2105 3067 2213 3109 non
2252 3049 2629 3115 defendimus,
2669 3046 2764 3103 sed
2808 3055 3084 3111 tacemus,
3130 3043 3264 3098 illud
3308 3050 3395 3098 est
3428 3042 3635 3113 ignavia
3675 3054 3697 3098 ε

2103 3142 2321 3216 quando
2346 3147 2526 3195 autem
2553 3139 2694 3195 male
2718 3136 2897 3193 affecti
2923 3136 3214 3191 toleramus
3234 3176 3249 3201 ,
3282 3134 3413 3189 illud
3444 3142 3527 3188 est
3549 3149 3701 3188 mau-

2104 3234 2354 3293 suetudo.
2396 3232 2535 3303 Quid
2575 3240 2661 3288 est
2703 3230 2957 3302 loquendi
3001 3229 3264 3285 libertas?
3306 3227 3439 3283 Illud
3482 3227 3695 3296 ipsum,

2104 3342 2226 3384 cum
2253 3341 2352 3398 pro
2377 3326 2499 3382 aliis
2524 3325 2887 3380 decertamus.
2906 3321 3044 3390 Quid
3066 3319 3331 3376 audacia?
3356 3318 3583 3386 Quando
3600 3331 3699 3372 nos

2107 3421 2260 3492 ipsos
2300 3418 2483 3475 ulcisci
2514 3417 2782 3473 volumus.
2828 3413 3013 3485 Itaque
3061 3412 3223 3470 simul
3259 3412 3555 3484 junguntur
3584 3423 3699 3464 ma-

2062 3574 2067 3577 _
2105 3513 2430 3586 gnanimitas
2469 3520 2524 3568 et
2566 3510 2780 3567 dicendi
2822 3509 3072 3575 libertas;
3105 3507 3344 3577 itemque
3397 3502 3619 3560 audacia
3650 3510 3704 3556 et

2109 3610 2342 3681 ignavia.
2373 3608 2474 3675 Qui
2503 3607 2646 3663 enim
2675 3621 2774 3677 pro
2800 3606 2982 3677 seipse
3012 3619 3120 3659 non
3148 3601 3317 3670 dolet,
3347 3601 3434 3656 vix
3458 3594 3707 3672 pro‘aliis

2110 3701 2352 3770 dolebit;
2384 3701 2475 3773 qui
2516 3716 2647 3756 vero
2682 3699 2921 3770 seipsum
2954 3712 3062 3752 non
3108 3694 3386 3751 ulciscitur
3408 3734 3424 3761 ,
3455 3693 3544 3747 vix
3571 3691 3708 3745 alios

2112 3810 2219 3851 non
2250 3794 2562 3849 ulcisci-tur.
2608 3790 2742 3848 Cum
2772 3791 2918 3847 enim
2945 3803 3125 3846 mores
3163 3795 3290 3843 sunt
3313 3801 3342 3840 a
3370 3784 3709 3856 passionihus

2114 3886 2264 3957 puri,
2293 3886 2546 3940 virtutem
2573 3881 2882 3938 admittunt.
2911 3879 2982 3936 Ut
3011 3894 3208 3949 corpus
3249 3894 3279 3932 a
3321 3876 3456 3932 febri
3481 3874 3708 3930 liberum

2113 3977 2279 4035 robur
2316 3975 2541 4046 accipit,
2573 3974 2651 4030 sie
2696 3973 2877 4028 anima
2906 3970 3248 4043 passionihus
3274 3983 3383 4024 non
3413 3975 3671 4036 corrupta
3690 4004 3707 4030 ,

2114 4067 2481 4125 fortitudinem
2502 4064 2718 4137 accipit.
2746 4063 2948 4135 Magna:
2974 4060 3306 4118 fortitudinis
3334 4058 3595 4116 indicium
3627 4065 3710 4112 est

2116 4159 2513 4218 mansuetudo:
2541 4171 2806 4229 generosa
2845 4164 2902 4212 et
2924 4155 3064 4211 virili
3093 4154 3274 4209 anima
3313 4150 3711 4220 admodumque

2116 4253 2333 4311 sublimi
2349 4266 2487 4323 opus
2498 4249 2667 4307 habet
2693 4246 3065 4305 mansuetudo.
3081 4246 3165 4301 An
3179 4259 3363 4317 parum
3384 4257 3506 4299 esse
3516 4250 3676 4313 putas
3690 4280 3707 4306 ,

2119 4346 2259 4404 male
2284 4342 2428 4400 affici
2458 4352 2514 4399 et
2542 4342 2649 4415 pati
2677 4383 2693 4409 ,
2732 4348 2790 4398 et
2818 4354 2926 4396 non
2966 4335 3317 4409 exasperari?
3354 4333 3466 4390 Nec
3490 4334 3710 4389 aberra-

2118 4440 2292 4506 verit,
2320 4435 2413 4507 qui
2438 4449 2623 4492 curam
2642 4432 2872 4506 proximi
2892 4433 2976 4488 sui
3000 4428 3366 4487 fortitudinem
3397 4425 3709 4482 vocaverit:

2121 4530 2211 4604 qui
2238 4531 2384 4587 enim
2415 4535 2620 4583 tantum
2648 4525 2851 4591 valuit,
2882 4534 2940 4578 ut
2969 4530 3170 4578 tantam
3201 4521 3504 4591 passionem
3537 4516 3712 4572 vince-

2122 4633 2242 4691 ret,
2285 4622 2444 4679 aliam
2472 4635 2687 4693 quoque
2716 4617 2930 4691 aggredi
2956 4615 3192 4671 audebit.
3226 4611 3470 4683 Exempli
3508 4625 3666 4666 causa
3695 4650 3711 4673 ,

2121 4717 2244 4774 dum
2273 4716 2550 4788 passiones
2577 4722 2704 4770 sunt
2729 4714 2889 4768 timor
2917 4719 2973 4767 et
2996 4711 3075 4766 ira
3105 4726 3120 4764 :
3147 4709 3193 4764 si
3215 4708 3348 4762 iram
3373 4717 3713 4777 compescite-

2123 4812 2233 4880 ris,
2276 4811 2525 4867 timorem
2572 4817 2721 4864 certe
2758 4806 2976 4870 vinces;
3008 4803 3145 4859 iram
3182 4811 3359 4856 autem
3410 4799 3581 4854 vincis
3605 4838 3620 4863 ,
3668 4797 3712 4850 si

2124 4910 2439 4961 mansuetus
2480 4900 2556 4956 sis
2600 4916 2614 4954 :
2647 4898 2807 4970 igitur
2837 4906 2893 4951 et
2931 4895 3177 4950 timorem
3207 4893 3394 4949 vinces
3416 4933 3432 4958 ,
3473 4891 3518 4945 si
3561 4889 3713 4945 fortis

2124 4994 2310 5051 fueris.
2343 4992 2550 5048 Rursus
2594 4990 2639 5047 si
2677 4990 2813 5045 iram
2863 5002 2967 5044 non
3000 4987 3222 5053 viceris,
3264 4984 3434 5040 audax
3480 4983 3628 5048 eris;
3671 4982 3715 5037 si

2124 5098 2305 5145 autem
2336 5087 2440 5142 hoc
2469 5084 2654 5141 vitium
2700 5097 2808 5139 non
2835 5080 3207 5152 superaveris,
3252 5092 3428 5149 neque
3471 5077 3717 5132 timorem

2126 5196 2382 5254 superare
2408 5180 2607 5251 poteris
2640 5198 2654 5234 :
2683 5178 2862 5250 itaque
2886 5173 3267 5232 formidolosus
3293 5174 3436 5240 eris;
3460 5172 3718 5243 idipsum-

2126 5289 2230 5346 que
2257 5273 2483 5340 accidit,
2533 5286 2598 5327 ac
2639 5272 2684 5326 si
2724 5284 2921 5341 corpus
2951 5270 3021 5324 ita
3060 5268 3238 5324 debile
3278 5267 3440 5323 fuerit
3482 5275 3537 5322 et
3576 5264 3717 5319 male

2129 5375 2481 5439 temperatum
2502 5406 2518 5431 ,
2546 5372 2604 5420 ut
2624 5364 2832 5420 nullum
2860 5361 3032 5434 possit
3061 5359 3204 5418 ferre
3224 5358 3463 5414 laborem
3494 5374 3508 5412 :
3536 5356 3715 5412 statim

2129 5461 2215 5517 vel
2244 5476 2273 5515 a
2303 5458 2500 5531 frigore
2529 5458 2614 5513 vel
2641 5472 2669 5511 a
2701 5456 2882 5513 calore
2909 5455 3171 5526 abripitur
3202 5472 3217 5508 :
3249 5452 3351 5507 tale
3378 5465 3607 5520 namque
3635 5457 3718 5503 est

2128 5553 2183 5609 id
2226 5594 2241 5621 ,
2270 5551 2411 5623 quod
2454 5560 2540 5608 est
2573 5552 2711 5607 male
2766 5558 3153 5620 temperatum;
3181 5545 3324 5617 quod
3366 5556 3547 5600 autem
3580 5543 3719 5599 bene

2132 5655 2488 5717 temperatum
2515 5653 2629 5712 est,
2655 5646 2835 5700 omnia
2863 5643 3113 5698 sustinet.
3157 5639 3390 5695 Rursum
3436 5632 3716 5706 magnani-

2130 5742 2287 5796 mitas
2307 5740 2476 5795 virtus
2500 5749 2615 5804 est,
2639 5738 2823 5808 illique
2847 5736 3019 5791 vicina
3043 5742 3127 5791 est
3155 5731 3499 5804 prodigalitas
3529 5748 3541 5782 :
3568 5743 3715 5785 ceco-

2133 5833 2310 5888 nomia
2357 5831 2531 5886 virtus
2571 5837 2686 5893 est,
2728 5828 2936 5898 ipsique
2963 5826 3136 5881 vicina
3165 5834 3247 5881 est
3287 5821 3619 5894 parcimonia
3663 5829 3714 5874 et

2134 5923 2403 5981 sordities.
2440 5923 2548 5993 Age
2578 5934 2953 5991 ergo,rursum
2980 5917 3201 5975 virtutes
3232 5914 3566 5986 colligamus.
