4112 6436
258 407 373 463 555

264 542 381 592 σαι,
405 520 577 576 ταῦτα
603 520 778 585 οὕτως
798 519 970 585 εἶπεν,
997 518 1132 573 ἀλλά
1161 518 1238 591 τῷ
1262 519 1412 591 νόμῳ
1442 519 1535 574 καὶ
1561 516 1795 572 ἐνταῦθα
1821 531 1941 567 πει-

262 613 513 684 θόμενος.
565 610 678 664 Καὶ
718 609 924 680 σφόδρα
970 607 1226 677 πείθομαι
1264 606 1338 677 μὴ
1373 606 1569 658 εἰδέναι
1610 603 1804 666 αὐτὸν,
1855 602 1937 654 ὅτι

260 699 556 774 ἀρχιερεύς
579 701 716 762 ἐστι,
740 697 827 751 διά
857 695 1070 769 μακροῦ
1105 696 1202 765 μὲν
1231 694 1592 748 ἐπανελθόντα
1623 692 1839 763 χρόνου,
1866 689 1938 761 μὴ

260 788 659 858 συγγινόμενον
708 785 765 838 δὲ
823 784 1065 854 συνεχῶς
1128 782 1423 847 Ἰουδαίοις,
1475 781 1687 852 ὁρῶντα
1732 780 1791 834 δέ
1844 779 1940 833 καὶ

263 879 471 932 ἐκεῖνον
500 872 659 943 ἐντῷ
682 872 832 942 μέσῳ
858 871 996 942 μετά
1020 870 1232 924 πολλῶν
1257 870 1350 924 καὶ
1374 869 1598 942 ἐτέρων·
1624 868 1807 922 οὐκέτι
1829 868 1940 939 γάρ

261 963 423 1035 δῆλος
440 958 511 1033 ἦν
539 962 568 1013 ὁ
589 960 884 1030 ἀρχιερεὺς
913 956 1124 1010 πολλῶν
1144 957 1315 1011 όντων
1340 956 1436 1010 καὶ
1459 956 1752 1028 διαφόρων.
1783 953 1941 1008 Οὕτω

268 1068 358 1124 μοι
384 1046 659 1103 καὶτοῦτο
689 1046 826 1117 πρὸς
864 1045 1061 1108 αὐτοὺς
1086 1043 1473 1097 ἀποτείνασθαι
1504 1042 1670 1105 δοκεῖ,
1701 1042 1940 1103 δεικνὺς.

264 1141 346 1194 ὅτι
373 1139 526 1208 νόμῳ
562 1135 809 1191 πείθεται
826 1176 839 1194 .
867 1133 960 1186 καὶ
987 1133 1076 1187 διά
1110 1131 1267 1185 τοῦτο
1295 1131 1667 1200 ἀπολογεῖται.
1710 1129 1942 1199 Ἴδωμεν

264 1228 322 1281 δέ
359 1225 567 1282 ἀνωθεν
604 1222 675 1276 τά
715 1221 1003 1293 εἰρημένα.
1033 1217 1536 1289 Προσευχομένου
1569 1235 1712 1287 μου,
1753 1216 1941 1286 φησιν,

267 1317 337 1369 ἐν
366 1311 448 1378 τῷ
478 1309 645 1382 ἱερῷ,
684 1309 921 1379 ἐγένετο
952 1307 1236 1378 γενέσθαι
1260 1322 1337 1375 με
1373 1304 1445 1358 ἐν
1473 1303 1782 1359 ἐκστάσει.
1826 1303 1944 1355 ’Ἰνα

269 1401 517 1472 δηλώσῃ,
544 1399 627 1452 ὅτι
654 1398 752 1468 οὐχ
783 1396 969 1458 ἁπλῶς
1013 1393 1283 1465 φαντασία
1317 1388 1407 1465 ἦν,
1441 1391 1533 1445 διὰ
1573 1390 1736 1445 τοῦτο
1771 1406 1943 1462 προσ-

270 1487 434 1557 έθηκε
473 1484 555 1549 τὸ,
586 1481 1087 1551 Προσευχομένου
1112 1495 1252 1547 μου.
1285 1475 1568 1531 Σπεῦσον
1596 1474 1696 1529 καί
1734 1473 1943 1538 ἔξελθε

271 1575 341 1627 ἐν
362 1572 555 1640 τάχει,
577 1571 730 1639 φησι,
761 1568 909 1623 διότι
939 1568 1012 1621 οὐ
1042 1563 1482 1633 παραδέξονταί
1510 1578 1627 1617 σου
1655 1562 1772 1629 τὴν
1793 1577 1943 1629 μαρ-

271 1662 512 1729 τυρίαν.
549 1656 809 1712 Ἐνταῦθα
834 1654 1124 1713 δείκνυσιν,
1150 1654 1232 1707 ὅτι
1265 1652 1386 1722 οὐχὶ
1409 1650 1744 1721 φοϐούμενος
1766 1647 1944 1703 αὐτῶν

275 1749 408 1813 τοὺς
435 1746 702 1810 κινδύνους
729 1744 952 1814 ἔφυγεν,
974 1740 1089 1796 ἀλλ’
1109 1742 1192 1795 ὅτι
1213 1740 1315 1793 οὐκ
1342 1738 1584 1808 ἐδέχοντο
1612 1737 1709 1807 τὴν
1737 1752 1947 1807 μαρτυ-

280 1836 405 1907 ρίαν
430 1831 613 1888 αὐτοῦ.
641 1831 739 1885 Διά
764 1831 816 1884 τί
842 1831 901 1884 δὲ
928 1824 1101 1894 εἶπεν,
1137 1828 1221 1882 ὅτι
1248 1826 1428 1881 Αὑτοί
1457 1825 1832 1888 ἐπίστανται,
1860 1823 1949 1876 ὅτι

271 1922 392 1994 ἐγὼ
418 1922 580 1990 ἥμην
609 1920 956 1989 δεσμεύων;
992 1916 1108 1970 Οὐκ
1137 1914 1437 1983 ἀντιλέγων
1469 1912 1548 1983 τῷ
1584 1909 1828 1984 Χριστῷ,
1874 1910 1948 1981 μὴ

273 2010 487 2078 γένοιτο
510 2025 523 2038 ·
564 2006 699 2064 ἀλλὰ
737 2004 1054 2077 βουλόμενος
1101 2002 1297 2075 μαθεῖν
1338 2001 1399 2054 τὸ
1440 1999 1584 2054 οὕτω
1622 1996 1946 2070 παράδοξον.

275 2097 566 2167 Πορεύου,
583 2092 765 2165 φησὶν,
791 2092 879 2146 ὅτι
898 2090 1013 2160 ἐγὼ
1032 2092 1119 2157 εἰς
1140 2089 1284 2157 ἔθνη
1303 2087 1544 2158 μακρὰν
1561 2082 1952 2155 ἐξαποστελῶ

277 2201 368 2240 σε.
402 2187 567 2256 Ὅρα·
599 2184 702 2237 οὐκ
737 2178 975 2246 ἐδίδαξεν
1008 2178 1172 2233 αὑτὸν
1200 2179 1230 2231 ό
1267 2175 1523 2250 Χριστὸς,
1556 2173 1610 2228 τί
1634 2173 1714 2227 δεῖ
1742 2174 1947 2256 ποιεῖν,

278 2274 390 2328 ἀλλ’
442 2255 563 2326 εἷπε
603 2270 761 2342 μόνον
807 2267 1085 2335 ἀπελθεῖν,
1129 2266 1224 2320 καὶ
1270 2264 1548 2318 πείθεται·
1584 2260 1840 2316 τοσοῦτον
1885 2255 1954 2330 ἦν

281 2356 653 2428 καταπειθήςί
697 2354 805 2410 Καὶ
850 2353 1086 2423 ἐπῆραν
1128 2351 1245 2420 τὴν
1284 2350 1432 2424 [561]
1482 2348 1692 2418 φωνὴν
1732 2344 1950 2411 αὐτῶν,

282 2448 435 2517 φησὶ,
474 2445 783 2514 λέγοντες·
806 2439 945 2511 Αἶρε
977 2442 1187 2496 αὐτόν·
1217 2442 1289 2494 οὐ
1327 2440 1440 2509 γὰρ
1472 2436 1737 2504 καθῆκεν
1766 2433 1954 2487 αὑτὸν

283 2537 405 2606 ζῇν.
438 2537 502 2588 Ὦ
527 2535 625 2605 τῆς
658 2531 1015 2604 θρασύτητοςῐ
1047 2530 1143 2583 καὶ
1174 2528 1280 2600 μὴν
1311 2528 1454 2597 ὑμᾶς
1479 2526 1538 2579 οὐ
1568 2524 1801 2593 καθήκει
1832 2520 1953 2592 ζῇν,

282 2625 401 2695 οὐχὶ
440 2621 629 2676 τοῦτον
655 2620 748 2673 τὸν
778 2619 958 2673 πάντα
989 2616 1310 2687 πειθόμενον
1351 2613 1431 2684 τῷ
1470 2613 1613 2683 Θεῷ.
1652 2607 1724 2663 Ὦ
1770 2609 1956 2681 μιαροὶ

284 2714 377 2767 καὶ
403 2708 739 2781 ἀνδροφόνοι.
780 2706 887 2762 Καὶ
918 2706 990 2759 τὰ
1028 2703 1224 2774 ἱμάτια
1265 2699 1767 2763 ὲκτινάσσοντες,
1801 2696 1955 2767 φησὶ,

284 2795 594 2867 κονιορτὸν
629 2795 871 2850 ἔϐαλον.
927 2792 1087 2845 Ὥστε
1126 2789 1514 2861 χαλεπωτέραν
1561 2784 1816 2854 γενέσθαι
1861 2782 1958 2853 τήν

288 2886 475 2940 στάσιν
504 2883 666 2937 τοῦτο
694 2880 965 2944 ποιοῦσιν,
998 2878 1032 2950 ἢ
1071 2879 1169 2932 καὶ
1203 2876 1439 2947 φοϐῆσαι
1472 2874 1783 2945 βουλόμενοι
1804 2883 1831 2913 ι
1866 2871 1957 2924 τὸν

286 2974 539 3043 ἄρχοντα.
573 2970 686 3023 Καὶ
717 2968 841 3039 δρα·
877 2967 939 3020 οὑ
973 2965 1193 3033 λέγουσι
1214 2962 1312 3035 τὴν
1346 2960 1549 3025 αἰτίαν,
1577 2958 1765 3028 ἐπειδὴ
1794 2956 1960 3029 μηδὲν

286 3057 431 3131 εἶχον
453 3061 652 3125 εἰπεῖν,
684 3056 823 3111 ἀλλά
853 3057 922 3127 τῇ
953 3054 1050 3125 βοῇ
1074 3050 1446 3122 καταπλήξειν
1464 3049 1545 3104 οἴο
1558 3063 1686 3102 ιται·
1716 3047 1813 3101 καὶ
1854 3046 1962 3118 μὴν

287 3149 439 3219 παρά
463 3146 575 3202 τῶν
607 3142 935 3215 κατηγόρων
962 3142 1129 3212 ἐχρῆν
1172 3137 1387 3209 μαθεῖν.
1423 3135 1535 3191 Καὶ
1578 3138 1611 3190 ό
1648 3135 1963 3204 χιλίαρχος

287 3234 574 3305 ἐφοϐήθη,
604 3233 791 3304 φησὶν,
833 3227 1139 3298 ἐπιγνοὺς,
1176 3225 1266 3279 ὅτι
1299 3222 1585 3293 Ῥωμαῖός
1615 3222 1807 3276 ἐστιν.
1849 3220 1963 3273 Οὑκ

288 3323 398 3394 ἄρα
434 3320 628 3392 ψεῦδος
664 3315 733 3390 ἦν
770 3317 833 3370 τὸ
885 3317 1159 3384 Ῥωμαῖον
1205 3313 1396 3367 ἑαυτὸν
1440 3306 1579 3364 εἶναι
1617 3309 1709 3362 τὸν
1753 3306 1964 3362 Παῦλον

270 3393 489 3464 εἶπεῖν.
524 3406 638 3463 Καὶ
679 3406 911 3462 ἔλυσεν
951 3402 1138 3458 αὐτὸν
1180 3402 1300 3456 ἀπὸ
1342 3398 1460 3453 τῶν
1495 3396 1768 3467 δεσμῶν,
1810 3393 1963 3466 φησι,

300 3496 403 3550 καὶ
445 3493 790 3563 καταγαγὼν
842 3492 1112 3560 ἔστησεν
1155 3490 1242 3555 εἰς
1288 3488 1355 3541 τὸ
1407 3485 1749 3553 συνέδριον.
1796 3481 1968 3535 Τοῦτο

301 3581 410 3636 ἔδει
452 3580 672 3651 ποιῆσαι
716 3578 865 3651 παρά
900 3578 999 3649 τὴν
1039 3577 1235 3649 ἀρχὴν,
1280 3575 1374 3628 καὶ
1422 3574 1560 3644 μήτε
1603 3571 1786 3640 δῆσαι,
1827 3570 1965 3640 μήτε

302 3667 635 3739 βουληθῆναι
680 3663 963 3737 μαστίξαι,
1008 3663 1146 3716 ἀλλά
1189 3660 1508 3715 καταλιπεῖν
1560 3657 1726 3729 μηδὲν
1757 3654 1969 3708 τοιοῦτό

297 3774 351 3811 τι
380 3757 702 3826 ποιήσαντα,
727 3752 865 3806 ὥστε
894 3752 987 3805 καὶ
1013 3748 1353 3821 δεσμεῖσθαι.
1379 3746 1485 3802 Καὶ
1510 3744 1739 3799 ἔλυσεν
1760 3741 1967 3806 αὐτὸν,

300 3844 469 3914 φησί,
500 3842 598 3895 καί
627 3838 978 3910 καταγαγὼν
1012 3840 1097 3905 εἰς
1126 3834 1349 3901 αὐτοὺς
1377 3833 1623 3901 ἔστησε.
1658 3828 1833 3883 Τοῦτο
1864 3828 1971 3898 μά-

299 3932 455 3984 λιστα
478 3930 506 3970 ιι
552 3929 839 4002 ἠπόρησαν
865 3928 916 3980 οἰ
958 3925 1223 3979 Ἰουδαῖοι.
1282 3920 1584 3985 Ἀτενίσας
1625 3916 1695 3971 δὲ
1734 3916 1973 4002 Παῦίος

299 4015 381 4082 τῷ
422 4016 736 4085 συνεδρίῳ,
788 4013 975 4085 φησιν,
1017 4009 1206 4067 εἶπεν·
1252 4007 1503 4076 Ἄνδρες
1544 4002 1818 4073 ἀδελφοί.
1861 4001 1976 4053 Ἑν-

301 4101 477 4156 ταῦθα
516 4102 615 4172 τὴν
659 4100 977 4172 παρρησίαν
1015 4098 1179 4153 αὑτοῦ
1212 4096 1518 4160 δείκνυσιν,
1554 4091 1616 4144 τὸ
1653 4088 1975 4159 ἀκατάπλη-

304 4208 430 4244 κτον
457 4201 504 4246 α.
549 4189 691 4243 Ἀλλ’
721 4190 824 4260 ὅρα
848 4188 943 4242 καὶ
976 4187 1201 4242 ἐκείνων
1225 4184 1287 4238 τὸ
1320 4182 1534 4253 ἰταμόν·
1564 4181 1816 4250 ἐπήγαγε
1843 4177 1972 4247 γάρ·

317 4279 380 4332 '0
412 4278 480 4331 δὲ
510 4278 825 4348 ἀρχιερεὺς
868 4277 1143 4341 Ἀνανίας
1175 4275 1422 4329 τύπτειν
1452 4267 1640 4324 αὑτοῦ
1684 4267 1750 4322 τὸ
1784 4268 1981 4334 στόμα

304 4366 576 4431 ἐπέταξε.
608 4366 706 4419 Διά
738 4366 792 4419 τί
829 4365 1089 4427 τύπτειςς
1119 4363 1172 4415 τί
1199 4361 1308 4433 γὰρ
1334 4355 1488 4414 εἶπεν
1522 4353 1870 4428 ὑϐριστικόν;
1915 4352 1982 4405 Ὦ

304 4455 407 4525 τῆς
431 4453 847 4525 ἀναισχυντίαςί
881 4451 927 4506 ὣ
963 4451 1066 4522 τῆς
1096 4447 1470 4520 θρασύτητοςί
1505 4444 1648 4499 Τότε
1674 4445 1707 4497 ὁ
1740 4439 1982 4505 Παῦλος

307 4542 460 4609 πρὸς
489 4543 696 4609 αὐτὸν,
728 4542 923 4612 φησὶν,
951 4536 1100 4594 εἷπε·
1138 4538 1388 4592 Τύπτειν
1409 4550 1485 4590 σε
1511 4532 1725 4603 μέλλει
1749 4533 1781 4586 ό
1813 4527 1979 4594 Θεὸς,

307 4629 470 4697 τοῖχε
495 4628 902 4698 κεκονιαμένε.
930 4627 1105 4680 Βαϐαῖ
1120 4626 1219 4696 τῆς
1235 4620 1575 4695 παρρησίαςί
1596 4620 1676 4683 εἱς
1697 4618 1983 4688 ὑπόκρισιν

311 4717 471 4770 αὑτὸν
515 4717 609 4771 καὶ
656 4716 1006 4787 παρανομίαν
1058 4711 1337 4785 διασύρει·
1383 4710 1473 4765 διὰ
1512 4707 1672 4762 τοῦτο
1717 4704 1848 4774 γοῦν
1893 4702 1986 4755 καὶ

311 4804 752 4859 καταστέλλεται.
789 4805 901 4857 Καὶ
931 4801 1094 4864 αὐτὸς
1130 4800 1229 4871 μὲν
1271 4797 1493 4869 ἀπορῶν
1520 4795 1674 4849 οὐδὲν
1704 4791 1881 4863 τολμᾷ
1910 4791 1987 4842 εί-

312 4895 434 4945 πεῖν
453 4934 468 4957 ,
520 4892 633 4946 ἀλλ’
676 4892 725 4946 οἱ
772 4891 902 4961 παρ’
946 4889 1108 4944 αὐτὸν
1127 4929 1144 4954 ,
1183 4888 1284 4941 οὐκ
1330 4883 1643 4953 ἐνεγκόντες
1673 4879 1842 4934 αὐτοῦ
1887 4878 1986 4950 τὴν

312 4982 647 5053 παρρησίαν.
681 4980 869 5045 οὕτως
905 4976 1046 5034 εἶδον
1079 4977 1369 5049 ἄνθρωπον
1398 4971 1738 5037 θανατῶντα,
1767 4969 1865 5023 καὶ
1889 4967 1989 5038 οὑχ

311 5069 631 5140 ὑπέμειναν.
684 5070 805 5121 Οὐκ
846 5067 1051 5138 ᾔδειν,
1089 5064 1290 5136 φησιν,
1327 5062 1416 5117 ὅτι
1450 5058 1761 5130 ἀρχιερεύς
1796 5057 1988 5140 ἐστιν.

316 5137 460 5225 Ἀρά
497 5155 719 5224 ἀγνοίας
752 5157 787 5227 ή
832 5153 1152 5225 ἐπιτίμησις
1197 5146 1300 5222 ἦν·
1344 5151 1395 5203 εἰ
1425 5147 1532 5219 γὰρ
1584 5144 1659 5218 μὴ
1699 5143 1858 5197 τοῦτο
1898 5137 1989 5211 ἦν»

312 5243 419 5296 κᾶν
445 5242 625 5297 λαϐὼν
658 5242 822 5297 αὐτὸν
849 5240 1086 5313 ἀπῆλθε,
1118 5239 1213 5293 καὶ
1243 5238 1344 5291 οὑκ
1377 5234 1623 5305 ἐσίγησε,
1654 5230 1760 5285 κᾶν
1794 5227 1991 5294 ἐξέδω-

312 5347 408 5384 κεν
435 5331 618 5395 αὐτοῖς
650 5331 813 5384 αὑτὸν
839 5330 868 5382 ὁ
898 5330 1201 5401 χιλίαρχος.

395 5416 665 5491 Ἐνταῦθα
692 5417 965 5471 δείκνυσιν
985 5458 1000 5482 ,
1034 5416 1119 5469 ὅτι
1160 5414 1301 5468 ἐκὼν
1333 5412 1532 5482 πάσχει
1558 5407 1597 5463 ἀ
1626 5406 1827 5477 πάσχει
1847 5417 1863 5432 ⁸
1901 5403 1995 5457 καὶ

311 5503 487 5569 οὕτως
526 5504 878 5575 ἀπολογεῖται
922 5503 1059 5577 πρὸς
1105 5503 1301 5565 αὐτοὺς
1344 5499 1423 5571 τῷ
1474 5497 1625 5567 νόμῳ
1671 5493 1995 5564 πειθόμενος

378 5717 404 5746 ⁸
426 5717 525 5774 Τήν
547 5715 733 5777 στάσιν
759 5716 970 5777 φοϐῆσαι
1014 5713 1317 5777 βουλόμενοι,
1359 5713 1430 5760 sic
1473 5722 1602 5777 ιξῐιιιξι
1647 5708 1764 5777 90d:
1816 5706 1995 5777 bII-es

313 5777 455 5827 codd.
489 5771 791 5838 'compendib
815 5795 826 5823 ι
855 5771 1024 5838 Τοῦτοί
1044 5776 1137 5823 ἔδει
1167 5771 1375 5838 ’ποιῆσαι
1394 5771 1523 5835 παρὰ
1534 5771 1814 5838 τήν-ἀρχήν.
1843 5771 1996 5838 ᾼελυ-

315 5841 452 5899 μένον
475 5832 743 5900 εἰσ-ἤγαγεν.
783 5837 941 5887 Τοῦτο
965 5837 1175 5900 μάλιστα
1213 5832 1483 5898 ἠπόρησαν.
1520 5832 1715 5900 γετίνα,
1758 5832 1886 5894 παρά
1910 5833 1997 5900 τὴν

316 5892 484 5963 ἀρχὴν,
523 5892 606 5947 καῖ
656 5892 777 5963 μήτε
826 5892 1008 5963 δῆσαι,
1035 5892 1432 5963 quIbusrg'a'rCIIl
1472 5894 1613 5963 ῡᾲἱὶί,
1658 5908 1718 5943 cx
1743 5892 1840 5942 uno
1885 5892 1991 5943 cod.

316 5956 543 6014 réé'liuila
566 5956 880 6013 sunhlimr.’
936 5962 958 5992 ο
984 5956 1137 6009 Sam.
1161 5958 1216 6005 τὸ
1259 5956 1572 6021 ὲντρεπτικόν.

1318 401 1382 457 ΙΝ
1423 400 1607 459 ACTA
1641 394 2175 455 APOSTOLORUM.
2216 396 2451 455 IIOMIL.
2492 398 2726 457 XLVIII.

3599 404 3703 462 556

2044 514 2165 585 οὐχὶ
2198 516 2380 595 αὑτοῖς
2428 516 2758 585 ἐνδείξασθαι
2806 519 3158 591 βουλόμενος·
3201 520 3325 576 ἐπεὶ
3369 523 3589 578 ἐκείνων
3620 528 3709 583 καὶ

2049 597 2381 667 κατεγνώκει
2414 600 2640 673 σφόδρα.
2674 602 2774 656 Διά
2806 603 2896 657 τὸν
2932 603 3096 674 νόμον
3127 604 3306 658 τοίνυν
3345 606 3713 676 ἀπολογεῖται,

2047 683 2162 736 ἀλλ’
2191 687 2252 739 ού
2282 686 2373 741 διὰ
2394 687 2484 742 τὸν
2507 688 2677 760 δῆμον
2693 707 2708 721 ·
2738 689 2965 755 εἰκότως
2984 708 2997 722 ·
3025 691 3085 745 τὸ
3103 692 3211 763 γὰρ
3240 694 3331 747 τὸν
3353 695 3506 748 οὐδὲν
3527 696 3717 768 ήδικη-

2047 772 2180 826 κότα
2211 775 2490 846 ἀναιρεῖν,
2520 777 2615 831 καὶ
2645 777 2821 831 ταῦτα
2863 777 3040 831 ἀθῶον
3070 778 3230 843 ὄντα,
3271 782 3588 853 παράνομον
3625 779 3716 857 ἦν.

2049 860 2259 914 Οὐκοῦν
2296 863 2417 916 οὐδὲ
2445 863 2601 935 ὕϐρις
2637 864 2700 918 τὸ
2729 867 2860 936 παρ’
2888 864 3054 919 αὐτοῦ
3086 867 3373 937 εἰρημένον
3393 909 3407 933 ,
3440 872 3487 923 εί
3519 871 3594 941 μὴ
3624 872 3717 926 καὶ

2047 947 2117 1000 τὰ
2161 948 2256 1003 τοῦ
2292 951 2531 1023 Χριστοῦ
2577 953 2734 1026 ὕϐριν
2770 955 2912 1008 εἴποι
2944 972 3026 1019 τις
3069 955 3157 1022 ἂν,
3207 957 3336 1010 ὅταν
3375 957 3532 1032 λέγῃ·
3571 963 3717 1017 Οὐαί

2053 1036 2215 1106 ὑμῖν,
2240 1041 2616 1110 Γραμματεῖς
2642 1043 2742 1097 καί
2786 1044 3118 1113 Φαρισαῖοι,
3172 1044 3262 1099 ὅτι
3304 1048 3720 1116 παρομοιάζέτε

2048 1125 2272 1196 τοίχοις
2303 1131 2770 1201 κεκονιαμένοις.
2811 1133 2956 1199 Ναὶ,
2993 1133 3190 1203 φησίν·
3225 1133 3341 1188 ἀλλ’
3380 1137 3428 1188 εἰ
3477 1136 3584 1207 πρὸ
3626 1138 3721 1191 τοῦ

2048 1216 2389 1289 τυπτηθηναι
2412 1217 2584 1285 εἶπεν,
2606 1222 2705 1275 οὐκ
2730 1218 2796 1294 ἦν
2821 1221 3021 1293 θυμοῦ,
3045 1221 3185 1276 ἀλλά
3209 1223 3543 1295 παρρησίας.
3581 1227 3722 1281 Ἀλλ’

2050 1298 2202 1357 εἷπον
2244 1304 2346 1376 τὴν
2386 1307 2601 1375 αἰτίαν,
2655 1310 2737 1362 ὅτι
2774 1309 2873 1362 οὐκ
2919 1309 3172 1363 ἐϐούλετο
3217 1313 3719 1384 καταφρονηθῆναι.

2050 1390 2163 1443 Καὶ
2198 1390 2306 1462 μὴν
2336 1393 2365 1446 ὁ
2399 1394 2632 1465 Χριστὸς
2663 1393 2931 1466 πολλαχοῦ
2968 1396 3189 1467 ὑϐρισεν
3238 1397 3522 1463 Ἰουδαίους
3560 1401 3724 1464 αὐτὸς

2053 1476 2336 1549 ὑϐρισθεὶς
2359 1519 2374 1545 ,
2405 1480 2481 1544 ὡς
2526 1481 2656 1536 ὅταν
2687 1482 2819 1555 λέγῃ
2844 1500 2858 1515 ·
2888 1482 2985 1553 Μὴ
3018 1483 3269 1548 δοκεῖτε,
3303 1485 3392 1539 ὅτι
3431 1485 3545 1556 ἐγὼ
3586 1504 3726 1541 κατ-

2052 1564 2331 1634 ηγορήσω
2349 1567 2534 1637 ὑμῶν.
2572 1569 2710 1623 Ἀλλ’
2739 1571 2839 1625 οὐκ
2865 1570 2980 1624 ἐστι
3004 1569 3160 1624 τοῦτο
3190 1570 3366 1643 ὕϐρις,
3392 1572 3467 1644 μὴ
3492 1574 3721 1642 γένοιτο.

2055 1653 2198 1725 Ὅρα
2230 1654 2381 1722 γοῦν,
2415 1656 2551 1727 πρὸς
2582 1658 2824 1723 ἐκείνους
2854 1659 2973 1730 μεθ’
2995 1660 3128 1729 ὅσης
3159 1660 3464 1725 ἐπιεικείας
3483 1661 3726 1730 διαλέγε-

2054 1758 2164 1795 ται.
2208 1744 2331 1795 Οὐκ
2365 1743 2557 1812 ᾔδειν,
2587 1746 2675 1798 ὅτι
2712 1745 2861 1818 [56⁸2]
2904 1747 3215 1815 ἀρχιερεύς
3249 1747 3411 1810 ἐστι,
3438 1747 3593 1817 φησι,
3620 1748 3727 1803 τοῦ

2059 1827 2228 1881 Θεοῦ.
2261 1829 2433 1883 Τοῦτο
2461 1825 2615 1894 εἷπε,
2649 1832 2745 1886 καὶ
2776 1833 2876 1886 οὐκ
2906 1837 3064 1903 ἔστη,
3094 1833 3231 1887 ἀλλά
3252 1832 3487 1896 δεικνὺς,
3518 1834 3600 1886 ὅτι
3628 1834 3730 1887 οὐκ

2057 1915 2428 1985 εἰρωνεύεται,
2450 1918 2665 1987 ἐπάγει·
2690 1920 2978 1988 Ἄρχοντα
2994 1920 3102 1975 τοῦ
3120 1920 3276 1976 λαοῦ
3300 1936 3417 1975 σου
3438 1923 3550 1976 οὐκ
3574 1921 3730 1989 ἐρεῖς

2058 2000 2274 2068 κακῶς.
2311 2003 2557 2071 Βλέπεις,
2602 2004 2717 2070 πῶς
2750 2007 2846 2060 καὶ
2873 2007 3109 2077 ἄρχοντα
3136 2006 3300 2062 αὑτὸν
3331 2007 3410 2060 ἔτι
3443 2006 3727 2079 όμολογεῖ;

2130 2090 2410 2161 Μάθωμεν
2456 2093 2638 2146 τοίνυν
2681 2092 2777 2147 καὶ
2820 2095 2983 2164 ἡμεῖς
3028 2093 3127 2165 τὴν
3173 2093 3499 2157 ἐπιείκειαν,
3541 2094 3628 2148 ἵνα
3671 2097 3732 2149 ἐν

2061 2176 2344 2249 ἐκατέροις
2387 2172 2539 2249 ὦμεν
2583 2180 3002 2253 ἀπηρτισμένοι.
3056 2181 3264 2252 Πολλῆς
3302 2181 3411 2254 γὰρ
3445 2181 3731 2252 ἀκριϐείας

2061 2263 2161 2329 δεῖ,
2189 2264 2331 2319 ὥστε
2366 2267 2555 2337 μαθεῖν
2590 2266 2641 2320 τί
2680 2267 2780 2338 μὲν
2811 2265 3003 2330 τοῦτο,
3044 2268 3100 2321 τί
3138 2267 3195 2321 δέ
3222 2270 3417 2322 ἐκεῖνο·
3450 2269 3734 2341 ἀκριϐείας

2061 2351 2119 2405 δέ
2147 2354 2247 2419 δεῖ,
2273 2353 2355 2407 ὅτι
2383 2356 2797 2427 παρυφεστᾶσιν
2826 2355 3019 2419 αὑταῖς
3047 2356 3102 2409 αί
3130 2358 3341 2418 κακίαι,
3367 2358 3434 2429 τῇ
3469 2358 3566 2428 μὲν
3594 2360 3736 2429 παρ-

2066 2439 2233 2511 ρησίᾳ
2278 2439 2576 2511 θρασύτης,
2624 2443 2690 2512 τῇ
2737 2441 2795 2495 δέ
2837 2442 3111 2514 ἐπιεικείᾳ
3163 2443 3442 2515 ἀνανδρία·
3480 2446 3576 2498 καὶ
3620 2444 3739 2499 δέον

2064 2529 2440 2597 περισκοπεῖν,
2471 2526 2545 2599 μὴ
2565 2529 2663 2599 τὴν
2684 2528 2885 2582 κακίαν
2914 2546 2998 2592 τις
3027 2529 3298 2600 κατέχων,
3326 2529 3456 2605 δόξῃ
3483 2532 3584 2603 τὴν
3608 2533 3739 2604 ἀρε·

2063 2611 2165 2683 τὴν
2203 2612 2377 2684 ἔχειν·
2410 2613 2598 2686 ὥσπερ
2628 2614 2694 2666 ἂν
2721 2613 2778 2666 εί
2800 2632 2884 2679 τις
2911 2615 3086 2669 δοκῶν
3114 2620 3180 2687 τῇ
3207 2616 3460 2689 δεσποίνῃ
3491 2619 3739 2687 συγγίνε-

2068 2701 2214 2767 σθαι,
2240 2703 2459 2774 ἀγνοοίη
2486 2705 2552 2774 τῇ
2581 2701 2924 2774 θεραπαινίδι
2955 2702 3149 2758 συνών.
3176 2706 3242 2759 Τί
3271 2701 3364 2759 οῦν
3390 2708 3539 2760 ἐστιν
3567 2708 3741 2761 ἐπιεί-

2067 2806 2210 2857 κεια,
2239 2790 2331 2844 καὶ
2362 2789 2415 2843 τί
2443 2790 2738 2862 ἀνανδρία;
2784 2792 2955 2844 Ὅταν
2990 2792 3200 2863 ἐτέροις
3233 2791 3332 2863 μὲν
3366 2793 3740 2865 ἀδικουμένοις

2071 2878 2148 2950 μὴ
2190 2878 2520 2949 άμύνωμεν,
2560 2877 2696 2932 ἀλλά
2731 2878 2973 2950 σιγῶμεν
3012 2880 3166 2933 αὐτοὶ
3189 2918 3204 2945 ,
3246 2879 3406 2936 τοῦτο
3451 2880 3742 2951 ἀνανδρίας

2070 2965 2217 3018 ἐστίν
2235 2980 2250 2995 ·
2282 2964 2411 3018 ὅταν
2443 2963 2499 3017 δέ
2528 2965 2686 3019 αὐτοὶ
2719 2964 2908 3028 κακῶς
2940 2965 3240 3037 πάσχοντες
3266 2967 3521 3038 φέρωμεν
3544 3009 3560 3035 ,
3585 2968 3746 3022 τοῦτο

2070 3051 2362 3109 ἐπιείκεια.
2411 3051 2476 3104 Τί
2521 3051 2840 3123 παρρησία;
2901 3051 3070 3106 Πάλιν
3113 3052 3177 3105 τὸ
3228 3053 3390 3118 αὐτὸ,
3429 3054 3559 3107 ὅταν
3604 3054 3747 3124 ὑπὲρ

2072 3139 2275 3209 ἐτέρων
2317 3138 2735 3210 ἀγωνιζώμεθα.
2789 3139 2856 3193 Τί
2911 3138 2999 3193 δαὶ
3046 3139 3355 3210 θρασύτης;
3407 3140 3576 3195 Ὅταν
3608 3140 3744 3209 ὑπὲρ

2072 3226 2228 3297 ήμῶν
2260 3226 2443 3281 αὐτῶν
2472 3225 2776 3297 ἀμύνεσθαι
2804 3225 3146 3297 βουλώμεθα.
3182 3228 3344 3280 Ὥστε
3375 3226 3752 3298 μεγαλοψυχία

2073 3310 2209 3383 ὁμοῦ
2248 3312 2345 3366 καὶ
2371 3313 2674 3385 παρρησία,
2709 3314 2804 3367 καὶ
2837 3313 3116 3386 θρασύτης
3149 3313 3312 3369 πάλιν
3343 3315 3440 3368 καὶ
3467 3315 3749 3386 ἀνανδρία.

2085 3399 2145 3454 '0
2173 3398 2283 3471 γάρ
2314 3400 2455 3471 ὑπὲρ
2488 3399 2686 3454 ἐαυτοῦ
2719 3401 2794 3471 μή
2826 3400 3031 3469 ἀλγῶν,
3064 3401 3339 3466 δυσκόλως
3378 3401 3520 3472 ὑπὲρ
3551 3402 3753 3473 ἐτέρων

2076 3487 2324 3558 ἀλγήσει·
2352 3490 2380 3540 ὁ
2408 3488 2465 3540 δέ
2495 3487 2674 3558 ἐαυτῷ
2711 3488 2787 3559 μὴ
2826 3488 3080 3558 ἀμύνων,
3111 3488 3383 3553 δυσκόλως
3412 3489 3618 3558 ἐτέροις
3653 3491 3754 3544 οὐκ

2076 3577 2384 3647 ἀμυνεῖται.
2413 3575 2586 3630 Ὅταν
2611 3576 2722 3647 γάρ
2752 3575 2992 3646 καθαρὸν
3084 3576 3147 3629 τὸ
3187 3572 3320 3647 ἦθος
3346 3579 3480 3647 ἡμῖν
3520 3577 3751 3645 πάθους,

2075 3663 2292 3733 δέχεται
2337 3662 2429 3715 καὶ
2470 3662 2694 3733 ἀρετήν.
2736 3660 3005 3733 Καθάπερ
3034 3661 3277 3734 καθαρὸν
3307 3664 3469 3733 σῶμα
3514 3663 3751 3734 πυρετοῦ

2077 3749 2290 3821 δέχεται
2323 3748 2476 3820 ἰσχὺν
2496 3790 2511 3814 ,
2539 3748 2684 3804 οὓτω
2715 3749 2780 3821 δὴ
2817 3750 2969 3821 καὶὴ
3001 3748 3168 3820 ψυχὴ,
3204 3750 3270 3803 ἂν
3303 3751 3378 3822 μὴ
3413 3753 3526 3813 τοῖς
3556 3752 3755 3805 πάθεσι

2080 3836 2517 3910 προσδιαφθαρῇ,
2534 3837 2752 3909 δέχεται
2781 3836 2956 3908 ἰσχύν.
2980 3837 3241 3908 Μεγάλης
3266 3836 3446 3908 ἰσχύος
3465 3838 3758 3911 γνώρισμά

2081 3927 2231 3980 ἐστιν
2271 3925 2542 3980 ἐπιείκεια
2563 3940 2578 3955 ·
2621 3925 2880 3995 γενναίας
2912 3927 3008 3981 καὶ⁸
3041 3925 3298 3996 νεανικῆς
3335 3926 3416 3980 δεῖ
3451 3927 3630 3999 ψυχῆς
3662 3928 3759 3981 καὶ

2085 4013 2297 4085 ὑψηλῆς
2325 4013 2531 4086 σφόδρα
2553 4015 2621 4085 τῇ
2645 4013 2916 4085 ἐπιεικείᾳ
2941 4011 2990 4067 ἀ.
3026 4014 3099 4067 Ἢ
3132 4015 3328 4085 μικρὸν
3352 4012 3453 4068 οῖει
3475 4014 3537 4067 τδ
3566 4015 3759 4069 παθεῖν

2085 4102 2293 4166 κακῶς,
2318 4101 2410 4156 καί
2443 4101 2520 4172 μή
2549 4102 2889 4173 ἀγριαίνειν;
2924 4100 3036 4154 Καὶ
3068 4101 3169 4155 οὑκ
3204 4101 3269 4155 ἀν
3295 4118 3380 4165 τις
3403 4101 3641 4171 ἁμάρτοι
3661 4103 3760 4172 τὴν

2085 4186 2413 4258 κηδεμονίαν
2439 4186 2538 4259 τὴν
2567 4186 2709 4258 ὑπὲρ
2751 4184 2863 4239 τῶν
2903 4186 3130 4257 πλησίον
3170 4186 3422 4258 ἀνδρείαν
3453 4185 3625 4239 εἰπών
3651 4198 3697 4226 ο·
3730 4191 3761 4241 ό

2086 4275 2195 4347 γὰρ
2228 4274 2484 4330 τοσοῦτον
2518 4273 2762 4346 ἰσχύσας,
2789 4273 2865 4338 ὡς
2886 4272 3177 4345 δυνηθῆναι
3203 4273 3459 4329 τοσούτου
3481 4275 3761 4347 πριγενὲ-
3826 4320 3839 4325 -

2090 4362 2214 4417 σθαι
2256 4361 2495 4430 πάθους,
2542 4361 2753 4433 ίσχύσει
2780 4361 2877 4415 καὶ
2917 4361 3107 4432 ἐτέρου
3147 4360 3580 4432 κατατολμῆσαι.
3612 4358 3759 4428 Οἷον,

2087 4449 2182 4505 δύο
2211 4448 2358 4521 πάθη
2401 4449 2520 4509 ἐστὶ
2558 4448 2755 4515 ταῦτα,
2785 4448 2955 4501 δειλία
2996 4448 3092 4501 καὶ
3128 4446 3326 4517 θυμός·
3363 4446 3429 4502 ἂν
3457 4445 3554 4501 τοῦ
3587 4447 3763 4517 θυμοῦ

2090 4540 2406 4611 κατάσχῃς,
2439 4536 2661 4609 εὔδηλον
2692 4539 2774 4591 ὅτι
2817 4536 2913 4591 καὶ
2941 4535 3173 4600 δειλίας·
3205 4534 3300 4589 τοῦ
3338 4534 3512 4607 θυμοῦ
3543 4535 3601 4589 δέ
3632 4539 3773 4606 κρα-’

2091 4630 2221 4692 τεῖς,
2254 4625 2502 4697 ἐπιεικὴς
2531 4624 2607 4677 ὢν
2625 4640 2640 4656 ·
2665 4622 2861 4677 οὐκοῦν
2893 4624 2988 4678 καὶ
3011 4623 3110 4693 τῆς
3127 4621 3331 4686 δειλίας
3361 4622 3427 4676 ἂν
3459 4623 3764 4697 κρατήσῃς,

2093 4711 2193 4786 ἔσῃ
2219 4712 2482 4782 ἀνδρεῖος.
2510 4710 2699 4774 Πάλιν,
2720 4708 2788 4763 ἂν
2821 4710 2896 4781 μὴ
2916 4710 3181 4780 περιγένῃ
3201 4707 3296 4761 τοῦ
3320 4708 3516 4778 θυμοῦ,
3534 4711 3764 4778 γέγονας

2093 4799 2332 4872 θρασύς·
2367 4798 2557 4851 τούτου
2586 4797 2643 4850 δὲ
2677 4796 2752 4869 μὴ
2784 4797 3226 4869 περιγενόμενος,
3256 4795 3376 4850 οὐδὲ
3405 4796 3570 4866 φόϐου
3609 4814 3763 4868 περι-

2094 4886 2350 4957 γενέσθαι
2395 4884 2620 4939 δύνασαι
2644 4902 2657 4913 ·
2699 4884 2896 4938 οὐκοῦν
2928 4885 3023 4938 καὶ
3059 4883 3232 4948 δειλὸς
3269 4884 3367 4956 ἔσῃ
3390 4900 3405 4915 ·
3450 4887 3542 4940 καὶ
3571 4887 3766 4939 ταυτὸν

2096 4976 2327 5044 γίνεται,
2355 4968 2467 5028 οἷον
2496 4972 2562 5027 ἀν
2587 4974 2637 5024 εἰ
2666 4971 2824 5042 σῶμα
2855 4971 3080 5035 ἀσθενὲς
3103 4971 3277 5037 οὕτως
3305 4974 3389 5045 εἴη
3414 4974 3508 5026 καὶ
3535 4972 3767 5044 δύσκρα-

2096 5081 2209 5126 τον,
2239 5064 2314 5128 ὡς
2348 5061 2483 5134 πρὸς
2523 5061 2713 5115 οὐδένα
2750 5059 2912 5113 πόνον
2940 5060 3218 5130 ἀντέχειν·
3245 5059 3401 5113 τοῦτο
3439 5060 3644 5130 ταχέως
3673 5061 3766 5114 καὶ

2100 5152 2205 5204 ὑπὸ
2235 5149 2443 5221 ψυχροῦ
2479 5149 2762 5203 ἁλίσκεται
2786 5149 2883 5201 καὶ
2909 5147 3014 5200 ὑπὸ
3048 5146 3273 5218 θερμοῦ·
3301 5145 3363 5199 τὸ
3391 5146 3498 5214 γὰρ
3532 5145 3768 5216 δύσκρα-

2098 5257 2191 5294 τον
2231 5238 2475 5292 τοιοῦτον
2496 5279 2510 5304 ,
2554 5239 2617 5291 τὸ
2639 5237 2695 5291 δὲ
2723 5236 2989 5308 εῠκρατον
3030 5237 3207 5289 πάντα
3238 5233 3546 5302 ὑφίσταται.
3574 5231 3764 5297 Πάλιν,

2100 5328 2218 5382 ἐστι
2237 5325 2610 5398 μεγαλοψυχία
2628 5325 2819 5396 ἀρετὴ,
2835 5323 2927 5377 καὶ
2945 5322 3364 5392 παρυφέστηκεν
3386 5320 3520 5389 αὑτῇ
3535 5318 3763 5372 ἀσωτία·

2103 5415 2248 5469 ἔστιν
2270 5413 2550 5484 οἰκονομία
2585 5413 2753 5483 ἀρετὴ
2776 5413 2870 5465 καὶ
2916 5410 2976 5464 τὸ
2999 5408 3340 5477 οἰκονομικὸν
3364 5406 3524 5459 εἶναι·
3556 5422 3767 5477 παρυφ-

2105 5504 2383 5576 έστηκενή
2413 5502 2668 5572 φειδωλία
2696 5502 2788 5553 καὶ
2807 5502 2839 5570 ή
2856 5496 3200 5569 μικρολογία.
3223 5495 3357 5566 Φέρε
3380 5490 3471 5547 οὖν
3494 5493 3654 5549 πάλιν
3668 5493 3767 5561 τὰς

2107 5590 2309 5663 ἀρετὰς
2340 5589 2753 5658 συναγάγωμεν.

2173 5816 2200 5856 ιι
2225 5816 2461 5867 Commel.
2510 5818 2564 5862 et.
2598 5811 2787 5862 Monlf..
2830 5811 2950 5871 γένν.
2996 5828 3045 5873 κ.
3070 5810 3211 5873 νέαν.
3258 5811 3411 5873 ψυχῆς
3437 5824 3489 5873 κ.
3521 5807 3602 5868 ὓψ.
3628 5820 3710 5873 αφ.
3735 5804 3767 5859 ή

2114 5879 2342 5932 ἐπιείκεια
2384 5878 2474 5935 δεῖ,
2514 5890 2627 5937 qua:
2659 5890 2718 5923 ex
2748 5866 2938 5922 duobus
2962 5871 3102 5921 codd.
3142 5866 3577 5924 sanidrai'tecimusL
3632 5866 3766 5915 Enn.

2119 5959 2141 5985 ε
2171 5942 2308 5990 Unus
2337 5938 2491 5989 codex
2516 5938 2727 6001 ἀνδρείαν
2750 5936 3038 6000 προσειπών.
