4112 6440
386 365 486 420 357

459 479 671 535 Οὐκοῦν
699 480 758 534 οὐ
789 480 1167 552 μεγαλόψυχος
1194 484 1223 536 6
1249 482 1478 547 ἀσωτος.
1517 484 1668 552 Πῶς;
1711 487 1769 539 'U
1809 487 1918 560 γὰρ
1960 489 2065 542 ὐπὸ

391 566 601 639 μυρίων
628 567 982 640 ἁλισκόμενος
1019 569 1229 636 παθῶν,
1261 570 1384 634 πῶς
1414 572 1481 625 ἂν
1507 573 1589 643 εἴη
1629 573 1803 642 μέγας
1838 575 1938 645 τὴν
1968 576 2064 646 ψυ-

387 656 526 724 χήνς
571 655 645 707 Οὐ
681 656 788 725 γάρ
816 657 1118 726 χρημάτων
1155 658 1272 710 ἐστὶ
1315 658 1472 711 τοῦτο
1514 663 1901 729 καταφρονεῖν,
1946 663 2062 716 ἀλλ’

391 742 481 811 ὑφ’
510 741 712 813 ἑτέρων
742 745 1129 798 ἐπιτάττεσθαι
1160 746 1349 799 παθῶν
1373 762 1387 777 ·
1420 746 1610 819 ὥσπερ
1646 748 1713 802 ἂν
1744 748 1798 800 εἴ
1830 766 1914 813 τις
1958 750 2064 806 ὐπὸ

386 826 599 898 λῃστῶν
632 828 976 883 ἐπιτάττοιτο
1003 831 1230 896 ἐκείνοις
1253 832 1567 898 ὑπακούειν,
1593 835 1693 887 οὐκ
1712 834 1777 888 ἀν
1803 836 1889 907 εἴη
1911 835 2064 891 ἐλεύ-

388 914 563 984 θερος·
604 915 667 968 οὐ
697 915 807 987 γὰρ
833 918 896 969 ἐκ
928 917 1022 970 τοῦ
1052 919 1349 989 χρημάτων
1379 924 1743 992 καταφρονεῖν
1769 923 1978 991 γίνεται
2002 924 2064 977 τὸ

385 1001 731 1066 ἀναλίσκειν,
785 1004 898 1058 ἀλλ’
934 1007 998 1057 ἐκ
1036 1005 1129 1058 τοῦ
1182 1005 1257 1077 μὴ
1296 1007 1527 1073 δεόντως
1569 1009 1766 1065 εἰδέναι
1804 1011 2058 1065 διοικεῖν·

385 1089 507 1141 ἐπεὶ
535 1088 590 1142 εῖ
618 1106 680 1159 γε
713 1091 842 1161 ἐνῆν
868 1095 962 1145 καὶ
992 1092 1134 1161 ἔχειν
1174 1094 1268 1147 καὶ
1299 1093 1448 1168 [565]
1486 1094 1783 1151 ἀπολαύειν
1814 1098 2059 1164 ἐκείνων,

383 1175 558 1242 οὕτως
591 1177 656 1231 ἂν
697 1177 983 1249 ἠθέλησεν.
1025 1180 1085 1233 '0
1115 1180 1173 1234 δὲ
1209 1184 1289 1246 εἰς
1326 1182 1443 1236 δέον
1474 1184 1783 1239 ἀναλίσκων
1822 1185 1892 1239 τά
1930 1189 2064 1257 χρή-

386 1282 553 1334 ματα,
581 1260 735 1329 οὗτός
765 1267 884 1319 ἐστι
912 1267 1289 1340 μεγαλόψυχος
1310 1289 1322 1301 ·
1351 1273 1564 1343 μεγάλη
1587 1273 1695 1345 γὰρ
1719 1274 1888 1338 ὅντως
1914 1274 2061 1346 ψυχὴ

384 1353 416 1423 ἡ
453 1354 527 1424 μὴ
560 1354 720 1408 πάθει
754 1354 1101 1419 δουλεύουσα,
1136 1360 1169 1428 ἡ
1207 1359 1372 1430 μηδὲν
1401 1361 1683 1432 ἡγουμένη
1712 1362 1781 1416 τὰ
1802 1364 2063 1434 χρήματα

382 1435 539 1493 εἶναι.
581 1441 769 1506 Πάλιν,
806 1445 838 1513 ἡ
873 1444 1157 1514 οἰκονομία
1194 1446 1390 1499 καλόν*
1427 1446 1571 1501 οὕτω
1610 1451 1705 1503 καὶ
1737 1451 1764 1503 ό
1799 1453 2064 1522 οἰκονομι-

383 1527 476 1589 κδς
507 1528 573 1583 ἀν
603 1530 687 1602 εἴη
715 1522 937 1602 ἀριστος
961 1535 988 1586 6
1016 1534 1094 1597 εἰς
1130 1534 1250 1587 δέον
1285 1535 1613 1603 ἀναλίσκων,
1643 1538 1736 1591 καὶ
1769 1538 1846 1609 μὴ
1875 1538 2062 1603 ἁπλῶς

380 1618 841 1689 ἀνοικονομήτως.
888 1619 951 1672 Ἠ
977 1619 1035 1673 δὲ
1070 1622 1329 1690 φειδωλία
1356 1623 1456 1677 οὐκ
1480 1623 1595 1678 ἔστι
1626 1625 1842 1678 ταυτόν.
1887 1626 2059 1680 Ἐκεῖ-

381 1720 468 1766 νος
499 1703 598 1773 μὲν
628 1703 736 1774 γὰρ
768 1703 944 1758 πάντα
982 1707 1062 1769 εἰς
1085 1705 1146 1759 τὸ
1172 1707 1291 1761 δέον
1334 1709 1632 1762 ἀναλίσκει’
1664 1705 1818 1775 οὗτος
1835 1710 1912 1777 δὲ,
1939 1712 2059 1765 οὐδὲ

381 1792 684 1861 ἀναγκαίας
716 1792 1054 1864 ἀπαιτούσης
1086 1795 1296 1866 χρείας,
1335 1797 1432 1867 τῆς
1459 1797 1648 1863 οὐσίας
1686 1799 1918 1853 ἀπτεται
1949 1799 2058 1854 τῶν

381 1880 698 1951 χρημάτων.
771 1880 829 1934 Ὀ
891 1882 1235 1952 οἰκονομικός
1281 1884 1459 1938 τοίνυν
1521 1884 1617 1940 τοῦ
1679 1886 2056 1960 μεγαλοψύχου

379 1966 590 2034 γένοιτο
628 1968 694 2020 ἂν
721 1966 966 2037 ἀδελφός.
1001 1969 1212 2023 Οὐκοῦν
1252 1971 1389 2042 ὁμοῦ
1416 1971 1508 2026 τὸν
1538 1974 1917 2045 μεγαλόψυχον
1955 1974 2056 2046 θή-

381 2073 546 2128 σομεν
574 2057 669 2111 καὶ
701 2056 792 2111 τὸν
818 2058 1161 2130 οἰκονομικὸν
1180 2098 1196 2125 ,
1226 2060 1321 2114 καὶ
1349 2061 1441 2115 τὸν
1473 2061 1682 2116 ἄσωτον
1711 2062 1921 2116 καὶτὸν
1963 2081 2056 2135 μι-

378 2145 671 2217 κρολόγον·
708 2146 1008 2219 ἀμφότεροι
1036 2146 1145 2220 γάρ
1205 2149 1315 2203 ἀπὸ
1355 2150 1724 2221 μικροψυχίας
1756 2150 1915 2206 τοῦτο
1952 2152 2057 2207 πά-

381 2250 621 2304 σχουσιν,
664 2233 855 2307 ὥσπερ
882 2232 976 2290 οὖν
1002 2226 1245 2291 κάκεῖνοι
1273 2238 1385 2292 ἀπὸ
1407 2239 1836 2310 μεγαλοψυχίας.
1873 2241 1965 2312 Μὴ
1989 2240 2055 2313 δὴ

382 2319 759 2393 μεγαλόψυχον
796 2322 1056 2394 καλῶμεν
1096 2323 1187 2377 τὸν
1235 2325 1598 2380 ἀναλίσκοντα
1645 2326 1868 2393 ἅπλῶς,
1917 2327 2058 2383 ἀλλά

376 2408 468 2461 τὸν
490 2411 571 2473 εἰς
597 2409 716 2463 δέον
738 2410 1098 2465 ἀναλίσκοντα
1117 2429 1130 2441 ”
1163 2412 1301 2484 μηδὲ
1325 2413 1415 2466 τὸν
1438 2416 1782 2485 οἰκονομικὸν
1809 2416 2057 2486 μικρολό-

377 2511 475 2563 γον
516 2495 610 2549 καὶ
651 2496 931 2565 φειδωλὸν,
975 2497 1113 2552 ἀλλά
1159 2498 1249 2551 τὸν
1293 2499 1542 2572 ἀκαίρως
1582 2501 1897 2572 φειδόμενον
1944 2502 2054 2556 τῶν

373 2583 695 2655 χρημάτων.
745 2584 895 2638 Πόσα
939 2586 969 2637 ό
1018 2584 1272 2651 πλούσιος
1319 2589 1526 2650 ἐκεῖνος
1573 2588 1872 2658 ἀνάλωσεν,
1917 2590 2052 2645 ἐνδι-

370 2670 700 2740 δυσκόμενος
738 2671 1026 2745 πορφύραν
1058 2673 1152 2726 καὶ
1191 2671 1390 2743 βύσσον
1417 2693 1432 2739 ;
1486 2675 1628 2730 Ἀλλ’
1651 2677 1753 2729 οὐκ
1777 2672 1846 2748 ἦν
1879 2695 2052 2748 μεγα-

372 2755 623 2829 λόψυχος·
666 2758 772 2812 ὑπὸ
809 2760 920 2829 γὰρ
953 2760 1236 2832 ὠμότητος
1279 2763 1563 2834 κατείχετο
1604 2764 1638 2834 ἡ
1676 2763 1821 2835 ψυχὴ
1862 2765 2049 2832 αὐτοῦ,

370 2847 466 2901 καὶ
486 2847 594 2901 ὑπὸ
619 2849 831 2922 μυρίων
851 2848 1077 2920 ἡδονῶν
1098 2852 1133 2921 ἡ
1150 2850 1205 2903 δὲ
1228 2853 1453 2922 τοιαύτη
1473 2852 1590 2917 πῶς
1609 2854 1675 2908 ἃν
1696 2855 1782 2924 εἴη
1805 2855 2048 2926 μεγάλης

370 2935 766 3006 Μεγαλόψυχος
801 2932 870 3008 ἦν
904 2938 932 2990 6
974 2937 1252 3008 Ἀϐραὰμ,
1297 2940 1376 3002 είς
1423 2939 1694 3011 ὑποδοχὴν
1738 2940 2050 2998 ἀναλίσκων

368 3021 478 3075 τῶν
502 3021 693 3089 ξένων,
720 3022 813 3077 τὸν
836 3023 1035 3095 μόσχον
1060 3025 1478 3095 κατασφάττων,
1500 3026 1595 3080 καὶ
1617 3026 1746 3081 ἔνθα
1768 3029 1955 3100 ἐχρῆν,
1987 3029 2049 3083 οὐ

371 3109 532 3179 μόνον
558 3112 858 3183 χρημάτων
878 3152 893 3175 ,
923 3111 1038 3165 ἀλλ’
1077 3112 1195 3166 οὐδὲ
1219 3112 1320 3182 τῆς
1352 3112 1532 3185 ψυχῆς
1558 3118 1657 3187 τῆς
1685 3116 1850 3170 αὐτοῦ
1885 3117 2053 3187 φειδό-

367 3214 554 3267 μενος.
601 3200 700 3252 “Av
738 3198 920 3253 τοίνυν
953 3198 1154 3272 ἴδωμέν
1196 3217 1319 3253 τινα
1355 3201 1638 3273 τράπεζαν
1681 3204 2050 3275 παρατιθέντα

369 3286 639 3356 πολυτελῆ
653 3300 704 3350 ι,
726 3288 933 3358 πόρνας
948 3286 1140 3360 ἔχοντα
1160 3289 1256 3342 καὶ
1273 3290 1628 3362 παρασίτους,
1651 3291 1726 3363 μὴ
1748 3291 2047 3364 μεγαλόψυ·

361 3391 463 3445 χον
507 3372 831 3445 καλέσωμεν
858 3375 1049 3428 τοῦτον
1066 3417 1082 3440 ,
1111 3375 1247 3430 ἀλλά
1275 3377 1480 3449 σφόδρα
1518 3378 1874 3449 μικρόψυχον.
1900 3380 2044 3451 Ὅρα

366 3462 477 3534 γάρ
505 3462 653 3527 ὅσοις
675 3462 920 3517 δουλεύει
941 3465 1035 3518 καὶ
1054 3464 1341 3519 ὑπόκειται
1364 3464 1582 3533 πάθεσι,
1607 3469 2043 3540 γαστριμαργίᾳ,

368 3548 532 3619 ἡδονῇ
566 3548 755 3619 ἀτόπῳ
777 3589 793 3613 ,
821 3549 1111 3622 κολακείᾳ·
1151 3550 1243 3604 τὸν
1272 3550 1329 3604 δὲ
1361 3553 1640 3616 τοσούτοις
1681 3553 2048 3623 κατεχόμενον

368 3636 465 3689 καὶ
507 3635 643 3707 μηδὲ
691 3634 750 3690 ἓν
779 3636 986 3691 τούτων
1020 3636 1318 3709 δυνάμενον
1358 3639 1646 3710 διαφυγεῖν
1669 3679 1685 3706 ,
1716 3641 1834 3707 πῶς
1861 3642 1927 3697 ἄν
1965 3659 2047 3706 τις

428 3728 453 3754 ⁸
475 3723 600 3774 Tres
620 3739 760 3787 mss.,
801 3726 1033 3789 τράπεζαν
1052 3728 1223 3790 ἔχοντα
1261 3729 1486 3788 παντελῆ.

1152 369 1211 424 S.
1252 369 1537 428 JOANNIS
1575 372 2063 432 CHRYSOSTOMI
2101 379 2434 436 ARCIHEP.
2474 375 3021 439 CONSTANTINOP.

3736 373 3846 433 558

2171 492 2553 564 μεγαλόψυχον
2583 493 2805 564 καλοίη;
2853 492 3017 545 Ὥστε
3049 488 3211 543 αὐτὸν
3250 487 3369 541 τότε
3404 487 3639 559 μάλιστα
3684 491 3847 546 καλέ·-

2169 597 2332 650 σομεν
2369 582 2725 654 μικρόψυχον,
2757 581 2886 635 ὃταν
2916 579 3151 650 μάλιστα
3178 577 3462 649 ἀναλίσκῃ’
3487 577 3597 650 ὅσῳ
3634 578 3742 651 γὰρ
3775 580 3844 634 ἂν

2169 669 2431 740 μειζόνως
2465 671 2753 741 ἀναλίσκῃ,
2795 667 3033 738 τοσούτῳ
3070 665 3220 737 δηλοῖ
3250 666 3352 736 τὴν
3394 666 3687 737 τυραννίδα
3731 667 3846 722 τῶν

2167 755 2356 810 παθῶν
2386 756 2630 810 ἐκείνων⁹
2657 759 2707 810 εἰ
2732 756 2843 828 γὰρ
2875 754 2951 827 μὴ
2975 753 3183 824 σφόδρα
3217 751 3383 806 αὐτοῦ
3419 753 3719 824 ἐκράτουν,
3742 754 3844 809 οὐκ

2168 845 2234 898 ἂν
2275 844 2483 914 σφόδρα
2519 843 2785 898 ἀνάλωσε.

2235 931 2405 986 Πάλιν
2434 931 2501 985 ἂν
2532 931 2735 1003 ίδωμέν
2761 948 2885 985 τινα
2912 929 3121 986 τούτων
3155 930 3252 1001 μὲν
3279 927 3472 1000 μηδενὶ
3504 928 3670 999 μηδὲν
3696 947 3842 1001 παρ-

2166 1018 2380 1089 έχοντα,
2406 1019 2646 1090 πένητας
2679 1019 2736 1073 δὲ
2763 1019 3034 1090 τρέφοντα
3065 1021 3292 1081 καὶτοῖς
3319 1018 3596 1088 δεομένοις
3621 1018 3844 1072 ἐπικου-

2166 1107 2387 1179 ροῦντα,
2410 1108 2511 1161 αὐτ
2520 1109 2578 1161 δν
2592 1107 2651 1161 δὲ
2669 1107 2950 1180 τράπεζαν
2976 1107 3170 1180 ἔχοντα
3188 1105 3405 1176 εὐτελῆ,
3424 1105 3611 1159 τοῦτον
3636 1106 3845 1179 σφόδρα

2166 1195 2420 1267 καλῶμεν
2444 1196 2822 1268 μεγαλόψυχον
2851 1215 2867 1231 ο
2900 1197 3150 1268 μεγάλης
3174 1195 3283 1268 γὰρ
3316 1195 3487 1258 ὅντως
3516 1194 3719 1266 ψυχῆς.
3745 1196 3844 1266 τῆς

2166 1285 2267 1355 μὲν
2301 1287 2510 1350 οἰκείας
2551 1288 2916 1358 καταφρονεῖν
2954 1286 3350 1349 ἀναπαύσεως,
3393 1286 3494 1355 τῆς
3536 1284 3595 1338 δὲ
3639 1283 3844 1356 ἑτέρων

2165 1373 2495 1444 φροντίζειν.
2522 1374 2658 1429 Εἰπὲ
2681 1373 2790 1445 γάρ
2820 1391 2930 1445 μοι,
2964 1373 3019 1427 εἴ
3042 1391 3166 1428 τινα
3195 1373 3346 1438 ίδοις,
3375 1372 3485 1426 τῶν
3514 1372 3613 1443 μὲν
3640 1371 3840 1442 τυράνι

2163 1476 2269 1513 νων
2322 1461 2771 1533 καταφρονοῦντα
2804 1461 3058 1530 πάντων,
3098 1463 3193 1516 καὶ
3235 1461 3389 1515 οὐδὲν
3435 1459 3737 1532 ἡγούμενον
3773 1459 3842 1514 τά

2163 1547 2388 1601 ἐκείνων
2420 1548 2799 1621 ἐπιτάγματα,
2830 1551 2958 1614 τοὺς
2991 1549 3048 1604 δὲ
3080 1550 3171 1603 ὐπ’
3206 1548 3433 1609 ἐκείνων
3470 1547 3841 1618 τυραννουμέο

2162 1650 2286 1698 νους
2315 1635 2604 1701 ἐξέλκοντα
2631 1639 2726 1691 καί
2750 1638 2877 1702 τοὺς
2908 1637 3096 1702 κακῶς
3131 1636 3440 1709 πάσχοντας
3462 1652 3477 1667 ·
3518 1630 3629 1707 ἄρα
3653 1636 3753 1689 οὐκ
3775 1634 3843 1688 ἂν

2166 1722 2311 1793 μέγα
2342 1725 2582 1795 ἡγήσαιο
2626 1724 2827 1792 τοῦτο;
2858 1725 3031 1780 Τοῦτο
3057 1724 3122 1797 δὴ
3159 1723 3441 1779 κάνταῦθα
3473 1721 3839 1792 λογιζώμεθα.

2160 1810 2430 1881 Τύραννός
2455 1814 2571 1866 ἐστι
2594 1814 2662 1866 τά
2684 1814 2852 1885 πάθη·
2879 1814 2973 1870 ἐὰν
2994 1809 3089 1869 οὗν
3112 1812 3616 1885 καταφρονήσωμεν
3637 1810 3839 1874 αὐτῶν,

2162 1899 2388 1969 μεγάλοι
2430 1902 2706 1973 ὲσόμεθα’
2756 1903 2822 1957 ἂν
2873 1903 2930 1956 δὲ
2994 1903 3089 1957 καὶ
3148 1903 3372 1975 ἑτέρους
3429 1899 3839 1968 ὲξελκύσωμεν,

2159 1989 2339 2061 πολλῷ
2374 1991 2592 2062 μείζους
2615 2013 2629 2028 ο
2656 1992 2901 2057 εἰκότως.
2936 1995 3000 2048 Οἰ
3032 1992 3141 2065 γὰρ
3172 1994 3271 2064 οὐχ
3301 1994 3513 2056 ἑαυτοῖς
3538 1988 3841 2060 ἀρκοῦντες

2160 2077 2343 2147 μόνον,
2393 2078 2530 2132 ἀλλά
2572 2080 2668 2133 καὶ
2705 2080 2933 2153 ἑτέροις,
2981 2079 3202 2152 μείζους
3230 2080 3339 2134 τῶν
3380 2076 3674 2150 μηδέτερον
3710 2093 3836 2129 ποι-

2156 2164 2381 2220 ούντων.
2414 2167 2513 2220 Ἂν
2542 2167 2598 2222 δὲ
2628 2169 3049 2239 έπιταττόμενός
3074 2185 3160 2232 τις
3184 2168 3289 2222 ὐπὸ
3317 2166 3584 2239 τυράννου
3610 2164 3702 2219 τὸν
3739 2164 3841 2235 μὲν

2156 2251 2265 2305 τῶν
2297 2254 2559 2325 ὑπηκόων
2590 2255 2790 2328 τύπτῃ,
2819 2255 2910 2309 τὸν
2943 2255 2999 2309 δὲ
3027 2254 3182 2327 ἕλκῃ,
3211 2254 3370 2309 ἀλλον
3395 2253 3451 2306 δὲ
3481 2250 3700 2324 ὐδρίζῃ,
3730 2248 3843 2324 ἆρα

2156 2339 2316 2394 τοῦτο
2367 2342 2774 2413 μεγαλοψυχίας
2814 2342 3082 2415 ἐροῦμεν;
3125 2342 3198 2396 Οὐ
3226 2341 3380 2413 δῆτα·
3414 2337 3567 2412 [364]
3600 2340 3695 2393 καὶ
3718 2357 3840 2394 τοσ-

2155 2430 2300 2501 ούτῳ
2328 2430 2513 2497 πλέον,
2541 2432 2652 2503 ὅσῳ
2679 2432 2747 2486 ἂν
2776 2431 2954 2502 μέγας
3073 2429 3232 2485 Οὕτω
3267 2429 3360 2483 καὶ
3401 2428 3488 2498 ἐφ’
3527 2427 3709 2499 ἡμῶν⁹
3743 2427 3838 2482 νῦν

2158 2522 2259 2594 μὲν
2300 2522 2407 2595 γὰρ
2434 2522 2724 2595 πρόκειται
2759 2522 2793 2592 ή
2823 2521 2968 2595 ψυχὴ
3003 2522 3234 2593 εὐγενής
3261 2536 3347 2584 τις
3387 2514 3523 2573 οὖσα
3561 2518 3657 2572 καὶ
3684 2516 3831 2570 ὲλευς

2156 2610 2309 2682 θέραο
2361 2610 2565 2682 ταύτην
2590 2611 2620 2652 ιι
2655 2610 2713 2665 δὲ
2756 2612 2785 2663 6
2826 2610 3037 2673 ἄσωτος
3069 2608 3369 2664 τύπτεσθαι
3413 2606 3698 2662 ἐκέλευσεν
3731 2606 3837 2659 ὑπὸ

2153 2697 2264 2751 τῶν
2290 2697 2501 2751 παθῶν*
2528 2698 2620 2751 τὸν
2651 2692 2745 2752 οὖν
2772 2698 2964 2752 ἑαυτὸν
2988 2697 3285 2762 τύπτοντα,
3309 2695 3502 2751 τοῦτον
3532 2693 3835 2773 μεγαλόψντ

2155 2802 2249 2856 χον
2295 2786 2577 2857 φήσομειη
2625 2784 2914 2858 Οὐδαμῶς.
2969 2785 3181 2840 Οὐκοῦν
3238 2784 3499 2856 μάθωμεν
3544 2782 3631 2848 τίς
3669 2782 3768 2854 μὲν
3798 2783 3834 2853 ἡ

2158 2872 2557 2945 μεγαλοψυχία,
2583 2874 2670 2938 τίς
2710 2873 2769 2928 δὲ
2800 2875 2832 2946 ή
2867 2873 3107 2939 ἀσωτία,
3141 2873 3225 2937 τίς
3254 2874 3288 2945 ή
3317 2871 3607 2942 οἰκονομία
3633 2871 3728 2924 καὶ
3753 2870 3835 2934 τίς

2151 2964 2184 3033 ἡ
2225 2961 2569 3032 μικρολογία,
2600 2962 2685 3025 τίς
2713 2963 2747 3032 ή
2774 2960 3047 3015 ἐπιείκεια
3079 2960 3174 3014 καὶ
3203 2959 3485 3031 ἀνανδρία,
3507 2959 3593 3023 τίς
3618 2960 3837 3031 παρρη-

2156 3048 2248 3105 σία
2277 3052 2374 3104 καὶ
2403 3049 2488 3114 τίς
2513 3048 2808 3120 θρασύτης·
2839 3048 2927 3102 ῖνα
2946 3046 3122 3102 ταῦτα
3149 3048 3242 3101 ἀπ’
3267 3047 3516 3118 ἀλλήλων
3540 3046 3833 3111 διελόντες,

2152 3139 2472 3212 δυνηθῶμεν
2505 3137 2818 3208 εὐαρέστως
2845 3136 2925 3208 τῷ
2957 3136 3147 3206 Κυρίῳ
3178 3137 3272 3190 τὸν
3320 3135 3566 3206 παρόντα
3615 3134 3729 3206 βίον
3757 3135 3837 3188 δι-

2152 3229 2406 3297 αγαγεῖν,
2438 3226 2538 3281 καὶ
2563 3226 2673 3280 τῶν
2714 3224 3019 3298 μελλόντων
3047 3225 3327 3295 ἐπιτυχεῖν
3373 3223 3618 3292 ἀγαθῶν,
3651 3223 3835 3293 χάριτι

2152 3315 2249 3368 κα)⁵
2294 3311 2679 3386 φιλανθρωπίᾳ
2721 3311 2820 3366 τοῦ
2862 3313 3202 3381 Μονογενοῦς
3241 3310 3443 3377 αὐτοῦ,
3494 3309 3614 3382 μεθ’
3644 3301 3707 3361 οὗ
3754 3308 3834 3379 τῷ

2154 3402 2331 3474 Πατρὶ
2363 3402 2481 3473 ἅμα
2511 3400 2589 3474 τῷ
2621 3402 2764 3475 ἀγίῳ
2795 3401 3095 3473 Πνεύματι,
3121 3399 3273 3468 δόξα,
3295 3398 3519 3470 κράτος,
3545 3397 3706 3468 τιμὴ,
3737 3394 3835 3450 νῦν

2152 3492 2248 3546 καὶ
2276 3491 2384 3557 ἀεὶ,
2413 3491 2507 3545 καὶ
2533 3492 2613 3556 εἰς
2642 3491 2770 3556 τοὺς
2801 3489 3002 3555 αἰῶνας
3026 3488 3135 3544 τῶν
3165 3489 3399 3545 αἰώνων.
3441 3489 3636 3559 Ἀμήν.

2159 3663 2272 3775 Εωὶι
2306 3662 2391 3714 Sic
2443 3663 2596 3715 Savil.
2635 3671 2689 3714 et
2729 3669 2833 3714 tres
2879 3676 3031 3723 mss.;
3088 3661 3281 3726 Manut,
3340 3663 3507 3725 ταύτῃ,
3551 3671 3830 3723 perperam.

2178 3742 2188 3759 '
2248 3742 2298 3775 τ.

2178 3742 2298 3775 ινιτ.

1850 4040 2098 4094 οΜιΛιΑ
2125 4017 2263 4095 λῖθ’.

359 4164 566 4230 Γνοὺς
591 4161 661 4215 δὲ
682 4165 714 4218 ὁ
744 4161 1007 4227 Παῦλος,
1042 4159 1131 4214 ὅτι
1159 4159 1226 4214 τό
1268 4159 1339 4215 ἓν
1389 4160 1571 4230 μέρος
1608 4159 1748 4230 ἐστί
1771 4159 2038 4230 Σαδδους

435 4224 638 4288 καίων·
670 4231 737 4286 τό
786 4232 855 4284 δὲ
914 4224 1121 4301 ἕτερον
1144 4300 1151 4301 ί
1177 4224 1560 4301 Φαρισαίων(
1579 4229 1839 4301 ἔκραξεν
1859 4229 1930 4282 ἐν
1958 4224 2040 4295 τῷ

433 4302 732 4372 συνεδρίῳ
767 4319 782 4332 ·
827 4300 1068 4369 Ἄνδρες
1090 4298 1511 4372 ἀδελέὲοίνηὲγὼ
1549 4298 1878 4372 φαρισαῖός
1896 4301 2036 4369 ειμι,

433 4374 564 4439 υίὸς
608 4369 938 4441 Φαρισαίου
968 4388 982 4401 ο
1015 4371 1151 4439 περὶ
1209 4371 1459 4441 ἐλπίδος
1502 4370 1600 4424 καί
1645 4369 2041 4441 ἀναστάσεως

431 4442 662 4511 νεκρῶν
698 4439 816 4512 ἐγὼ
852 4441 1380 4512 κρίνομαιηταῦτα
1406 4440 1476 4512 δὲ
1507 4440 1697 4512 αὑτοῦ
1730 4439 2039 4509 λαλήσαν-

431 4510 559 4577 τος,
576 4510 814 4582 ἐγένετο
835 4510 1062 4582 στάσις
1103 4510 1223 4582 τῶν
1264 4510 1690 4582 Σαδδουκαίων
1730 4512 1842 4582 καὶΔ
1860 4513 2037 4582 Φαρι-

433 4579 648 4648 σαίων,
679 4582 780 4635 καὶ
818 4581 1081 4650 ἐσχίσᾷη
1114 4581 1181 4634 τό
1210 4579 1466 4647 πλῆθος.
1508 4579 1903 4650 Σαδδουκαῖοι
1920 4580 2039 4649 μὲν

424 4654 545 4723 ’γὰρ
564 4647 837 4723 λέγουσι,
868 4647 953 4721 μὴ
979 4647 1131 4706 εἶναι
1150 4649 1521 4723 ἀνάστασιν,
1554 4649 1711 4723 μηδὲ
1751 4647 2033 4723 ἄγγελον,

425 4721 579 4791 μήτε
611 4721 852 4793 πνεῦμα
873 4738 888 4752 ·
913 4721 1222 4790 Φαρισαῖοι
1247 4721 1316 4775 δὲ
1340 4722 1708 4791 ὁμολογοῦσι
1743 4723 1816 4776 τὰ
1847 4722 2036 4791 ἀμφό-

431 4810 593 4862 τερα.
1664 4818 1681 4831 κγ

431 4914 500 4960 α’.
519 4905 690 4960 Πάλιν
709 4904 1067 4978 ἀνθρωπίνως
1093 4905 1424 4976 διαλέγεται,
1443 4906 1539 4961 καῖ
1554 4906 1616 4960 οὐ
1636 4903 1913 4975 πανταχοῦ
1938 4904 2036 4974 τῆς

360 4995 581 5066 χάριτος
611 4993 897 5057 ἀπολαύει,
932 4993 1068 5048 ἀλλά
1098 4994 1194 5048 καὶ
1224 4993 1357 5066 παρ’
1391 4991 1589 5047 ἑαυτοῦ
1626 5009 1678 5045 τι
1726 4993 2033 5062 συγχωρεῖ-

348 5101 450 5137 ται
481 5081 761 5153 εἰσφέρειν
786 5095 801 5115 ο
829 5081 858 5135 δ
876 5081 940 5154 δὴ
966 5082 1062 5136 καὶ
1111 5084 1279 5145 ποιεῖ,
1321 5081 1420 5134 καὶ
1472 5081 1531 5134 ὲν
1559 5078 1735 5149 τούτῳ
1758 5079 1852 5131 καὶ
1875 5080 1932 5131 ὲν
1957 5078 2036 5149 τῷ

351 5171 500 5244 μετὰ
529 5170 703 5226 ταῦτα
734 5169 1103 5240 ἀπολογεῖται,
1156 5169 1480 5240 βουλόμενος
1529 5169 1711 5240 σχίσαι
1736 5166 1798 5220 τὸ
1830 5165 2034 5238 πλῆθος

354 5260 416 5313 τὸ
446 5259 634 5322 κακῶς
657 5257 917 5329 ὁμονοοῦν
944 5256 1064 5310 κατ’
1092 5255 1277 5311 αὐτοῦ.
1307 5258 1417 5310 Καὶ
1432 5256 1493 5309 οὐ
1518 5256 1776 5325 ψεύδεται
1794 5254 1919 5308 οὐδὲ
1944 5256 2033 5308 ὲν·-

354 5347 553 5414 ταῦθα,
583 5348 876 5419 Φαρισαῖον
907 5343 1100 5398 ἑαυτὸν
1127 5343 1300 5412 λέγων
1331 5353 1351 5373 ⁸
1377 5360 1391 5375 ο
1420 5344 1716 5414 Φαρισαῖος
1741 5341 1850 5413 γὰρ
1872 5337 1940 5413 ἦν
1968 5343 2033 5395 ὲκ

357 5436 662 5504 προγόνων.
716 5432 816 5486 Διά
864 5431 1023 5506 τοῦτο
1069 5430 1163 5484 καὶ
1209 5429 1383 5495 οὓτως
1425 5430 1773 5497 ἀπολογεῖται
1805 5446 1820 5461 ο
1856 5432 2031 5497 Φαρι-

345 5520 528 5588 σαῖος
559 5521 674 5592 ἐγώ
722 5522 861 5590 εἰμι,
897 5519 1028 5585 υίὸς
1085 5518 1433 5585 Φαρισαίου,
1484 5516 1583 5571 καὶ
1616 5516 1750 5585 περὶ
1782 5515 2032 5581 ἐλπίδος

353 5608 458 5661 καὶ
480 5607 874 5674 ἀναστάσεως
903 5604 1136 5674 νεκρῶν
1167 5606 1282 5676 ἐγὼ
1326 5605 1621 5674 κρίνομαι.
1662 5602 1883 5674 Ἐπειδὴ
1919 5602 2031 5674 γὰρ

349 5697 554 5751 ἐκεῖνοι
608 5698 708 5751 οὐκ
750 5697 1036 5750 ἐϐούλοντο
1087 5697 1264 5750 εἰπεῖν
1308 5693 1398 5748 διά
1431 5693 1482 5746 τί
1522 5693 1799 5765 κρίνουσιν
1841 5691 2025 5755 αὑτὸν,

349 5783 726 5853 ἀναγκάζεται
753 5783 938 5837 λοιπὸν
972 5783 1135 5847 αὐτὸς
1173 5783 1431 5847 ἐξειπεῖν.
1465 5781 1772 5848 Φαρισαῖοι
1795 5780 1885 5848 δὲ,
1922 5796 2027 5849 φη-

441 5874 471 5933 “_
496 5870 636 5927 llam,
660 5870 926 5933 Φαρισαῖον
948 5870 1113 5919 ἑαυτὸν
1139 5870 1305 5931 λέγων,
1335 5872 1388 5919 bl
1413 5868 1555 5925 infra,
1599 5870 1662 5930 μὴ
1689 5869 2021 5933 θεομαχῶμεν,

349 5931 555 5991 {uidua
584 5943 680 5979 non
705 5931 907 5979 habent.

2149 4160 2255 4226 σιν,
2294 4156 2663 4228 ὁμολογοῦσι
2687 4158 2761 4211 τὰ
2797 4156 3121 4226 ἀμφότερα.
3179 4157 3291 4211 Καὶ
3343 4157 3450 4229 μὴν
3499 4158 3623 4229 τρία
3648 4159 3767 4213 ἐστι
3809 4174 3829 4191 ο

2147 4246 2265 4311 πῶς
2297 4243 2393 4300 οὖν
2421 4245 2573 4314 λέγει
2604 4246 2956 4314 Ἀμφότερα;
2986 4245 3057 4298 Ἢ
3083 4245 3166 4297 ὅτι
3204 4243 3424 4313 πνεῦμα
3461 4247 3556 4298 καὶ
3597 4246 3832 4314 ἄγγελος

2145 4336 2205 4390 έν
2229 4337 2400 4400 ἐστιν,
2425 4333 2459 4406 ἢ
2494 4334 2658 4388 ὅτιού
2691 4333 2852 4405 μόνον
2881 4334 2915 4404 ἡ
2944 4332 3089 4397 λέξις
3118 4333 3246 4405 περὶ
3268 4332 3384 4398 δύο,
3418 4332 3554 4387 ἀλλὰ
3576 4333 3670 4387 καὶ
3699 4333 3830 4404 περὶ

2146 4424 2324 4495 τριῶν
2356 4422 2720 4496 λαμϐάνεται.
2750 4420 3228 4492 Καταχρηστικῶς
3254 4415 3347 4474 οὖν
3368 4419 3541 4484 οὓτως
3566 4417 3710 4486 εἶπε,
3732 4423 3830 4476 καὶ

2145 4513 2204 4565 οὐ
2228 4529 2295 4566 κυ
2304 4510 2582 4583 ριολογῶν.
2607 4510 2719 4564 Καὶ
2741 4510 2844 4581 ὅρα
2866 4524 2880 4542 ο
2900 4510 2991 4563 ὅτε
3022 4510 3138 4579 μετ’
3158 4509 3337 4562 αὐτῶν
3362 4506 3518 4578 ἔστη,
3541 4507 3663 4562 τότε
3689 4511 3829 4563 ἀπο-

2145 4600 2430 4670 λογοῦνται
2459 4598 2604 4671 ὑπὲρ
2642 4597 2833 4653 αὐτοῦ.
2892 4595 3164 4666 Ἐγένετο
3203 4596 3336 4667 γὰρ,
3386 4597 3540 4665 φησὶ,
3591 4595 3825 4665 κραυγὴ

2138 4689 2378 4761 μενά-1η
2404 4703 2417 4716 ·
2449 4689 2546 4743 καί
2579 4686 2961 4750 ἀναστάντες
3007 4683 3127 4738 τῶν
3164 4682 3558 4755 γραμματέων
3580 4683 3690 4738 τοῦ
3713 4683 3821 4753 μέ-

2136 4795 2288 4846 ρους
2327 4776 2447 4831 τῶν
2487 4774 2851 4844 Φαρισαίων,
2887 4771 3245 4842 διεμάχοντο
3277 4771 3557 4842 λέγοντες
3580 4788 3595 4803 ·
3631 4769 3825 4826 Οὐδὲν

2143 4865 2335 4919 κακὸν
2372 4864 2736 4933 εὑρίσκομεν
2775 4862 2847 4915 ὲν
2901 4859 2984 4925 τῷ
3034 4858 3324 4928 ἀνθρώπῳ
3378 4859 3588 4926 τούτῳ.
3660 4859 3728 4911 El
3754 4856 3825 4910 δὲ

2143 4952 2381 5022 πνεῦμα
2416 4950 2726 5019 ἐλάλησεν
2747 4947 2909 5013 αὐτῷ
2941 4947 2976 5017 ἣ
3007 4947 3281 5017 ἄγγελος,
3303 4944 3389 5017 μὴ
3413 4944 3818 5017 θεομαχῶμεν.

2143 5040 2256 5094 Καὶ
2273 5039 2363 5093 διὰ
2385 5040 2438 5092 τί
2466 5039 2542 5110 μὴ
2592 5037 2698 5110 πρὸ
2752 5035 2940 5090 τούτου
2989 5035 3131 5106 ὑπὲρ
3182 5034 3345 5088 αὐτοῦ
3375 5035 3816 5104 ἀπελογήσαντο;

2143 5126 2269 5180 Ὅτι
2326 5125 2507 5189 αὐτοῖς
2552 5124 2706 5179 οὐπω
2763 5122 3144 5194 ωνεμίγνυτο,
3202 5121 3323 5175 οὐδὲ
3376 5121 3533 5193 δῆλον
3561 5116 3651 5192 ἦν,
3691 5119 3820 5191 πρὶν

2140 5213 2563 5285 ἀπολογήσεται,
2626 5213 2919 5283 Φαρισαῖος
2959 5209 3166 5264 ἀνωθεν
3213 5208 3308 5264 ῶν.
3350 5209 3536 5281 Ὀρᾷς,
3593 5210 3720 5262 ὅταν
3749 5207 3819 5260 τά

2141 5302 2290 5375 πάθη
2326 5303 2661 5374 ὐποχωρήσῃ
2684 5344 2698 5368 ,
2727 5300 2843 5365 πῶς
2871 5301 2905 5371 ὴ
2934 5298 3161 5370 ἀλήθεια
3186 5298 3533 5370 εὐρίσκεται;
3560 5298 3625 5351 Ὃ
3649 5296 3706 5349 δὲ
3733 5293 3822 5348 λέ-

2140 5409 2320 5462 γουσι,
2355 5390 2516 5446 τοῦτό
2533 5393 2668 5445 ἐστι·
2699 5388 2853 5462 [565]
2873 5392 3024 5443 ποῖον
3052 5386 3322 5458 ἔγκλημα,
3344 5387 3393 5439 εἰ
3413 5385 3640 5456 ἄγγελος
3668 5383 3818 5454 αὐτῷ

2139 5481 2423 5551 ἐλάλησεν,
2456 5481 2503 5533 εἰ
2544 5478 2785 5549 πνεῦμα,
2822 5477 2919 5532 καὶ
2951 5477 3055 5529 ὐπ’
3088 5475 3253 5529 αὐτοῦ
3295 5472 3646 5545 κατηχηθεὶς,
3672 5469 3817 5526 οὓτω

2139 5570 2206 5624 τὰ
2236 5570 2366 5640 περὶ
2386 5569 2737 5631 ἀναστάσεως
2763 5566 3103 5632 ὲκδιδάσκει;
3131 5564 3340 5619 Οὐκοῦν
3370 5562 3536 5618 αὐτοῦ
3568 5560 3819 5616 ἀποστῶ-

2141 5675 2263 5727 μεν,
2296 5657 2371 5728 μὴ
2404 5655 2553 5726 αὐτῷ
2605 5654 2969 5727 πολεμοῦντες
3020 5653 3116 5706 καὶ
3161 5651 3419 5723 θεομάχοι
3475 5648 3813 5721 εὐρεθῶμεν.

2140 5746 2279 5817 Ὅρα
2302 5744 2536 5808 συνετῶς
2564 5744 2761 5807 αὐτοὺς
2789 5730 3417 5813 ὑπεραπολογουμένους,
3451 5738 3652 5793 καὶτὸν
3669 5736 3820 5792 Παῦ-

2135 5833 2224 5885 λον
2252 5831 2511 5902 οὐδεμίαν
2535 5832 2719 5894 αὐτοῖς
2745 5830 2957 5884 διδόντα
2994 5828 3184 5899 λαϐήν.
3212 5829 3457 5895 Πολλῆς
3486 5827 3554 5879 δὲ
3574 5824 3817 5895 γενομέ-

2134 5933 2240 5983 νης
2259 5914 2550 5982 στάσεως,
2580 5911 2858 5983 φοϐηθεὶς
2884 5915 2917 5967 ὀ
2935 5911 3273 5987 χιλίαρχος,
3280 5909 3366 5982 μὴ
3396 5904 3747 5976 διασπασθῇ
3778 5908 3814 5962 ό
