  <div class='ocr_page' id='page_1' title='image "/cluster/home/n/w/nwhite01/storage/ocr_20150623/60:no.9/coo.31924054869601/342.png"; bbox 0 0 4112 6440; ppageno 0'>
   <div class='ocr_carea' id='block_1_1' title="bbox 400 391 502 450">
    <p class='ocr_par' dir='ltr' id='par_1_1' title="bbox 400 391 502 450">
     <span class='ocr_line' id='line_1_1' title="bbox 400 391 502 450; baseline -0.039 0"><span class='ocrx_word' id='word_1_1' title='bbox 400 391 502 450; x_wconf 70' lang='grc'><strong>33⁸7</strong></span> 
     </span>
    </p>
   </div>
   <div class='ocr_carea' id='block_1_2' title="bbox 474 498 1987 576">
    <p class='ocr_par' dir='ltr' id='par_1_2' title="bbox 474 498 1987 576">
     <span class='ocr_line' id='line_1_2' title="bbox 474 498 1987 576; baseline -0.007 -15"><span class='ocrx_word' id='word_1_2' title='bbox 474 507 601 576; x_wconf 84' lang='lat' dir='ltr'><strong>Quis</strong></span> <span class='ocrx_word' id='word_1_3' title='bbox 620 504 684 561; x_wconf 84' lang='lat' dir='ltr'><strong>sit</strong></span> <span class='ocrx_word' id='word_1_4' title='bbox 714 519 826 559; x_wconf 82' lang='lat' dir='ltr'><strong>vere</strong></span> <span class='ocrx_word' id='word_1_5' title='bbox 844 501 1217 574; x_wconf 74' lang='lat' dir='ltr'><strong>magnanimus.</strong></span> <span class='ocrx_word' id='word_1_6' title='bbox 1235 528 1305 540; x_wconf 88' lang='lat'><strong>-—-</strong></span> <span class='ocrx_word' id='word_1_7' title='bbox 1321 498 1435 554; x_wconf 85' lang='lat' dir='ltr'><strong>Non</strong></span> <span class='ocrx_word' id='word_1_8' title='bbox 1464 514 1596 569; x_wconf 88' lang='lat' dir='ltr'><strong>ergo</strong></span> <span class='ocrx_word' id='word_1_9' title='bbox 1617 499 1987 568; x_wconf 85' lang='lat' dir='ltr'><strong>magnanimus</strong></span> 
     </span>
    </p>
   </div>
   <div class='ocr_carea' id='block_1_3' title="bbox 399 589 1986 669">
    <p class='ocr_par' dir='ltr' id='par_1_3' title="bbox 399 589 1986 669">
     <span class='ocr_line' id='line_1_3' title="bbox 399 589 1986 669; baseline -0.009 -12"><span class='ocrx_word' id='word_1_10' title='bbox 399 609 479 657; x_wconf 79' lang='lat' dir='ltr'><strong>est</strong></span> <span class='ocrx_word' id='word_1_11' title='bbox 501 596 778 669; x_wconf 86' lang='lat' dir='ltr'><strong>prodigus.</strong></span> <span class='ocrx_word' id='word_1_12' title='bbox 797 592 1118 664; x_wconf 80' lang='lat' dir='ltr'><strong>Quomodo?</strong></span> <span class='ocrx_word' id='word_1_13' title='bbox 1144 591 1244 659; x_wconf 96' lang='lat' dir='ltr'><strong>Qui</strong></span> <span class='ocrx_word' id='word_1_14' title='bbox 1267 591 1411 646; x_wconf 89' lang='lat' dir='ltr'><strong>mille</strong></span> <span class='ocrx_word' id='word_1_15' title='bbox 1434 607 1491 646; x_wconf 88' lang='lat' dir='ltr'><strong>ea</strong></span> <span class='ocrx_word' id='word_1_16' title='bbox 1502 592 1641 660; x_wconf 92' lang='lat' dir='ltr'><strong>pitur</strong></span> <span class='ocrx_word' id='word_1_17' title='bbox 1660 589 1822 644; x_wconf 88' lang='lat' dir='ltr'><strong>animi</strong></span> <span class='ocrx_word' id='word_1_18' title='bbox 1845 603 1986 643; x_wconf 81' lang='lat' dir='ltr'><strong>mor-</strong></span> 
     </span>
    </p>
   </div>
   <div class='ocr_carea' id='block_1_4' title="bbox 399 681 1987 761">
    <p class='ocr_par' dir='ltr' id='par_1_4' title="bbox 399 681 1987 761">
     <span class='ocr_line' id='line_1_4' title="bbox 399 681 1987 761; baseline -0.006 -15"><span class='ocrx_word' id='word_1_19' title='bbox 399 692 512 758; x_wconf 88' lang='lat' dir='ltr'><strong>bis,</strong></span> <span class='ocrx_word' id='word_1_20' title='bbox 544 687 817 761; x_wconf 73' lang='lat' dir='ltr'><strong>quon&#39;todo</strong></span> <span class='ocrx_word' id='word_1_21' title='bbox 845 686 1023 757; x_wconf 89' lang='lat' dir='ltr'><strong>magni</strong></span> <span class='ocrx_word' id='word_1_22' title='bbox 1060 682 1220 740; x_wconf 88' lang='lat' dir='ltr'><strong>fuerit</strong></span> <span class='ocrx_word' id='word_1_23' title='bbox 1248 683 1454 739; x_wconf 81' lang='lat' dir='ltr'><strong>animi?</strong></span> <span class='ocrx_word' id='word_1_24' title='bbox 1498 682 1682 753; x_wconf 80' lang='lat' dir='ltr'><strong>Neque</strong></span> <span class='ocrx_word' id='word_1_25' title='bbox 1721 683 1865 738; x_wconf 89' lang='lat' dir='ltr'><strong>enim</strong></span> <span class='ocrx_word' id='word_1_26' title='bbox 1897 681 1987 737; x_wconf 86' lang='lat' dir='ltr'><strong>ille</strong></span> 
     </span>
    </p>
   </div>
   <div class='ocr_carea' id='block_1_5' title="bbox 398 774 1986 855">
    <p class='ocr_par' dir='ltr' id='par_1_5' title="bbox 398 774 1986 855">
     <span class='ocr_line' id='line_1_5' title="bbox 398 774 1986 855; baseline -0.005 -16"><span class='ocrx_word' id='word_1_27' title='bbox 398 783 653 855; x_wconf 79' lang='lat' dir='ltr'><strong>pecunias</strong></span> <span class='ocrx_word' id='word_1_28' title='bbox 679 789 1009 846; x_wconf 89' lang='lat' dir='ltr'><strong>contemnet,</strong></span> <span class='ocrx_word' id='word_1_29' title='bbox 1041 778 1135 834; x_wconf 91' lang='lat' dir='ltr'><strong>sed</strong></span> <span class='ocrx_word' id='word_1_30' title='bbox 1163 779 1324 833; x_wconf 90' lang='lat' dir='ltr'><strong>etiam</strong></span> <span class='ocrx_word' id='word_1_31' title='bbox 1350 778 1469 832; x_wconf 89' lang='lat' dir='ltr'><strong>aliis</strong></span> <span class='ocrx_word' id='word_1_32' title='bbox 1491 777 1803 847; x_wconf 85' lang='lat' dir='ltr'><strong>subjicietur</strong></span> <span class='ocrx_word' id='word_1_33' title='bbox 1822 774 1986 831; x_wconf 89' lang='lat' dir='ltr'><strong>animi</strong></span> 
     </span>
    </p>
   </div>
   <div class='ocr_carea' id='block_1_6' title="bbox 397 869 1989 944">
    <p class='ocr_par' dir='ltr' id='par_1_6' title="bbox 397 869 1989 944">
     <span class='ocr_line' id='line_1_6' title="bbox 397 869 1989 944; baseline -0.005 -12"><span class='ocrx_word' id='word_1_34' title='bbox 397 875 636 935; x_wconf 86' lang='lat' dir='ltr'><strong>morbis;</strong></span> <span class='ocrx_word' id='word_1_35' title='bbox 668 881 728 928; x_wconf 92' lang='lat' dir='ltr'><strong>ut</strong></span> <span class='ocrx_word' id='word_1_36' title='bbox 766 874 811 927; x_wconf 88' lang='lat' dir='ltr'><strong>si</strong></span> <span class='ocrx_word' id='word_1_37' title='bbox 846 873 968 944; x_wconf 88' lang='lat' dir='ltr'><strong>quis</strong></span> <span class='ocrx_word' id='word_1_38' title='bbox 999 871 1299 926; x_wconf 88' lang='lat' dir='ltr'><strong>latronibus</strong></span> <span class='ocrx_word' id='word_1_39' title='bbox 1325 885 1514 940; x_wconf 87' lang='lat' dir='ltr'><strong>parere</strong></span> <span class='ocrx_word' id='word_1_40' title='bbox 1541 879 1802 941; x_wconf 87' lang='lat' dir='ltr'><strong>cogatur,</strong></span> <span class='ocrx_word' id='word_1_41' title='bbox 1849 869 1989 924; x_wconf 87' lang='lat' dir='ltr'><strong>liber</strong></span> 
     </span>
    </p>
   </div>
   <div class='ocr_carea' id='block_1_7' title="bbox 399 960 1985 1032">
    <p class='ocr_par' dir='ltr' id='par_1_7' title="bbox 399 960 1985 1032">
     <span class='ocr_line' id='line_1_7' title="bbox 399 960 1985 1032; baseline -0.006 -7"><span class='ocrx_word' id='word_1_42' title='bbox 399 985 507 1025; x_wconf 90' lang='lat' dir='ltr'><strong>non</strong></span> <span class='ocrx_word' id='word_1_43' title='bbox 536 970 639 1023; x_wconf 91' lang='lat' dir='ltr'><strong>erit</strong></span> <span class='ocrx_word' id='word_1_44' title='bbox 663 984 680 1023; x_wconf 88' lang='lat'><strong>:</strong></span> <span class='ocrx_word' id='word_1_45' title='bbox 709 981 817 1021; x_wconf 81' lang='lat' dir='ltr'><strong>non</strong></span> <span class='ocrx_word' id='word_1_46' title='bbox 843 965 983 1021; x_wconf 90' lang='lat' dir='ltr'><strong>enim</strong></span> <span class='ocrx_word' id='word_1_47' title='bbox 1006 979 1070 1020; x_wconf 82' lang='lat' dir='ltr'><strong>ex</strong></span> <span class='ocrx_word' id='word_1_48' title='bbox 1093 963 1396 1020; x_wconf 75' lang='lat' dir='ltr'><strong>divitiarum</strong></span> <span class='ocrx_word' id='word_1_49' title='bbox 1416 970 1722 1032; x_wconf 89' lang='lat' dir='ltr'><strong>contemptu</strong></span> <span class='ocrx_word' id='word_1_50' title='bbox 1748 960 1805 1015; x_wconf 81' lang='lat' dir='ltr'><strong>lit</strong></span> <span class='ocrx_word' id='word_1_51' title='bbox 1823 976 1985 1031; x_wconf 79' lang='lat' dir='ltr'><strong>pecu-</strong></span> 
     </span>
    </p>
   </div>
   <div class='ocr_carea' id='block_1_8' title="bbox 398 1054 1989 1129">
    <p class='ocr_par' dir='ltr' id='par_1_8' title="bbox 398 1054 1989 1129">
     <span class='ocr_line' id='line_1_8' title="bbox 398 1054 1989 1129; baseline -0.003 -15"><span class='ocrx_word' id='word_1_52' title='bbox 398 1061 607 1114; x_wconf 85' lang='lat' dir='ltr'><strong>uiarum</strong></span> <span class='ocrx_word' id='word_1_53' title='bbox 630 1058 889 1129; x_wconf 77' lang='lat' dir='ltr'><strong>profusio,</strong></span> <span class='ocrx_word' id='word_1_54' title='bbox 917 1055 1012 1111; x_wconf 91' lang='lat' dir='ltr'><strong>sed</strong></span> <span class='ocrx_word' id='word_1_55' title='bbox 1032 1054 1173 1126; x_wconf 92' lang='lat' dir='ltr'><strong>quod</strong></span> <span class='ocrx_word' id='word_1_56' title='bbox 1198 1055 1473 1125; x_wconf 89' lang='lat' dir='ltr'><strong>ignoretur</strong></span> <span class='ocrx_word' id='word_1_57' title='bbox 1491 1094 1507 1119; x_wconf 90' lang='lat'><strong>,</strong></span> <span class='ocrx_word' id='word_1_58' title='bbox 1530 1068 1637 1122; x_wconf 93' lang='lat' dir='ltr'><strong>quo</strong></span> <span class='ocrx_word' id='word_1_59' title='bbox 1662 1063 1819 1123; x_wconf 88' lang='lat' dir='ltr'><strong>pacto</strong></span> <span class='ocrx_word' id='word_1_60' title='bbox 1841 1063 1989 1109; x_wconf 90' lang='lat' dir='ltr'><strong>recte</strong></span> 
     </span>
    </p>
   </div>
   <div class='ocr_carea' id='block_1_9' title="bbox 397 1145 1991 1220">
    <p class='ocr_par' dir='ltr' id='par_1_9' title="bbox 397 1145 1991 1220">
     <span class='ocr_line' id='line_1_9' title="bbox 397 1145 1991 1220; baseline -0.003 -14"><span class='ocrx_word' id='word_1_61' title='bbox 397 1148 816 1220; x_wconf 79' lang='lat' dir='ltr'><strong>dispeuSandum</strong></span> <span class='ocrx_word' id='word_1_62' title='bbox 844 1147 917 1203; x_wconf 92' lang='lat' dir='ltr'><strong>sit</strong></span> <span class='ocrx_word' id='word_1_63' title='bbox 944 1166 957 1201; x_wconf 90' lang='lat'><strong>:</strong></span> <span class='ocrx_word' id='word_1_64' title='bbox 993 1163 1116 1201; x_wconf 90' lang='lat' dir='ltr'><strong>nam</strong></span> <span class='ocrx_word' id='word_1_65' title='bbox 1143 1147 1188 1201; x_wconf 92' lang='lat' dir='ltr'><strong>si</strong></span> <span class='ocrx_word' id='word_1_66' title='bbox 1218 1146 1403 1201; x_wconf 91' lang='lat' dir='ltr'><strong>liceret</strong></span> <span class='ocrx_word' id='word_1_67' title='bbox 1427 1154 1482 1200; x_wconf 90' lang='lat' dir='ltr'><strong>et</strong></span> <span class='ocrx_word' id='word_1_68' title='bbox 1519 1145 1640 1200; x_wconf 88' lang='lat' dir='ltr'><strong>illas</strong></span> <span class='ocrx_word' id='word_1_69' title='bbox 1666 1145 1901 1200; x_wconf 89' lang='lat' dir='ltr'><strong>retinere</strong></span> <span class='ocrx_word' id='word_1_70' title='bbox 1934 1153 1991 1201; x_wconf 89' lang='lat' dir='ltr'><strong>et</strong></span> 
     </span>
    </p>
   </div>
   <div class='ocr_carea' id='block_1_10' title="bbox 400 1237 1992 1310">
    <p class='ocr_par' dir='ltr' id='par_1_10' title="bbox 400 1237 1992 1310">
     <span class='ocr_line' id='line_1_10' title="bbox 400 1237 1992 1310; baseline -0.003 -15"><span class='ocrx_word' id='word_1_71' title='bbox 400 1242 506 1296; x_wconf 88' lang='lat' dir='ltr'><strong>illis</strong></span> <span class='ocrx_word' id='word_1_72' title='bbox 528 1239 654 1308; x_wconf 85' lang='lat' dir='ltr'><strong>frui,</strong></span> <span class='ocrx_word' id='word_1_73' title='bbox 684 1240 736 1295; x_wconf 92' lang='lat' dir='ltr'><strong>id</strong></span> <span class='ocrx_word' id='word_1_74' title='bbox 764 1240 944 1310; x_wconf 85' lang='lat' dir='ltr'><strong>utique</strong></span> <span class='ocrx_word' id='word_1_75' title='bbox 972 1239 1153 1294; x_wconf 85' lang='lat' dir='ltr'><strong>vellet.</strong></span> <span class='ocrx_word' id='word_1_76' title='bbox 1182 1237 1282 1306; x_wconf 90' lang='lat' dir='ltr'><strong>Qui</strong></span> <span class='ocrx_word' id='word_1_77' title='bbox 1311 1252 1458 1303; x_wconf 90' lang='lat' dir='ltr'><strong>vero,</strong></span> <span class='ocrx_word' id='word_1_78' title='bbox 1484 1244 1543 1291; x_wconf 93' lang='lat' dir='ltr'><strong>ut</strong></span> <span class='ocrx_word' id='word_1_79' title='bbox 1567 1245 1798 1307; x_wconf 88' lang='lat' dir='ltr'><strong>oportet,</strong></span> <span class='ocrx_word' id='word_1_80' title='bbox 1828 1250 1992 1309; x_wconf 84' lang='lat' dir='ltr'><strong>pecu-</strong></span> 
     </span>
    </p>
   </div>
   <div class='ocr_carea' id='block_1_11' title="bbox 401 1330 1991 1402">
    <p class='ocr_par' dir='ltr' id='par_1_11' title="bbox 401 1330 1991 1402">
     <span class='ocr_line' id='line_1_11' title="bbox 401 1330 1991 1402; baseline -0.004 -12"><span class='ocrx_word' id='word_1_81' title='bbox 401 1336 519 1391; x_wconf 84' lang='lat' dir='ltr'><strong>nias</strong></span> <span class='ocrx_word' id='word_1_82' title='bbox 543 1332 787 1399; x_wconf 85' lang='lat' dir='ltr'><strong>insumit,</strong></span> <span class='ocrx_word' id='word_1_83' title='bbox 811 1332 857 1386; x_wconf 88' lang='lat' dir='ltr'><strong>is</strong></span> <span class='ocrx_word' id='word_1_84' title='bbox 877 1336 1248 1402; x_wconf 81' lang='lat' dir='ltr'><strong>magnanimus</strong></span> <span class='ocrx_word' id='word_1_85' title='bbox 1278 1338 1361 1385; x_wconf 91' lang='lat' dir='ltr'><strong>est</strong></span> <span class='ocrx_word' id='word_1_86' title='bbox 1390 1348 1403 1384; x_wconf 87' lang='lat'><strong>:</strong></span> <span class='ocrx_word' id='word_1_87' title='bbox 1446 1344 1670 1400; x_wconf 87' lang='lat' dir='ltr'><strong>magnus</strong></span> <span class='ocrx_word' id='word_1_88' title='bbox 1694 1330 1837 1385; x_wconf 89' lang='lat' dir='ltr'><strong>enim</strong></span> <span class='ocrx_word' id='word_1_89' title='bbox 1864 1344 1991 1386; x_wconf 85' lang='lat' dir='ltr'><strong>vere</strong></span> 
     </span>
    </p>
   </div>
   <div class='ocr_carea' id='block_1_12' title="bbox 400 1420 1989 1493">
    <p class='ocr_par' dir='ltr' id='par_1_12' title="bbox 400 1420 1989 1493">
     <span class='ocr_line' id='line_1_12' title="bbox 400 1420 1989 1493; baseline -0.004 -11"><span class='ocrx_word' id='word_1_90' title='bbox 400 1434 484 1482; x_wconf 88' lang='lat' dir='ltr'><strong>est</strong></span> <span class='ocrx_word' id='word_1_91' title='bbox 528 1425 618 1481; x_wconf 90' lang='lat' dir='ltr'><strong>ille</strong></span> <span class='ocrx_word' id='word_1_92' title='bbox 657 1423 907 1488; x_wconf 88' lang='lat' dir='ltr'><strong>animus,</strong></span> <span class='ocrx_word' id='word_1_93' title='bbox 940 1422 1032 1493; x_wconf 85' lang='lat' dir='ltr'><strong>qui</strong></span> <span class='ocrx_word' id='word_1_94' title='bbox 1081 1420 1293 1476; x_wconf 83' lang='lat' dir='ltr'><strong>aﬂ‘ectui</strong></span> <span class='ocrx_word' id='word_1_95' title='bbox 1331 1436 1438 1476; x_wconf 91' lang='lat' dir='ltr'><strong>non</strong></span> <span class='ocrx_word' id='word_1_96' title='bbox 1474 1422 1683 1487; x_wconf 81' lang='lat' dir='ltr'><strong>servit,</strong></span> <span class='ocrx_word' id='word_1_97' title='bbox 1724 1420 1815 1491; x_wconf 92' lang='lat' dir='ltr'><strong>qui</strong></span> <span class='ocrx_word' id='word_1_98' title='bbox 1856 1420 1989 1475; x_wconf 85' lang='lat' dir='ltr'><strong>nihil</strong></span> 
     </span>
    </p>
   </div>
   <div class='ocr_carea' id='block_1_13' title="bbox 403 1511 1987 1587">
    <p class='ocr_par' dir='ltr' id='par_1_13' title="bbox 403 1511 1987 1587">
     <span class='ocr_line' id='line_1_13' title="bbox 403 1511 1987 1587; baseline -0.003 -16"><span class='ocrx_word' id='word_1_99' title='bbox 403 1524 553 1587; x_wconf 86' lang='lat' dir='ltr'><strong>putat</strong></span> <span class='ocrx_word' id='word_1_100' title='bbox 586 1527 707 1570; x_wconf 84' lang='lat' dir='ltr'><strong>esse</strong></span> <span class='ocrx_word' id='word_1_101' title='bbox 738 1513 1015 1585; x_wconf 87' lang='lat' dir='ltr'><strong>pecunias.</strong></span> <span class='ocrx_word' id='word_1_102' title='bbox 1050 1512 1257 1567; x_wconf 80' lang='lat' dir='ltr'><strong>Rursus</strong></span> <span class='ocrx_word' id='word_1_103' title='bbox 1283 1511 1584 1567; x_wconf 67' lang='lat' dir='ltr'><strong>oeconomia</strong></span> <span class='ocrx_word' id='word_1_104' title='bbox 1616 1512 1818 1567; x_wconf 88' lang='lat' dir='ltr'><strong>bonum</strong></span> <span class='ocrx_word' id='word_1_105' title='bbox 1855 1521 1939 1567; x_wconf 88' lang='lat' dir='ltr'><strong>est</strong></span> <span class='ocrx_word' id='word_1_106' title='bbox 1973 1530 1987 1566; x_wconf 87' lang='lat'><strong>:</strong></span> 
     </span>
    </p>
   </div>
   <div class='ocr_carea' id='block_1_14' title="bbox 404 1603 1991 1676">
    <p class='ocr_par' dir='ltr' id='par_1_14' title="bbox 404 1603 1991 1676">
     <span class='ocr_line' id='line_1_14' title="bbox 404 1603 1991 1676; baseline -0.004 -11"><span class='ocrx_word' id='word_1_107' title='bbox 404 1619 792 1665; x_wconf 77' lang='lat' dir='ltr'><strong>etmconomus</strong></span> <span class='ocrx_word' id='word_1_108' title='bbox 826 1607 916 1661; x_wconf 87' lang='lat' dir='ltr'><strong>ille</strong></span> <span class='ocrx_word' id='word_1_109' title='bbox 957 1606 1193 1676; x_wconf 85' lang='lat' dir='ltr'><strong>optimus</strong></span> <span class='ocrx_word' id='word_1_110' title='bbox 1220 1603 1416 1669; x_wconf 88' lang='lat' dir='ltr'><strong>fuerit,</strong></span> <span class='ocrx_word' id='word_1_111' title='bbox 1462 1604 1552 1674; x_wconf 91' lang='lat' dir='ltr'><strong>qui</strong></span> <span class='ocrx_word' id='word_1_112' title='bbox 1577 1611 1637 1659; x_wconf 92' lang='lat' dir='ltr'><strong>ut</strong></span> <span class='ocrx_word' id='word_1_113' title='bbox 1669 1612 1884 1675; x_wconf 90' lang='lat' dir='ltr'><strong>oportet</strong></span> <span class='ocrx_word' id='word_1_114' title='bbox 1910 1605 1991 1659; x_wconf 90' lang='lat' dir='ltr'><strong>in-</strong></span> 
     </span>
    </p>
   </div>
   <div class='ocr_carea' id='block_1_15' title="bbox 409 1697 1993 1770">
    <p class='ocr_par' dir='ltr' id='par_1_15' title="bbox 409 1697 1993 1770">
     <span class='ocr_line' id='line_1_15' title="bbox 409 1697 1993 1770; baseline -0.003 -12"><span class='ocrx_word' id='word_1_115' title='bbox 409 1702 603 1768; x_wconf 86' lang='lat' dir='ltr'><strong>sumit,</strong></span> <span class='ocrx_word' id='word_1_116' title='bbox 643 1700 728 1770; x_wconf 91' lang='lat' dir='ltr'><strong>qui</strong></span> <span class='ocrx_word' id='word_1_117' title='bbox 759 1715 864 1755; x_wconf 89' lang='lat' dir='ltr'><strong>non</strong></span> <span class='ocrx_word' id='word_1_118' title='bbox 893 1708 1097 1754; x_wconf 84' lang='lat' dir='ltr'><strong>temere</strong></span> <span class='ocrx_word' id='word_1_119' title='bbox 1125 1698 1347 1769; x_wconf 78' lang='lat' dir='ltr'><strong>spargit.</strong></span> <span class='ocrx_word' id='word_1_120' title='bbox 1376 1698 1444 1752; x_wconf 89' lang='lat' dir='ltr'><strong>At</strong></span> <span class='ocrx_word' id='word_1_121' title='bbox 1472 1699 1540 1754; x_wconf 88' lang='lat' dir='ltr'><strong>de</strong></span> <span class='ocrx_word' id='word_1_122' title='bbox 1574 1697 1898 1768; x_wconf 88' lang='lat' dir='ltr'><strong>parcimonia</strong></span> <span class='ocrx_word' id='word_1_123' title='bbox 1937 1707 1993 1753; x_wconf 90' lang='lat' dir='ltr'><strong>et</strong></span> 
     </span>
    </p>
   </div>
   <div class='ocr_carea' id='block_1_16' title="bbox 415 1787 1990 1858">
    <p class='ocr_par' dir='ltr' id='par_1_16' title="bbox 415 1787 1990 1858">
     <span class='ocr_line' id='line_1_16' title="bbox 415 1787 1990 1858; baseline -0.004 -9"><span class='ocrx_word' id='word_1_124' title='bbox 415 1792 689 1849; x_wconf 86' lang='lat' dir='ltr'><strong>tenacitate</strong></span> <span class='ocrx_word' id='word_1_125' title='bbox 714 1806 824 1845; x_wconf 90' lang='lat' dir='ltr'><strong>non</strong></span> <span class='ocrx_word' id='word_1_126' title='bbox 852 1790 994 1845; x_wconf 87' lang='lat' dir='ltr'><strong>idem</strong></span> <span class='ocrx_word' id='word_1_127' title='bbox 1021 1788 1332 1845; x_wconf 88' lang='lat' dir='ltr'><strong>dicendum.</strong></span> <span class='ocrx_word' id='word_1_128' title='bbox 1379 1787 1472 1844; x_wconf 90' lang='lat' dir='ltr'><strong>Ille</strong></span> <span class='ocrx_word' id='word_1_129' title='bbox 1510 1803 1742 1858; x_wconf 86' lang='lat' dir='ltr'><strong>namque</strong></span> <span class='ocrx_word' id='word_1_130' title='bbox 1770 1789 1947 1843; x_wconf 86' lang='lat' dir='ltr'><strong>omnia</strong></span> <span class='ocrx_word' id='word_1_131' title='bbox 1974 1831 1990 1856; x_wconf 90' lang='lat'><strong>,</strong></span> 
     </span>
    </p>
   </div>
   <div class='ocr_carea' id='block_1_17' title="bbox 411 1879 1995 1952">
    <p class='ocr_par' dir='ltr' id='par_1_17' title="bbox 411 1879 1995 1952">
     <span class='ocr_line' id='line_1_17' title="bbox 411 1879 1995 1952; baseline -0.002 -13"><span class='ocrx_word' id='word_1_132' title='bbox 411 1894 467 1939; x_wconf 89' lang='lat' dir='ltr'><strong>ut</strong></span> <span class='ocrx_word' id='word_1_133' title='bbox 501 1891 709 1952; x_wconf 88' lang='lat' dir='ltr'><strong>oportet</strong></span> <span class='ocrx_word' id='word_1_134' title='bbox 736 1883 998 1947; x_wconf 78' lang='lat' dir='ltr'><strong>insumit;</strong></span> <span class='ocrx_word' id='word_1_135' title='bbox 1031 1881 1118 1937; x_wconf 92' lang='lat' dir='ltr'><strong>hic</strong></span> <span class='ocrx_word' id='word_1_136' title='bbox 1142 1895 1273 1935; x_wconf 85' lang='lat' dir='ltr'><strong>vero</strong></span> <span class='ocrx_word' id='word_1_137' title='bbox 1308 1895 1374 1936; x_wconf 91' lang='lat' dir='ltr'><strong>ne</strong></span> <span class='ocrx_word' id='word_1_138' title='bbox 1403 1881 1637 1935; x_wconf 86' lang='lat' dir='ltr'><strong>instante</strong></span> <span class='ocrx_word' id='word_1_139' title='bbox 1661 1879 1876 1951; x_wconf 84' lang='lat' dir='ltr'><strong>quidem</strong></span> <span class='ocrx_word' id='word_1_140' title='bbox 1901 1896 1995 1936; x_wconf 81' lang='lat' dir='ltr'><strong>ne-</strong></span> 
     </span>
    </p>
   </div>
   <div class='ocr_carea' id='block_1_18' title="bbox 405 1972 1996 2044">
    <p class='ocr_par' dir='ltr' id='par_1_18' title="bbox 405 1972 1996 2044">
     <span class='ocr_line' id='line_1_18' title="bbox 405 1972 1996 2044; baseline -0.002 -14"><span class='ocrx_word' id='word_1_141' title='bbox 405 1975 657 2030; x_wconf 84' lang='lat' dir='ltr'><strong>cessitate</strong></span> <span class='ocrx_word' id='word_1_142' title='bbox 697 1974 951 2044; x_wconf 88' lang='lat' dir='ltr'><strong>pccuuias</strong></span> <span class='ocrx_word' id='word_1_143' title='bbox 981 1972 1202 2043; x_wconf 78' lang='lat' dir='ltr'><strong>profert.</strong></span> <span class='ocrx_word' id='word_1_144' title='bbox 1238 1972 1583 2028; x_wconf 70' lang='lat' dir='ltr'><strong>(Economus</strong></span> <span class='ocrx_word' id='word_1_145' title='bbox 1608 1987 1736 2044; x_wconf 92' lang='lat' dir='ltr'><strong>ergo</strong></span> <span class='ocrx_word' id='word_1_146' title='bbox 1777 1987 1996 2044; x_wconf 86' lang='lat' dir='ltr'><strong>magna-</strong></span> 
     </span>
    </p>
   </div>
   <div class='ocr_carea' id='block_1_19' title="bbox 404 2065 1995 2139">
    <p class='ocr_par' dir='ltr' id='par_1_19' title="bbox 404 2065 1995 2139">
     <span class='ocr_line' id='line_1_19' title="bbox 404 2065 1995 2139; baseline -0.002 -16"><span class='ocrx_word' id='word_1_147' title='bbox 404 2067 532 2123; x_wconf 89' lang='lat' dir='ltr'><strong>nimi</strong></span> <span class='ocrx_word' id='word_1_148' title='bbox 557 2066 723 2123; x_wconf 90' lang='lat' dir='ltr'><strong>fratcr</strong></span> <span class='ocrx_word' id='word_1_149' title='bbox 749 2066 925 2122; x_wconf 89' lang='lat' dir='ltr'><strong>fuerit.</strong></span> <span class='ocrx_word' id='word_1_150' title='bbox 949 2065 1113 2139; x_wconf 91' lang='lat' dir='ltr'><strong>Igitur</strong></span> <span class='ocrx_word' id='word_1_151' title='bbox 1133 2066 1290 2121; x_wconf 83' lang='lat' dir='ltr'><strong>simul</strong></span> <span class='ocrx_word' id='word_1_152' title='bbox 1313 2081 1575 2137; x_wconf 86' lang='lat' dir='ltr'><strong>ponemus</strong></span> <span class='ocrx_word' id='word_1_153' title='bbox 1594 2067 1995 2137; x_wconf 85' lang='lat' dir='ltr'><strong>magnanimum</strong></span> 
     </span>
    </p>
   </div>
   <div class='ocr_carea' id='block_1_20' title="bbox 404 2160 1997 2232">
    <p class='ocr_par' dir='ltr' id='par_1_20' title="bbox 404 2160 1997 2232">
     <span class='ocr_line' id='line_1_20' title="bbox 404 2160 1997 2232; baseline -0.001 -14"><span class='ocrx_word' id='word_1_154' title='bbox 404 2171 458 2218; x_wconf 88' lang='lat' dir='ltr'><strong>ct</strong></span> <span class='ocrx_word' id='word_1_155' title='bbox 483 2176 858 2228; x_wconf 72' lang='lat' dir='ltr'><strong>teconomum;</strong></span> <span class='ocrx_word' id='word_1_156' title='bbox 889 2161 1048 2217; x_wconf 88' lang='lat' dir='ltr'><strong>simul</strong></span> <span class='ocrx_word' id='word_1_157' title='bbox 1079 2160 1358 2232; x_wconf 88' lang='lat' dir='ltr'><strong>prodigum</strong></span> <span class='ocrx_word' id='word_1_158' title='bbox 1385 2170 1438 2216; x_wconf 90' lang='lat' dir='ltr'><strong>et</strong></span> <span class='ocrx_word' id='word_1_159' title='bbox 1467 2170 1711 2217; x_wconf 85' lang='lat' dir='ltr'><strong>tenacem</strong></span> <span class='ocrx_word' id='word_1_160' title='bbox 1743 2178 1757 2215; x_wconf 86' lang='lat'><strong>:</strong></span> <span class='ocrx_word' id='word_1_161' title='bbox 1786 2160 1997 2230; x_wconf 84' lang='lat' dir='ltr'><strong>utrique</strong></span> 
     </span>
    </p>
   </div>
   <div class='ocr_carea' id='block_1_21' title="bbox 404 2252 1995 2323">
    <p class='ocr_par' dir='ltr' id='par_1_21' title="bbox 404 2252 1995 2323">
     <span class='ocr_line' id='line_1_21' title="bbox 404 2252 1995 2323; baseline 0.001 -15"><span class='ocrx_word' id='word_1_162' title='bbox 404 2253 546 2308; x_wconf 88' lang='lat' dir='ltr'><strong>enim</strong></span> <span class='ocrx_word' id='word_1_163' title='bbox 591 2267 661 2308; x_wconf 81' lang='lat' dir='ltr'><strong>ex</strong></span> <span class='ocrx_word' id='word_1_164' title='bbox 712 2252 1007 2323; x_wconf 87' lang='lat' dir='ltr'><strong>pusillitate</strong></span> <span class='ocrx_word' id='word_1_165' title='bbox 1042 2252 1207 2307; x_wconf 89' lang='lat' dir='ltr'><strong>animi</strong></span> <span class='ocrx_word' id='word_1_166' title='bbox 1245 2252 1350 2307; x_wconf 85' lang='lat' dir='ltr'><strong>hoc</strong></span> <span class='ocrx_word' id='word_1_167' title='bbox 1388 2254 1702 2323; x_wconf 88' lang='lat' dir='ltr'><strong>patiuntur;</strong></span> <span class='ocrx_word' id='word_1_168' title='bbox 1754 2254 1894 2308; x_wconf 90' lang='lat' dir='ltr'><strong>sicut</strong></span> <span class='ocrx_word' id='word_1_169' title='bbox 1938 2263 1995 2309; x_wconf 90' lang='lat' dir='ltr'><strong>et</strong></span> 
     </span>
    </p>
   </div>
   <div class='ocr_carea' id='block_1_22' title="bbox 405 2342 1997 2415">
    <p class='ocr_par' dir='ltr' id='par_1_22' title="bbox 405 2342 1997 2415">
     <span class='ocr_line' id='line_1_22' title="bbox 405 2342 1997 2415; baseline 0.002 -18"><span class='ocrx_word' id='word_1_170' title='bbox 405 2343 483 2398; x_wconf 89' lang='lat' dir='ltr'><strong>illi</strong></span> <span class='ocrx_word' id='word_1_171' title='bbox 507 2358 573 2397; x_wconf 81' lang='lat' dir='ltr'><strong>ex</strong></span> <span class='ocrx_word' id='word_1_172' title='bbox 600 2343 1061 2413; x_wconf 80' lang='lat' dir='ltr'><strong>magnanimitate.</strong></span> <span class='ocrx_word' id='word_1_173' title='bbox 1088 2342 1169 2398; x_wconf 86' lang='lat' dir='ltr'><strong>Ne</strong></span> <span class='ocrx_word' id='word_1_174' title='bbox 1196 2344 1355 2414; x_wconf 81' lang='lat' dir='ltr'><strong>igitur</strong></span> <span class='ocrx_word' id='word_1_175' title='bbox 1381 2344 1784 2415; x_wconf 86' lang='lat' dir='ltr'><strong>magnanimum</strong></span> <span class='ocrx_word' id='word_1_176' title='bbox 1809 2344 1997 2415; x_wconf 83' lang='lat' dir='ltr'><strong>appel-</strong></span> 
     </span>
    </p>
   </div>
   <div class='ocr_carea' id='block_1_23' title="bbox 406 2434 1995 2507">
    <p class='ocr_par' dir='ltr' id='par_1_23' title="bbox 406 2434 1995 2507">
     <span class='ocr_line' id='line_1_23' title="bbox 406 2434 1995 2507; baseline 0.001 -17"><span class='ocrx_word' id='word_1_177' title='bbox 406 2435 575 2490; x_wconf 72' lang='lat' dir='ltr'><strong>lenius</strong></span> <span class='ocrx_word' id='word_1_178' title='bbox 631 2449 794 2504; x_wconf 86' lang='lat' dir='ltr'><strong>eum,</strong></span> <span class='ocrx_word' id='word_1_179' title='bbox 833 2436 925 2506; x_wconf 89' lang='lat' dir='ltr'><strong>qui</strong></span> <span class='ocrx_word' id='word_1_180' title='bbox 966 2444 1169 2492; x_wconf 86' lang='lat' dir='ltr'><strong>temere</strong></span> <span class='ocrx_word' id='word_1_181' title='bbox 1212 2434 1502 2505; x_wconf 86' lang='lat' dir='ltr'><strong>impendit,</strong></span> <span class='ocrx_word' id='word_1_182' title='bbox 1558 2435 1655 2491; x_wconf 86' lang='lat' dir='ltr'><strong>sed</strong></span> <span class='ocrx_word' id='word_1_183' title='bbox 1701 2450 1825 2491; x_wconf 89' lang='lat' dir='ltr'><strong>eum</strong></span> <span class='ocrx_word' id='word_1_184' title='bbox 1849 2477 1865 2502; x_wconf 91' lang='lat'><strong>,</strong></span> <span class='ocrx_word' id='word_1_185' title='bbox 1904 2438 1995 2507; x_wconf 90' lang='lat' dir='ltr'><strong>qui</strong></span> 
     </span>
    </p>
   </div>
   <div class='ocr_carea' id='block_1_24' title="bbox 406 2526 1995 2598">
    <p class='ocr_par' dir='ltr' id='par_1_24' title="bbox 406 2526 1995 2598">
     <span class='ocr_line' id='line_1_24' title="bbox 406 2526 1995 2598; baseline 0.002 -17"><span class='ocrx_word' id='word_1_186' title='bbox 406 2534 591 2596; x_wconf 89' lang='lat' dir='ltr'><strong>erogat</strong></span> <span class='ocrx_word' id='word_1_187' title='bbox 615 2533 674 2581; x_wconf 90' lang='lat' dir='ltr'><strong>ut</strong></span> <span class='ocrx_word' id='word_1_188' title='bbox 690 2534 934 2596; x_wconf 85' lang='lat' dir='ltr'><strong>oportet;</strong></span> <span class='ocrx_word' id='word_1_189' title='bbox 964 2541 1135 2597; x_wconf 87' lang='lat' dir='ltr'><strong>neque</strong></span> <span class='ocrx_word' id='word_1_190' title='bbox 1157 2526 1498 2583; x_wconf 75' lang='lat' dir='ltr'><strong>meonOmum</strong></span> <span class='ocrx_word' id='word_1_191' title='bbox 1517 2526 1758 2583; x_wconf 89' lang='lat' dir='ltr'><strong>dicamus</strong></span> <span class='ocrx_word' id='word_1_192' title='bbox 1778 2543 1995 2598; x_wconf 87' lang='lat' dir='ltr'><strong>parcum</strong></span> 
     </span>
    </p>
   </div>
   <div class='ocr_carea' id='block_1_25' title="bbox 406 2620 1993 2693">
    <p class='ocr_par' dir='ltr' id='par_1_25' title="bbox 406 2620 1993 2693">
     <span class='ocr_line' id='line_1_25' title="bbox 406 2620 1993 2693; baseline 0.001 -17"><span class='ocrx_word' id='word_1_193' title='bbox 406 2630 457 2675; x_wconf 90' lang='lat' dir='ltr'><strong>et</strong></span> <span class='ocrx_word' id='word_1_194' title='bbox 486 2628 726 2677; x_wconf 79' lang='lat' dir='ltr'><strong>tenacem</strong></span> <span class='ocrx_word' id='word_1_195' title='bbox 746 2659 762 2686; x_wconf 87' lang='lat'><strong>,</strong></span> <span class='ocrx_word' id='word_1_196' title='bbox 789 2621 885 2678; x_wconf 83' lang='lat' dir='ltr'><strong>sed</strong></span> <span class='ocrx_word' id='word_1_197' title='bbox 912 2635 1059 2687; x_wconf 89' lang='lat' dir='ltr'><strong>eum,</strong></span> <span class='ocrx_word' id='word_1_198' title='bbox 1090 2623 1179 2691; x_wconf 80' lang='lat' dir='ltr'><strong>qui</strong></span> <span class='ocrx_word' id='word_1_199' title='bbox 1211 2620 1583 2692; x_wconf 82' lang='lat' dir='ltr'><strong>intempestive</strong></span> <span class='ocrx_word' id='word_1_200' title='bbox 1606 2622 1847 2692; x_wconf 90' lang='lat' dir='ltr'><strong>pecuniis</strong></span> <span class='ocrx_word' id='word_1_201' title='bbox 1867 2636 1993 2693; x_wconf 81' lang='lat' dir='ltr'><strong>par-</strong></span> 
     </span>
    </p>
   </div>
   <div class='ocr_carea' id='block_1_26' title="bbox 407 2711 1999 2784">
    <p class='ocr_par' dir='ltr' id='par_1_26' title="bbox 407 2711 1999 2784">
     <span class='ocr_line' id='line_1_26' title="bbox 407 2711 1999 2784; baseline 0 -17"><span class='ocrx_word' id='word_1_202' title='bbox 407 2711 497 2768; x_wconf 88' lang='lat' dir='ltr'><strong>cit.</strong></span> <span class='ocrx_word' id='word_1_203' title='bbox 527 2711 734 2780; x_wconf 86' lang='lat' dir='ltr'><strong>Quanta</strong></span> <span class='ocrx_word' id='word_1_204' title='bbox 764 2712 917 2768; x_wconf 85' lang='lat' dir='ltr'><strong>dives</strong></span> <span class='ocrx_word' id='word_1_205' title='bbox 941 2712 1033 2769; x_wconf 85' lang='lat' dir='ltr'><strong>ille</strong></span> <span class='ocrx_word' id='word_1_206' title='bbox 1060 2713 1363 2782; x_wconf 84' lang='lat' dir='ltr'><strong>insumpsit,</strong></span> <span class='ocrx_word' id='word_1_207' title='bbox 1385 2713 1479 2784; x_wconf 91' lang='lat' dir='ltr'><strong>qui</strong></span> <span class='ocrx_word' id='word_1_208' title='bbox 1505 2712 1823 2768; x_wconf 88' lang='lat' dir='ltr'><strong>induebatur</strong></span> <span class='ocrx_word' id='word_1_209' title='bbox 1858 2729 1999 2784; x_wconf 83' lang='lat' dir='ltr'><strong>pur-</strong></span> 
     </span>
    </p>
   </div>
   <div class='ocr_carea' id='block_1_27' title="bbox 409 2803 1995 2876">
    <p class='ocr_par' dir='ltr' id='par_1_27' title="bbox 409 2803 1995 2876">
     <span class='ocr_line' id='line_1_27' title="bbox 409 2803 1995 2876; baseline 0.001 -16"><span class='ocrx_word' id='word_1_210' title='bbox 409 2819 536 2875; x_wconf 85' lang='lat' dir='ltr'><strong>pura</strong></span> <span class='ocrx_word' id='word_1_211' title='bbox 567 2814 624 2861; x_wconf 88' lang='lat' dir='ltr'><strong>et</strong></span> <span class='ocrx_word' id='word_1_212' title='bbox 646 2804 855 2875; x_wconf 81' lang='lat' dir='ltr'><strong>bysso(</strong></span> <span class='ocrx_word' id='word_1_213' title='bbox 890 2803 1119 2860; x_wconf 84' lang='lat' dir='ltr'><strong>Luc.l6.</strong></span> <span class='ocrx_word' id='word_1_214' title='bbox 1151 2804 1219 2861; x_wconf 79' lang='lat' dir='ltr'><strong>l9</strong></span> <span class='ocrx_word' id='word_1_215' title='bbox 1245 2804 1266 2876; x_wconf 91' lang='lat'>)</span> <span class='ocrx_word' id='word_1_216' title='bbox 1288 2805 1311 2859; x_wconf 74' lang='grc' dir='ltr'><em>ἳ</em></span> <span class='ocrx_word' id='word_1_217' title='bbox 1336 2804 1443 2862; x_wconf 90' lang='lat' dir='ltr'><strong>Sed</strong></span> <span class='ocrx_word' id='word_1_218' title='bbox 1481 2819 1589 2860; x_wconf 90' lang='lat' dir='ltr'><strong>non</strong></span> <span class='ocrx_word' id='word_1_219' title='bbox 1631 2813 1748 2861; x_wconf 91' lang='lat' dir='ltr'><strong>erat</strong></span> <span class='ocrx_word' id='word_1_220' title='bbox 1771 2820 1995 2876; x_wconf 85' lang='lat' dir='ltr'><strong>magna-</strong></span> 
     </span>
    </p>
   </div>
   <div class='ocr_carea' id='block_1_28' title="bbox 407 2895 1998 2967">
    <p class='ocr_par' dir='ltr' id='par_1_28' title="bbox 407 2895 1998 2967">
     <span class='ocr_line' id='line_1_28' title="bbox 407 2895 1998 2967; baseline 0.001 -15"><span class='ocrx_word' id='word_1_221' title='bbox 407 2899 585 2953; x_wconf 87' lang='lat' dir='ltr'><strong>nimus</strong></span> <span class='ocrx_word' id='word_1_222' title='bbox 615 2913 632 2951; x_wconf 88' lang='lat'><strong>:</strong></span> <span class='ocrx_word' id='word_1_223' title='bbox 660 2896 840 2951; x_wconf 88' lang='lat' dir='ltr'><strong>anima</strong></span> <span class='ocrx_word' id='word_1_224' title='bbox 883 2910 1115 2967; x_wconf 89' lang='lat' dir='ltr'><strong>namque</strong></span> <span class='ocrx_word' id='word_1_225' title='bbox 1148 2895 1267 2967; x_wconf 87' lang='lat' dir='ltr'><strong>ejus</strong></span> <span class='ocrx_word' id='word_1_226' title='bbox 1308 2905 1366 2951; x_wconf 88' lang='lat' dir='ltr'><strong>et</strong></span> <span class='ocrx_word' id='word_1_227' title='bbox 1406 2896 1723 2953; x_wconf 84' lang='lat' dir='ltr'><strong>crudelitate</strong></span> <span class='ocrx_word' id='word_1_228' title='bbox 1757 2905 1813 2952; x_wconf 89' lang='lat' dir='ltr'><strong>et</strong></span> <span class='ocrx_word' id='word_1_229' title='bbox 1853 2898 1998 2954; x_wconf 87' lang='lat' dir='ltr'><strong>mille</strong></span> 
     </span>
    </p>
   </div>
   <div class='ocr_carea' id='block_1_29' title="bbox 408 2987 1998 3061">
    <p class='ocr_par' dir='ltr' id='par_1_29' title="bbox 408 2987 1998 3061">
     <span class='ocr_line' id='line_1_29' title="bbox 408 2987 1998 3061; baseline 0.001 -16"><span class='ocrx_word' id='word_1_230' title='bbox 408 2989 770 3059; x_wconf 77' lang='lat' dir='ltr'><strong>voluptatibus</strong></span> <span class='ocrx_word' id='word_1_231' title='bbox 787 2987 1159 3055; x_wconf 83' lang='lat' dir='ltr'><strong>detinebatur;</strong></span> <span class='ocrx_word' id='word_1_232' title='bbox 1185 2988 1302 3044; x_wconf 72' lang='lat' dir='ltr'><strong>haec</strong></span> <span class='ocrx_word' id='word_1_233' title='bbox 1318 2998 1497 3044; x_wconf 88' lang='lat' dir='ltr'><strong>autem</strong></span> <span class='ocrx_word' id='word_1_234' title='bbox 1516 2988 1787 3059; x_wconf 89' lang='lat' dir='ltr'><strong>quomodo</strong></span> <span class='ocrx_word' id='word_1_235' title='bbox 1808 3004 1998 3061; x_wconf 86' lang='lat' dir='ltr'><strong>magna</strong></span> 
     </span>
    </p>
   </div>
   <div class='ocr_carea' id='block_1_30' title="bbox 410 3080 1989 3152">
    <p class='ocr_par' dir='ltr' id='par_1_30' title="bbox 410 3080 1989 3152">
     <span class='ocr_line' id='line_1_30' title="bbox 410 3080 1989 3152; baseline 0 -16"><span class='ocrx_word' id='word_1_236' title='bbox 410 3081 606 3138; x_wconf 83' lang='lat' dir='ltr'><strong>fuerit?</strong></span> <span class='ocrx_word' id='word_1_237' title='bbox 629 3080 1007 3151; x_wconf 74' lang='lat' dir='ltr'><strong>Magnanimus‘</strong></span> <span class='ocrx_word' id='word_1_238' title='bbox 1029 3089 1148 3136; x_wconf 86' lang='lat' dir='ltr'><strong>erat</strong></span> <span class='ocrx_word' id='word_1_239' title='bbox 1175 3081 1470 3147; x_wconf 84' lang='lat' dir='ltr'><strong>Abraham,</strong></span> <span class='ocrx_word' id='word_1_240' title='bbox 1497 3081 1590 3152; x_wconf 89' lang='lat' dir='ltr'><strong>qui</strong></span> <span class='ocrx_word' id='word_1_241' title='bbox 1619 3080 1687 3136; x_wconf 87' lang='lat' dir='ltr'><strong>ad</strong></span> <span class='ocrx_word' id='word_1_242' title='bbox 1713 3080 1989 3152; x_wconf 83' lang='lat' dir='ltr'><strong>hospitali-</strong></span> 
     </span>
    </p>
   </div>
   <div class='ocr_carea' id='block_1_31' title="bbox 410 3173 1998 3245">
    <p class='ocr_par' dir='ltr' id='par_1_31' title="bbox 410 3173 1998 3245">
     <span class='ocr_line' id='line_1_31' title="bbox 410 3173 1998 3245; baseline 0.002 -17"><span class='ocrx_word' id='word_1_243' title='bbox 410 3183 574 3230; x_wconf 85' lang='lat' dir='ltr'><strong>tatem</strong></span> <span class='ocrx_word' id='word_1_244' title='bbox 606 3175 861 3245; x_wconf 84' lang='lat' dir='ltr'><strong>pecunias</strong></span> <span class='ocrx_word' id='word_1_245' title='bbox 888 3173 1223 3240; x_wconf 81' lang='lat' dir='ltr'><strong>insumebat,</strong></span> <span class='ocrx_word' id='word_1_246' title='bbox 1253 3175 1477 3230; x_wconf 86' lang='lat' dir='ltr'><strong>vitulum</strong></span> <span class='ocrx_word' id='word_1_247' title='bbox 1507 3175 1795 3243; x_wconf 79' lang='lat' dir='ltr'><strong>mactabat,</strong></span> <span class='ocrx_word' id='word_1_248' title='bbox 1825 3184 1881 3231; x_wconf 93' lang='lat' dir='ltr'><strong>et</strong></span> <span class='ocrx_word' id='word_1_249' title='bbox 1909 3175 1998 3231; x_wconf 89' lang='lat' dir='ltr'><strong>ubi</strong></span> 
     </span>
    </p>
   </div>
   <div class='ocr_carea' id='block_1_32' title="bbox 410 3267 2000 3339">
    <p class='ocr_par' dir='ltr' id='par_1_32' title="bbox 410 3267 2000 3339">
     <span class='ocr_line' id='line_1_32' title="bbox 410 3267 2000 3339; baseline 0.001 -16"><span class='ocrx_word' id='word_1_250' title='bbox 410 3282 544 3338; x_wconf 80' lang='lat' dir='ltr'><strong>opas</strong></span> <span class='ocrx_word' id='word_1_251' title='bbox 570 3278 719 3335; x_wconf 88' lang='lat' dir='ltr'><strong>erat,</strong></span> <span class='ocrx_word' id='word_1_252' title='bbox 746 3283 855 3324; x_wconf 90' lang='lat' dir='ltr'><strong>non</strong></span> <span class='ocrx_word' id='word_1_253' title='bbox 884 3267 1045 3323; x_wconf 89' lang='lat' dir='ltr'><strong>modo</strong></span> <span class='ocrx_word' id='word_1_254' title='bbox 1075 3268 1338 3339; x_wconf 89' lang='lat' dir='ltr'><strong>pecuniis,</strong></span> <span class='ocrx_word' id='word_1_255' title='bbox 1368 3268 1464 3325; x_wconf 89' lang='lat' dir='ltr'><strong>sed</strong></span> <span class='ocrx_word' id='word_1_256' title='bbox 1485 3269 1647 3325; x_wconf 89' lang='lat' dir='ltr'><strong>etiam</strong></span> <span class='ocrx_word' id='word_1_257' title='bbox 1668 3270 1862 3324; x_wconf 67' lang='lat' dir='ltr'><strong>animre</strong></span> <span class='ocrx_word' id='word_1_258' title='bbox 1886 3284 2000 3325; x_wconf 62' lang='lat' dir='ltr'><strong>suae</strong></span> 
     </span>
    </p>
   </div>
   <div class='ocr_carea' id='block_1_33' title="bbox 411 3358 1998 3433">
    <p class='ocr_par' dir='ltr' id='par_1_33' title="bbox 411 3358 1998 3433">
     <span class='ocr_line' id='line_1_33' title="bbox 411 3358 1998 3433; baseline 0.002 -19"><span class='ocrx_word' id='word_1_259' title='bbox 411 3375 519 3415; x_wconf 89' lang='lat' dir='ltr'><strong>non</strong></span> <span class='ocrx_word' id='word_1_260' title='bbox 545 3359 819 3430; x_wconf 84' lang='lat' dir='ltr'><strong>parcebat.</strong></span> <span class='ocrx_word' id='word_1_261' title='bbox 858 3358 915 3416; x_wconf 87' lang='lat' dir='ltr'><strong>Si</strong></span> <span class='ocrx_word' id='word_1_262' title='bbox 943 3375 1075 3431; x_wconf 88' lang='lat' dir='ltr'><strong>ergo</strong></span> <span class='ocrx_word' id='word_1_263' title='bbox 1116 3361 1409 3417; x_wconf 85' lang='lat' dir='ltr'><strong>viderimus</strong></span> <span class='ocrx_word' id='word_1_264' title='bbox 1448 3362 1756 3433; x_wconf 87' lang='lat' dir='ltr'><strong>quempiam</strong></span> <span class='ocrx_word' id='word_1_265' title='bbox 1800 3363 1998 3418; x_wconf 82' lang='lat' dir='ltr'><strong>lautam</strong></span> 
     </span>
    </p>
   </div>
   <div class='ocr_carea' id='block_1_34' title="bbox 414 3455 2004 3526">
    <p class='ocr_par' dir='ltr' id='par_1_34' title="bbox 414 3455 2004 3526">
     <span class='ocr_line' id='line_1_34' title="bbox 414 3455 2004 3526; baseline 0.001 -17"><span class='ocrx_word' id='word_1_266' title='bbox 414 3467 657 3511; x_wconf 78' lang='lat' dir='ltr'><strong>mensam</strong></span> <span class='ocrx_word' id='word_1_267' title='bbox 683 3463 1065 3524; x_wconf 82' lang='lat' dir='ltr'><strong>apponentem,</strong></span> <span class='ocrx_word' id='word_1_268' title='bbox 1092 3455 1413 3511; x_wconf 85' lang='lat' dir='ltr'><strong>meretrices</strong></span> <span class='ocrx_word' id='word_1_269' title='bbox 1442 3465 1496 3511; x_wconf 86' lang='lat' dir='ltr'><strong>et</strong></span> <span class='ocrx_word' id='word_1_270' title='bbox 1519 3457 1783 3526; x_wconf 87' lang='lat' dir='ltr'><strong>parasitos</strong></span> <span class='ocrx_word' id='word_1_271' title='bbox 1805 3456 2004 3512; x_wconf 87' lang='lat' dir='ltr'><strong>baben-</strong></span> 
     </span>
    </p>
   </div>
   <div class='ocr_carea' id='block_1_35' title="bbox 421 3545 2001 3614">
    <p class='ocr_par' dir='ltr' id='par_1_35' title="bbox 421 3545 2001 3614">
     <span class='ocr_line' id='line_1_35' title="bbox 421 3545 2001 3614; baseline 0.004 -18"><span class='ocrx_word' id='word_1_272' title='bbox 421 3548 526 3596; x_wconf 81' lang='lat' dir='ltr'><strong>tem</strong></span> <span class='ocrx_word' id='word_1_273' title='bbox 546 3581 565 3608; x_wconf 86' lang='lat'><strong>,</strong></span> <span class='ocrx_word' id='word_1_274' title='bbox 593 3545 1071 3614; x_wconf 78' lang='lat' dir='ltr'><strong>nem‘aguanimum</strong></span> <span class='ocrx_word' id='word_1_275' title='bbox 1101 3545 1250 3600; x_wconf 90' lang='lat' dir='ltr'><strong>illum</strong></span> <span class='ocrx_word' id='word_1_276' title='bbox 1277 3560 1564 3608; x_wconf 85' lang='lat' dir='ltr'><strong>vocemus,</strong></span> <span class='ocrx_word' id='word_1_277' title='bbox 1592 3546 1686 3602; x_wconf 89' lang='lat' dir='ltr'><strong>sed</strong></span> <span class='ocrx_word' id='word_1_278' title='bbox 1710 3546 2001 3603; x_wconf 88' lang='lat' dir='ltr'><strong>admodum</strong></span> 
     </span>
    </p>
   </div>
   <div class='ocr_carea' id='block_1_36' title="bbox 422 3634 1998 3709">
    <p class='ocr_par' dir='ltr' id='par_1_36' title="bbox 422 3634 1998 3709">
     <span class='ocr_line' id='line_1_36' title="bbox 422 3634 1998 3709; baseline 0.005 -21"><span class='ocrx_word' id='word_1_279' title='bbox 422 3634 720 3691; x_wconf 84' lang='lat' dir='ltr'><strong>sordidum.</strong></span> <span class='ocrx_word' id='word_1_280' title='bbox 743 3635 881 3693; x_wconf 75' lang='lat' dir='ltr'><strong>Vide</strong></span> <span class='ocrx_word' id='word_1_281' title='bbox 907 3654 1167 3708; x_wconf 85' lang='lat' dir='ltr'><strong>namque,</strong></span> <span class='ocrx_word' id='word_1_282' title='bbox 1202 3650 1331 3709; x_wconf 86' lang='lat' dir='ltr'><strong>quot</strong></span> <span class='ocrx_word' id='word_1_283' title='bbox 1354 3640 1555 3696; x_wconf 86' lang='lat' dir='ltr'><strong>morbis</strong></span> <span class='ocrx_word' id='word_1_284' title='bbox 1585 3640 1750 3695; x_wconf 85' lang='lat' dir='ltr'><strong>animi</strong></span> <span class='ocrx_word' id='word_1_285' title='bbox 1777 3641 1998 3706; x_wconf 83' lang='lat' dir='ltr'><strong>serviat,</strong></span> 
     </span>
    </p>
   </div>
   <div class='ocr_carea' id='block_1_37' title="bbox 418 3726 2004 3801">
    <p class='ocr_par' dir='ltr' id='par_1_37' title="bbox 418 3726 2004 3801">
     <span class='ocr_line' id='line_1_37' title="bbox 418 3726 2004 3801; baseline 0.005 -22"><span class='ocrx_word' id='word_1_286' title='bbox 418 3726 601 3797; x_wconf 67' lang='lat' dir='ltr'><strong>gula),</strong></span> <span class='ocrx_word' id='word_1_287' title='bbox 647 3726 891 3783; x_wconf 64' lang='lat' dir='ltr'><strong>absurda:</strong></span> <span class='ocrx_word' id='word_1_288' title='bbox 928 3730 1221 3799; x_wconf 74' lang='lat' dir='ltr'><strong>voluptati,</strong></span> <span class='ocrx_word' id='word_1_289' title='bbox 1255 3730 1546 3785; x_wconf 88' lang='lat' dir='ltr'><strong>adulationi</strong></span> <span class='ocrx_word' id='word_1_290' title='bbox 1580 3747 1593 3783; x_wconf 88' lang='lat'><strong>:</strong></span> <span class='ocrx_word' id='word_1_291' title='bbox 1626 3731 1717 3801; x_wconf 90' lang='lat' dir='ltr'><strong>qui</strong></span> <span class='ocrx_word' id='word_1_292' title='bbox 1762 3746 1890 3787; x_wconf 89' lang='lat' dir='ltr'><strong>vero</strong></span> <span class='ocrx_word' id='word_1_293' title='bbox 1920 3732 2004 3788; x_wconf 89' lang='lat' dir='ltr'><strong>bis</strong></span> 
     </span>
    </p>
   </div>
   <div class='ocr_carea' id='block_1_38' title="bbox 1354 378 2699 439">
    <p class='ocr_par' dir='ltr' id='par_1_38' title="bbox 1354 378 2699 439">
     <span class='ocr_line' id='line_1_38' title="bbox 1354 378 2699 439; baseline -0.001 0"><span class='ocrx_word' id='word_1_294' title='bbox 1354 381 1421 439; x_wconf 87' lang='lat' dir='ltr'><strong>IN</strong></span> <span class='ocrx_word' id='word_1_295' title='bbox 1462 382 1636 438; x_wconf 72' lang='lat' dir='ltr'><strong>ACTA</strong></span> <span class='ocrx_word' id='word_1_296' title='bbox 1680 378 2199 437; x_wconf 73' lang='lat' dir='ltr'><strong>APOS&#39;I&#39;OLOliUM.</strong></span> <span class='ocrx_word' id='word_1_297' title='bbox 2245 379 2469 438; x_wconf 78' lang='lat' dir='ltr'><strong>IIOMIL.</strong></span> <span class='ocrx_word' id='word_1_298' title='bbox 2517 379 2699 438; x_wconf 76' lang='lat' dir='ltr'><strong>XLIX.</strong></span> 
     </span>
    </p>
   </div>
   <div class='ocr_carea' id='block_1_39' title="bbox 3574 388 3676 443">
    <p class='ocr_par' dir='ltr' id='par_1_39' title="bbox 3574 388 3676 443">
     <span class='ocr_line' id='line_1_39' title="bbox 3574 388 3676 443; baseline 0.02 -2"><span class='ocrx_word' id='word_1_299' title='bbox 3574 388 3676 443; x_wconf 71' lang='lat'><strong>338</strong></span> 
     </span>
    </p>
   </div>
   <div class='ocr_carea' id='block_1_40' title="bbox 2092 493 3678 575">
    <p class='ocr_par' dir='ltr' id='par_1_40' title="bbox 2092 493 3678 575">
     <span class='ocr_line' id='line_1_40' title="bbox 2092 493 3678 575; baseline 0.008 -27"><span class='ocrx_word' id='word_1_300' title='bbox 2092 493 2336 550; x_wconf 88' lang='lat' dir='ltr'><strong>addictus</strong></span> <span class='ocrx_word' id='word_1_301' title='bbox 2377 504 2496 561; x_wconf 92' lang='lat' dir='ltr'><strong>est,</strong></span> <span class='ocrx_word' id='word_1_302' title='bbox 2545 505 2602 551; x_wconf 92' lang='lat' dir='ltr'><strong>ut</strong></span> <span class='ocrx_word' id='word_1_303' title='bbox 2643 510 2715 551; x_wconf 88' lang='lat' dir='ltr'><strong>ne</strong></span> <span class='ocrx_word' id='word_1_304' title='bbox 2754 512 2917 552; x_wconf 90' lang='lat' dir='ltr'><strong>unum</strong></span> <span class='ocrx_word' id='word_1_305' title='bbox 2966 498 3180 567; x_wconf 87' lang='lat' dir='ltr'><strong>quidem</strong></span> <span class='ocrx_word' id='word_1_306' title='bbox 3217 514 3403 557; x_wconf 72' lang='lat' dir='ltr'><strong>eorum</strong></span> <span class='ocrx_word' id='word_1_307' title='bbox 3445 501 3678 575; x_wconf 82' lang='lat' dir='ltr'><strong>effugere</strong></span> 
     </span>
    </p>
   </div>
   <div class='ocr_carea' id='block_1_41' title="bbox 2094 589 3680 669">
    <p class='ocr_par' dir='ltr' id='par_1_41' title="bbox 2094 589 3680 669">
     <span class='ocr_line' id='line_1_41' title="bbox 2094 589 3680 669; baseline 0.008 -26"><span class='ocrx_word' id='word_1_308' title='bbox 2094 589 2297 659; x_wconf 89' lang='lat' dir='ltr'><strong>possit,</strong></span> <span class='ocrx_word' id='word_1_309' title='bbox 2335 589 2608 660; x_wconf 91' lang='lat' dir='ltr'><strong>quomodo</strong></span> <span class='ocrx_word' id='word_1_310' title='bbox 2645 591 2768 660; x_wconf 90' lang='lat' dir='ltr'><strong>quis</strong></span> <span class='ocrx_word' id='word_1_311' title='bbox 2817 595 3218 663; x_wconf 89' lang='lat' dir='ltr'><strong>magnanimum</strong></span> <span class='ocrx_word' id='word_1_312' title='bbox 3262 598 3457 654; x_wconf 85' lang='lat' dir='ltr'><strong>vocet?</strong></span> <span class='ocrx_word' id='word_1_313' title='bbox 3500 599 3680 669; x_wconf 88' lang='lat' dir='ltr'><strong>Itaque</strong></span> 
     </span>
    </p>
   </div>
   <div class='ocr_carea' id='block_1_42' title="bbox 2091 679 3679 755">
    <p class='ocr_par' dir='ltr' id='par_1_42' title="bbox 2091 679 3679 755">
     <span class='ocr_line' id='line_1_42' title="bbox 2091 679 3679 755; baseline 0.007 -21"><span class='ocrx_word' id='word_1_314' title='bbox 2091 680 2241 735; x_wconf 88' lang='lat' dir='ltr'><strong>illum</strong></span> <span class='ocrx_word' id='word_1_315' title='bbox 2289 679 2414 737; x_wconf 86' lang='lat' dir='ltr'><strong>hinc</strong></span> <span class='ocrx_word' id='word_1_316' title='bbox 2462 682 2637 752; x_wconf 90' lang='lat' dir='ltr'><strong>potius</strong></span> <span class='ocrx_word' id='word_1_317' title='bbox 2665 683 3061 752; x_wconf 87' lang='lat' dir='ltr'><strong>pusillanimum</strong></span> <span class='ocrx_word' id='word_1_318' title='bbox 3091 687 3398 743; x_wconf 87' lang='lat' dir='ltr'><strong>vocabimus</strong></span> <span class='ocrx_word' id='word_1_319' title='bbox 3434 703 3448 749; x_wconf 89' lang='lat'><strong>;</strong></span> <span class='ocrx_word' id='word_1_320' title='bbox 3478 700 3679 755; x_wconf 83' lang='lat' dir='ltr'><strong>quanto</strong></span> 
     </span>
    </p>
   </div>
   <div class='ocr_carea' id='block_1_43' title="bbox 2094 771 3678 848">
    <p class='ocr_par' dir='ltr' id='par_1_43' title="bbox 2094 771 3678 848">
     <span class='ocr_line' id='line_1_43' title="bbox 2094 771 3678 848; baseline 0.006 -21"><span class='ocrx_word' id='word_1_321' title='bbox 2094 771 2244 842; x_wconf 89' lang='lat' dir='ltr'><strong>plura</strong></span> <span class='ocrx_word' id='word_1_322' title='bbox 2267 773 2409 829; x_wconf 92' lang='lat' dir='ltr'><strong>enim</strong></span> <span class='ocrx_word' id='word_1_323' title='bbox 2432 774 2752 844; x_wconf 79' lang='lat' dir='ltr'><strong>profuderit,</strong></span> <span class='ocrx_word' id='word_1_324' title='bbox 2775 785 2922 832; x_wconf 91' lang='lat' dir='ltr'><strong>tanto</strong></span> <span class='ocrx_word' id='word_1_325' title='bbox 2950 780 3120 848; x_wconf 87' lang='lat' dir='ltr'><strong>magis</strong></span> <span class='ocrx_word' id='word_1_326' title='bbox 3158 780 3392 835; x_wconf 82' lang='lat' dir='ltr'><strong>ostendit</strong></span> <span class='ocrx_word' id='word_1_327' title='bbox 3432 782 3678 837; x_wconf 79' lang='lat' dir='ltr'><strong>vitiorum</strong></span> 
     </span>
    </p>
   </div>
   <div class='ocr_carea' id='block_1_44' title="bbox 2092 865 3683 946">
    <p class='ocr_par' dir='ltr' id='par_1_44' title="bbox 2092 865 3683 946">
     <span class='ocr_line' id='line_1_44' title="bbox 2092 865 3683 946; baseline 0.007 -26"><span class='ocrx_word' id='word_1_328' title='bbox 2092 865 2305 921; x_wconf 90' lang='lat' dir='ltr'><strong>illorum</strong></span> <span class='ocrx_word' id='word_1_329' title='bbox 2348 868 2684 940; x_wconf 86' lang='lat' dir='ltr'><strong>tyrannidem</strong></span> <span class='ocrx_word' id='word_1_330' title='bbox 2733 887 2748 923; x_wconf 88' lang='lat'><strong>:</strong></span> <span class='ocrx_word' id='word_1_331' title='bbox 2793 870 2895 925; x_wconf 90' lang='lat' dir='ltr'><strong>nisi</strong></span> <span class='ocrx_word' id='word_1_332' title='bbox 2934 871 3079 927; x_wconf 89' lang='lat' dir='ltr'><strong>enim</strong></span> <span class='ocrx_word' id='word_1_333' title='bbox 3118 872 3192 926; x_wconf 87' lang='lat' dir='ltr'><strong>illi</strong></span> <span class='ocrx_word' id='word_1_334' title='bbox 3240 872 3393 929; x_wconf 88' lang='lat' dir='ltr'><strong>valde</strong></span> <span class='ocrx_word' id='word_1_335' title='bbox 3445 875 3683 946; x_wconf 87' lang='lat' dir='ltr'><strong>impera-</strong></span> 
     </span>
    </p>
   </div>
   <div class='ocr_carea' id='block_1_45' title="bbox 2091 963 2902 1025">
    <p class='ocr_par' dir='ltr' id='par_1_45' title="bbox 2091 963 2902 1025">
     <span class='ocr_line' id='line_1_45' title="bbox 2091 963 2902 1025; baseline 0.004 -10"><span class='ocrx_word' id='word_1_336' title='bbox 2091 967 2246 1025; x_wconf 89' lang='lat' dir='ltr'><strong>rent,</strong></span> <span class='ocrx_word' id='word_1_337' title='bbox 2274 976 2380 1016; x_wconf 92' lang='lat' dir='ltr'><strong>non</strong></span> <span class='ocrx_word' id='word_1_338' title='bbox 2414 970 2557 1018; x_wconf 88' lang='lat' dir='ltr'><strong>tanta</strong></span> <span class='ocrx_word' id='word_1_339' title='bbox 2589 963 2902 1020; x_wconf 70' lang='lat' dir='ltr'><strong>insnuneret.</strong></span> 
     </span>
    </p>
   </div>
   <div class='ocr_carea' id='block_1_46' title="bbox 2165 1053 3684 1126">
    <p class='ocr_par' dir='ltr' id='par_1_46' title="bbox 2165 1053 3684 1126">
     <span class='ocr_line' id='line_1_46' title="bbox 2165 1053 3684 1126; baseline 0.006 -19"><span class='ocrx_word' id='word_1_340' title='bbox 2165 1053 2501 1126; x_wconf 84' lang='lat' dir='ltr'><strong>Eleemosyna</strong></span> <span class='ocrx_word' id='word_1_341' title='bbox 2526 1056 2925 1111; x_wconf 82' lang='lat' dir='ltr'><strong>commendatur.</strong></span> <span class='ocrx_word' id='word_1_342' title='bbox 2949 1085 3020 1097; x_wconf 90' lang='lat'><strong>——</strong></span> <span class='ocrx_word' id='word_1_343' title='bbox 3047 1056 3277 1112; x_wconf 81' lang='lat' dir='ltr'><strong>Rursum</strong></span> <span class='ocrx_word' id='word_1_344' title='bbox 3309 1058 3352 1112; x_wconf 89' lang='lat' dir='ltr'><strong>si</strong></span> <span class='ocrx_word' id='word_1_345' title='bbox 3391 1057 3684 1116; x_wconf 82' lang='lat' dir='ltr'><strong>viderimus</strong></span> 
     </span>
    </p>
   </div>
   <div class='ocr_carea' id='block_1_47' title="bbox 2097 1145 3677 1218">
    <p class='ocr_par' dir='ltr' id='par_1_47' title="bbox 2097 1145 3677 1218">
     <span class='ocr_line' id='line_1_47' title="bbox 2097 1145 3677 1218; baseline 0.003 -19"><span class='ocrx_word' id='word_1_346' title='bbox 2097 1145 2401 1216; x_wconf 87' lang='lat' dir='ltr'><strong>quempiam</strong></span> <span class='ocrx_word' id='word_1_347' title='bbox 2429 1145 2559 1201; x_wconf 92' lang='lat' dir='ltr'><strong>nihil</strong></span> <span class='ocrx_word' id='word_1_348' title='bbox 2587 1146 2778 1202; x_wconf 84' lang='lat' dir='ltr'><strong>horum</strong></span> <span class='ocrx_word' id='word_1_349' title='bbox 2805 1147 2998 1203; x_wconf 88' lang='lat' dir='ltr'><strong>talibus</strong></span> <span class='ocrx_word' id='word_1_350' title='bbox 3027 1160 3339 1218; x_wconf 82' lang='lat' dir='ltr'><strong>erogantem</strong></span> <span class='ocrx_word' id='word_1_351' title='bbox 3362 1191 3377 1216; x_wconf 93' lang='lat'><strong>,</strong></span> <span class='ocrx_word' id='word_1_352' title='bbox 3407 1150 3501 1205; x_wconf 90' lang='lat' dir='ltr'><strong>sed</strong></span> <span class='ocrx_word' id='word_1_353' title='bbox 3540 1165 3677 1218; x_wconf 82' lang='lat' dir='ltr'><strong>pan—</strong></span> 
     </span>
    </p>
   </div>
   <div class='ocr_carea' id='block_1_48' title="bbox 2094 1238 3685 1312">
    <p class='ocr_par' dir='ltr' id='par_1_48' title="bbox 2094 1238 3685 1312">
     <span class='ocr_line' id='line_1_48' title="bbox 2094 1238 3685 1312; baseline 0.003 -22"><span class='ocrx_word' id='word_1_354' title='bbox 2094 1250 2251 1305; x_wconf 86' lang='lat' dir='ltr'><strong>peres</strong></span> <span class='ocrx_word' id='word_1_355' title='bbox 2288 1247 2631 1307; x_wconf 86' lang='lat' dir='ltr'><strong>pascentem,</strong></span> <span class='ocrx_word' id='word_1_356' title='bbox 2670 1253 2867 1309; x_wconf 89' lang='lat' dir='ltr'><strong>egenos</strong></span> <span class='ocrx_word' id='word_1_357' title='bbox 2901 1238 3215 1307; x_wconf 87' lang='lat' dir='ltr'><strong>juvantem,</strong></span> <span class='ocrx_word' id='word_1_358' title='bbox 3259 1255 3381 1295; x_wconf 91' lang='lat' dir='ltr'><strong>cum</strong></span> <span class='ocrx_word' id='word_1_359' title='bbox 3425 1239 3685 1312; x_wconf 85' lang='lat' dir='ltr'><strong>frugalem</strong></span> 
     </span>
    </p>
   </div>
   <div class='ocr_carea' id='block_1_49' title="bbox 2094 1325 3685 1413">
    <p class='ocr_par' dir='ltr' id='par_1_49' title="bbox 2094 1325 3685 1413">
     <span class='ocr_line' id='line_1_49' title="bbox 2094 1325 3685 1413; baseline 0.003 -32"><span class='ocrx_word' id='word_1_360' title='bbox 2094 1325 2196 1381; x_wconf 89' lang='lat' dir='ltr'><strong>sibi</strong></span> <span class='ocrx_word' id='word_1_361' title='bbox 2239 1334 2394 1397; x_wconf 86' lang='lat' dir='ltr'><strong>paret</strong></span> <span class='ocrx_word' id='word_1_362' title='bbox 2448 1342 2723 1392; x_wconf 90' lang='lat' dir='ltr'><strong>mensam,</strong></span> <span class='ocrx_word' id='word_1_363' title='bbox 2771 1327 2912 1413; x_wconf 67' lang='lat' dir='ltr'><strong>hunc</strong></span> <span class='ocrx_word' id='word_1_364' title='bbox 2948 1329 3239 1385; x_wconf 88' lang='lat' dir='ltr'><strong>admodum</strong></span> <span class='ocrx_word' id='word_1_365' title='bbox 3284 1332 3685 1402; x_wconf 85' lang='lat' dir='ltr'><strong>magnanimum</strong></span> 
     </span>
    </p>
   </div>
   <div class='ocr_carea' id='block_1_50' title="bbox 2094 1417 3689 1494">
    <p class='ocr_par' dir='ltr' id='par_1_50' title="bbox 2094 1417 3689 1494">
     <span class='ocr_line' id='line_1_50' title="bbox 2094 1417 3689 1494; baseline 0.005 -21"><span class='ocrx_word' id='word_1_366' title='bbox 2094 1417 2337 1474; x_wconf 89' lang='lat' dir='ltr'><strong>dicamus</strong></span> <span class='ocrx_word' id='word_1_367' title='bbox 2379 1437 2392 1474; x_wconf 92' lang='lat'><strong>:</strong></span> <span class='ocrx_word' id='word_1_368' title='bbox 2436 1420 2614 1490; x_wconf 85' lang='lat' dir='ltr'><strong>magni</strong></span> <span class='ocrx_word' id='word_1_369' title='bbox 2662 1420 2863 1491; x_wconf 90' lang='lat' dir='ltr'><strong>quippe</strong></span> <span class='ocrx_word' id='word_1_370' title='bbox 2904 1430 2988 1476; x_wconf 89' lang='lat' dir='ltr'><strong>est</strong></span> <span class='ocrx_word' id='word_1_371' title='bbox 3017 1423 3178 1477; x_wconf 85' lang='lat' dir='ltr'><strong>animi</strong></span> <span class='ocrx_word' id='word_1_372' title='bbox 3210 1439 3360 1478; x_wconf 90' lang='lat' dir='ltr'><strong>suam</strong></span> <span class='ocrx_word' id='word_1_373' title='bbox 3406 1424 3689 1494; x_wconf 82' lang='lat' dir='ltr'><strong>despicere</strong></span> 
     </span>
    </p>
   </div>
   <div class='ocr_carea' id='block_1_51' title="bbox 2095 1514 3685 1589">
    <p class='ocr_par' dir='ltr' id='par_1_51' title="bbox 2095 1514 3685 1589">
     <span class='ocr_line' id='line_1_51' title="bbox 2095 1514 3685 1589; baseline 0.003 -22"><span class='ocrx_word' id='word_1_374' title='bbox 2095 1514 2329 1583; x_wconf 92' lang='lat' dir='ltr'><strong>quietem</strong></span> <span class='ocrx_word' id='word_1_375' title='bbox 2355 1556 2370 1581; x_wconf 92' lang='lat'><strong>,</strong></span> <span class='ocrx_word' id='word_1_376' title='bbox 2403 1523 2458 1570; x_wconf 94' lang='lat' dir='ltr'><strong>et</strong></span> <span class='ocrx_word' id='word_1_377' title='bbox 2483 1515 2715 1571; x_wconf 86' lang='lat' dir='ltr'><strong>alienam</strong></span> <span class='ocrx_word' id='word_1_378' title='bbox 2741 1530 2952 1570; x_wconf 83' lang='lat' dir='ltr'><strong>curare.</strong></span> <span class='ocrx_word' id='word_1_379' title='bbox 2984 1516 3080 1572; x_wconf 90' lang='lat' dir='ltr'><strong>Dic</strong></span> <span class='ocrx_word' id='word_1_380' title='bbox 3104 1517 3247 1571; x_wconf 90' lang='lat' dir='ltr'><strong>enim</strong></span> <span class='ocrx_word' id='word_1_381' title='bbox 3276 1518 3429 1584; x_wconf 90' lang='lat' dir='ltr'><strong>mihi,</strong></span> <span class='ocrx_word' id='word_1_382' title='bbox 3457 1520 3503 1573; x_wconf 88' lang='lat' dir='ltr'><strong>si</strong></span> <span class='ocrx_word' id='word_1_383' title='bbox 3528 1534 3685 1589; x_wconf 87' lang='lat' dir='ltr'><strong>quem</strong></span> 
     </span>
    </p>
   </div>
   <div class='ocr_carea' id='block_1_52' title="bbox 2096 1603 3687 1679">
    <p class='ocr_par' dir='ltr' id='par_1_52' title="bbox 2096 1603 3687 1679">
     <span class='ocr_line' id='line_1_52' title="bbox 2096 1603 3687 1679; baseline 0.005 -22"><span class='ocrx_word' id='word_1_384' title='bbox 2096 1603 2309 1661; x_wconf 86' lang='lat' dir='ltr'><strong>videres</strong></span> <span class='ocrx_word' id='word_1_385' title='bbox 2369 1613 2627 1676; x_wconf 84' lang='lat' dir='ltr'><strong>tyrannos</strong></span> <span class='ocrx_word' id='word_1_386' title='bbox 2662 1620 2853 1661; x_wconf 91' lang='lat' dir='ltr'><strong>omnes</strong></span> <span class='ocrx_word' id='word_1_387' title='bbox 2891 1606 3276 1677; x_wconf 86' lang='lat' dir='ltr'><strong>despicientem</strong></span> <span class='ocrx_word' id='word_1_388' title='bbox 3299 1649 3316 1674; x_wconf 93' lang='lat'><strong>,</strong></span> <span class='ocrx_word' id='word_1_389' title='bbox 3366 1608 3687 1679; x_wconf 88' lang='lat' dir='ltr'><strong>illorumque</strong></span> 
     </span>
    </p>
   </div>
   <div class='ocr_carea' id='block_1_53' title="bbox 2091 1695 3690 1772">
    <p class='ocr_par' dir='ltr' id='par_1_53' title="bbox 2091 1695 3690 1772">
     <span class='ocr_line' id='line_1_53' title="bbox 2091 1695 3690 1772; baseline 0.004 -23"><span class='ocrx_word' id='word_1_390' title='bbox 2091 1695 2239 1765; x_wconf 88' lang='lat' dir='ltr'><strong>jussa</strong></span> <span class='ocrx_word' id='word_1_391' title='bbox 2264 1695 2414 1750; x_wconf 89' lang='lat' dir='ltr'><strong>nihili</strong></span> <span class='ocrx_word' id='word_1_392' title='bbox 2444 1696 2729 1753; x_wconf 86' lang='lat' dir='ltr'><strong>facientem</strong></span> <span class='ocrx_word' id='word_1_393' title='bbox 2752 1739 2766 1764; x_wconf 90' lang='lat'><strong>,</strong></span> <span class='ocrx_word' id='word_1_394' title='bbox 2803 1713 2899 1754; x_wconf 87' lang='lat' dir='ltr'><strong>eos</strong></span> <span class='ocrx_word' id='word_1_395' title='bbox 2927 1709 3107 1754; x_wconf 88' lang='lat' dir='ltr'><strong>autem</strong></span> <span class='ocrx_word' id='word_1_396' title='bbox 3138 1699 3229 1770; x_wconf 92' lang='lat' dir='ltr'><strong>qui</strong></span> <span class='ocrx_word' id='word_1_397' title='bbox 3265 1699 3332 1756; x_wconf 87' lang='lat' dir='ltr'><strong>ab</strong></span> <span class='ocrx_word' id='word_1_398' title='bbox 3372 1700 3476 1756; x_wconf 89' lang='lat' dir='ltr'><strong>illis</strong></span> <span class='ocrx_word' id='word_1_399' title='bbox 3504 1703 3690 1772; x_wconf 85' lang='lat' dir='ltr'><strong>oppri-</strong></span> 
     </span>
    </p>
   </div>
   <div class='ocr_carea' id='block_1_54' title="bbox 2097 1791 3690 1864">
    <p class='ocr_par' dir='ltr' id='par_1_54' title="bbox 2097 1791 3690 1864">
     <span class='ocr_line' id='line_1_54' title="bbox 2097 1791 3690 1864; baseline 0.002 -19"><span class='ocrx_word' id='word_1_400' title='bbox 2097 1800 2315 1846; x_wconf 86' lang='lat' dir='ltr'><strong>muntur</strong></span> <span class='ocrx_word' id='word_1_401' title='bbox 2355 1791 2674 1862; x_wconf 87' lang='lat' dir='ltr'><strong>eripientem</strong></span> <span class='ocrx_word' id='word_1_402' title='bbox 2727 1808 2743 1849; x_wconf 90' lang='lat'><strong>:</strong></span> <span class='ocrx_word' id='word_1_403' title='bbox 2791 1807 2970 1848; x_wconf 89' lang='lat' dir='ltr'><strong>annon</strong></span> <span class='ocrx_word' id='word_1_404' title='bbox 3013 1793 3115 1848; x_wconf 90' lang='lat' dir='ltr'><strong>hoc</strong></span> <span class='ocrx_word' id='word_1_405' title='bbox 3146 1809 3397 1864; x_wconf 87' lang='lat' dir='ltr'><strong>magnum</strong></span> <span class='ocrx_word' id='word_1_406' title='bbox 3429 1796 3690 1864; x_wconf 87' lang='lat' dir='ltr'><strong>putares?</strong></span> 
     </span>
    </p>
   </div>
   <div class='ocr_carea' id='block_1_55' title="bbox 2097 1881 3691 1958">
    <p class='ocr_par' dir='ltr' id='par_1_55' title="bbox 2097 1881 3691 1958">
     <span class='ocr_line' id='line_1_55' title="bbox 2097 1881 3691 1958; baseline 0.001 -21"><span class='ocrx_word' id='word_1_407' title='bbox 2097 1881 2212 1937; x_wconf 82' lang='lat' dir='ltr'><strong>Hoc</strong></span> <span class='ocrx_word' id='word_1_408' title='bbox 2235 1891 2290 1937; x_wconf 90' lang='lat' dir='ltr'><strong>et</strong></span> <span class='ocrx_word' id='word_1_409' title='bbox 2316 1882 2402 1938; x_wconf 89' lang='lat' dir='ltr'><strong>hic</strong></span> <span class='ocrx_word' id='word_1_410' title='bbox 2428 1883 2745 1953; x_wconf 81' lang='lat' dir='ltr'><strong>cOgitemus.</strong></span> <span class='ocrx_word' id='word_1_411' title='bbox 2778 1884 2956 1938; x_wconf 78' lang='lat' dir='ltr'><strong>Animi</strong></span> <span class='ocrx_word' id='word_1_412' title='bbox 2984 1884 3206 1940; x_wconf 86' lang='lat' dir='ltr'><strong>all&#39;ectus</strong></span> <span class='ocrx_word' id='word_1_413' title='bbox 3230 1894 3286 1941; x_wconf 93' lang='lat' dir='ltr'><strong>et</strong></span> <span class='ocrx_word' id='word_1_414' title='bbox 3311 1886 3483 1941; x_wconf 90' lang='lat' dir='ltr'><strong>morbi</strong></span> <span class='ocrx_word' id='word_1_415' title='bbox 3509 1894 3691 1958; x_wconf 52' lang='lat' dir='ltr'><strong>tyran,</strong></span> 
     </span>
    </p>
   </div>
   <div class='ocr_carea' id='block_1_56' title="bbox 2100 1973 3690 2046">
    <p class='ocr_par' dir='ltr' id='par_1_56' title="bbox 2100 1973 3690 2046">
     <span class='ocr_line' id='line_1_56' title="bbox 2100 1973 3690 2046; baseline 0.003 -18"><span class='ocrx_word' id='word_1_416' title='bbox 2100 1973 2151 2028; x_wconf 90' lang='lat' dir='ltr'><strong>ni</strong></span> <span class='ocrx_word' id='word_1_417' title='bbox 2180 1981 2341 2038; x_wconf 90' lang='lat' dir='ltr'><strong>sunt;</strong></span> <span class='ocrx_word' id='word_1_418' title='bbox 2374 1973 2419 2028; x_wconf 90' lang='lat' dir='ltr'><strong>si</strong></span> <span class='ocrx_word' id='word_1_419' title='bbox 2443 1973 2563 2028; x_wconf 91' lang='lat' dir='ltr'><strong>illos</strong></span> <span class='ocrx_word' id='word_1_420' title='bbox 2589 1973 3019 2044; x_wconf 82' lang='lat' dir='ltr'><strong>despexerimus,</strong></span> <span class='ocrx_word' id='word_1_421' title='bbox 3051 1976 3227 2046; x_wconf 87' lang='lat' dir='ltr'><strong>magni</strong></span> <span class='ocrx_word' id='word_1_422' title='bbox 3260 1977 3492 2042; x_wconf 88' lang='lat' dir='ltr'><strong>erimus;</strong></span> <span class='ocrx_word' id='word_1_423' title='bbox 3523 1977 3570 2031; x_wconf 89' lang='lat' dir='ltr'><strong>si</strong></span> <span class='ocrx_word' id='word_1_424' title='bbox 3591 1992 3690 2032; x_wconf 64' lang='lat' dir='ltr'><strong>auo</strong></span> 
     </span>
    </p>
   </div>
   <div class='ocr_carea' id='block_1_57' title="bbox 2102 2063 3691 2138">
    <p class='ocr_par' dir='ltr' id='par_1_57' title="bbox 2102 2063 3691 2138">
     <span class='ocr_line' id='line_1_57' title="bbox 2102 2063 3691 2138; baseline 0.003 -20"><span class='ocrx_word' id='word_1_425' title='bbox 2102 2074 2209 2118; x_wconf 93' lang='lat' dir='ltr'><strong>tem</strong></span> <span class='ocrx_word' id='word_1_426' title='bbox 2239 2063 2376 2119; x_wconf 91' lang='lat' dir='ltr'><strong>alios</strong></span> <span class='ocrx_word' id='word_1_427' title='bbox 2403 2065 2726 2135; x_wconf 89' lang='lat' dir='ltr'><strong>eripiamus,</strong></span> <span class='ocrx_word' id='word_1_428' title='bbox 2764 2066 2923 2137; x_wconf 81' lang='lat' dir='ltr'><strong>longe</strong></span> <span class='ocrx_word' id='word_1_429' title='bbox 2962 2066 3197 2137; x_wconf 87' lang='lat' dir='ltr'><strong>majores</strong></span> <span class='ocrx_word' id='word_1_430' title='bbox 3227 2084 3241 2123; x_wconf 90' lang='lat'><strong>:</strong></span> <span class='ocrx_word' id='word_1_431' title='bbox 3270 2076 3325 2123; x_wconf 91' lang='lat' dir='ltr'><strong>et</strong></span> <span class='ocrx_word' id='word_1_432' title='bbox 3349 2068 3543 2123; x_wconf 90' lang='lat' dir='ltr'><strong>merito</strong></span> <span class='ocrx_word' id='word_1_433' title='bbox 3565 2069 3691 2138; x_wconf 79' lang='lat' dir='ltr'><strong>qui—</strong></span> 
     </span>
    </p>
   </div>
   <div class='ocr_carea' id='block_1_58' title="bbox 2101 2154 3691 2226">
    <p class='ocr_par' dir='ltr' id='par_1_58' title="bbox 2101 2154 3691 2226">
     <span class='ocr_line' id='line_1_58' title="bbox 2101 2154 3691 2226; baseline 0.001 -15"><span class='ocrx_word' id='word_1_434' title='bbox 2101 2155 2248 2211; x_wconf 88' lang='lat' dir='ltr'><strong>dem.</strong></span> <span class='ocrx_word' id='word_1_435' title='bbox 2296 2154 2431 2210; x_wconf 88' lang='lat' dir='ltr'><strong>Nam</strong></span> <span class='ocrx_word' id='word_1_436' title='bbox 2471 2157 2562 2226; x_wconf 90' lang='lat' dir='ltr'><strong>qui</strong></span> <span class='ocrx_word' id='word_1_437' title='bbox 2608 2172 2714 2211; x_wconf 92' lang='lat' dir='ltr'><strong>non</strong></span> <span class='ocrx_word' id='word_1_438' title='bbox 2741 2157 2904 2213; x_wconf 92' lang='lat' dir='ltr'><strong>modo</strong></span> <span class='ocrx_word' id='word_1_439' title='bbox 2933 2157 3035 2213; x_wconf 90' lang='lat' dir='ltr'><strong>sibi</strong></span> <span class='ocrx_word' id='word_1_440' title='bbox 3065 2158 3377 2225; x_wconf 83' lang='lat' dir='ltr'><strong>sufficiunt,</strong></span> <span class='ocrx_word' id='word_1_441' title='bbox 3405 2159 3500 2215; x_wconf 91' lang='lat' dir='ltr'><strong>sed</strong></span> <span class='ocrx_word' id='word_1_442' title='bbox 3528 2159 3691 2213; x_wconf 88' lang='lat' dir='ltr'><strong>etiam</strong></span> 
     </span>
    </p>
   </div>
   <div class='ocr_carea' id='block_1_59' title="bbox 2102 2247 3694 2321">
    <p class='ocr_par' dir='ltr' id='par_1_59' title="bbox 2102 2247 3694 2321">
     <span class='ocr_line' id='line_1_59' title="bbox 2102 2247 3694 2321; baseline 0.004 -20"><span class='ocrx_word' id='word_1_443' title='bbox 2102 2247 2242 2314; x_wconf 89' lang='lat' dir='ltr'><strong>aliis,</strong></span> <span class='ocrx_word' id='word_1_444' title='bbox 2274 2247 2510 2317; x_wconf 91' lang='lat' dir='ltr'><strong>majores</strong></span> <span class='ocrx_word' id='word_1_445' title='bbox 2535 2256 2664 2304; x_wconf 89' lang='lat' dir='ltr'><strong>sunt</strong></span> <span class='ocrx_word' id='word_1_446' title='bbox 2684 2249 2810 2315; x_wconf 87' lang='lat' dir='ltr'><strong>illis,</strong></span> <span class='ocrx_word' id='word_1_447' title='bbox 2840 2250 2932 2321; x_wconf 92' lang='lat' dir='ltr'><strong>qui</strong></span> <span class='ocrx_word' id='word_1_448' title='bbox 2963 2259 3213 2307; x_wconf 88' lang='lat' dir='ltr'><strong>neutrum</strong></span> <span class='ocrx_word' id='word_1_449' title='bbox 3242 2250 3461 2307; x_wconf 92' lang='lat' dir='ltr'><strong>faciunt.</strong></span> <span class='ocrx_word' id='word_1_450' title='bbox 3486 2252 3543 2308; x_wconf 90' lang='lat' dir='ltr'><strong>Si</strong></span> <span class='ocrx_word' id='word_1_451' title='bbox 3564 2268 3694 2308; x_wconf 88' lang='lat' dir='ltr'><strong>vero</strong></span> 
     </span>
    </p>
   </div>
   <div class='ocr_carea' id='block_1_60' title="bbox 2102 2341 3686 2412">
    <p class='ocr_par' dir='ltr' id='par_1_60' title="bbox 2102 2341 3686 2412">
     <span class='ocr_line' id='line_1_60' title="bbox 2102 2341 3686 2412; baseline 0.003 -19"><span class='ocrx_word' id='word_1_452' title='bbox 2102 2341 2223 2409; x_wconf 87' lang='lat' dir='ltr'><strong>quis</strong></span> <span class='ocrx_word' id='word_1_453' title='bbox 2268 2356 2298 2393; x_wconf 91' lang='lat' dir='ltr'><strong>a</strong></span> <span class='ocrx_word' id='word_1_454' title='bbox 2340 2348 2568 2411; x_wconf 83' lang='lat' dir='ltr'><strong>tyranno</strong></span> <span class='ocrx_word' id='word_1_455' title='bbox 2601 2341 2785 2412; x_wconf 85' lang='lat' dir='ltr'><strong>jussus</strong></span> <span class='ocrx_word' id='word_1_456' title='bbox 2819 2357 2887 2397; x_wconf 78' lang='lat' dir='ltr'><strong>ex</strong></span> <span class='ocrx_word' id='word_1_457' title='bbox 2928 2342 3157 2398; x_wconf 89' lang='lat' dir='ltr'><strong>subditis</strong></span> <span class='ocrx_word' id='word_1_458' title='bbox 3201 2343 3365 2398; x_wconf 89' lang='lat' dir='ltr'><strong>alium</strong></span> <span class='ocrx_word' id='word_1_459' title='bbox 3395 2343 3686 2411; x_wconf 82' lang='lat' dir='ltr'><strong>verberet,</strong></span> 
     </span>
    </p>
   </div>
   <div class='ocr_carea' id='block_1_61' title="bbox 2102 2433 3691 2505">
    <p class='ocr_par' dir='ltr' id='par_1_61' title="bbox 2102 2433 3691 2505">
     <span class='ocr_line' id='line_1_61' title="bbox 2102 2433 3691 2505; baseline 0.003 -18"><span class='ocrx_word' id='word_1_460' title='bbox 2102 2433 2265 2488; x_wconf 88' lang='lat' dir='ltr'><strong>alium</strong></span> <span class='ocrx_word' id='word_1_461' title='bbox 2296 2434 2504 2500; x_wconf 85' lang='lat' dir='ltr'><strong>trahat,</strong></span> <span class='ocrx_word' id='word_1_462' title='bbox 2534 2434 2699 2489; x_wconf 91' lang='lat' dir='ltr'><strong>alium</strong></span> <span class='ocrx_word' id='word_1_463' title='bbox 2727 2438 3054 2494; x_wconf 87' lang='lat' dir='ltr'><strong>contumelia</strong></span> <span class='ocrx_word' id='word_1_464' title='bbox 3082 2436 3317 2505; x_wconf 84' lang='lat' dir='ltr'><strong>affleiat,</strong></span> <span class='ocrx_word' id='word_1_465' title='bbox 3345 2453 3413 2493; x_wconf 91' lang='lat' dir='ltr'><strong>an</strong></span> <span class='ocrx_word' id='word_1_466' title='bbox 3445 2439 3547 2493; x_wconf 89' lang='lat' dir='ltr'><strong>hoc</strong></span> <span class='ocrx_word' id='word_1_467' title='bbox 3575 2454 3691 2493; x_wconf 87' lang='lat' dir='ltr'><strong>ma-</strong></span> 
     </span>
    </p>
   </div>
   <div class='ocr_carea' id='block_1_62' title="bbox 2102 2525 3697 2599">
    <p class='ocr_par' dir='ltr' id='par_1_62' title="bbox 2102 2525 3697 2599">
     <span class='ocr_line' id='line_1_62' title="bbox 2102 2525 3697 2599; baseline 0.004 -22"><span class='ocrx_word' id='word_1_468' title='bbox 2102 2525 2342 2594; x_wconf 87' lang='lat' dir='ltr'><strong>gnanimi</strong></span> <span class='ocrx_word' id='word_1_469' title='bbox 2382 2540 2507 2592; x_wconf 83' lang='lat' dir='ltr'><strong>esse</strong></span> <span class='ocrx_word' id='word_1_470' title='bbox 2530 2526 2812 2581; x_wconf 88' lang='lat' dir='ltr'><strong>dicamus?</strong></span> <span class='ocrx_word' id='word_1_471' title='bbox 2836 2527 3294 2599; x_wconf 88' lang='lat' dir='ltr'><strong>Haudquaquam,</strong></span> <span class='ocrx_word' id='word_1_472' title='bbox 3326 2540 3382 2586; x_wconf 93' lang='lat' dir='ltr'><strong>et</strong></span> <span class='ocrx_word' id='word_1_473' title='bbox 3408 2539 3559 2585; x_wconf 84' lang='lat' dir='ltr'><strong>tanto</strong></span> <span class='ocrx_word' id='word_1_474' title='bbox 3594 2529 3697 2583; x_wconf 78' lang='lat' dir='ltr'><strong>mi-</strong></span> 
     </span>
    </p>
   </div>
   <div class='ocr_carea' id='block_1_63' title="bbox 2105 2617 3693 2690">
    <p class='ocr_par' dir='ltr' id='par_1_63' title="bbox 2105 2617 3693 2690">
     <span class='ocr_line' id='line_1_63' title="bbox 2105 2617 3693 2690; baseline 0.003 -20"><span class='ocrx_word' id='word_1_475' title='bbox 2105 2630 2239 2682; x_wconf 89' lang='lat' dir='ltr'><strong>nus,</strong></span> <span class='ocrx_word' id='word_1_476' title='bbox 2280 2623 2486 2685; x_wconf 90' lang='lat' dir='ltr'><strong>quanto</strong></span> <span class='ocrx_word' id='word_1_477' title='bbox 2524 2617 2698 2686; x_wconf 89' lang='lat' dir='ltr'><strong>major</strong></span> <span class='ocrx_word' id='word_1_478' title='bbox 2741 2617 2833 2673; x_wconf 91' lang='lat' dir='ltr'><strong>ille</strong></span> <span class='ocrx_word' id='word_1_479' title='bbox 2883 2619 3067 2677; x_wconf 90' lang='lat' dir='ltr'><strong>fuerit.</strong></span> <span class='ocrx_word' id='word_1_480' title='bbox 3109 2620 3185 2675; x_wconf 72' lang='grc' dir='ltr'>ιω</span> <span class='ocrx_word' id='word_1_481' title='bbox 3228 2633 3318 2674; x_wconf 88' lang='lat' dir='ltr'><strong>res</strong></span> <span class='ocrx_word' id='word_1_482' title='bbox 3355 2620 3407 2674; x_wconf 92' lang='lat' dir='ltr'><strong>in</strong></span> <span class='ocrx_word' id='word_1_483' title='bbox 3440 2620 3693 2690; x_wconf 68' lang='lat' dir='ltr'><strong>przesenti</strong></span> 
     </span>
    </p>
   </div>
   <div class='ocr_carea' id='block_1_64' title="bbox 2102 2707 3693 2779">
    <p class='ocr_par' dir='ltr' id='par_1_64' title="bbox 2102 2707 3693 2779">
     <span class='ocr_line' id='line_1_64' title="bbox 2102 2707 3693 2779; baseline 0.001 -16"><span class='ocrx_word' id='word_1_484' title='bbox 2102 2714 2189 2763; x_wconf 87' lang='lat' dir='ltr'><strong>est</strong></span> <span class='ocrx_word' id='word_1_485' title='bbox 2229 2729 2242 2763; x_wconf 87' lang='lat'><strong>:</strong></span> <span class='ocrx_word' id='word_1_486' title='bbox 2291 2722 2434 2761; x_wconf 90' lang='lat' dir='ltr'><strong>nunc</strong></span> <span class='ocrx_word' id='word_1_487' title='bbox 2468 2707 2612 2763; x_wconf 90' lang='lat' dir='ltr'><strong>enim</strong></span> <span class='ocrx_word' id='word_1_488' title='bbox 2643 2708 2958 2779; x_wconf 89' lang='lat' dir='ltr'><strong>proponitur</strong></span> <span class='ocrx_word' id='word_1_489' title='bbox 2976 2711 3157 2765; x_wconf 88' lang='lat' dir='ltr'><strong>anima</strong></span> <span class='ocrx_word' id='word_1_490' title='bbox 3184 2710 3381 2765; x_wconf 89' lang='lat' dir='ltr'><strong>nobilis</strong></span> <span class='ocrx_word' id='word_1_491' title='bbox 3409 2721 3464 2766; x_wconf 89' lang='lat' dir='ltr'><strong>et</strong></span> <span class='ocrx_word' id='word_1_492' title='bbox 3490 2711 3693 2778; x_wconf 89' lang='lat' dir='ltr'><strong>libera;</strong></span> 
     </span>
    </p>
   </div>
   <div class='ocr_carea' id='block_1_65' title="bbox 2104 2798 3694 2874">
    <p class='ocr_par' dir='ltr' id='par_1_65' title="bbox 2104 2798 3694 2874">
     <span class='ocr_line' id='line_1_65' title="bbox 2104 2798 3694 2874; baseline 0.004 -22"><span class='ocrx_word' id='word_1_493' title='bbox 2104 2798 2245 2854; x_wconf 87' lang='lat' dir='ltr'><strong>hanc</strong></span> <span class='ocrx_word' id='word_1_494' title='bbox 2293 2799 2552 2871; x_wconf 84' lang='lat' dir='ltr'><strong>prodigus</strong></span> <span class='ocrx_word' id='word_1_495' title='bbox 2588 2800 2748 2871; x_wconf 90' lang='lat' dir='ltr'><strong>jussit</strong></span> <span class='ocrx_word' id='word_1_496' title='bbox 2798 2802 3004 2872; x_wconf 88' lang='lat' dir='ltr'><strong>percuti</strong></span> <span class='ocrx_word' id='word_1_497' title='bbox 3051 2819 3081 2859; x_wconf 90' lang='lat' dir='ltr'><strong>a</strong></span> <span class='ocrx_word' id='word_1_498' title='bbox 3124 2804 3303 2874; x_wconf 82' lang='lat' dir='ltr'><strong>pravis</strong></span> <span class='ocrx_word' id='word_1_499' title='bbox 3349 2803 3632 2861; x_wconf 89' lang='lat' dir='ltr'><strong>affectibus</strong></span> <span class='ocrx_word' id='word_1_500' title='bbox 3678 2823 3694 2859; x_wconf 73' lang='grc' dir='ltr'><strong>ε</strong></span> 
     </span>
    </p>
   </div>
   <div class='ocr_carea' id='block_1_66' title="bbox 2102 2891 3699 2966">
    <p class='ocr_par' dir='ltr' id='par_1_66' title="bbox 2102 2891 3699 2966">
     <span class='ocr_line' id='line_1_66' title="bbox 2102 2891 3699 2966; baseline 0.004 -21"><span class='ocrx_word' id='word_1_501' title='bbox 2102 2905 2298 2946; x_wconf 78' lang='lat' dir='ltr'><strong>eumne</strong></span> <span class='ocrx_word' id='word_1_502' title='bbox 2318 2891 2410 2962; x_wconf 91' lang='lat' dir='ltr'><strong>qui</strong></span> <span class='ocrx_word' id='word_1_503' title='bbox 2434 2892 2671 2963; x_wconf 89' lang='lat' dir='ltr'><strong>seipsum</strong></span> <span class='ocrx_word' id='word_1_504' title='bbox 2703 2894 2934 2963; x_wconf 89' lang='lat' dir='ltr'><strong>percutit</strong></span> <span class='ocrx_word' id='word_1_505' title='bbox 2957 2936 2972 2962; x_wconf 93' lang='lat'><strong>,</strong></span> <span class='ocrx_word' id='word_1_506' title='bbox 3001 2898 3397 2966; x_wconf 90' lang='lat' dir='ltr'><strong>magnanimum</strong></span> <span class='ocrx_word' id='word_1_507' title='bbox 3419 2895 3699 2952; x_wconf 75' lang='lat' dir='ltr'><strong>dicentes?</strong></span> 
     </span>
    </p>
   </div>
   <div class='ocr_carea' id='block_1_67' title="bbox 2103 2979 3693 3058">
    <p class='ocr_par' dir='ltr' id='par_1_67' title="bbox 2103 2979 3693 3058">
     <span class='ocr_line' id='line_1_67' title="bbox 2103 2979 3693 3058; baseline 0.004 -22"><span class='ocrx_word' id='word_1_508' title='bbox 2103 2979 2473 3052; x_wconf 81' lang='lat' dir='ltr'><strong>Nequaquam.</strong></span> <span class='ocrx_word' id='word_1_509' title='bbox 2508 2983 2648 3054; x_wconf 85' lang='lat' dir='ltr'><strong>Ergo</strong></span> <span class='ocrx_word' id='word_1_510' title='bbox 2670 2983 2941 3040; x_wconf 85' lang='lat' dir='ltr'><strong>discamus</strong></span> <span class='ocrx_word' id='word_1_511' title='bbox 2965 3028 2979 3053; x_wconf 94' lang='lat'><strong>,</strong></span> <span class='ocrx_word' id='word_1_512' title='bbox 3009 2986 3137 3056; x_wconf 91' lang='lat' dir='ltr'><strong>quid</strong></span> <span class='ocrx_word' id='word_1_513' title='bbox 3168 2986 3238 3041; x_wconf 90' lang='lat' dir='ltr'><strong>sit</strong></span> <span class='ocrx_word' id='word_1_514' title='bbox 3262 2987 3693 3058; x_wconf 85' lang='lat' dir='ltr'><strong>magnanimitas,</strong></span> 
     </span>
    </p>
   </div>
   <div class='ocr_carea' id='block_1_68' title="bbox 2105 3073 3695 3151">
    <p class='ocr_par' dir='ltr' id='par_1_68' title="bbox 2105 3073 3695 3151">
     <span class='ocr_line' id='line_1_68' title="bbox 2105 3073 3695 3151; baseline 0.006 -25"><span class='ocrx_word' id='word_1_515' title='bbox 2105 3073 2233 3143; x_wconf 89' lang='lat' dir='ltr'><strong>quid</strong></span> <span class='ocrx_word' id='word_1_516' title='bbox 2274 3074 2659 3145; x_wconf 85' lang='lat' dir='ltr'><strong>prodigalitas;</strong></span> <span class='ocrx_word' id='word_1_517' title='bbox 2706 3076 2833 3148; x_wconf 89' lang='lat' dir='ltr'><strong>quid</strong></span> <span class='ocrx_word' id='word_1_518' title='bbox 2878 3078 3268 3144; x_wconf 88' lang='lat' dir='ltr'><strong>mansuetudo,</strong></span> <span class='ocrx_word' id='word_1_519' title='bbox 3299 3079 3426 3149; x_wconf 87' lang='lat' dir='ltr'><strong>quid</strong></span> <span class='ocrx_word' id='word_1_520' title='bbox 3454 3080 3695 3151; x_wconf 85' lang='lat' dir='ltr'><strong>ignavia;</strong></span> 
     </span>
    </p>
   </div>
   <div class='ocr_carea' id='block_1_69' title="bbox 2105 3164 3701 3239">
    <p class='ocr_par' dir='ltr' id='par_1_69' title="bbox 2105 3164 3701 3239">
     <span class='ocr_line' id='line_1_69' title="bbox 2105 3164 3701 3239; baseline 0.006 -19"><span class='ocrx_word' id='word_1_521' title='bbox 2105 3165 2235 3237; x_wconf 93' lang='lat' dir='ltr'><strong>quid</strong></span> <span class='ocrx_word' id='word_1_522' title='bbox 2257 3164 2471 3223; x_wconf 87' lang='lat' dir='ltr'><strong>dicendi</strong></span> <span class='ocrx_word' id='word_1_523' title='bbox 2497 3167 2754 3237; x_wconf 89' lang='lat' dir='ltr'><strong>libertas,</strong></span> <span class='ocrx_word' id='word_1_524' title='bbox 2783 3169 2911 3239; x_wconf 88' lang='lat' dir='ltr'><strong>quid</strong></span> <span class='ocrx_word' id='word_1_525' title='bbox 2941 3170 3164 3225; x_wconf 87' lang='lat' dir='ltr'><strong>audacia</strong></span> <span class='ocrx_word' id='word_1_526' title='bbox 3201 3192 3215 3225; x_wconf 85' lang='lat'><strong>;</strong></span> <span class='ocrx_word' id='word_1_527' title='bbox 3248 3179 3306 3224; x_wconf 91' lang='lat' dir='ltr'><strong>ut</strong></span> <span class='ocrx_word' id='word_1_528' title='bbox 3327 3170 3442 3226; x_wconf 68' lang='lat' dir='ltr'><strong>haac</strong></span> <span class='ocrx_word' id='word_1_529' title='bbox 3472 3172 3615 3227; x_wconf 86' lang='lat' dir='ltr'><strong>inter</strong></span> <span class='ocrx_word' id='word_1_530' title='bbox 3639 3189 3701 3230; x_wconf 88' lang='lat' dir='ltr'><strong>se</strong></span> 
     </span>
    </p>
   </div>
   <div class='ocr_carea' id='block_1_70' title="bbox 2106 3259 3698 3335">
    <p class='ocr_par' dir='ltr' id='par_1_70' title="bbox 2106 3259 3698 3335">
     <span class='ocr_line' id='line_1_70' title="bbox 2106 3259 3698 3335; baseline 0.004 -21"><span class='ocrx_word' id='word_1_531' title='bbox 2106 3259 2516 3330; x_wconf 81' lang='lat' dir='ltr'><strong>distinguentes.</strong></span> <span class='ocrx_word' id='word_1_532' title='bbox 2536 3275 2805 3333; x_wconf 76' lang='lat' dir='ltr'><strong>possmus</strong></span> <span class='ocrx_word' id='word_1_533' title='bbox 2826 3263 3055 3320; x_wconf 90' lang='lat' dir='ltr'><strong>Dommo</strong></span> <span class='ocrx_word' id='word_1_534' title='bbox 3081 3264 3352 3334; x_wconf 86' lang='lat' dir='ltr'><strong>placentes</strong></span> <span class='ocrx_word' id='word_1_535' title='bbox 3380 3274 3698 3335; x_wconf 82' lang='lat' dir='ltr'><strong>praesentem</strong></span> 
     </span>
    </p>
   </div>
   <div class='ocr_carea' id='block_1_71' title="bbox 2107 3354 3701 3427">
    <p class='ocr_par' dir='ltr' id='par_1_71' title="bbox 2107 3354 3701 3427">
     <span class='ocr_line' id='line_1_71' title="bbox 2107 3354 3701 3427; baseline 0.003 -19"><span class='ocrx_word' id='word_1_536' title='bbox 2107 3354 2270 3409; x_wconf 89' lang='lat' dir='ltr'><strong>vitam</strong></span> <span class='ocrx_word' id='word_1_537' title='bbox 2303 3354 2600 3425; x_wconf 87' lang='lat' dir='ltr'><strong>transigere</strong></span> <span class='ocrx_word' id='word_1_538' title='bbox 2619 3397 2635 3422; x_wconf 92' lang='lat'><strong>,</strong></span> <span class='ocrx_word' id='word_1_539' title='bbox 2665 3365 2721 3411; x_wconf 88' lang='lat' dir='ltr'><strong>et</strong></span> <span class='ocrx_word' id='word_1_540' title='bbox 2745 3355 2925 3411; x_wconf 89' lang='lat' dir='ltr'><strong>futura</strong></span> <span class='ocrx_word' id='word_1_541' title='bbox 2951 3357 3207 3427; x_wconf 89' lang='lat' dir='ltr'><strong>consequi</strong></span> <span class='ocrx_word' id='word_1_542' title='bbox 3235 3355 3376 3412; x_wconf 87' lang='lat' dir='ltr'><strong>bona</strong></span> <span class='ocrx_word' id='word_1_543' title='bbox 3399 3396 3415 3422; x_wconf 87' lang='lat'><strong>,</strong></span> <span class='ocrx_word' id='word_1_544' title='bbox 3447 3358 3618 3427; x_wconf 89' lang='lat' dir='ltr'><strong>gratia</strong></span> <span class='ocrx_word' id='word_1_545' title='bbox 3645 3367 3701 3412; x_wconf 90' lang='lat' dir='ltr'><strong>et</strong></span> 
     </span>
    </p>
   </div>
   <div class='ocr_carea' id='block_1_72' title="bbox 2106 3445 3703 3519">
    <p class='ocr_par' dir='ltr' id='par_1_72' title="bbox 2106 3445 3703 3519">
     <span class='ocr_line' id='line_1_72' title="bbox 2106 3445 3703 3519; baseline 0.001 -17"><span class='ocrx_word' id='word_1_546' title='bbox 2106 3445 2437 3516; x_wconf 80' lang='lat' dir='ltr'><strong>benignitate</strong></span> <span class='ocrx_word' id='word_1_547' title='bbox 2475 3446 2746 3517; x_wconf 86' lang='lat' dir='ltr'><strong>Unigeniti</strong></span> <span class='ocrx_word' id='word_1_548' title='bbox 2781 3448 2901 3518; x_wconf 90' lang='lat' dir='ltr'><strong>ejus</strong></span> <span class='ocrx_word' id='word_1_549' title='bbox 2923 3489 2941 3515; x_wconf 88' lang='lat'><strong>,</strong></span> <span class='ocrx_word' id='word_1_550' title='bbox 2972 3448 3189 3516; x_wconf 86' lang='lat' dir='ltr'><strong>quicum</strong></span> <span class='ocrx_word' id='word_1_551' title='bbox 3220 3448 3364 3503; x_wconf 87' lang='lat' dir='ltr'><strong>Patri</strong></span> <span class='ocrx_word' id='word_1_552' title='bbox 3402 3456 3459 3504; x_wconf 90' lang='lat' dir='ltr'><strong>et</strong></span> <span class='ocrx_word' id='word_1_553' title='bbox 3479 3448 3703 3519; x_wconf 90' lang='lat' dir='ltr'><strong>Spiritui</strong></span> 
     </span>
    </p>
   </div>
   <div class='ocr_carea' id='block_1_73' title="bbox 2107 3537 3696 3609">
    <p class='ocr_par' dir='ltr' id='par_1_73' title="bbox 2107 3537 3696 3609">
     <span class='ocr_line' id='line_1_73' title="bbox 2107 3537 3696 3609; baseline 0.001 -16"><span class='ocrx_word' id='word_1_554' title='bbox 2107 3545 2298 3593; x_wconf 91' lang='lat' dir='ltr'><strong>sancto</strong></span> <span class='ocrx_word' id='word_1_555' title='bbox 2344 3537 2514 3607; x_wconf 88' lang='lat' dir='ltr'><strong>gloria</strong></span> <span class='ocrx_word' id='word_1_556' title='bbox 2536 3577 2552 3602; x_wconf 94' lang='lat'><strong>,</strong></span> <span class='ocrx_word' id='word_1_557' title='bbox 2589 3537 2872 3608; x_wconf 87' lang='lat' dir='ltr'><strong>imperium</strong></span> <span class='ocrx_word' id='word_1_558' title='bbox 2892 3579 2908 3604; x_wconf 94' lang='lat'><strong>,</strong></span> <span class='ocrx_word' id='word_1_559' title='bbox 2940 3537 3117 3593; x_wconf 87' lang='lat' dir='ltr'><strong>honor</strong></span> <span class='ocrx_word' id='word_1_560' title='bbox 3138 3579 3152 3601; x_wconf 87' lang='lat'><strong>.</strong></span> <span class='ocrx_word' id='word_1_561' title='bbox 3185 3554 3327 3594; x_wconf 85' lang='lat' dir='ltr'><strong>nunc</strong></span> <span class='ocrx_word' id='word_1_562' title='bbox 3367 3548 3421 3594; x_wconf 91' lang='lat' dir='ltr'><strong>et</strong></span> <span class='ocrx_word' id='word_1_563' title='bbox 3450 3555 3696 3609; x_wconf 88' lang='lat' dir='ltr'><strong>semper,</strong></span> 
     </span>
    </p>
   </div>
   <div class='ocr_carea' id='block_1_74' title="bbox 2107 3628 3297 3685">
    <p class='ocr_par' dir='ltr' id='par_1_74' title="bbox 2107 3628 3297 3685">
     <span class='ocr_line' id='line_1_74' title="bbox 2107 3628 3297 3685; baseline 0.002 -2"><span class='ocrx_word' id='word_1_564' title='bbox 2107 3638 2160 3683; x_wconf 89' lang='lat' dir='ltr'><strong>et</strong></span> <span class='ocrx_word' id='word_1_565' title='bbox 2186 3629 2239 3684; x_wconf 91' lang='lat' dir='ltr'><strong>in</strong></span> <span class='ocrx_word' id='word_1_566' title='bbox 2266 3629 2458 3685; x_wconf 70' lang='lat' dir='ltr'><strong>saecula</strong></span> <span class='ocrx_word' id='word_1_567' title='bbox 2492 3629 2835 3685; x_wconf 60' lang='lat' dir='ltr'><strong>saeculorum.</strong></span> <span class='ocrx_word' id='word_1_568' title='bbox 2867 3632 3062 3685; x_wconf 83' lang='lat' dir='ltr'><strong>Amen.</strong></span> <span class='ocrx_word' id='word_1_569' title='bbox 3284 3628 3297 3635; x_wconf 76' lang='grc'><em>’</em></span> 
     </span>
    </p>
   </div>
   <div class='ocr_carea' id='block_1_75' title="bbox 1743 3944 2371 4010">
    <p class='ocr_par' dir='ltr' id='par_1_75' title="bbox 1743 3944 2371 4010">
     <span class='ocr_line' id='line_1_75' title="bbox 1743 3944 2371 4010; baseline 0 -2"><span class='ocrx_word' id='word_1_570' title='bbox 1743 3944 2090 4008; x_wconf 87' lang='lat' dir='ltr'><strong>HOMILIA</strong></span> <span class='ocrx_word' id='word_1_571' title='bbox 2134 3946 2371 4010; x_wconf 80' lang='lat' dir='ltr'><strong>XLIX.</strong></span> 
     </span>
    </p>
   </div>
   <div class='ocr_carea' id='block_1_76' title="bbox 416 4073 2007 4146">
    <p class='ocr_par' dir='ltr' id='par_1_76' title="bbox 416 4073 2007 4146">
     <span class='ocr_line' id='line_1_76' title="bbox 416 4073 2007 4146; baseline -0.001 -14"><span class='ocrx_word' id='word_1_572' title='bbox 416 4075 545 4132; x_wconf 73' lang='lat' dir='ltr'><strong>CAP.</strong></span> <span class='ocrx_word' id='word_1_573' title='bbox 587 4073 678 4130; x_wconf 75' lang='lat'><strong>25.</strong></span> <span class='ocrx_word' id='word_1_574' title='bbox 725 4089 780 4129; x_wconf 77' lang='grc' dir='ltr'><strong>ν.</strong></span> <span class='ocrx_word' id='word_1_575' title='bbox 838 4073 892 4130; x_wconf 84' lang='lat'><strong>6.</strong></span> <span class='ocrx_word' id='word_1_576' title='bbox 944 4074 1124 4130; x_wconf 82' lang='lat' dir='ltr'><strong>Sciens</strong></span> <span class='ocrx_word' id='word_1_577' title='bbox 1183 4082 1351 4128; x_wconf 88' lang='lat' dir='ltr'><strong>autem</strong></span> <span class='ocrx_word' id='word_1_578' title='bbox 1400 4073 1601 4129; x_wconf 80' lang='lat' dir='ltr'><strong>Paulus</strong></span> <span class='ocrx_word' id='word_1_579' title='bbox 1630 4116 1646 4142; x_wconf 92' lang='lat'><strong>,</strong></span> <span class='ocrx_word' id='word_1_580' title='bbox 1694 4076 1829 4146; x_wconf 76' lang='lat' dir='ltr'><strong>quod</strong></span> <span class='ocrx_word' id='word_1_581' title='bbox 1903 4092 2007 4131; x_wconf 89' lang='lat' dir='ltr'><strong>una</strong></span> 
     </span>
    </p>
   </div>
   <div class='ocr_carea' id='block_1_77' title="bbox 494 4163 2004 4238">
    <p class='ocr_par' dir='ltr' id='par_1_77' title="bbox 494 4163 2004 4238">
     <span class='ocr_line' id='line_1_77' title="bbox 494 4163 2004 4238; baseline 0.001 -19"><span class='ocrx_word' id='word_1_582' title='bbox 494 4183 616 4238; x_wconf 80' lang='lat' dir='ltr'><strong>pars</strong></span> <span class='ocrx_word' id='word_1_583' title='bbox 662 4177 790 4221; x_wconf 83' lang='lat' dir='ltr'><strong>esset</strong></span> <span class='ocrx_word' id='word_1_584' title='bbox 823 4163 1265 4233; x_wconf 74' lang='lat' dir='ltr'><strong>Sadduaeorum,</strong></span> <span class='ocrx_word' id='word_1_585' title='bbox 1314 4176 1359 4221; x_wconf 90' lang='lat' dir='ltr'><strong>et</strong></span> <span class='ocrx_word' id='word_1_586' title='bbox 1395 4166 1557 4220; x_wconf 85' lang='lat' dir='ltr'><strong>altera</strong></span> <span class='ocrx_word' id='word_1_587' title='bbox 1601 4164 2004 4232; x_wconf 77' lang='lat' dir='ltr'><strong>Pharisteorum,</strong></span> 
     </span>
    </p>
   </div>
   <div class='ocr_carea' id='block_1_78' title="bbox 490 4255 2007 4330">
    <p class='ocr_par' dir='ltr' id='par_1_78' title="bbox 490 4255 2007 4330">
     <span class='ocr_line' id='line_1_78' title="bbox 490 4255 2007 4330; baseline -0.001 -16"><span class='ocrx_word' id='word_1_588' title='bbox 490 4260 788 4315; x_wconf 69' lang='lat' dir='ltr'><strong>exclamauit</strong></span> <span class='ocrx_word' id='word_1_589' title='bbox 827 4260 879 4314; x_wconf 85' lang='lat' dir='ltr'><strong>in</strong></span> <span class='ocrx_word' id='word_1_590' title='bbox 907 4259 1121 4314; x_wconf 83' lang='lat' dir='ltr'><strong>concilio</strong></span> <span class='ocrx_word' id='word_1_591' title='bbox 1144 4276 1162 4312; x_wconf 92' lang='lat'><strong><em>:</em></strong></span> <span class='ocrx_word' id='word_1_592' title='bbox 1198 4255 1308 4313; x_wconf 86' lang='lat' dir='ltr'><strong>Viri</strong></span> <span class='ocrx_word' id='word_1_593' title='bbox 1348 4259 1555 4328; x_wconf 76' lang='lat' dir='ltr'><strong>fratres,</strong></span> <span class='ocrx_word' id='word_1_594' title='bbox 1584 4274 1675 4330; x_wconf 87' lang='lat' dir='ltr'><strong>ego</strong></span> <span class='ocrx_word' id='word_1_595' title='bbox 1715 4258 2007 4314; x_wconf 75' lang='lat' dir='ltr'><strong>Phariwus</strong></span> 
     </span>
    </p>
   </div>
   <div class='ocr_carea' id='block_1_79' title="bbox 488 4349 2008 4421">
    <p class='ocr_par' dir='ltr' id='par_1_79' title="bbox 488 4349 2008 4421">
     <span class='ocr_line' id='line_1_79' title="bbox 488 4349 2008 4421; baseline -0.002 -15"><span class='ocrx_word' id='word_1_596' title='bbox 488 4367 622 4417; x_wconf 84' lang='lat' dir='ltr'><strong>sum,</strong></span> <span class='ocrx_word' id='word_1_597' title='bbox 647 4349 903 4405; x_wconf 79' lang='lat' dir='ltr'><strong>Pharistei</strong></span> <span class='ocrx_word' id='word_1_598' title='bbox 939 4350 1122 4419; x_wconf 79' lang='lat' dir='ltr'><strong>ﬁlius;</strong></span> <span class='ocrx_word' id='word_1_599' title='bbox 1170 4349 1234 4404; x_wconf 87' lang='lat' dir='ltr'><strong>de</strong></span> <span class='ocrx_word' id='word_1_600' title='bbox 1267 4365 1355 4421; x_wconf 83' lang='lat' dir='ltr'><strong>spe</strong></span> <span class='ocrx_word' id='word_1_601' title='bbox 1383 4360 1428 4405; x_wconf 91' lang='lat' dir='ltr'><strong>et</strong></span> <span class='ocrx_word' id='word_1_602' title='bbox 1465 4350 1829 4405; x_wconf 88' lang='lat' dir='ltr'><strong>resurrectione</strong></span> <span class='ocrx_word' id='word_1_603' title='bbox 1868 4366 2008 4405; x_wconf 86' lang='lat' dir='ltr'><strong>mor-</strong></span> 
     </span>
    </p>
   </div>
   <div class='ocr_carea' id='block_1_80' title="bbox 494 4442 2010 4515">
    <p class='ocr_par' dir='ltr' id='par_1_80' title="bbox 494 4442 2010 4515">
     <span class='ocr_line' id='line_1_80' title="bbox 494 4442 2010 4515; baseline -0.001 -18"><span class='ocrx_word' id='word_1_604' title='bbox 494 4455 698 4498; x_wconf 87' lang='lat' dir='ltr'><strong>tuorum</strong></span> <span class='ocrx_word' id='word_1_605' title='bbox 721 4460 811 4515; x_wconf 84' lang='lat' dir='ltr'><strong>ego</strong></span> <span class='ocrx_word' id='word_1_606' title='bbox 846 4444 1078 4514; x_wconf 84' lang='lat' dir='ltr'><strong>judicor.</strong></span> <span class='ocrx_word' id='word_1_607' title='bbox 1122 4444 1175 4497; x_wconf 91' lang='lat'><strong>7.</strong></span> <span class='ocrx_word' id='word_1_608' title='bbox 1225 4442 1294 4497; x_wconf 82' lang='lat' dir='ltr'><strong>Et</strong></span> <span class='ocrx_word' id='word_1_609' title='bbox 1330 4460 1443 4497; x_wconf 81' lang='lat' dir='ltr'><strong>cum</strong></span> <span class='ocrx_word' id='word_1_610' title='bbox 1472 4442 1568 4497; x_wconf 88' lang='lat' dir='ltr'><strong>hoc</strong></span> <span class='ocrx_word' id='word_1_611' title='bbox 1597 4442 1828 4509; x_wconf 75' lang='lat' dir='ltr'><strong>dixisset,</strong></span> <span class='ocrx_word' id='word_1_612' title='bbox 1873 4447 2010 4513; x_wconf 80' lang='lat' dir='ltr'><strong>facta</strong></span> 
     </span>
    </p>
   </div>
   <div class='ocr_carea' id='block_1_81' title="bbox 491 4533 2011 4592">
    <p class='ocr_par' dir='ltr' id='par_1_81' title="bbox 491 4533 2011 4592">
     <span class='ocr_line' id='line_1_81' title="bbox 491 4533 2011 4592; baseline -0.002 -2"><span class='ocrx_word' id='word_1_613' title='bbox 491 4545 564 4590; x_wconf 75' lang='lat' dir='ltr'><strong>est</strong></span> <span class='ocrx_word' id='word_1_614' title='bbox 588 4536 831 4592; x_wconf 77' lang='lat' dir='ltr'><strong>dissensio</strong></span> <span class='ocrx_word' id='word_1_615' title='bbox 854 4538 984 4591; x_wconf 79' lang='lat' dir='ltr'><strong>inter</strong></span> <span class='ocrx_word' id='word_1_616' title='bbox 1015 4535 1305 4590; x_wconf 79' lang='lat' dir='ltr'><strong>Pharisteos</strong></span> <span class='ocrx_word' id='word_1_617' title='bbox 1326 4543 1371 4589; x_wconf 87' lang='lat' dir='ltr'><strong>et</strong></span> <span class='ocrx_word' id='word_1_618' title='bbox 1396 4534 1713 4590; x_wconf 75' lang='lat' dir='ltr'><strong>Sadducwos</strong></span> <span class='ocrx_word' id='word_1_619' title='bbox 1730 4542 1776 4588; x_wconf 90' lang='lat' dir='ltr'><strong>et</strong></span> <span class='ocrx_word' id='word_1_620' title='bbox 1797 4533 2011 4589; x_wconf 86' lang='lat' dir='ltr'><strong>discissa</strong></span> 
     </span>
    </p>
   </div>
   <div class='ocr_carea' id='block_1_82' title="bbox 493 4628 2014 4694">
    <p class='ocr_par' dir='ltr' id='par_1_82' title="bbox 493 4628 2014 4694">
     <span class='ocr_line' id='line_1_82' title="bbox 493 4628 2014 4694; baseline -0.003 -7"><span class='ocrx_word' id='word_1_621' title='bbox 493 4640 564 4687; x_wconf 85' lang='lat' dir='ltr'><strong>est</strong></span> <span class='ocrx_word' id='word_1_622' title='bbox 610 4630 901 4686; x_wconf 84' lang='lat' dir='ltr'><strong>multitudo.</strong></span> <span class='ocrx_word' id='word_1_623' title='bbox 930 4629 982 4686; x_wconf 90' lang='lat'><strong>8.</strong></span> <span class='ocrx_word' id='word_1_624' title='bbox 1011 4628 1289 4686; x_wconf 73' lang='lat' dir='ltr'><strong>Sadducrei</strong></span> <span class='ocrx_word' id='word_1_625' title='bbox 1334 4629 1470 4682; x_wconf 87' lang='lat' dir='ltr'><strong>enim</strong></span> <span class='ocrx_word' id='word_1_626' title='bbox 1513 4628 1712 4694; x_wconf 85' lang='lat' dir='ltr'><strong>dicunt,</strong></span> <span class='ocrx_word' id='word_1_627' title='bbox 1757 4643 1858 4681; x_wconf 87' lang='lat' dir='ltr'><strong>non</strong></span> <span class='ocrx_word' id='word_1_628' title='bbox 1907 4643 2014 4683; x_wconf 84' lang='lat' dir='ltr'><strong>esse</strong></span> 
     </span>
    </p>
   </div>
   <div class='ocr_carea' id='block_1_83' title="bbox 496 4719 2012 4792">
    <p class='ocr_par' dir='ltr' id='par_1_83' title="bbox 496 4719 2012 4792">
     <span class='ocr_line' id='line_1_83' title="bbox 496 4719 2012 4792; baseline -0.001 -17"><span class='ocrx_word' id='word_1_629' title='bbox 496 4722 945 4789; x_wconf 84' lang='lat' dir='ltr'><strong>resurrectionem,</strong></span> <span class='ocrx_word' id='word_1_630' title='bbox 1000 4738 1159 4791; x_wconf 86' lang='lat' dir='ltr'><strong>neque</strong></span> <span class='ocrx_word' id='word_1_631' title='bbox 1199 4721 1435 4792; x_wconf 84' lang='lat' dir='ltr'><strong>angelum</strong></span> <span class='ocrx_word' id='word_1_632' title='bbox 1458 4760 1476 4787; x_wconf 90' lang='lat'><strong>,</strong></span> <span class='ocrx_word' id='word_1_633' title='bbox 1524 4735 1684 4789; x_wconf 82' lang='lat' dir='ltr'><strong>neque</strong></span> <span class='ocrx_word' id='word_1_634' title='bbox 1730 4719 2012 4790; x_wconf 84' lang='lat' dir='ltr'><strong>spiritum:</strong></span> 
     </span>
    </p>
   </div>
   <div class='ocr_carea' id='block_1_84' title="bbox 496 4813 1546 4885">
    <p class='ocr_par' dir='ltr' id='par_1_84' title="bbox 496 4813 1546 4885">
     <span class='ocr_line' id='line_1_84' title="bbox 496 4813 1546 4885; baseline -0.003 -14"><span class='ocrx_word' id='word_1_635' title='bbox 496 4814 753 4871; x_wconf 79' lang='lat' dir='ltr'><strong>Pharisan&#39;</strong></span> <span class='ocrx_word' id='word_1_636' title='bbox 776 4824 949 4870; x_wconf 88' lang='lat' dir='ltr'><strong>autem</strong></span> <span class='ocrx_word' id='word_1_637' title='bbox 979 4825 1192 4885; x_wconf 84' lang='lat' dir='ltr'><strong>utraque</strong></span> <span class='ocrx_word' id='word_1_638' title='bbox 1217 4813 1546 4883; x_wconf 78' lang='lat' dir='ltr'><strong>conﬁtentur.</strong></span> 
     </span>
    </p>
   </div>
   <div class='ocr_carea' id='block_1_85' title="bbox 500 4903 2016 4975">
    <p class='ocr_par' dir='ltr' id='par_1_85' title="bbox 500 4903 2016 4975">
     <span class='ocr_line' id='line_1_85' title="bbox 500 4903 2016 4975; baseline -0.001 -14"><span class='ocrx_word' id='word_1_639' title='bbox 500 4908 549 4961; x_wconf 86' lang='lat' dir='ltr'><strong>I.</strong></span> <span class='ocrx_word' id='word_1_640' title='bbox 580 4907 814 4962; x_wconf 82' lang='lat' dir='ltr'><strong>Rursum</strong></span> <span class='ocrx_word' id='word_1_641' title='bbox 862 4905 1099 4961; x_wconf 90' lang='lat' dir='ltr'><strong>humano</strong></span> <span class='ocrx_word' id='word_1_642' title='bbox 1151 4921 1303 4960; x_wconf 90' lang='lat' dir='ltr'><strong>more</strong></span> <span class='ocrx_word' id='word_1_643' title='bbox 1349 4903 1606 4971; x_wconf 87' lang='lat' dir='ltr'><strong>disserit,</strong></span> <span class='ocrx_word' id='word_1_644' title='bbox 1658 4918 1759 4960; x_wconf 90' lang='lat' dir='ltr'><strong>nec</strong></span> <span class='ocrx_word' id='word_1_645' title='bbox 1797 4919 2016 4975; x_wconf 84' lang='lat' dir='ltr'><strong>semper</strong></span> 
     </span>
    </p>
   </div>
   <div class='ocr_carea' id='block_1_86' title="bbox 423 4996 2017 5068">
    <p class='ocr_par' dir='ltr' id='par_1_86' title="bbox 423 4996 2017 5068">
     <span class='ocr_line' id='line_1_86' title="bbox 423 4996 2017 5068; baseline 0.001 -18"><span class='ocrx_word' id='word_1_646' title='bbox 423 4997 594 5065; x_wconf 85' lang='lat' dir='ltr'><strong>gratia</strong></span> <span class='ocrx_word' id='word_1_647' title='bbox 623 4996 860 5063; x_wconf 87' lang='lat' dir='ltr'><strong>fruitur;</strong></span> <span class='ocrx_word' id='word_1_648' title='bbox 899 4996 996 5052; x_wconf 88' lang='lat' dir='ltr'><strong>sed</strong></span> <span class='ocrx_word' id='word_1_649' title='bbox 1021 4997 1184 5052; x_wconf 91' lang='lat' dir='ltr'><strong>etiam</strong></span> <span class='ocrx_word' id='word_1_650' title='bbox 1212 4997 1416 5067; x_wconf 87' lang='lat' dir='ltr'><strong>aliquid</strong></span> <span class='ocrx_word' id='word_1_651' title='bbox 1437 5013 1466 5050; x_wconf 90' lang='lat' dir='ltr'><strong>a</strong></span> <span class='ocrx_word' id='word_1_652' title='bbox 1489 4997 1672 5068; x_wconf 91' lang='lat' dir='ltr'><strong>seipso</strong></span> <span class='ocrx_word' id='word_1_653' title='bbox 1691 4998 2017 5067; x_wconf 88' lang='lat' dir='ltr'><strong>permittitur</strong></span> 
     </span>
    </p>
   </div>
   <div class='ocr_carea' id='block_1_87' title="bbox 426 5088 2018 5163">
    <p class='ocr_par' dir='ltr' id='par_1_87' title="bbox 426 5088 2018 5163">
     <span class='ocr_line' id='line_1_87' title="bbox 426 5088 2018 5163; baseline 0.003 -22"><span class='ocrx_word' id='word_1_654' title='bbox 426 5088 662 5154; x_wconf 80' lang='lat' dir='ltr'><strong>alferre;</strong></span> <span class='ocrx_word' id='word_1_655' title='bbox 692 5089 742 5145; x_wconf 92' lang='lat' dir='ltr'><strong>id</strong></span> <span class='ocrx_word' id='word_1_656' title='bbox 768 5089 916 5159; x_wconf 89' lang='lat' dir='ltr'><strong>quod</strong></span> <span class='ocrx_word' id='word_1_657' title='bbox 947 5105 1077 5145; x_wconf 91' lang='lat' dir='ltr'><strong>sane</strong></span> <span class='ocrx_word' id='word_1_658' title='bbox 1105 5089 1229 5145; x_wconf 87' lang='lat' dir='ltr'><strong>facit</strong></span> <span class='ocrx_word' id='word_1_659' title='bbox 1254 5107 1269 5143; x_wconf 92' lang='lat'>:</span> <span class='ocrx_word' id='word_1_660' title='bbox 1299 5098 1356 5146; x_wconf 89' lang='lat' dir='ltr'><strong>et</strong></span> <span class='ocrx_word' id='word_1_661' title='bbox 1381 5091 1433 5145; x_wconf 91' lang='lat' dir='ltr'><strong>in</strong></span> <span class='ocrx_word' id='word_1_662' title='bbox 1463 5089 1568 5146; x_wconf 89' lang='lat' dir='ltr'><strong>hoc</strong></span> <span class='ocrx_word' id='word_1_663' title='bbox 1595 5098 1650 5145; x_wconf 90' lang='lat' dir='ltr'><strong>et</strong></span> <span class='ocrx_word' id='word_1_664' title='bbox 1678 5089 1730 5145; x_wconf 91' lang='lat' dir='ltr'><strong>in</strong></span> <span class='ocrx_word' id='word_1_665' title='bbox 1768 5090 2018 5163; x_wconf 88' lang='lat' dir='ltr'><strong>sequenti</strong></span> 
     </span>
    </p>
   </div>
   <div class='ocr_carea' id='block_1_88' title="bbox 429 5180 2020 5247">
    <p class='ocr_par' dir='ltr' id='par_1_88' title="bbox 429 5180 2020 5247">
     <span class='ocr_line' id='line_1_88' title="bbox 429 5180 2020 5247; baseline 0.002 -12"><span class='ocrx_word' id='word_1_666' title='bbox 429 5180 690 5236; x_wconf 90' lang='lat' dir='ltr'><strong>rationem</strong></span> <span class='ocrx_word' id='word_1_667' title='bbox 719 5180 937 5247; x_wconf 88' lang='lat' dir='ltr'><strong>reddit,</strong></span> <span class='ocrx_word' id='word_1_668' title='bbox 965 5191 1024 5236; x_wconf 91' lang='lat' dir='ltr'><strong>ut.</strong></span> <span class='ocrx_word' id='word_1_669' title='bbox 1064 5181 1272 5237; x_wconf 91' lang='lat' dir='ltr'><strong>scindat</strong></span> <span class='ocrx_word' id='word_1_670' title='bbox 1307 5182 1703 5238; x_wconf 87' lang='lat' dir='ltr'><strong>multitudinem</strong></span> <span class='ocrx_word' id='word_1_671' title='bbox 1733 5192 1919 5238; x_wconf 86' lang='lat' dir='ltr'><strong>contra</strong></span> <span class='ocrx_word' id='word_1_672' title='bbox 1959 5197 2020 5238; x_wconf 87' lang='lat' dir='ltr'><strong>se</strong></span> 
     </span>
    </p>
   </div>
   <div class='ocr_carea' id='block_1_89' title="bbox 428 5273 2018 5346">
    <p class='ocr_par' dir='ltr' id='par_1_89' title="bbox 428 5273 2018 5346">
     <span class='ocr_line' id='line_1_89' title="bbox 428 5273 2018 5346; baseline 0.001 -19"><span class='ocrx_word' id='word_1_673' title='bbox 428 5273 569 5328; x_wconf 91' lang='lat' dir='ltr'><strong>male</strong></span> <span class='ocrx_word' id='word_1_674' title='bbox 586 5273 950 5346; x_wconf 86' lang='lat' dir='ltr'><strong>conjunctam.</strong></span> <span class='ocrx_word' id='word_1_675' title='bbox 974 5275 1160 5346; x_wconf 86' lang='lat' dir='ltr'><strong>Neque</strong></span> <span class='ocrx_word' id='word_1_676' title='bbox 1189 5276 1467 5343; x_wconf 89' lang='lat' dir='ltr'><strong>mentitur,</strong></span> <span class='ocrx_word' id='word_1_677' title='bbox 1490 5290 1610 5330; x_wconf 91' lang='lat' dir='ltr'><strong>cum</strong></span> <span class='ocrx_word' id='word_1_678' title='bbox 1639 5289 1700 5331; x_wconf 91' lang='lat' dir='ltr'><strong>se</strong></span> <span class='ocrx_word' id='word_1_679' title='bbox 1726 5275 1858 5330; x_wconf 88' lang='lat' dir='ltr'><strong>dicit</strong></span> <span class='ocrx_word' id='word_1_680' title='bbox 1880 5274 2018 5329; x_wconf 88' lang='lat' dir='ltr'><strong>Pha—</strong></span> 
     </span>
    </p>
   </div>
   <div class='ocr_carea' id='block_1_90' title="bbox 427 5366 2017 5439">
    <p class='ocr_par' dir='ltr' id='par_1_90' title="bbox 427 5366 2017 5439">
     <span class='ocr_line' id='line_1_90' title="bbox 427 5366 2017 5439; baseline 0.001 -19"><span class='ocrx_word' id='word_1_681' title='bbox 427 5366 680 5423; x_wconf 71' lang='lat' dir='ltr'><strong>riszeum:</strong></span> <span class='ocrx_word' id='word_1_682' title='bbox 727 5367 1035 5424; x_wconf 75' lang='lat' dir='ltr'><strong>Pbarismus</strong></span> <span class='ocrx_word' id='word_1_683' title='bbox 1090 5369 1234 5425; x_wconf 89' lang='lat' dir='ltr'><strong>enim</strong></span> <span class='ocrx_word' id='word_1_684' title='bbox 1274 5378 1390 5424; x_wconf 89' lang='lat' dir='ltr'><strong>erat</strong></span> <span class='ocrx_word' id='word_1_685' title='bbox 1449 5384 1517 5423; x_wconf 80' lang='lat' dir='ltr'><strong>ex</strong></span> <span class='ocrx_word' id='word_1_686' title='bbox 1562 5367 2017 5439; x_wconf 76' lang='lat' dir='ltr'><strong>progenitoribus.</strong></span> 
     </span>
    </p>
   </div>
   <div class='ocr_carea' id='block_1_91' title="bbox 431 5458 2023 5532">
    <p class='ocr_par' dir='ltr' id='par_1_91' title="bbox 431 5458 2023 5532">
     <span class='ocr_line' id='line_1_91' title="bbox 431 5458 2023 5532; baseline 0 -19"><span class='ocrx_word' id='word_1_687' title='bbox 431 5459 556 5515; x_wconf 86' lang='lat' dir='ltr'><strong>Ideo</strong></span> <span class='ocrx_word' id='word_1_688' title='bbox 574 5460 646 5516; x_wconf 82' lang='lat' dir='ltr'><strong>ita</strong></span> <span class='ocrx_word' id='word_1_689' title='bbox 672 5474 795 5516; x_wconf 84' lang='lat' dir='ltr'><strong>sese</strong></span> <span class='ocrx_word' id='word_1_690' title='bbox 838 5460 1115 5517; x_wconf 88' lang='lat' dir='ltr'><strong>defendit:</strong></span> <span class='ocrx_word' id='word_1_691' title='bbox 1140 5460 1439 5516; x_wconf 76' lang='lat' dir='ltr'><strong>Pltaristsus</strong></span> <span class='ocrx_word' id='word_1_692' title='bbox 1468 5477 1560 5532; x_wconf 85' lang='lat' dir='ltr'><strong>ego</strong></span> <span class='ocrx_word' id='word_1_693' title='bbox 1589 5477 1701 5515; x_wconf 82' lang='lat' dir='ltr'><strong>sum</strong></span> <span class='ocrx_word' id='word_1_694' title='bbox 1722 5501 1737 5526; x_wconf 93' lang='lat'><strong>,</strong></span> <span class='ocrx_word' id='word_1_695' title='bbox 1768 5458 2023 5514; x_wconf 71' lang='lat' dir='ltr'><strong>Pharisai</strong></span> 
     </span>
    </p>
   </div>
   <div class='ocr_carea' id='block_1_92' title="bbox 430 5551 2024 5623">
    <p class='ocr_par' dir='ltr' id='par_1_92' title="bbox 430 5551 2024 5623">
     <span class='ocr_line' id='line_1_92' title="bbox 430 5551 2024 5623; baseline -0.001 -18"><span class='ocrx_word' id='word_1_696' title='bbox 430 5551 592 5619; x_wconf 78' lang='lat' dir='ltr'><strong>(ilius,</strong></span> <span class='ocrx_word' id='word_1_697' title='bbox 620 5561 669 5605; x_wconf 94' lang='lat' dir='ltr'><strong>et</strong></span> <span class='ocrx_word' id='word_1_698' title='bbox 699 5551 763 5606; x_wconf 86' lang='lat' dir='ltr'><strong>de</strong></span> <span class='ocrx_word' id='word_1_699' title='bbox 787 5568 877 5622; x_wconf 85' lang='lat' dir='ltr'><strong>spe</strong></span> <span class='ocrx_word' id='word_1_700' title='bbox 906 5569 965 5605; x_wconf 92' lang='lat' dir='ltr'><strong>ac</strong></span> <span class='ocrx_word' id='word_1_701' title='bbox 1001 5554 1369 5606; x_wconf 83' lang='lat' dir='ltr'><strong>resurrectione</strong></span> <span class='ocrx_word' id='word_1_702' title='bbox 1415 5562 1734 5607; x_wconf 86' lang='lat' dir='ltr'><strong>mortuorum</strong></span> <span class='ocrx_word' id='word_1_703' title='bbox 1762 5567 1856 5623; x_wconf 87' lang='lat' dir='ltr'><strong>ego</strong></span> <span class='ocrx_word' id='word_1_704' title='bbox 1873 5551 2024 5617; x_wconf 84' lang='lat' dir='ltr'><strong>judi-</strong></span> 
     </span>
    </p>
   </div>
   <div class='ocr_carea' id='block_1_93' title="bbox 430 5642 2016 5713">
    <p class='ocr_par' dir='ltr' id='par_1_93' title="bbox 430 5642 2016 5713">
     <span class='ocr_line' id='line_1_93' title="bbox 430 5642 2016 5713; baseline -0.001 -16"><span class='ocrx_word' id='word_1_705' title='bbox 430 5659 538 5697; x_wconf 84' lang='lat' dir='ltr'><strong>cor.</strong></span> <span class='ocrx_word' id='word_1_706' title='bbox 567 5642 702 5712; x_wconf 85' lang='lat' dir='ltr'><strong>Quia</strong></span> <span class='ocrx_word' id='word_1_707' title='bbox 731 5644 876 5701; x_wconf 90' lang='lat' dir='ltr'><strong>enim</strong></span> <span class='ocrx_word' id='word_1_708' title='bbox 908 5644 981 5699; x_wconf 91' lang='lat' dir='ltr'><strong>illi</strong></span> <span class='ocrx_word' id='word_1_709' title='bbox 1013 5645 1267 5701; x_wconf 88' lang='lat' dir='ltr'><strong>nolebant</strong></span> <span class='ocrx_word' id='word_1_710' title='bbox 1298 5645 1477 5699; x_wconf 89' lang='lat' dir='ltr'><strong>dicere</strong></span> <span class='ocrx_word' id='word_1_711' title='bbox 1504 5659 1601 5699; x_wconf 90' lang='lat' dir='ltr'><strong>cur</strong></span> <span class='ocrx_word' id='word_1_712' title='bbox 1632 5643 1780 5696; x_wconf 89' lang='lat' dir='ltr'><strong>illum</strong></span> <span class='ocrx_word' id='word_1_713' title='bbox 1807 5642 2016 5713; x_wconf 86' lang='lat' dir='ltr'><strong>judica-</strong></span> 
     </span>
    </p>
   </div>
   <div class='ocr_carea' id='block_1_94' title="bbox 432 5735 2018 5808">
    <p class='ocr_par' dir='ltr' id='par_1_94' title="bbox 432 5735 2018 5808">
     <span class='ocr_line' id='line_1_94' title="bbox 432 5735 2018 5808; baseline -0.002 -18"><span class='ocrx_word' id='word_1_714' title='bbox 432 5747 574 5804; x_wconf 88' lang='lat' dir='ltr'><strong>rent,</strong></span> <span class='ocrx_word' id='word_1_715' title='bbox 604 5738 817 5808; x_wconf 84' lang='lat' dir='ltr'><strong>cogitur</strong></span> <span class='ocrx_word' id='word_1_716' title='bbox 836 5739 948 5808; x_wconf 88' lang='lat' dir='ltr'><strong>jam</strong></span> <span class='ocrx_word' id='word_1_717' title='bbox 980 5737 1070 5793; x_wconf 89' lang='lat' dir='ltr'><strong>ille</strong></span> <span class='ocrx_word' id='word_1_718' title='bbox 1110 5736 1163 5792; x_wconf 88' lang='lat' dir='ltr'><strong>id</strong></span> <span class='ocrx_word' id='word_1_719' title='bbox 1198 5738 1498 5793; x_wconf 81' lang='lat' dir='ltr'><strong>enuntiare.</strong></span> <span class='ocrx_word' id='word_1_720' title='bbox 1549 5735 1800 5791; x_wconf 77' lang='lat' dir='ltr'><strong>Pharistei</strong></span> <span class='ocrx_word' id='word_1_721' title='bbox 1828 5745 2018 5799; x_wconf 87' lang='lat' dir='ltr'><strong>autem,</strong></span> 
     </span>
    </p>
   </div>
   <div class='ocr_carea' id='block_1_95' title="bbox 434 5827 2023 5902">
    <p class='ocr_par' dir='ltr' id='par_1_95' title="bbox 434 5827 2023 5902">
     <span class='ocr_line' id='line_1_95' title="bbox 434 5827 2023 5902; baseline -0.001 -19"><span class='ocrx_word' id='word_1_722' title='bbox 434 5829 627 5902; x_wconf 88' lang='lat' dir='ltr'><strong>inquit,</strong></span> <span class='ocrx_word' id='word_1_723' title='bbox 654 5840 868 5901; x_wconf 84' lang='lat' dir='ltr'><strong>utraque</strong></span> <span class='ocrx_word' id='word_1_724' title='bbox 897 5827 1226 5897; x_wconf 77' lang='lat' dir='ltr'><strong>conﬁtentur.</strong></span> <span class='ocrx_word' id='word_1_725' title='bbox 1269 5828 1432 5900; x_wconf 83' lang='lat' dir='ltr'><strong>Atqui</strong></span> <span class='ocrx_word' id='word_1_726' title='bbox 1471 5829 1569 5885; x_wconf 86' lang='lat' dir='ltr'><strong>tria</strong></span> <span class='ocrx_word' id='word_1_727' title='bbox 1592 5836 1746 5884; x_wconf 84' lang='lat' dir='ltr'><strong>sunt:</strong></span> <span class='ocrx_word' id='word_1_728' title='bbox 1776 5843 1871 5884; x_wconf 84' lang='lat' dir='ltr'><strong>cur</strong></span> <span class='ocrx_word' id='word_1_729' title='bbox 1892 5841 2023 5897; x_wconf 82' lang='lat' dir='ltr'><strong>ergo</strong></span> 
     </span>
    </p>
   </div>
   <div class='ocr_carea' id='block_1_96' title="bbox 2111 4076 3699 4152">
    <p class='ocr_par' dir='ltr' id='par_1_96' title="bbox 2111 4076 3699 4152">
     <span class='ocr_line' id='line_1_96' title="bbox 2111 4076 3699 4152; baseline 0.003 -20"><span class='ocrx_word' id='word_1_730' title='bbox 2111 4076 2242 4132; x_wconf 89' lang='lat' dir='ltr'><strong>dicit</strong></span> <span class='ocrx_word' id='word_1_731' title='bbox 2272 4076 2544 4151; x_wconf 87' lang='lat' dir='ltr'><strong>Utraque?</strong></span> <span class='ocrx_word' id='word_1_732' title='bbox 2587 4078 2683 4136; x_wconf 80' lang='lat' dir='ltr'><strong>Vel</strong></span> <span class='ocrx_word' id='word_1_733' title='bbox 2725 4080 2868 4150; x_wconf 92' lang='lat' dir='ltr'><strong>quod</strong></span> <span class='ocrx_word' id='word_1_734' title='bbox 2915 4081 3137 4151; x_wconf 77' lang='lat' dir='ltr'><strong>Spiritus</strong></span> <span class='ocrx_word' id='word_1_735' title='bbox 3177 4090 3229 4135; x_wconf 92' lang='lat' dir='ltr'><strong>et</strong></span> <span class='ocrx_word' id='word_1_736' title='bbox 3265 4082 3488 4152; x_wconf 84' lang='lat' dir='ltr'><strong>angelus</strong></span> <span class='ocrx_word' id='word_1_737' title='bbox 3537 4098 3699 4137; x_wconf 89' lang='lat' dir='ltr'><strong>unum</strong></span> 
     </span>
    </p>
   </div>
   <div class='ocr_carea' id='block_1_97' title="bbox 2113 4170 3703 4241">
    <p class='ocr_par' dir='ltr' id='par_1_97' title="bbox 2113 4170 3703 4241">
     <span class='ocr_line' id='line_1_97' title="bbox 2113 4170 3703 4241; baseline 0.004 -19"><span class='ocrx_word' id='word_1_738' title='bbox 2113 4170 2258 4235; x_wconf 90' lang='lat' dir='ltr'><strong>sint;</strong></span> <span class='ocrx_word' id='word_1_739' title='bbox 2291 4170 2374 4225; x_wconf 87' lang='lat' dir='ltr'><strong>vel</strong></span> <span class='ocrx_word' id='word_1_740' title='bbox 2404 4171 2527 4241; x_wconf 90' lang='lat' dir='ltr'><strong>quia</strong></span> <span class='ocrx_word' id='word_1_741' title='bbox 2549 4170 2714 4228; x_wconf 88' lang='lat' dir='ltr'><strong>dictio</strong></span> <span class='ocrx_word' id='word_1_742' title='bbox 2757 4173 2843 4227; x_wconf 89' lang='lat' dir='ltr'><strong>illa</strong></span> <span class='ocrx_word' id='word_1_743' title='bbox 2876 4188 2983 4228; x_wconf 93' lang='lat' dir='ltr'><strong>non</strong></span> <span class='ocrx_word' id='word_1_744' title='bbox 3026 4173 3202 4227; x_wconf 87' lang='lat' dir='ltr'><strong>solum</strong></span> <span class='ocrx_word' id='word_1_745' title='bbox 3233 4173 3301 4228; x_wconf 87' lang='lat' dir='ltr'><strong>de</strong></span> <span class='ocrx_word' id='word_1_746' title='bbox 3326 4173 3536 4229; x_wconf 88' lang='lat' dir='ltr'><strong>duobus</strong></span> <span class='ocrx_word' id='word_1_747' title='bbox 3558 4215 3575 4240; x_wconf 90' lang='lat'><strong>,</strong></span> <span class='ocrx_word' id='word_1_748' title='bbox 3609 4175 3703 4229; x_wconf 88' lang='lat' dir='ltr'><strong>sed</strong></span> 
     </span>
    </p>
   </div>
   <div class='ocr_carea' id='block_1_98' title="bbox 2113 4259 3701 4332">
    <p class='ocr_par' dir='ltr' id='par_1_98' title="bbox 2113 4259 3701 4332">
     <span class='ocr_line' id='line_1_98' title="bbox 2113 4259 3701 4332; baseline 0.004 -20"><span class='ocrx_word' id='word_1_749' title='bbox 2113 4259 2274 4313; x_wconf 89' lang='lat' dir='ltr'><strong>etiam</strong></span> <span class='ocrx_word' id='word_1_750' title='bbox 2301 4259 2370 4315; x_wconf 91' lang='lat' dir='ltr'><strong>de</strong></span> <span class='ocrx_word' id='word_1_751' title='bbox 2411 4260 2583 4316; x_wconf 91' lang='lat' dir='ltr'><strong>tribus</strong></span> <span class='ocrx_word' id='word_1_752' title='bbox 2625 4261 2907 4331; x_wconf 88' lang='lat' dir='ltr'><strong>accipitur.</strong></span> <span class='ocrx_word' id='word_1_753' title='bbox 2951 4262 3137 4332; x_wconf 82' lang='lat' dir='ltr'><strong>Itaque</strong></span> <span class='ocrx_word' id='word_1_754' title='bbox 3159 4263 3352 4318; x_wconf 88' lang='lat' dir='ltr'><strong>latiore</strong></span> <span class='ocrx_word' id='word_1_755' title='bbox 3374 4278 3474 4318; x_wconf 91' lang='lat' dir='ltr'><strong>usu</strong></span> <span class='ocrx_word' id='word_1_756' title='bbox 3509 4273 3565 4319; x_wconf 89' lang='lat' dir='ltr'><strong>et</strong></span> <span class='ocrx_word' id='word_1_757' title='bbox 3594 4279 3701 4319; x_wconf 92' lang='lat' dir='ltr'><strong>non</strong></span> 
     </span>
    </p>
   </div>
   <div class='ocr_carea' id='block_1_99' title="bbox 2115 4351 3703 4423">
    <p class='ocr_par' dir='ltr' id='par_1_99' title="bbox 2115 4351 3703 4423">
     <span class='ocr_line' id='line_1_99' title="bbox 2115 4351 3703 4423; baseline 0.003 -19"><span class='ocrx_word' id='word_1_758' title='bbox 2115 4351 2333 4421; x_wconf 90' lang='lat' dir='ltr'><strong>proprie</strong></span> <span class='ocrx_word' id='word_1_759' title='bbox 2374 4352 2455 4408; x_wconf 91' lang='lat' dir='ltr'><strong>sic</strong></span> <span class='ocrx_word' id='word_1_760' title='bbox 2478 4352 2732 4423; x_wconf 91' lang='lat' dir='ltr'><strong>loquutus</strong></span> <span class='ocrx_word' id='word_1_761' title='bbox 2764 4364 2869 4409; x_wconf 90' lang='lat' dir='ltr'><strong>est.</strong></span> <span class='ocrx_word' id='word_1_762' title='bbox 2909 4353 2977 4408; x_wconf 90' lang='lat' dir='ltr'><strong>Et</strong></span> <span class='ocrx_word' id='word_1_763' title='bbox 3004 4353 3165 4409; x_wconf 89' lang='lat' dir='ltr'><strong>vide:</strong></span> <span class='ocrx_word' id='word_1_764' title='bbox 3193 4354 3410 4423; x_wconf 89' lang='lat' dir='ltr'><strong>quando</strong></span> <span class='ocrx_word' id='word_1_765' title='bbox 3452 4355 3703 4415; x_wconf 81' lang='lat' dir='ltr'><strong>cumillis</strong></span> 
     </span>
    </p>
   </div>
   <div class='ocr_carea' id='block_1_100' title="bbox 2114 4440 3694 4516">
    <p class='ocr_par' dir='ltr' id='par_1_100' title="bbox 2114 4440 3694 4516">
     <span class='ocr_line' id='line_1_100' title="bbox 2114 4440 3694 4516; baseline 0.007 -21"><span class='ocrx_word' id='word_1_766' title='bbox 2114 4440 2236 4509; x_wconf 90' lang='lat' dir='ltr'><strong>fuit,</strong></span> <span class='ocrx_word' id='word_1_767' title='bbox 2286 4451 2411 4499; x_wconf 91' lang='lat' dir='ltr'><strong>tunc</strong></span> <span class='ocrx_word' id='word_1_768' title='bbox 2444 4444 2563 4514; x_wconf 84' lang='lat' dir='ltr'><strong>ejus</strong></span> <span class='ocrx_word' id='word_1_769' title='bbox 2608 4459 2826 4500; x_wconf 88' lang='lat' dir='ltr'><strong>causam</strong></span> <span class='ocrx_word' id='word_1_770' title='bbox 2867 4444 3262 4501; x_wconf 87' lang='lat' dir='ltr'><strong>defendendam</strong></span> <span class='ocrx_word' id='word_1_771' title='bbox 3306 4446 3623 4516; x_wconf 90' lang='lat' dir='ltr'><strong>suscipiunt.</strong></span> <span class='ocrx_word' id='word_1_772' title='bbox 3651 4447 3694 4506; x_wconf 87' lang='lat'><strong>9.</strong></span> 
     </span>
    </p>
   </div>
   <div class='ocr_carea' id='block_1_101' title="bbox 2124 4532 3701 4609">
    <p class='ocr_par' dir='ltr' id='par_1_101' title="bbox 2124 4532 3701 4609">
     <span class='ocr_line' id='line_1_101' title="bbox 2124 4532 3701 4609; baseline 0.006 -23"><span class='ocrx_word' id='word_1_773' title='bbox 2124 4552 2142 4586; x_wconf 73' lang='grc' dir='ltr'><strong><em>ο</em></strong></span> <span class='ocrx_word' id='word_1_774' title='bbox 2179 4532 2374 4589; x_wconf 89' lang='lat' dir='ltr'><strong>Factus</strong></span> <span class='ocrx_word' id='word_1_775' title='bbox 2399 4544 2502 4599; x_wconf 90' lang='lat' dir='ltr'><strong>est,</strong></span> <span class='ocrx_word' id='word_1_776' title='bbox 2535 4535 2730 4606; x_wconf 90' lang='lat' dir='ltr'><strong>inquit,</strong></span> <span class='ocrx_word' id='word_1_777' title='bbox 2775 4536 2982 4591; x_wconf 83' lang='lat' dir='ltr'><strong>clamor</strong></span> <span class='ocrx_word' id='word_1_778' title='bbox 3016 4551 3283 4608; x_wconf 85' lang='lat' dir='ltr'><strong>magnus;</strong></span> <span class='ocrx_word' id='word_1_779' title='bbox 3322 4547 3379 4593; x_wconf 87' lang='lat' dir='ltr'><strong>et</strong></span> <span class='ocrx_word' id='word_1_780' title='bbox 3412 4548 3701 4609; x_wconf 87' lang='lat' dir='ltr'><strong>surgentes</strong></span> 
     </span>
    </p>
   </div>
   <div class='ocr_carea' id='block_1_102' title="bbox 2117 4626 3702 4700">
    <p class='ocr_par' dir='ltr' id='par_1_102' title="bbox 2117 4626 3702 4700">
     <span class='ocr_line' id='line_1_102' title="bbox 2117 4626 3702 4700; baseline 0.004 -19"><span class='ocrx_word' id='word_1_781' title='bbox 2117 4626 2310 4681; x_wconf 82' lang='lat' dir='ltr'><strong>scribae</strong></span> <span class='ocrx_word' id='word_1_782' title='bbox 2345 4642 2410 4681; x_wconf 84' lang='lat' dir='ltr'><strong>ex</strong></span> <span class='ocrx_word' id='word_1_783' title='bbox 2442 4634 2593 4697; x_wconf 90' lang='lat' dir='ltr'><strong>parte</strong></span> <span class='ocrx_word' id='word_1_784' title='bbox 2619 4626 3038 4695; x_wconf 75' lang='lat' dir='ltr'><strong>Phariszeorum,</strong></span> <span class='ocrx_word' id='word_1_785' title='bbox 3068 4630 3379 4700; x_wconf 88' lang='lat' dir='ltr'><strong>pugnabant</strong></span> <span class='ocrx_word' id='word_1_786' title='bbox 3420 4630 3702 4687; x_wconf 84' lang='lat' dir='ltr'><strong>dicentes:</strong></span> 
     </span>
    </p>
   </div>
   <div class='ocr_carea' id='block_1_103' title="bbox 2117 4715 3708 4792">
    <p class='ocr_par' dir='ltr' id='par_1_103' title="bbox 2117 4715 3708 4792">
     <span class='ocr_line' id='line_1_103' title="bbox 2117 4715 3708 4792; baseline 0.004 -20"><span class='ocrx_word' id='word_1_787' title='bbox 2117 4715 2259 4772; x_wconf 86' lang='lat' dir='ltr'><strong>Nihil</strong></span> <span class='ocrx_word' id='word_1_788' title='bbox 2292 4718 2419 4773; x_wconf 90' lang='lat' dir='ltr'><strong>mali</strong></span> <span class='ocrx_word' id='word_1_789' title='bbox 2464 4719 2766 4774; x_wconf 89' lang='lat' dir='ltr'><strong>invenimus</strong></span> <span class='ocrx_word' id='word_1_790' title='bbox 2794 4720 2845 4774; x_wconf 92' lang='lat' dir='ltr'><strong>in</strong></span> <span class='ocrx_word' id='word_1_791' title='bbox 2885 4719 3104 4775; x_wconf 88' lang='lat' dir='ltr'><strong>homine</strong></span> <span class='ocrx_word' id='word_1_792' title='bbox 3133 4722 3258 4776; x_wconf 84' lang='lat' dir='ltr'><strong>hoc.</strong></span> <span class='ocrx_word' id='word_1_793' title='bbox 3286 4721 3442 4790; x_wconf 83' lang='lat' dir='ltr'><strong>Quod</strong></span> <span class='ocrx_word' id='word_1_794' title='bbox 3464 4723 3507 4777; x_wconf 90' lang='lat' dir='ltr'><strong>si</strong></span> <span class='ocrx_word' id='word_1_795' title='bbox 3541 4724 3708 4792; x_wconf 85' lang='lat' dir='ltr'><strong>spiri-</strong></span> 
     </span>
    </p>
   </div>
   <div class='ocr_carea' id='block_1_104' title="bbox 2120 4809 3716 4887">
    <p class='ocr_par' dir='ltr' id='par_1_104' title="bbox 2120 4809 3716 4887">
     <span class='ocr_line' id='line_1_104' title="bbox 2120 4809 3716 4887; baseline 0.005 -22"><span class='ocrx_word' id='word_1_796' title='bbox 2120 4818 2206 4865; x_wconf 87' lang='lat' dir='ltr'><strong>tus</strong></span> <span class='ocrx_word' id='word_1_797' title='bbox 2251 4809 2505 4881; x_wconf 91' lang='lat' dir='ltr'><strong>loquutus</strong></span> <span class='ocrx_word' id='word_1_798' title='bbox 2544 4820 2630 4868; x_wconf 90' lang='lat' dir='ltr'><strong>est</strong></span> <span class='ocrx_word' id='word_1_799' title='bbox 2676 4813 2726 4868; x_wconf 89' lang='lat' dir='ltr'><strong>ei</strong></span> <span class='ocrx_word' id='word_1_800' title='bbox 2781 4813 2865 4868; x_wconf 88' lang='lat' dir='ltr'><strong>vel</strong></span> <span class='ocrx_word' id='word_1_801' title='bbox 2918 4813 3182 4883; x_wconf 80' lang='lat' dir='ltr'><strong>angelus,</strong></span> <span class='ocrx_word' id='word_1_802' title='bbox 3234 4829 3305 4871; x_wconf 88' lang='lat' dir='ltr'><strong>ne</strong></span> <span class='ocrx_word' id='word_1_803' title='bbox 3348 4831 3716 4887; x_wconf 88' lang='lat' dir='ltr'><strong>repugnemus</strong></span> 
     </span>
    </p>
   </div>
   <div class='ocr_carea' id='block_1_105' title="bbox 2119 4902 3709 4978">
    <p class='ocr_par' dir='ltr' id='par_1_105' title="bbox 2119 4902 3709 4978">
     <span class='ocr_line' id='line_1_105' title="bbox 2119 4902 3709 4978; baseline 0.005 -20"><span class='ocrx_word' id='word_1_804' title='bbox 2119 4902 2252 4959; x_wconf 89' lang='lat' dir='ltr'><strong>Deo.</strong></span> <span class='ocrx_word' id='word_1_805' title='bbox 2288 4922 2307 4956; x_wconf 78' lang='grc' dir='ltr'><strong><em>ι</em></strong></span> <span class='ocrx_word' id='word_1_806' title='bbox 2337 4904 2405 4959; x_wconf 90' lang='lat' dir='ltr'><strong>Et</strong></span> <span class='ocrx_word' id='word_1_807' title='bbox 2432 4916 2530 4959; x_wconf 90' lang='lat' dir='ltr'><strong>cur</strong></span> <span class='ocrx_word' id='word_1_808' title='bbox 2561 4919 2672 4960; x_wconf 89' lang='lat' dir='ltr'><strong>non</strong></span> <span class='ocrx_word' id='word_1_809' title='bbox 2706 4907 2937 4961; x_wconf 86' lang='lat' dir='ltr'><strong>antehac</strong></span> <span class='ocrx_word' id='word_1_810' title='bbox 2957 4906 3110 4961; x_wconf 87' lang='lat' dir='ltr'><strong>illum</strong></span> <span class='ocrx_word' id='word_1_811' title='bbox 3141 4905 3544 4966; x_wconf 84' lang='lat' dir='ltr'><strong>defenderunt?</strong></span> <span class='ocrx_word' id='word_1_812' title='bbox 3573 4909 3709 4978; x_wconf 84' lang='lat' dir='ltr'><strong>Quia</strong></span> 
     </span>
    </p>
   </div>
   <div class='ocr_carea' id='block_1_106' title="bbox 2122 4993 3715 5072">
    <p class='ocr_par' dir='ltr' id='par_1_106' title="bbox 2122 4993 3715 5072">
     <span class='ocr_line' id='line_1_106' title="bbox 2122 4993 3715 5072; baseline 0.006 -23"><span class='ocrx_word' id='word_1_813' title='bbox 2122 4993 2228 5050; x_wconf 88' lang='lat' dir='ltr'><strong>illis</strong></span> <span class='ocrx_word' id='word_1_814' title='bbox 2249 4994 2489 5051; x_wconf 90' lang='lat' dir='ltr'><strong>nondum</strong></span> <span class='ocrx_word' id='word_1_815' title='bbox 2519 4998 2845 5052; x_wconf 84' lang='lat' dir='ltr'><strong>commixtus</strong></span> <span class='ocrx_word' id='word_1_816' title='bbox 2872 5004 3011 5066; x_wconf 88' lang='lat' dir='ltr'><strong>erat,</strong></span> <span class='ocrx_word' id='word_1_817' title='bbox 3060 5013 3257 5070; x_wconf 87' lang='lat' dir='ltr'><strong>neque,</strong></span> <span class='ocrx_word' id='word_1_818' title='bbox 3282 5011 3570 5072; x_wconf 88' lang='lat' dir='ltr'><strong>antequam</strong></span> <span class='ocrx_word' id='word_1_819' title='bbox 3593 5017 3715 5058; x_wconf 88' lang='lat' dir='ltr'><strong>sese</strong></span> 
     </span>
    </p>
   </div>
   <div class='ocr_carea' id='block_1_107' title="bbox 2122 5085 3712 5163">
    <p class='ocr_par' dir='ltr' id='par_1_107' title="bbox 2122 5085 3712 5163">
     <span class='ocr_line' id='line_1_107' title="bbox 2122 5085 3712 5163; baseline 0.004 -22"><span class='ocrx_word' id='word_1_820' title='bbox 2122 5085 2451 5154; x_wconf 85' lang='lat' dir='ltr'><strong>defenderet,</strong></span> <span class='ocrx_word' id='word_1_821' title='bbox 2487 5097 2674 5144; x_wconf 90' lang='lat' dir='ltr'><strong>notum</strong></span> <span class='ocrx_word' id='word_1_822' title='bbox 2705 5097 2822 5145; x_wconf 90' lang='lat' dir='ltr'><strong>erat</strong></span> <span class='ocrx_word' id='word_1_823' title='bbox 2844 5089 3022 5160; x_wconf 89' lang='lat' dir='ltr'><strong>ipsum</strong></span> <span class='ocrx_word' id='word_1_824' title='bbox 3050 5105 3081 5145; x_wconf 90' lang='lat' dir='ltr'><strong>a</strong></span> <span class='ocrx_word' id='word_1_825' title='bbox 3107 5091 3404 5163; x_wconf 88' lang='lat' dir='ltr'><strong>majoribus</strong></span> <span class='ocrx_word' id='word_1_826' title='bbox 3431 5107 3553 5149; x_wconf 83' lang='lat' dir='ltr'><strong>esse</strong></span> <span class='ocrx_word' id='word_1_827' title='bbox 3574 5093 3712 5148; x_wconf 82' lang='lat' dir='ltr'><strong>Pha-</strong></span> 
     </span>
    </p>
   </div>
   <div class='ocr_carea' id='block_1_108' title="bbox 2122 5178 3710 5253">
    <p class='ocr_par' dir='ltr' id='par_1_108' title="bbox 2122 5178 3710 5253">
     <span class='ocr_line' id='line_1_108' title="bbox 2122 5178 3710 5253; baseline 0.002 -19"><span class='ocrx_word' id='word_1_828' title='bbox 2122 5178 2360 5234; x_wconf 68' lang='lat' dir='ltr'><strong>rismum.</strong></span> <span class='ocrx_word' id='word_1_829' title='bbox 2389 5179 2584 5247; x_wconf 77' lang='lat' dir='ltr'><strong>Vides,</strong></span> <span class='ocrx_word' id='word_1_830' title='bbox 2643 5181 2859 5253; x_wconf 89' lang='lat' dir='ltr'><strong>quando</strong></span> <span class='ocrx_word' id='word_1_831' title='bbox 2904 5182 3070 5237; x_wconf 89' lang='lat' dir='ltr'><strong>animi</strong></span> <span class='ocrx_word' id='word_1_832' title='bbox 3114 5182 3338 5239; x_wconf 84' lang='lat' dir='ltr'><strong>affectus</strong></span> <span class='ocrx_word' id='word_1_833' title='bbox 3375 5183 3710 5250; x_wconf 85' lang='lat' dir='ltr'><strong>abscedunt,</strong></span> 
     </span>
    </p>
   </div>
   <div class='ocr_carea' id='block_1_109' title="bbox 2124 5270 3711 5345">
    <p class='ocr_par' dir='ltr' id='par_1_109' title="bbox 2124 5270 3711 5345">
     <span class='ocr_line' id='line_1_109' title="bbox 2124 5270 3711 5345; baseline 0.001 -21"><span class='ocrx_word' id='word_1_834' title='bbox 2124 5270 2394 5341; x_wconf 90' lang='lat' dir='ltr'><strong>quomodo</strong></span> <span class='ocrx_word' id='word_1_835' title='bbox 2436 5274 2639 5328; x_wconf 87' lang='lat' dir='ltr'><strong>veritas</strong></span> <span class='ocrx_word' id='word_1_836' title='bbox 2679 5274 3022 5345; x_wconf 69' lang='lat' dir='ltr'><strong>reperiatur?</strong></span> <span class='ocrx_word' id='word_1_837' title='bbox 3083 5273 3199 5330; x_wconf 84' lang='lat' dir='ltr'><strong>Hoc</strong></span> <span class='ocrx_word' id='word_1_838' title='bbox 3246 5289 3373 5330; x_wconf 90' lang='lat' dir='ltr'><strong>vero</strong></span> <span class='ocrx_word' id='word_1_839' title='bbox 3411 5275 3711 5345; x_wconf 83' lang='lat' dir='ltr'><strong>significant</strong></span> 
     </span>
    </p>
   </div>
   <div class='ocr_carea' id='block_1_110' title="bbox 2125 5362 3712 5437">
    <p class='ocr_par' dir='ltr' id='par_1_110' title="bbox 2125 5362 3712 5437">
     <span class='ocr_line' id='line_1_110' title="bbox 2125 5362 3712 5437; baseline -0.001 -19"><span class='ocrx_word' id='word_1_840' title='bbox 2125 5362 2202 5418; x_wconf 90' lang='lat' dir='ltr'><strong>illi</strong></span> <span class='ocrx_word' id='word_1_841' title='bbox 2233 5363 2421 5432; x_wconf 90' lang='lat' dir='ltr'><strong>:Quod</strong></span> <span class='ocrx_word' id='word_1_842' title='bbox 2444 5366 2652 5421; x_wconf 88' lang='lat' dir='ltr'><strong>crimen</strong></span> <span class='ocrx_word' id='word_1_843' title='bbox 2674 5407 2690 5432; x_wconf 89' lang='lat'><strong>,</strong></span> <span class='ocrx_word' id='word_1_844' title='bbox 2721 5366 2765 5421; x_wconf 91' lang='lat' dir='ltr'><strong>si</strong></span> <span class='ocrx_word' id='word_1_845' title='bbox 2795 5365 3021 5437; x_wconf 87' lang='lat' dir='ltr'><strong>angelus</strong></span> <span class='ocrx_word' id='word_1_846' title='bbox 3040 5364 3296 5435; x_wconf 87' lang='lat' dir='ltr'><strong>loquutus</strong></span> <span class='ocrx_word' id='word_1_847' title='bbox 3335 5374 3419 5420; x_wconf 88' lang='lat' dir='ltr'><strong>est</strong></span> <span class='ocrx_word' id='word_1_848' title='bbox 3447 5364 3518 5432; x_wconf 91' lang='lat' dir='ltr'><strong>ei,</strong></span> <span class='ocrx_word' id='word_1_849' title='bbox 3551 5373 3642 5418; x_wconf 89' lang='lat' dir='ltr'><strong>aut</strong></span> <span class='ocrx_word' id='word_1_850' title='bbox 3668 5364 3712 5418; x_wconf 78' lang='lat' dir='ltr'><strong>si</strong></span> 
     </span>
    </p>
   </div>
   <div class='ocr_carea' id='block_1_111' title="bbox 2127 5456 3710 5528">
    <p class='ocr_par' dir='ltr' id='par_1_111' title="bbox 2127 5456 3710 5528">
     <span class='ocr_line' id='line_1_111' title="bbox 2127 5456 3710 5528; baseline -0.003 -16"><span class='ocrx_word' id='word_1_851' title='bbox 2127 5457 2442 5528; x_wconf 90' lang='lat' dir='ltr'><strong>spiritus,et</strong></span> <span class='ocrx_word' id='word_1_852' title='bbox 2470 5459 2539 5514; x_wconf 90' lang='lat' dir='ltr'><strong>ab</strong></span> <span class='ocrx_word' id='word_1_853' title='bbox 2560 5459 2651 5515; x_wconf 90' lang='lat' dir='ltr'><strong>illo</strong></span> <span class='ocrx_word' id='word_1_854' title='bbox 2681 5459 2955 5515; x_wconf 90' lang='lat' dir='ltr'><strong>institutus</strong></span> <span class='ocrx_word' id='word_1_855' title='bbox 2982 5458 3062 5513; x_wconf 89' lang='lat' dir='ltr'><strong>sic</strong></span> <span class='ocrx_word' id='word_1_856' title='bbox 3086 5457 3154 5513; x_wconf 90' lang='lat' dir='ltr'><strong>de</strong></span> <span class='ocrx_word' id='word_1_857' title='bbox 3179 5457 3580 5513; x_wconf 78' lang='lat' dir='ltr'><strong>resurreCtionc</strong></span> <span class='ocrx_word' id='word_1_858' title='bbox 3606 5456 3710 5510; x_wconf 83' lang='lat' dir='ltr'><strong>dn-</strong></span> 
     </span>
    </p>
   </div>
   <div class='ocr_carea' id='block_1_112' title="bbox 2126 5549 3714 5622">
    <p class='ocr_par' dir='ltr' id='par_1_112' title="bbox 2126 5549 3714 5622">
     <span class='ocr_line' id='line_1_112' title="bbox 2126 5549 3714 5622; baseline -0.001 -17"><span class='ocrx_word' id='word_1_859' title='bbox 2126 5552 2288 5605; x_wconf 84' lang='lat' dir='ltr'><strong>ceat&#39;!</strong></span> <span class='ocrx_word' id='word_1_860' title='bbox 2331 5552 2472 5622; x_wconf 83' lang='lat' dir='ltr'><strong>Ergo</strong></span> <span class='ocrx_word' id='word_1_861' title='bbox 2513 5551 2865 5607; x_wconf 87' lang='lat' dir='ltr'><strong>abscedamus</strong></span> <span class='ocrx_word' id='word_1_862' title='bbox 2888 5551 2958 5607; x_wconf 87' lang='lat' dir='ltr'><strong>ab</strong></span> <span class='ocrx_word' id='word_1_863' title='bbox 2984 5549 3096 5617; x_wconf 89' lang='lat' dir='ltr'><strong>illo,</strong></span> <span class='ocrx_word' id='word_1_864' title='bbox 3131 5566 3221 5613; x_wconf 85' lang='lat' dir='ltr'><strong>ne,</strong></span> <span class='ocrx_word' id='word_1_865' title='bbox 3272 5550 3317 5605; x_wconf 88' lang='lat' dir='ltr'><strong>si</strong></span> <span class='ocrx_word' id='word_1_866' title='bbox 3346 5565 3466 5605; x_wconf 88' lang='lat' dir='ltr'><strong>cum</strong></span> <span class='ocrx_word' id='word_1_867' title='bbox 3491 5549 3583 5604; x_wconf 91' lang='lat' dir='ltr'><strong>illo</strong></span> <span class='ocrx_word' id='word_1_868' title='bbox 3614 5566 3714 5619; x_wconf 57' lang='lat' dir='ltr'><strong>puc</strong></span> 
     </span>
    </p>
   </div>
   <div class='ocr_carea' id='block_1_113' title="bbox 2128 5629 3714 5716">
    <p class='ocr_par' dir='ltr' id='par_1_113' title="bbox 2128 5629 3714 5716">
     <span class='ocr_line' id='line_1_113' title="bbox 2128 5629 3714 5716; baseline 0 -19"><span class='ocrx_word' id='word_1_869' title='bbox 2128 5659 2375 5714; x_wconf 86' lang='lat' dir='ltr'><strong>gncnms,</strong></span> <span class='ocrx_word' id='word_1_870' title='bbox 2396 5647 2557 5700; x_wconf 88' lang='lat' dir='ltr'><strong>Deum</strong></span> <span class='ocrx_word' id='word_1_871' title='bbox 2587 5646 2747 5701; x_wconf 85' lang='lat' dir='ltr'><strong>etiam</strong></span> <span class='ocrx_word' id='word_1_872' title='bbox 2771 5644 3162 5716; x_wconf 79' lang='lat' dir='ltr'><strong>impugnemus.</strong></span> <span class='ocrx_word' id='word_1_873' title='bbox 3180 5629 3314 5698; x_wconf 76' lang='lat' dir='ltr'><strong>Vide</strong></span> <span class='ocrx_word' id='word_1_874' title='bbox 3334 5643 3455 5698; x_wconf 88' lang='lat' dir='ltr'><strong>illos</strong></span> <span class='ocrx_word' id='word_1_875' title='bbox 3484 5643 3714 5713; x_wconf 79' lang='lat' dir='ltr'><strong>pruden—</strong></span> 
     </span>
    </p>
   </div>
   <div class='ocr_carea' id='block_1_114' title="bbox 2131 5734 3709 5807">
    <p class='ocr_par' dir='ltr' id='par_1_114' title="bbox 2131 5734 3709 5807">
     <span class='ocr_line' id='line_1_114' title="bbox 2131 5734 3709 5807; baseline 0 -18"><span class='ocrx_word' id='word_1_876' title='bbox 2131 5744 2211 5789; x_wconf 81' lang='lat' dir='ltr'><strong>ter</strong></span> <span class='ocrx_word' id='word_1_877' title='bbox 2237 5735 2603 5791; x_wconf 80' lang='lat' dir='ltr'><strong>defensionem</strong></span> <span class='ocrx_word' id='word_1_878' title='bbox 2632 5742 2901 5807; x_wconf 89' lang='lat' dir='ltr'><strong>parantes,</strong></span> <span class='ocrx_word' id='word_1_879' title='bbox 2934 5735 3099 5792; x_wconf 87' lang='lat' dir='ltr'><strong>Paulo</strong></span> <span class='ocrx_word' id='word_1_880' title='bbox 3139 5734 3340 5790; x_wconf 90' lang='lat' dir='ltr'><strong>nullam</strong></span> <span class='ocrx_word' id='word_1_881' title='bbox 3372 5735 3501 5805; x_wconf 89' lang='lat' dir='ltr'><strong>ipsis</strong></span> <span class='ocrx_word' id='word_1_882' title='bbox 3520 5751 3709 5791; x_wconf 79' lang='lat' dir='ltr'><strong>ansam</strong></span> 
     </span>
    </p>
   </div>
   <div class='ocr_carea' id='block_1_115' title="bbox 2129 5829 3722 5903">
    <p class='ocr_par' dir='ltr' id='par_1_115' title="bbox 2129 5829 3722 5903">
     <span class='ocr_line' id='line_1_115' title="bbox 2129 5829 3722 5903; baseline 0.002 -21"><span class='ocrx_word' id='word_1_883' title='bbox 2129 5829 2429 5899; x_wconf 64' lang='lat' dir='ltr'><strong>prmbentc.</strong></span> <span class='ocrx_word' id='word_1_884' title='bbox 2460 5830 2542 5886; x_wconf 85' lang='grc'><strong>10.</strong></span> <span class='ocrx_word' id='word_1_885' title='bbox 2575 5847 2594 5883; x_wconf 74' lang='lat' dir='ltr'><strong>t</strong></span> <span class='ocrx_word' id='word_1_886' title='bbox 2633 5830 2701 5886; x_wconf 78' lang='lat' dir='ltr'><strong>At</strong></span> <span class='ocrx_word' id='word_1_887' title='bbox 2726 5844 2849 5885; x_wconf 88' lang='lat' dir='ltr'><strong>cum</strong></span> <span class='ocrx_word' id='word_1_888' title='bbox 2878 5844 3069 5903; x_wconf 82' lang='lat' dir='ltr'><strong>magna</strong></span> <span class='ocrx_word' id='word_1_889' title='bbox 3095 5830 3363 5888; x_wconf 84' lang='lat' dir='ltr'><strong>dissensio</strong></span> <span class='ocrx_word' id='word_1_890' title='bbox 3394 5830 3531 5887; x_wconf 88' lang='lat' dir='ltr'><strong>facta</strong></span> <span class='ocrx_word' id='word_1_891' title='bbox 3553 5838 3722 5901; x_wconf 80' lang='lat' dir='ltr'><strong>esset,</strong></span> 
     </span>
    </p>
   </div>
  </div>
