4112 6430
405 383 508 437 339

405 503 600 556 timens
631 497 894 562 tribunus,
928 508 994 548 ne
1022 491 1418 559 discerperetur
1448 482 1642 538 Paulus
1670 479 1737 532 ab
1764 476 1863 539 eis,
1881 473 1995 544 jus-

404 593 470 647 sit
500 589 792 646 exercitum
819 583 1185 645 descendere;
1212 591 1506 649 raperequc
1525 574 1698 642 ipsum
1724 568 1794 623 de
1819 567 1998 621 medio

407 698 593 738 eorum
623 697 686 737 ac
715 679 988 736 deducere
1010 677 1062 730 in
1093 684 1291 730 castra.
1331 689 1350 722 ι
1380 669 1554 723 Timet
1575 663 1790 719 demum
1822 659 1996 713 tribu-

409 791 529 842 nus,
559 790 625 830 ne
653 773 1012 841 dieccrpatur,
1045 770 1166 840 quia
1195 767 1406 821 dixerat
1425 777 1484 817 se
1513 760 1814 814 Rmuanum
1847 766 1995 807 esse:

411 865 552 921 unde
579 879 684 920 non
721 866 840 922 sine
888 861 1129 932 periculo
1169 872 1256 913 res
1285 863 1419 911 erat.
1471 849 1660 906 V'idcn’
1687 847 1840 901 illum
1877 843 2000 913 jure

412 960 609 1014 lassum
635 973 757 1013 esse
780 972 839 1011 se
869 969 990 1010 esse
1019 955 1314 1007 Romanum
1337 949 1359 1002 ’ἶ
1381 945 1615 1016 alioquin
1647 957 1821 1013 neque
1856 952 2001 994 nunc

411 1064 556 1108 metu
587 1061 832 1106 retentus
859 1050 1068 1103 fuisset.
1114 1045 1395 1101 Exercitus
1426 1055 1556 1095 vero
1607 1038 1825 1094 demum
1856 1034 2000 1090 abri-

413 1148 489 1214 pit
514 1160 659 1201 eum.
693 1143 763 1199 Ut
805 1151 985 1196 autem
1031 1139 1279 1194 viderunt
1324 1135 1535 1190 scelesti
1558 1147 1746 1188 omnes
1777 1138 2002 1186 conatus

412 1254 540 1292 suos
587 1237 770 1291 irritos
809 1249 950 1299 esse,
1001 1247 1098 1303 per
1140 1245 1200 1286 se
1246 1228 1426 1282 omnia
1472 1226 1666 1280 faciunt
1706 1241 1718 1276 :
1753 1221 2005 1277 volebant

413 1331 630 1399 quidem
667 1337 722 1382 et
751 1326 980 1381 antehac
1007 1367 1021 1390 ,
1067 1323 1163 1379 sed
1193 1321 1415 1377 cohibiti
1463 1321 1674 1373 fuerant
1703 1333 1716 1368 :
1745 1317 1813 1370 ita
1834 1327 2002 1367 "num-

413 1436 572 1492 quam
600 1419 840 1474 subsistit
865 1416 1097 1486 nequitia
1126 1455 1142 1481 ,
1185 1421 1262 1469 tot
1305 1412 1464 1468 rebus
1495 1409 1786 1480 impedita:
1819 1419 2005 1476 quam-

415 1515 495 1568 κίε
522 1529 641 1584 qute
683 1527 790 1566 non
832 1510 1139 1580 dispensata
1184 1516 1369 1572 erant,
1404 1514 1459 1558 ιιι
1492 1511 1547 1558 et
1587 1502 1816 1555 furorem
1845 1496 2004 1550 seda-

415 1613 556 1670 rent,
587 1613 642 1658 et
670 1617 733 1657 ea
763 1602 1056 1663 discerent,
1086 1613 1181 1668 per
1208 1613 1328 1666 qua:
1370 1590 1774 1663 resipiscerent!
1803 1586 2005 1642 Nihilo-

417 1696 592 1750 minus
616 1696 836 1749 inStaut.
879 1691 1066 1762 Magna
1112 1697 1260 1745 certe
1306 1697 1389 1742 est
1427 1683 1672 1740 defensio
1722 1681 1835 1744 illa,
1860 1676 2003 1749 quod

419 1790 600 1855 homo,
632 1803 792 1858 quem
826 1802 950 1840 mox
976 1781 1298 1852 discerpturi
1325 1787 1500 1843 erant,
1529 1783 1714 1846 raptus
1744 1783 1887 1826 tanta
1915 1787 2006 1841 pe-

418 1879 582 1934 ricula
613 1876 876 1947 etl‘ttgerit.
913 1893 931 1926 ‹
959 1876 1046 1928 11.
1081 1870 1336 1942 Sequenti
1367 1879 1545 1923 autem
1579 1875 1732 1920 nocte
1747 1863 2006 1918 assistens

415 1974 464 2026 ei
488 1972 764 2036 Dominus,
789 1969 864 2023 ait
887 1985 900 2022 :
931 1967 1198 2023 Constans
1224 1973 1342 2020 esto
1369 1981 1381 2018 :
1409 1961 1549 2017 sicut
1580 1959 1722 2014 enim
1751 1957 2004 2012 testiﬁca-

421 2041 504 2116 tus
524 2075 583 2116 es
621 2060 688 2116 de
719 2075 804 2114 me
844 2059 896 2112 in
938 2057 1235 2113 Jerusalem
1259 2097 1272 2121 ,
1305 2054 1384 2109 sic
1407 2063 1459 2108 te
1483 2058 1695 2122 oportet
1725 2059 1781 2104 et
1819 2048 2007 2102 Romae

421 2151 714 2206 tesnﬁcari.
737 2150 821 2205 η.
849 2149 1010 2204 Facta
1041 2158 1220 2202 autem
1247 2146 1337 2201 die
1359 2144 1691 2215 collegerunt
1710 2157 1770 2198 se
1791 2140 2007 2211 quidam

417 2259 482 2297 ex
509 2241 739 2308 .Iudtnis,
776 2251 830 2296 et
856 2240 1192 2296 devoverunt
1215 2253 1272 2294 se
1294 2237 1551 2301 dicentes,
1587 2249 1758 2304 neque
1787 2231 2010 2286 mandu-

421 2346 642 2389 caturus
675 2349 850 2404 neque
897 2333 1182 2398 bibituros,
1212 2331 1384 2386 donec
1430 2328 1739 2384 occiderent
1762 2325 2004 2380 Paulum.

425 2427 514 2480 l3.
570 2426 732 2479 Erant
776 2433 954 2480 autem
1009 2424 1130 2495 plus
1173 2438 1331 2492 quam
1375 2421 1725 2491 quadraginta
1771 2418 1892 2484 viri,
1921 2418 2012 2486 qui

427 2517 564 2571 hanc
593 2517 1019 2585 conjurationem
1053 2515 1314 2571 fecerunt.
1349 2514 1691 2568 Devoverunt
1713 2511 1940 2580 seipsos,
1986 2528 2004 2560 ι

424 2611 615 2680 inquit.
647 2609 836 2665 Viden‘
861 2625 1019 2680 quam
1044 2609 1152 2664 sint
1179 2607 1396 2663 violenti
1429 2614 1482 2661 et
1509 2604 1799 2660 ulciscendi
1833 2603 2013 2671 cupidi

423 2705 476 2759 in
503 2703 758 2774 nequitia.
791 2703 926 2770 Quid
950 2712 1052 2768 est,
1084 2701 1153 2758 Se
1169 2703 1471 2756 devoverant
1494 2700 1518 2752 ?
1545 2699 1599 2754 Id
1627 2707 1730 2765 est,
1758 2699 2018 2753 Dixerunt

428 2811 488 2852 se
508 2811 628 2853 esse
653 2805 804 2851 extra
828 2795 987 2850 ﬁdem
1017 2796 1067 2849 in
1104 2794 1291 2860 Deum,
1323 2793 1426 2848 nisi
1451 2791 1594 2862 quod
1621 2791 1975 2846 decreverant
1997 2831 2013 2856 ,

424 2901 612 2947 eontra
642 2889 864 2943 Paulum
913 2887 1224 2958 implerent.
1270 2886 1413 2956 Ergo
1457 2899 1675 2952 semper
1713 2891 1839 2938 sunt
1888 2897 2017 2938 ana-

440 2979 769 3035 thentatizati
793 2979 866 3034 illi
895 2995 907 3032 :
941 2993 1115 3048 neque
1141 2977 1284 3034 enim
1326 2976 1639 3032 occiderunt
1674 2975 1918 3030 Paulum.
1953 2974 2020 3029 Et

427 3071 777 3143 quadraginta
804 3069 966 3124 simul
987 3070 1334 3124 conveniunt.
1364 3067 1512 3122 Talis
1538 3077 1718 3120 autem
1735 3081 1868 3136 gens
1894 3074 1977 3121 est
2003 3081 2016 3119 :

427 3163 642 3235 quando
670 3163 725 3217 in
760 3163 958 3217 bonum
986 3160 1414 3225 conveniendum
1437 3166 1540 3225 est,
1573 3173 1747 3228 neque
1773 3157 1878 3212 duo
1897 3172 2023 3212 con-

429 3263 680 3320 currunt;
714 3252 928 3324 quando
947 3262 1129 3308 autem
1161 3253 1212 3306 in
1241 3250 1464 3314 malum,
1499 3250 1728 3320 populus
1760 3256 1925 3304 totus.
1953 3249 2023 3304 Et

436 3349 616 3404 socios
643 3355 926 3403 assumunt
974 3345 1137 3402 etiam
1181 3344 1452 3415 principes
1484 3360 1499 3400 :
1527 3342 1650 3398 ideo
1687 3342 1789 3398 hoc
1815 3342 2023 3413 signiﬁ-

431 3457 562 3495 cans
591 3439 742 3495 addit
776 3457 790 3496 :
819 3440 910 3494 M.
948 3456 968 3490 ι
1002 3437 1102 3506 Qui
1134 3446 1482 3493 accesserunt
1522 3437 1589 3491 ad
1631 3437 1901 3507 principes
1937 3450 2026 3491 sa-

434 3531 712 3588 cerdotum
745 3539 799 3586 et
819 3530 1062 3586 seniores
1086 3571 1100 3596 ,
1124 3537 1179 3584 et
1205 3527 1459 3583 dixerunt
1487 3546 1499 3582 :
1526 3527 1821 3583 Devotione
1850 3525 2023 3582 devo-

436 3629 614 3681 vimus
657 3640 755 3680 nos
791 3624 926 3680 nihil
957 3631 1286 3695 gustaturos,
1326 3621 1500 3677 donec
1551 3620 1859 3676 occidamns
1888 3620 2020 3675 Pau«

439 3721 570 3775 lum.
605 3719 695 3775 15.
721 3718 874 3774 Nunc
920 3733 1049 3789 ergo
1099 3732 1194 3773 vos
1230 3725 1418 3772 notum
1458 3715 1617 3771 facile
1640 3715 1856 3770 tribuno
1903 3729 2025 3769 cum

437 3813 690 3879 concilio,
725 3820 782 3866 ut
807 3810 1065 3881 producat
1093 3810 1241 3865 illum
1272 3809 1339 3865 ad
1370 3823 1496 3877 vos,
1531 3819 1799 3878 tamquam
1828 3805 2028 3877 aliquid

440 3903 641 3957 certius
669 3901 981 3972 cognituros
1027 3899 1096 3956 de
1122 3915 1188 3955 eo
1233 3917 1247 3954 :
1287 3914 1385 3955 nos
1435 3915 1562 3954 vero
1590 3899 1899 3968 priusquam
1930 3912 2028 3967 ap-

445 3994 785 4064 propinquet,
812 3992 984 4063 parati
1012 4006 1198 4047 sumus
1238 3991 1542 4047 interﬁcere
1573 3991 1742 4046 illum.
1775 3990 1860 4046 16.
1893 3989 2029 4045 Cum

444 4086 688 4142 audisset
740 4095 920 4141 autem
976 4085 1118 4142 ﬁlius
1167 4085 1370 4139 sororis
1423 4084 1572 4140 Pauli
1603 4083 2035 4150 insidias,venit

444 4191 500 4236 et
533 4180 753 4235 intravit
802 4180 854 4235 in
907 4189 1081 4234 castra
1105 4220 1120 4245 ,
1157 4179 1527 4248 nuntiavitque
1571 4177 1758 4234 Paulo.
1812 4177 1899 4231 l7.
1931 4176 2035 4230 Vo-

443 4287 575 4327 cans
605 4280 786 4327 autem
839 4270 1040 4326 Paulus
1070 4269 1137 4325 ad
1181 4284 1241 4325 se
1276 4285 1439 4325 unum
1495 4284 1559 4325 ex
1605 4268 2031 4335 centurionibus,

443 4363 518 4418 ait
550 4380 565 4417 :
592 4362 1008 4418 Adolescentem
1040 4363 1184 4417 hunc
1215 4361 1416 4432 perduc
1441 4361 1508 4416 ad
1533 4361 1803 4417 tribunum
1831 4380 1843 4415 :
1872 4360 2036 4417 habet

447 4455 591 4510 enim
621 4455 821 4526 aliquid
851 4455 926 4510 illi
971 4455 1336 4511 indicandum.
1369 4455 1458 4512 18.
1492 4455 1562 4510 Ει
1585 4455 1678 4511 ille
1702 4455 1918 4526 quidem
1949 4469 2039 4511 as-

455 4564 675 4604 sumens
693 4564 841 4616 eum,
873 4549 1025 4604 duxit
1052 4549 1118 4603 ad
1143 4549 1438 4604 tribtmutn.
1478 4566 1496 4601 ι
1540 4547 1774 4603 Rursum
1806 4547 2037 4602 humana

449 4650 696 4698 servatur
743 4642 1101 4713 providentia.
1131 4641 1199 4696 Et
1227 4641 1384 4697 vide:
1420 4640 1623 4695 nullum
1665 4639 1860 4695 Paulus
1912 4638 2039 4694 sinit

454 4739 557 4792 huc
583 4736 829 4804 discere,
860 4750 1039 4806 neque
1082 4733 1455 4789 centurionem
1477 4774 1492 4800 ,
1527 4748 1596 4789 ne
1641 4747 1732 4787 res
1760 4731 2039 4787 manifesta

463 4829 633 4882 lieret.
673 4847 693 4880 ι
727 4827 796 4882 Ει
831 4827 1055 4882 veniens
1083 4825 1330 4881 centurio
1359 4823 1626 4880 nuntiavit
1671 4814 1888 4878 tribuno
1909 4863 1924 4888 ,
1955 4821 2040 4876 di-

455 4933 585 4974 cens
616 4936 629 4973 :
663 4919 886 4974 Vinetus
937 4919 1135 4974 Paulus
1176 4919 1386 4989 rogavit
1415 4933 1501 4972 me
1535 4917 1675 4971 hunc
1723 4916 2041 4970 adolescen-

457 5024 566 5069 tem
600 5013 900 5084 perducere
928 5013 994 5068 ad
1041 5021 1114 5079 te,
1168 5010 1455 5066 habentem
1497 5009 1694 5079 aliquid
1723 5006 1869 5077 loqui
1924 5006 2038 5061 tibi.

461 5105 546 5161 l9.
571 5104 994 5176 Apprehendens
1024 5113 1202 5158 autem
1232 5102 1478 5156 tribunus
1510 5115 1724 5155 manum
1754 5099 1920 5166 illius,
1953 5113 2042 5154 sc-

457 5198 621 5254 cessit
662 5213 783 5253 cum
809 5212 876 5253 eo
903 5211 1149 5253 seorsum
1173 5237 1187 5259 ,
1219 5205 1274 5250 et
1299 5193 1647 5264 interrogavit
1695 5207 1819 5248 eum
1853 5209 1868 5245 :
1905 5189 2044 5260 Quid

457 5302 572 5356 est,
602 5291 746 5362 quod
797 5289 964 5346 habes
1001 5287 1347 5345 indicandum
1397 5285 1568 5340 mihi?
1591 5285 1683 5341 20.
1736 5284 1830 5340 ille
1865 5291 2044 5338 autem

461 5384 626 5438 dixit:
660 5382 830 5439 Judaei
873 5382 1250 5452 conSpirarnnt
1282 5387 1340 5433 ut
1386 5387 1640 5448 rogarent
1681 5386 1760 5444 te,
1811 5384 1871 5432 ut
1923 5391 2046 5431 cra-

461 5478 602 5531 stina
630 5475 717 5532 die
748 5476 1013 5547 producas
1055 5473 1279 5530 Paulum
1325 5471 1377 5526 in
1407 5463 1695 5527 concilium
1718 5514 1731 5532 .
1768 5471 1918 5541 quasi
1945 5471 2047 5526 ali-

459 5571 586 5639 quid
614 5571 915 5626 accuratius
941 5567 1261 5624 sciseitatnri
1290 5567 1358 5621 ab
1407 5565 1522 5619 illo.
1571 5563 1662 5618 2|.
1694 5564 1773 5618 Tu
1812 5577 1941 5619 vero
1979 5578 2048 5619 ne

463 5675 671 5715 morem
717 5661 948 5730 gesseris
991 5660 1096 5714 illis
1129 5676 1143 5713 :
1175 5657 1496 5713 insidiantur
1534 5655 1677 5710 enim
1724 5669 1791 5710 ex
1841 5654 1903 5708 iis
1949 5655 2048 5710 viri

462 5749 646 5818 plures
689 5753 1074 5821 quadraginta,
1125 5751 1214 5820 qui
1260 5750 1467 5818 seipsos
1518 5747 1885 5814 devovcrunt,
1942 5764 2048 5804 non

468 5841 794 5900 manducare
832 5843 916 5900 vel
948 5843 1167 5910 bibere,
1219 5843 1390 5900 donec
1434 5843 1759 5900 interﬁciant
1799 5857 1959 5898 cum:
1993 5853 2048 5898 et

1112 374 1165 430 S.
1207 367 1483 427 JOANMS
1519 357 1991 422 CilliYSOSTOIdl
2033 354 2346 413 ARCIHEP.
2389 349 2922 409 CONSTANTINOP.
3592 349 3655 404 3!.

2111 485 2252 523 nunc
2292 467 2456 538 parati
2487 475 2610 520 sunt
2641 470 3018 534 exspectantes
3047 462 3366 532 promissum
3399 471 3568 517 tttttm.
3601 462 3693 516 2‘2.

2113 564 2385 618 Tribunus
2432 561 2592 631 igitur
2635 559 2839 614 dimisit
2882 557 3320 623 adolescentem,
3355 555 3694 626 prtccipicns,

2107 655 2318 710 Nemini
2341 653 2563 719 dixeris,
2594 652 2738 722 quod
2768 652 2883 706 haec
2908 651 2974 705 ad
3008 666 3092 704 me
3122 648 3388 705 retulcris.
3429 669 3447 702 ι

2178 746 2233 800 2.
2278 746 2419 801 Bene
2452 745 2697 800 tribunus
2744 745 2895 814 jubet
2923 742 3203 809 occultari,
3253 756 3321 796 ne
3376 741 3462 796 cui
3512 750 3696 796 notuut

2111 839 2222 892 ﬁat.
2287 839 2352 893 Et
2409 847 2534 892 tunc
2583 836 2714 891 dicit
2770 836 3217 899 centurionibus,
3268 835 3394 904 quid
3454 844 3697 904 oporteat

2113 930 2260 994 ﬁeri;
2293 939 2346 984 et
2387 929 2615 982 mittitur
2657 927 2959 983 Caesaream
2986 967 3002 993 ,
3030 936 3088 980 ut
3125 926 3236 980 illic
3267 924 3476 981 theatro
3505 927 3556 979 in
3588 941 3701 980 ma-

2105 1023 2227 1093 jore
2289 1021 2552 1087 disserat,
2593 1030 2645 1074 et
2699 1021 2752 1074 iu
2801 1019 3098 1091 frequentia
3161 1020 3525 1090 Splendidiore
3571 1037 3585 1073 :
3631 1037 3700 1076 ne

2111 1125 2332 1187 possent
2359 1116 2539 1170 dicere
2563 1114 2732 1170 Jud:ei
2759 1129 2772 1165 :
2804 1113 2858 1169 Si
2887 1112 3204 1168 vidissemus
3232 1113 3456 1168 Paulum
3475 1155 3489 1178 ,
3521 1113 3702 1169 credi-

2111 1208 2398 1272 dissetntts,
2450 1209 2495 1264 si
2526 1207 2863 1262 audissemus
2907 1205 3211 1260 docentem.
3274 1205 3397 1259 llaec
3444 1221 3572 1275 ergo
3599 1207 3706 1261 illis

2111 1300 2389 1355 excusatio
2419 1299 2622 1355 sublata
2654 1307 2759 1356 est.
2817 1295 2883 1350 Et
2928 1297 3158 1364 adstmts,
3212 1299 3404 1368 iuqttit,
3455 1297 3706 1352 Dominus

2113 1391 2244 1445 dixit
2269 1392 2313 1444 ei
2338 1408 2356 1444 :
2389 1388 2640 1446 Constans
2663 1399 2768 1444 esto
2793 1405 2812 1453 ,'
2852 1389 2982 1443 sicut
3013 1389 3146 1442 enim
3172 1390 3473 1458 testiﬁcatus
3509 1406 3560 1443 es
3582 1390 3706 1442 nti/tt

2121 1484 2174 1537 in
2198 1482 2512 1549 Jerusalem,
2560 1483 2631 1535 ita
2678 1491 2872 1553 oportet
2925 1491 2972 1536 le
3023 1483 3174 1536 etiam
3198 1480 3374 1535 Roma:
3423 1481 3703 1549 testiﬁcari.

2115 1573 2268 1640 Vide,
2302 1573 2460 1628 etiam
2513 1582 2791 1643 postquam
2838 1574 3084 1643 apparuit
3127 1574 3196 1638 ei,
3249 1573 3440 1628 iterum
3487 1573 3708 1642 permit-

2119 1665 2182 1720 tit
2208 1681 2332 1720 eum
2379 1664 2616 1720 humano
2656 1679 2808 1719 more
2848 1665 3072 1720 servari.
3106 1664 3175 1718 Et
3200 1664 3320 1734 jure
3355 1664 3576 1719 Paulum
3613 1665 3696 1719 ad-

2113 1758 2393 1825 miremur,
2426 1757 2703 1829 quomodo
2729 1774 2832 1813 non
2859 1757 3103 1812 turbatus
3134 1756 3290 1811 tuerit
3311 1799 3324 1824 ,
3356 1772 3528 1825 neque
3552 1756 3706 1813 dixe-

2114 1849 2184 1904 rit
2217 1869 2230 1904 :
2261 1848 2399 1916 Quid
2445 1852 2546 1903 hoc
2587 1848 2713 1903 est?
2752 1865 2877 1902 num
2924 1849 3182 1918 deceptus
3224 1864 3345 1902 sum
3389 1863 3417 1901 a
3448 1847 3708 1902 Christo?

2114 1941 2221 1997 Sed
2245 1942 2372 1996 nihil
2403 1941 2705 2012 hujusmodi
2733 1942 3025 2012 cogitavit,
3057 1942 3139 1996 vel
3171 1941 3365 1995 accidit
3397 1941 3470 2008 ei,
3498 1940 3589 1994 sed
3619 1955 3706 1994 so-

2116 2035 2224 2086 lttm
2252 2033 2522 2099 credidit;
2567 2050 2742 2104 neque
2786 2043 2963 2089 tamen
2991 2033 3113 2104 quia
3142 2033 3403 2101 credidit,
3453 2034 3705 2087 dormita-

2117 2125 2214 2190 vit,
2246 2125 2340 2179 sed
2369 2141 2488 2196 quae
2521 2124 2752 2179 humana
2792 2125 3058 2195 sapientia
3113 2125 3380 2195 provideri
3428 2133 3704 2194 poterant,

2117 2232 2222 2270 non
2254 2215 2616 2286 praetermisit.
2651 2215 2717 2270 Et
2745 2215 3037 2285 perpende,
3083 2215 3350 2286 quomodo
3373 2215 3448 2268 illi
3471 2215 3707 2269 necessi-

2120 2317 2150 2360 t.
2177 2317 2280 2361 tetu
2303 2306 2589 2377 quamdam
2612 2306 2712 2360 sibi
2744 2307 3115 2376 imposuerint,
3160 2321 3280 2360 cum
3323 2320 3444 2361 sese
3472 2305 3708 2360 devove-

2121 2406 2263 2454 rttut.
2296 2399 2434 2454 Ecce
2457 2397 2721 2468 jejunium
2755 2398 3030 2453 homicidii
3070 2407 3258 2453 mater.
3294 2399 3443 2454 Sicut
3471 2397 3713 2452 Herodes

2123 2506 2218 2560 per
2243 2490 2610 2560 juramcntum
2670 2490 3050 2546 necessitatem
3077 2489 3180 2546 sibi
3233 2489 3515 2560 imposuit,
3559 2488 3638 2543 sic
3659 2497 3715 2543 et

2122 2583 2230 2638 ἱςιὶ.
2255 2582 2414 2638 Tales
2435 2581 2583 2638 enim
2610 2590 2738 2638 sunt
2765 2583 2968 2638 diaboli
3000 2581 3230 2638 venandi
3273 2590 3456 2649 artes;
3501 2580 3715 2652 pietatis

2123 2677 2375 2732 nimirum
2397 2677 2579 2748 specie
2603 2676 2825 2746 laqueos
2868 2675 3058 2731 tendit.
3104 2675 3266 2746 Atqui
3302 2675 3542 2746 oportuit
3563 2689 3717 2729 acce-

2124 2769 2273 2837 dere,
2300 2769 2547 2825 incusare
2569 2811 2583 2834 ,
2616 2769 2828 2838 judiccs
2880 2783 3113 2840 cogere:
3147 2767 3264 2823 htec
3289 2767 3435 2823 enim
3460 2781 3567 2822 non
3593 2774 3716 2822 Slilll

2125 2859 2488 2926 sacerdotum,
2514 2859 2613 2915 sed
2643 2860 2912 2916 latronum
2939 2875 2955 2926 ;
2989 2861 3106 2916 lucc
3132 2874 3237 2914 non
3271 2859 3596 2930 principum,
3620 2856 3716 2910 sed

2128 2952 2574 3008 facinorosorum.
2602 2951 2668 3006 Et
2688 2950 2810 3007 vide
2840 2950 3134 3021 nequitiam
3157 2951 3431 3020 ingentem
3456 2966 3469 3002 :
3493 2963 3719 3003 nonsa-

2130 3045 2195 3099 tis
2223 3045 2439 3111 habent,
2464 3043 2607 3114 quod
2629 3058 2752 3100 sese
2778 3053 2964 3098 mutuo
3008 3049 3381 3110 corrumpant,
3423 3040 3520 3096 sed
3552 3042 3714 3096 etiam

2129 3139 2421 3208 principem
2451 3151 2554 3193 una
2579 3149 2935 3206 corrumpere
2963 3141 3220 3206 satagunt
3244 3148 3260 3187 :
3285 3131 3514 3202 ideoque
3544 3134 3721 3203 provi-

2129 3244 2248 3284 sum
2275 3240 2380 3297 est,
2414 3236 2472 3284 ut
2493 3229 2583 3283 ille
2603 3229 2764 3283 etiam
2796 3227 3034 3283 disceret
3073 3226 3313 3296 ipsorum
3340 3225 3583 3280 insidias.
3612 3227 3718 3296 Ipsi

2132 3339 2262 3380 vero
2287 3339 2394 3378 non
2443 3322 2618 3377 solum
2639 3337 2705 3377 ex
2748 3337 2836 3388 eo,
2886 3321 3027 3391 quod
3057 3320 3193 3375 nihil
3223 3317 3509 3374 dicendum
3558 3318 3723 3374 habe-

2133 3427 2271 3483 rent,
2304 3416 2400 3474 scd
2429 3417 2589 3473 etiam
2611 3432 2677 3473 ex
2706 3431 2793 3484 eo,
2827 3415 2972 3487 quod
2994 3415 3130 3470 clam
3155 3414 3492 3479 molirentur,
3525 3427 3723 3484 argue-

2133 3521 2258 3570 runt
2283 3526 2343 3567 se
2369 3511 2524 3566 nihili
2555 3525 2697 3566 esse.
2730 3508 3037 3565 Verisimile
3065 3518 3245 3565 autem
3288 3515 3372 3563 est
3401 3507 3546 3571 illos,
3579 3513 3727 3576 post-

2136 3620 2300 3676 quam
2331 3603 2532 3659 Paulus
2586 3602 2906 3658 amandatus
2946 3609 3068 3667 est,
3119 3614 3365 3655 summos
3417 3597 3730 3654 sacerdotes

2135 3697 2354 3764 adiisse,
2403 3703 2459 3752 et
2503 3709 2564 3750 re
2610 3692 2809 3748 iniecta
2860 3692 3066 3762 pudore
3107 3690 3340 3745 suﬁ‘usos
3380 3689 3725 3744 abscessisse.

2136 3787 2267 3842 Jure
2312 3796 2494 3842 autem
2548 3784 2652 3840 hoc
2698 3784 2825 3839 facit
2875 3784 3162 3837 tribunus:
3197 3781 3413 3836 nolebat
3461 3779 3605 3836 enim
3646 3795 3724 3835 ve.

2135 3879 2426 3951 gratiﬁcari
2458 3878 2544 3933 vel
2574 3892 2833 3932 annuere.
2875 3876 2941 3930 Et
2967 3874 3258 3945 quomodo,
3293 3872 3536 3944 inquies,
3561 3871 3731 3949 credi-

2137 3970 2218 4026 dit
2242 3984 2366 4025 vera
2389 3984 2532 4036 esse,
2565 3984 2687 4039 quae
2713 3969 2781 4022 ab
2807 3967 3156 4023 adolescente
3200 3965 3627 4022 nuntiabantur?
3655 3965 3732 4020 Ex

2140 4063 2227 4125 iis,
2255 4077 2377 4133 qua:
2398 4061 2508 4131 jam
2539 4068 2856 4124 evenerant,
2885 4058 3248 4129 conjectabat,
3276 4060 3400 4130 quia
3426 4068 3481 4114 et
3503 4059 3605 4114 hoc
3627 4057 3732 4112 l'ac-

2145 4166 2297 4211 turos
2325 4155 2447 4210 illos
2463 4168 2586 4209 esse
2624 4153 2920 4208 verisimile
2963 4159 3099 4208 erat.
3125 4152 3192 4208 Et
3226 4152 3347 4208 vide
3398 4153 3688 4222 nequitiam
3718 4172 3730 4206 :

2141 4250 2294 4321 quasi
2340 4249 2718 4304 necessitatem
2774 4245 3000 4302 summis
3025 4245 3733 4302 sacerdotibusintulerunt.

2148 4343 2211 4398 Et
2242 4357 2311 4397 ne
2339 4340 2554 4396 mireris
2583 4356 2596 4392 :
2633 4354 2754 4393 nam
2784 4339 2828 4393 si
2857 4345 3060 4393 tantum
3088 4337 3140 4391 in
3172 4351 3230 4392 se
3252 4345 3606 4407 susceperunt
3635 4334 3730 4402 illi,

2144 4445 2200 4490 et
2228 4449 2390 4490 omne
2433 4431 2727 4502 periculum
2786 4437 3169 4501 acceptarunt,
3201 4429 3370 4483 ntulto
3421 4428 3593 4499 magis
3619 4426 3736 4481 illos

2149 4525 2641 4597 idipsumlacturos
2669 4539 2792 4580 esse
2834 4511 3132 4578 verisimile
3153 4529 3290 4578 erat.
3345 4521 3554 4588 Viden‘,
3597 4535 3735 4590 quo-

2147 4617 2310 4674 modo
2350 4625 2701 4673 externorum
2743 4614 3012 4672 sententia
3058 4614 3320 4669 innocens
3360 4621 3476 4669 erat
3517 4611 3734 4678 Paulus,

2151 4721 2209 4767 ut
2235 4720 2290 4767 et
2315 4709 2569 4765 Christus
2606 4707 2746 4778 apud
2780 4705 3049 4762 Pilatum?
3096 4705 3201 4762 Sed
3219 4705 3340 4760 vide
3388 4703 3678 4776 nequitiam
3709 4718 3738 4755 a

2150 4804 2325 4874 selpsa
2366 4810 2723 4873 expugnatam
2751 4817 2765 4854 :
2794 4815 2916 4855 nam
2942 4799 3280 4854 tradiderunt
3306 4798 3477 4863 illutn,
3507 4806 3562 4852 ut
3583 4797 3717 4851 dam

2152 4908 2345 4954 narent
2391 4897 2850 4965 occiderentque:
2893 4903 2947 4950 et
2993 4893 3327 4949 contrarium
3367 4891 3576 4958 evenit;
3627 4891 3736 4959 ipse

2152 5004 2383 5060 namque
2424 4987 2603 5042 salvus
2649 4985 2845 5046 evadit,
2885 4993 2941 5040 et
2985 4985 3242 5039 innocens
3285 4983 3571 5052 reperitur.
3629 4981 3740 5036 Nisi

2153 5081 2297 5136 enim
2348 5080 2417 5133 ita
2463 5077 2785 5142 accidisset,
2818 5075 3122 5145 discerptus
3166 5073 3463 5131 t‘uisset:si
3503 5088 3606 5129 non
3646 5073 3739 5138 ita,

2155 5171 2405 5244 periisset
2432 5180 2488 5226 et
2509 5171 2796 5226 damnatus
2847 5168 3055 5222 luisset.
3107 5166 3225 5223 Non
3265 5167 3438 5222 solum
3469 5175 3646 5222 autem
3677 5163 3744 5220 ab

2155 5267 2258 5321 hoc
2286 5264 2488 5334 impetu
2509 5263 2702 5317 liberat
2725 5262 2897 5331 ipsum
2922 5260 3200 5326 tribunus;
3229 5260 3324 5315 sed
3355 5260 3519 5316 etiam
3545 5258 3697 5329 juvat
3722 5295 3735 5323 ,

2157 5369 2215 5415 ut
2257 5359 2374 5414 sine
2396 5355 2640 5428 periculo
2688 5370 2810 5410 cum
2854 5363 2999 5408 tanta
3041 5353 3268 5409 militum
3313 5363 3485 5407 turma
3530 5350 3738 5407 evadat.

2155 5452 2228 5508 Et
2250 5449 2539 5522 quomodo,
2570 5447 2694 5502 audi
2731 5444 3048 5516 :subjungit
3092 5446 3236 5500 enim
3264 5444 3368 5501 :25
3403 5462 3421 5495 t
3461 5444 3528 5498 Et
3554 5456 3738 5498 accer-

2158 5545 2276 5600 sitis
2305 5542 2516 5598 duobus
2543 5541 2861 5611 quibusdam
2903 5538 3310 5594 centurionibus
3333 5580 3350 5605 ,
3379 5536 3515 5593 dixit
3549 5556 3561 5592 :
3595 5536 3743 5591 Prag-

2159 5645 2346 5709 parate
2397 5635 2528 5689 milii
2601 5633 2801 5689 milites
2852 5633 3148 5695 ducentos,
3209 5639 3268 5684 ut
3337 5629 3743 5700 proﬁciscantur

2158 5729 2458 5785 Caesaream
2483 5767 2498 5792 ,
2531 5735 2583 5781 et
2614 5725 2822 5794 equites
2849 5723 3206 5792 septuaginta,
3239 5729 3292 5777 et
3317 5719 3616 5776 lancearios
3643 5718 3738 5773 du-

2161 5829 2370 5885 centos,
2403 5834 2432 5873 a
2466 5820 2619 5874 tertia
2645 5817 2774 5872 hora
2806 5814 2977 5871 uectis
3008 5833 3020 5871 :
3060 5813 3151 5871 21.
3179 5823 3228 5870 ct
3257 5813 3499 5884 jutneuta
3529 5825 3740 5883 pracpa-
