4112 6412
338 368 447 425 5'59

335 485 577 552 Παῦλος
600 484 704 540 ὑπ’
727 485 948 553 αὐτῶν,
972 487 1260 543 ἐκέλευσε
1286 486 1354 542 τό
1377 489 1718 560 στράτευμα
1747 489 2013 544 καταϐὰν

331 575 601 642 ἁρπάσαι
657 573 846 628 αὑτὸν
898 574 967 628 ἐκ
1013 570 1211 644 μέσου
1266 575 1486 644 αὐτῶν,
1536 577 1785 648 ἀγαγεῖν
1820 595 1888 632 τε
1919 580 2008 645 είς

332 658 449 728 τὴν
474 660 887 730 παρεμϐολήν.
939 660 1187 716 Φοϐεῖται
1242 661 1428 717 λοιπὸν
1490 666 1519 719 6
1578 664 1881 736 χιλίαρχος,
1934 666 2011 738 μὴ

328 748 663 821 διασπασθῇ.
706 748 896 823 ἐπειδὴ
916 745 1091 817 εἶπεν,
1114 752 1197 806 ὅτι
1237 752 1505 823 Ῥωμαῖός
1538 755 1685 808 ἐστιν
1715 771 1728 785 ·
1759 755 1883 809 ὅθεν
1915 756 2012 809 καὶ

329 835 432 889 οὐκ
461 836 745 890 ἀκίνδυνον
784 832 853 909 ἦν
892 837 950 891 τὸ
977 840 1229 910 πρᾶγμα.
1275 840 1460 911 Ὁρᾷς,
1490 841 1572 894 ὅτι
1600 841 1824 905 δικαίως
1860 841 2009 912 ὡμοο

330 922 562 994 λόγησεν
613 925 805 979 ἐαυτὸν
838 927 1109 998 Ῥωμαῖον
1160 922 1330 996 εἷναι;
1380 924 1418 1000 ἦ
1465 929 1574 1002 γὰρ
1619 928 1688 983 ἀν
1742 930 1862 983 οὐδὲ
1916 928 2012 982 νῦν

332 1011 599 1084 ἐφοϐήθη.
627 1012 737 1067 Kal
764 1012 827 1067 τὸ
858 1012 960 1084 μὲν
984 1015 1303 1087 στράτευμα
1328 1016 1516 1071 λοιπὸν
1542 1017 1784 1087 ἁρπάζει
1825 1018 2007 1073 αὐτόν.

344 1098 433 1163 Ὦς
465 1099 520 1152 δέ
544 1094 686 1153 εἶδον
731 1100 783 1154 οἱ
833 1098 1020 1173 μ’ίαροὶ
1075 1102 1253 1158 πάντα
1304 1106 1566 1177 ἀνήνυτα,
1611 1105 1691 1159 δι’
1713 1105 1923 1162 ἑαυτῶν
1950 1106 2013 1160 τὸ

335 1193 444 1244 πᾶν
476 1190 714 1253 ποιοῦσι,
742 1189 1102 1262 βουληθέντες
1137 1192 1239 1265 μὲν
1297 1193 1394 1249 καὶ
1447 1195 1556 1266 πρὸ
1584 1194 1797 1262 τούτου,
1831 1194 2011 1250 κωλυ-

336 1279 518 1345 θέντες
542 1278 602 1333 δέ
631 1295 645 1309 θ
678 1278 855 1342 οὕτως
909 1279 1148 1351 οὐδαμοῦ
1207 1282 1422 1337 ἵσταται
1450 1283 1483 1354 ή
1515 1284 1684 1338 κακία
1734 1284 2013 1347 τοσούτοις

338 1365 717 1438 ἐγκοπτομένη
745 1383 759 1398 ·
797 1366 974 1421 καίτοι
1024 1368 1168 1421 πόσα
1218 1369 1564 1443 ᾠκονομήθη,
1623 1370 1765 1426 ὥστε
1798 1370 2012 1424 καὶτοῦ

337 1454 509 1526 θυμοῦ
539 1453 883 1524 καθυφεῖναι,
931 1456 1026 1509 καὶ⁵
1058 1456 1252 1528 μαθεῖν
1294 1457 1375 1512 δι’
1411 1450 1488 1513 ὧν
1518 1458 1771 1512 ἐδύναντο
1792 1458 2014 1527 ἀνενεγ-

332 1546 476 1607 κεῖν.
516 1541 655 1597 Ἀλλ’
674 1542 829 1627 οὐδὲν
853 1537 1016 1616 ἦττον
1059 1546 1403 1614 ἐφίστανται.
1447 1546 1627 1619 Ἰκανὴ
1667 1545 1797 1616 γοῦν
1827 1544 2009 1618 ἐκείνη

340 1634 376 1703 ή
406 1631 685 1701 ἀπολογία,
715 1630 778 1684 τὺ
808 1628 1074 1702 μέλλοντα
1098 1631 1434 1688 διασπᾶσθαι
1470 1633 1563 1688 τὸν
1595 1632 1881 1705 ἄνθρωπον
1909 1633 2009 1704 ἀρ-

349 1722 633 1787 πάζεσθαι,
662 1723 756 1776 καὶ
793 1722 1082 1789 τοσούτους
1118 1735 1138 1755 ·
1171 1725 1448 1790 κινδύνους
1468 1725 1751 1797 διαφυγεῖν
1787 1741 1803 1757 ο
1843 1724 1923 1794 Τῇ
1946 1723 2012 1779 δὲ

345 1811 595 1878 ἐπιούσῃ
623 1812 793 1866 νυκτὶ
814 1812 1069 1879 ἐπιστὰς
1090 1811 1250 1879 αὐτῷ
1275 1816 1308 1868 ό
1329 1814 1562 1883 Κύριος,
1584 1811 1737 1869 εἴπεο
1764 1813 2009 1884 Θάρσει·

343 1897 423 1964 ὡς
457 1896 565 1966 γὰρ
611 1897 973 1968 διεμαρτύρω
1005 1900 1080 1955 τὰ
1121 1902 1256 1969 περὶ
1284 1901 1434 1971 ἐμοῦ
1466 1905 1554 1969 εἰς
1591 1900 2011 1973 Ἰερουσαλὴμ,

342 1985 495 2039 οὕτω
516 2000 591 2039 σε
619 1984 713 2039 δεῖ
758 1987 857 2043 καί
891 1991 978 2053 είς
1016 1988 1251 2058 Ῥώμην
1292 1990 1695 2060 μαρτυρῆσαι.
1751 1991 2015 2060 Γενομέ-

341 2092 454 2143 νης
479 2073 545 2127 δέ
574 2072 821 2143 ἠμέρας,
850 2076 1216 2144 ποιήσαντες
1250 2080 1304 2131 οἱ
1340 2078 1605 2133 Ἰουδαῖοι
1631 2078 2014 2148 συστροφὴν,

344 2160 783 2231 ἀνεθεμάτισαν
812 2162 1065 2230 ἑαυτοὺς
1092 2163 1180 2234 μὴ
1227 2165 1444 2235 φαγεῖν
1479 2165 1637 2236 μηδὲ
1672 2166 1834 2221 πιεῖν
1854 2209 1870 2234 ,
1904 2166 2019 2235 ἕως

343 2246 414 2307 οῦ
436 2249 701 2304 ἀνέλωσι
733 2247 841 2302 τόν
870 2249 1136 2307 Παῦλον.
1172 2246 1380 2307 ’Ἦσαν
1394 2252 1463 2307 δὲ
1510 2254 1762 2320 πλείους
1794 2268 2019 2308 τεσσα-

339 2338 605 2407 ράκοντα
638 2342 692 2394 οὶ
725 2339 953 2407 ταύτην
990 2337 1107 2408 τὴν
1156 2340 1553 2410 συνωμοσίαν
1599 2341 2014 2409 πεποιηκότες.

345 2426 816 2496 Ἀνεθεμάτισαν
863 2426 1139 2494 ἑαυτοὺς,
1179 2428 1367 2498 φησίν.
1410 2429 1573 2502 Ὁρᾷς
1595 2429 1713 2495 πῶς
1741 2431 1846 2484 εἰσι
1894 2447 2020 2499 σφο-

347 2515 461 2588 δροὶ
521 2517 618 2570 xal
655 2516 943 2587 ἀμυντικοὶ
970 2516 998 2558 δ
1026 2518 1155 2589 περί
1183 2516 1281 2589 τὴν
1312 2517 1549 2584 κακίαν;
1585 2518 1650 2572 Τί
1686 2519 1855 2582 ἐστιν,
1896 2519 2019 2573 Ἀν-

346 2602 704 2674 εθεμάτισαν
719 2618 738 2667 ;
766 2604 914 2657 ’Δντὶ
939 2602 1211 2670 τοῦ,”Εξω
1241 2600 1380 2658 εἶναι
1400 2605 1500 2677 τῆς
1520 2608 1601 2670 είς
1626 2605 1759 2660 Θεὸν
1784 2607 2021 2670 πίστεως

349 2686 524 2757 εἷπον,
564 2692 614 2745 εἰ
657 2692 733 2762 μὴ
784 2691 845 2745 τὸ
897 2690 1053 2757 δόξαν
1106 2692 1248 2747 κατά
1288 2690 1505 2746 Παύλου
1533 2695 1837 2764 ποιήσαιεν.
1877 2695 2021 2765 Ἀρα

347 2780 642 2844 διαπαντός
689 2782 830 2834 εἰσιν
876 2780 1440 2851 ἀνατεθεματισμένοι
1500 2782 1697 2836 ἐκεῖνοι
1734 2798 1749 2813 ·
1794 2782 1856 2836 οὐ
1915 2782 2022 2854 γὰρ

350 2868 675 2923 ἀπέκτειναν
701 2866 794 2921 τὸν
818 2867 1051 2923 Παῦλον.
1093 2868 1205 2922 Kal
1233 2868 1644 2939 τεσσαράκοντα
1665 2869 1802 2941 ὁμοῦ
1830 2869 2024 2940 συνέρ-

349 2972 536 3026 χονται
566 2966 614 3012 ο.
635 2953 888 3010 Τοιοῦτον
923 2956 1033 3027 γὰρ
1066 2955 1128 3009 τὸ
1170 2955 1342 3023 ἔθνος,
1388 2956 1518 3010 ὅταν
1569 2956 1667 3028 μὲν
1699 2959 1794 3011 ἐπὶ
1836 2958 2025 3029 ἀγαθῴ

349 3043 444 3116 δέῃ
479 3043 863 3115 συμφωνῆσαι,
902 3042 1023 3096 οὐδὲ
1064 3043 1158 3096 δύο
1200 3043 1585 3115 συντρέχουσιν
1615 3062 1628 3076 υ
1663 3046 1792 3100 ὅταν
1829 3046 1888 3100 δὲ
1933 3045 2027 3099 ἐπὶ

352 3131 531 3203 κακῷ,
561 3131 733 3203 δῆμος
756 3130 1066 3202 ὁλόκληρος.
1101 3131 1212 3185 Kal
1249 3130 1589 3203 λαμϐάνουσι
1617 3132 1907 3197 κοινωνοὺς
1935 3134 2029 3187 καὶ

352 3220 480 3284 τοὺς
501 3221 769 3291 ἄρχοντας
796 3235 811 3249 ο
841 3218 922 3274 διὸ
941 3218 1036 3272 καὶ
1068 3218 1226 3274 τοῦτο
1252 3217 1429 3290 δηλῶν
1458 3220 1763 3291 ἐπήγαγεν’
1799 3221 2031 3287 Οἵτινες

355 3309 797 3377 προσελθόντες
832 3306 958 3373 τοῖς
991 3306 1335 3378 ἀρχιερεῦσι
1376 3307 1477 3362 καὶ
1531 3308 1658 3374 τοῖς
1704 3307 2032 3377 πρεσϐυτέο

357 3412 484 3462 ροις
534 3391 709 3450 εἷπον
751 3411 768 3428 ο
818 3393 1166 3463 Ἀναθέματι
1220 3395 1734 3465 ἀνεθεματίσαμεν
1778 3395 2032 3463 ἑαυτοὺς

360 3481 623 3551 μηδενός
648 3484 1000 3554 γεύσασθαι,
1023 3482 1135 3549 ἕως
1163 3479 1234 3539 οὗ
1260 3483 1712 3553 ἀποκτείνωμεν
1744 3472 1852 3538 τόν
1874 3484 2034 3538 Παῦ-

367 3571 501 3623 λον.
536 3569 663 3624 Νῦν
690 3566 986 3641 οῦνύμεῖς
1013 3570 1386 3640 ἐμφανίσατε
1409 3569 1664 3637 ἑαυτοὺς
1690 3570 1773 3636 τῷ
1810 3569 2035 3641 χιλιάρ-

367 3672 455 3725 χῳ
484 3657 555 3710 ἐν
580 3654 659 3722 τῷ
702 3656 1013 3726 συνεδρίῳ,
1070 3657 1231 3724 ὅπως
1288 3657 1479 3712 αὐτὸν
1536 3657 1844 3729 καταγάγῃ
1883 3658 2035 3728 πρὸς

365 3742 541 3814 ὑμᾶς,
571 3746 651 3810 ὡς
677 3742 1016 3813 μέλλοντας
1054 3744 1473 3816 διαγινώσκειν
1502 3745 1928 3817 ἀκριϐέστερον
1963 3747 2036 3802 τὰ

368 3833 497 3902 περὶ
529 3832 716 3887 αὑτοῦ
736 3850 750 3864 ·
793 3833 966 3904 ἡμεῖς
987 3833 1075 3897 δὲ,
1099 3831 1212 3902 πρὸ
1242 3832 1353 3888 τοῦ
1383 3832 1622 3905 ἐγγίσαι
1650 3835 1857 3900 αὑτὸν,
1888 3835 2039 3890 ἕτοι-

362 3920 465 3988 μοί
493 3920 681 3990 ἐσμεν
719 3920 826 3975 τοῦ
876 3920 1121 3976 ἀνελεῖν
1155 3920 1362 3976 αὐτόν.
1405 3923 1693 3991 Ἀκούσας
1731 3922 1801 3977 δὲ
1846 3927 1881 3978 ὁ
1906 3925 2038 3991 υίὸς

366 4007 477 4078 τῆς
517 4007 792 4079 ἀδελφῆς
833 4010 1081 4065 Παύλου
1130 4009 1197 4064 τὸ
1239 4009 1509 4079 ἐνεδρον,
1554 4012 2041 4083 παραγενόμενος

370 4096 467 4150 καὶ
491 4097 784 4152 εἰσελθὼν
823 4097 911 4164 είς
970 4096 1087 4166 τὴν
1132 4097 1555 4168 παρεμϐολὴν,
1592 4099 1925 4171 ἀπήγγειλε
1959 4100 2040 4167 τῷ

374 4185 608 4251 Παύλῳ.
650 4184 1237 4255 Προσκαλεσάμενος
1292 4185 1361 4240 δὲ
1416 4190 1450 4241 ό
1500 4187 1742 4256 Παῦλος
1770 4188 1879 4244 ἕνα
1920 4189 2042 4244 τῶν

371 4271 842 4343 ἑκατοντάρχων,
872 4273 988 4343 ἔφη
1007 4290 1021 4304 ·
1069 4275 1181 4329 Τὸν
1220 4275 1472 4330 νεανίαν
1512 4276 1733 4331 τοῦτον
1772 4277 2044 4349 ἀπάγαγε

372 4357 523 4424 πρὸς
552 4359 657 4411 τὸν
697 4358 1015 4429 χιλίαρχον
1040 4374 1057 4421 ξ
1087 4359 1214 4430 ἔχει
1248 4360 1360 4430 γάρ
1380 4378 1437 4415 τι
1469 4361 1825 4433 ἀπαγγεῖλαι
1860 4363 2040 4430 αὐτῷ.

383 4445 447 4498 '0
463 4445 580 4514 μὲν
600 4439 712 4500 οὖν
750 4445 1116 4515 παραλαϐὼν
1146 4447 1354 4521 αὑτὸν,
1385 4447 1573 4518 ἤγαγε
1626 4450 1777 4519 πρὸς
1821 4450 1931 4505 τὸν
1955 4469 2046 4521 χι-

372 4533 646 4601 λίαρχον.
675 4534 848 4589 Πάλιν
897 4534 977 4588 δι’
1017 4520 1365 4608 ἀνθρωπίνης
1401 4536 1631 4603 σώζεται
1679 4520 2040 4611 προμηθείας.

374 4621 484 4677 Καὶ
525 4623 630 4689 ὅρα
655 4638 671 4653 ο
710 4625 740 4677 6
770 4619 985 4688 Παῦλος
1037 4624 1231 4679 οὐδένα
1276 4626 1468 4697 ἀφίησι
1524 4627 1737 4697 μαθεῖν,
1801 4628 1926 4682 οὐδὲ
1953 4629 2045 4684 τὸν

374 4710 786 4781 ἑκατόνταρχον,
799 4710 940 4765 ὥστε
965 4711 1040 4784 μὴ
1066 4710 1128 4766 τὸ
1144 4713 1377 4784 πρᾶγμα
1395 4713 1646 4781 γενέσθαι
1662 4714 2044 4786 διόδηλον.Καὶ

372 4797 565 4852 ἐλθὼν
585 4803 618 4854 ό
643 4796 792 4870 [566]
810 4799 1265 4871 ἑκατόνταρχος,
1296 4799 1613 4870 ἀνήγγειλε
1635 4802 1716 4868 τῷ
1736 4803 2045 4873 χιλιάρχῳ,

373 4887 570 4956 λέγων
594 4903 607 4917 ·
667 4887 730 4941 '0
765 4887 1013 4958 δέσμιος
1046 4890 1287 4957 Παῦλος
1322 4891 1903 4962 προσκαλεσάμενός
1944 4911 2047 4965 με,

374 4972 648 5042 ἠρώτησε
702 4974 922 5031 τοῦτον
976 4975 1085 5031 τὸν
1151 4978 1404 5033 νεανίαν
1450 4978 1699 5049 ἀγαγεῖν
1755 4980 1909 5050 πρὸς
1951 4980 2047 5047 σὲ,

373 5059 594 5129 ἔχοντά
620 5079 677 5115 τι
695 5062 971 5132 λαλῆσαί
1001 5080 1121 5119 σοι.
1169 5064 1637 5136 Έπιλαϐόμενος
1684 5067 1754 5122 δὲ
1790 5067 1906 5139 τῆς
1928 5085 2052 5139 χει-

367 5147 480 5218 ρὸς
499 5150 688 5205 αὐτοῦ
718 5153 752 5205 ό
790 5152 1103 5221 χιλίαρχος
1128 5153 1228 5208 καί
1272 5154 1676 5225 ἀναχωρήσας
1704 5156 1834 5211 κατ’
1869 5157 2047 5221 ἰδίαν,

372 5236 746 5292 ἐπυνθάνετο
780 5253 797 5270 ο
844 5238 907 5294 Τί
956 5239 1149 5306 ἐστιν,
1206 5239 1238 5294 ὃ
1290 5242 1452 5311 ἔχεις
1493 5243 1866 5314 ’ἀπαγγεῖλαί
1913 5262 2048 5315 μοι;

375 5319 524 5379 Εἷπε
546 5324 632 5387 δὲ.
657 5324 748 5380 ὅτι
782 5326 1059 5383 Ἰουδαῖοι
1091 5328 1420 5385 συνέθεντο
1472 5331 1583 5387 τοῦ
1628 5331 1926 5401 ἐρωτῆσαί
1954 5347 2051 5398 σε,

374 5419 535 5489 ὅπως
558 5422 770 5492 αὔριον
802 5424 912 5479 τὸν
953 5426 1204 5481 Παῦλον
1250 5427 1595 5499 καταγάγῃς
1651 5431 1739 5495 εἰς
1784 5427 1852 5482 τὸ
1905 5441 2055 5484 συν·

372 5507 573 5578 έδριον
602 5510 684 5578 ὡς
713 5514 1068 5580 μελλόντων
1085 5532 1142 5571 τι
1179 5514 1604 5585 ἀκριϐέστερον
1643 5516 2054 5572 πυνθάνεσθαι

374 5597 510 5667 παρ’
577 5600 788 5657 αὐτοῦ.
851 5601 938 5656 Σὺ
995 5601 1110 5657 οῦν
1176 5602 1264 5674 μὴ
1324 5602 1581 5671 πεισθῇς
1633 5604 1838 5672 αὐτοῖς
1887 5622 1904 5637 ·
1958 5606 2055 5661 ἐν-

373 5683 692 5754 εδρεύουσι
743 5688 853 5759 γὰρ
881 5688 951 5755 ἐξ
988 5688 1189 5745 αὐτῶν
1215 5689 1430 5759 ἄνδρες
1476 5690 1728 5756 πλείους
1762 5694 2057 5762 τεσσαρά-

440 5808 465 5878 ξ¹
483 5807 623 5878 Uqus
644 5811 774 5878 γ.
785 5812 842 5860 τὸ
855 5814 1146 5878 διασωθῆναι
1168 5813 1711 5878 μέλλονταᾲδιασπᾶσθαι
1721 5814 1803 5863 τὸν
1813 5815 2058 5878 ἄνθρωπον

377 5868 457 5939 καὶ
478 5870 606 5939 τούς.
676 5874 799 5939 bSig:
821 5868 1085 5939 lresgodd.
1113 5868 1335 5939 et'SpviI.
1362 5889 1376 5936 ;
1404 5876 1569 5927 Monlf.
1597 5868 2052 5939 ζημιωτικοὶ.“Ευιιι.

379 5929 732 5997 ’Συνερχονται
772 5933 823 5984 in
867 5936 1160 6000 quibusdam
1200 5935 1359 5989 deest.

1408 373 1474 429 ΙΝ
1512 375 1692 432 ACTA
1734 375 2270 437 APOSTOLORUM.
2312 380 2549 438 IIOMIL.
2592 382 2799 438 ΧΙΛΧ..

3678 394 3788 447 340

2119 509 2325 559 κοντα,
2361 496 2581 562 οἵτινες
2623 495 3065 579 ἀνεθεμάτισαν
3107 496 3362 565 ἑαυτοὺς
3383 502 3538 570 μήτε
3573 511 3789 579 φαγεῖν

2109 582 2266 650 μήτε
2292 583 2471 647 πιεῖν,
2501 583 2613 649 ἕως
2658 578 2731 639 οὗ
2783 584 3048 638 ἀνέλωσι
3078 584 3188 639 τὸν
3216 587 3464 644 Παῦλον
3488 604 3503 620 ⁶
3527 596 3627 649 καὶ
3668 578 3785 651 νῦν

2112 667 2337 739 ἕτοιμοί
2358 673 2478 725 εισι
2519 670 2991 741 προσδεχόμενοι
3044 672 3160 740 τὴν
3199 676 3361 743 παρὰ
3380 678 3500 733 σοῦ
3534 680 3790 754 ἐπαγγε-

2111 758 2274 814 λίαν.
2319 756 2383 812 '0
2401 758 2521 828 μὲν
2554 755 2669 814 οῦν
2706 761 3019 829 χιλίαρχος
3057 760 3332 817 ἀπέλυσε
3378 765 3488 820 τὸν
3513 772 3788 837 νεανίαν,

2113 847 2515 917 παραγγείλας
2575 847 2794 918 μηδενὶ
2865 848 3225 918 ἐκλαλῆσαι,
3280 851 3370 908 ὅτι
3424 854 3793 927 ἐνεφάνισας

2113 936 2299 990 ταῦτα
2328 936 2477 1004 πρός
2492 953 2589 1005 με.
2830 990 2833 991 ,

2184 1025 2250 1096 β’.
2287 1024 2479 1090 Καλῶς
2508 1025 2536 1077 6
2559 1024 2835 1096 χιλίαρχος
2875 1025 3089 1081 κελεύει
3128 1028 3373 1100 κρύψαι,
3411 1033 3553 1089 ὥστε
3595 1037 3670 1106 μὴ
3700 1053 3793 1105 γε.

2113 1111 2298 1166 νέσθαι
2320 1112 2498 1182 δῆλον.
2524 1114 2636 1166 Kal
2668 1113 2790 1166 τότε
2810 1112 2959 1183 λέγει
2982 1118 3096 1180 τοῖς
3116 1118 3562 1193 ἑκατοντάρχοις,
3579 1123 3667 1176 ὅτε
3696 1125 3792 1177 καὶ

2112 1200 2367 1270 γενέσθαι
2397 1200 2584 1272 ἐχρῆνο
2616 1201 2711 1255 καὶ
2739 1201 3219 1272 πέμπεται).οιπὺν
3249 1206 3307 1260 ἐν
3337 1209 3666 1282 Καισαρείᾳ,
3704 1211 3793 1264 ἵνα

2114 1289 2277 1342 κάκεῖ
2304 1286 2558 1359 διαλεχθῇ
2589 1286 2681 1340 ἐπὶ
2722 1287 2967 1358 μείζονος
3003 1288 3233 1361 θεάτρου
3266 1293 3361 1346 xal
3406 1294 3794 1369 λαμπροτέρου

2113 1374 2208 1430 τοῦ
2248 1376 2618 1448 ἀκροατηρίου
2644 1390 2657 1402 ·
2700 1376 2787 1429 ἶνα
2817 1375 2892 1447 μὴ
2925 1376 3090 1447 ἔχωσι
3129 1378 3309 1448 λέγειν
3335 1383 3385 1436 οἱ
3421 1383 3682 1448 Ἰουδαῖοι,
3709 1386 3793 1439 ὅτι

2113 1464 2163 1517 εἰ
2187 1461 2402 1534 εἴδομεν
2427 1460 2662 1527 Παῦλον,
2705 1462 3106 1535 ἐπιστεύσαμεν
3127 1464 3213 1533 ἀν,
3246 1468 3294 1519 εἰ
3349 1469 3666 1541 ἠκούσαμεν
3698 1472 3792 1524 αὐ-

2111 1552 2208 1606 τοῦ
2236 1552 2596 1617 διδάσκοντος.
2632 1552 2741 1605 Kal
2768 1550 2909 1623 αῦτη
2956 1548 3050 1608 οὖν
3084 1554 3268 1620 αὐτοῖς
3306 1556 3558 1612 ἐντεῦθεν
3591 1561 3624 1630 ή
3655 1561 3795 1614 ἀπο-

2112 1642 2270 1710 λογία
2302 1641 2651 1696 ἐκκόπτεται.
2675 1641 2785 1696 Καὶ
2806 1641 3081 1708 ἐπιστὰς,
3106 1643 3295 1714 φησὶν,
3329 1647 3362 1699 ό
3390 1648 3607 1715 Κύριος
3625 1642 3796 1701 εἶπεν

2114 1729 2276 1795 αὐτῷ
2300 1746 2316 1760 ·
2347 1729 2566 1799 Θάρσει
2590 1745 2606 1761 ·
2637 1731 2718 1796 ὡς
2746 1730 2856 1800 γὰρ
2891 1730 3256 1803 διεμαρτύρω
3282 1733 3356 1787 τὰ
3382 1735 3517 1804 περὶ
3540 1736 3688 1807 ἐμοῦ
3707 1740 3795 1803 εὶς

2127 1817 2546 1888 Ἰερουσαλὴμ,
2576 1817 2732 1872 οὕτω
2766 1832 2841 1872 σε
2864 1818 2962 1873 δεῖ
2978 1819 3079 1873 καί
3119 1823 3208 1886 είς
3237 1821 3474 1892 Ῥώμην
3490 1824 3797 1894 μαρτυρῆ-

2116 1922 2241 1961 σαι.
2283 1906 2446 1978 Ὅρα,
2482 1906 2577 1959 καὶ
2614 1905 2754 1977 μετὰ
2795 1906 2857 1959 τὸ
2893 1907 3159 1978 φανῆναι,
3192 1909 3358 1963 πᾶλιν
3384 1912 3613 1981 ἀφίησιν
3639 1912 3798 1966 αὐτὸν

2115 1993 2472 2064 ἀνθρωπίνως
2496 1993 2756 2064 σωθῆναι.
2780 1994 2891 2048 Kal
2910 1993 3057 2059 ἀξιον
3073 1996 3413 2067 ἐκπλαγῆναι
3440 1997 3532 2051 τδν
3563 1998 3796 2066 Παῦλον,

2118 2078 2234 2143 πῶς
2258 2080 2358 2133 οὐκ
2379 2078 2703 2152 ἐθορυϐήθη,
2739 2081 2859 2135 οὐδὲ
2882 2077 3022 2134 εἴπεο
3041 2082 3106 2135 Τί
3125 2082 3190 2153 δὴ
3217 2084 3375 2138 τοῦτό
3402 2086 3570 2151 ἐστιν;
3589 2081 3698 2158 ἀρα
3724 2085 3801 2158 μὴ

2117 2166 2406 2236 ἠπάτημαι
2430 2165 2581 2236 παρὰ
2600 2165 2695 2219 τοῦ
2714 2166 2974 2237 Χριστοῦ;
2992 2166 3115 2220 Ἀλλ
3130 2168 3143 2184 ‘
3157 2168 3307 2222 οὐδὲν
3318 2170 3560 2224 τοιοῦτον
3582 2172 3800 2240 ἐνενόη-

2120 2272 2232 2321 σεν,
2250 2256 2371 2310 οὐδέ
2383 2255 2603 2321 ἔπαθεν,
2619 2255 2755 2310 ἀλλὰ
2769 2256 2924 2326 μόνον
2938 2257 3344 2313 ἐπίστευσενόὐ
3361 2260 3464 2331 μὴν
3480 2260 3668 2329 ἐπειδὴ
3680 2260 3804 2312 ἐπί-

2120 2360 2344 2398 στευσεν
2358 2385 2374 2410 ,
2409 2343 2658 2399 ὕπνωσεν
2680 2386 2695 2411 ,
2726 2345 2862 2398 ἀλλά
2876 2345 2946 2399 τὰ
2961 2345 3149 2400 ἐνόντα
3163 2345 3223 2410 ἐξ
3247 2346 3594 2418 ἀνθρωπίνης
3613 2345 3805 2416 σοφίας

2122 2431 2353 2485 συνιδεῖν
2393 2431 2456 2483 οὐ
2505 2431 2738 2503 προῆκε.
2788 2432 2899 2485 Kal
2947 2432 3142 2485 σκόπει
3200 2431 3317 2498 πῶς
3347 2434 3598 2505 ἀνάγκην
3625 2432 3747 2486 τινὰ
3774 2432 3803 2471 ιι

2122 2521 2334 2583 ἑαυτοῖς
2357 2520 2555 2573 ἐκεῖνοι
2583 2518 2920 2590 περιέθηκαν
2946 2520 3036 2574 διά
3056 2520 3150 2573 τοῦ
3177 2520 3649 2592 ἀναθεματισμοῦ.
3670 2521 3803 2574 Ἰδοὺ

2121 2607 2349 2678 νηστεία
2378 2607 2734 2678 ἀνδροφονίας
2767 2609 2969 2679 μήτηρ.
2995 2607 3262 2677 Καθάπερ
3294 2608 3323 2659 ό
3356 2607 3604 2678 Ἡρώδης
3631 2607 3795 2675 ἀνάγο

2123 2713 2226 2766 κην
2250 2695 2351 2767 τὴν
2394 2695 2503 2748 ἀπὸ
2541 2695 2633 2765 τοῦ
2671 2696 2836 2767 ὅρκου
2877 2693 3059 2764 ἐαυτῷ
3100 2694 3370 2764 ἐπέθηκεν
3397 2710 3412 2724 ’
3454 2693 3598 2748 οὕτω
3621 2695 3687 2766 δὴ
3713 2695 3806 2748 καί

2127 2778 2297 2837 οὗτοι.
2324 2781 2565 2836 Τοιαῦτα
2593 2783 2702 2853 γὰρ
2721 2782 2790 2835 τὰ
2817 2781 3103 2835 διαϐολικά
3134 2781 3384 2853 θήρατρα
3404 2798 3419 2812 ·
3454 2785 3811 2853 προσχήματι

2124 2875 2284 2948 δῆθεν
2315 2875 2600 2937 εὐλαϐείας
2658 2873 2757 2937 τὰς
2810 2873 3048 2941 παγίδας
3099 2872 3304 2943 τίθησι.
3348 2871 3460 2925 Kal
3499 2871 3605 2942 μὴν
3636 2871 3807 2942 ἐχρῆν

2128 2963 2473 3035 προσελθεῖν,
2504 2962 2672 3034 ἐχρῆν
2712 2961 3095 3025 αἰτιάσασθαι,
3126 2960 3476 3030 δικαστήριον
3503 2959 3809 3030 συγκροτῆ-

2130 3070 2221 3106 σαι
2246 3069 2260 3083 ο
2292 3051 2467 3107 ταῦτα
2517 3049 2627 3122 γὰρ
2682 3051 2782 3119 οὐχ
2830 3048 3044 3121 ἱερέων,
3093 3047 3230 3101 ἀλλά
3260 3046 3605 3118 λῃστάρχων,
3636 3045 3810 3099 ταῦτα

2129 3141 2231 3196 οὐκ
2255 3140 2553 3211 ἀρχόντων,
2577 3136 2715 3192 ἀλλά
2757 3136 3074 3207 λυμεὼνων.
3125 3135 3236 3188 Kal
3269 3135 3371 3205 ὅρα
3410 3133 3609 3197 κακίας
3637 3133 3811 3203 ὑπερ-

2131 3230 2315 3302 ϐολήν.
2366 3229 2444 3282 Οὐ
2491 3226 2652 3298 μόνον
2702 3224 2965 3296 ἀλλήλους
3029 3221 3446 3293 διαφθείραντες
3486 3219 3804 3292 ἀρκοῦνται,

2131 3317 2272 3373 ἀλλὰ
2301 3316 2398 3370 καὶ
2425 3314 2517 3370 τὸν
2561 3314 2804 3386 ἄρχοντα
2849 3309 3262 3381 συνδιαφθεῖραι
3308 3306 3643 3379 ἐπιχειροῦσι
3674 3323 3689 3338 ο
3716 3306 3804 3359 διὰ

2130 3406 2293 3461 τοῦτο
2312 3402 2640 3476 ᾡκονομήθη
2673 3402 2815 3456 ὥστε
2842 3402 3096 3455 κάκεῖνον
3136 3398 3329 3470 μαθεῖν
3355 3395 3536 3450 αὐτῶν
3564 3394 3660 3467 τὴν
3686 3396 3809 3447 ἐπι-

2133 3493 2350 3566 ϐουλήν.
2380 3491 2544 3545 Αὐτοὶ
2578 3489 2637 3542 δὲ
2669 3489 2731 3543 οὐ
2773 3488 2933 3559 μόνον
2977 3488 3043 3539 ἐκ
3069 3485 3165 3539 τοῦ
3210 3485 3376 3556 μηδὲν
3423 3483 3569 3554 ἔχειν
3611 3485 3807 3547 είπεῖν,

2135 3581 2274 3636 ἀλλά
2305 3580 2402 3634 καὶ
2423 3580 2487 3632 ἐκ
2512 3576 2607 3631 τοῦ
2634 3575 2811 3648 λάθρα
2847 3575 3147 3644 ἐπιχειρεῖν
3190 3571 3425 3643 ήλεγξαν
3458 3572 3690 3635 ἑαυτοὺς
3720 3570 3817 3624 οὐ-

2134 3670 2223 3722 δὲν
2261 3667 2440 3730 ὄντας.
2464 3664 2627 3727 Εἰκὸς
2666 3663 2723 3716 δὲ
2769 3662 2865 3716 καὶ
2899 3661 3040 3732 μετά
3098 3658 3160 3712 τὸ
3200 3658 3574 3728 ἀποσταλῆναι
3632 3656 3816 3724 αὐτὸν,

2139 3754 2455 3830 προσελθεῖν
2485 3753 2614 3816 τοὺς
2638 3751 2914 3822 ἀρχιερεῖς
2952 3745 3258 3811 αἰτοῦντας,
3292 3746 3387 3799 καὶ
3417 3743 3821 3815 καταισχυνθῆ-

2138 3864 2226 3899 ναι
2258 3842 2579 3915 ἀπράκτους
2623 3837 3021 3902 ἀπολυθέντας.
3065 3835 3307 3903 Εἰκότως
3333 3834 3391 3889 δέ
3420 3833 3579 3889 τοῦτο
3617 3834 3765 3886 ποιεῖ
3790 3833 3822 3886 6

2138 3933 2419 4005 χιλίαρχος
2451 3947 2465 3961 ο
2506 3929 2569 3983 οὐ
2618 3926 2727 3998 γὰρ
2764 3924 2831 3997 δὴ
2869 3924 3122 3978 ἐϐούλετο
3167 3923 3291 3977 οὔτε
3337 3921 3668 3994 χαρίσασθαι
3696 3918 3819 3974 οὐτε

2142 4019 2444 4075 ἐπινεῦσαι.
2476 4016 2588 4070 Kal
2613 4016 2752 4081 πῶς,
2781 4013 2980 4084 φησὶν,
3028 4012 3352 4066 ἐπίστευσεν
3384 4010 3559 4081 ἀληθῆ
3588 4005 3728 4063 εἶναι
3752 4007 3821 4063 τὰ

2142 4106 2551 4178 ἐπαγγελθέντα
2572 4103 2726 4174 παρά
2745 4101 2838 4155 τοῦ
2878 4100 3131 4177 νεανίου;
3174 4099 3269 4152 Ἐκ
3306 4097 3416 4151 τῶν
3454 4097 3557 4168 ήδη
3593 4096 3824 4166 γενομέ-

2142 4211 2250 4250 νων
2273 4190 2627 4263 ἐστοχάσατο,
2653 4190 2737 4243 ὄτι
2768 4188 2865 4242 καὶ
2890 4184 3051 4240 τοῦτο
3082 4184 3230 4248 εἰκὸς
3248 4179 3317 4255 ἧν
3349 4183 3550 4247 αὐτοὺς
3569 4181 3818 4253 ποιῆσαι.

2143 4282 2255 4337 Kal
2280 4282 2382 4352 δρα
2408 4278 2508 4350 τὴν
2541 4275 2894 4350 κακουργίαν
2930 4271 3081 4345 [367]
3102 4272 3292 4343 ὥσπερ
3321 4271 3568 4341 ἀνάγκην
3593 4270 3688 4323 καὶ
3710 4271 3825 4333 τοῖς

2145 4367 2490 4444 ἀρχιερεῦσιν
2541 4365 2869 4435 ἐπέστησαν.
2910 4362 3023 4417 Kal
3084 4360 3160 4431 μή
3190 4359 3477 4431 θαυμάσῃς
3498 4368 3524 4397 ο
3548 4372 3563 4386 ⁸
3593 4357 3690 4444 εἰη
3712 4355 3824 4427 γὰρ

2146 4442 2402 4519 τοσοῦτον⁴
2447 4453 2652 4507 εἴλοντο
2680 4451 2858 4513 αὐτοὶ,
2908 4449 3002 4503 καὶ
3056 4447 3150 4502 τὸν
3204 4446 3448 4500 κίνδυνον
3509 4442 3826 4508 ἀνεδέξαντο

2148 4547 2351 4610 πάντα,
2387 4542 2571 4613 πολλῷ
2601 4539 2803 4612 μᾶλλον
2836 4537 2932 4592 καὶ
2957 4535 3198 4613 ἐκείνους
3229 4533 3390 4588 τοῦτο
3422 4532 3650 4604 ποιῆσαι
3678 4530 3825 4594 εἰκὸς

2145 4630 2236 4706 ἦν.
2282 4631 2467 4702 Ὁρᾷς,
2524 4628 2643 4691 πῶς
2667 4625 2759 4680 διά
2789 4624 2890 4695 τῆς
2910 4622 3094 4694 ψήφου
3135 4620 3247 4676 τῶν
3281 4621 3388 4690 ἔξω
3410 4618 3588 4683 ἀθῶος
3612 4618 3827 4706 γίνεται

2148 4704 2437 4782 δΠαῦλος,
2462 4716 2538 4780 ὡς
2563 4716 2659 4769 xal
2689 4716 2716 4768 ὁ
2753 4711 2989 4784 Χριστὸς
3034 4708 3187 4779 παρά
3224 4706 3503 4773 Hilarem);
3548 4705 3687 4759 Ἀλλ’
3726 4704 3827 4776 ὅρα

2150 4809 2243 4863 καὶ
2291 4805 2389 4878 τὴν
2426 4803 2627 4858 κακίαν
2672 4799 2762 4871 ὑφ’
2804 4799 3004 4870 ἑαυτῆς
3029 4795 3453 4868 ἀναιρουμένην.
3491 4793 3831 4864 Παρέδωκαν

2154 4897 2253 4968 μὲν
2276 4894 2386 4965 γὰρ
2409 4891 2593 4959 αὐτὸν,
2620 4889 2761 4943 ὥστε
2818 4888 2914 4942 καὶ
2949 4885 3159 4941 ἀνελεῖν
3190 4883 3282 4938 καὶ
3311 4881 3675 4938 καταδικάσαι
3699 4896 3714 4912 ο
3742 4878 3831 4968 γίτ

2151 4966 2300 5039 νεται
2319 4982 2377 5036 δέ
2391 4978 2719 5042 τούναντίον,
2735 4976 2829 5031 καὶ
2845 4972 3099 5039 σώζεται,
3112 4974 3207 5027 καὶ
3222 4971 3398 5037 ἀθῶος
3413 4969 3745 5042 εὑρίσκεται.
3766 4966 3830 5018 Εἰ

2151 5072 2261 5144 γὰρ
2298 5069 2373 5142 μὴ
2399 5067 2563 5133 οὕτω,
2586 5065 2691 5121 κᾶν
2710 5062 3013 5135 διεσπάσθη
3039 5078 3052 5091 ·
3073 5059 3217 5133 εἰμὴ
3233 5059 3399 5124 οὕτω,
3436 5057 3543 5112 κᾶν
3557 5053 3828 5144 ἀπώλετο,

2154 5141 2257 5216 κᾶν
2270 5141 2653 5224 κατεδικάσθη.
2668 5154 2744 5208 Οὐ
2760 5151 2985 5225 μόνονδέ
2998 5150 3212 5221 ἐκείνης
3222 5146 3383 5203 αὐτὸν
3395 5145 3493 5216 τῆς
3504 5142 3682 5214 ὁρμῆς
3694 5141 3833 5205 ἐξαι-

2158 5251 2331 5321 ρεῖται
2347 5249 2377 5301 6
2393 5247 2671 5320 χιλίαρχος
2689 5284 2703 5308 ,
2720 5241 2858 5296 ἀλλὰ
2887 5240 2981 5295 καὶ
2994 5237 3272 5309 ὑπηρέτης
3286 5231 3673 5321 αὐτῷγίνεται,
3689 5229 3831 5321 ὥστε

2152 5314 2450 5398 ἀκινδύνως
2473 5314 2802 5400 διασωθῆναι
2837 5326 2975 5399 μετά
2997 5322 3267 5394 τοσαύτης
3294 5316 3649 5392 παρατάξεως
3666 5331 3680 5345 ·
3737 5314 3835 5370 καὶ

2154 5424 2324 5488 ὅπως,
2341 5421 2528 5476 ἄκουε*
2543 5419 2713 5486 ἐπάγε
2722 5434 2740 5469 ι
2750 5418 2881 5486 γάρ’
2899 5412 2947 5467 Κ
2951 5412 3011 5467 αἰ
3031 5406 3605 5481 προσκαλεσάμενος
3616 5402 3724 5457 δύο
3744 5418 3834 5455 τι·

2153 5511 2266 5577 νὰς
2283 5507 2405 5563 τῶν
2428 5502 2900 5573 ἑκατοντάρχων,
2917 5497 3048 5555 εἷπε
3071 5514 3086 5528 ·
3123 5491 3512 5564 Ἑτοιμάσατέ
3524 5507 3626 5562 μοι
3648 5506 3832 5559 στρα-

2157 5597 2367 5661 τιώτας
2382 5593 2750 5656 διακοσίους,
2770 5589 2930 5655 ὅπως
2941 5582 3316 5655 πορευθῶσιν
3342 5583 3430 5647 είς
3445 5577 3830 5648 Καισάρειαν,

2158 5683 2258 5741 καί
2296 5680 2499 5746 ἱππεῖς
2549 5676 2982 5746 ἐϐδομήκοντα,
3031 5672 3132 5728 καί
3182 5668 3567 5736 δεξιολάϐους
3627 5664 3827 5721 διακο-

2244 5875 2272 5918 al
2292 5875 2518 5945 Quidam,
2541 5872 2727 5945 σοφίας,
2769 5872 2825 5920 οὐ
2864 5872 3143 5945 προέδωκαν
3180 5868 3390 5933 ἀνάγκην
3412 5867 3531 5918 τινά.
3602 5876 3626 5907 θ
3649 5864 3742 5916 Καὶ
3768 5864 3831 5920 μὴ

2167 5939 2412 6005 θαυμάσῃς
2454 5939 2597 5992 deest
2621 5939 2671 5988 in
2694 5946 2793 5987 uno
2834 5939 3021 5988 codice.
