  <div class='ocr_page' id='page_1' title='image "/cluster/home/n/w/nwhite01/storage/ocr_20150623/60:no.9/coo.31924054869601/345.png"; bbox 0 0 4112 6434; ppageno 0'>
   <div class='ocr_carea' id='block_1_1' title="bbox 320 392 418 447">
    <p class='ocr_par' dir='ltr' id='par_1_1' title="bbox 320 392 418 447">
     <span class='ocr_line' id='line_1_1' title="bbox 320 392 418 447; baseline 0.02 -2"><span class='ocrx_word' id='word_1_1' title='bbox 320 392 418 447; x_wconf 74' lang='lat' dir='ltr'><em>3H</em></span> 
     </span>
    </p>
   </div>
   <div class='ocr_carea' id='block_1_2' title="bbox 314 506 1982 581">
    <p class='ocr_par' dir='ltr' id='par_1_2' title="bbox 314 506 1982 581">
     <span class='ocr_line' id='line_1_2' title="bbox 314 506 1982 581; baseline 0.004 -20"><span class='ocrx_word' id='word_1_2' title='bbox 314 508 515 573; x_wconf 86' lang='grc' dir='ltr'><em>σίους,</em></span> <span class='ocrx_word' id='word_1_3' title='bbox 540 509 659 564; x_wconf 79' lang='grc' dir='ltr'><em>ἀπὸ</em></span> <span class='ocrx_word' id='word_1_4' title='bbox 681 508 882 578; x_wconf 82' lang='grc' dir='ltr'><em>τρίτης</em></span> <span class='ocrx_word' id='word_1_5' title='bbox 902 506 1058 578; x_wconf 83' lang='grc' dir='ltr'><em>ὥρας</em></span> <span class='ocrx_word' id='word_1_6' title='bbox 1093 511 1200 580; x_wconf 77' lang='grc' dir='ltr'><em>τῆς</em></span> <span class='ocrx_word' id='word_1_7' title='bbox 1244 512 1487 578; x_wconf 80' lang='grc' dir='ltr'><em>νυκτὸς,</em></span> <span class='ocrx_word' id='word_1_8' title='bbox 1536 511 1724 581; x_wconf 73' lang='grc' dir='ltr'><em>κτήνη</em></span> <span class='ocrx_word' id='word_1_9' title='bbox 1777 528 1841 566; x_wconf 88' lang='grc' dir='ltr'><em>τε</em></span> <span class='ocrx_word' id='word_1_10' title='bbox 1873 528 1982 568; x_wconf 77' lang='grc' dir='ltr'><em>πα-</em></span> 
     </span>
    </p>
   </div>
   <div class='ocr_carea' id='block_1_3' title="bbox 316 594 1987 670">
    <p class='ocr_par' dir='ltr' id='par_1_3' title="bbox 316 594 1987 670">
     <span class='ocr_line' id='line_1_3' title="bbox 316 594 1987 670; baseline 0.005 -23"><span class='ocrx_word' id='word_1_11' title='bbox 316 594 644 663; x_wconf 83' lang='grc' dir='ltr'><em>ραστῆσαι,</em></span> <span class='ocrx_word' id='word_1_12' title='bbox 682 597 783 649; x_wconf 75' lang='grc' dir='ltr'><em>ἵνα</em></span> <span class='ocrx_word' id='word_1_13' title='bbox 813 597 1271 665; x_wconf 70' lang='grc' dir='ltr'><em>ἐπιϐιϐάσαντες</em></span> <span class='ocrx_word' id='word_1_14' title='bbox 1296 604 1403 653; x_wconf 75' lang='grc' dir='ltr'><em>τὸν</em></span> <span class='ocrx_word' id='word_1_15' title='bbox 1432 600 1695 663; x_wconf 75' lang='grc' dir='ltr'><em>Παῦλον,</em></span> <span class='ocrx_word' id='word_1_16' title='bbox 1723 599 1987 670; x_wconf 75' lang='grc' dir='ltr'><em>ἀγάγωσι</em></span> 
     </span>
    </p>
   </div>
   <div class='ocr_carea' id='block_1_4' title="bbox 316 683 1992 757">
    <p class='ocr_par' dir='ltr' id='par_1_4' title="bbox 316 683 1992 757">
     <span class='ocr_line' id='line_1_4' title="bbox 316 683 1992 757; baseline 0.005 -23"><span class='ocrx_word' id='word_1_17' title='bbox 316 684 470 749; x_wconf 71' lang='grc' dir='ltr'><em>πρὸς</em></span> <span class='ocrx_word' id='word_1_18' title='bbox 493 683 723 752; x_wconf 67' lang='grc' dir='ltr'><em>Φήλικα</em></span> <span class='ocrx_word' id='word_1_19' title='bbox 758 685 867 739; x_wconf 87' lang='grc' dir='ltr'><em>τὸν</em></span> <span class='ocrx_word' id='word_1_20' title='bbox 903 685 1169 755; x_wconf 73' lang='grc' dir='ltr'><em>ἡγεμόνα</em></span> <span class='ocrx_word' id='word_1_21' title='bbox 1193 705 1206 718; x_wconf 70' lang='grc'><strong><em>⁸</em></strong></span> <span class='ocrx_word' id='word_1_22' title='bbox 1247 687 1482 757; x_wconf 61' lang='grc' dir='ltr'><em>’γράψας</em></span> <span class='ocrx_word' id='word_1_23' title='bbox 1510 688 1871 756; x_wconf 75' lang='grc' dir='ltr'><em>ἐπιστολὴν,</em></span> <span class='ocrx_word' id='word_1_24' title='bbox 1897 705 1992 743; x_wconf 82' lang='grc' dir='ltr'><em>πε-</em></span> 
     </span>
    </p>
   </div>
   <div class='ocr_carea' id='block_1_5' title="bbox 316 769 1992 845">
    <p class='ocr_par' dir='ltr' id='par_1_5' title="bbox 316 769 1992 845">
     <span class='ocr_line' id='line_1_5' title="bbox 316 769 1992 845; baseline 0.007 -25"><span class='ocrx_word' id='word_1_25' title='bbox 316 769 649 838; x_wconf 77' lang='grc' dir='ltr'><em>ριέχουσαν</em></span> <span class='ocrx_word' id='word_1_26' title='bbox 681 773 789 827; x_wconf 88' lang='grc' dir='ltr'><em>τὸν</em></span> <span class='ocrx_word' id='word_1_27' title='bbox 815 774 1010 828; x_wconf 82' lang='grc' dir='ltr'><em>τύπον</em></span> <span class='ocrx_word' id='word_1_28' title='bbox 1048 775 1284 830; x_wconf 58' lang='grc' dir='ltr'><em>τοῦτον</em></span> <span class='ocrx_word' id='word_1_29' title='bbox 1327 776 1628 842; x_wconf 73' lang='grc' dir='ltr'><em>Κλαύδιος</em></span> <span class='ocrx_word' id='word_1_30' title='bbox 1657 779 1887 844; x_wconf 82' lang='grc' dir='ltr'><em>Λυσίας</em></span> <span class='ocrx_word' id='word_1_31' title='bbox 1913 777 1992 845; x_wconf 79' lang='grc' dir='ltr'><em>τῷ</em></span> 
     </span>
    </p>
   </div>
   <div class='ocr_carea' id='block_1_6' title="bbox 321 858 1994 932">
    <p class='ocr_par' dir='ltr' id='par_1_6' title="bbox 321 858 1994 932">
     <span class='ocr_line' id='line_1_6' title="bbox 321 858 1994 932; baseline 0.008 -25"><span class='ocrx_word' id='word_1_32' title='bbox 321 858 617 921; x_wconf 75' lang='grc' dir='ltr'><em>κρατίστῳ</em></span> <span class='ocrx_word' id='word_1_33' title='bbox 635 859 883 929; x_wconf 71' lang='grc' dir='ltr'><em>ἡγεμόνι</em></span> <span class='ocrx_word' id='word_1_34' title='bbox 900 861 1113 930; x_wconf 76' lang='grc' dir='ltr'><em>Φήλικι</em></span> <span class='ocrx_word' id='word_1_35' title='bbox 1138 864 1388 932; x_wconf 83' lang='grc' dir='ltr'><em>χαίρειν.</em></span> <span class='ocrx_word' id='word_1_36' title='bbox 1428 864 1540 918; x_wconf 83' lang='grc' dir='ltr'><em>Τὸν</em></span> <span class='ocrx_word' id='word_1_37' title='bbox 1564 863 1753 932; x_wconf 79' lang='grc' dir='ltr'><em>ἄνδρα</em></span> <span class='ocrx_word' id='word_1_38' title='bbox 1778 865 1994 920; x_wconf 82' lang='grc' dir='ltr'><em>τοῦτον</em></span> 
     </span>
    </p>
   </div>
   <div class='ocr_carea' id='block_1_7' title="bbox 320 946 1995 1021">
    <p class='ocr_par' dir='ltr' id='par_1_7' title="bbox 320 946 1995 1021">
     <span class='ocr_line' id='line_1_7' title="bbox 320 946 1995 1021; baseline 0.008 -26"><span class='ocrx_word' id='word_1_39' title='bbox 320 946 754 1013; x_wconf 68' lang='grc' dir='ltr'><em>συλληφθέντα</em></span> <span class='ocrx_word' id='word_1_40' title='bbox 800 949 917 1001; x_wconf 84' lang='grc' dir='ltr'><em>ὑπὸ</em></span> <span class='ocrx_word' id='word_1_41' title='bbox 968 948 1089 1003; x_wconf 87' lang='grc' dir='ltr'><em>τῶν</em></span> <span class='ocrx_word' id='word_1_42' title='bbox 1139 950 1469 1015; x_wconf 78' lang='grc' dir='ltr'><em>Ἰουδαίων,</em></span> <span class='ocrx_word' id='word_1_43' title='bbox 1522 949 1622 1003; x_wconf 73' lang='grc' dir='ltr'><em>καί</em></span> <span class='ocrx_word' id='word_1_44' title='bbox 1690 949 1995 1021; x_wconf 75' lang='grc' dir='ltr'><em>μέλλοντα</em></span> 
     </span>
    </p>
   </div>
   <div class='ocr_carea' id='block_1_8' title="bbox 320 1028 1994 1110">
    <p class='ocr_par' dir='ltr' id='par_1_8' title="bbox 320 1028 1994 1110">
     <span class='ocr_line' id='line_1_8' title="bbox 320 1028 1994 1110; baseline 0.008 -28"><span class='ocrx_word' id='word_1_45' title='bbox 320 1028 693 1096; x_wconf 76' lang='grc' dir='ltr'><em>ἀναιρεῖσθαι</em></span> <span class='ocrx_word' id='word_1_46' title='bbox 740 1035 854 1088; x_wconf 82' lang='grc' dir='ltr'><em>ὑπ’</em></span> <span class='ocrx_word' id='word_1_47' title='bbox 883 1034 1103 1099; x_wconf 83' lang='grc' dir='ltr'><em>αὐτῶν,</em></span> <span class='ocrx_word' id='word_1_48' title='bbox 1142 1037 1395 1105; x_wconf 83' lang='grc' dir='ltr'><em>ἐπιστὰς</em></span> <span class='ocrx_word' id='word_1_49' title='bbox 1430 1040 1555 1094; x_wconf 87' lang='grc' dir='ltr'><em>σὺν</em></span> <span class='ocrx_word' id='word_1_50' title='bbox 1598 1042 1678 1107; x_wconf 84' lang='grc' dir='ltr'><em>τῷ</em></span> <span class='ocrx_word' id='word_1_51' title='bbox 1704 1041 1994 1110; x_wconf 84' lang='grc' dir='ltr'><em>στρατεύ-</em></span> 
     </span>
    </p>
   </div>
   <div class='ocr_carea' id='block_1_9' title="bbox 318 1115 1990 1199">
    <p class='ocr_par' dir='ltr' id='par_1_9' title="bbox 318 1115 1990 1199">
     <span class='ocr_line' id='line_1_9' title="bbox 318 1115 1990 1199; baseline 0.01 -33"><span class='ocrx_word' id='word_1_52' title='bbox 318 1130 455 1199; x_wconf 70' lang='grc' dir='ltr'><em>ματι</em></span> <span class='ocrx_word' id='word_1_53' title='bbox 480 1115 798 1186; x_wconf 75' lang='grc' dir='ltr'><em>ἐξειλόμην</em></span> <span class='ocrx_word' id='word_1_54' title='bbox 817 1121 1044 1189; x_wconf 82' lang='grc' dir='ltr'><em>μαθὼν,</em></span> <span class='ocrx_word' id='word_1_55' title='bbox 1076 1124 1163 1176; x_wconf 81' lang='grc' dir='ltr'><em>ὅτι</em></span> <span class='ocrx_word' id='word_1_56' title='bbox 1199 1125 1476 1194; x_wconf 73' lang='grc' dir='ltr'><em>Ῥωμαῖός</em></span> <span class='ocrx_word' id='word_1_57' title='bbox 1494 1130 1628 1184; x_wconf 81' lang='grc' dir='ltr'><em>ἐστι</em></span> <span class='ocrx_word' id='word_1_58' title='bbox 1652 1143 1667 1160; x_wconf 67' lang='grc'><strong><em>⁵</em></strong></span> <span class='ocrx_word' id='word_1_59' title='bbox 1687 1131 1990 1197; x_wconf 79' lang='grc' dir='ltr'><em>βουλόμε-</em></span> 
     </span>
    </p>
   </div>
   <div class='ocr_carea' id='block_1_10' title="bbox 321 1203 1992 1284">
    <p class='ocr_par' dir='ltr' id='par_1_10' title="bbox 321 1203 1992 1284">
     <span class='ocr_line' id='line_1_10' title="bbox 321 1203 1992 1284; baseline 0.008 -30"><span class='ocrx_word' id='word_1_60' title='bbox 321 1217 430 1267; x_wconf 83' lang='grc' dir='ltr'><em>νος</em></span> <span class='ocrx_word' id='word_1_61' title='bbox 452 1203 521 1256; x_wconf 82' lang='grc' dir='ltr'><em>δὲ</em></span> <span class='ocrx_word' id='word_1_62' title='bbox 545 1204 766 1273; x_wconf 68' lang='grc' dir='ltr'><em>γνῶναι</em></span> <span class='ocrx_word' id='word_1_63' title='bbox 808 1208 923 1276; x_wconf 80' lang='grc' dir='ltr'><em>τὴν</em></span> <span class='ocrx_word' id='word_1_64' title='bbox 953 1212 1169 1274; x_wconf 82' lang='grc' dir='ltr'><em>αἰτίαν,</em></span> <span class='ocrx_word' id='word_1_65' title='bbox 1220 1214 1295 1267; x_wconf 85' lang='grc' dir='ltr'><em>δι’</em></span> <span class='ocrx_word' id='word_1_66' title='bbox 1320 1213 1402 1284; x_wconf 79' lang='grc' dir='ltr'><em>ἣν</em></span> <span class='ocrx_word' id='word_1_67' title='bbox 1439 1218 1777 1273; x_wconf 74' lang='grc' dir='ltr'><em>ἐνεκάλουν</em></span> <span class='ocrx_word' id='word_1_68' title='bbox 1807 1213 1992 1282; x_wconf 74' lang='grc' dir='ltr'><em>αὐτῷ,</em></span> 
     </span>
    </p>
   </div>
   <div class='ocr_carea' id='block_1_11' title="bbox 324 1289 1978 1371">
    <p class='ocr_par' dir='ltr' id='par_1_11' title="bbox 324 1289 1978 1371">
     <span class='ocr_line' id='line_1_11' title="bbox 324 1289 1978 1371; baseline 0.01 -31"><span class='ocrx_word' id='word_1_69' title='bbox 324 1289 666 1359; x_wconf 75' lang='grc' dir='ltr'><em>κατήγαγον</em></span> <span class='ocrx_word' id='word_1_70' title='bbox 723 1294 912 1348; x_wconf 82' lang='grc' dir='ltr'><em>αὐτὸν</em></span> <span class='ocrx_word' id='word_1_71' title='bbox 979 1299 1066 1363; x_wconf 84' lang='grc' dir='ltr'><em>είς</em></span> <span class='ocrx_word' id='word_1_72' title='bbox 1124 1298 1189 1353; x_wconf 78' lang='grc' dir='ltr'><em>τὸ</em></span> <span class='ocrx_word' id='word_1_73' title='bbox 1234 1303 1558 1371; x_wconf 77' lang='grc' dir='ltr'><em>συνέδριον</em></span> <span class='ocrx_word' id='word_1_74' title='bbox 1599 1305 1819 1360; x_wconf 74' lang='grc' dir='ltr'><em>αὐτῶν.</em></span> <span class='ocrx_word' id='word_1_75' title='bbox 1882 1306 1978 1357; x_wconf 76' lang='grc' dir='ltr'><em>’οι</em></span> 
     </span>
    </p>
   </div>
   <div class='ocr_carea' id='block_1_12' title="bbox 322 1371 1991 1460">
    <p class='ocr_par' dir='ltr' id='par_1_12' title="bbox 322 1371 1991 1460">
     <span class='ocr_line' id='line_1_12' title="bbox 322 1371 1991 1460; baseline 0.01 -31"><span class='ocrx_word' id='word_1_76' title='bbox 322 1371 501 1443; x_wconf 78' lang='grc' dir='ltr'><em>εὗρον</em></span> <span class='ocrx_word' id='word_1_77' title='bbox 551 1379 998 1451; x_wconf 71' lang='grc' dir='ltr'><em>ἐγκαλούμενον</em></span> <span class='ocrx_word' id='word_1_78' title='bbox 1062 1386 1196 1454; x_wconf 74' lang='grc' dir='ltr'><em>περὶ</em></span> <span class='ocrx_word' id='word_1_79' title='bbox 1252 1385 1596 1458; x_wconf 79' lang='grc' dir='ltr'><em>ζητημάτων</em></span> <span class='ocrx_word' id='word_1_80' title='bbox 1645 1391 1752 1445; x_wconf 87' lang='grc' dir='ltr'><em>τοῦ</em></span> <span class='ocrx_word' id='word_1_81' title='bbox 1803 1393 1991 1460; x_wconf 86' lang='grc' dir='ltr'><em>νόμου</em></span> 
     </span>
    </p>
   </div>
   <div class='ocr_carea' id='block_1_13' title="bbox 321 1462 1993 1547">
    <p class='ocr_par' dir='ltr' id='par_1_13' title="bbox 321 1462 1993 1547">
     <span class='ocr_line' id='line_1_13' title="bbox 321 1462 1993 1547; baseline 0.017 -34"><span class='ocrx_word' id='word_1_82' title='bbox 321 1462 539 1525; x_wconf 80' lang='grc' dir='ltr'><em>αὐτῶν,</em></span> <span class='ocrx_word' id='word_1_83' title='bbox 571 1467 768 1534; x_wconf 80' lang='grc' dir='ltr'><em>μηδὲν</em></span> <span class='ocrx_word' id='word_1_84' title='bbox 814 1469 988 1530; x_wconf 76' lang='grc' dir='ltr'><em>ἀξιον</em></span> <span class='ocrx_word' id='word_1_85' title='bbox 1027 1473 1287 1529; x_wconf 80' lang='grc' dir='ltr'><em>θανάτου</em></span> <span class='ocrx_word' id='word_1_86' title='bbox 1338 1474 1378 1545; x_wconf 79' lang='grc' dir='ltr'><strong>ἢ</strong></span> <span class='ocrx_word' id='word_1_87' title='bbox 1437 1476 1679 1547; x_wconf 80' lang='grc' dir='ltr'><em>δεσμῶν</em></span> <span class='ocrx_word' id='word_1_88' title='bbox 1724 1478 1993 1547; x_wconf 75' lang='grc' dir='ltr'><em>ἔγκλημα</em></span> 
     </span>
    </p>
   </div>
   <div class='ocr_carea' id='block_1_14' title="bbox 322 1549 2003 1634">
    <p class='ocr_par' dir='ltr' id='par_1_14' title="bbox 322 1549 2003 1634">
     <span class='ocr_line' id='line_1_14' title="bbox 322 1549 2003 1634; baseline 0.01 -31"><span class='ocrx_word' id='word_1_89' title='bbox 322 1549 561 1618; x_wconf 76' lang='grc' dir='ltr'><em>ἔχοντα.</em></span> <span class='ocrx_word' id='word_1_90' title='bbox 636 1557 1024 1625; x_wconf 77' lang='grc' dir='ltr'><em>Μηνυθείσης</em></span> <span class='ocrx_word' id='word_1_91' title='bbox 1085 1558 1153 1613; x_wconf 82' lang='grc' dir='ltr'><em>δέ</em></span> <span class='ocrx_word' id='word_1_92' title='bbox 1209 1571 1312 1630; x_wconf 88' lang='grc' dir='ltr'><em>μοι</em></span> <span class='ocrx_word' id='word_1_93' title='bbox 1360 1562 1690 1631; x_wconf 74' lang='grc' dir='ltr'><em>ἐπιϐουλῆς</em></span> <span class='ocrx_word' id='word_1_94' title='bbox 1740 1563 2003 1634; x_wconf 70' lang='grc' dir='ltr'><em>μέλλειν*</em></span> 
     </span>
    </p>
   </div>
   <div class='ocr_carea' id='block_1_15' title="bbox 322 1635 1989 1722">
    <p class='ocr_par' dir='ltr' id='par_1_15' title="bbox 322 1635 1989 1722">
     <span class='ocr_line' id='line_1_15' title="bbox 322 1635 1989 1722; baseline 0.011 -33"><span class='ocrx_word' id='word_1_95' title='bbox 322 1635 574 1722; x_wconf 74' lang='grc' dir='ltr'><em>ἔσεσθαι</em></span> <span class='ocrx_word' id='word_1_96' title='bbox 595 1640 681 1707; x_wconf 79' lang='grc' dir='ltr'><em>είς</em></span> <span class='ocrx_word' id='word_1_97' title='bbox 700 1643 808 1696; x_wconf 85' lang='grc' dir='ltr'><em>τὸν</em></span> <span class='ocrx_word' id='word_1_98' title='bbox 829 1643 1018 1712; x_wconf 78' lang='grc' dir='ltr'><em>ἄνδρα</em></span> <span class='ocrx_word' id='word_1_99' title='bbox 1043 1647 1161 1701; x_wconf 72' lang='grc' dir='ltr'><em>ὑπὸ</em></span> <span class='ocrx_word' id='word_1_100' title='bbox 1193 1647 1310 1701; x_wconf 86' lang='grc' dir='ltr'><em>τῶν</em></span> <span class='ocrx_word' id='word_1_101' title='bbox 1355 1652 1664 1706; x_wconf 81' lang='grc' dir='ltr'><em>Ἰουδαίων</em></span> <span class='ocrx_word' id='word_1_102' title='bbox 1682 1653 1752 1717; x_wconf 75' lang='grc' dir='ltr'><em>ἐξ</em></span> <span class='ocrx_word' id='word_1_103' title='bbox 1770 1652 1989 1722; x_wconf 82' lang='grc' dir='ltr'><em>αὐτῶν,</em></span> 
     </span>
    </p>
   </div>
   <div class='ocr_carea' id='block_1_16' title="bbox 323 1721 1988 1809">
    <p class='ocr_par' dir='ltr' id='par_1_16' title="bbox 323 1721 1988 1809">
     <span class='ocr_line' id='line_1_16' title="bbox 323 1721 1988 1809; baseline 0.013 -35"><span class='ocrx_word' id='word_1_104' title='bbox 323 1721 565 1793; x_wconf 70' lang='grc' dir='ltr'><em>ἔπεμψα</em></span> <span class='ocrx_word' id='word_1_105' title='bbox 581 1728 730 1795; x_wconf 76' lang='grc' dir='ltr'><em>πρὸς</em></span> <span class='ocrx_word' id='word_1_106' title='bbox 757 1734 853 1792; x_wconf 79' lang='grc' dir='ltr'><em>σε,</em></span> <span class='ocrx_word' id='word_1_107' title='bbox 886 1736 1290 1803; x_wconf 67' lang='grc' dir='ltr'><em>παραγγείλας</em></span> <span class='ocrx_word' id='word_1_108' title='bbox 1325 1737 1425 1791; x_wconf 82' lang='grc' dir='ltr'><em>καί</em></span> <span class='ocrx_word' id='word_1_109' title='bbox 1462 1739 1588 1805; x_wconf 82' lang='grc' dir='ltr'><em>τοῖς</em></span> <span class='ocrx_word' id='word_1_110' title='bbox 1636 1721 1988 1809; x_wconf 73' lang='grc' dir='ltr'><em>κατηγόροις</em></span> 
     </span>
    </p>
   </div>
   <div class='ocr_carea' id='block_1_17' title="bbox 322 1813 1991 1899">
    <p class='ocr_par' dir='ltr' id='par_1_17' title="bbox 322 1813 1991 1899">
     <span class='ocr_line' id='line_1_17' title="bbox 322 1813 1991 1899; baseline 0.011 -35"><span class='ocrx_word' id='word_1_111' title='bbox 322 1813 525 1899; x_wconf 67' lang='grc' dir='ltr'><em>λεγειν</em></span> <span class='ocrx_word' id='word_1_112' title='bbox 552 1815 622 1869; x_wconf 84' lang='grc' dir='ltr'><em>τὰ</em></span> <span class='ocrx_word' id='word_1_113' title='bbox 658 1817 808 1884; x_wconf 85' lang='grc' dir='ltr'><em>πρὸς</em></span> <span class='ocrx_word' id='word_1_114' title='bbox 835 1818 1022 1872; x_wconf 82' lang='grc' dir='ltr'><em>αὐτὸν</em></span> <span class='ocrx_word' id='word_1_115' title='bbox 1043 1821 1140 1875; x_wconf 75' lang='grc' dir='ltr'><em>ἐπὶ</em></span> <span class='ocrx_word' id='word_1_116' title='bbox 1184 1823 1321 1877; x_wconf 88' lang='grc' dir='ltr'><em>σοῦ.</em></span> <span class='ocrx_word' id='word_1_117' title='bbox 1349 1826 1611 1894; x_wconf 76' lang='grc' dir='ltr'><em>Ἔρρωσο</em></span> <span class='ocrx_word' id='word_1_118' title='bbox 1649 1839 1696 1869; x_wconf 67' lang='grc' dir='ltr'><em>α’</em></span> <span class='ocrx_word' id='word_1_119' title='bbox 1727 1827 1870 1899; x_wconf 88' lang='grc' dir='ltr'><em>Ὀρα</em></span> <span class='ocrx_word' id='word_1_120' title='bbox 1896 1830 1991 1882; x_wconf 81' lang='grc' dir='ltr'><em>καὶ</em></span> 
     </span>
    </p>
   </div>
   <div class='ocr_carea' id='block_1_18' title="bbox 323 1897 1990 1985">
    <p class='ocr_par' dir='ltr' id='par_1_18' title="bbox 323 1897 1990 1985">
     <span class='ocr_line' id='line_1_18' title="bbox 323 1897 1990 1985; baseline 0.012 -36"><span class='ocrx_word' id='word_1_121' title='bbox 323 1897 421 1967; x_wconf 77' lang='grc' dir='ltr'><em>τὴν</em></span> <span class='ocrx_word' id='word_1_122' title='bbox 466 1901 755 1981; x_wconf 75' lang='grc' dir='ltr'><em>ἐπιστολὴν</em></span> <span class='ocrx_word' id='word_1_123' title='bbox 807 1904 1104 1973; x_wconf 88' lang='grc' dir='ltr'><em>ἀπολογίαν</em></span> <span class='ocrx_word' id='word_1_124' title='bbox 1166 1908 1397 1979; x_wconf 75' lang='grc' dir='ltr'><em>ἔχουσαν</em></span> <span class='ocrx_word' id='word_1_125' title='bbox 1463 1912 1561 1982; x_wconf 85' lang='grc' dir='ltr'><em>μὲν</em></span> <span class='ocrx_word' id='word_1_126' title='bbox 1622 1913 1762 1985; x_wconf 80' lang='grc' dir='ltr'><em>ὑπὲρ</em></span> <span class='ocrx_word' id='word_1_127' title='bbox 1805 1897 1990 1969; x_wconf 74' lang='grc' dir='ltr'><em>αὐτοῦ</em></span> 
     </span>
    </p>
   </div>
   <div class='ocr_carea' id='block_1_19' title="bbox 324 1986 1991 2072">
    <p class='ocr_par' dir='ltr' id='par_1_19' title="bbox 324 1986 1991 2072">
     <span class='ocr_line' id='line_1_19' title="bbox 324 1986 1991 2072; baseline 0.011 -35"><span class='ocrx_word' id='word_1_128' title='bbox 324 1986 542 2052; x_wconf 76' lang='grc' dir='ltr'><em>(Οὐδὲν</em></span> <span class='ocrx_word' id='word_1_129' title='bbox 564 1988 693 2060; x_wconf 76' lang='grc' dir='ltr'><em>γὰρ,</em></span> <span class='ocrx_word' id='word_1_130' title='bbox 737 1992 924 2062; x_wconf 77' lang='grc' dir='ltr'><em>φησὶν,</em></span> <span class='ocrx_word' id='word_1_131' title='bbox 968 1990 1152 2063; x_wconf 80' lang='grc' dir='ltr'><em>εὗρον</em></span> <span class='ocrx_word' id='word_1_132' title='bbox 1184 1996 1360 2062; x_wconf 74' lang='grc' dir='ltr'><em>ἄξιον</em></span> <span class='ocrx_word' id='word_1_133' title='bbox 1407 1999 1671 2056; x_wconf 83' lang='grc' dir='ltr'><em>θανάτου</em></span> <span class='ocrx_word' id='word_1_134' title='bbox 1717 2001 1991 2072; x_wconf 73' lang='grc' dir='ltr'><em>ἔγκλημα</em></span> 
     </span>
    </p>
   </div>
   <div class='ocr_carea' id='block_1_20' title="bbox 322 2071 1985 2157">
    <p class='ocr_par' dir='ltr' id='par_1_20' title="bbox 322 2071 1985 2157">
     <span class='ocr_line' id='line_1_20' title="bbox 322 2071 1985 2157; baseline 0.013 -35"><span class='ocrx_word' id='word_1_135' title='bbox 322 2071 585 2146; x_wconf 80' lang='grc' dir='ltr'><em>ἔχοντα),</em></span> <span class='ocrx_word' id='word_1_136' title='bbox 632 2080 964 2150; x_wconf 82' lang='grc' dir='ltr'><em>κατηγορίαν</em></span> <span class='ocrx_word' id='word_1_137' title='bbox 1001 2082 1059 2135; x_wconf 80' lang='grc' dir='ltr'><em>δὲ</em></span> <span class='ocrx_word' id='word_1_138' title='bbox 1098 2084 1219 2138; x_wconf 81' lang='grc' dir='ltr'><em>κατ’</em></span> <span class='ocrx_word' id='word_1_139' title='bbox 1249 2084 1534 2157; x_wconf 86' lang='grc' dir='ltr'><em>ἐκείνωνῆ</em></span> <span class='ocrx_word' id='word_1_140' title='bbox 1568 2087 1711 2143; x_wconf 85' lang='grc' dir='ltr'><em>κατά</em></span> <span class='ocrx_word' id='word_1_141' title='bbox 1753 2071 1945 2144; x_wconf 84' lang='grc' dir='ltr'><em>τούτου</em></span> <span class='ocrx_word' id='word_1_142' title='bbox 1970 2107 1985 2122; x_wconf 76' lang='grc' dir='ltr'><em>ο</em></span> 
     </span>
    </p>
   </div>
   <div class='ocr_carea' id='block_1_21' title="bbox 321 2160 1992 2247">
    <p class='ocr_par' dir='ltr' id='par_1_21' title="bbox 321 2160 1992 2247">
     <span class='ocr_line' id='line_1_21' title="bbox 321 2160 1992 2247; baseline 0.014 -36"><span class='ocrx_word' id='word_1_143' title='bbox 321 2160 496 2225; x_wconf 71' lang='grc' dir='ltr'><em>οὕτως</em></span> <span class='ocrx_word' id='word_1_144' title='bbox 522 2163 816 2223; x_wconf 82' lang='grc' dir='ltr'><em>ἐθανάτων.</em></span> <span class='ocrx_word' id='word_1_145' title='bbox 842 2171 952 2223; x_wconf 80' lang='grc' dir='ltr'><em>Καὶ</em></span> <span class='ocrx_word' id='word_1_146' title='bbox 989 2171 1207 2242; x_wconf 78' lang='grc' dir='ltr'><em>πρῶτον</em></span> <span class='ocrx_word' id='word_1_147' title='bbox 1230 2174 1328 2243; x_wconf 87' lang='grc' dir='ltr'><em>μέν</em></span> <span class='ocrx_word' id='word_1_148' title='bbox 1353 2193 1539 2247; x_wconf 81' lang='grc' dir='ltr'><em>φησιν,</em></span> <span class='ocrx_word' id='word_1_149' title='bbox 1561 2177 1644 2230; x_wconf 84' lang='grc' dir='ltr'><em>ὅτι</em></span> <span class='ocrx_word' id='word_1_150' title='bbox 1672 2177 1992 2234; x_wconf 76' lang='grc' dir='ltr'><em>Μέλλοντα</em></span> 
     </span>
    </p>
   </div>
   <div class='ocr_carea' id='block_1_22' title="bbox 324 2247 1991 2333">
    <p class='ocr_par' dir='ltr' id='par_1_22' title="bbox 324 2247 1991 2333">
     <span class='ocr_line' id='line_1_22' title="bbox 324 2247 1991 2333; baseline 0.011 -32"><span class='ocrx_word' id='word_1_151' title='bbox 324 2247 693 2317; x_wconf 82' lang='grc' dir='ltr'><em>ἀναιρεῖσθαι</em></span> <span class='ocrx_word' id='word_1_152' title='bbox 742 2251 861 2308; x_wconf 79' lang='grc' dir='ltr'><em>ὑπὸ</em></span> <span class='ocrx_word' id='word_1_153' title='bbox 910 2255 1032 2311; x_wconf 88' lang='grc' dir='ltr'><em>τῶν</em></span> <span class='ocrx_word' id='word_1_154' title='bbox 1084 2260 1391 2315; x_wconf 82' lang='grc' dir='ltr'><em>Ἰουδαίων</em></span> <span class='ocrx_word' id='word_1_155' title='bbox 1444 2264 1766 2333; x_wconf 79' lang='grc' dir='ltr'><em>ἐξειλόμην</em></span> <span class='ocrx_word' id='word_1_156' title='bbox 1805 2282 1818 2297; x_wconf 75' lang='grc' dir='ltr'><strong>ο</strong></span> <span class='ocrx_word' id='word_1_157' title='bbox 1872 2262 1991 2320; x_wconf 72' lang='grc' dir='ltr'><em>εἶτα</em></span> 
     </span>
    </p>
   </div>
   <div class='ocr_carea' id='block_1_23' title="bbox 324 2337 1988 2419">
    <p class='ocr_par' dir='ltr' id='par_1_23' title="bbox 324 2337 1988 2419">
     <span class='ocr_line' id='line_1_23' title="bbox 324 2337 1988 2419; baseline 0.014 -33"><span class='ocrx_word' id='word_1_158' title='bbox 324 2337 697 2408; x_wconf 84' lang='grc' dir='ltr'><em>προστίθησιν,</em></span> <span class='ocrx_word' id='word_1_159' title='bbox 730 2342 814 2395; x_wconf 82' lang='grc' dir='ltr'><em>ὅτι</em></span> <span class='ocrx_word' id='word_1_160' title='bbox 845 2344 951 2398; x_wconf 81' lang='grc' dir='ltr'><em>Καὶ</em></span> <span class='ocrx_word' id='word_1_161' title='bbox 978 2346 1322 2418; x_wconf 77' lang='grc' dir='ltr'><em>κατήγαγον</em></span> <span class='ocrx_word' id='word_1_162' title='bbox 1347 2351 1534 2405; x_wconf 84' lang='grc' dir='ltr'><em>αὐτὸν</em></span> <span class='ocrx_word' id='word_1_163' title='bbox 1558 2352 1709 2419; x_wconf 75' lang='grc' dir='ltr'><em>πρὸς</em></span> <span class='ocrx_word' id='word_1_164' title='bbox 1732 2355 1954 2418; x_wconf 84' lang='grc' dir='ltr'><em>αὐτούς</em></span> <span class='ocrx_word' id='word_1_165' title='bbox 1974 2369 1988 2386; x_wconf 81' lang='grc'><strong>⁸</strong></span> 
     </span>
    </p>
   </div>
   <div class='ocr_carea' id='block_1_24' title="bbox 326 2424 1992 2502">
    <p class='ocr_par' dir='ltr' id='par_1_24' title="bbox 326 2424 1992 2502">
     <span class='ocr_line' id='line_1_24' title="bbox 326 2424 1992 2502; baseline 0.013 -28"><span class='ocrx_word' id='word_1_166' title='bbox 326 2425 416 2476; x_wconf 80' lang='grc' dir='ltr'><em>καὶ</em></span> <span class='ocrx_word' id='word_1_167' title='bbox 442 2426 550 2479; x_wconf 81' lang='grc' dir='ltr'><em>οὐδ’</em></span> <span class='ocrx_word' id='word_1_168' title='bbox 588 2427 762 2494; x_wconf 78' lang='grc' dir='ltr'><em>οὕτως</em></span> <span class='ocrx_word' id='word_1_169' title='bbox 795 2424 955 2502; x_wconf 75' lang='grc' dir='ltr'><em>εὗρόν</em></span> <span class='ocrx_word' id='word_1_170' title='bbox 999 2451 1052 2486; x_wconf 88' lang='grc' dir='ltr'><em>τι</em></span> <span class='ocrx_word' id='word_1_171' title='bbox 1106 2435 1406 2502; x_wconf 83' lang='grc' dir='ltr'><em>ἐγκαλέσαι</em></span> <span class='ocrx_word' id='word_1_172' title='bbox 1460 2438 1692 2492; x_wconf 83' lang='grc' dir='ltr'><em>ἐκεῖνοι·</em></span> <span class='ocrx_word' id='word_1_173' title='bbox 1741 2441 1836 2494; x_wconf 80' lang='grc' dir='ltr'><em>καὶ</em></span> <span class='ocrx_word' id='word_1_174' title='bbox 1873 2441 1992 2496; x_wconf 78' lang='grc' dir='ltr'><em>δέον</em></span> 
     </span>
    </p>
   </div>
   <div class='ocr_carea' id='block_1_25' title="bbox 321 2508 1988 2599">
    <p class='ocr_par' dir='ltr' id='par_1_25' title="bbox 321 2508 1988 2599">
     <span class='ocr_line' id='line_1_25' title="bbox 321 2508 1988 2599; baseline 0.014 -39"><span class='ocrx_word' id='word_1_175' title='bbox 321 2508 462 2582; x_wconf 66' lang='grc' dir='ltr'><em>ὑπὲρ</em></span> <span class='ocrx_word' id='word_1_176' title='bbox 488 2511 583 2566; x_wconf 89' lang='grc' dir='ltr'><em>τοῦ</em></span> <span class='ocrx_word' id='word_1_177' title='bbox 610 2516 878 2589; x_wconf 81' lang='grc' dir='ltr'><em>προτέρου</em></span> <span class='ocrx_word' id='word_1_178' title='bbox 917 2521 1340 2592; x_wconf 79' lang='grc' dir='ltr'><em>καταπλαγῆναι</em></span> <span class='ocrx_word' id='word_1_179' title='bbox 1367 2526 1461 2578; x_wconf 72' lang='grc' dir='ltr'><em>καὶ</em></span> <span class='ocrx_word' id='word_1_180' title='bbox 1506 2528 1988 2599; x_wconf 58' lang='grc' dir='ltr'><em>καταισχυνθῖψαι,</em></span> 
     </span>
    </p>
   </div>
   <div class='ocr_carea' id='block_1_26' title="bbox 321 2598 1993 2687">
    <p class='ocr_par' dir='ltr' id='par_1_26' title="bbox 321 2598 1993 2687">
     <span class='ocr_line' id='line_1_26' title="bbox 321 2598 1993 2687; baseline 0.013 -39"><span class='ocrx_word' id='word_1_181' title='bbox 321 2598 483 2651; x_wconf 77' lang='grc' dir='ltr'><em>πάλιν</em></span> <span class='ocrx_word' id='word_1_182' title='bbox 508 2601 877 2673; x_wconf 82' lang='grc' dir='ltr'><em>ἐπιχειροῦσιν</em></span> <span class='ocrx_word' id='word_1_183' title='bbox 903 2606 1134 2673; x_wconf 80' lang='grc' dir='ltr'><em>ἀνελεῖν,</em></span> <span class='ocrx_word' id='word_1_184' title='bbox 1162 2608 1303 2663; x_wconf 85' lang='grc' dir='ltr'><em>ὥστε</em></span> <span class='ocrx_word' id='word_1_185' title='bbox 1324 2612 1485 2665; x_wconf 84' lang='grc' dir='ltr'><em>πάλιν</em></span> <span class='ocrx_word' id='word_1_186' title='bbox 1507 2598 1885 2687; x_wconf 85' lang='grc' dir='ltr'><em>λαμπρότερον</em></span> <span class='ocrx_word' id='word_1_187' title='bbox 1902 2634 1993 2686; x_wconf 89' lang='grc' dir='ltr'><em>γε-</em></span> 
     </span>
    </p>
   </div>
   <div class='ocr_carea' id='block_1_27' title="bbox 325 2684 1994 2772">
    <p class='ocr_par' dir='ltr' id='par_1_27' title="bbox 325 2684 1994 2772">
     <span class='ocr_line' id='line_1_27' title="bbox 325 2684 1994 2772; baseline 0.013 -36"><span class='ocrx_word' id='word_1_188' title='bbox 325 2684 505 2740; x_wconf 82' lang='grc' dir='ltr'><em>νέσθαι</em></span> <span class='ocrx_word' id='word_1_189' title='bbox 535 2690 628 2741; x_wconf 91' lang='grc' dir='ltr'><em>τὸν</em></span> <span class='ocrx_word' id='word_1_190' title='bbox 652 2689 793 2761; x_wconf 78' lang='grc' dir='ltr'><em>ὑπὲρ</em></span> <span class='ocrx_word' id='word_1_191' title='bbox 819 2692 985 2745; x_wconf 91' lang='grc' dir='ltr'><em>αὐτοῦ</em></span> <span class='ocrx_word' id='word_1_192' title='bbox 1025 2694 1200 2764; x_wconf 90' lang='grc' dir='ltr'><em>λόγον.</em></span> <span class='ocrx_word' id='word_1_193' title='bbox 1248 2698 1358 2751; x_wconf 79' lang='grc' dir='ltr'><em>Καὶ</em></span> <span class='ocrx_word' id='word_1_194' title='bbox 1388 2699 1442 2752; x_wconf 91' lang='grc' dir='ltr'><em>τί</em></span> <span class='ocrx_word' id='word_1_195' title='bbox 1471 2684 1679 2772; x_wconf 17' lang='grc' dir='ltr'><em>δήποτε*</em></span> <span class='ocrx_word' id='word_1_196' title='bbox 1709 2684 1836 2767; x_wconf 76' lang='grc' dir='ltr'><em>τοῦς</em></span> <span class='ocrx_word' id='word_1_197' title='bbox 1867 2684 1994 2758; x_wconf 86' lang='grc' dir='ltr'><em>κατ-</em></span> 
     </span>
    </p>
   </div>
   <div class='ocr_carea' id='block_1_28' title="bbox 318 2773 1991 2857">
    <p class='ocr_par' dir='ltr' id='par_1_28' title="bbox 318 2773 1991 2857">
     <span class='ocr_line' id='line_1_28' title="bbox 318 2773 1991 2857; baseline 0.013 -33"><span class='ocrx_word' id='word_1_198' title='bbox 318 2773 553 2845; x_wconf 81' lang='grc' dir='ltr'><em>ηγόρους</em></span> <span class='ocrx_word' id='word_1_199' title='bbox 599 2777 842 2846; x_wconf 84' lang='grc' dir='ltr'><em>πέμπει;</em></span> <span class='ocrx_word' id='word_1_200' title='bbox 876 2780 995 2835; x_wconf 82' lang='grc' dir='ltr'><em>Ἵνα</em></span> <span class='ocrx_word' id='word_1_201' title='bbox 1037 2783 1096 2835; x_wconf 88' lang='grc' dir='ltr'><em>ἐν</em></span> <span class='ocrx_word' id='word_1_202' title='bbox 1122 2782 1202 2854; x_wconf 83' lang='grc' dir='ltr'><em>τῷ</em></span> <span class='ocrx_word' id='word_1_203' title='bbox 1240 2783 1607 2857; x_wconf 77' lang='grc' dir='ltr'><em>δικαστηρίῳ,</em></span> <span class='ocrx_word' id='word_1_204' title='bbox 1655 2788 1784 2843; x_wconf 82' lang='grc' dir='ltr'><em>ἔνθα</em></span> <span class='ocrx_word' id='word_1_205' title='bbox 1817 2790 1991 2846; x_wconf 89' lang='grc' dir='ltr'><em>ταῦτα</em></span> 
     </span>
    </p>
   </div>
   <div class='ocr_carea' id='block_1_29' title="bbox 319 2862 1992 2949">
    <p class='ocr_par' dir='ltr' id='par_1_29' title="bbox 319 2862 1992 2949">
     <span class='ocr_line' id='line_1_29' title="bbox 319 2862 1992 2949; baseline 0.013 -36"><span class='ocrx_word' id='word_1_206' title='bbox 319 2862 710 2936; x_wconf 84' lang='grc' dir='ltr'><em>ἀκριϐέστερον</em></span> <span class='ocrx_word' id='word_1_207' title='bbox 778 2868 1160 2939; x_wconf 81' lang='grc' dir='ltr'><em>γυμνάζεται,</em></span> <span class='ocrx_word' id='word_1_208' title='bbox 1216 2870 1393 2937; x_wconf 87' lang='grc' dir='ltr'><em>ἀθῶος</em></span> <span class='ocrx_word' id='word_1_209' title='bbox 1448 2875 1697 2946; x_wconf 83' lang='grc' dir='ltr'><em>γένηται.</em></span> <span class='ocrx_word' id='word_1_210' title='bbox 1763 2879 1992 2949; x_wconf 85' lang='grc' dir='ltr'><em>Ἴδωμεν</em></span> 
     </span>
    </p>
   </div>
   <div class='ocr_carea' id='block_1_30' title="bbox 317 2950 1993 3036">
    <p class='ocr_par' dir='ltr' id='par_1_30' title="bbox 317 2950 1993 3036">
     <span class='ocr_line' id='line_1_30' title="bbox 317 2950 1993 3036; baseline 0.013 -34"><span class='ocrx_word' id='word_1_211' title='bbox 317 2950 499 3004; x_wconf 81' lang='grc' dir='ltr'><em>τοίνυν</em></span> <span class='ocrx_word' id='word_1_212' title='bbox 545 2951 752 3008; x_wconf 81' lang='grc' dir='ltr'><em>ἄνωθεν</em></span> <span class='ocrx_word' id='word_1_213' title='bbox 812 2954 884 3008; x_wconf 85' lang='grc' dir='ltr'><em>τὰ</em></span> <span class='ocrx_word' id='word_1_214' title='bbox 935 2958 1222 3027; x_wconf 74' lang='grc' dir='ltr'><em>εἰρημένα.</em></span> <span class='ocrx_word' id='word_1_215' title='bbox 1266 2962 1435 3030; x_wconf 79' lang='grc' dir='ltr'><em>Ἐγὼ,</em></span> <span class='ocrx_word' id='word_1_216' title='bbox 1481 2964 1638 3035; x_wconf 79' lang='grc' dir='ltr'><em>φησὶ,</em></span> <span class='ocrx_word' id='word_1_217' title='bbox 1672 2968 1993 3036; x_wconf 80' lang='grc' dir='ltr'><em>Φαρισαῖός</em></span> 
     </span>
    </p>
   </div>
   <div class='ocr_carea' id='block_1_31' title="bbox 317 3037 1992 3111">
    <p class='ocr_par' dir='ltr' id='par_1_31' title="bbox 317 3037 1992 3111">
     <span class='ocr_line' id='line_1_31' title="bbox 317 3037 1992 3111; baseline 0.013 -22"><span class='ocrx_word' id='word_1_218' title='bbox 317 3038 455 3106; x_wconf 59' lang='grc' dir='ltr'><em>εἶμι.</em></span> <span class='ocrx_word' id='word_1_219' title='bbox 498 3037 668 3093; x_wconf 85' lang='grc' dir='ltr'><em>Τοῦτο</em></span> <span class='ocrx_word' id='word_1_220' title='bbox 688 3037 863 3106; x_wconf 75' lang='grc' dir='ltr'><em>εἶπεν,</em></span> <span class='ocrx_word' id='word_1_221' title='bbox 886 3042 1027 3096; x_wconf 82' lang='grc' dir='ltr'><em>ὥστε</em></span> <span class='ocrx_word' id='word_1_222' title='bbox 1064 3047 1262 3111; x_wconf 82' lang='grc' dir='ltr'><em>αὐτοὺς</em></span> <span class='ocrx_word' id='word_1_223' title='bbox 1282 3050 1715 3107; x_wconf 83' lang='grc' dir='ltr'><em>ἐπισπάσασθαι.</em></span> <span class='ocrx_word' id='word_1_224' title='bbox 1751 3051 1887 3110; x_wconf 81' lang='grc' dir='ltr'><em>Εἶτα</em></span> <span class='ocrx_word' id='word_1_225' title='bbox 1904 3057 1992 3111; x_wconf 86' lang='grc' dir='ltr'><em>ῐνα</em></span> 
     </span>
    </p>
   </div>
   <div class='ocr_carea' id='block_1_32' title="bbox 320 3124 1993 3205">
    <p class='ocr_par' dir='ltr' id='par_1_32' title="bbox 320 3124 1993 3205">
     <span class='ocr_line' id='line_1_32' title="bbox 320 3124 1993 3205; baseline 0.013 -28"><span class='ocrx_word' id='word_1_226' title='bbox 320 3125 397 3195; x_wconf 78' lang='grc' dir='ltr'><em>μὴ</em></span> <span class='ocrx_word' id='word_1_227' title='bbox 427 3124 554 3197; x_wconf 76' lang='grc' dir='ltr'><em>δόξῃ</em></span> <span class='ocrx_word' id='word_1_228' title='bbox 581 3127 917 3191; x_wconf 81' lang='grc' dir='ltr'><em>κολακεύειν,</em></span> <span class='ocrx_word' id='word_1_229' title='bbox 936 3131 1153 3200; x_wconf 85' lang='grc' dir='ltr'><em>ἐπάγει·</em></span> <span class='ocrx_word' id='word_1_230' title='bbox 1178 3136 1318 3203; x_wconf 76' lang='grc' dir='ltr'><em>Περὶ</em></span> <span class='ocrx_word' id='word_1_231' title='bbox 1341 3137 1591 3205; x_wconf 70' lang='grc' dir='ltr'><em>ἐλπίδος</em></span> <span class='ocrx_word' id='word_1_232' title='bbox 1612 3140 1710 3194; x_wconf 79' lang='grc' dir='ltr'><em>καί</em></span> <span class='ocrx_word' id='word_1_233' title='bbox 1737 3142 1993 3198; x_wconf 71' lang='grc' dir='ltr'><em>ἀναστά-</em></span> 
     </span>
    </p>
   </div>
   <div class='ocr_carea' id='block_1_33' title="bbox 315 3212 1994 3300">
    <p class='ocr_par' dir='ltr' id='par_1_33' title="bbox 315 3212 1994 3300">
     <span class='ocr_line' id='line_1_33' title="bbox 315 3212 1994 3300; baseline 0.013 -35"><span class='ocrx_word' id='word_1_234' title='bbox 315 3227 474 3300; x_wconf 82' lang='grc' dir='ltr'><em>σεως</em></span> <span class='ocrx_word' id='word_1_235' title='bbox 499 3212 728 3282; x_wconf 80' lang='grc' dir='ltr'><em>νεκρῶν</em></span> <span class='ocrx_word' id='word_1_236' title='bbox 754 3215 870 3286; x_wconf 74' lang='grc' dir='ltr'><em>ἐγὼ</em></span> <span class='ocrx_word' id='word_1_237' title='bbox 900 3218 1195 3288; x_wconf 80' lang='grc' dir='ltr'><em>κρίνομαι.</em></span> <span class='ocrx_word' id='word_1_238' title='bbox 1251 3222 1384 3276; x_wconf 79' lang='grc' dir='ltr'><em>Ἀπὸ</em></span> <span class='ocrx_word' id='word_1_239' title='bbox 1407 3224 1509 3294; x_wconf 81' lang='grc' dir='ltr'><em>τῆς</em></span> <span class='ocrx_word' id='word_1_240' title='bbox 1534 3229 1871 3300; x_wconf 84' lang='grc' dir='ltr'><em>κατηγορίας</em></span> <span class='ocrx_word' id='word_1_241' title='bbox 1896 3231 1994 3286; x_wconf 83' lang='grc' dir='ltr'><em>αὐ-</em></span> 
     </span>
    </p>
   </div>
   <div class='ocr_carea' id='block_1_34' title="bbox 318 3299 1991 3379">
    <p class='ocr_par' dir='ltr' id='par_1_34' title="bbox 318 3299 1991 3379">
     <span class='ocr_line' id='line_1_34' title="bbox 318 3299 1991 3379; baseline 0.013 -27"><span class='ocrx_word' id='word_1_242' title='bbox 318 3299 429 3353; x_wconf 84' lang='grc' dir='ltr'><em>τῶν</em></span> <span class='ocrx_word' id='word_1_243' title='bbox 455 3300 549 3354; x_wconf 76' lang='grc' dir='ltr'><em>καὶ</em></span> <span class='ocrx_word' id='word_1_244' title='bbox 591 3303 690 3373; x_wconf 86' lang='grc' dir='ltr'><em>τῆς</em></span> <span class='ocrx_word' id='word_1_245' title='bbox 729 3302 985 3375; x_wconf 83' lang='grc' dir='ltr'><em>διαϐολῆς</em></span> <span class='ocrx_word' id='word_1_246' title='bbox 1032 3307 1342 3379; x_wconf 82' lang='grc' dir='ltr'><em>συνίστησιν</em></span> <span class='ocrx_word' id='word_1_247' title='bbox 1383 3312 1575 3368; x_wconf 72' lang='grc' dir='ltr'><em>ἑαυτόν</em></span> <span class='ocrx_word' id='word_1_248' title='bbox 1603 3331 1618 3346; x_wconf 87' lang='grc'>·</span> <span class='ocrx_word' id='word_1_249' title='bbox 1647 3316 1991 3372; x_wconf 77' lang='grc' dir='ltr'><em>Σαδδουκαῖοι</em></span> 
     </span>
    </p>
   </div>
   <div class='ocr_carea' id='block_1_35' title="bbox 323 3387 1991 3473">
    <p class='ocr_par' dir='ltr' id='par_1_35' title="bbox 323 3387 1991 3473">
     <span class='ocr_line' id='line_1_35' title="bbox 323 3387 1991 3473; baseline 0.013 -35"><span class='ocrx_word' id='word_1_250' title='bbox 323 3387 424 3473; x_wconf 84' lang='grc' dir='ltr'><em>μὲν</em></span> <span class='ocrx_word' id='word_1_251' title='bbox 445 3388 552 3459; x_wconf 85' lang='grc' dir='ltr'><em>γὰρ</em></span> <span class='ocrx_word' id='word_1_252' title='bbox 580 3387 799 3457; x_wconf 85' lang='grc' dir='ltr'><em>λέγουσι</em></span> <span class='ocrx_word' id='word_1_253' title='bbox 832 3391 907 3464; x_wconf 82' lang='grc' dir='ltr'><em>μὴ</em></span> <span class='ocrx_word' id='word_1_254' title='bbox 935 3387 1075 3447; x_wconf 80' lang='grc' dir='ltr'><em>εἶναι</em></span> <span class='ocrx_word' id='word_1_255' title='bbox 1098 3394 1352 3464; x_wconf 78' lang='grc' dir='ltr'><em>ἄγγελον,</em></span> <span class='ocrx_word' id='word_1_256' title='bbox 1384 3399 1520 3470; x_wconf 84' lang='grc' dir='ltr'><em>μήτε</em></span> <span class='ocrx_word' id='word_1_257' title='bbox 1548 3401 1787 3473; x_wconf 86' lang='grc' dir='ltr'><em>πνεῦμα.</em></span> <span class='ocrx_word' id='word_1_258' title='bbox 1824 3404 1991 3460; x_wconf 81' lang='grc' dir='ltr'><em>Οὐδὲν</em></span> 
     </span>
    </p>
   </div>
   <div class='ocr_carea' id='block_1_36' title="bbox 321 3472 1991 3555">
    <p class='ocr_par' dir='ltr' id='par_1_36' title="bbox 321 3472 1991 3555">
     <span class='ocr_line' id='line_1_36' title="bbox 321 3472 1991 3555; baseline 0.014 -30"><span class='ocrx_word' id='word_1_259' title='bbox 321 3472 611 3545; x_wconf 86' lang='grc' dir='ltr'><em>ἀσώματον</em></span> <span class='ocrx_word' id='word_1_260' title='bbox 657 3476 805 3530; x_wconf 78' lang='grc' dir='ltr'><em>ἴσασι</em></span> <span class='ocrx_word' id='word_1_261' title='bbox 845 3478 1211 3546; x_wconf 85' lang='grc' dir='ltr'><em>Σαδδουκαῖοι,</em></span> <span class='ocrx_word' id='word_1_262' title='bbox 1259 3485 1399 3555; x_wconf 86' lang='grc' dir='ltr'><em>τάχα</em></span> <span class='ocrx_word' id='word_1_263' title='bbox 1422 3488 1543 3541; x_wconf 82' lang='grc' dir='ltr'><em>οὐδὲ</em></span> <span class='ocrx_word' id='word_1_264' title='bbox 1575 3489 1666 3543; x_wconf 87' lang='grc' dir='ltr'><em>τὸν</em></span> <span class='ocrx_word' id='word_1_265' title='bbox 1693 3472 1854 3555; x_wconf 81' lang='grc' dir='ltr'><em>Θεὸν,</em></span> <span class='ocrx_word' id='word_1_266' title='bbox 1887 3510 1991 3548; x_wconf 84' lang='grc' dir='ltr'><em>πα-</em></span> 
     </span>
    </p>
   </div>
   <div class='ocr_carea' id='block_1_37' title="bbox 319 3559 1990 3643">
    <p class='ocr_par' dir='ltr' id='par_1_37' title="bbox 319 3559 1990 3643">
     <span class='ocr_line' id='line_1_37' title="bbox 319 3559 1990 3643; baseline 0.017 -36"><span class='ocrx_word' id='word_1_267' title='bbox 319 3559 434 3625; x_wconf 85' lang='grc' dir='ltr'><em>χεῖς</em></span> <span class='ocrx_word' id='word_1_268' title='bbox 460 3575 604 3623; x_wconf 86' lang='grc' dir='ltr'><em>τινες</em></span> <span class='ocrx_word' id='word_1_269' title='bbox 632 3559 782 3625; x_wconf 76' lang='grc' dir='ltr'><em>ὄντες</em></span> <span class='ocrx_word' id='word_1_270' title='bbox 804 3578 821 3592; x_wconf 82' lang='grc'>·</span> <span class='ocrx_word' id='word_1_271' title='bbox 847 3563 970 3618; x_wconf 80' lang='grc' dir='ltr'><em>ὅθεν</em></span> <span class='ocrx_word' id='word_1_272' title='bbox 1028 3566 1150 3620; x_wconf 78' lang='grc' dir='ltr'><em>οὐδὲ</em></span> <span class='ocrx_word' id='word_1_273' title='bbox 1199 3569 1497 3626; x_wconf 84' lang='grc' dir='ltr'><em>ἀνάστασιν</em></span> <span class='ocrx_word' id='word_1_274' title='bbox 1540 3572 1819 3643; x_wconf 88' lang='grc' dir='ltr'><em>βούλονται</em></span> <span class='ocrx_word' id='word_1_275' title='bbox 1849 3573 1990 3634; x_wconf 78' lang='grc' dir='ltr'><em>εἶναι</em></span> 
     </span>
    </p>
   </div>
   <div class='ocr_carea' id='block_1_38' title="bbox 320 3646 1989 3733">
    <p class='ocr_par' dir='ltr' id='par_1_38' title="bbox 320 3646 1989 3733">
     <span class='ocr_line' id='line_1_38' title="bbox 320 3646 1989 3733; baseline 0.016 -37"><span class='ocrx_word' id='word_1_276' title='bbox 320 3646 616 3733; x_wconf 82' lang='grc' dir='ltr'><em>πιστεύειν.</em></span> <span class='ocrx_word' id='word_1_277' title='bbox 671 3649 783 3704; x_wconf 73' lang='grc' dir='ltr'><em>Καὶ</em></span> <span class='ocrx_word' id='word_1_278' title='bbox 836 3651 1235 3723; x_wconf 70' lang='grc' dir='ltr'><em>ἀναστάντες,</em></span> <span class='ocrx_word' id='word_1_279' title='bbox 1283 3662 1439 3729; x_wconf 80' lang='grc' dir='ltr'><em>φησὶ,</em></span> <span class='ocrx_word' id='word_1_280' title='bbox 1497 3663 1855 3733; x_wconf 59' lang='grc' dir='ltr'><em>γραμματεῖς</em></span> <span class='ocrx_word' id='word_1_281' title='bbox 1881 3666 1989 3722; x_wconf 84' lang='grc' dir='ltr'><em>τοῦ</em></span> 
     </span>
    </p>
   </div>
   <div class='ocr_carea' id='block_1_39' title="bbox 312 3732 1992 3818">
    <p class='ocr_par' dir='ltr' id='par_1_39' title="bbox 312 3732 1992 3818">
     <span class='ocr_line' id='line_1_39' title="bbox 312 3732 1992 3818; baseline 0.015 -34"><span class='ocrx_word' id='word_1_282' title='bbox 312 3732 535 3801; x_wconf 74' lang='grc' dir='ltr'><em>μέρους</em></span> <span class='ocrx_word' id='word_1_283' title='bbox 558 3734 679 3789; x_wconf 82' lang='grc' dir='ltr'><em>τῶν</em></span> <span class='ocrx_word' id='word_1_284' title='bbox 699 3737 1058 3805; x_wconf 76' lang='grc' dir='ltr'><em>Φαρισαίων,</em></span> <span class='ocrx_word' id='word_1_285' title='bbox 1080 3740 1436 3812; x_wconf 82' lang='grc' dir='ltr'><em>διεμάχοντο</em></span> <span class='ocrx_word' id='word_1_286' title='bbox 1462 3732 1745 3818; x_wconf 71' lang='grc' dir='ltr'><em>λέγοντες</em></span> <span class='ocrx_word' id='word_1_287' title='bbox 1760 3767 1773 3779; x_wconf 87' lang='grc'><strong>·</strong></span> <span class='ocrx_word' id='word_1_288' title='bbox 1799 3751 1992 3808; x_wconf 82' lang='grc' dir='ltr'><em>Οὐδὲν</em></span> 
     </span>
    </p>
   </div>
   <div class='ocr_carea' id='block_1_40' title="bbox 318 3819 1650 3896">
    <p class='ocr_par' dir='ltr' id='par_1_40' title="bbox 318 3819 1650 3896">
     <span class='ocr_line' id='line_1_40' title="bbox 318 3819 1650 3896; baseline 0.014 -26"><span class='ocrx_word' id='word_1_289' title='bbox 318 3819 508 3872; x_wconf 78' lang='grc' dir='ltr'><em>κακὸν</em></span> <span class='ocrx_word' id='word_1_290' title='bbox 533 3821 896 3891; x_wconf 81' lang='grc' dir='ltr'><em>εὑρίσκομεν</em></span> <span class='ocrx_word' id='word_1_291' title='bbox 928 3823 998 3877; x_wconf 84' lang='grc' dir='ltr'><em>ἐν</em></span> <span class='ocrx_word' id='word_1_292' title='bbox 1017 3825 1098 3891; x_wconf 83' lang='grc' dir='ltr'><em>τῷ</em></span> <span class='ocrx_word' id='word_1_293' title='bbox 1119 3826 1410 3895; x_wconf 78' lang='grc' dir='ltr'><em>ἀνθρώπῳ</em></span> <span class='ocrx_word' id='word_1_294' title='bbox 1442 3834 1650 3896; x_wconf 83' lang='grc' dir='ltr'><em>τούτῳ.</em></span> 
     </span>
    </p>
   </div>
   <div class='ocr_carea' id='block_1_41' title="bbox 390 3904 1992 3997">
    <p class='ocr_par' dir='ltr' id='par_1_41' title="bbox 390 3904 1992 3997">
     <span class='ocr_line' id='line_1_41' title="bbox 390 3904 1992 3997; baseline 0.012 -37"><span class='ocrx_word' id='word_1_295' title='bbox 390 3904 545 3997; x_wconf 41' lang='grc' dir='ltr'><em>ἓὸϐθ]</em></span> <span class='ocrx_word' id='word_1_296' title='bbox 568 3914 637 3997; x_wconf 62' lang='grc' dir='ltr'><em>γ’.</em></span> <span class='ocrx_word' id='word_1_297' title='bbox 668 3909 831 3979; x_wconf 56' lang='lat' dir='ltr'><em>&quot;Opas</em></span> <span class='ocrx_word' id='word_1_298' title='bbox 846 3910 1036 3965; x_wconf 87' lang='grc' dir='ltr'><em>ἀκούει</em></span> <span class='ocrx_word' id='word_1_299' title='bbox 1051 3913 1146 3966; x_wconf 75' lang='grc' dir='ltr'><em>καὶ</em></span> <span class='ocrx_word' id='word_1_300' title='bbox 1170 3916 1198 3967; x_wconf 87' lang='grc' dir='ltr'>ὁ</span> <span class='ocrx_word' id='word_1_301' title='bbox 1221 3915 1520 3988; x_wconf 81' lang='grc' dir='ltr'><em>χιλίαρχος,</em></span> <span class='ocrx_word' id='word_1_302' title='bbox 1539 3919 1620 3973; x_wconf 85' lang='grc' dir='ltr'><em>ὃτι</em></span> <span class='ocrx_word' id='word_1_303' title='bbox 1642 3921 1805 3977; x_wconf 88' lang='grc' dir='ltr'><em>αὐτὸν</em></span> <span class='ocrx_word' id='word_1_304' title='bbox 1818 3924 1992 3997; x_wconf 84' lang='grc' dir='ltr'><em>ἀπήλ-</em></span> 
     </span>
    </p>
   </div>
   <div class='ocr_carea' id='block_1_42' title="bbox 316 3993 1989 4087">
    <p class='ocr_par' dir='ltr' id='par_1_42' title="bbox 316 3993 1989 4087">
     <span class='ocr_line' id='line_1_42' title="bbox 316 3993 1989 4087; baseline 0.014 -42"><span class='ocrx_word' id='word_1_305' title='bbox 316 3993 487 4087; x_wconf 66' lang='grc' dir='ltr'><em>λαξαν</em></span> <span class='ocrx_word' id='word_1_306' title='bbox 516 3996 878 4087; x_wconf 76' lang='grc' dir='ltr'><em>ἐγκλημάτων</em></span> <span class='ocrx_word' id='word_1_307' title='bbox 916 3999 967 4087; x_wconf 78' lang='grc' dir='ltr'><em>οἱ</em></span> <span class='ocrx_word' id='word_1_308' title='bbox 1008 4001 1326 4072; x_wconf 83' lang='grc' dir='ltr'><em>Φαρισαῖοι,</em></span> <span class='ocrx_word' id='word_1_309' title='bbox 1361 4004 1455 4058; x_wconf 78' lang='grc' dir='ltr'><em>καὶ</em></span> <span class='ocrx_word' id='word_1_310' title='bbox 1493 4006 1798 4077; x_wconf 69' lang='grc' dir='ltr'><em>ἐψηφίσατο</em></span> <span class='ocrx_word' id='word_1_311' title='bbox 1847 3993 1989 4087; x_wconf 77' lang='grc' dir='ltr'><em>ὐπέρ</em></span> 
     </span>
    </p>
   </div>
   <div class='ocr_carea' id='block_1_43' title="bbox 318 4080 1991 4164">
    <p class='ocr_par' dir='ltr' id='par_1_43' title="bbox 318 4080 1991 4164">
     <span class='ocr_line' id='line_1_43' title="bbox 318 4080 1991 4164; baseline 0.013 -30"><span class='ocrx_word' id='word_1_312' title='bbox 318 4080 505 4146; x_wconf 82' lang='grc' dir='ltr'><em>αὐτοῦ,</em></span> <span class='ocrx_word' id='word_1_313' title='bbox 529 4082 624 4137; x_wconf 80' lang='grc' dir='ltr'><em>καὶ</em></span> <span class='ocrx_word' id='word_1_314' title='bbox 650 4082 790 4154; x_wconf 84' lang='grc' dir='ltr'><em>μετά</em></span> <span class='ocrx_word' id='word_1_315' title='bbox 817 4085 1058 4151; x_wconf 83' lang='grc' dir='ltr'><em>πλείονος</em></span> <span class='ocrx_word' id='word_1_316' title='bbox 1079 4089 1394 4161; x_wconf 76' lang='grc' dir='ltr'><em>παρρησίας</em></span> <span class='ocrx_word' id='word_1_317' title='bbox 1420 4093 1656 4164; x_wconf 76' lang='grc' dir='ltr'><em>ἁρπάζει</em></span> <span class='ocrx_word' id='word_1_318' title='bbox 1677 4098 1859 4154; x_wconf 87' lang='grc' dir='ltr'><em>αὐτόν.</em></span> <span class='ocrx_word' id='word_1_319' title='bbox 1877 4080 1991 4156; x_wconf 52' lang='grc' dir='ltr'><em>κάλ</em></span> 
     </span>
    </p>
   </div>
   <div class='ocr_carea' id='block_1_44' title="bbox 317 4168 1987 4260">
    <p class='ocr_par' dir='ltr' id='par_1_44' title="bbox 317 4168 1987 4260">
     <span class='ocr_line' id='line_1_44' title="bbox 317 4168 1987 4260; baseline 0.011 -34"><span class='ocrx_word' id='word_1_320' title='bbox 317 4172 456 4226; x_wconf 82' lang='grc' dir='ltr'><em>αὐτά</em></span> <span class='ocrx_word' id='word_1_321' title='bbox 466 4172 523 4225; x_wconf 81' lang='grc' dir='ltr'><em>δὲ</em></span> <span class='ocrx_word' id='word_1_322' title='bbox 534 4174 654 4244; x_wconf 81' lang='grc' dir='ltr'><em>είρη</em></span> <span class='ocrx_word' id='word_1_323' title='bbox 663 4174 800 4244; x_wconf 86' lang='grc' dir='ltr'><em>μένα</em></span> <span class='ocrx_word' id='word_1_324' title='bbox 812 4175 1008 4247; x_wconf 82' lang='grc' dir='ltr'><em>Παύλῳ</em></span> <span class='ocrx_word' id='word_1_325' title='bbox 1025 4168 1341 4250; x_wconf 83' lang='grc' dir='ltr'><em>φιλοσοφίας</em></span> <span class='ocrx_word' id='word_1_326' title='bbox 1353 4180 1445 4251; x_wconf 79' lang='grc' dir='ltr'><em>ἐγε</em></span> <span class='ocrx_word' id='word_1_327' title='bbox 1451 4200 1540 4253; x_wconf 89' lang='grc' dir='ltr'><em>με.</em></span> <span class='ocrx_word' id='word_1_328' title='bbox 1561 4184 1639 4255; x_wconf 77' lang='grc' dir='ltr'><em>Τῇ</em></span> <span class='ocrx_word' id='word_1_329' title='bbox 1651 4186 1721 4240; x_wconf 84' lang='grc' dir='ltr'><em>δὲ</em></span> <span class='ocrx_word' id='word_1_330' title='bbox 1732 4188 1987 4260; x_wconf 81' lang='grc' dir='ltr'><em>ἐπιούσῃ</em></span> 
     </span>
    </p>
   </div>
   <div class='ocr_carea' id='block_1_45' title="bbox 315 4260 1984 4341">
    <p class='ocr_par' dir='ltr' id='par_1_45' title="bbox 315 4260 1984 4341">
     <span class='ocr_line' id='line_1_45' title="bbox 315 4260 1984 4341; baseline 0.012 -28"><span class='ocrx_word' id='word_1_331' title='bbox 315 4260 491 4314; x_wconf 83' lang='grc' dir='ltr'><em>νυκτὶ</em></span> <span class='ocrx_word' id='word_1_332' title='bbox 518 4261 770 4330; x_wconf 75' lang='grc' dir='ltr'><em>ἐπιστὰς</em></span> <span class='ocrx_word' id='word_1_333' title='bbox 796 4262 1007 4330; x_wconf 80' lang='grc' dir='ltr'><em>αὐτῷό</em></span> <span class='ocrx_word' id='word_1_334' title='bbox 1039 4266 1257 4336; x_wconf 80' lang='grc' dir='ltr'><em>Κύριος</em></span> <span class='ocrx_word' id='word_1_335' title='bbox 1283 4264 1414 4323; x_wconf 79' lang='grc' dir='ltr'><em>εἷπε</em></span> <span class='ocrx_word' id='word_1_336' title='bbox 1446 4286 1459 4301; x_wconf 88' lang='grc'><strong>·</strong></span> <span class='ocrx_word' id='word_1_337' title='bbox 1492 4271 1730 4341; x_wconf 81' lang='grc' dir='ltr'><em>Θάρσει,</em></span> <span class='ocrx_word' id='word_1_338' title='bbox 1760 4277 1984 4332; x_wconf 76' lang='grc' dir='ltr'><em>Παῦλε·</em></span> 
     </span>
    </p>
   </div>
   <div class='ocr_carea' id='block_1_46' title="bbox 313 4347 1987 4435">
    <p class='ocr_par' dir='ltr' id='par_1_46' title="bbox 313 4347 1987 4435">
     <span class='ocr_line' id='line_1_46' title="bbox 313 4347 1987 4435; baseline 0.012 -37"><span class='ocrx_word' id='word_1_339' title='bbox 313 4347 396 4414; x_wconf 85' lang='grc' dir='ltr'><em>ὡς</em></span> <span class='ocrx_word' id='word_1_340' title='bbox 425 4349 535 4416; x_wconf 78' lang='grc' dir='ltr'><em>τὰρ</em></span> <span class='ocrx_word' id='word_1_341' title='bbox 580 4347 946 4420; x_wconf 81' lang='grc' dir='ltr'><em>διεμαρτύρω</em></span> <span class='ocrx_word' id='word_1_342' title='bbox 970 4352 1042 4406; x_wconf 77' lang='grc' dir='ltr'><em>τὰ</em></span> <span class='ocrx_word' id='word_1_343' title='bbox 1088 4353 1223 4422; x_wconf 80' lang='grc' dir='ltr'><em>περὶ</em></span> <span class='ocrx_word' id='word_1_344' title='bbox 1260 4355 1407 4424; x_wconf 77' lang='grc' dir='ltr'><em>ἐμοῦ</em></span> <span class='ocrx_word' id='word_1_345' title='bbox 1446 4359 1536 4424; x_wconf 84' lang='grc' dir='ltr'><em>είς</em></span> <span class='ocrx_word' id='word_1_346' title='bbox 1568 4360 1987 4435; x_wconf 71' lang='grc' dir='ltr'><em>Ἰερουσαλὴμ,</em></span> 
     </span>
    </p>
   </div>
   <div class='ocr_carea' id='block_1_47' title="bbox 314 4435 1986 4524">
    <p class='ocr_par' dir='ltr' id='par_1_47' title="bbox 314 4435 1986 4524">
     <span class='ocr_line' id='line_1_47' title="bbox 314 4435 1986 4524; baseline 0.011 -36"><span class='ocrx_word' id='word_1_347' title='bbox 314 4436 471 4524; x_wconf 85' lang='grc' dir='ltr'><em>οὕτω</em></span> <span class='ocrx_word' id='word_1_348' title='bbox 488 4452 563 4524; x_wconf 83' lang='grc' dir='ltr'><em>σε</em></span> <span class='ocrx_word' id='word_1_349' title='bbox 581 4435 676 4524; x_wconf 80' lang='grc' dir='ltr'><em>δεῖ</em></span> <span class='ocrx_word' id='word_1_350' title='bbox 719 4438 820 4491; x_wconf 77' lang='grc' dir='ltr'><em>καί</em></span> <span class='ocrx_word' id='word_1_351' title='bbox 859 4441 948 4504; x_wconf 83' lang='grc' dir='ltr'><em>είς</em></span> <span class='ocrx_word' id='word_1_352' title='bbox 992 4438 1221 4509; x_wconf 79' lang='grc' dir='ltr'><em>Ῥώμην</em></span> <span class='ocrx_word' id='word_1_353' title='bbox 1239 4441 1642 4513; x_wconf 81' lang='grc' dir='ltr'><em>μαρτυρῆσαι.</em></span> <span class='ocrx_word' id='word_1_354' title='bbox 1676 4449 1821 4520; x_wconf 83' lang='grc' dir='ltr'><em>Ὅρα</em></span> <span class='ocrx_word' id='word_1_355' title='bbox 1844 4452 1986 4524; x_wconf 84' lang='grc' dir='ltr'><em>πόση</em></span> 
     </span>
    </p>
   </div>
   <div class='ocr_carea' id='block_1_48' title="bbox 317 4522 1988 4608">
    <p class='ocr_par' dir='ltr' id='par_1_48' title="bbox 317 4522 1988 4608">
     <span class='ocr_line' id='line_1_48' title="bbox 317 4522 1988 4608; baseline 0.012 -35"><span class='ocrx_word' id='word_1_356' title='bbox 317 4522 352 4593; x_wconf 71' lang='grc' dir='ltr'>ἡ</span> <span class='ocrx_word' id='word_1_357' title='bbox 389 4522 734 4594; x_wconf 84' lang='grc' dir='ltr'><em>παράκλησις</em></span> <span class='ocrx_word' id='word_1_358' title='bbox 757 4540 771 4554; x_wconf 78' lang='grc'><em>’</em></span> <span class='ocrx_word' id='word_1_359' title='bbox 798 4524 1015 4595; x_wconf 86' lang='grc' dir='ltr'><em>πρῶτον</em></span> <span class='ocrx_word' id='word_1_360' title='bbox 1044 4527 1207 4582; x_wconf 85' lang='grc' dir='ltr'><em>αὐτὸν</em></span> <span class='ocrx_word' id='word_1_361' title='bbox 1228 4531 1464 4598; x_wconf 84' lang='grc' dir='ltr'><em>ἐπαινεῖ,</em></span> <span class='ocrx_word' id='word_1_362' title='bbox 1487 4527 1607 4587; x_wconf 77' lang='grc' dir='ltr'><em>εἶτα</em></span> <span class='ocrx_word' id='word_1_363' title='bbox 1627 4534 1725 4590; x_wconf 88' lang='grc' dir='ltr'><em>οὐκ</em></span> <span class='ocrx_word' id='word_1_364' title='bbox 1762 4522 1988 4608; x_wconf 80' lang='grc' dir='ltr'><em>ἀφίησιν</em></span> 
     </span>
    </p>
   </div>
   <div class='ocr_carea' id='block_1_49' title="bbox 312 4609 1988 4694">
    <p class='ocr_par' dir='ltr' id='par_1_49' title="bbox 312 4609 1988 4694">
     <span class='ocr_line' id='line_1_49' title="bbox 312 4609 1988 4694; baseline 0.011 -32"><span class='ocrx_word' id='word_1_365' title='bbox 312 4609 437 4663; x_wconf 82' lang='grc' dir='ltr'><em>οὐδὲ</em></span> <span class='ocrx_word' id='word_1_366' title='bbox 464 4610 525 4664; x_wconf 74' lang='grc' dir='ltr'><em>τὸ</em></span> <span class='ocrx_word' id='word_1_367' title='bbox 545 4610 739 4681; x_wconf 83' lang='grc' dir='ltr'><em>ἄδηλον</em></span> <span class='ocrx_word' id='word_1_368' title='bbox 771 4610 873 4684; x_wconf 81' lang='grc' dir='ltr'><em>τῆς</em></span> <span class='ocrx_word' id='word_1_369' title='bbox 909 4613 1220 4685; x_wconf 81' lang='grc' dir='ltr'><em>ἀποδημίας</em></span> <span class='ocrx_word' id='word_1_370' title='bbox 1260 4618 1565 4692; x_wconf 86' lang='grc' dir='ltr'><em>φοϐηθῆναι</em></span> <span class='ocrx_word' id='word_1_371' title='bbox 1590 4622 1692 4694; x_wconf 86' lang='grc' dir='ltr'><em>τῆς</em></span> <span class='ocrx_word' id='word_1_372' title='bbox 1724 4624 1819 4679; x_wconf 67' lang='grc' dir='ltr'><em>ἐπὶ</em></span> <span class='ocrx_word' id='word_1_373' title='bbox 1853 4624 1988 4679; x_wconf 84' lang='grc' dir='ltr'><em>⁸Ρὼ-</em></span> 
     </span>
    </p>
   </div>
   <div class='ocr_carea' id='block_1_50' title="bbox 320 4697 1987 4779">
    <p class='ocr_par' dir='ltr' id='par_1_50' title="bbox 320 4697 1987 4779">
     <span class='ocr_line' id='line_1_50' title="bbox 320 4697 1987 4779; baseline 0.013 -31"><span class='ocrx_word' id='word_1_374' title='bbox 320 4712 428 4767; x_wconf 89' lang='grc' dir='ltr'><em>μην</em></span> <span class='ocrx_word' id='word_1_375' title='bbox 465 4713 479 4728; x_wconf 78' lang='grc' dir='ltr'><strong><em>ο</em></strong></span> <span class='ocrx_word' id='word_1_376' title='bbox 516 4697 591 4762; x_wconf 83' lang='grc' dir='ltr'><em>ὡς</em></span> <span class='ocrx_word' id='word_1_377' title='bbox 634 4700 683 4752; x_wconf 85' lang='grc' dir='ltr'><em>εί</em></span> <span class='ocrx_word' id='word_1_378' title='bbox 724 4698 908 4769; x_wconf 75' lang='grc' dir='ltr'><em>ἔλεγεν</em></span> <span class='ocrx_word' id='word_1_379' title='bbox 937 4716 952 4733; x_wconf 78' lang='grc' dir='ltr'><strong><em>ο</em></strong></span> <span class='ocrx_word' id='word_1_380' title='bbox 993 4702 1108 4756; x_wconf 86' lang='grc' dir='ltr'><em>Οὐκ</em></span> <span class='ocrx_word' id='word_1_381' title='bbox 1138 4704 1416 4779; x_wconf 82' lang='grc' dir='ltr'><em>ἀπελεύσῃ</em></span> <span class='ocrx_word' id='word_1_382' title='bbox 1447 4707 1609 4776; x_wconf 88' lang='grc' dir='ltr'><em>μόνον</em></span> <span class='ocrx_word' id='word_1_383' title='bbox 1644 4713 1827 4777; x_wconf 85' lang='grc' dir='ltr'><em>κακεῖ,</em></span> <span class='ocrx_word' id='word_1_384' title='bbox 1851 4712 1987 4768; x_wconf 83' lang='grc' dir='ltr'><em>ἀλλά</em></span> 
     </span>
    </p>
   </div>
   <div class='ocr_carea' id='block_1_51' title="bbox 315 4783 1984 4875">
    <p class='ocr_par' dir='ltr' id='par_1_51' title="bbox 315 4783 1984 4875">
     <span class='ocr_line' id='line_1_51' title="bbox 315 4783 1984 4875; baseline 0.013 -41"><span class='ocrx_word' id='word_1_385' title='bbox 315 4783 413 4836; x_wconf 73' lang='grc' dir='ltr'><em>καὶ</em></span> <span class='ocrx_word' id='word_1_386' title='bbox 433 4785 681 4875; x_wconf 71' lang='grc' dir='ltr'><em>τοσαύτη</em></span> <span class='ocrx_word' id='word_1_387' title='bbox 695 4788 873 4861; x_wconf 80' lang='grc' dir='ltr'><em>χρήσῃ</em></span> <span class='ocrx_word' id='word_1_388' title='bbox 904 4791 1208 4862; x_wconf 76' lang='grc' dir='ltr'><em>παρρησίᾳ.</em></span> <span class='ocrx_word' id='word_1_389' title='bbox 1260 4792 1537 4851; x_wconf 79' lang='grc' dir='ltr'><em>Ἐντεῦθεν</em></span> <span class='ocrx_word' id='word_1_390' title='bbox 1557 4797 1654 4869; x_wconf 85' lang='grc' dir='ltr'><em>οὐχ</em></span> <span class='ocrx_word' id='word_1_391' title='bbox 1686 4800 1770 4853; x_wconf 82' lang='grc' dir='ltr'><em>ὅτι</em></span> <span class='ocrx_word' id='word_1_392' title='bbox 1806 4801 1984 4875; x_wconf 79' lang='grc' dir='ltr'><em>σωθή-</em></span> 
     </span>
    </p>
   </div>
   <div class='ocr_carea' id='block_1_52' title="bbox 317 4872 1986 4958">
    <p class='ocr_par' dir='ltr' id='par_1_52' title="bbox 317 4872 1986 4958">
     <span class='ocr_line' id='line_1_52' title="bbox 317 4872 1986 4958; baseline 0.01 -33"><span class='ocrx_word' id='word_1_393' title='bbox 317 4887 481 4958; x_wconf 71' lang='grc' dir='ltr'><em>σεται</em></span> <span class='ocrx_word' id='word_1_394' title='bbox 496 4872 769 4943; x_wconf 83' lang='grc' dir='ltr'><em>ἐδηλοῦτο,</em></span> <span class='ocrx_word' id='word_1_395' title='bbox 792 4875 908 4930; x_wconf 85' lang='grc' dir='ltr'><em>ἀλλ’</em></span> <span class='ocrx_word' id='word_1_396' title='bbox 930 4877 1012 4931; x_wconf 85' lang='grc' dir='ltr'><em>ὅτι</em></span> <span class='ocrx_word' id='word_1_397' title='bbox 1042 4882 1137 4932; x_wconf 79' lang='grc' dir='ltr'><em>καὶ</em></span> <span class='ocrx_word' id='word_1_398' title='bbox 1173 4881 1267 4934; x_wconf 76' lang='grc' dir='ltr'><em>ἐπὶ</em></span> <span class='ocrx_word' id='word_1_399' title='bbox 1292 4881 1552 4951; x_wconf 84' lang='grc' dir='ltr'><em>μεγάλοις</em></span> <span class='ocrx_word' id='word_1_400' title='bbox 1584 4872 1986 4958; x_wconf 63' lang='grc' dir='ltr'><em>μαρτυρήσειῦ</em></span> 
     </span>
    </p>
   </div>
   <div class='ocr_carea' id='block_1_53' title="bbox 316 4957 1983 5048">
    <p class='ocr_par' dir='ltr' id='par_1_53' title="bbox 316 4957 1983 5048">
     <span class='ocr_line' id='line_1_53' title="bbox 316 4957 1983 5048; baseline 0.011 -37"><span class='ocrx_word' id='word_1_401' title='bbox 316 4957 604 5048; x_wconf 67' lang='grc' dir='ltr'><em>στεφάνοις</em></span> <span class='ocrx_word' id='word_1_402' title='bbox 636 4961 700 5048; x_wconf 82' lang='grc' dir='ltr'><em>ἐν</em></span> <span class='ocrx_word' id='word_1_403' title='bbox 863 4964 1076 5038; x_wconf 81' lang='grc' dir='ltr'><em>μεγάλῃ</em></span> <span class='ocrx_word' id='word_1_404' title='bbox 1129 4966 1301 5023; x_wconf 88' lang='grc' dir='ltr'><em>πόλει.</em></span> <span class='ocrx_word' id='word_1_405' title='bbox 1344 4969 1445 5023; x_wconf 80' lang='grc' dir='ltr'><em>Διά</em></span> <span class='ocrx_word' id='word_1_406' title='bbox 1482 4971 1537 5023; x_wconf 86' lang='grc' dir='ltr'><em>τί</em></span> <span class='ocrx_word' id='word_1_407' title='bbox 1581 4970 1638 5024; x_wconf 83' lang='grc' dir='ltr'><em>δέ</em></span> <span class='ocrx_word' id='word_1_408' title='bbox 1682 4972 1746 5025; x_wconf 87' lang='grc' dir='ltr'><em>οὐ</em></span> <span class='ocrx_word' id='word_1_409' title='bbox 1789 4957 1983 5048; x_wconf 72' lang='grc' dir='ltr'><em>πρὶνῆ</em></span> 
     </span>
    </p>
   </div>
   <div class='ocr_carea' id='block_1_54' title="bbox 314 5046 1987 5128">
    <p class='ocr_par' dir='ltr' id='par_1_54' title="bbox 314 5046 1987 5128">
     <span class='ocr_line' id='line_1_54' title="bbox 314 5046 1987 5128; baseline 0.011 -29"><span class='ocrx_word' id='word_1_410' title='bbox 314 5046 578 5117; x_wconf 77' lang='grc' dir='ltr'><em>ἐμπεσεῖν</em></span> <span class='ocrx_word' id='word_1_411' title='bbox 599 5047 679 5112; x_wconf 88' lang='grc' dir='ltr'><em>εἰς</em></span> <span class='ocrx_word' id='word_1_412' title='bbox 700 5047 794 5102; x_wconf 89' lang='grc' dir='ltr'><em>τὸν</em></span> <span class='ocrx_word' id='word_1_413' title='bbox 816 5050 1080 5113; x_wconf 86' lang='grc' dir='ltr'><em>κίνδυνον,</em></span> <span class='ocrx_word' id='word_1_414' title='bbox 1106 5054 1281 5127; x_wconf 89' lang='grc' dir='ltr'><em>ἐφάνη</em></span> <span class='ocrx_word' id='word_1_415' title='bbox 1301 5057 1451 5128; x_wconf 83' lang='grc' dir='ltr'><em>αὐτῷ</em></span> <span class='ocrx_word' id='word_1_416' title='bbox 1472 5075 1486 5124; x_wconf 92' lang='grc'><strong>;</strong></span> <span class='ocrx_word' id='word_1_417' title='bbox 1519 5059 1642 5113; x_wconf 85' lang='grc' dir='ltr'><em>Ὅτι</em></span> <span class='ocrx_word' id='word_1_418' title='bbox 1673 5060 1760 5115; x_wconf 80' lang='grc' dir='ltr'><em>ἀεὶ</em></span> <span class='ocrx_word' id='word_1_419' title='bbox 1784 5046 1843 5116; x_wconf 83' lang='grc' dir='ltr'><em>ἐν</em></span> <span class='ocrx_word' id='word_1_420' title='bbox 1866 5066 1987 5128; x_wconf 82' lang='grc' dir='ltr'><em>ταῖς</em></span> 
     </span>
    </p>
   </div>
   <div class='ocr_carea' id='block_1_55' title="bbox 289 5133 1984 5221">
    <p class='ocr_par' dir='ltr' id='par_1_55' title="bbox 289 5133 1984 5221">
     <span class='ocr_line' id='line_1_55' title="bbox 289 5133 1984 5221; baseline 0.014 -39"><span class='ocrx_word' id='word_1_421' title='bbox 289 5133 528 5204; x_wconf 80' lang='grc' dir='ltr'><em>,θλίψεσι</em></span> <span class='ocrx_word' id='word_1_422' title='bbox 562 5137 867 5207; x_wconf 79' lang='grc' dir='ltr'><em>παρακαλεί</em></span> <span class='ocrx_word' id='word_1_423' title='bbox 897 5141 926 5192; x_wconf 88' lang='lat'><em>6</em></span> <span class='ocrx_word' id='word_1_424' title='bbox 958 5139 1089 5204; x_wconf 83' lang='grc' dir='ltr'><em>Θεὸς</em></span> <span class='ocrx_word' id='word_1_425' title='bbox 1121 5142 1263 5209; x_wconf 87' lang='grc' dir='ltr'><em>(τότε</em></span> <span class='ocrx_word' id='word_1_426' title='bbox 1310 5143 1417 5215; x_wconf 81' lang='grc' dir='ltr'><em>γὰρ</em></span> <span class='ocrx_word' id='word_1_427' title='bbox 1458 5145 1831 5221; x_wconf 80' lang='grc' dir='ltr'><em>ποθεινότερος</em></span> <span class='ocrx_word' id='word_1_428' title='bbox 1857 5152 1984 5219; x_wconf 86' lang='grc' dir='ltr'><em>φαί-</em></span> 
     </span>
    </p>
   </div>
   <div class='ocr_carea' id='block_1_56' title="bbox 296 5218 1985 5305">
    <p class='ocr_par' dir='ltr' id='par_1_56' title="bbox 296 5218 1985 5305">
     <span class='ocr_line' id='line_1_56' title="bbox 296 5218 1985 5305; baseline 0.01 -30"><span class='ocrx_word' id='word_1_429' title='bbox 296 5224 512 5291; x_wconf 76' lang='grc' dir='ltr'><em>νεται),</em></span> <span class='ocrx_word' id='word_1_430' title='bbox 534 5224 631 5276; x_wconf 78' lang='grc' dir='ltr'><em>καὶ</em></span> <span class='ocrx_word' id='word_1_431' title='bbox 666 5223 726 5277; x_wconf 86' lang='grc' dir='ltr'><em>ἐν</em></span> <span class='ocrx_word' id='word_1_432' title='bbox 761 5228 873 5288; x_wconf 86' lang='grc' dir='ltr'><em>τοῖς</em></span> <span class='ocrx_word' id='word_1_433' title='bbox 907 5226 1169 5292; x_wconf 83' lang='grc' dir='ltr'><em>κινδύνοις</em></span> <span class='ocrx_word' id='word_1_434' title='bbox 1207 5230 1541 5300; x_wconf 80' lang='grc' dir='ltr'><em>ἐγγυμνάζει</em></span> <span class='ocrx_word' id='word_1_435' title='bbox 1580 5218 1751 5305; x_wconf 62' lang='grc' dir='ltr'><em>ήμᾶςξ</em></span> <span class='ocrx_word' id='word_1_436' title='bbox 1775 5218 1985 5304; x_wconf 77' lang='grc' dir='ltr'><em>’Δλλως</em></span> 
     </span>
    </p>
   </div>
   <div class='ocr_carea' id='block_1_57' title="bbox 312 5307 1984 5392">
    <p class='ocr_par' dir='ltr' id='par_1_57' title="bbox 312 5307 1984 5392">
     <span class='ocr_line' id='line_1_57' title="bbox 312 5307 1984 5392; baseline 0.012 -29"><span class='ocrx_word' id='word_1_437' title='bbox 312 5307 373 5364; x_wconf 74' lang='grc' dir='ltr'><em>δέ</em></span> <span class='ocrx_word' id='word_1_438' title='bbox 396 5311 521 5364; x_wconf 82' lang='grc' dir='ltr'><em>τότε</em></span> <span class='ocrx_word' id='word_1_439' title='bbox 553 5310 655 5382; x_wconf 83' lang='grc' dir='ltr'><em>μὲν</em></span> <span class='ocrx_word' id='word_1_440' title='bbox 675 5313 733 5367; x_wconf 85' lang='grc' dir='ltr'><em>ἐν</em></span> <span class='ocrx_word' id='word_1_441' title='bbox 763 5313 943 5368; x_wconf 81' lang='grc' dir='ltr'><em>ἀνέσει</em></span> <span class='ocrx_word' id='word_1_442' title='bbox 975 5311 1077 5386; x_wconf 81' lang='grc' dir='ltr'><em>ἦν,</em></span> <span class='ocrx_word' id='word_1_443' title='bbox 1111 5317 1334 5387; x_wconf 71' lang='grc' dir='ltr'><em>ἀφεθεὶς</em></span> <span class='ocrx_word' id='word_1_444' title='bbox 1367 5319 1475 5374; x_wconf 83' lang='grc' dir='ltr'><em>τῶν</em></span> <span class='ocrx_word' id='word_1_445' title='bbox 1505 5321 1719 5392; x_wconf 83' lang='grc' dir='ltr'><em>δεσμῶν</em></span> <span class='ocrx_word' id='word_1_446' title='bbox 1749 5343 1762 5357; x_wconf 70' lang='grc'>⁸</span> <span class='ocrx_word' id='word_1_447' title='bbox 1798 5325 1894 5382; x_wconf 92' lang='grc' dir='ltr'><em>νῦν</em></span> <span class='ocrx_word' id='word_1_448' title='bbox 1928 5329 1984 5383; x_wconf 85' lang='grc' dir='ltr'><em>δὲ</em></span> 
     </span>
    </p>
   </div>
   <div class='ocr_carea' id='block_1_58' title="bbox 316 5396 1985 5485">
    <p class='ocr_par' dir='ltr' id='par_1_58' title="bbox 316 5396 1985 5485">
     <span class='ocr_line' id='line_1_58' title="bbox 316 5396 1985 5485; baseline 0.011 -33"><span class='ocrx_word' id='word_1_449' title='bbox 316 5396 540 5485; x_wconf 62' lang='grc' dir='ltr'><em>ἐμιλλεν</em></span> <span class='ocrx_word' id='word_1_450' title='bbox 571 5400 735 5454; x_wconf 88' lang='grc' dir='ltr'><em>αὐτὸν</em></span> <span class='ocrx_word' id='word_1_451' title='bbox 755 5400 1093 5473; x_wconf 81' lang='grc' dir='ltr'><em>διαδέχεσθαι</em></span> <span class='ocrx_word' id='word_1_452' title='bbox 1117 5404 1282 5460; x_wconf 85' lang='grc' dir='ltr'><em>δεινά.</em></span> <span class='ocrx_word' id='word_1_453' title='bbox 1313 5408 1431 5461; x_wconf 83' lang='grc' dir='ltr'><em>’Ότι</em></span> <span class='ocrx_word' id='word_1_454' title='bbox 1469 5411 1985 5485; x_wconf 80' lang='grc' dir='ltr'><em>ἀνεθεματίσαμεν</em></span> 
     </span>
    </p>
   </div>
   <div class='ocr_carea' id='block_1_59' title="bbox 318 5484 1982 5577">
    <p class='ocr_par' dir='ltr' id='par_1_59' title="bbox 318 5484 1982 5577">
     <span class='ocr_line' id='line_1_59' title="bbox 318 5484 1982 5577; baseline 0.012 -40"><span class='ocrx_word' id='word_1_455' title='bbox 318 5484 590 5577; x_wconf 59' lang='grc' dir='ltr'><em>ἑαυτούς.</em></span> <span class='ocrx_word' id='word_1_456' title='bbox 617 5487 771 5577; x_wconf 72' lang='grc' dir='ltr'><em>φησὶ,</em></span> <span class='ocrx_word' id='word_1_457' title='bbox 802 5487 889 5577; x_wconf 61' lang='grc' dir='ltr'>μῂ</span> <span class='ocrx_word' id='word_1_458' title='bbox 934 5490 1147 5577; x_wconf 73' lang='grc' dir='ltr'><em>φαγεῖν</em></span> <span class='ocrx_word' id='word_1_459' title='bbox 1169 5492 1326 5561; x_wconf 85' lang='grc' dir='ltr'><em>μηδὲ</em></span> <span class='ocrx_word' id='word_1_460' title='bbox 1393 5497 1571 5551; x_wconf 82' lang='grc' dir='ltr'><em>πιεῖν.</em></span> <span class='ocrx_word' id='word_1_461' title='bbox 1618 5500 1812 5567; x_wconf 72' lang='grc' dir='ltr'><em>Βαϐαὶ,</em></span> <span class='ocrx_word' id='word_1_462' title='bbox 1843 5484 1982 5577; x_wconf 84' lang='grc' dir='ltr'><em>πόση</em></span> 
     </span>
    </p>
   </div>
   <div class='ocr_carea' id='block_1_60' title="bbox 322 5571 1977 5658">
    <p class='ocr_par' dir='ltr' id='par_1_60' title="bbox 322 5571 1977 5658">
     <span class='ocr_line' id='line_1_60' title="bbox 322 5571 1977 5658; baseline 0.015 -36"><span class='ocrx_word' id='word_1_463' title='bbox 322 5571 488 5658; x_wconf 73' lang='grc' dir='ltr'><em>μανία</em></span> <span class='ocrx_word' id='word_1_464' title='bbox 514 5573 528 5625; x_wconf 85' lang='grc' dir='ltr'><em>ι</em></span> <span class='ocrx_word' id='word_1_465' title='bbox 556 5573 780 5639; x_wconf 82' lang='grc' dir='ltr'><em>ἐαυτούς</em></span> <span class='ocrx_word' id='word_1_466' title='bbox 806 5574 884 5647; x_wconf 83' lang='grc' dir='ltr'><em>τῷ</em></span> <span class='ocrx_word' id='word_1_467' title='bbox 908 5576 1211 5649; x_wconf 81' lang='grc' dir='ltr'><em>ἀναθέματι</em></span> <span class='ocrx_word' id='word_1_468' title='bbox 1231 5581 1623 5639; x_wconf 78' lang='grc' dir='ltr'><em>ὑποϐάλλουσιν</em></span> <span class='ocrx_word' id='word_1_469' title='bbox 1658 5571 1977 5658; x_wconf 69' lang='grc' dir='ltr'><em>ἀλογίστως.</em></span> 
     </span>
    </p>
   </div>
   <div class='ocr_carea' id='block_1_61' title="bbox 322 5654 1982 5747">
    <p class='ocr_par' dir='ltr' id='par_1_61' title="bbox 322 5654 1982 5747">
     <span class='ocr_line' id='line_1_61' title="bbox 322 5654 1982 5747; baseline 0.017 -40"><span class='ocrx_word' id='word_1_470' title='bbox 322 5654 521 5747; x_wconf 51' lang='lat' dir='ltr'><em>&quot;panic</em></span> <span class='ocrx_word' id='word_1_471' title='bbox 542 5661 841 5747; x_wconf 64' lang='grc' dir='ltr'><em>καταγάγῃ</em></span> <span class='ocrx_word' id='word_1_472' title='bbox 870 5665 1079 5731; x_wconf 85' lang='grc' dir='ltr'><em>αὐτὸν,</em></span> <span class='ocrx_word' id='word_1_473' title='bbox 1114 5668 1269 5740; x_wconf 77' lang='grc' dir='ltr'><em>φησὶ,</em></span> <span class='ocrx_word' id='word_1_474' title='bbox 1310 5670 1461 5738; x_wconf 83' lang='grc' dir='ltr'><em>πρὸς</em></span> <span class='ocrx_word' id='word_1_475' title='bbox 1501 5672 1679 5743; x_wconf 84' lang='grc' dir='ltr'><em>ὑμᾶς,</em></span> <span class='ocrx_word' id='word_1_476' title='bbox 1724 5654 1807 5743; x_wconf 72' lang='grc' dir='ltr'><em>ὡς</em></span> <span class='ocrx_word' id='word_1_477' title='bbox 1835 5654 1982 5747; x_wconf 60' lang='grc' dir='ltr'><em>μέλ-</em></span> 
     </span>
    </p>
   </div>
   <div class='ocr_carea' id='block_1_62' title="bbox 320 5742 1979 5831">
    <p class='ocr_par' dir='ltr' id='par_1_62' title="bbox 320 5742 1979 5831">
     <span class='ocr_line' id='line_1_62' title="bbox 320 5742 1979 5831; baseline 0.019 -41"><span class='ocrx_word' id='word_1_478' title='bbox 320 5742 542 5831; x_wconf 53' lang='grc' dir='ltr'><em>ἐοντιις</em></span> <span class='ocrx_word' id='word_1_479' title='bbox 584 5743 1008 5816; x_wconf 77' lang='grc' dir='ltr'><em>ἀκριϐέστερον</em></span> <span class='ocrx_word' id='word_1_480' title='bbox 1049 5751 1468 5823; x_wconf 78' lang='grc' dir='ltr'><em>διαγινώσκειν</em></span> <span class='ocrx_word' id='word_1_481' title='bbox 1508 5742 1584 5813; x_wconf 82' lang='grc' dir='ltr'><em>τὰ</em></span> <span class='ocrx_word' id='word_1_482' title='bbox 1608 5762 1744 5831; x_wconf 76' lang='grc' dir='ltr'><em>περὶ</em></span> <span class='ocrx_word' id='word_1_483' title='bbox 1770 5742 1979 5822; x_wconf 70' lang='grc' dir='ltr'><em>αύτοῦ.</em></span> 
     </span>
    </p>
   </div>
   <div class='ocr_carea' id='block_1_63' title="bbox 320 5824 1982 5923">
    <p class='ocr_par' dir='ltr' id='par_1_63' title="bbox 320 5824 1982 5923">
     <span class='ocr_line' id='line_1_63' title="bbox 320 5824 1982 5923; baseline 0.02 -48"><span class='ocrx_word' id='word_1_484' title='bbox 320 5824 387 5877; x_wconf 81' lang='grc' dir='ltr'><em>Τί</em></span> <span class='ocrx_word' id='word_1_485' title='bbox 427 5825 637 5923; x_wconf 50' lang='grc' dir='ltr'><em>λέγεις</em></span> <span class='ocrx_word' id='word_1_486' title='bbox 669 5832 788 5901; x_wconf 74' lang='grc' dir='ltr'><em>οὐχὶ</em></span> <span class='ocrx_word' id='word_1_487' title='bbox 831 5833 1082 5907; x_wconf 84' lang='grc' dir='ltr'><em>δεύτερον</em></span> <span class='ocrx_word' id='word_1_488' title='bbox 1137 5842 1274 5912; x_wconf 85' lang='grc' dir='ltr'><em>πρὸς</em></span> <span class='ocrx_word' id='word_1_489' title='bbox 1326 5844 1473 5914; x_wconf 79' lang='grc' dir='ltr'><em>ὑμᾶς</em></span> <span class='ocrx_word' id='word_1_490' title='bbox 1529 5824 1982 5923; x_wconf 80' lang='grc' dir='ltr'><em>ἐδημηγόρησεν;</em></span> 
     </span>
    </p>
   </div>
   <div class='ocr_carea' id='block_1_64' title="bbox 386 5921 1626 6002">
    <p class='ocr_par' dir='ltr' id='par_1_64' title="bbox 386 5921 1626 6002">
     <span class='ocr_line' id='line_1_64' title="bbox 386 5921 1626 6002; baseline 0.022 -34"><span class='ocrx_word' id='word_1_491' title='bbox 386 5927 410 5950; x_wconf 78' lang='grc'><strong><em>⁸</em></strong></span> <span class='ocrx_word' id='word_1_492' title='bbox 436 5921 605 5972; x_wconf 81' lang='lat' dir='ltr'><em>Morel.</em></span> <span class='ocrx_word' id='word_1_493' title='bbox 632 5925 850 5989; x_wconf 80' lang='grc' dir='ltr'><em>ερῤωσθε.</em></span> <span class='ocrx_word' id='word_1_494' title='bbox 917 5931 941 5969; x_wconf 73' lang='grc' dir='ltr'><em>δ</em></span> <span class='ocrx_word' id='word_1_495' title='bbox 967 5931 1017 5981; x_wconf 84' lang='lat' dir='ltr'><em>In</em></span> <span class='ocrx_word' id='word_1_496' title='bbox 1037 5947 1134 5986; x_wconf 86' lang='lat' dir='ltr'><em>uno</em></span> <span class='ocrx_word' id='word_1_497' title='bbox 1154 5939 1438 6002; x_wconf 73' lang='grc' dir='ltr'><em>μαρτυρήσει</em></span> <span class='ocrx_word' id='word_1_498' title='bbox 1461 5944 1626 5994; x_wconf 74' lang='lat' dir='ltr'><em>deest.</em></span> 
     </span>
    </p>
   </div>
   <div class='ocr_carea' id='block_1_65' title="bbox 1122 393 2982 457">
    <p class='ocr_par' dir='ltr' id='par_1_65' title="bbox 1122 393 2982 457">
     <span class='ocr_line' id='line_1_65' title="bbox 1122 393 2982 457; baseline 0.001 -5"><span class='ocrx_word' id='word_1_499' title='bbox 1122 396 1179 452; x_wconf 87' lang='lat' dir='ltr'><em>S.</em></span> <span class='ocrx_word' id='word_1_500' title='bbox 1222 393 1504 451; x_wconf 71' lang='lat' dir='ltr'><em>JOANNIS</em></span> <span class='ocrx_word' id='word_1_501' title='bbox 1542 394 2026 452; x_wconf 66' lang='lat' dir='ltr'><em>CHRYSOSTOMI</em></span> <span class='ocrx_word' id='word_1_502' title='bbox 2068 397 2389 456; x_wconf 80' lang='lat' dir='ltr'><em>ARCIIIEP.</em></span> <span class='ocrx_word' id='word_1_503' title='bbox 2433 398 2982 457; x_wconf 81' lang='lat' dir='ltr'><em>CONSTA&#39;NTINOP.</em></span> 
     </span>
    </p>
   </div>
   <div class='ocr_carea' id='block_1_66' title="bbox 3663 393 3771 455">
    <p class='ocr_par' dir='ltr' id='par_1_66' title="bbox 3663 393 3771 455">
     <span class='ocr_line' id='line_1_66' title="bbox 3663 393 3771 455; baseline -0.056 0"><span class='ocrx_word' id='word_1_504' title='bbox 3663 393 3771 455; x_wconf 64' lang='lat'><em>342</em></span> 
     </span>
    </p>
   </div>
   <div class='ocr_carea' id='block_1_67' title="bbox 2095 508 3774 590">
    <p class='ocr_par' dir='ltr' id='par_1_67' title="bbox 2095 508 3774 590">
     <span class='ocr_line' id='line_1_67' title="bbox 2095 508 3774 590; baseline 0.006 -24"><span class='ocrx_word' id='word_1_505' title='bbox 2095 515 2215 586; x_wconf 75' lang='grc' dir='ltr'><em>οὐχὶ</em></span> <span class='ocrx_word' id='word_1_506' title='bbox 2244 518 2534 590; x_wconf 80' lang='grc' dir='ltr'><em>Φαρισαῖον</em></span> <span class='ocrx_word' id='word_1_507' title='bbox 2560 517 2748 570; x_wconf 79' lang='grc' dir='ltr'><em>ἑαυτὸν</em></span> <span class='ocrx_word' id='word_1_508' title='bbox 2784 512 2937 583; x_wconf 58' lang='lat' dir='ltr'><em>elate;</em></span> <span class='ocrx_word' id='word_1_509' title='bbox 2964 515 3017 569; x_wconf 87' lang='grc' dir='ltr'><em>τί</em></span> <span class='ocrx_word' id='word_1_510' title='bbox 3056 508 3149 568; x_wconf 84' lang='grc' dir='ltr'><em>οῦν</em></span> <span class='ocrx_word' id='word_1_511' title='bbox 3176 512 3236 568; x_wconf 80' lang='grc' dir='ltr'><em>τὸ</em></span> <span class='ocrx_word' id='word_1_512' title='bbox 3264 516 3543 585; x_wconf 78' lang='grc' dir='ltr'><em>περιττὸν,</em></span> <span class='ocrx_word' id='word_1_513' title='bbox 3586 512 3774 576; x_wconf 69' lang='grc' dir='ltr'><em>Οὕτως</em></span> 
     </span>
    </p>
   </div>
   <div class='ocr_carea' id='block_1_68' title="bbox 2092 599 3774 675">
    <p class='ocr_par' dir='ltr' id='par_1_68' title="bbox 2092 599 3774 675">
     <span class='ocr_line' id='line_1_68' title="bbox 2092 599 3774 675; baseline 0.001 -21"><span class='ocrx_word' id='word_1_514' title='bbox 2092 603 2250 655; x_wconf 84' lang='grc' dir='ltr'><em>οὐδὲν</em></span> <span class='ocrx_word' id='word_1_515' title='bbox 2276 603 2587 672; x_wconf 80' lang='grc' dir='ltr'><em>ἐφοϐοῦντο,</em></span> <span class='ocrx_word' id='word_1_516' title='bbox 2612 604 2672 657; x_wconf 91' lang='grc' dir='ltr'><em>οὐ</em></span> <span class='ocrx_word' id='word_1_517' title='bbox 2696 603 3044 675; x_wconf 81' lang='grc' dir='ltr'><em>δικαστήρια,</em></span> <span class='ocrx_word' id='word_1_518' title='bbox 3069 603 3132 656; x_wconf 87' lang='grc' dir='ltr'><em>οὐ</em></span> <span class='ocrx_word' id='word_1_519' title='bbox 3159 603 3357 674; x_wconf 86' lang='grc' dir='ltr'><em>νόμους</em></span> <span class='ocrx_word' id='word_1_520' title='bbox 3383 616 3397 633; x_wconf 78' lang='grc'><strong><em>⁸</em></strong></span> <span class='ocrx_word' id='word_1_521' title='bbox 3426 599 3599 666; x_wconf 76' lang='grc' dir='ltr'><em>οὕτως</em></span> <span class='ocrx_word' id='word_1_522' title='bbox 3622 601 3774 655; x_wconf 80' lang='grc' dir='ltr'><em>οὐδὲν</em></span> 
     </span>
    </p>
   </div>
   <div class='ocr_carea' id='block_1_69' title="bbox 2092 689 3773 765">
    <p class='ocr_par' dir='ltr' id='par_1_69' title="bbox 2092 689 3773 765">
     <span class='ocr_line' id='line_1_69' title="bbox 2092 689 3773 765; baseline 0 -22"><span class='ocrx_word' id='word_1_523' title='bbox 2092 690 2280 756; x_wconf 83' lang='grc' dir='ltr'><em>αὐτοῖς</em></span> <span class='ocrx_word' id='word_1_524' title='bbox 2307 693 2615 765; x_wconf 84' lang='grc' dir='ltr'><em>ἀτόλμητον</em></span> <span class='ocrx_word' id='word_1_525' title='bbox 2644 689 2730 763; x_wconf 81' lang='grc' dir='ltr'><em>ἦν.</em></span> <span class='ocrx_word' id='word_1_526' title='bbox 2768 692 2878 747; x_wconf 80' lang='grc' dir='ltr'><em>Καὶ</em></span> <span class='ocrx_word' id='word_1_527' title='bbox 2905 695 3004 764; x_wconf 80' lang='grc' dir='ltr'><em>τὴν</em></span> <span class='ocrx_word' id='word_1_528' title='bbox 3027 691 3256 762; x_wconf 81' lang='grc' dir='ltr'><em>γνώμην</em></span> <span class='ocrx_word' id='word_1_529' title='bbox 3284 689 3655 762; x_wconf 80' lang='grc' dir='ltr'><em>εἰσηγοῦνται,</em></span> <span class='ocrx_word' id='word_1_530' title='bbox 3678 690 3773 746; x_wconf 80' lang='grc' dir='ltr'><em>καὶ</em></span> 
     </span>
    </p>
   </div>
   <div class='ocr_carea' id='block_1_70' title="bbox 2090 775 3774 851">
    <p class='ocr_par' dir='ltr' id='par_1_70' title="bbox 2090 775 3774 851">
     <span class='ocr_line' id='line_1_70' title="bbox 2090 775 3774 851; baseline 0.001 -21"><span class='ocrx_word' id='word_1_531' title='bbox 2090 778 2187 849; x_wconf 84' lang='grc' dir='ltr'><em>τὴν</em></span> <span class='ocrx_word' id='word_1_532' title='bbox 2237 781 2435 851; x_wconf 82' lang='grc' dir='ltr'><em>πρᾶξιν</em></span> <span class='ocrx_word' id='word_1_533' title='bbox 2478 780 2930 850; x_wconf 82' lang='grc' dir='ltr'><em>ἐπαγγέλλονται.</em></span> <span class='ocrx_word' id='word_1_534' title='bbox 2978 780 3268 846; x_wconf 77' lang='grc' dir='ltr'><em>Ἀκούσας</em></span> <span class='ocrx_word' id='word_1_535' title='bbox 3308 780 3377 833; x_wconf 87' lang='grc' dir='ltr'><em>δὲ</em></span> <span class='ocrx_word' id='word_1_536' title='bbox 3425 782 3460 833; x_wconf 81' lang='grc' dir='ltr'><em>ὁ</em></span> <span class='ocrx_word' id='word_1_537' title='bbox 3505 778 3634 844; x_wconf 80' lang='grc' dir='ltr'><em>υίὸς</em></span> <span class='ocrx_word' id='word_1_538' title='bbox 3664 775 3774 846; x_wconf 80' lang='grc' dir='ltr'><em>τῆς</em></span> 
     </span>
    </p>
   </div>
   <div class='ocr_carea' id='block_1_71' title="bbox 2090 864 3773 937">
    <p class='ocr_par' dir='ltr' id='par_1_71' title="bbox 2090 864 3773 937">
     <span class='ocr_line' id='line_1_71' title="bbox 2090 864 3773 937; baseline -0.001 -19"><span class='ocrx_word' id='word_1_539' title='bbox 2090 865 2362 937; x_wconf 64' lang='grc' dir='ltr'><em>ἀδελφῆς</em></span> <span class='ocrx_word' id='word_1_540' title='bbox 2378 869 2621 922; x_wconf 75' lang='grc' dir='ltr'><em>Παύλου</em></span> <span class='ocrx_word' id='word_1_541' title='bbox 2649 868 2713 921; x_wconf 90' lang='grc' dir='ltr'><em>τὸ</em></span> <span class='ocrx_word' id='word_1_542' title='bbox 2747 867 3016 936; x_wconf 81' lang='grc' dir='ltr'><em>ἐνεδρον.</em></span> <span class='ocrx_word' id='word_1_543' title='bbox 3042 867 3212 920; x_wconf 86' lang='grc' dir='ltr'><em>Τοῦτο</em></span> <span class='ocrx_word' id='word_1_544' title='bbox 3235 867 3334 937; x_wconf 80' lang='grc' dir='ltr'><em>τῆς</em></span> <span class='ocrx_word' id='word_1_545' title='bbox 3364 864 3457 919; x_wconf 89' lang='grc' dir='ltr'><em>τοῦ</em></span> <span class='ocrx_word' id='word_1_546' title='bbox 3478 865 3613 919; x_wconf 85' lang='grc' dir='ltr'><em>Θεοῦ</em></span> <span class='ocrx_word' id='word_1_547' title='bbox 3634 865 3773 918; x_wconf 86' lang='grc' dir='ltr'><em>οίκο-</em></span> 
     </span>
    </p>
   </div>
   <div class='ocr_carea' id='block_1_72' title="bbox 2092 950 3767 1026">
    <p class='ocr_par' dir='ltr' id='par_1_72' title="bbox 2092 950 3767 1026">
     <span class='ocr_line' id='line_1_72' title="bbox 2092 950 3767 1026; baseline 0.001 -19"><span class='ocrx_word' id='word_1_548' title='bbox 2092 954 2281 1022; x_wconf 85' lang='grc' dir='ltr'><em>νομίας</em></span> <span class='ocrx_word' id='word_1_549' title='bbox 2308 950 2376 1026; x_wconf 84' lang='grc' dir='ltr'><em>ἦν</em></span> <span class='ocrx_word' id='word_1_550' title='bbox 2395 954 2597 1020; x_wconf 84' lang='grc' dir='ltr'><em>λοιπὸν,</em></span> <span class='ocrx_word' id='word_1_551' title='bbox 2631 953 2693 1007; x_wconf 86' lang='grc' dir='ltr'><em>τὸ</em></span> <span class='ocrx_word' id='word_1_552' title='bbox 2735 953 2810 1026; x_wconf 84' lang='grc' dir='ltr'><em>μὴ</em></span> <span class='ocrx_word' id='word_1_553' title='bbox 2858 952 3090 1006; x_wconf 87' lang='grc' dir='ltr'><em>συνιδεῖν</em></span> <span class='ocrx_word' id='word_1_554' title='bbox 3114 953 3313 1017; x_wconf 80' lang='grc' dir='ltr'><em>αὐτοὺς</em></span> <span class='ocrx_word' id='word_1_555' title='bbox 3347 953 3428 1007; x_wconf 81' lang='grc' dir='ltr'><em>ὅτι</em></span> <span class='ocrx_word' id='word_1_556' title='bbox 3454 952 3767 1009; x_wconf 85' lang='grc' dir='ltr'><em>ἀκούσεται.</em></span> 
     </span>
    </p>
   </div>
   <div class='ocr_carea' id='block_1_73' title="bbox 2162 1037 3770 1114">
    <p class='ocr_par' dir='ltr' id='par_1_73' title="bbox 2162 1037 3770 1114">
     <span class='ocr_line' id='line_1_73' title="bbox 2162 1037 3770 1114; baseline 0.001 -21"><span class='ocrx_word' id='word_1_557' title='bbox 2162 1041 2228 1094; x_wconf 92' lang='grc' dir='ltr'><em>Τί</em></span> <span class='ocrx_word' id='word_1_558' title='bbox 2241 1037 2333 1095; x_wconf 76' lang='grc' dir='ltr'><em>οὖν</em></span> <span class='ocrx_word' id='word_1_559' title='bbox 2348 1044 2375 1096; x_wconf 89' lang='lat'><em>6</em></span> <span class='ocrx_word' id='word_1_560' title='bbox 2392 1042 2624 1106; x_wconf 64' lang='grc' dir='ltr'><em>Παῦλος</em></span> <span class='ocrx_word' id='word_1_561' title='bbox 2643 1042 2755 1096; x_wconf 82' lang='grc' dir='ltr'><em>Οὐκ</em></span> <span class='ocrx_word' id='word_1_562' title='bbox 2771 1040 3075 1114; x_wconf 80' lang='grc' dir='ltr'><em>ἐθορυϐήθη</em></span> <span class='ocrx_word' id='word_1_563' title='bbox 3086 1082 3099 1101; x_wconf 84' lang='grc'><em>,</em></span> <span class='ocrx_word' id='word_1_564' title='bbox 3116 1039 3251 1100; x_wconf 76' lang='grc' dir='ltr'><em>ἀλλὰ</em></span> <span class='ocrx_word' id='word_1_565' title='bbox 3269 1041 3523 1106; x_wconf 87' lang='grc' dir='ltr'><em>συνεῖδεν,</em></span> <span class='ocrx_word' id='word_1_566' title='bbox 3538 1041 3620 1094; x_wconf 82' lang='grc' dir='ltr'><em>ὅτι</em></span> <span class='ocrx_word' id='word_1_567' title='bbox 3632 1038 3770 1094; x_wconf 90' lang='grc' dir='ltr'><em>Θεοῦ</em></span> 
     </span>
    </p>
   </div>
   <div class='ocr_carea' id='block_1_74' title="bbox 2095 1124 3773 1201">
    <p class='ocr_par' dir='ltr' id='par_1_74' title="bbox 2095 1124 3773 1201">
     <span class='ocr_line' id='line_1_74' title="bbox 2095 1124 3773 1201; baseline 0.001 -21"><span class='ocrx_word' id='word_1_568' title='bbox 2095 1128 2242 1183; x_wconf 86' lang='grc' dir='ltr'><em>ἐστιν</em></span> <span class='ocrx_word' id='word_1_569' title='bbox 2266 1128 2426 1201; x_wconf 76' lang='grc' dir='ltr'><em>ἔργον</em></span> <span class='ocrx_word' id='word_1_570' title='bbox 2448 1129 2627 1184; x_wconf 86' lang='grc' dir='ltr'><em>τοῦτο’</em></span> <span class='ocrx_word' id='word_1_571' title='bbox 2654 1131 2749 1184; x_wconf 73' lang='grc' dir='ltr'><em>καὶ</em></span> <span class='ocrx_word' id='word_1_572' title='bbox 2776 1128 2838 1183; x_wconf 87' lang='grc' dir='ltr'><em>τὸ</em></span> <span class='ocrx_word' id='word_1_573' title='bbox 2873 1130 2980 1184; x_wconf 82' lang='grc' dir='ltr'><em>πᾶν</em></span> <span class='ocrx_word' id='word_1_574' title='bbox 3018 1126 3106 1182; x_wconf 86' lang='grc' dir='ltr'><em>ἐπ’</em></span> <span class='ocrx_word' id='word_1_575' title='bbox 3130 1128 3294 1182; x_wconf 88' lang='grc' dir='ltr'><em>αὐτὸν</em></span> <span class='ocrx_word' id='word_1_576' title='bbox 3331 1128 3516 1199; x_wconf 78' lang='grc' dir='ltr'><em>ῥίψας,</em></span> <span class='ocrx_word' id='word_1_577' title='bbox 3546 1124 3692 1199; x_wconf 83' lang='grc' dir='ltr'><em>εἶχεν</em></span> <span class='ocrx_word' id='word_1_578' title='bbox 3713 1129 3773 1194; x_wconf 80' lang='grc' dir='ltr'><em>ἐξ</em></span> 
     </span>
    </p>
   </div>
   <div class='ocr_carea' id='block_1_75' title="bbox 2091 1213 3772 1287">
    <p class='ocr_par' dir='ltr' id='par_1_75' title="bbox 2091 1213 3772 1287">
     <span class='ocr_line' id='line_1_75' title="bbox 2091 1213 3772 1287; baseline 0.002 -20"><span class='ocrx_word' id='word_1_579' title='bbox 2091 1213 2254 1285; x_wconf 83' lang='grc' dir='ltr'><em>ἔργου</em></span> <span class='ocrx_word' id='word_1_580' title='bbox 2284 1216 2382 1287; x_wconf 77' lang='grc' dir='ltr'><em>τὴν</em></span> <span class='ocrx_word' id='word_1_581' title='bbox 2403 1216 2696 1286; x_wconf 87' lang='grc' dir='ltr'><em>σωτηρίαν.</em></span> <span class='ocrx_word' id='word_1_582' title='bbox 2722 1217 2832 1270; x_wconf 79' lang='grc' dir='ltr'><em>Καὶ</em></span> <span class='ocrx_word' id='word_1_583' title='bbox 2855 1215 3047 1270; x_wconf 87' lang='grc' dir='ltr'><em>σκόπει</em></span> <span class='ocrx_word' id='word_1_584' title='bbox 3076 1216 3194 1279; x_wconf 79' lang='grc' dir='ltr'><em>πῶς</em></span> <span class='ocrx_word' id='word_1_585' title='bbox 3214 1217 3295 1281; x_wconf 81' lang='grc' dir='ltr'><em>εἰς</em></span> <span class='ocrx_word' id='word_1_586' title='bbox 3314 1215 3517 1284; x_wconf 83' lang='grc' dir='ltr'><em>ἀγαθὸν</em></span> <span class='ocrx_word' id='word_1_587' title='bbox 3545 1216 3722 1271; x_wconf 85' lang='grc' dir='ltr'><em>πάντα</em></span> <span class='ocrx_word' id='word_1_588' title='bbox 3742 1218 3772 1270; x_wconf 80' lang='grc' dir='ltr'><em>δ</em></span> 
     </span>
    </p>
   </div>
   <div class='ocr_carea' id='block_1_76' title="bbox 2090 1299 3773 1375">
    <p class='ocr_par' dir='ltr' id='par_1_76' title="bbox 2090 1299 3773 1375">
     <span class='ocr_line' id='line_1_76' title="bbox 2090 1299 3773 1375; baseline 0.002 -20"><span class='ocrx_word' id='word_1_589' title='bbox 2090 1302 2223 1366; x_wconf 88' lang='grc' dir='ltr'><em>Θεὸς</em></span> <span class='ocrx_word' id='word_1_590' title='bbox 2249 1304 2619 1375; x_wconf 83' lang='grc' dir='ltr'><em>ᾠκονόμησεν.</em></span> <span class='ocrx_word' id='word_1_591' title='bbox 2646 1299 2813 1357; x_wconf 79' lang='grc' dir='ltr'><em>Εἶπεν</em></span> <span class='ocrx_word' id='word_1_592' title='bbox 2840 1306 2869 1359; x_wconf 97' lang='lat'><em>6</em></span> <span class='ocrx_word' id='word_1_593' title='bbox 2894 1304 3111 1367; x_wconf 87' lang='grc' dir='ltr'><em>νεανίας</em></span> <span class='ocrx_word' id='word_1_594' title='bbox 3157 1304 3256 1375; x_wconf 85' lang='grc' dir='ltr'><em>τὴν</em></span> <span class='ocrx_word' id='word_1_595' title='bbox 3288 1303 3601 1374; x_wconf 85' lang='grc' dir='ltr'><em>ἐπιϐουλὴν,</em></span> <span class='ocrx_word' id='word_1_596' title='bbox 3652 1304 3773 1358; x_wconf 82' lang='grc' dir='ltr'><em>ἐπι-</em></span> 
     </span>
    </p>
   </div>
   <div class='ocr_carea' id='block_1_77' title="bbox 2093 1388 3769 1463">
    <p class='ocr_par' dir='ltr' id='par_1_77' title="bbox 2093 1388 3769 1463">
     <span class='ocr_line' id='line_1_77' title="bbox 2093 1388 3769 1463; baseline 0.003 -23"><span class='ocrx_word' id='word_1_597' title='bbox 2093 1388 2313 1462; x_wconf 88' lang='grc' dir='ltr'><em>στεύθη,</em></span> <span class='ocrx_word' id='word_1_598' title='bbox 2331 1391 2424 1445; x_wconf 73' lang='grc' dir='ltr'><em>καὶ</em></span> <span class='ocrx_word' id='word_1_599' title='bbox 2434 1390 2576 1444; x_wconf 80' lang='grc' dir='ltr'><em>οὕτω</em></span> <span class='ocrx_word' id='word_1_600' title='bbox 2591 1389 2776 1446; x_wconf 86' lang='grc' dir='ltr'><em>λοιπὸν</em></span> <span class='ocrx_word' id='word_1_601' title='bbox 2794 1390 3117 1456; x_wconf 80' lang='grc' dir='ltr'><em>διασώζεται</em></span> <span class='ocrx_word' id='word_1_602' title='bbox 3134 1390 3365 1455; x_wconf 84' lang='grc' dir='ltr'><em>Παῦλος.</em></span> <span class='ocrx_word' id='word_1_603' title='bbox 3385 1392 3495 1445; x_wconf 75' lang='grc' dir='ltr'><em>Καὶ</em></span> <span class='ocrx_word' id='word_1_604' title='bbox 3510 1393 3557 1444; x_wconf 86' lang='grc' dir='ltr'><em>εί</em></span> <span class='ocrx_word' id='word_1_605' title='bbox 3570 1390 3769 1463; x_wconf 86' lang='grc' dir='ltr'><em>ἀφέθη,</em></span> 
     </span>
    </p>
   </div>
   <div class='ocr_carea' id='block_1_78' title="bbox 2090 1479 3769 1552">
    <p class='ocr_par' dir='ltr' id='par_1_78' title="bbox 2090 1479 3769 1552">
     <span class='ocr_line' id='line_1_78' title="bbox 2090 1479 3769 1552; baseline 0.002 -21"><span class='ocrx_word' id='word_1_606' title='bbox 2090 1479 2242 1550; x_wconf 76' lang='grc' dir='ltr'><em>φησὶ,</em></span> <span class='ocrx_word' id='word_1_607' title='bbox 2271 1479 2372 1550; x_wconf 81' lang='grc' dir='ltr'><em>τῆς</em></span> <span class='ocrx_word' id='word_1_608' title='bbox 2399 1479 2601 1545; x_wconf 75' lang='grc' dir='ltr'><em>αἰτίας,</em></span> <span class='ocrx_word' id='word_1_609' title='bbox 2617 1479 2707 1533; x_wconf 80' lang='grc' dir='ltr'><em>διὰ</em></span> <span class='ocrx_word' id='word_1_610' title='bbox 2728 1479 2782 1533; x_wconf 86' lang='grc' dir='ltr'><em>τί</em></span> <span class='ocrx_word' id='word_1_611' title='bbox 2806 1481 2931 1544; x_wconf 85' lang='grc' dir='ltr'><em>τοὺς</em></span> <span class='ocrx_word' id='word_1_612' title='bbox 2955 1480 3291 1552; x_wconf 79' lang='grc' dir='ltr'><em>κατηγόρους</em></span> <span class='ocrx_word' id='word_1_613' title='bbox 3306 1480 3586 1551; x_wconf 70' lang='grc' dir='ltr'><em>ἕπεμψανς</em></span> <span class='ocrx_word' id='word_1_614' title='bbox 3605 1481 3769 1535; x_wconf 83' lang='grc' dir='ltr'><em>Ὥστε</em></span> 
     </span>
    </p>
   </div>
   <div class='ocr_carea' id='block_1_79' title="bbox 2089 1566 3772 1640">
    <p class='ocr_par' dir='ltr' id='par_1_79' title="bbox 2089 1566 3772 1640">
     <span class='ocr_line' id='line_1_79' title="bbox 2089 1566 3772 1640; baseline 0.001 -19"><span class='ocrx_word' id='word_1_615' title='bbox 2089 1566 2484 1638; x_wconf 79' lang='grc' dir='ltr'><em>ἀκριϐεστέραν</em></span> <span class='ocrx_word' id='word_1_616' title='bbox 2504 1566 2755 1635; x_wconf 81' lang='grc' dir='ltr'><em>γενέσθαι</em></span> <span class='ocrx_word' id='word_1_617' title='bbox 2780 1567 2872 1640; x_wconf 85' lang='grc' dir='ltr'><em>τὴν</em></span> <span class='ocrx_word' id='word_1_618' title='bbox 2903 1567 3167 1635; x_wconf 82' lang='grc' dir='ltr'><em>ἐξέτασιν·</em></span> <span class='ocrx_word' id='word_1_619' title='bbox 3186 1568 3540 1640; x_wconf 75' lang='grc' dir='ltr'><em>ὥστενμᾶλλον</em></span> <span class='ocrx_word' id='word_1_620' title='bbox 3568 1569 3772 1640; x_wconf 76' lang='grc' dir='ltr'><em>καθαρο</em></span> 
     </span>
    </p>
   </div>
   <div class='ocr_carea' id='block_1_80' title="bbox 2090 1649 3771 1728">
    <p class='ocr_par' dir='ltr' id='par_1_80' title="bbox 2090 1649 3771 1728">
     <span class='ocr_line' id='line_1_80' title="bbox 2090 1649 3771 1728; baseline 0.001 -20"><span class='ocrx_word' id='word_1_621' title='bbox 2090 1654 2247 1724; x_wconf 80' lang='grc' dir='ltr'><em>θῆναι</em></span> <span class='ocrx_word' id='word_1_622' title='bbox 2270 1666 2292 1695; x_wconf 71' lang='grc' dir='ltr'>α</span> <span class='ocrx_word' id='word_1_623' title='bbox 2315 1655 2407 1709; x_wconf 88' lang='grc' dir='ltr'><em>τὸν</em></span> <span class='ocrx_word' id='word_1_624' title='bbox 2421 1655 2609 1727; x_wconf 81' lang='grc' dir='ltr'><em>ἀνδρα.</em></span> <span class='ocrx_word' id='word_1_625' title='bbox 2628 1657 2882 1712; x_wconf 84' lang='grc' dir='ltr'><em>Τοιαῦται</em></span> <span class='ocrx_word' id='word_1_626' title='bbox 2903 1659 2959 1711; x_wconf 87' lang='grc' dir='ltr'><em>αί</em></span> <span class='ocrx_word' id='word_1_627' title='bbox 2976 1656 3069 1711; x_wconf 88' lang='grc' dir='ltr'><em>τοῦ</em></span> <span class='ocrx_word' id='word_1_628' title='bbox 3081 1656 3214 1711; x_wconf 86' lang='grc' dir='ltr'><em>Θεοῦ</em></span> <span class='ocrx_word' id='word_1_629' title='bbox 3234 1657 3573 1728; x_wconf 70' lang='grc' dir='ltr'><em>οἰκονομίαν,</em></span> <span class='ocrx_word' id='word_1_630' title='bbox 3594 1657 3645 1711; x_wconf 90' lang='grc' dir='ltr'><em>δι</em></span> <span class='ocrx_word' id='word_1_631' title='bbox 3659 1658 3674 1677; x_wconf 84' lang='lat'><strong><em>‘</em></strong></span> <span class='ocrx_word' id='word_1_632' title='bbox 3695 1649 3771 1709; x_wconf 79' lang='grc' dir='ltr'><em>ὧν</em></span> 
     </span>
    </p>
   </div>
   <div class='ocr_carea' id='block_1_81' title="bbox 2092 1742 3770 1817">
    <p class='ocr_par' dir='ltr' id='par_1_81' title="bbox 2092 1742 3770 1817">
     <span class='ocr_line' id='line_1_81' title="bbox 2092 1742 3770 1817; baseline 0.002 -21"><span class='ocrx_word' id='word_1_633' title='bbox 2092 1742 2448 1815; x_wconf 84' lang='grc' dir='ltr'><em>βλαπτόμεθα</em></span> <span class='ocrx_word' id='word_1_634' title='bbox 2468 1783 2483 1808; x_wconf 90' lang='grc'><em>,</em></span> <span class='ocrx_word' id='word_1_635' title='bbox 2516 1743 2606 1799; x_wconf 87' lang='grc' dir='ltr'><em>διά</em></span> <span class='ocrx_word' id='word_1_636' title='bbox 2633 1743 2841 1800; x_wconf 88' lang='grc' dir='ltr'><em>τούτων</em></span> <span class='ocrx_word' id='word_1_637' title='bbox 2867 1745 3245 1815; x_wconf 84' lang='grc' dir='ltr'><em>ὠφελούμεθα.</em></span> <span class='ocrx_word' id='word_1_638' title='bbox 3274 1742 3430 1799; x_wconf 90' lang='grc' dir='ltr'><em>Οῦτω</em></span> <span class='ocrx_word' id='word_1_639' title='bbox 3460 1745 3554 1798; x_wconf 68' lang='grc' dir='ltr'><em>καὶ</em></span> <span class='ocrx_word' id='word_1_640' title='bbox 3572 1745 3770 1817; x_wconf 74' lang='grc' dir='ltr'><em>Ἰωσὴφ</em></span> 
     </span>
    </p>
   </div>
   <div class='ocr_carea' id='block_1_82' title="bbox 2090 1830 3771 1905">
    <p class='ocr_par' dir='ltr' id='par_1_82' title="bbox 2090 1830 3771 1905">
     <span class='ocr_line' id='line_1_82' title="bbox 2090 1830 3771 1905; baseline 0.002 -21"><span class='ocrx_word' id='word_1_641' title='bbox 2090 1830 2479 1885; x_wconf 87' lang='grc' dir='ltr'><em>ἐπεϐουλεύετο</em></span> <span class='ocrx_word' id='word_1_642' title='bbox 2547 1832 2654 1886; x_wconf 78' lang='grc' dir='ltr'><em>ὐπὸ</em></span> <span class='ocrx_word' id='word_1_643' title='bbox 2712 1836 2811 1903; x_wconf 76' lang='grc' dir='ltr'><em>τῆς</em></span> <span class='ocrx_word' id='word_1_644' title='bbox 2893 1833 3180 1905; x_wconf 87' lang='grc' dir='ltr'><em>δεσποίνης</em></span> <span class='ocrx_word' id='word_1_645' title='bbox 3212 1848 3227 1867; x_wconf 77' lang='grc' dir='ltr'><strong><em>ο</em></strong></span> <span class='ocrx_word' id='word_1_646' title='bbox 3294 1831 3385 1886; x_wconf 73' lang='grc' dir='ltr'><em>καὶ</em></span> <span class='ocrx_word' id='word_1_647' title='bbox 3446 1832 3615 1886; x_wconf 81' lang='grc' dir='ltr'><em>ἐδόκει</em></span> <span class='ocrx_word' id='word_1_648' title='bbox 3670 1835 3771 1905; x_wconf 79' lang='grc' dir='ltr'><em>μὲν</em></span> 
     </span>
    </p>
   </div>
   <div class='ocr_carea' id='block_1_83' title="bbox 2092 1918 3767 1992">
    <p class='ocr_par' dir='ltr' id='par_1_83' title="bbox 2092 1918 3767 1992">
     <span class='ocr_line' id='line_1_83' title="bbox 2092 1918 3767 1992; baseline 0.003 -20"><span class='ocrx_word' id='word_1_649' title='bbox 2092 1918 2486 1988; x_wconf 79' lang='grc' dir='ltr'><em>ἐπιϐουλεύειν,</em></span> <span class='ocrx_word' id='word_1_650' title='bbox 2519 1921 2942 1975; x_wconf 86' lang='grc' dir='ltr'><em>ἐπιϐουλεύουσα</em></span> <span class='ocrx_word' id='word_1_651' title='bbox 2961 1921 3018 1975; x_wconf 86' lang='grc' dir='ltr'><em>δὲ</em></span> <span class='ocrx_word' id='word_1_652' title='bbox 3051 1923 3109 1974; x_wconf 86' lang='grc' dir='ltr'><em>ἐν</em></span> <span class='ocrx_word' id='word_1_653' title='bbox 3137 1919 3409 1991; x_wconf 79' lang='grc' dir='ltr'><em>ἀσφαλείᾳ</em></span> <span class='ocrx_word' id='word_1_654' title='bbox 3439 1920 3767 1992; x_wconf 78' lang='grc' dir='ltr'><em>κατέστησεν</em></span> 
     </span>
    </p>
   </div>
   <div class='ocr_carea' id='block_1_84' title="bbox 2090 2005 3764 2080">
    <p class='ocr_par' dir='ltr' id='par_1_84' title="bbox 2090 2005 3764 2080">
     <span class='ocr_line' id='line_1_84' title="bbox 2090 2005 3764 2080; baseline 0.002 -21"><span class='ocrx_word' id='word_1_655' title='bbox 2090 2005 2253 2060; x_wconf 89' lang='grc' dir='ltr'><em>αὐτόν</em></span> <span class='ocrx_word' id='word_1_656' title='bbox 2279 2023 2293 2038; x_wconf 89' lang='grc'><strong>·</strong></span> <span class='ocrx_word' id='word_1_657' title='bbox 2341 2008 2445 2077; x_wconf 79' lang='grc' dir='ltr'><em>τῆς</em></span> <span class='ocrx_word' id='word_1_658' title='bbox 2482 2007 2591 2078; x_wconf 86' lang='grc' dir='ltr'><em>γὰρ</em></span> <span class='ocrx_word' id='word_1_659' title='bbox 2642 2009 2841 2073; x_wconf 84' lang='grc' dir='ltr'><em>οἰκίας,</em></span> <span class='ocrx_word' id='word_1_660' title='bbox 2892 2007 3021 2062; x_wconf 76' lang='grc' dir='ltr'><em>ἔνθα</em></span> <span class='ocrx_word' id='word_1_661' title='bbox 3058 2008 3119 2061; x_wconf 85' lang='grc' dir='ltr'><em>τὸ</em></span> <span class='ocrx_word' id='word_1_662' title='bbox 3156 2008 3342 2080; x_wconf 83' lang='grc' dir='ltr'><em>θηρίον</em></span> <span class='ocrx_word' id='word_1_663' title='bbox 3383 2009 3552 2061; x_wconf 85' lang='grc' dir='ltr'><em>ἐκεῖνο</em></span> <span class='ocrx_word' id='word_1_664' title='bbox 3608 2009 3764 2079; x_wconf 81' lang='grc' dir='ltr'><em>ἐτρέ-</em></span> 
     </span>
    </p>
   </div>
   <div class='ocr_carea' id='block_1_85' title="bbox 2092 2091 3764 2169">
    <p class='ocr_par' dir='ltr' id='par_1_85' title="bbox 2092 2091 3764 2169">
     <span class='ocr_line' id='line_1_85' title="bbox 2092 2091 3764 2169; baseline 0.003 -21"><span class='ocrx_word' id='word_1_665' title='bbox 2092 2112 2244 2164; x_wconf 87' lang='grc' dir='ltr'><em>φετο,</em></span> <span class='ocrx_word' id='word_1_666' title='bbox 2277 2096 2457 2166; x_wconf 80' lang='grc' dir='ltr'><em>πολλῷ</em></span> <span class='ocrx_word' id='word_1_667' title='bbox 2488 2097 2550 2151; x_wconf 86' lang='grc' dir='ltr'><em>τὸ</em></span> <span class='ocrx_word' id='word_1_668' title='bbox 2589 2097 2962 2168; x_wconf 77' lang='grc' dir='ltr'><em>δεσμωτήριον</em></span> <span class='ocrx_word' id='word_1_669' title='bbox 2990 2096 3338 2169; x_wconf 84' lang='grc' dir='ltr'><em>ἡμερώτερον</em></span> <span class='ocrx_word' id='word_1_670' title='bbox 3371 2091 3460 2167; x_wconf 79' lang='grc' dir='ltr'><em>ἦν.</em></span> <span class='ocrx_word' id='word_1_671' title='bbox 3491 2098 3634 2151; x_wconf 80' lang='grc' dir='ltr'><em>Ἐκεῖ</em></span> <span class='ocrx_word' id='word_1_672' title='bbox 3669 2098 3764 2169; x_wconf 74' lang='grc' dir='ltr'><em>μὲν</em></span> 
     </span>
    </p>
   </div>
   <div class='ocr_carea' id='block_1_86' title="bbox 2089 2180 3768 2258">
    <p class='ocr_par' dir='ltr' id='par_1_86' title="bbox 2089 2180 3768 2258">
     <span class='ocr_line' id='line_1_86' title="bbox 2089 2180 3768 2258; baseline 0.001 -23"><span class='ocrx_word' id='word_1_673' title='bbox 2089 2182 2197 2253; x_wconf 79' lang='grc' dir='ltr'><em>γὰρ</em></span> <span class='ocrx_word' id='word_1_674' title='bbox 2224 2181 2318 2246; x_wconf 75' lang='grc' dir='ltr'><em>ὢν,</em></span> <span class='ocrx_word' id='word_1_675' title='bbox 2343 2185 2390 2236; x_wconf 88' lang='grc' dir='ltr'><em>εἰ</em></span> <span class='ocrx_word' id='word_1_676' title='bbox 2413 2183 2507 2237; x_wconf 73' lang='grc' dir='ltr'><em>καὶ</em></span> <span class='ocrx_word' id='word_1_677' title='bbox 2528 2183 2587 2238; x_wconf 81' lang='grc' dir='ltr'><em>ἐν</em></span> <span class='ocrx_word' id='word_1_678' title='bbox 2612 2184 2877 2257; x_wconf 76' lang='grc' dir='ltr'><em>θεραπείᾳ</em></span> <span class='ocrx_word' id='word_1_679' title='bbox 2888 2180 2973 2255; x_wconf 76' lang='grc' dir='ltr'><em>ἧν,</em></span> <span class='ocrx_word' id='word_1_680' title='bbox 2997 2183 3121 2237; x_wconf 83' lang='grc' dir='ltr'><em>ἀλλ’</em></span> <span class='ocrx_word' id='word_1_681' title='bbox 3148 2186 3204 2237; x_wconf 82' lang='grc' dir='ltr'><em>ἐν</em></span> <span class='ocrx_word' id='word_1_682' title='bbox 3227 2183 3376 2255; x_wconf 84' lang='grc' dir='ltr'><em>φόϐῳ</em></span> <span class='ocrx_word' id='word_1_683' title='bbox 3402 2183 3656 2254; x_wconf 81' lang='grc' dir='ltr'><em>διηνεκεῖ,</em></span> <span class='ocrx_word' id='word_1_684' title='bbox 3693 2184 3768 2258; x_wconf 79' lang='grc' dir='ltr'><em>μή</em></span> 
     </span>
    </p>
   </div>
   <div class='ocr_carea' id='block_1_87' title="bbox 2090 2262 3769 2343">
    <p class='ocr_par' dir='ltr' id='par_1_87' title="bbox 2090 2262 3769 2343">
     <span class='ocr_line' id='line_1_87' title="bbox 2090 2262 3769 2343; baseline 0.003 -22"><span class='ocrx_word' id='word_1_685' title='bbox 2090 2285 2221 2322; x_wconf 90' lang='grc' dir='ltr'><em>ποτε</em></span> <span class='ocrx_word' id='word_1_686' title='bbox 2246 2262 2502 2339; x_wconf 84' lang='grc' dir='ltr'><em>ἐπίθηται</em></span> <span class='ocrx_word' id='word_1_687' title='bbox 2529 2273 2563 2342; x_wconf 82' lang='grc' dir='ltr'>ἠ</span> <span class='ocrx_word' id='word_1_688' title='bbox 2585 2271 2866 2338; x_wconf 87' lang='grc' dir='ltr'><em>δέσποινα,</em></span> <span class='ocrx_word' id='word_1_689' title='bbox 2913 2271 3006 2325; x_wconf 76' lang='grc' dir='ltr'><em>καὶ</em></span> <span class='ocrx_word' id='word_1_690' title='bbox 3051 2271 3427 2343; x_wconf 82' lang='grc' dir='ltr'><em>δεσμωτηρίου</em></span> <span class='ocrx_word' id='word_1_691' title='bbox 3456 2271 3769 2342; x_wconf 81' lang='grc' dir='ltr'><em>χαλεπώτε-</em></span> 
     </span>
    </p>
   </div>
   <div class='ocr_carea' id='block_1_88' title="bbox 2095 2354 3771 2429">
    <p class='ocr_par' dir='ltr' id='par_1_88' title="bbox 2095 2354 3771 2429">
     <span class='ocr_line' id='line_1_88' title="bbox 2095 2354 3771 2429; baseline 0.003 -21"><span class='ocrx_word' id='word_1_692' title='bbox 2095 2370 2186 2423; x_wconf 89' lang='grc' dir='ltr'><em>ρον</em></span> <span class='ocrx_word' id='word_1_693' title='bbox 2210 2356 2238 2409; x_wconf 87' lang='grc' dir='ltr'><em>ό</em></span> <span class='ocrx_word' id='word_1_694' title='bbox 2270 2354 2435 2425; x_wconf 90' lang='grc' dir='ltr'><em>φόϐος</em></span> <span class='ocrx_word' id='word_1_695' title='bbox 2454 2356 2602 2428; x_wconf 84' lang='grc' dir='ltr'><em>αὐτῷ</em></span> <span class='ocrx_word' id='word_1_696' title='bbox 2636 2357 2887 2411; x_wconf 84' lang='grc' dir='ltr'><em>ἐπέκειτο</em></span> <span class='ocrx_word' id='word_1_697' title='bbox 2912 2373 2926 2387; x_wconf 84' lang='grc'><strong>·</strong></span> <span class='ocrx_word' id='word_1_698' title='bbox 2958 2357 3097 2429; x_wconf 89' lang='grc' dir='ltr'><em>μετά</em></span> <span class='ocrx_word' id='word_1_699' title='bbox 3126 2357 3185 2411; x_wconf 83' lang='grc' dir='ltr'><em>δὲ</em></span> <span class='ocrx_word' id='word_1_700' title='bbox 3223 2357 3322 2429; x_wconf 75' lang='grc' dir='ltr'><em>τὴν</em></span> <span class='ocrx_word' id='word_1_701' title='bbox 3353 2359 3688 2429; x_wconf 85' lang='grc' dir='ltr'><em>κατηγορίαν</em></span> <span class='ocrx_word' id='word_1_702' title='bbox 3712 2359 3771 2413; x_wconf 83' lang='grc' dir='ltr'><em>ἐν</em></span> 
     </span>
    </p>
   </div>
   <div class='ocr_carea' id='block_1_89' title="bbox 2092 2440 3772 2518">
    <p class='ocr_par' dir='ltr' id='par_1_89' title="bbox 2092 2440 3772 2518">
     <span class='ocr_line' id='line_1_89' title="bbox 2092 2440 3772 2518; baseline 0.003 -24"><span class='ocrx_word' id='word_1_703' title='bbox 2092 2442 2245 2514; x_wconf 83' lang='grc' dir='ltr'><em>ἀδείᾳ</em></span> <span class='ocrx_word' id='word_1_704' title='bbox 2272 2443 2460 2498; x_wconf 86' lang='grc' dir='ltr'><em>λοιπὸν</em></span> <span class='ocrx_word' id='word_1_705' title='bbox 2491 2446 2585 2498; x_wconf 71' lang='grc' dir='ltr'><em>καὶ</em></span> <span class='ocrx_word' id='word_1_706' title='bbox 2622 2445 2823 2515; x_wconf 80' lang='grc' dir='ltr'><em>ἡσυχίᾳ</em></span> <span class='ocrx_word' id='word_1_707' title='bbox 2846 2440 2935 2515; x_wconf 82' lang='grc' dir='ltr'><em>ἦν,</em></span> <span class='ocrx_word' id='word_1_708' title='bbox 2964 2444 3297 2513; x_wconf 72' lang='grc' dir='ltr'><em>ἀπαλλαγεὶς</em></span> <span class='ocrx_word' id='word_1_709' title='bbox 3323 2445 3533 2499; x_wconf 86' lang='grc' dir='ltr'><em>ἐκείνου</em></span> <span class='ocrx_word' id='word_1_710' title='bbox 3558 2444 3653 2500; x_wconf 87' lang='grc' dir='ltr'><em>τοῦ</em></span> <span class='ocrx_word' id='word_1_711' title='bbox 3681 2445 3772 2518; x_wconf 89' lang='grc' dir='ltr'><em>θη-</em></span> 
     </span>
    </p>
   </div>
   <div class='ocr_carea' id='block_1_90' title="bbox 2091 2530 3770 2602">
    <p class='ocr_par' dir='ltr' id='par_1_90' title="bbox 2091 2530 3770 2602">
     <span class='ocr_line' id='line_1_90' title="bbox 2091 2530 3770 2602; baseline 0.002 -20"><span class='ocrx_word' id='word_1_712' title='bbox 2091 2530 2204 2601; x_wconf 82' lang='grc' dir='ltr'><em>ρίου</em></span> <span class='ocrx_word' id='word_1_713' title='bbox 2242 2532 2334 2584; x_wconf 73' lang='grc' dir='ltr'><em>καὶ</em></span> <span class='ocrx_word' id='word_1_714' title='bbox 2365 2531 2463 2601; x_wconf 84' lang='grc' dir='ltr'><em>τῆς</em></span> <span class='ocrx_word' id='word_1_715' title='bbox 2489 2530 2883 2602; x_wconf 65' lang='grc' dir='ltr'><em>ἀσχημοσύνης</em></span> <span class='ocrx_word' id='word_1_716' title='bbox 2915 2530 3010 2585; x_wconf 77' lang='grc' dir='ltr'><em>καὶ</em></span> <span class='ocrx_word' id='word_1_717' title='bbox 3049 2531 3150 2601; x_wconf 75' lang='grc' dir='ltr'><em>τῆς</em></span> <span class='ocrx_word' id='word_1_718' title='bbox 3175 2531 3469 2602; x_wconf 79' lang='grc' dir='ltr'><em>ἐπιϐουλῆς</em></span> <span class='ocrx_word' id='word_1_719' title='bbox 3503 2548 3519 2563; x_wconf 75' lang='grc' dir='ltr'><strong><em>ο</em></strong></span> <span class='ocrx_word' id='word_1_720' title='bbox 3557 2531 3770 2602; x_wconf 86' lang='grc' dir='ltr'><em>βέλτιον</em></span> 
     </span>
    </p>
   </div>
   <div class='ocr_carea' id='block_1_91' title="bbox 2090 2614 3768 2692">
    <p class='ocr_par' dir='ltr' id='par_1_91' title="bbox 2090 2614 3768 2692">
     <span class='ocr_line' id='line_1_91' title="bbox 2090 2614 3768 2692; baseline 0.002 -21"><span class='ocrx_word' id='word_1_721' title='bbox 2090 2616 2200 2688; x_wconf 87' lang='grc' dir='ltr'><em>γὰρ</em></span> <span class='ocrx_word' id='word_1_722' title='bbox 2223 2616 2370 2688; x_wconf 82' lang='grc' dir='ltr'><em>αὐτῷ</em></span> <span class='ocrx_word' id='word_1_723' title='bbox 2395 2614 2464 2690; x_wconf 76' lang='grc' dir='ltr'><em>ἧν</em></span> <span class='ocrx_word' id='word_1_724' title='bbox 2497 2617 3073 2690; x_wconf 80' lang='grc' dir='ltr'><em>τεταλαιπωρημένοις</em></span> <span class='ocrx_word' id='word_1_725' title='bbox 3103 2618 3415 2686; x_wconf 85' lang='grc' dir='ltr'><em>ἀνθρώποις</em></span> <span class='ocrx_word' id='word_1_726' title='bbox 3446 2622 3709 2684; x_wconf 84' lang='grc' dir='ltr'><em>συνεῖναι,</em></span> <span class='ocrx_word' id='word_1_727' title='bbox 3732 2619 3768 2692; x_wconf 72' lang='grc' dir='ltr'>ἢ</span> 
     </span>
    </p>
   </div>
   <div class='ocr_carea' id='block_1_92' title="bbox 2095 2707 3771 2780">
    <p class='ocr_par' dir='ltr' id='par_1_92' title="bbox 2095 2707 3771 2780">
     <span class='ocr_line' id='line_1_92' title="bbox 2095 2707 3771 2780; baseline 0.002 -20"><span class='ocrx_word' id='word_1_728' title='bbox 2095 2707 2394 2778; x_wconf 84' lang='grc' dir='ltr'><em>μαινομένῃ</em></span> <span class='ocrx_word' id='word_1_729' title='bbox 2453 2707 2730 2778; x_wconf 85' lang='grc' dir='ltr'><em>δεσποίνῃ.</em></span> <span class='ocrx_word' id='word_1_730' title='bbox 2781 2708 3049 2763; x_wconf 85' lang='grc' dir='ltr'><em>Ἐνταῦθα</em></span> <span class='ocrx_word' id='word_1_731' title='bbox 3110 2711 3208 2780; x_wconf 81' lang='grc' dir='ltr'><em>μὲν</em></span> <span class='ocrx_word' id='word_1_732' title='bbox 3261 2707 3354 2764; x_wconf 80' lang='grc' dir='ltr'><em>οῦν</em></span> <span class='ocrx_word' id='word_1_733' title='bbox 3406 2712 3771 2780; x_wconf 80' lang='grc' dir='ltr'><em>παρεμυθεῖτο</em></span> 
     </span>
    </p>
   </div>
   <div class='ocr_carea' id='block_1_93' title="bbox 2090 2792 3768 2864">
    <p class='ocr_par' dir='ltr' id='par_1_93' title="bbox 2090 2792 3768 2864">
     <span class='ocr_line' id='line_1_93' title="bbox 2090 2792 3768 2864; baseline 0.003 -19"><span class='ocrx_word' id='word_1_734' title='bbox 2090 2792 2305 2856; x_wconf 79' lang='grc' dir='ltr'><em>ἐαυτὸν,</em></span> <span class='ocrx_word' id='word_1_735' title='bbox 2338 2793 2418 2847; x_wconf 81' lang='grc' dir='ltr'><em>ὅτι</em></span> <span class='ocrx_word' id='word_1_736' title='bbox 2448 2793 2532 2847; x_wconf 85' lang='grc' dir='ltr'><em>διὰ</em></span> <span class='ocrx_word' id='word_1_737' title='bbox 2558 2795 2915 2864; x_wconf 82' lang='grc' dir='ltr'><em>σωφροσύνην</em></span> <span class='ocrx_word' id='word_1_738' title='bbox 2940 2795 3197 2849; x_wconf 86' lang='grc' dir='ltr'><em>ἐνέπεσεν</em></span> <span class='ocrx_word' id='word_1_739' title='bbox 3216 2813 3229 2827; x_wconf 91' lang='grc'><strong>·</strong></span> <span class='ocrx_word' id='word_1_740' title='bbox 3266 2798 3383 2850; x_wconf 85' lang='grc' dir='ltr'><em>ἐκεῖ</em></span> <span class='ocrx_word' id='word_1_741' title='bbox 3401 2796 3457 2850; x_wconf 85' lang='grc' dir='ltr'><em>δὲ</em></span> <span class='ocrx_word' id='word_1_742' title='bbox 3488 2796 3768 2861; x_wconf 86' lang='grc' dir='ltr'><em>ἐδεδοίκει,</em></span> 
     </span>
    </p>
   </div>
   <div class='ocr_carea' id='block_1_94' title="bbox 2094 2879 3769 2957">
    <p class='ocr_par' dir='ltr' id='par_1_94' title="bbox 2094 2879 3769 2957">
     <span class='ocr_line' id='line_1_94' title="bbox 2094 2879 3769 2957; baseline 0.004 -24"><span class='ocrx_word' id='word_1_743' title='bbox 2094 2880 2169 2951; x_wconf 83' lang='grc' dir='ltr'><em>μὴ</em></span> <span class='ocrx_word' id='word_1_744' title='bbox 2196 2881 2322 2953; x_wconf 74' lang='grc' dir='ltr'><em>περὶ</em></span> <span class='ocrx_word' id='word_1_745' title='bbox 2350 2880 2448 2952; x_wconf 86' lang='grc' dir='ltr'><em>τὴν</em></span> <span class='ocrx_word' id='word_1_746' title='bbox 2475 2880 2653 2952; x_wconf 77' lang='grc' dir='ltr'><em>ψυχὴν</em></span> <span class='ocrx_word' id='word_1_747' title='bbox 2680 2879 2815 2953; x_wconf 82' lang='grc' dir='ltr'><em>λάϐῃ</em></span> <span class='ocrx_word' id='word_1_748' title='bbox 2836 2882 2933 2954; x_wconf 77' lang='grc' dir='ltr'><em>τὴν</em></span> <span class='ocrx_word' id='word_1_749' title='bbox 2961 2883 3196 2955; x_wconf 61' lang='grc' dir='ltr'><em>πληγήν</em></span> <span class='ocrx_word' id='word_1_750' title='bbox 3224 2884 3377 2938; x_wconf 81' lang='grc' dir='ltr'><em>οὐδὲν</em></span> <span class='ocrx_word' id='word_1_751' title='bbox 3404 2882 3513 2956; x_wconf 80' lang='grc' dir='ltr'><em>γάρ</em></span> <span class='ocrx_word' id='word_1_752' title='bbox 3529 2885 3769 2957; x_wconf 83' lang='grc' dir='ltr'><em>ἐπαχθέ-</em></span> 
     </span>
    </p>
   </div>
   <div class='ocr_carea' id='block_1_95' title="bbox 2093 2967 3771 3043">
    <p class='ocr_par' dir='ltr' id='par_1_95' title="bbox 2093 2967 3771 3043">
     <span class='ocr_line' id='line_1_95' title="bbox 2093 2967 3771 3043; baseline 0.003 -23"><span class='ocrx_word' id='word_1_753' title='bbox 2093 2982 2282 3037; x_wconf 90' lang='grc' dir='ltr'><em>στερον</em></span> <span class='ocrx_word' id='word_1_754' title='bbox 2316 2968 2597 3039; x_wconf 74' lang='grc' dir='ltr'><em>ἐρωμένης</em></span> <span class='ocrx_word' id='word_1_755' title='bbox 2630 2967 2782 3040; x_wconf 74' lang='lat'><em>[569]</em></span> <span class='ocrx_word' id='word_1_756' title='bbox 2803 2969 2908 3039; x_wconf 80' lang='grc' dir='ltr'><em>νέῳ</em></span> <span class='ocrx_word' id='word_1_757' title='bbox 2942 2970 3016 3042; x_wconf 78' lang='grc' dir='ltr'><em>μὴ</em></span> <span class='ocrx_word' id='word_1_758' title='bbox 3050 2969 3376 3043; x_wconf 79' lang='grc' dir='ltr'><em>βουλομένῳ,</em></span> <span class='ocrx_word' id='word_1_759' title='bbox 3393 2971 3545 3025; x_wconf 82' lang='grc' dir='ltr'><em>οὐδὲν</em></span> <span class='ocrx_word' id='word_1_760' title='bbox 3578 2970 3771 3042; x_wconf 84' lang='grc' dir='ltr'><em>ἐναγέ-</em></span> 
     </span>
    </p>
   </div>
   <div class='ocr_carea' id='block_1_96' title="bbox 2091 3054 3766 3130">
    <p class='ocr_par' dir='ltr' id='par_1_96' title="bbox 2091 3054 3766 3130">
     <span class='ocr_line' id='line_1_96' title="bbox 2091 3054 3766 3130; baseline 0.004 -25"><span class='ocrx_word' id='word_1_761' title='bbox 2091 3069 2306 3125; x_wconf 90' lang='grc' dir='ltr'><em>στερον,</em></span> <span class='ocrx_word' id='word_1_762' title='bbox 2331 3054 2486 3107; x_wconf 82' lang='grc' dir='ltr'><em>οὐδὲν</em></span> <span class='ocrx_word' id='word_1_763' title='bbox 2518 3054 2820 3128; x_wconf 82' lang='grc' dir='ltr'><em>βαρύτερον</em></span> <span class='ocrx_word' id='word_1_764' title='bbox 2845 3073 2858 3087; x_wconf 89' lang='grc'><strong>·</strong></span> <span class='ocrx_word' id='word_1_765' title='bbox 2900 3055 3117 3111; x_wconf 80' lang='grc' dir='ltr'><em>πάντων</em></span> <span class='ocrx_word' id='word_1_766' title='bbox 3155 3056 3370 3130; x_wconf 82' lang='grc' dir='ltr'><em>δεσμῶν</em></span> <span class='ocrx_word' id='word_1_767' title='bbox 3414 3056 3572 3112; x_wconf 85' lang='grc' dir='ltr'><em>τοῦτο</em></span> <span class='ocrx_word' id='word_1_768' title='bbox 3599 3057 3766 3130; x_wconf 79' lang='grc' dir='ltr'><em>χαλεο</em></span> 
     </span>
    </p>
   </div>
   <div class='ocr_carea' id='block_1_97' title="bbox 2091 3140 3767 3219">
    <p class='ocr_par' dir='ltr' id='par_1_97' title="bbox 2091 3140 3767 3219">
     <span class='ocr_line' id='line_1_97' title="bbox 2091 3140 3767 3219; baseline 0.005 -26"><span class='ocrx_word' id='word_1_769' title='bbox 2091 3140 2355 3212; x_wconf 83' lang='grc' dir='ltr'><em>πὼτερον.</em></span> <span class='ocrx_word' id='word_1_770' title='bbox 2389 3142 2551 3196; x_wconf 82' lang='grc' dir='ltr'><em>Ὥστε</em></span> <span class='ocrx_word' id='word_1_771' title='bbox 2595 3144 2696 3197; x_wconf 87' lang='grc' dir='ltr'><em>οὐκ</em></span> <span class='ocrx_word' id='word_1_772' title='bbox 2761 3145 2843 3208; x_wconf 78' lang='grc' dir='ltr'><em>εἰς</em></span> <span class='ocrx_word' id='word_1_773' title='bbox 2889 3144 3265 3219; x_wconf 76' lang='grc' dir='ltr'><em>δεσμωτήριον</em></span> <span class='ocrx_word' id='word_1_774' title='bbox 3303 3145 3579 3211; x_wconf 76' lang='grc' dir='ltr'><em>ἐνέπεσεν,</em></span> <span class='ocrx_word' id='word_1_775' title='bbox 3629 3146 3767 3202; x_wconf 85' lang='grc' dir='ltr'><em>ἀλλά</em></span> 
     </span>
    </p>
   </div>
   <div class='ocr_carea' id='block_1_98' title="bbox 2089 3227 3762 3305">
    <p class='ocr_par' dir='ltr' id='par_1_98' title="bbox 2089 3227 3762 3305">
     <span class='ocr_line' id='line_1_98' title="bbox 2089 3227 3762 3305; baseline 0.004 -25"><span class='ocrx_word' id='word_1_776' title='bbox 2089 3227 2462 3300; x_wconf 86' lang='grc' dir='ltr'><em>δεσμωτηρίου</em></span> <span class='ocrx_word' id='word_1_777' title='bbox 2485 3229 2777 3301; x_wconf 83' lang='grc' dir='ltr'><em>ἀπηλλάγη</em></span> <span class='ocrx_word' id='word_1_778' title='bbox 2799 3250 2812 3264; x_wconf 90' lang='grc'>·</span> <span class='ocrx_word' id='word_1_779' title='bbox 2843 3228 3249 3305; x_wconf 74' lang='grc' dir='ltr'><em>ἐξεπολέμωσεν</em></span> <span class='ocrx_word' id='word_1_780' title='bbox 3269 3230 3420 3304; x_wconf 86' lang='grc' dir='ltr'><em>αὐτῷ</em></span> <span class='ocrx_word' id='word_1_781' title='bbox 3447 3232 3541 3288; x_wconf 84' lang='grc' dir='ltr'><em>τὸν</em></span> <span class='ocrx_word' id='word_1_782' title='bbox 3561 3233 3762 3289; x_wconf 83' lang='grc' dir='ltr'><em>δεσπό-</em></span> 
     </span>
    </p>
   </div>
   <div class='ocr_carea' id='block_1_99' title="bbox 2089 3314 3758 3391">
    <p class='ocr_par' dir='ltr' id='par_1_99' title="bbox 2089 3314 3758 3391">
     <span class='ocr_line' id='line_1_99' title="bbox 2089 3314 3758 3391; baseline 0.004 -23"><span class='ocrx_word' id='word_1_783' title='bbox 2089 3332 2208 3386; x_wconf 81' lang='grc' dir='ltr'><em>την,</em></span> <span class='ocrx_word' id='word_1_784' title='bbox 2241 3314 2379 3370; x_wconf 87' lang='grc' dir='ltr'><em>ἀλλά</em></span> <span class='ocrx_word' id='word_1_785' title='bbox 2410 3317 2710 3388; x_wconf 83' lang='grc' dir='ltr'><em>κατήλλαξε</em></span> <span class='ocrx_word' id='word_1_786' title='bbox 2748 3322 2840 3373; x_wconf 87' lang='grc' dir='ltr'><em>τὸν</em></span> <span class='ocrx_word' id='word_1_787' title='bbox 2874 3319 3025 3384; x_wconf 88' lang='grc' dir='ltr'><em>Θεὸν,</em></span> <span class='ocrx_word' id='word_1_788' title='bbox 3079 3318 3407 3391; x_wconf 75' lang='grc' dir='ltr'><em>οἰκειότερον</em></span> <span class='ocrx_word' id='word_1_789' title='bbox 3430 3319 3591 3373; x_wconf 87' lang='grc' dir='ltr'><em>αὐτὸν</em></span> <span class='ocrx_word' id='word_1_790' title='bbox 3622 3337 3758 3374; x_wconf 82' lang='grc' dir='ltr'><em>κατ-</em></span> 
     </span>
    </p>
   </div>
   <div class='ocr_carea' id='block_1_100' title="bbox 2090 3401 3761 3480">
    <p class='ocr_par' dir='ltr' id='par_1_100' title="bbox 2090 3401 3761 3480">
     <span class='ocr_line' id='line_1_100' title="bbox 2090 3401 3761 3480; baseline 0.002 -24"><span class='ocrx_word' id='word_1_791' title='bbox 2090 3401 2299 3473; x_wconf 21' lang='grc' dir='ltr'><em>έστησε,</em></span> <span class='ocrx_word' id='word_1_792' title='bbox 2346 3403 2425 3475; x_wconf 84' lang='grc' dir='ltr'><em>τῷ</em></span> <span class='ocrx_word' id='word_1_793' title='bbox 2452 3405 2624 3471; x_wconf 81' lang='grc' dir='ltr'><em>ὅντως</em></span> <span class='ocrx_word' id='word_1_794' title='bbox 2688 3407 2937 3480; x_wconf 80' lang='grc' dir='ltr'><em>Δεσπότῃ</em></span> <span class='ocrx_word' id='word_1_795' title='bbox 2990 3405 3067 3478; x_wconf 80' lang='grc' dir='ltr'><em>τῷ</em></span> <span class='ocrx_word' id='word_1_796' title='bbox 3099 3406 3334 3479; x_wconf 84' lang='grc' dir='ltr'><em>ἀληθινῷ</em></span> <span class='ocrx_word' id='word_1_797' title='bbox 3362 3422 3378 3436; x_wconf 90' lang='grc'><strong>·</strong></span> <span class='ocrx_word' id='word_1_798' title='bbox 3406 3406 3631 3472; x_wconf 81' lang='grc' dir='ltr'><em>ἐξέϐαλε</em></span> <span class='ocrx_word' id='word_1_799' title='bbox 3661 3408 3761 3479; x_wconf 85' lang='grc' dir='ltr'><em>τῆς</em></span> 
     </span>
    </p>
   </div>
   <div class='ocr_carea' id='block_1_101' title="bbox 2088 3492 3759 3571">
    <p class='ocr_par' dir='ltr' id='par_1_101' title="bbox 2088 3492 3759 3571">
     <span class='ocr_line' id='line_1_101' title="bbox 2088 3492 3759 3571; baseline 0.005 -27"><span class='ocrx_word' id='word_1_800' title='bbox 2088 3492 2411 3557; x_wconf 82' lang='grc' dir='ltr'><em>ἐπιστασίας</em></span> <span class='ocrx_word' id='word_1_801' title='bbox 2431 3494 2531 3566; x_wconf 86' lang='grc' dir='ltr'><em>τῆς</em></span> <span class='ocrx_word' id='word_1_802' title='bbox 2559 3495 2616 3549; x_wconf 87' lang='grc' dir='ltr'><em>ἐν</em></span> <span class='ocrx_word' id='word_1_803' title='bbox 2643 3498 2707 3568; x_wconf 81' lang='grc' dir='ltr'><em>τῇ</em></span> <span class='ocrx_word' id='word_1_804' title='bbox 2738 3497 2905 3568; x_wconf 75' lang='grc' dir='ltr'><em>οἰκίᾳ,</em></span> <span class='ocrx_word' id='word_1_805' title='bbox 2950 3496 3079 3551; x_wconf 85' lang='grc' dir='ltr'><em>ἀλλ’</em></span> <span class='ocrx_word' id='word_1_806' title='bbox 3105 3497 3349 3569; x_wconf 84' lang='grc' dir='ltr'><em>ᾠκείωσε</em></span> <span class='ocrx_word' id='word_1_807' title='bbox 3377 3496 3456 3568; x_wconf 83' lang='grc' dir='ltr'><em>τῷ</em></span> <span class='ocrx_word' id='word_1_808' title='bbox 3490 3498 3759 3571; x_wconf 72' lang='grc' dir='ltr'><em>Δεσπὸτῃο</em></span> 
     </span>
    </p>
   </div>
   <div class='ocr_carea' id='block_1_102' title="bbox 2087 3580 3762 3658">
    <p class='ocr_par' dir='ltr' id='par_1_102' title="bbox 2087 3580 3762 3658">
     <span class='ocr_line' id='line_1_102' title="bbox 2087 3580 3762 3658; baseline 0.005 -26"><span class='ocrx_word' id='word_1_809' title='bbox 2087 3580 2256 3635; x_wconf 87' lang='grc' dir='ltr'><em>Πάλιν</em></span> <span class='ocrx_word' id='word_1_810' title='bbox 2283 3583 2331 3635; x_wconf 86' lang='grc' dir='ltr'><em>οί</em></span> <span class='ocrx_word' id='word_1_811' title='bbox 2358 3581 2575 3653; x_wconf 73' lang='grc' dir='ltr'><em>ἀδελφοὶ</em></span> <span class='ocrx_word' id='word_1_812' title='bbox 2599 3584 2909 3655; x_wconf 84' lang='grc' dir='ltr'><em>ἐπώλησαν,</em></span> <span class='ocrx_word' id='word_1_813' title='bbox 2927 3585 3054 3639; x_wconf 87' lang='grc' dir='ltr'><em>ἀλλ’</em></span> <span class='ocrx_word' id='word_1_814' title='bbox 3077 3585 3394 3658; x_wconf 79' lang='grc' dir='ltr'><em>ἀπήλλαξαν</em></span> <span class='ocrx_word' id='word_1_815' title='bbox 3430 3585 3594 3640; x_wconf 89' lang='grc' dir='ltr'><em>αὐτὸν</em></span> <span class='ocrx_word' id='word_1_816' title='bbox 3634 3604 3762 3639; x_wconf 85' lang='grc' dir='ltr'><em>συν-</em></span> 
     </span>
    </p>
   </div>
   <div class='ocr_carea' id='block_1_103' title="bbox 2083 3668 3764 3743">
    <p class='ocr_par' dir='ltr' id='par_1_103' title="bbox 2083 3668 3764 3743">
     <span class='ocr_line' id='line_1_103' title="bbox 2083 3668 3764 3743; baseline 0.001 -18"><span class='ocrx_word' id='word_1_817' title='bbox 2083 3668 2379 3725; x_wconf 87' lang='grc' dir='ltr'><em>οικούντων</em></span> <span class='ocrx_word' id='word_1_818' title='bbox 2424 3669 2660 3743; x_wconf 85' lang='grc' dir='ltr'><em>ἐχθρῶν,</em></span> <span class='ocrx_word' id='word_1_819' title='bbox 2708 3672 2906 3740; x_wconf 86' lang='grc' dir='ltr'><em>φθόνου</em></span> <span class='ocrx_word' id='word_1_820' title='bbox 2937 3672 3032 3727; x_wconf 81' lang='grc' dir='ltr'><em>καὶ</em></span> <span class='ocrx_word' id='word_1_821' title='bbox 3072 3672 3372 3743; x_wconf 81' lang='grc' dir='ltr'><em>βασκανίας</em></span> <span class='ocrx_word' id='word_1_822' title='bbox 3395 3673 3615 3743; x_wconf 81' lang='grc' dir='ltr'><em>πολλῆς,</em></span> <span class='ocrx_word' id='word_1_823' title='bbox 3642 3674 3764 3726; x_wconf 84' lang='grc' dir='ltr'><em>ἐπι-</em></span> 
     </span>
    </p>
   </div>
   <div class='ocr_carea' id='block_1_104' title="bbox 2087 3750 3764 3828">
    <p class='ocr_par' dir='ltr' id='par_1_104' title="bbox 2087 3750 3764 3828">
     <span class='ocr_line' id='line_1_104' title="bbox 2087 3750 3764 3828; baseline 0.004 -24"><span class='ocrx_word' id='word_1_824' title='bbox 2087 3750 2288 3821; x_wconf 81' lang='grc' dir='ltr'><em>ϐουλῆς</em></span> <span class='ocrx_word' id='word_1_825' title='bbox 2342 3753 2741 3827; x_wconf 85' lang='grc' dir='ltr'><em>καθημερινῆς,</em></span> <span class='ocrx_word' id='word_1_826' title='bbox 2801 3755 3024 3827; x_wconf 85' lang='grc' dir='ltr'><em>μακρὰν</em></span> <span class='ocrx_word' id='word_1_827' title='bbox 3076 3757 3424 3828; x_wconf 75' lang='grc' dir='ltr'><em>κατέστησαν</em></span> <span class='ocrx_word' id='word_1_828' title='bbox 3469 3757 3632 3810; x_wconf 85' lang='grc' dir='ltr'><em>αὐτὸν</em></span> <span class='ocrx_word' id='word_1_829' title='bbox 3652 3757 3764 3810; x_wconf 85' lang='grc' dir='ltr'><em>τῶν</em></span> 
     </span>
    </p>
   </div>
   <div class='ocr_carea' id='block_1_105' title="bbox 2089 3839 3763 3916">
    <p class='ocr_par' dir='ltr' id='par_1_105' title="bbox 2089 3839 3763 3916">
     <span class='ocr_line' id='line_1_105' title="bbox 2089 3839 3763 3916; baseline 0.002 -23"><span class='ocrx_word' id='word_1_830' title='bbox 2089 3840 2408 3911; x_wconf 89' lang='grc' dir='ltr'><em>μισούντων.</em></span> <span class='ocrx_word' id='word_1_831' title='bbox 2438 3839 2502 3895; x_wconf 89' lang='grc' dir='ltr'><em>Τί</em></span> <span class='ocrx_word' id='word_1_832' title='bbox 2546 3841 2655 3914; x_wconf 83' lang='grc' dir='ltr'><em>γὰρ</em></span> <span class='ocrx_word' id='word_1_833' title='bbox 2704 3843 2898 3895; x_wconf 85' lang='grc' dir='ltr'><em>τούτου</em></span> <span class='ocrx_word' id='word_1_834' title='bbox 2952 3846 3154 3916; x_wconf 85' lang='grc' dir='ltr'><em>χεῖρον,</em></span> <span class='ocrx_word' id='word_1_835' title='bbox 3205 3843 3335 3899; x_wconf 82' lang='grc' dir='ltr'><em>ὅταν</em></span> <span class='ocrx_word' id='word_1_836' title='bbox 3380 3861 3465 3907; x_wconf 88' lang='grc' dir='ltr'><em>τις</em></span> <span class='ocrx_word' id='word_1_837' title='bbox 3513 3843 3763 3915; x_wconf 86' lang='grc' dir='ltr'><em>ἀδελφοῖς</em></span> 
     </span>
    </p>
   </div>
   <div class='ocr_carea' id='block_1_106' title="bbox 2092 3928 3758 4005">
    <p class='ocr_par' dir='ltr' id='par_1_106' title="bbox 2092 3928 3758 4005">
     <span class='ocr_line' id='line_1_106' title="bbox 2092 3928 3758 4005; baseline 0.002 -22"><span class='ocrx_word' id='word_1_838' title='bbox 2092 3928 2348 3998; x_wconf 82' lang='grc' dir='ltr'><em>φθονοῦσι</em></span> <span class='ocrx_word' id='word_1_839' title='bbox 2372 3934 2641 3987; x_wconf 84' lang='grc' dir='ltr'><em>συνοικεῖν</em></span> <span class='ocrx_word' id='word_1_840' title='bbox 2697 3931 3092 4002; x_wconf 79' lang='grc' dir='ltr'><em>ἀναγκάζηται,</em></span> <span class='ocrx_word' id='word_1_841' title='bbox 3151 3931 3281 3987; x_wconf 80' lang='grc' dir='ltr'><em>ὅταν</em></span> <span class='ocrx_word' id='word_1_842' title='bbox 3324 3932 3404 3987; x_wconf 89' lang='grc' dir='ltr'><em>δι’</em></span> <span class='ocrx_word' id='word_1_843' title='bbox 3431 3931 3668 4003; x_wconf 81' lang='grc' dir='ltr'><em>ὑποψίας</em></span> <span class='ocrx_word' id='word_1_844' title='bbox 3701 3929 3758 4005; x_wconf 79' lang='grc' dir='ltr'><em>ᾖ,</em></span> 
     </span>
    </p>
   </div>
   <div class='ocr_carea' id='block_1_107' title="bbox 2086 4013 3761 4091">
    <p class='ocr_par' dir='ltr' id='par_1_107' title="bbox 2086 4013 3761 4091">
     <span class='ocr_line' id='line_1_107' title="bbox 2086 4013 3761 4091; baseline 0.001 -21"><span class='ocrx_word' id='word_1_845' title='bbox 2086 4017 2214 4070; x_wconf 86' lang='grc' dir='ltr'><em>ὅταν</em></span> <span class='ocrx_word' id='word_1_846' title='bbox 2240 4017 2693 4089; x_wconf 75' lang='grc' dir='ltr'><em>ἐπιϐουλεύηταις</em></span> <span class='ocrx_word' id='word_1_847' title='bbox 2727 4019 2892 4073; x_wconf 79' lang='grc' dir='ltr'><em>Ὥστε</em></span> <span class='ocrx_word' id='word_1_848' title='bbox 2920 4019 3090 4091; x_wconf 76' lang='grc' dir='ltr'><em>ἔτερα</em></span> <span class='ocrx_word' id='word_1_849' title='bbox 3116 4019 3215 4090; x_wconf 85' lang='grc' dir='ltr'><em>μὲν</em></span> <span class='ocrx_word' id='word_1_850' title='bbox 3246 4019 3466 4074; x_wconf 78' lang='grc' dir='ltr'><em>ἐποίουν</em></span> <span class='ocrx_word' id='word_1_851' title='bbox 3499 4019 3595 4073; x_wconf 75' lang='grc' dir='ltr'><em>καὶ</em></span> <span class='ocrx_word' id='word_1_852' title='bbox 3615 4013 3761 4073; x_wconf 76' lang='grc' dir='ltr'><em>οὗτοι</em></span> 
     </span>
    </p>
   </div>
   <div class='ocr_carea' id='block_1_108' title="bbox 2087 4103 3744 4179">
    <p class='ocr_par' dir='ltr' id='par_1_108' title="bbox 2087 4103 3744 4179">
     <span class='ocr_line' id='line_1_108' title="bbox 2087 4103 3744 4179; baseline 0.003 -21"><span class='ocrx_word' id='word_1_853' title='bbox 2087 4103 2334 4174; x_wconf 87' lang='grc' dir='ltr'><em>κάκείνη,</em></span> <span class='ocrx_word' id='word_1_854' title='bbox 2364 4105 2527 4175; x_wconf 79' lang='grc' dir='ltr'><em>ἐτερα</em></span> <span class='ocrx_word' id='word_1_855' title='bbox 2558 4106 2615 4159; x_wconf 85' lang='grc' dir='ltr'><em>δὲ</em></span> <span class='ocrx_word' id='word_1_856' title='bbox 2650 4106 2988 4179; x_wconf 83' lang='grc' dir='ltr'><em>ᾠκονομεῖτο</em></span> <span class='ocrx_word' id='word_1_857' title='bbox 3023 4106 3167 4178; x_wconf 83' lang='grc' dir='ltr'><em>ὑπὲρ</em></span> <span class='ocrx_word' id='word_1_858' title='bbox 3216 4107 3312 4161; x_wconf 86' lang='grc' dir='ltr'><em>τοῦ</em></span> <span class='ocrx_word' id='word_1_859' title='bbox 3349 4108 3559 4162; x_wconf 87' lang='grc' dir='ltr'><em>δικαίου</em></span> <span class='ocrx_word' id='word_1_860' title='bbox 3589 4108 3744 4179; x_wconf 56' lang='lat' dir='ltr'><em>p.376-</em></span> 
     </span>
    </p>
   </div>
   <div class='ocr_carea' id='block_1_109' title="bbox 2085 4189 3758 4268">
    <p class='ocr_par' dir='ltr' id='par_1_109' title="bbox 2085 4189 3758 4268">
     <span class='ocr_line' id='line_1_109' title="bbox 2085 4189 3758 4268; baseline 0.003 -24"><span class='ocrx_word' id='word_1_861' title='bbox 2085 4191 2173 4248; x_wconf 87' lang='grc' dir='ltr'><em>λα.</em></span> <span class='ocrx_word' id='word_1_862' title='bbox 2202 4192 2331 4246; x_wconf 87' lang='grc' dir='ltr'><em>Ὅτε</em></span> <span class='ocrx_word' id='word_1_863' title='bbox 2362 4189 2431 4265; x_wconf 78' lang='grc' dir='ltr'><em>ἦν</em></span> <span class='ocrx_word' id='word_1_864' title='bbox 2458 4195 2514 4247; x_wconf 88' lang='grc' dir='ltr'><em>ἐν</em></span> <span class='ocrx_word' id='word_1_865' title='bbox 2530 4197 2682 4266; x_wconf 80' lang='grc' dir='ltr'><em>τιμῇ,</em></span> <span class='ocrx_word' id='word_1_866' title='bbox 2717 4195 2839 4248; x_wconf 89' lang='grc' dir='ltr'><em>τότε</em></span> <span class='ocrx_word' id='word_1_867' title='bbox 2882 4190 2951 4267; x_wconf 80' lang='grc' dir='ltr'><em>ἦν</em></span> <span class='ocrx_word' id='word_1_868' title='bbox 2967 4196 3023 4248; x_wconf 84' lang='grc' dir='ltr'><em>ἐν</em></span> <span class='ocrx_word' id='word_1_869' title='bbox 3043 4195 3272 4266; x_wconf 86' lang='grc' dir='ltr'><em>κινδύνῳ</em></span> <span class='ocrx_word' id='word_1_870' title='bbox 3307 4213 3321 4227; x_wconf 81' lang='grc'><em>’</em></span> <span class='ocrx_word' id='word_1_871' title='bbox 3353 4197 3442 4250; x_wconf 83' lang='grc' dir='ltr'><em>ὅτε</em></span> <span class='ocrx_word' id='word_1_872' title='bbox 3460 4191 3529 4268; x_wconf 78' lang='grc' dir='ltr'><em>ἦν</em></span> <span class='ocrx_word' id='word_1_873' title='bbox 3562 4198 3621 4251; x_wconf 88' lang='grc' dir='ltr'><em>ἐν</em></span> <span class='ocrx_word' id='word_1_874' title='bbox 3641 4196 3758 4250; x_wconf 84' lang='grc' dir='ltr'><em>ἀτι-</em></span> 
     </span>
    </p>
   </div>
   <div class='ocr_carea' id='block_1_110' title="bbox 2090 4276 3760 4355">
    <p class='ocr_par' dir='ltr' id='par_1_110' title="bbox 2090 4276 3760 4355">
     <span class='ocr_line' id='line_1_110' title="bbox 2090 4276 3760 4355; baseline 0.002 -22"><span class='ocrx_word' id='word_1_875' title='bbox 2090 4280 2188 4351; x_wconf 84' lang='grc' dir='ltr'><em>μίᾳ</em></span> <span class='ocrx_word' id='word_1_876' title='bbox 2219 4279 2272 4345; x_wconf 74' lang='grc' dir='ltr'><em>τι,</em></span> <span class='ocrx_word' id='word_1_877' title='bbox 2300 4280 2423 4334; x_wconf 87' lang='grc' dir='ltr'><em>τότε</em></span> <span class='ocrx_word' id='word_1_878' title='bbox 2448 4276 2515 4350; x_wconf 74' lang='grc' dir='ltr'><em>ἦν</em></span> <span class='ocrx_word' id='word_1_879' title='bbox 2537 4284 2595 4336; x_wconf 76' lang='grc' dir='ltr'><em>ἐν</em></span> <span class='ocrx_word' id='word_1_880' title='bbox 2639 4282 2912 4355; x_wconf 82' lang='grc' dir='ltr'><em>ἀσφαλείᾳ</em></span> <span class='ocrx_word' id='word_1_881' title='bbox 2938 4300 2952 4314; x_wconf 86' lang='grc'><strong>·</strong></span> <span class='ocrx_word' id='word_1_882' title='bbox 2992 4282 3091 4337; x_wconf 87' lang='grc' dir='ltr'><em>οὐκ</em></span> <span class='ocrx_word' id='word_1_883' title='bbox 3121 4283 3489 4354; x_wconf 75' lang='grc' dir='ltr'><em>ἐμνημόνευον</em></span> <span class='ocrx_word' id='word_1_884' title='bbox 3518 4282 3680 4337; x_wconf 88' lang='grc' dir='ltr'><em>αὐτοῦ</em></span> <span class='ocrx_word' id='word_1_885' title='bbox 3708 4283 3760 4336; x_wconf 78' lang='grc' dir='ltr'><em>οἱ</em></span> 
     </span>
    </p>
   </div>
   <div class='ocr_carea' id='block_1_111' title="bbox 2095 4366 3759 4442">
    <p class='ocr_par' dir='ltr' id='par_1_111' title="bbox 2095 4366 3759 4442">
     <span class='ocr_line' id='line_1_111' title="bbox 2095 4366 3759 4442; baseline 0.002 -23"><span class='ocrx_word' id='word_1_886' title='bbox 2095 4366 2340 4438; x_wconf 87' lang='grc' dir='ltr'><em>εὐνοῦχοι</em></span> <span class='ocrx_word' id='word_1_887' title='bbox 2379 4387 2391 4398; x_wconf 94' lang='grc'><strong>·</strong></span> <span class='ocrx_word' id='word_1_888' title='bbox 2439 4369 2533 4421; x_wconf 74' lang='grc' dir='ltr'><em>καὶ</em></span> <span class='ocrx_word' id='word_1_889' title='bbox 2579 4369 2778 4436; x_wconf 85' lang='grc' dir='ltr'><em>καλῶς,</em></span> <span class='ocrx_word' id='word_1_890' title='bbox 2841 4369 2929 4423; x_wconf 78' lang='grc' dir='ltr'><em>ἵνα</em></span> <span class='ocrx_word' id='word_1_891' title='bbox 2978 4369 3338 4442; x_wconf 80' lang='grc' dir='ltr'><em>λαμπροτέρα</em></span> <span class='ocrx_word' id='word_1_892' title='bbox 3388 4369 3612 4439; x_wconf 82' lang='grc' dir='ltr'><em>γένηται</em></span> <span class='ocrx_word' id='word_1_893' title='bbox 3659 4369 3759 4439; x_wconf 84' lang='grc' dir='ltr'><em>τῆς</em></span> 
     </span>
    </p>
   </div>
   <div class='ocr_carea' id='block_1_112' title="bbox 2085 4452 3761 4529">
    <p class='ocr_par' dir='ltr' id='par_1_112' title="bbox 2085 4452 3761 4529">
     <span class='ocr_line' id='line_1_112' title="bbox 2085 4452 3761 4529; baseline 0.002 -23"><span class='ocrx_word' id='word_1_894' title='bbox 2085 4452 2271 4518; x_wconf 78' lang='grc' dir='ltr'><em>ἐξόδου</em></span> <span class='ocrx_word' id='word_1_895' title='bbox 2321 4455 2356 4524; x_wconf 79' lang='grc' dir='ltr'>ὴ</span> <span class='ocrx_word' id='word_1_896' title='bbox 2401 4454 2657 4519; x_wconf 85' lang='grc' dir='ltr'><em>ὑπόθεσις</em></span> <span class='ocrx_word' id='word_1_897' title='bbox 2687 4470 2702 4486; x_wconf 74' lang='grc' dir='ltr'><strong><em>ο</em></strong></span> <span class='ocrx_word' id='word_1_898' title='bbox 2740 4456 2826 4509; x_wconf 79' lang='grc' dir='ltr'><em>ἵνα</em></span> <span class='ocrx_word' id='word_1_899' title='bbox 2874 4455 2948 4529; x_wconf 82' lang='grc' dir='ltr'><em>μὴ</em></span> <span class='ocrx_word' id='word_1_900' title='bbox 3001 4456 3186 4529; x_wconf 86' lang='grc' dir='ltr'><em>χάριτι</em></span> <span class='ocrx_word' id='word_1_901' title='bbox 3246 4454 3581 4528; x_wconf 81' lang='grc' dir='ltr'><em>ἀνθρωπίνῃ,</em></span> <span class='ocrx_word' id='word_1_902' title='bbox 3629 4454 3761 4510; x_wconf 79' lang='grc' dir='ltr'><em>ἀλλ’</em></span> 
     </span>
    </p>
   </div>
   <div class='ocr_carea' id='block_1_113' title="bbox 2085 4540 3756 4614">
    <p class='ocr_par' dir='ltr' id='par_1_113' title="bbox 2085 4540 3756 4614">
     <span class='ocr_line' id='line_1_113' title="bbox 2085 4540 3756 4614; baseline 0.001 -20"><span class='ocrx_word' id='word_1_903' title='bbox 2085 4541 2367 4613; x_wconf 80' lang='grc' dir='ltr'><em>οἰκονομίᾳ</em></span> <span class='ocrx_word' id='word_1_904' title='bbox 2410 4541 2533 4614; x_wconf 78' lang='grc' dir='ltr'><em>θείᾳ</em></span> <span class='ocrx_word' id='word_1_905' title='bbox 2578 4543 2639 4595; x_wconf 85' lang='grc' dir='ltr'><em>τὸ</em></span> <span class='ocrx_word' id='word_1_906' title='bbox 2684 4544 2791 4597; x_wconf 74' lang='grc' dir='ltr'><em>πᾶν</em></span> <span class='ocrx_word' id='word_1_907' title='bbox 2836 4542 3117 4614; x_wconf 80' lang='grc' dir='ltr'><em>λογίζηται</em></span> <span class='ocrx_word' id='word_1_908' title='bbox 3160 4559 3173 4573; x_wconf 86' lang='grc'>·</span> <span class='ocrx_word' id='word_1_909' title='bbox 3209 4544 3298 4598; x_wconf 75' lang='grc' dir='ltr'><em>ἵνα</em></span> <span class='ocrx_word' id='word_1_910' title='bbox 3348 4543 3622 4614; x_wconf 82' lang='grc' dir='ltr'><em>εὐκαίρως</em></span> <span class='ocrx_word' id='word_1_911' title='bbox 3676 4540 3756 4606; x_wconf 78' lang='grc' dir='ltr'><em>είς</em></span> 
     </span>
    </p>
   </div>
   <div class='ocr_carea' id='block_1_114' title="bbox 2084 4628 3755 4703">
    <p class='ocr_par' dir='ltr' id='par_1_114' title="bbox 2084 4628 3755 4703">
     <span class='ocr_line' id='line_1_114' title="bbox 2084 4628 3755 4703; baseline 0.001 -21"><span class='ocrx_word' id='word_1_912' title='bbox 2084 4628 2276 4700; x_wconf 78' lang='grc' dir='ltr'><em>χρείαν</em></span> <span class='ocrx_word' id='word_1_913' title='bbox 2298 4629 2576 4695; x_wconf 81' lang='grc' dir='ltr'><em>καταστὰς</em></span> <span class='ocrx_word' id='word_1_914' title='bbox 2618 4630 2861 4703; x_wconf 81' lang='grc' dir='ltr'><em>ἐξαγάγῃ</em></span> <span class='ocrx_word' id='word_1_915' title='bbox 2899 4648 2915 4663; x_wconf 77' lang='grc' dir='ltr'><em>ο</em></span> <span class='ocrx_word' id='word_1_916' title='bbox 2971 4631 3060 4687; x_wconf 80' lang='grc' dir='ltr'><em>ἵνα</em></span> <span class='ocrx_word' id='word_1_917' title='bbox 3126 4630 3201 4703; x_wconf 82' lang='grc' dir='ltr'><em>μὴ</em></span> <span class='ocrx_word' id='word_1_918' title='bbox 3254 4628 3583 4702; x_wconf 76' lang='grc' dir='ltr'><em>εὐεργετῶν,</em></span> <span class='ocrx_word' id='word_1_919' title='bbox 3623 4628 3755 4684; x_wconf 82' lang='grc' dir='ltr'><em>ἀλλ’</em></span> 
     </span>
    </p>
   </div>
   <div class='ocr_carea' id='block_1_115' title="bbox 2083 4716 3760 4790">
    <p class='ocr_par' dir='ltr' id='par_1_115' title="bbox 2083 4716 3760 4790">
     <span class='ocr_line' id='line_1_115' title="bbox 2083 4716 3760 4790; baseline 0.001 -21"><span class='ocrx_word' id='word_1_920' title='bbox 2083 4716 2542 4787; x_wconf 76' lang='grc' dir='ltr'><em>εὐεργετούμενος</em></span> <span class='ocrx_word' id='word_1_921' title='bbox 2584 4717 2749 4772; x_wconf 87' lang='grc' dir='ltr'><em>αὐτὸν</em></span> <span class='ocrx_word' id='word_1_922' title='bbox 2797 4718 3005 4790; x_wconf 82' lang='grc' dir='ltr'><em>ἐκϐάλῃ</em></span> <span class='ocrx_word' id='word_1_923' title='bbox 3057 4718 3151 4773; x_wconf 88' lang='grc' dir='ltr'><em>τοῦ</em></span> <span class='ocrx_word' id='word_1_924' title='bbox 3195 4717 3573 4790; x_wconf 87' lang='grc' dir='ltr'><em>δεσμωτηρίου</em></span> <span class='ocrx_word' id='word_1_925' title='bbox 3598 4718 3627 4771; x_wconf 87' lang='lat'><em>6</em></span> <span class='ocrx_word' id='word_1_926' title='bbox 3650 4717 3760 4770; x_wconf 70' lang='grc' dir='ltr'><em>Φαο</em></span> 
     </span>
    </p>
   </div>
   <div class='ocr_carea' id='block_1_116' title="bbox 2086 4803 3755 4877">
    <p class='ocr_par' dir='ltr' id='par_1_116' title="bbox 2086 4803 3755 4877">
     <span class='ocr_line' id='line_1_116' title="bbox 2086 4803 3755 4877; baseline 0 -20"><span class='ocrx_word' id='word_1_927' title='bbox 2086 4803 2221 4876; x_wconf 81' lang='grc' dir='ltr'><em>ραώ.</em></span> <span class='ocrx_word' id='word_1_928' title='bbox 2263 4804 2377 4858; x_wconf 90' lang='grc' dir='ltr'><em>Οὐκ</em></span> <span class='ocrx_word' id='word_1_929' title='bbox 2435 4804 2541 4858; x_wconf 81' lang='grc' dir='ltr'><em>ἔδει</em></span> <span class='ocrx_word' id='word_1_930' title='bbox 2586 4805 2773 4859; x_wconf 85' lang='grc' dir='ltr'><em>δοῦλον</em></span> <span class='ocrx_word' id='word_1_931' title='bbox 2829 4806 3085 4875; x_wconf 80' lang='grc' dir='ltr'><em>γενέσθαι</em></span> <span class='ocrx_word' id='word_1_932' title='bbox 3144 4806 3211 4860; x_wconf 84' lang='grc' dir='ltr'><em>τὸ</em></span> <span class='ocrx_word' id='word_1_933' title='bbox 3266 4805 3459 4877; x_wconf 87' lang='grc' dir='ltr'><em>δῶρον,</em></span> <span class='ocrx_word' id='word_1_934' title='bbox 3520 4804 3646 4859; x_wconf 84' lang='grc' dir='ltr'><em>ἀλλ’</em></span> <span class='ocrx_word' id='word_1_935' title='bbox 3674 4806 3755 4868; x_wconf 86' lang='grc' dir='ltr'><em>είς</em></span> 
     </span>
    </p>
   </div>
   <div class='ocr_carea' id='block_1_117' title="bbox 2083 4890 3758 4964">
    <p class='ocr_par' dir='ltr' id='par_1_117' title="bbox 2083 4890 3758 4964">
     <span class='ocr_line' id='line_1_117' title="bbox 2083 4890 3758 4964; baseline 0 -18"><span class='ocrx_word' id='word_1_936' title='bbox 2083 4891 2330 4960; x_wconf 81' lang='grc' dir='ltr'><em>ἀνάγκην</em></span> <span class='ocrx_word' id='word_1_937' title='bbox 2358 4893 2701 4959; x_wconf 80' lang='grc' dir='ltr'><em>καταστῆναι</em></span> <span class='ocrx_word' id='word_1_938' title='bbox 2738 4893 2829 4948; x_wconf 80' lang='grc' dir='ltr'><em>τὸν</em></span> <span class='ocrx_word' id='word_1_939' title='bbox 2864 4893 3090 4964; x_wconf 79' lang='grc' dir='ltr'><em>βασιλέα</em></span> <span class='ocrx_word' id='word_1_940' title='bbox 3123 4911 3138 4925; x_wconf 87' lang='grc'><strong>·</strong></span> <span class='ocrx_word' id='word_1_941' title='bbox 3171 4893 3280 4948; x_wconf 76' lang='grc' dir='ltr'><em>ἔδει</em></span> <span class='ocrx_word' id='word_1_942' title='bbox 3324 4891 3566 4963; x_wconf 78' lang='grc' dir='ltr'><em>φανερὰν</em></span> <span class='ocrx_word' id='word_1_943' title='bbox 3589 4890 3758 4947; x_wconf 83' lang='grc' dir='ltr'><em>αὐτοῦ</em></span> 
     </span>
    </p>
   </div>
   <div class='ocr_carea' id='block_1_118' title="bbox 2084 4977 3754 5050">
    <p class='ocr_par' dir='ltr' id='par_1_118' title="bbox 2084 4977 3754 5050">
     <span class='ocr_line' id='line_1_118' title="bbox 2084 4977 3754 5050; baseline 0.001 -18"><span class='ocrx_word' id='word_1_944' title='bbox 2084 4977 2335 5048; x_wconf 82' lang='grc' dir='ltr'><em>γενέσθαι</em></span> <span class='ocrx_word' id='word_1_945' title='bbox 2361 4982 2460 5048; x_wconf 76' lang='grc' dir='ltr'><em>τὴν</em></span> <span class='ocrx_word' id='word_1_946' title='bbox 2484 4981 2697 5050; x_wconf 84' lang='grc' dir='ltr'><em>σοφίαν.</em></span> <span class='ocrx_word' id='word_1_947' title='bbox 2755 4981 2855 5035; x_wconf 88' lang='grc' dir='ltr'><em>Διά</em></span> <span class='ocrx_word' id='word_1_948' title='bbox 2902 4980 3062 5034; x_wconf 87' lang='grc' dir='ltr'><em>τοῦτο</em></span> <span class='ocrx_word' id='word_1_949' title='bbox 3115 4979 3367 5035; x_wconf 85' lang='grc' dir='ltr'><em>λανθάνει</em></span> <span class='ocrx_word' id='word_1_950' title='bbox 3400 4982 3430 5034; x_wconf 89' lang='lat'><em>6</em></span> <span class='ocrx_word' id='word_1_951' title='bbox 3479 4977 3754 5050; x_wconf 82' lang='grc' dir='ltr'><em>εὐνοῦχος,</em></span> 
     </span>
    </p>
   </div>
   <div class='ocr_carea' id='block_1_119' title="bbox 2086 5066 3757 5140">
    <p class='ocr_par' dir='ltr' id='par_1_119' title="bbox 2086 5066 3757 5140">
     <span class='ocr_line' id='line_1_119' title="bbox 2086 5066 3757 5140; baseline -0.001 -19"><span class='ocrx_word' id='word_1_952' title='bbox 2086 5068 2173 5122; x_wconf 81' lang='grc' dir='ltr'><em>ἵνα</em></span> <span class='ocrx_word' id='word_1_953' title='bbox 2203 5066 2276 5138; x_wconf 82' lang='grc' dir='ltr'><em>μὴ</em></span> <span class='ocrx_word' id='word_1_954' title='bbox 2302 5067 2439 5140; x_wconf 80' lang='grc' dir='ltr'><em>λάθῃ</em></span> <span class='ocrx_word' id='word_1_955' title='bbox 2481 5069 2773 5137; x_wconf 69' lang='grc' dir='ltr'><em>Αἴγυπτος,</em></span> <span class='ocrx_word' id='word_1_956' title='bbox 2807 5069 2894 5122; x_wconf 64' lang='lat' dir='ltr'><em>Eva</em></span> <span class='ocrx_word' id='word_1_957' title='bbox 2947 5070 3022 5140; x_wconf 85' lang='grc' dir='ltr'><em>μὴ</em></span> <span class='ocrx_word' id='word_1_958' title='bbox 3061 5068 3308 5140; x_wconf 82' lang='grc' dir='ltr'><em>ἀγνοήσῃ</em></span> <span class='ocrx_word' id='word_1_959' title='bbox 3347 5068 3508 5122; x_wconf 82' lang='grc' dir='ltr'><em>αὐτὸν</em></span> <span class='ocrx_word' id='word_1_960' title='bbox 3533 5066 3562 5119; x_wconf 81' lang='grc' dir='ltr'><em>δ</em></span> <span class='ocrx_word' id='word_1_961' title='bbox 3608 5066 3757 5138; x_wconf 81' lang='grc' dir='ltr'><em>βασι-</em></span> 
     </span>
    </p>
   </div>
   <div class='ocr_carea' id='block_1_120' title="bbox 2082 5153 3758 5228">
    <p class='ocr_par' dir='ltr' id='par_1_120' title="bbox 2082 5153 3758 5228">
     <span class='ocr_line' id='line_1_120' title="bbox 2082 5153 3758 5228; baseline -0.001 -20"><span class='ocrx_word' id='word_1_962' title='bbox 2082 5154 2226 5218; x_wconf 88' lang='grc' dir='ltr'><em>λεύς.</em></span> <span class='ocrx_word' id='word_1_963' title='bbox 2258 5156 2319 5209; x_wconf 83' lang='grc' dir='ltr'><em>Εί</em></span> <span class='ocrx_word' id='word_1_964' title='bbox 2348 5157 2471 5210; x_wconf 90' lang='grc' dir='ltr'><em>τότε</em></span> <span class='ocrx_word' id='word_1_965' title='bbox 2495 5157 2782 5228; x_wconf 74' lang='grc' dir='ltr'><em>ἐξηνέχθη,</em></span> <span class='ocrx_word' id='word_1_966' title='bbox 2815 5157 2946 5221; x_wconf 76' lang='grc' dir='ltr'><em>ἴσως</em></span> <span class='ocrx_word' id='word_1_967' title='bbox 2982 5157 3049 5211; x_wconf 83' lang='grc' dir='ltr'><em>ἂν</em></span> <span class='ocrx_word' id='word_1_968' title='bbox 3077 5158 3173 5211; x_wconf 81' lang='grc' dir='ltr'><em>καὶ</em></span> <span class='ocrx_word' id='word_1_969' title='bbox 3220 5156 3569 5227; x_wconf 78' lang='grc' dir='ltr'><em>ἐπεθύμησεν</em></span> <span class='ocrx_word' id='word_1_970' title='bbox 3593 5153 3758 5209; x_wconf 78' lang='grc' dir='ltr'><em>ἀπελο</em></span> 
     </span>
    </p>
   </div>
   <div class='ocr_carea' id='block_1_121' title="bbox 2084 5242 3753 5317">
    <p class='ocr_par' dir='ltr' id='par_1_121' title="bbox 2084 5242 3753 5317">
     <span class='ocr_line' id='line_1_121' title="bbox 2084 5242 3753 5317; baseline 0.001 -22"><span class='ocrx_word' id='word_1_971' title='bbox 2084 5242 2198 5295; x_wconf 85' lang='grc' dir='ltr'><em>θεῖν</em></span> <span class='ocrx_word' id='word_1_972' title='bbox 2242 5247 2323 5308; x_wconf 85' lang='grc' dir='ltr'><em>είς</em></span> <span class='ocrx_word' id='word_1_973' title='bbox 2345 5244 2442 5316; x_wconf 76' lang='grc' dir='ltr'><em>τὴν</em></span> <span class='ocrx_word' id='word_1_974' title='bbox 2477 5245 2642 5299; x_wconf 88' lang='grc' dir='ltr'><em>αὐτοῦ</em></span> <span class='ocrx_word' id='word_1_975' title='bbox 2676 5262 2693 5279; x_wconf 75' lang='grc'><em>’</em></span> <span class='ocrx_word' id='word_1_976' title='bbox 2724 5245 2815 5300; x_wconf 81' lang='grc' dir='ltr'><em>διὰ</em></span> <span class='ocrx_word' id='word_1_977' title='bbox 2860 5245 3019 5300; x_wconf 83' lang='grc' dir='ltr'><em>τοῦτο</em></span> <span class='ocrx_word' id='word_1_978' title='bbox 3054 5245 3282 5317; x_wconf 89' lang='grc' dir='ltr'><em>μυρίαις</em></span> <span class='ocrx_word' id='word_1_979' title='bbox 3321 5245 3590 5314; x_wconf 87' lang='grc' dir='ltr'><em>ἀνάγκαις</em></span> <span class='ocrx_word' id='word_1_980' title='bbox 3618 5258 3753 5297; x_wconf 81' lang='grc' dir='ltr'><em>κατ-</em></span> 
     </span>
    </p>
   </div>
   <div class='ocr_carea' id='block_1_122' title="bbox 2083 5332 3748 5408">
    <p class='ocr_par' dir='ltr' id='par_1_122' title="bbox 2083 5332 3748 5408">
     <span class='ocr_line' id='line_1_122' title="bbox 2083 5332 3748 5408; baseline 0.007 -22"><span class='ocrx_word' id='word_1_981' title='bbox 2083 5334 2289 5404; x_wconf 81' lang='grc' dir='ltr'><em>ἐχεται,</em></span> <span class='ocrx_word' id='word_1_982' title='bbox 2318 5335 2535 5405; x_wconf 82' lang='grc' dir='ltr'><em>πρῶτον</em></span> <span class='ocrx_word' id='word_1_983' title='bbox 2558 5339 2622 5407; x_wconf 79' lang='grc' dir='ltr'><em>τῇ</em></span> <span class='ocrx_word' id='word_1_984' title='bbox 2650 5336 2960 5408; x_wconf 76' lang='grc' dir='ltr'><em>δεσποτεία,</em></span> <span class='ocrx_word' id='word_1_985' title='bbox 2984 5336 3240 5407; x_wconf 85' lang='grc' dir='ltr'><em>δεύτερον</em></span> <span class='ocrx_word' id='word_1_986' title='bbox 3265 5334 3345 5405; x_wconf 84' lang='grc' dir='ltr'><em>τῷ</em></span> <span class='ocrx_word' id='word_1_987' title='bbox 3368 5332 3748 5406; x_wconf 63' lang='grc' dir='ltr'><em>δεσμωτηρίῳ,</em></span> 
     </span>
    </p>
   </div>
   <div class='ocr_carea' id='block_1_123' title="bbox 2080 5419 3752 5495">
    <p class='ocr_par' dir='ltr' id='par_1_123' title="bbox 2080 5419 3752 5495">
     <span class='ocr_line' id='line_1_123' title="bbox 2080 5419 3752 5495; baseline 0 -22"><span class='ocrx_word' id='word_1_988' title='bbox 2080 5420 2265 5492; x_wconf 84' lang='grc' dir='ltr'><em>τρίτον</em></span> <span class='ocrx_word' id='word_1_989' title='bbox 2287 5423 2345 5475; x_wconf 81' lang='grc' dir='ltr'><em>ἐν</em></span> <span class='ocrx_word' id='word_1_990' title='bbox 2366 5425 2433 5494; x_wconf 80' lang='grc' dir='ltr'><em>τῇ</em></span> <span class='ocrx_word' id='word_1_991' title='bbox 2471 5422 2741 5495; x_wconf 83' lang='grc' dir='ltr'><em>βασιλείᾳ,</em></span> <span class='ocrx_word' id='word_1_992' title='bbox 2772 5423 2860 5478; x_wconf 76' lang='grc' dir='ltr'><em>ἵνα</em></span> <span class='ocrx_word' id='word_1_993' title='bbox 2881 5422 3058 5477; x_wconf 88' lang='grc' dir='ltr'><em>ταῦτα</em></span> <span class='ocrx_word' id='word_1_994' title='bbox 3088 5420 3444 5492; x_wconf 77' lang='grc' dir='ltr'><em>οίκονομηθῇ.</em></span> <span class='ocrx_word' id='word_1_995' title='bbox 3483 5419 3752 5491; x_wconf 75' lang='grc' dir='ltr'><em>Καθάπερ</em></span> 
     </span>
    </p>
   </div>
   <div class='ocr_carea' id='block_1_124' title="bbox 2082 5503 3750 5582">
    <p class='ocr_par' dir='ltr' id='par_1_124' title="bbox 2082 5503 3750 5582">
     <span class='ocr_line' id='line_1_124' title="bbox 2082 5503 3750 5582; baseline 0.001 -21"><span class='ocrx_word' id='word_1_996' title='bbox 2082 5503 2173 5561; x_wconf 85' lang='grc' dir='ltr'><em>οῦν</em></span> <span class='ocrx_word' id='word_1_997' title='bbox 2202 5526 2322 5562; x_wconf 84' lang='grc' dir='ltr'><em>τινα</em></span> <span class='ocrx_word' id='word_1_998' title='bbox 2377 5512 2621 5577; x_wconf 83' lang='grc' dir='ltr'><em>γενναῖον</em></span> <span class='ocrx_word' id='word_1_999' title='bbox 2661 5511 2839 5566; x_wconf 80' lang='grc' dir='ltr'><em>πῶλον</em></span> <span class='ocrx_word' id='word_1_1000' title='bbox 2880 5511 3191 5582; x_wconf 81' lang='grc' dir='ltr'><em>ἐκπηδῆσαι</em></span> <span class='ocrx_word' id='word_1_1001' title='bbox 3241 5508 3563 5580; x_wconf 80' lang='grc' dir='ltr'><em>βουλόμενον</em></span> <span class='ocrx_word' id='word_1_1002' title='bbox 3612 5505 3750 5580; x_wconf 79' lang='grc' dir='ltr'><em>πρὸς</em></span> 
     </span>
    </p>
   </div>
   <div class='ocr_carea' id='block_1_125' title="bbox 2083 5595 3747 5668">
    <p class='ocr_par' dir='ltr' id='par_1_125' title="bbox 2083 5595 3747 5668">
     <span class='ocr_line' id='line_1_125' title="bbox 2083 5595 3747 5668; baseline 0.001 -21"><span class='ocrx_word' id='word_1_1003' title='bbox 2083 5595 2210 5659; x_wconf 82' lang='grc' dir='ltr'><em>τοὺς</em></span> <span class='ocrx_word' id='word_1_1004' title='bbox 2234 5595 2421 5662; x_wconf 81' lang='grc' dir='ltr'><em>αὐτοῦ,</em></span> <span class='ocrx_word' id='word_1_1005' title='bbox 2450 5600 2702 5668; x_wconf 79' lang='grc' dir='ltr'><em>κατεῖχεν</em></span> <span class='ocrx_word' id='word_1_1006' title='bbox 2732 5598 2761 5651; x_wconf 89' lang='grc' dir='ltr'><em>δ</em></span> <span class='ocrx_word' id='word_1_1007' title='bbox 2804 5597 2937 5665; x_wconf 76' lang='grc' dir='ltr'><em>Θεὸς</em></span> <span class='ocrx_word' id='word_1_1008' title='bbox 2987 5600 3107 5653; x_wconf 78' lang='grc' dir='ltr'><em>ἐκεῖ</em></span> <span class='ocrx_word' id='word_1_1009' title='bbox 3167 5598 3255 5652; x_wconf 82' lang='grc' dir='ltr'><em>δι”</em></span> <span class='ocrx_word' id='word_1_1010' title='bbox 3275 5597 3468 5650; x_wconf 83' lang='grc' dir='ltr'><em>αίτιῶν</em></span> <span class='ocrx_word' id='word_1_1011' title='bbox 3499 5595 3747 5661; x_wconf 82' lang='grc' dir='ltr'><em>ἐνδόξων.</em></span> 
     </span>
    </p>
   </div>
   <div class='ocr_carea' id='block_1_126' title="bbox 2084 5681 3750 5757">
    <p class='ocr_par' dir='ltr' id='par_1_126' title="bbox 2084 5681 3750 5757">
     <span class='ocr_line' id='line_1_126' title="bbox 2084 5681 3750 5757; baseline 0.002 -23"><span class='ocrx_word' id='word_1_1012' title='bbox 2084 5681 2210 5735; x_wconf 87' lang='grc' dir='ltr'><em>Ὅτι</em></span> <span class='ocrx_word' id='word_1_1013' title='bbox 2236 5684 2345 5753; x_wconf 85' lang='grc' dir='ltr'><em>γὰρ</em></span> <span class='ocrx_word' id='word_1_1014' title='bbox 2382 5682 2646 5755; x_wconf 81' lang='grc' dir='ltr'><em>ἐπεθύμει</em></span> <span class='ocrx_word' id='word_1_1015' title='bbox 2668 5685 2760 5740; x_wconf 87' lang='grc' dir='ltr'><em>τὸν</em></span> <span class='ocrx_word' id='word_1_1016' title='bbox 2790 5685 3006 5757; x_wconf 85' lang='grc' dir='ltr'><em>πατέρα</em></span> <span class='ocrx_word' id='word_1_1017' title='bbox 3039 5685 3169 5739; x_wconf 80' lang='grc' dir='ltr'><em>ίδεῖν</em></span> <span class='ocrx_word' id='word_1_1018' title='bbox 3194 5685 3290 5740; x_wconf 73' lang='grc' dir='ltr'><em>καὶ</em></span> <span class='ocrx_word' id='word_1_1019' title='bbox 3326 5682 3632 5750; x_wconf 83' lang='grc' dir='ltr'><em>ἀπαλλάξαι</em></span> <span class='ocrx_word' id='word_1_1020' title='bbox 3651 5684 3750 5755; x_wconf 81' lang='grc' dir='ltr'><em>τῆς</em></span> 
     </span>
    </p>
   </div>
   <div class='ocr_carea' id='block_1_127' title="bbox 2081 5768 3299 5841">
    <p class='ocr_par' dir='ltr' id='par_1_127' title="bbox 2081 5768 3299 5841">
     <span class='ocr_line' id='line_1_127' title="bbox 2081 5768 3299 5841; baseline 0.003 -19"><span class='ocrx_word' id='word_1_1021' title='bbox 2081 5768 2294 5839; x_wconf 81' lang='grc' dir='ltr'><em>ὀδύνης,</em></span> <span class='ocrx_word' id='word_1_1022' title='bbox 2325 5770 2483 5841; x_wconf 80' lang='grc' dir='ltr'><em>δῆλον</em></span> <span class='ocrx_word' id='word_1_1023' title='bbox 2510 5773 2575 5826; x_wconf 84' lang='grc' dir='ltr'><em>ἐκ</em></span> <span class='ocrx_word' id='word_1_1024' title='bbox 2604 5771 2698 5826; x_wconf 88' lang='grc' dir='ltr'><em>τοῦ</em></span> <span class='ocrx_word' id='word_1_1025' title='bbox 2727 5772 2951 5827; x_wconf 81' lang='grc' dir='ltr'><em>καλέσαι</em></span> <span class='ocrx_word' id='word_1_1026' title='bbox 2976 5772 3139 5827; x_wconf 86' lang='grc' dir='ltr'><em>αὐτὸν</em></span> <span class='ocrx_word' id='word_1_1027' title='bbox 3164 5773 3299 5827; x_wconf 82' lang='grc' dir='ltr'><em>ἐκεῖ.</em></span> 
     </span>
    </p>
   </div>
   <div class='ocr_carea' id='block_1_128' title="bbox 2151 5854 3751 5933">
    <p class='ocr_par' dir='ltr' id='par_1_128' title="bbox 2151 5854 3751 5933">
     <span class='ocr_line' id='line_1_128' title="bbox 2151 5854 3751 5933; baseline 0.003 -25"><span class='ocrx_word' id='word_1_1028' title='bbox 2151 5854 2213 5910; x_wconf 83' lang='grc' dir='ltr'><em>δ’.</em></span> <span class='ocrx_word' id='word_1_1029' title='bbox 2245 5854 2509 5910; x_wconf 83' lang='grc' dir='ltr'><em>Βούλεσθε</em></span> <span class='ocrx_word' id='word_1_1030' title='bbox 2537 5858 2633 5911; x_wconf 67' lang='grc' dir='ltr'><em>καλ⁸</em></span> <span class='ocrx_word' id='word_1_1031' title='bbox 2659 5858 2851 5929; x_wconf 79' lang='grc' dir='ltr'><em>ἐτέρας</em></span> <span class='ocrx_word' id='word_1_1032' title='bbox 2885 5858 3085 5930; x_wconf 83' lang='grc' dir='ltr'><em>ῐδωμεν</em></span> <span class='ocrx_word' id='word_1_1033' title='bbox 3122 5858 3448 5925; x_wconf 84' lang='grc' dir='ltr'><em>ἐπιϐουλὰς,</em></span> <span class='ocrx_word' id='word_1_1034' title='bbox 3498 5859 3578 5913; x_wconf 83' lang='grc' dir='ltr'><em>ὅτι</em></span> <span class='ocrx_word' id='word_1_1035' title='bbox 3611 5858 3751 5933; x_wconf 60' lang='grc' dir='ltr'><em>ῦπαρ</em></span> 
     </span>
    </p>
   </div>
   <div class='ocr_carea' id='block_1_129' title="bbox 2141 5949 3486 6019">
    <p class='ocr_par' dir='ltr' id='par_1_129' title="bbox 2141 5949 3486 6019">
     <span class='ocr_line' id='line_1_129' title="bbox 2141 5949 3486 6019; baseline 0.005 -20"><span class='ocrx_word' id='word_1_1036' title='bbox 2141 5949 2165 5973; x_wconf 79' lang='grc'><strong>⁹</strong></span> <span class='ocrx_word' id='word_1_1037' title='bbox 2190 5949 2362 5999; x_wconf 64' lang='lat' dir='ltr'><em>ﬂore].</em></span> <span class='ocrx_word' id='word_1_1038' title='bbox 2380 5987 2395 6012; x_wconf 85' lang='lat'><strong>,</strong></span> <span class='ocrx_word' id='word_1_1039' title='bbox 2416 5953 2697 6016; x_wconf 84' lang='grc' dir='ltr'><em>καθαρῆναι,</em></span> <span class='ocrx_word' id='word_1_1040' title='bbox 2719 5954 2871 6003; x_wconf 73' lang='lat' dir='ltr'><strong>male.</strong></span> <span class='ocrx_word' id='word_1_1041' title='bbox 2953 5955 2980 5995; x_wconf 74' lang='grc' dir='ltr'><em>ιι</em></span> <span class='ocrx_word' id='word_1_1042' title='bbox 3002 5953 3201 6013; x_wconf 72' lang='lat' dir='ltr'><em>Morel.,</em></span> <span class='ocrx_word' id='word_1_1043' title='bbox 3226 5954 3274 6002; x_wconf 80' lang='grc' dir='ltr'><em>ἐν</em></span> <span class='ocrx_word' id='word_1_1044' title='bbox 3293 5952 3486 6019; x_wconf 71' lang='grc' dir='ltr'><em>ἀθυμίᾳ.</em></span> 
     </span>
    </p>
   </div>
  </div>
