4112 6422
381 136 411 161 ν

305 363 402 423 3H

304 486 441 542 rate,
470 483 527 531 ut
567 474 904 545 imponentes
948 472 1192 538 Paulum,
1235 472 1449 528 salvum
1501 473 1797 542 perducant
1822 474 1889 528 ad

302 568 541 623 Felicem
585 565 876 636 praesidem
916 563 1051 619 :26.
1104 565 1348 619 scribens
1396 566 1679 636 epistolam
1718 569 1895 623 conti~

300 670 523 718 nentem
563 659 678 713 haec
707 674 724 720 ;
753 656 1009 714 Claudius
1032 657 1222 729 Lysias
1246 658 1452 728 optimo
1477 660 1691 730 praesidi
1724 659 1890 716 Felici

298 753 549 809 salutem.
580 750 676 805 27.
705 749 891 805 Virum
936 749 1079 805 hunc
1129 752 1579 820 comprehensum
1607 768 1636 807 a
1665 752 1888 822 Judzeis,

295 857 352 903 et
398 845 744 914 incipientem
793 842 1024 899 interﬁci
1076 844 1144 899 ab
1198 845 1300 911 eis,
1350 847 1737 916 superveniens
1768 862 1888 902 cum

295 939 546 997 exercitu
603 937 806 1008 eripui,
849 937 1065 1008 cognito
1087 939 1229 1009 quod
1271 939 1549 996 Romanus
1575 949 1758 1003 esset;
1796 941 1887 998 28.

298 1033 592 1102 volensque
613 1030 754 1086 scire
783 1044 1023 1096 causam,
1048 1047 1205 1101 quam
1228 1032 1554 1103 objiciebant
1574 1033 1674 1101 illi,
1694 1034 1890 1089 deduxi

296 1141 422 1183 eum
450 1126 505 1180 in
533 1124 824 1180 concilium
854 1138 1065 1179 eorum.
1107 1124 1200 1180 29.
1235 1124 1405 1194 Quem
1451 1127 1695 1197 comperi
1726 1141 1886 1183 accu-

299 1219 407 1274 sari
446 1218 515 1273 de
549 1215 936 1287 quaestionibus
974 1215 1107 1286 legis
1152 1217 1389 1287 ipsorum
1416 1258 1431 1284 ,
1461 1217 1593 1272 nihil
1638 1233 1768 1273 vero
1804 1218 1885 1273 di-

298 1326 461 1383 gnum
493 1316 675 1365 morte
702 1316 795 1362 aut
821 1307 1051 1362 vinculis
1083 1308 1367 1365 habentem
1398 1309 1666 1366 criminis.
1701 1310 1791 1367 50.
1824 1310 1891 1365 Et

299 1418 418 1458 cum
445 1402 579 1456 mihi
630 1401 897 1471 perlatum
945 1410 1093 1457 esset
1120 1400 1189 1458 de
1223 1402 1467 1470 insidiis,
1501 1418 1635 1474 quas
1658 1419 1882 1475 parave-

301 1501 420 1548 rant
445 1493 519 1547 illi
549 1492 743 1558 Judazi,
791 1492 913 1546 misi
941 1507 1065 1547 eum
1086 1492 1155 1547 ad
1183 1502 1255 1559 te,
1298 1493 1616 1563 praecipiens
1662 1510 1888 1551 accusa-

301 1585 527 1648 toribus,
554 1594 612 1639 ut
630 1594 962 1654 quamontra
995 1583 1142 1639 illum
1170 1582 1389 1651 habent,
1413 1584 1596 1640 dicant
1624 1585 1763 1657 apud
1792 1595 1845 1641 te
1869 1602 1886 1640 :

309 1677 462 1733 Vale.
497 1696 515 1728 ε
550 1675 678 1732 Vide
720 1676 1003 1746 epistolam
1051 1692 1155 1745 qua
1204 1678 1320 1745 ipse
1355 1677 1681 1735 defenditur.
1713 1679 1890 1751 (Nihil

306 1771 472 1832 enim,
514 1769 695 1839 inquit,
728 1768 897 1823 inveni
944 1768 1154 1840 dignum
1191 1778 1352 1823 morte
1397 1769 1743 1840 habentem);
1792 1786 1886 1826 ac-

304 1862 627 1915 cusationem
670 1865 851 1914 autem
898 1860 1074 1931 potius
1119 1868 1305 1915 contra
1330 1861 1474 1929 illos,
1505 1876 1665 1931 quam
1696 1870 1885 1916 contra

301 1954 461 2014 hunc,
510 1949 599 2006 Sic
622 1950 773 2005 illum
801 1949 1153 2020 occidebant,
1176 1951 1271 2006 sed
1311 1951 1485 2022 primo
1503 1993 1520 2018 ,
1547 1952 1751 2022 inquit,
1776 1952 1885 2007 eri--

299 2044 386 2114 pui
415 2043 563 2097 illum
600 2057 725 2097 mox
755 2042 1181 2098 interﬁciendum
1218 2059 1249 2098 a
1281 2043 1497 2099 Judazis.
1535 2045 1735 2101 Deinde
1786 2045 1884 2100 ad-

299 2134 376 2188 dit
403 2149 418 2189 :
450 2132 655 2188 Deduxi
684 2148 796 2187 eum
824 2132 891 2186 ad
941 2132 1092 2199 illos;
1124 2143 1181 2189 et
1221 2149 1397 2205 neque
1441 2134 1521 2192 sic
1564 2135 1639 2190 illi
1685 2135 1884 2207 aliquid

296 2226 654 2284 accusandum
706 2227 1061 2283 habuerezet
1109 2244 1230 2283 cum
1274 2229 1601 2299 oportuisset
1653 2229 1776 2284 illos
1817 2244 1886 2285 ex

301 2319 463 2390 priori
492 2326 687 2374 conatu
740 2319 1004 2374 deterreri
1037 2328 1091 2374 et
1119 2320 1465 2386 erubescere,
1511 2335 1699 2375 rursus
1734 2321 1884 2376 occi-

294 2411 424 2466 dcre
450 2418 698 2476 tentant,
739 2419 797 2464 ut
838 2411 1036 2466 clarior
1079 2426 1242 2466 causa
1287 2412 1429 2467 illius
1455 2412 1669 2468 evadat.
1697 2412 1765 2468 Et
1787 2427 1885 2468 cur

296 2512 632 2559 accusatores
660 2503 822 2558 mittit
848 2504 870 2557 ?
900 2503 968 2560 Ut
1007 2504 1059 2558 in
1089 2503 1364 2569 tribunali,
1398 2505 1484 2560 ubi
1511 2503 1627 2560 hare
1665 2520 1884 2561 accura-

296 2597 398 2651 tius
417 2596 888 2661 examinabantur,
938 2596 1123 2651 insons
1149 2596 1538 2652 deciararetur.
1571 2596 1679 2653 Sed
1706 2612 1880 2668 supe—

293 2690 405 2745 rius
432 2689 573 2745 dicta
600 2698 929 2760 repetamus.
971 2689 1106 2761 Ego,
1151 2689 1343 2760 inquit,
1396 2688 1692 2745 Pharisteus
1737 2706 1871 2745 sum.

296 2785 405 2839 iloc
443 2783 600 2847 dixit,
623 2794 682 2838 ut
710 2783 834 2839 illos
879 2781 1193 2840 attraheret.
1225 2784 1463 2851 Deinde,
1508 2799 1576 2840 ne
1604 2784 1878 2853 videretur

294 2877 538 2944 adulari,
579 2875 761 2933 subdit
791 2893 805 2930 :
830 2875 908 2932 De
954 2892 1046 2947 spe
1097 2877 1528 2932 etresurrectioue
1569 2885 1884 2933 mortuorum

293 2985 385 3041 ego
409 2968 636 3038 iudicor.
666 2967 750 3023 Ab
772 2968 1115 3023 accusatione
1157 2977 1213 3024 et
1239 2968 1507 3023 calumnia
1549 2982 1738 3023 eorum
1762 2982 1884 3024 sese

291 3061 668 3129 commendat;
697 3061 977 3118 Sadducaei
1026 3076 1258 3132 namque
1279 3061 1466 3117 dicunt
1492 3075 1601 3117 non
1624 3075 1746 3117 esse
1771 3076 1873 3115 an-

289 3158 469 3229 gelum
495 3197 512 3223 ,
541 3169 717 3224 neque
760 3154 1030 3226 spiritum.
1083 3150 1229 3209 Nihil
1292 3154 1666 3225 incorporeum
1720 3167 1885 3226 agno-

288 3258 451 3306 scunt
502 3246 806 3315 Sadduemi,
833 3245 975 3302 forte
1030 3261 1203 3317 neque
1259 3246 1464 3312 Deum;
1509 3245 1648 3301 adeo
1701 3246 1879 3302 crassi

289 3352 446 3400 erant
473 3360 490 3400 :
519 3340 662 3399 unde
700 3355 876 3412 neque
918 3339 1372 3396 resurrectionem
1417 3338 1644 3395 credere
1669 3340 1882 3395 volunt.

298 3437 361 3491 Et
391 3443 675 3507 surgentes,
715 3432 905 3504 inquit,
951 3433 1131 3487 scribae
1169 3438 1233 3488 ex"
1267 3441 1411 3504 parte
1454 3430 1842 3487 Phariscorttm
1864 3472 1880 3499 ,

298 3525 595 3595 pugnabant
620 3524 838 3579 dicentes
864 3541 876 3578 :
910 3522 1060 3578 Nihil
1083 3524 1275 3577 malum
1298 3522 1582 3577 invenimus
1604 3522 1658 3576 in
1678 3522 1883 3577 homine

298 3622 417 3674 ista.

367 3713 423 3768 5.
451 3710 586 3767 Vide
612 3728 627 3767 :
651 3710 796 3767 audit
818 3708 1080 3781 tribunus,
1103 3710 1246 3782 quod
1277 3709 1532 3766 Pharisaei
1563 3709 1710 3765 illum
1731 3722 1761 3763 a
1781 3707 1888 3763 cri-

294 3806 441 3860 mine
482 3804 732 3872 liberent,
763 3814 818 3861 et
848 3821 943 3875 pro
969 3805 1064 3861 illo
1092 3804 1415 3861 sententiam
1462 3802 1621 3869 tulit,
1650 3816 1714 3858 ac
1760 3816 1883 3858 cum

264 3896 500 3966 -majore
547 3895 739 3950 ﬁducia
783 3895 1000 3966 abripit.
1056 3897 1132 3951 Ea
1180 3909 1343 3961 vero,
1375 3908 1497 3965 quae
1537 3892 1677 3950 dicta
1704 3902 1829 3948 sunt
1855 3907 1887 3947 a

297 3988 493 4053 Paulo,
523 3987 874 4059 philosophiae
896 3989 1050 4059 plena
1095 3996 1268 4043 erant.
1318 3985 1559 4057 Sequenti
1583 4001 1699 4040 vero
1745 3994 1889 4039 nocte

296 4079 501 4134 adstans
528 4080 608 4135 illi
635 4078 887 4134 Dominus
913 4080 1040 4135 dixit
1067 4096 1086 4135 :
1113 4078 1255 4133 Bono
1278 4079 1449 4133 animo
1494 4085 1600 4133 esto
1624 4117 1638 4144 ,
1671 4074 1839 4131 Paule
1867 4092 1887 4131 :

300 4180 353 4224 ut
382 4171 515 4225 enim
544 4170 839 4241 testiﬁcatus
867 4187 920 4226 es
947 4171 1071 4225 mihi
1092 4171 1148 4225 in
1174 4168 1465 4225 Jerusalem
1482 4211 1497 4236 ,
1528 4169 1602 4223 ita
1621 4178 1816 4240 oportet
1840 4179 1890 4222 te

297 4271 342 4315 et
368 4260 546 4317 Roma:
568 4262 853 4332 testificari.
908 4261 1043 4318 Vide
1089 4271 1285 4333 quanta
1339 4260 1681 4317 consolatio:
1716 4260 1891 4330 primo

298 4353 473 4409 laudat
494 4355 666 4419 illum;
689 4353 885 4411 deinde
907 4369 1013 4411 non
1030 4354 1157 4410 sinit
1170 4368 1291 4411 eum
1313 4353 1577 4409 occultam
1593 4351 1695 4407 sibi
1714 4351 1889 4407 adhuc

298 4445 525 4501 Romam
552 4445 945 4517 profectionem
971 4445 1264 4503 formidare
1289 4463 1307 4501 :
1332 4461 1398 4501 ac
1423 4446 1469 4502 si
1497 4445 1701 4502 diceret
1729 4463 1743 4500 :
1769 4444 1886 4500 Non

296 4536 460 4592 modo
487 4537 611 4592 illuc
638 4536 761 4602 ibis,
789 4536 887 4593 sed
914 4538 1075 4594 etiam
1102 4545 1250 4593 tanta
1273 4538 1440 4594 uteris
1466 4535 1718 4608 loquendi
1748 4534 1888 4590 ﬁdu-

291 4630 398 4684 cia.
431 4629 565 4685 ilinc
593 4645 724 4686 vero
746 4645 853 4685 non
872 4630 1176 4687 declaratur
1195 4631 1266 4698 ei,
1294 4629 1439 4701 quod
1466 4630 1648 4685 salvus
1677 4627 1889 4683 futurus

294 4724 386 4789 sit,
413 4722 506 4778 sed
532 4722 675 4794 quod
713 4725 766 4777 in
801 4738 995 4796 magna
1016 4724 1150 4781 urbe
1175 4739 1272 4796 pro
1298 4738 1490 4795 magna
1514 4736 1715 4779 corona
1740 4720 1890 4778 testi-

297 4811 549 4867 ﬁcaturus
583 4813 673 4870 sit.
702 4810 811 4868 Cur
836 4825 1015 4869 autem
1043 4830 1176 4883 non,
1200 4815 1513 4886 priusquam
1543 4813 1806 4869 incideret
1832 4813 1884 4867 in

298 4905 613 4975 periculum,
635 4907 880 4978 apparuit
907 4908 980 4963 illi
992 4907 1019 4961 ?
1036 4908 1169 4977 Quia
1189 4909 1332 4963 Deus
1349 4923 1567 4979 semper
1592 4908 1646 4962 in
1668 4906 1892 4963 tribula-

297 4998 532 5053 tionibus
558 4998 871 5054 consolatur
890 5000 909 5071 (
929 5008 1075 5055 tunc.
1098 5000 1243 5056 enim
1278 4998 1686 5056 desiderabilior
1722 5013 1890 5070 appa—

295 5091 438 5163 ret),
462 5099 520 5146 et
547 5091 600 5147 in
624 5091 877 5162 periculis
897 5106 998 5148 nos
1015 5100 1248 5149 exercet.
1276 5092 1528 5164 Alioquin
1554 5100 1735 5149 autem
1765 5101 1891 5149 tunc

297 5182 351 5236 in
381 5183 566 5253 quiete
611 5193 730 5240 erat
785 5184 923 5241 liber
950 5200 981 5239 a
1009 5185 1285 5241 vinculis:
1318 5200 1460 5240 nunc
1510 5194 1693 5241 autem
1742 5184 1891 5240 illum

295 5288 478 5344 gravia
499 5284 791 5345 exceptura
814 5284 988 5332 erant.
1017 5277 1150 5344 Quae
1170 5276 1456 5332 devenimus
1480 5293 1593 5341 nos,
1621 5276 1888 5346 inquiunt,

295 5380 399 5418 non
444 5365 756 5421 manducare
787 5383 947 5439 neque
985 5368 1170 5422 bibere.
1196 5367 1378 5438 Papae,
1409 5376 1608 5438 quanta
1651 5368 1888 5423 insania!

295 5457 429 5514 Sese
456 5458 785 5514 anathemati
811 5460 935 5516 sine
951 5460 1162 5516 ratione
1207 5460 1469 5515 obnoxios
1512 5458 1765 5515 reddunt.
1822 5457 1892 5514 Ut

296 5548 541 5616 deducat,
569 5551 834 5621 inquiunt.
865 5551 1012 5606 illum
1043 5551 1110 5604 ad
1132 5567 1236 5615 vos,
1268 5558 1323 5603 ut
1345 5552 1634 5604 accuratius
1656 5549 1890 5619 cognitu-

298 5656 385 5693 ros
408 5656 618 5695 causam
642 5643 772 5712 ejus.
815 5642 953 5710 Quid
978 5642 1150 5697 dicis?
1178 5657 1356 5696 annon
1383 5640 1467 5695 bis
1492 5640 1643 5696 vobis
1673 5644 1893 5697 concio-

298 5740 457 5786 natus
497 5731 615 5787 est?
666 5746 845 5786 annon
895 5732 1227 5787 Phariszuum
1274 5747 1334 5788 se
1375 5730 1550 5786 dixit?
1603 5747 1698 5787 cur
1750 5730 1894 5786 aliud

297 5824 567 5894 superﬂue
588 5822 860 5895 quaeritis?
891 5822 964 5879 Ita
996 5822 1128 5879 nihil
1162 5822 1491 5892 metuebant,
1519 5838 1629 5878 non
1652 5824 1891 5879 tribuna-

1301 361 1366 416 lN
1404 360 1583 417 ACTA
1622 360 2142 422 APOSTOLORUM.
2185 367 2411 426 HOMIL.
2452 372 2640 431 XLIX.

3487 391 3595 448 5&2

2006 478 2091 542 lia,
2120 496 2223 535 non
2244 482 2389 555 leges
2416 505 2427 540 ε
2456 487 2525 541 ita
2549 488 2678 543 nihil
2702 492 2841 561 apud
2871 493 2991 551 illos
3021 496 3335 556 intentatum
3365 518 3499 559 erat.
3530 510 3591 563 i-Zt

1998 576 2317 631 sententiam
2368 579 2640 649 inducunt,
2670 591 2727 638 et
2754 588 3021 643 actionem
3072 591 3411 649 denuntiant.
3464 596 3593 652 Cum

1997 666 2221 721 audisset
2242 680 2408 724 autent
2433 673 2573 742 [ilius
2596 678 2786 731 sororis
2810 676 2966 734 Pauli
2989 680 3221 739 insidias.
3268 686 3380 742 Hoc
3408 705 3475 744 ex
3504 690 3593 744 df-

1998 757 2119 811 vina
2145 758 2563 831 dispensatione,
2590 766 2732 835 quod
2752 770 3087 826 nescircntid
3104 775 3427 832 audiendum
3446 794 3592 836 esse.

2068 847 2226 904 Pauli
2261 852 2498 919 ﬁrmitas.
2520 884 2592 895 --
2610 856 2747 925 Quid
2778 873 2907 930 ergo
2934 860 3172 919 Paulus?
3200 864 3315 920 Non
3344 868 3587 925 turbatus

1996 948 2099 1003 est,
2132 940 2225 995 sed
2254 942 2513 1000 intellexit
2541 947 2780 1004 divinum
2812 966 2947 1020 opus
2968 968 3090 1009 esse
3115 972 3127 1007 :
3156 964 3213 1010 et
3242 965 3408 1012 totum
3443 959 3494 1012 in
3525 961 3589 1014 ii-

1997 1029 2105 1084 lum
2132 1033 2445 1105 conjicicns,
2476 1054 2542 1093 ex
2570 1055 2631 1095 ea
2664 1058 2726 1099 re
2745 1042 2973 1099 salutem
3001 1056 3189 1102 nactus
3217 1058 3320 1104 est.
3353 1051 3420 1105 Et
3446 1052 3588 1115 vide,

1997 1125 2265 1193 quomodo
2307 1128 2445 1184 Deus
2489 1131 2669 1186 omnia
2697 1133 2749 1186 in
2777 1134 2974 1190 bonum
3031 1138 3330 1206 provideat.
3364 1141 3592 1198 insidias

1997 1216 2204 1271 nuntiat
2228 1218 2561 1287 adolescens,
2594 1225 2856 1280 creditum
2883 1236 2965 1282 est
2989 1229 3060 1295 ci,
3086 1239 3140 1285 et
3165 1232 3242 1287 sic
3269 1242 3451 1302 postea
3477 1250 3591 1289 scr-

1995 1320 2154 1365 vatur
2194 1311 2413 1369 Paulus.
2452 1315 2521 1370 Et
2553 1317 2599 1371 si
2636 1333 2665 1370 a
2704 1331 2864 1374 causa
2894 1321 3014 1389 illa,
3047 1322 3278 1393 inquies,
3309 1326 3588 1382 absolutus

1995 1411 2097 1467 est,
2124 1418 2222 1458 cur
2247 1405 2510 1461 miserunt
2535 1418 2876 1465 accusatores
2894 1412 2917 1465 ἳ
2938 1411 3010 1469 Ut
3033 1417 3332 1471 accuratius
3360 1432 3586 1475 examen

1996 1492 2189 1561 ﬁeret;
2245 1506 2303 1551 ut
2352 1498 2524 1570 magis
2580 1499 2672 1555 ille
2726 1514 3065 1573 purgaretur.
3113 1505 3271 1562 Tales
3316 1518 3441 1562 sunt
3488 1509 3585 1565 Dei

1993 1586 2421 1657 dispensationcs
2450 1608 2465 1646 :
2497 1607 2562 1647 ex
2593 1594 2786 1665 quibus
2813 1596 3087 1667 laedimur,
3113 1614 3179 1655 ex
3216 1600 3281 1656 iis
3309 1602 3576 1671 jnvamur.

1993 1679 2071 1734 sic
2097 1690 2152 1735 et
2177 1680 2376 1752 Joseph
2405 1684 2612 1740 insidiis
2640 1686 3003 1757 impetebatur
3032 1706 3059 1744 a
3092 1691 3339 1760 domina;
3373 1704 3431 1751 et
3449 1695 3580 1751 dum

1993 1771 2084 1827 illa
2141 1773 2416 1830 videretur
2441 1777 2520 1831 illi
2550 1777 2815 1846 insidiari,
2845 1781 2896 1835 in
2928 1784 3218 1839 securitate
3265 1788 3539 1841 constituit
3568 1806 3584 1844 :

1992 1877 2181 1919 carcer
2208 1866 2349 1921 enim
2381 1866 2540 1939 longe
2568 1869 2750 1925 mitior
2776 1882 2893 1927 erat
2919 1873 3084 1931 domo
3106 1876 3127 1949 (
3146 1875 3275 1933 Gen.
3329 1878 3435 1950 '59)
3459 1922 3476 1947 ,
3531 1881 3583 1935 in

1992 1969 2095 2024 qua
2137 1955 2251 2011 fera
2302 1959 2389 2013 illa
2422 1962 2778 2017 nutriebatur.
2831 1964 2943 2020 lllic
2969 1967 3111 2021 enim
3140 1982 3262 2023 cum
3290 1979 3452 2036 esset,
3481 1973 3582 2025 etsi

1994 2047 2388 2104 ministraretnr
2409 2051 2531 2121 ipsi,
2553 2060 2608 2107 at
2635 2054 2686 2107 in
2713 2065 2859 2110 metu
2881 2071 3095 2127 semper
3114 2071 3251 2125 erat,
3277 2075 3345 2114 nc
3365 2061 3583 2116 domina

1991 2151 2051 2192 se
2077 2139 2458 2210 aggrederetur
2481 2184 2496 2209 ,
2529 2152 2583 2198 et
2608 2158 2829 2199 carcere
2858 2148 3076 2216 gravior
3105 2149 3181 2204 illi
3212 2161 3386 2207 metus
3415 2152 3582 2208 insta-

1991 2230 2120 2285 bat:
2153 2242 2274 2301 post
2301 2234 2699 2290 accusationem
2726 2247 2903 2292 autent
2937 2239 2989 2294 in
3020 2243 3313 2298 securitate
3366 2244 3582 2300 demum

1990 2332 2045 2376 et
2097 2323 2279 2393 quiete
2323 2323 2573 2396 degebat,
2606 2327 2674 2381 ab
2717 2328 2860 2384 illius
2899 2329 3028 2385 lerat
3072 2340 3129 2387 et
3178 2334 3507 2404 turpitudine
3531 2348 3586 2392 ct

1990 2413 2199 2469 insidiis
2256 2415 2511 2472 liberatus
2546 2439 2561 2474 :
2586 2419 2879 2488 jucundius
2927 2422 3072 2476 cnim
3126 2424 3229 2495 ipsi
3285 2436 3405 2481 erat
3460 2442 3583 2483 cum

1989 2508 2310 2561 mrumnnsis
2339 2506 2645 2564 hominibus
2671 2510 2889 2581 degere,
2922 2528 3081 2583 quam
3104 2530 3226 2570 cum
3254 2516 3465 2574 furente
3491 2520 3585 2573 do-

1989 2595 2152 2650 mina.
2177 2594 2339 2651 lstbic
2360 2613 2487 2667 ergo
2512 2599 2751 2670 scipsum
2779 2602 3181 2672 consolabatur,
3203 2605 3345 2675 quod
3369 2618 3586 2677 preptcr

1988 2687 2285 2766 castitatem
2335 2702 2402 2743 eo
2449 2688 2758 2757 incidisset;
2804 2692 2915 2748 illic
2962 2709 3091 2749 vero
3139 2696 3400 2766 timebat,
3433 2715 3501 2753 ne
3531 2700 3582 2753 in

1988 2779 2167 2833 anima
2192 2758 2397 2850 phtgam
2423 2782 2696 2849 acciperet
2717 2801 2730 2837 :
2758 2785 2982 2841 muliere
3000 2787 3197 2858 quippe
3218 2758 3431 2846 amante
3452 2792 3584 2847 nihil

1989 2871 2192 2928 nolenti
2215 2872 2398 2943 juveni
2430 2874 2741 2943 molesdus,
2766 2875 2896 2931 nihil
2943 2877 3249 2949 scelestius,
3280 2881 3412 2936 nihil
3457 2898 3582 2953 gra-

1988 2963 2140 3019 vius:
2168 2965 2415 3020 omnibus
2442 2965 2546 3021 hoc
2571 2967 2799 3024 vinculis
2819 2970 3262 3027 onerosissimum
3279 2983 3383 3028 est.
3404 2973 3586 3046 itaque

1987 3068 2097 3109 non
2127 3055 2178 3109 in
2207 3070 2477 3111 carcerem
2510 3055 2732 3125 incidit,
2761 3057 2856 3115 sed
2878 3074 2907 3113 a
2933 3073 3154 3117 carcere
3174 3061 3430 3119 liberatus
3459 3076 3540 3120 est
3570 3084 3584 3120 :

1988 3146 2263 3203 inimicum
2294 3149 2369 3203 illi
2402 3149 2638 3205 reddidit
2669 3150 2881 3221 herum,
2915 3152 3012 3208 sed
3039 3154 3349 3211 conciliavit
3376 3157 3542 3212 Deum
3569 3177 3584 3213 :

1989 3242 2387 3299 lamiiiariorem
2406 3245 2580 3315 ipsum
2598 3244 2833 3302 reddidit
2847 3260 2977 3303 vero
2998 3247 3240 3316 domino,
3260 3248 3417 3320 ejecit
3438 3250 3588 3306 illum

1988 3349 2054 3389 ex
2098 3335 2417 3404 prmfectura
2467 3337 2662 3393 domus
2710 3352 2845 3405 suae,
2873 3337 2965 3394 sed
2991 3338 3212 3395 domino
3235 3340 3589 3399 domesticum

1987 3426 2241 3483 reddidit.
2287 3427 2519 3484 Rursum
2543 3428 2737 3485 fratres
2766 3428 3140 3499 vendiderunt,
3167 3430 3262 3487 sed
3291 3432 3587 3489 liberarunt

1989 3534 2112 3575 eum
2143 3535 2172 3574 a
2199 3520 2679 3578 contubernalibus
2720 3522 2969 3584 inimicis.
3021 3523 3090 3578 ab
3110 3523 3309 3579 invidia
3336 3535 3389 3580 et
3421 3527 3589 3584 livore

1989 3615 2180 3683 multo,
2208 3631 2237 3670 a
2268 3616 2595 3687 quotidianis
2618 3617 2868 3685 insidiis;
2918 3617 3065 3673 illum
3099 3619 3282 3689 procul
3308 3620 3378 3677 ab
3404 3621 3591 3677 odien-

1992 3706 2131 3761 tibus
2165 3722 2224 3763 se
2250 3706 2623 3763 amandarunt.
2683 3707 2821 3776 Quid
2868 3708 3011 3764 enim
3059 3709 3160 3765 hac
3206 3726 3266 3767 re
3312 3711 3585 3782 deterius,

1990 3797 2205 3869 quando
2231 3798 2350 3870 quis
2379 3812 2501 3854 cum
2534 3799 2786 3855 fratribus
2844 3799 3040 3856 invidis
3072 3800 3312 3858 habitare
3339 3803 3548 3874 cogitur
3570 3846 3587 3872 ,

1990 3888 2207 3960 quando
2250 3897 2531 3959 suspectus
2570 3898 2691 3956 est,
2723 3898 2780 3946 et
2804 3890 3014 3947 insidiis
3060 3891 3368 3963 appetitur?
3407 3893 3589 3966 Itaque

1992 3978 2094 4034 alia
2143 3978 2407 4035 faciebant
2436 3988 2492 4036 et
2522 3980 2595 4035 illi
2627 3990 2682 4037 ct
2712 3980 2822 4048 illa,
2856 3981 2961 4036 alia
3010 3991 3068 4038 et
3110 3998 3302 4054 magna
3330 3985 3593 4058 projnsto

1992 4074 2407 4145 apparabantur.
2465 4074 2599 4131 Cum
2625 4076 2678 4131 in
2706 4075 2913 4132 honore
2935 4077 3184 4148 degebat,
3219 4089 3344 4134 tunc
3366 4080 3417 4133 in
3449 4080 3591 4149 peri-

1992 4165 2116 4220 eulo
2162 4173 2308 4237 erat;
2355 4179 2480 4221 cum
2524 4166 2575 4220 in
2626 4166 2940 4237 ignominia,
2988 4177 3113 4223 tunc
3154 4169 3207 4223 in
3253 4171 3587 4225 securitate:

1993 4272 2100 4313 non
2130 4272 2396 4315 memores
2421 4258 2538 4329 ejus
2566 4269 2721 4314 erant
2742 4261 3012 4327 eunuchi;
3035 4271 3090 4316 et
3114 4262 3251 4318 bene
3278 4280 3292 4317 :
3324 4275 3382 4318 ut
3407 4263 3588 4333 splen-

1992 4351 2166 4408 didior
2186 4351 2338 4407 ﬁeret
2360 4352 2536 4408 exitus
2561 4367 2742 4419 causa,
2776 4360 2939 4424 utque
2964 4368 3075 4409 non
3103 4353 3350 4411 humanae
3378 4357 3589 4426 gratim,

1994 4444 2088 4502 sed
2109 4444 2304 4499 divinae
2325 4443 2677 4515 providentia:
2705 4453 2875 4501 totum
2905 4446 3337 4502 adscriberetur:
3368 4456 3426 4502 ut
3455 4456 3590 4502 tem-

1993 4537 2198 4608 pestive
2220 4536 2370 4592 illum
2389 4536 2456 4592 ad
2477 4552 2632 4592 usum
2652 4538 2985 4594 constituens
3005 4537 3289 4606 educeret;
3307 4549 3363 4594 ut
3381 4538 3591 4595 Pharao

1994 4641 2103 4683 non
2129 4627 2452 4684 beneficium
2481 4628 2618 4684 dans
2635 4669 2652 4697 ,
2680 4629 2775 4685 sed
2803 4629 2873 4685 ab
2898 4644 2964 4685 eo
2990 4629 3292 4701 accipiens,
3322 4631 3495 4701 ipsum
3520 4646 3589 4686 es

1993 4733 2212 4775 carcere
2240 4717 2482 4789 ejiceret.
2529 4718 2648 4775 Non
2681 4720 2962 4789 oportebat
2990 4721 3185 4777 servile
3208 4722 3409 4777 donum
3443 4737 3588 4787 esse,

1992 4808 2088 4866 sed
2119 4823 2300 4879 regem
2330 4809 2652 4865 necessitate
2680 4811 2797 4882 cogi
2824 4829 2837 4864 :
2867 4812 3149 4882 oportebat
3189 4812 3331 4869 illius
3371 4813 3589 4883 sapien-

1997 4903 2122 4959 tiam
2151 4901 2490 4958 manifestam
2520 4917 2660 4961 esse.
2693 4902 2822 4960 Ideo
2843 4904 3179 4961 obliviscitur
3206 4905 3504 4971 eunuchus,
3533 4915 3593 4962 ut

1996 5011 2065 5052 ne
2084 4995 2247 5053 lateat
2269 4994 2581 5068 Egyptum,
2614 5004 2673 5052 ut
2700 5012 2769 5052 ne
2793 4996 2941 5053 illum
2970 5011 3066 5052 rex
3094 4998 3328 5068 ignoret.
3380 4996 3437 5054 Si
3467 5007 3596 5054 tunc

1995 5086 2221 5144 eductus
2260 5086 2469 5153 fuisset,
2494 5086 2633 5145 forte
2664 5087 2923 5145 voluisset
2962 5090 3018 5143 in
3058 5096 3256 5144 terram
3300 5103 3452 5143 suam
3503 5102 3594 5142 re-

1995 5179 2160 5236 verti:
2185 5178 2413 5250 ideoque
2428 5179 2574 5235 mille
2599 5179 3010 5238 necessitatibus
3038 5181 3331 5236 retinetur:
3356 5180 3589 5250 primum

1996 5270 2263 5337 dominio,
2304 5269 2503 5326 deinde
2551 5284 2808 5337 carcere,
2837 5271 2996 5327 tertio
3043 5271 3097 5325 in
3142 5283 3308 5341 regno
3331 5310 3347 5337 ,
3381 5278 3440 5323 ut
3477 5266 3599 5323 haec

1998 5364 2457 5436 dispensarentur.
2486 5363 2638 5422 Sicut
2656 5379 2784 5438 ergo
2810 5378 3131 5435 generosum
3155 5378 3348 5433 equum
3372 5361 3439 5416 ad
3466 5375 3599 5415 suos

1998 5457 2215 5513 exsilire
2233 5456 2524 5523 volentem,
2551 5458 2691 5513 Deus
2735 5472 2859 5513 eum
2905 5456 3062 5513 isthic
3087 5455 3348 5526 gloriosas
3372 5452 3443 5508 ob
3466 5465 3601 5507 can-r

1998 5562 2089 5603 sas
2112 5548 2353 5604 retinuit.
2402 5547 2556 5616 Quod
2581 5548 2724 5603 enim
2754 5557 2961 5619 patrem
2991 5547 3176 5603 videre
3221 5553 3452 5615 optaret,
3483 5553 3538 5598 et
3562 5559 3597 5598 tr

2000 5638 2190 5695 dolore
2217 5638 2456 5706 liberari,
2506 5638 2682 5710 palam
2711 5650 2883 5696 estex
2910 5654 2978 5695 eo
2998 5679 3013 5705 ,
3042 5636 3186 5709 quod
3212 5637 3386 5707 ipsum
3416 5635 3595 5693 isthnc

2000 5731 2273 5787 acciverit.

2076 5826 2128 5878 4.
2161 5823 2334 5881 Vultis
2360 5823 2491 5879 alias
2520 5838 2732 5894 quoque
2752 5823 3029 5882 videamus
3060 5823 3301 5893 insidias,
3326 5824 3470 5896 (μιοά
3498 5838 3605 5897 pro
