2056 3224
254 183 305 209 343

255 238 333 265 nobis
349 236 429 268 ﬁant,
445 243 497 263 non
513 234 593 262 modo
607 234 678 269 quod
693 233 843 261 mercedem
861 232 986 265 habeant,
1002 232 1049 258 sed

256 283 335 311 etiam
353 284 378 310 iu
397 282 455 317 ipso
468 286 589 315 tempore
605 288 652 315 pro
667 280 743 307 nobis
757 279 872 306 faciant?
885 278 968 314 Hujus
983 279 1050 313 patri

257 335 366 365 patruus
381 330 463 365 ipsius
475 328 614 356 insidiatus
625 331 677 359 est,
692 331 719 354 et
729 334 790 354 eum
804 334 818 353 a
833 325 918 360 patria
932 324 1049 359 expulit:

256 377 318 412 quid
333 378 415 412 ergo?
427 376 513 411 ipsum
525 382 630 409 quoque
639 373 731 409 procul
742 381 757 400 a
767 372 886 408 periculo
896 370 1049 403 constituit;

257 431 317 449 nam
338 423 363 449 in
386 427 443 449 Iulo
458 421 504 449 ille
526 421 594 448 fuit:
611 419 727 448 reddidit
749 427 811 447 eum
832 418 915 453 magis
933 418 1050 453 philoso-

257 467 350 501 phum,
363 466 426 494 fecit
437 471 465 494 ut
476 464 577 493 videret
587 465 731 493 somnium.
743 464 796 492 Sed
808 464 918 492 servivit
927 464 951 490 in
964 463 1051 490 aliena

257 513 348 540 terra?
365 512 461 540 Verum
475 511 509 539 ad
523 519 587 539 suos
600 510 735 546 profectus
748 518 874 545 sponsam
888 510 984 544 accipit
995 509 1050 541 ille,

257 562 285 585 et
298 557 393 593 dignus
409 557 513 584 videtur
527 563 632 584 socero.
646 556 698 584 Sed
713 555 819 590 derepit
831 559 858 582 et
871 554 933 582 ille?
949 554 1002 582 Sed
1018 555 1051 581 il-

258 604 301 631 lud
317 604 342 631 in
357 604 455 631 bonum
469 603 565 635 cessit,
582 607 611 630 ut
625 602 769 630 multorum
784 602 898 629 ﬁliorum
914 606 989 636 pater
1003 601 1051 628 lie-

258 655 309 677 ret.
322 650 375 678 Sed
386 650 470 677 voluit
482 649 622 677 insidiari?
636 649 671 677 At
689 648 741 676 hoc
756 649 836 677 etiam
854 649 879 676 in
893 648 992 676 bonum
1008 655 1052 675 ce-

258 696 306 728 dit,
322 700 351 723 ut
366 695 473 724 demum
486 696 518 722 ad
531 700 628 723 terram
647 702 723 722 suam
738 694 855 722 rediret:
870 702 930 722 nam
944 694 966 722 si
984 694 1009 721 in
1023 701 1053 721 re

258 748 387 776 prOSpera
402 742 514 774 fuisset,
530 748 583 768 non
603 741 638 768 ita
657 740 769 776 patriam
791 739 979 768 desiderasset.
1000 739 1052 766 Sed

259 786 411 814 mercedem
425 787 461 814 illi
477 786 603 814 abstulit?
614 787 648 814 At
659 786 744 821 major
757 785 854 813 deinde
867 785 926 812 fuit.
938 784 983 812 Sic
996 784 1054 812 ubi-

258 841 309 867 que
324 838 425 868 quanto
438 833 523 868 magis
537 833 640 860 insidiis
659 832 865 868 impetcbantur,
880 835 954 859 tanto
969 831 1053 866 magis

260 885 304 905 res
322 879 440 913 ipsorum
454 878 597 906 ﬂorebant.
613 878 670 906 Nisi
687 878 816 913 majorem
839 877 975 910 duxisset,
999 884 1052 904 llOn

259 924 312 951 cito
327 923 421 951 fuisset
436 928 475 951 tot
492 924 606 951 ﬁliorum
623 928 713 959 pater;
730 923 776 951 scd
792 922 818 950 iu
833 923 948 951 orbitate
962 923 969 939 ¹
986 923 1054 950 tnui-

259 974 314 996 tutn
329 969 458 1004 temporis
473 970 622 1004 exegisset,
638 973 666 996 et
681 969 795 996 luxisset
809 974 838 996 ut
853 976 923 995 uxor
934 976 993 996 sua.
1008 967 1053 995 illa

258 1025 374 1052 namque
396 1017 492 1044 merito
510 1016 634 1052 lugebat,
651 1023 684 1044 eo
698 1015 769 1051 quod
789 1023 841 1043 non
861 1020 932 1043 esset
952 1017 1052 1047 mater;

258 1063 316 1096 ipse
332 1070 395 1089 vero
411 1062 624 1090 consolationem
643 1061 723 1089 habet
741 1070 747 1087 :
763 1061 823 1089 ideo
841 1061 924 1096 ipsam
939 1062 1052 1096 repellit.

259 1108 361 1135 Rursus
376 1108 399 1136 si
418 1116 471 1136 non
487 1108 560 1135 illum
574 1115 589 1135 a
605 1107 730 1136 mercede
744 1107 885 1142 privasset,
901 1114 953 1134 non
965 1111 1056 1142 optas-

259 1159 301 1182 set
314 1154 406 1182 videte
417 1158 514 1182 terram
530 1161 617 1186 suam,
629 1161 717 1189 neque
730 1153 896 1188 philosophia
908 1153 956 1181 viri
971 1161 1054 1189 appa-

261 1200 374 1233 ruisset,
392 1208 442 1227 nee
455 1201 540 1235 magis
556 1200 593 1227 illi
612 1200 756 1227 familiares
772 1199 832 1227 facti
848 1199 971 1227 fuissent.
990 1200 1055 1228 Vide

260 1254 375 1282 namque
394 1247 457 1282 quid
473 1247 563 1274 dicant
578 1255 584 1273 :
601 1247 752 1274 Det-orando
767 1246 895 1273 devoravit
907 1254 954 1274 nos
971 1252 995 1274 ct
1012 1255 1056 1274 ar-

259 1297 362 1327 gentum
373 1298 485 1320 nostrum
494 1292 572 1327 (Gen.
582 1293 613 1321 5i
620 1312 627 1319 .
638 1293 695 1328 15).
706 1293 797 1328 Itaque
807 1293 857 1321 hoc
866 1293 965 1321 amoris
975 1300 1056 1322 causa

259 1338 319 1365 fuit.
335 1339 453 1366 Ancillas
466 1338 574 1366 demum
589 1338 681 1366 habuit
696 1346 743 1373 pro
757 1339 902 1372 uxoribus,
921 1344 947 1366 et
960 1339 1056 1375 dilige-

258 1384 337 1412 batur
351 1385 385 1412 ab
397 1385 464 1418 illis,
480 1385 522 1413 cui
537 1385 699 1420 possessioni
715 1385 787 1412 nulla
801 1386 918 1413 conferri
937 1386 1054 1421 poterit:

260 1429 325 1456 nihil
338 1430 410 1457 enim
423 1431 565 1465 pretiosius
575 1438 658 1466 quam
671 1432 754 1458 amari
766 1431 801 1458 ab
815 1439 909 1464 uxore,
924 1436 951 1459 et
965 1439 1058 1460 amare

259 1474 344 1502 illam.
358 1474 391 1502 Et
406 1483 481 1509 uxor,
494 1475 590 1510 inquit,
604 1477 657 1503 viro
671 1477 830 1504 consentiens
845 1477 942 1512 (Eccli.
955 1477 1000 1505 25.
1014 1477 1055 1512 2).

260 1521 335 1550 lianc
351 1528 432 1548 unam
451 1521 520 1549 inter
533 1521 712 1550 beatitudines
725 1522 800 1557 ponit
816 1523 929 1558 Sapiens
942 1532 948 1551 :
963 1525 990 1550 in
1005 1522 1058 1551 hoc

260 1567 332 1593 enim
352 1574 446 1594 omnes
462 1567 579 1600 diritim,
602 1568 690 1595 omnis
703 1567 817 1596 felicitas
831 1569 975 1596 consistit:
989 1569 1059 1596 sicut

261 1613 282 1639 si
298 1612 361 1640 illud
376 1620 428 1640 non
444 1613 489 1645 sit,
504 1613 554 1640 alia
569 1613 636 1641 nihil
648 1614 760 1648 juvant,
774 1614 822 1641 sed
837 1614 964 1642 subversa
978 1619 1056 1648 sunt,

261 1664 290 1685 et
310 1659 468 1687 insuavitate
482 1659 694 1695 conl'usioneque
709 1660 798 1695 plena.
812 1660 893 1695 Igitur
902 1665 930 1688 et
943 1668 992 1688 nos
1008 1661 1059 1688 hoc

264 1713 319 1739 pra:
331 1705 455 1733 omnibus
474 1714 636 1740 qumramus.
656 1706 705 1739 Qui
725 1707 852 1742 pecunias
869 1707 983 1742 quarrit,
1004 1714 1058 1735 non

262 1753 313 1779 hoc
327 1752 433 1787 qumrit.
449 1752 511 1779 Haec
524 1759 686 1787 quairamus,
701 1760 761 1787 qua:
773 1753 848 1780 ﬁrma
861 1760 922 1781 esse
934 1758 1058 1788 possunt.

262 1830 404 1885 baztztorel.
417 1834 443 1855 et
454 1830 552 1862 quidam
563 1830 604 1856 alii
618 1830 713 1863 legunt,
732 1832 925 1864 peregrinatione
933 1850 941 1864 ,
951 1839 1005 1864 pro,
1018 1839 1058 1857 or-

620 177 647 205 S.
669 175 807 205 JOANNIS
826 175 1062 203 CllRYSOSTOlll
1085 174 1241 202 .iliClilEP.
1262 174 1523 202 CONSTANTiNOP.

1850 177 1901 205 5H

1143 231 1214 258 L‘xar
1228 239 1342 266 quwnmu
1353 231 1479 259 ducenda.
1492 247 1523 252 —
1536 231 1573 259 Ne
1584 239 1736 268 qumramus
1748 233 1854 269 nuptias
1869 243 1902 263 ex

1105 277 1253 311 opulentis.
1270 285 1304 304 ne
1315 285 1381 312 opes
1394 278 1483 305 nimim
1494 278 1569 305 uxori
1584 278 1714 306 suadeant
1724 283 1754 306 ιιι
1764 280 1850 316 altum.
1860 287 1903 308 sa-

1106 323 1170 357 piat,
1186 330 1219 350 ue
1234 329 1330 350 sensus
1345 324 1388 351 ille
1403 331 1483 351 causa
1499 325 1534 351 sit
1548 325 1740 359 corruptionis.
1754 325 1812 353 Non
1827 326 1903 355 vides

1105 370 1168 404 quid
1192 370 1286 397 fecerit
1306 370 1395 397 Deus?
1411 370 1545 405 quomodo
1568 371 1640 397 illam
1661 371 1811 399 subdiderit
1824 373 1836 399 ‘t
1849 373 1903 400 Cur

1106 416 1227 452 ingratus
1236 416 1284 443 es?
1296 424 1344 444 cur
1355 416 1414 444 sine
1425 417 1523 444 sensu?
1537 417 1612 450 Quod
1629 417 1674 444 tibi
1687 425 1719 444 ex
1733 423 1827 445 natura
1838 426 1903 446 con-

1105 462 1203 495 cessit,
1219 462 1270 489 hoc
1291 466 1317 489 tu
1339 470 1371 489 nc
1391 469 1547 497 corrumpas
1562 462 1700 490 auxilium.
1720 463 1777 491 Non
1795 469 1822 491 ut
1836 473 1903 499 opu-

1106 508 1204 536 lentam
1221 516 1342 543 quzerere
1357 513 1474 543 oportet,
1489 508 1536 535 sed
1550 514 1578 535 ut
1588 509 1649 536 vita:
1659 515 1812 537 consortem
1827 510 1858 537 ad
1872 509 1904 538 li—

1107 555 1186 582 beros
1201 555 1391 590 procreandos.
1408 555 1464 581 Non
1483 556 1542 582 ideo
1560 564 1669 583 uxorem
1686 556 1759 583 dedit
1775 557 1857 588 Deus,
1874 562 1905 584 ut

1106 602 1232 636 pecunias
1246 601 1363 634 afferret,
1380 602 1427 628 sed
1442 607 1468 628 ιιι
1482 602 1597 635 adjutrix
1610 608 1690 629 esset.
1708 603 1771 635 QU’E
1783 611 1847 630 vero
1858 610 1904 637 re-

1106 648 1197 674 cunias
1210 646 1296 679 affert,
1307 647 1386 675 etiam
1396 648 1535 674 insidiatur
1546 648 1553 662 ¹
1567 648 1604 683 [et
1617 648 1721 675 domina
1734 650 1761 675 ﬁt
1775 657 1823 683 pro
1836 657 1904 676 eun-

1103 692 1184 728 juge;
1201 693 1255 720 imo
1266 693 1351 721 bestia
1367 702 1414 727 pro
1426 694 1536 720 muliere
1551 694 1575 729 ],
1592 695 1728 729 altumque
1742 703 1836 729 sapere
1848 696 1905 722 vult

1106 738 1141 766 ob
1154 738 1270 766 divitias.
1287 738 1357 766 Nihil
1370 740 1472 773 turpius
1488 740 1556 771 viro,
1572 740 1615 774 qui
1631 740 1665 767 ita
1682 740 1814 767 ditescere
1829 742 1901 768 velit.

1106 784 1172 812 Nam
1188 785 1209 812 si
1222 785 1277 819 ipsa
1290 785 1463 819 pecuniarum
1479 785 1610 820 cupiditas
1623 787 1814 814 tcutationibus
1826 788 1902 821 plena

1107 834 1159 862 est,
1174 829 1208 857 de
1220 829 1370 864 hujusmodi
1384 830 1483 857 divitiis
1497 831 1559 864 quid
1573 830 1712 858 dicemus?
1727 831 1766 858 Ne
1780 833 1849 858 enim
1866 838 1904 859 at-

1108 876 1212 909 tendas,
1228 877 1250 904 si
1265 884 1326 904 raro
1336 877 1456 910 accidat,
1475 877 1496 904 si
1509 885 1583 910 casu,
1602 878 1623 904 si
1639 883 1737 912 prteter
1751 879 1882 906 rationem
1896 888 1902 906 :

1108 930 1195 957 neque
1205 922 1276 950 enim
1292 922 1352 950 aliis
1366 924 1456 955 rebus,
1470 924 1565 958 quibus
1581 924 1704 951 fruuntur
1715 925 1806 959 aliqui,
1819 930 1845 952 et
1861 926 1903 952 in-

1108 973 1215 1004 sperato
1227 968 1364 1002 obtinent,
1382 970 1574 996 attendendum
1591 975 1646 1002 est;
1664 971 1710 997 sed
1727 970 1787 1005 quid
1805 978 1902 998 secun-

1107 1014 1170 1042 dum
1182 1015 1311 1042 ratiouem
1323 1015 1358 1042 sit
1372 1016 1520 1048 videamus,
1534 1024 1622 1042 annon
1635 1016 1707 1043 mille
1721 1016 1847 1043 molestiis
1858 1025 1902 1043 res

1108 1061 1187 1096 plena
1202 1061 1246 1088 sit.
1261 1061 1318 1089 Non
1336 1061 1409 1089 solus
1424 1063 1479 1096 ipse
1492 1062 1517 1089 in
1533 1063 1676 1097 ignominia
1688 1063 1752 1095 eris,
1764 1062 1809 1089 sed
1822 1063 1902 1089 etiam

1109 1106 1179 1135 ﬁlios
1196 1107 1339 1142 deturpas,
1358 1116 1488 1143 pauperes
1505 1108 1673 1143 relinquens,
1691 1108 1712 1135 si
1726 1109 1866 1143 contigerit
1879 1114 1903 1135 te

1109 1153 1226 1188 priorem
1241 1153 1325 1186 mori;
1343 1154 1457 1188 hincque
1473 1154 1569 1181 multas
1583 1154 1630 1181 das
1647 1154 1721 1181 uxori
1737 1155 1902 1186 oecasioncs,

1110 1205 1138 1227 ut
1149 1200 1263 1228 alterunt
1276 1206 1377 1235 qmerat
1390 1201 1523 1227 maritum.
1537 1201 1632 1227 Annon
1647 1200 1731 1231 vides,
1745 1201 1813 1227 hanc
1825 1201 1905 1227 fuisse

1109 1246 1200 1274 ntultis
1214 1246 1393 1274 seeuudarmn
1411 1246 1562 1280 nuptiarum
1581 1254 1688 1273 causam
1699 1267 1706 1279 ,
1727 1251 1755 1273 ιιι
1771 1254 1822 1273 non
1839 1254 1904 1273 con-

1110 1296 1303 1324 temnerentur,
1320 1296 1346 1319 et
1360 1297 1387 1318 ut
1398 1293 1628 1326 qumrerentalios
1641 1293 1685 1327 qui
1702 1300 1757 1320 rem
1773 1300 1848 1319 suam
1860 1301 1905 1319 eu-

1110 1339 1218 1365 rarent?
1231 1337 1268 1365 Ne
1282 1338 1372 1372 igitur,
1387 1346 1488 1372 quarso,
1506 1343 1615 1373 propter
1634 1346 1699 1373 opes
1718 1343 1789 1365 tanta
1806 1346 1902 1372 opere-

1110 1393 1201 1424 remur
1220 1384 1308 1417 mala;
1331 1384 1379 1412 sed
1405 1385 1493 1411 omnia
1518 1385 1718 1419 relinquamus,
1741 1389 1767 1411 ct
1789 1385 1904 1411 animam

1110 1438 1263 1466 qumramus
1278 1431 1391 1463 bonam,
1410 1436 1437 1457 ut
1458 1436 1483 1458 et
1503 1431 1641 1458 caritatem
1659 1438 1843 1465 assequuntur.
1861 1430 1907 1457 ila:

1110 1481 1174 1505 sunt
1187 1485 1290 1513 magna:
1302 1477 1411 1509 divitim,
1429 1477 1472 1504 hic
1490 1485 1602 1512 magnus
1618 1477 1772 1508 thesaurus,
1791 1476 1848 1503 iure
1865 1477 1905 1502 iu-

1112 1530 1224 1551 nutnera
1241 1523 1310 1550 bona
1324 1531 1330 1549 :
1347 1523 1443 1557 quibus
1460 1523 1559 1549 utinam
1575 1530 1623 1549 nos
1641 1529 1734 1549 omnes
1749 1521 1867 1548 fruantur
1881 1526 1906 1548 et

1111 1568 1258 1596 secundum
1272 1568 1345 1603 leges
1358 1568 1404 1595 Dei
1417 1569 1548 1599 vivamus,
1563 1573 1590 1594 ut
1601 1573 1626 1594 et
1639 1568 1727 1594 futura
1742 1568 1809 1594 bona
1823 1569 1906 1602 possi—

1112 1622 1172 1642 mus
1183 1614 1305 1650 adipisci,
1319 1615 1404 1650 gratia
1415 1618 1439 1641 el
1455 1614 1617 1647 benignitate
1630 1614 1733 1640 Domini
1748 1615 1831 1640 nostri
1843 1614 1905 1641 Jesu

1112 1660 1221 1694 Christi,
1236 1661 1343 1695 quicum
1362 1660 1430 1687 l'atri
1441 1664 1465 1686 et
1480 1659 1590 1694 Spiritui
1605 1664 1697 1686 sancto
1709 1659 1803 1694 gloria,
1822 1659 1904 1694 impe-

1112 1708 1198 1739 rium,
1215 1706 1311 1739 honor,
1330 1713 1399 1733 nunc
1417 1710 1443 1733 et
1464 1713 1579 1740 semper,
1592 1710 1619 1732 ct
1635 1706 1660 1732 in
1680 1705 1776 1732 smcuia
1791 1705 1904 1732 ειυς-ηιθ-

1112 1760 1183 1781 rum.
1196 1753 1290 1780 Amen.

1145 1834 1154 1849 ί
1167 1837 1224 1862 Qua:
1240 1832 1335 1857 uncinis
1346 1830 1499 1862 clauduntur,
1512 1830 1603 1856 desunt
1614 1829 1639 1854 in
1656 1828 1748 1860 tttontf.,
1760 1833 1787 1854 et
1799 1835 1813 1853 e
1833 1828 1906 1854 Codd.

1112 1863 1225 1896 suppleta
1237 1866 1302 1888 sunt.

972 1964 1146 1997 HOMILIA
1174 1963 1211 1993 L.

263 2034 327 2062 Car.
340 2034 385 2062 9.5.
400 2042 426 2061 v.
440 2035 484 2062 5i.
503 2034 597 2061 Milites
616 2043 687 2070 ergo,
711 2039 738 2062 ut
752 2041 905 2071 praeceptum
923 2041 978 2063 erat
999 2037 1057 2070 sibi,

298 2085 453 2108 assumentes
468 2080 590 2112 Paulum,
604 2081 730 2108 duxerunt
744 2090 788 2116 per
805 2087 903 2109 noctem
918 2082 1059 2118 Antipatri-

298 2127 365 2154 dem.
381 2126 426 2154 52.
442 2126 473 2153 Et
487 2132 588 2161 postera
608 2127 649 2154 die
670 2128 765 2155 relictis
784 2129 906 2163 equitibus
921 2133 948 2156 ut
960 2138 1016 2156 cum
1029 2137 1059 2157 eo

299 2173 373 2204 irent,
389 2173 547 2199 reversisnnt
561 2173 694 2199 adcastra.
711 2174 755 2201 35.
771 2173 803 2200 At
812 2174 851 2200 illi
865 2183 921 2201 cum
936 2175 1060 2202 venissent

299 2218 443 2245 Cwsaream
451 2239 457 2248 ,
469 2224 494 2245 et
507 2219 671 2245 tradidissent
684 2219 817 2254 epistolam
832 2220 935 2255 prwsidi
945 2241 953 2254 ,
965 2225 1059 2248 statue-

300 2269 358 2290 runt
371 2268 429 2290 ante
444 2264 516 2290 illum
524 2269 548 2290 et
557 2263 679 2290 Paulum.

300 2311 325 2337 i.
347 2310 429 2344 Quasi
458 2317 549 2344 regem
568 2309 712 2344 quemdam
735 2310 896 2338 satellitibus
919 2311 1057 2345 stipatum,

264 2357 448 2384 transmittunt
478 2363 539 2382 cum
566 2360 638 2390 tanta
662 2355 833 2383 multitudine
860 2361 888 2383 et
915 2356 942 2383 in
968 2361 1056 2389 nocte,

264 2402 390 2429 timentes
415 2401 481 2428 iratn
501 2405 528 2428 et
543 2401 670 2437 impetum
687 2401 789 2437 populi.
811 2402 954 2437 Postquam
978 2403 1058 2437 igitur

263 2448 401 2482 ejecerunt
422 2447 496 2474 illutn
518 2454 551 2475 ex
579 2447 697 2481 civitate,
723 2451 786 2475 tunc
809 2447 951 2475 desistunt.
966 2448 1058 2483 Neque

264 2494 388 2521 tribunus
402 2500 463 2520 cum
479 2497 550 2520 tanta
562 2493 636 2521 illum
659 2493 777 2521 misisset
798 2494 953 2528 securitate,
968 2495 1019 2522 nisi
1032 2499 1060 2523 et

264 2541 350 2575 ipsum
371 2539 508 2567 innoxium
530 2543 669 2574 putasset,
688 2544 715 2566 et
730 2539 837 2566 illorum
858 2540 1057 2574 sanguinarium

262 2587 381 2614 animum
394 2586 523 2614 novisset.
538 2595 548 2611 ‹
563 2586 607 2613 54.
617 2586 683 2613 Cum
698 2590 787 2613 autem
801 2586 919 2620 legisset,
933 2591 960 2614 ct
973 2587 1058 2614 inter-

263 2637 385 2668 rogasset
398 2632 431 2660 de
443 2639 495 2668 qua
511 2632 647 2667 provincia
662 2636 744 2665 esset,
757 2631 929 2667 audissetque
940 2632 1011 2668 quod
1024 2641 1057 2660 ex

262 2679 354 2706 Cilicia
371 2687 378 2705 :
392 2678 437 2707 55.
454 2678 569 2705 Audiam
583 2682 617 2710 te,
637 2678 732 2712 inquit,
749 2685 809 2704 cum
834 2682 1005 2706 accusatores
1020 2679 1055 2706 tui

262 2726 385 2753 venerint
401 2734 409 2753 :
422 2725 555 2760 jussitquc
566 2724 640 2752 illum
655 2726 681 2751 in
699 2724 824 2758 prtetorio
839 2724 954 2753 Herodis
965 2732 1056 2753 cnsto-

261 2772 325 2800 diri.
341 2779 349 2795 ι
361 2770 420 2798 lam
435 2779 483 2805 pro
491 2771 537 2798 illo
547 2771 678 2798 rationem
690 2771 800 2799 dederat
811 2771 922 2807 Lysias;
938 2776 1056 2800 attamen

262 2816 351 2842 adhuc
368 2815 422 2843 illic
435 2816 510 2844 illum
525 2816 610 2844 Judtei
626 2815 786 2844 adoriuntur
796 2838 803 2851 ,
826 2823 853 2845 et
868 2823 1057 2853 prtroceupant

259 2859 423 2895 auditorem,
444 2868 472 2891 et
492 2863 588 2890 iterum
613 2863 639 2889 in
663 2862 768 2891 vincula
792 2863 934 2899 conjicitur
963 2874 970 2892 :
994 2864 1055 2891 audi

258 2905 418 2936 (Ιυυωοᾱοε
435 2907 511 2943 (Cap.
525 2908 586 2943 24.)
615 2907 641 2934 i.
670 2907 733 2936 Post
760 2912 870 2946 quinque
896 2917 979 2938 autem
1000 2910 1054 2936 dies

1111 2033 1238 2061 descendit
1256 2032 1373 2068 princeps
1386 2030 1545 2058 sacerdotum
1558 2030 1672 2057 Attonitis
1692 2038 1749 2056 cum
1770 2029 1908 2057 senioribus

1110 2086 1133 2107 et
1159 2080 1272 2107 Tertullo
1296 2078 1405 2114 quodam
1427 2082 1546 2110 oratore,
1570 2078 1614 2113 qui
1634 2077 1752 2104 adierunt
1777 2077 1909 2111 prtesidem

1111 2126 1229 2153 adversus
1250 2124 1373 2152 Paulum.
1386 2124 1454 2151 Vide
1474 2123 1609 2159 quomodo
1633 2131 1720 2158 neque
1741 2123 1776 2150 ita
1797 2123 1908 2150 destite-

1110 2177 1184 2206 runt,
1207 2172 1253 2200 sed
1279 2171 1401 2204 veniunt,
1422 2170 1486 2198 licet
1511 2170 1584 2197 mille
1607 2173 1751 2197 occurrant
1764 2169 1863 2202 obices,
1881 2174 1908 2196 ut

1111 2220 1166 2247 illic
1190 2219 1397 2247 confundantur.
1420 2227 1430 2244 ‹
1447 2218 1474 2246 2.
1500 2218 1533 2245 Et
1549 2218 1632 2246 citato
1655 2218 1702 2245 illo
1727 2218 1806 2252 cmpit
1827 2225 1907 2245 accu-

1111 2273 1172 2293 sare
1185 2265 1330 2297 Tertullus,
1345 2264 1438 2292 dicens
1455 2273 1462 2291 :
1478 2264 1545 2292 Cum
1562 2264 1589 2291 in
1614 2264 1696 2291 multa
1713 2271 1776 2298 pace
1798 2271 1908 2298 agamus

1111 2319 1160 2347 per
1173 2316 1209 2344 te,
1221 2316 1249 2340 et
1272 2312 1354 2339 multa
1381 2311 1450 2339 bona
1470 2318 1551 2345 opera
1573 2310 1638 2338 ﬁant
1653 2310 1679 2337 in
1698 2309 1748 2337 hac
1767 2315 1845 2343 gente
1861 2318 1909 2344 per

1111 2362 1183 2385 tuam
1198 2357 1405 2392 providentiam,
1421 2357 1447 2384 5.
1461 2364 1568 2392 semper
1583 2360 1610 2384 et
1623 2356 1721 2392 ubique
1732 2356 1906 2391 suscipimus,

1110 2405 1213 2439 optime
1230 2404 1315 2438 Felix,
1331 2412 1392 2432 cum
1414 2404 1486 2431 omni
1509 2403 1656 2439 gratiarum
1677 2403 1792 2430 actione.
1816 2409 1842 2430 tt.
1869 2403 1908 2430 Ne

1111 2449 1211 2477 diutius
1223 2455 1312 2477 autem
1328 2454 1354 2477 te
1367 2448 1532 2484 protraham,
1549 2456 1609 2483 oro,
1622 2448 1739 2476 breviter
1749 2448 1842 2476 audias
1858 2456 1907 2476 nos

1111 2504 1160 2531 pro
1185 2501 1229 2523 tua
1253 2495 1409 2536 clementia.
1429 2504 1439 2521 ι
1462 2495 1541 2531 Atqui
1556 2502 1605 2522 vos
1625 2494 1676 2523 hoc
1704 2494 1804 2523 fecistis
1821 2504 1827 2521 :
1844 2495 1907 2530 quid

1111 2543 1192 2578 igitur
1206 2550 1274 2577 optts
1287 2546 1347 2570 erat
1359 2541 1485 2569 oratore?
1500 2541 1568 2569 Vide
1581 2541 1717 2575 quotuodo
1741 2541 1786 2569 hic
1801 2548 1907 2576 quoque

1110 2588 1200 2616 statim
1214 2588 1248 2615 ab
1261 2588 1372 2616 exordio
1387 2587 1461 2615 illum
1473 2592 1501 2614 ιιι
1512 2592 1666 2615 novatorem
1682 2587 1837 2615 seditiosutn
1851 2588 1907 2615 vult

1111 2635 1260 2668 traducere,
1271 2634 1392 2662 laudibus
1401 2641 1466 2662 vero
1477 2633 1594 2669 judicetn
1607 2638 1784 2669 praeoccupat.
1794 2633 1905 2667 Deinde,

1109 2681 1184 2716 quasi
1212 2681 1295 2708 multa
1317 2680 1431 2708 dicenda
1455 2679 1562 2712 habeat,
1587 2680 1779 2714 praetercurrit,
1806 2685 1834 2707 et
1855 2679 1907 2706 hoc

1109 2735 1191 2755 uttutn
1213 2727 1277 2754 dicit
1293 2735 1300 2753 :
1315 2726 1356 2753 Ne
1381 2726 1478 2753 diutius
1502 2730 1589 2753 anteiit
1613 2731 1636 2752 te
1659 2726 1818 2760 protroltam.
1839 2725 1907 2753 Vide

1109 2772 1244 2808 quomodo
1260 2772 1387 2808 puniendi
1401 2771 1566 2800 desiderium
1577 2771 1660 2806 jutliei
1672 2772 1808 2804 immittat,
1826 2771 1904 2807 quasi

1109 2817 1339 2853 comprehensum
1365 2825 1447 2850 eum,
1476 2817 1521 2852 qui
1547 2817 1640 2844 orbem
1668 2816 1856 2849 subverteret,
1878 2820 1905 2844 et

1109 2864 1186 2899 quasi
1209 2863 1244 2891 de
1269 2863 1398 2898 praeclaro
1419 2870 1502 2898 opere
1524 2862 1654 2890 sentiunt.
1679 2871 1690 2889 ‹
1709 2863 1737 2891 5.
1753 2862 1905 2891 invenimus

1110 2913 1179 2939 hunc
1195 2911 1331 2938 hominem
1345 2910 1514 2944 pestiferum,
1530 2913 1555 2937 et
1568 2909 1746 2937 concitantem
1758 2909 1903 2937 seditiones
