4112 6422
408 455 515 512 ’145

409 562 658 619 oninibus
686 560 889 619 Iudaeis
915 562 968 617 in
995 560 1248 618 universo
1273 560 1428 628 orbe,
1459 571 1516 616 et
1544 570 1818 617 auctorem
1846 559 1992 616 sedi-

411 656 573 711 tionis
615 666 778 711 sectae
824 653 1245 720 Nazarenorum,
1293 652 1348 709 6.
1399 654 1490 725 qui
1537 654 1698 709 etiam
1742 652 1997 722 tcmmum

408 747 614 801 violare
634 753 860 800 conatus
884 754 967 800 est
990 763 1005 800 :
1036 759 1197 815 quem
1223 753 1277 799 et
1311 744 1705 813 apprehensum
1732 743 1999 798 voluimus

412 837 711 891 secundum
743 837 913 906 legem
943 844 1182 890 nostram
1227 834 1490 904 judicare.
1522 834 1573 889 7.
1604 833 1999 903 Superveniens

408 939 588 984 autem
634 926 882 982 tribunus
926 927 1135 997 Lysias,
1183 941 1303 980 cum
1333 926 1383 980 vi
1420 940 1611 996 magna
1652 923 1847 993 eripuit
1874 938 1996 978 eum

407 1020 475 1074 de
505 1018 755 1073 manibus
783 1018 1006 1082 nostris,
1034 1018 1086 1071 8.
1116 1016 1319 1086 jubens
1345 1024 1688 1070 accusatores
1716 1014 1832 1084 ejus
1852 1012 1917 1068 ad
1949 1020 2000 1068 te

412 1110 597 1163 venire
622 1124 637 1175 ;
666 1123 697 1163 a
726 1122 833 1178 quo
860 1108 1061 1176 poteris
1092 1108 1209 1177 ipse
1229 1106 1481 1177 judicans
1525 1105 1595 1161 de
1623 1105 1870 1159 omnibus
1892 1103 2000 1157 illis

407 1214 756 1270 cognoscere,
798 1198 866 1252 de
903 1198 1095 1269 quibus
1142 1214 1240 1252 nos
1269 1211 1584 1252 accusamus
1611 1212 1757 1251 eum.
1799 1194 1997 1250 Conci-

411 1301 631 1353 tantem,
669 1309 690 1344 s
744 1291 952 1360 inquit,
1008 1309 1027 1343 ‹
1062 1290 1357 1345 seditiones
1396 1288 1644 1343 omnibus
1682 1286 1884 1342 Jtidmis
1943 1288 1998 1341 in

410 1383 661 1436 universo
684 1379 834 1436 orbe.
874 1399 893 1432 ι
932 1380 995 1434 Ut
1028 1380 1341 1450 pestiferum
1369 1388 1425 1434 et
1455 1393 1795 1433 communem
1822 1376 1997 1446 gentis

411 1477 619 1530 hostem
646 1471 798 1529 illum
837 1473 1269 1538 calumniantur,
1302 1487 1365 1526 ac
1394 1480 1558 1527 secta:
1600 1470 1994 1525 Nazarenorum

413 1570 810 1643 principem=(a)
832 1569 971 1641 [Iloc
996 1570 1284 1623 maximum
1312 1567 1519 1622 crimen
1546 1564 1826 1621 videbatur
1854 1562 1996 1632 quod

413 1673 558 1719 esset
580 1655 938 1728 Nazarenus.]
1000 1660 1120 1714 ideo
1149 1659 1251 1713 hoc
1272 1658 1656 1728 produxerunt,
1678 1664 1733 1711 et
1757 1670 1820 1710 ea
1848 1654 1914 1708 de
1939 1669 1998 1708 re

419 1755 605 1807 iterum
631 1751 1092 1808 calumniahantur
1112 1767 1266 1811 eum;
1296 1750 1522 1805 Nazaret
1547 1750 1688 1804 enim
1712 1748 1830 1801 vilis
1859 1758 1994 1801 erat.

418 1843 482 1897 Et
510 1845 836 1908 invenientes,
870 1844 1062 1912 inquit.
1099 1842 1232 1896 Vide
1255 1882 1269 1905 ,
1302 1856 1462 1910 quam
1504 1849 1721 1895 versute
1762 1839 1909 1893 illum
1942 1846 2000 1891 ut

416 1932 698 2005 profugum
748 1934 1167 1997 calumnientur,
1203 1933 1285 1985 vix
1334 1932 1482 1985 illum
1534 1930 1827 1999 assequuti,
1876 1942 1994 1982 cum

408 2034 614 2095 septem
644 2024 833 2079 diebus
860 2026 910 2077 in
943 2025 1141 2095 templo
1167 2024 1345 2077 fuerit.
1370 2023 1532 2090 Quem
1552 2030 1597 2074 et
1626 2020 1998 2091 apprehensum

410 2120 660 2172 ualuimus
688 2118 964 2170 secundum
992 2118 1151 2185 legem
1177 2124 1398 2168 nostram
1419 2112 1676 2184 judicare.
1705 2111 1835 2166 Vide
1863 2125 1999 2180 quo.

412 2210 574 2264 modo
600 2218 655 2264 et
680 2208 851 2278 legem
871 2209 1195 2263 contumelia
1225 2206 1461 2260 afﬁciant
1494 2224 1508 2259 :
1538 2205 1638 2260 nisi
1668 2204 1892 2259 fortasse
1914 2219 2001 2258 se-

410 2301 644 2355 cundum
693 2300 865 2370 legem
915 2310 1053 2361 erat,
1085 2300 1392 2362 verberare,
1434 2295 1703 2360 occidere,
1736 2294 1994 2349 insidiari.

411 2392 664 2462 Sequitur
690 2391 862 2462 Lysim
891 2391 1178 2445 accusatio.
1230 2390 1600 2458 Superveniens
1625 2398 1792 2440 autem
1818 2385 2000 2456 Lysias

412 2483 641 2535 tribunus
661 2498 775 2534 cum
800 2482 848 2533 vi
879 2497 1065 2550 magna
1086 2481 1269 2549 eripuit
1296 2495 1410 2532 eum
1437 2495 1500 2531 ea:
1525 2477 1755 2531 manibus
1793 2478 1995 2531 nostris.

412 2574 527 2631 Non
554 2574 911 2629 conveniebat
941 2574 1038 2639 illi,
1075 2573 1266 2642 inquit,
1299 2588 1412 2627 rem
1444 2570 1581 2625 hanc
1606 2569 1806 2635 facere,
1839 2585 1998 2640 quam

415 2675 592 2719 tamen
622 2663 770 2719 fecit.
808 2664 888 2717 Ea:
915 2681 1013 2732 quo
1041 2665 1227 2732 poteris
1250 2664 1492 2733 judicans
1535 2663 1599 2715 de
1646 2661 1725 2714 his
1769 2661 2001 2714 omnibus

413 2773 733 2829 cognoscere,
766 2760 827 2809 de
854 2756 1033 2823 quibus
1065 2772 1155 2809 nos
1189 2770 1487 2808 accusamus
1506 2754 1671 2805 illum.
1699 2751 1753 2805 9.
1786 2752 2001 2821 Adjece-

413 2861 528 2905 runt
556 2860 725 2903 autem
761 2860 806 2902 et
832 2848 1035 2909 Judaei.
1070 2848 1288 2901 dicentes
1315 2847 1421 2900 haec
1452 2846 1519 2897 ita
1554 2861 1609 2897 se
1635 2843 1835 2898 habere.
1864 2843 2000 2910 Quid

414 2957 539 3012 ergo
571 2938 805 2993 Paulus?
836 2955 959 2993 num
985 2940 1048 2991 ad
1078 2938 1191 2991 haec
1237 2936 1415 2990 tacet?
1445 2935 1681 2999 Minime,
1712 2933 1806 2988 sed
1834 2934 2003 2987 libere

413 3034 649 3104 liquitur
676 3033 870 3086 iterum
899 3039 952 3084 et
982 3030 1293 3098 reSpondet,
1324 3028 1485 3108 idque
1507 3026 1723 3080 volente
1750 3025 1998 3095 prteside;

412 3124 649 3181 subdidit
676 3124 823 3179 enim
857 3140 870 3175 :
906 3140 925 3174 ι
966 3122 1053 3176 10.
1086 3121 1383 3190 Respondit
1428 3128 1607 3175 autem
1639 3118 1872 3183 Paulus,
1904 3132 2003 3170 an-

416 3227 615 3273 nuente
641 3216 744 3271 sibi
786 3214 1010 3285 przeside
1051 3225 1106 3266 ut
1150 3214 1391 3266 diceret:
1426 3211 1503 3265 Ex
1550 3211 1731 3265 multis
1770 3210 1921 3264 annis
1954 3218 2005 3262 te

414 3325 536 3365 esse
554 3309 759 3378 justum
778 3306 1011 3377 judicem
1039 3305 1186 3374 genti
1217 3302 1341 3357 huic
1378 3304 1557 3357 sciens
1583 3342 1597 3365 ,
1647 3302 1788 3356 bono
1824 3300 2006 3353 animo

417 3417 513 3471 pre
540 3416 627 3455 me
656 3395 1003 3452 satisfaciam.
1036 3397 1123 3449 11.
1156 3394 1313 3449 Potes
1335 3394 1478 3447 enim
1501 3406 1849 3462 cognoscere,
1883 3390 2004 3459 quia

422 3504 527 3544 non
587 3488 705 3558 plus
750 3495 875 3542 sunt
936 3485 1065 3539 mihi
1114 3484 1271 3550 dies,
1347 3499 1508 3552 quam
1552 3482 1873 3547 duodecim,
1940 3496 2007 3535 ex

424 3594 532 3651 quo
557 3578 773 3634 ascendi
793 3578 1016 3633 adorare
1063 3578 1114 3631 in
1155 3576 1453 3632 Jerusalem
1490 3593 1504 3629 :
1538 3576 1623 3630 i2.
1658 3585 1713 3631 et
1746 3591 1920 3646 neque
1950 3576 2003 3630 in

428 3669 629 3740 templo
678 3669 990 3724 invenerunt
1018 3683 1104 3722 me
1140 3683 1260 3729 cum
1301 3667 1482 3735 aliquo
1525 3666 1885 3736 disputantem
1916 3676 2009 3721 aut

422 3776 744 3818 concursum
775 3759 1054 3815 facientem
1082 3760 1274 3822 turbze,
1298 3773 1473 3828 neque
1494 3757 1547 3811 in
1578 3757 1884 3827 synagogis,
1916 3758 2003 3812 15.

424 3868 597 3923 neque
637 3852 690 3907 in
731 3852 989 3907 civitate:
1028 3867 1199 3920 neque
1240 3851 1468 3920 probare
1507 3858 1731 3920 possunt
1788 3866 1887 3914 ea,
1940 3851 2009 3907 de

422 3945 613 4014 quibus
644 3958 787 3998 nunc
811 3958 897 3997 me
922 3951 1192 3998 accusant.
1230 3962 1247 3993 ι
1293 3941 1407 3995 Νοιι
1439 3950 1563 3996 sunt
1596 3942 1711 3996 ha:c
1741 3943 2009 3997 adulatio-
2038 4008 2045 4013 1

426 4041 507 4093 nis
536 4038 718 4104 verba,
753 4037 1028 4093 testiﬁcari
1053 4036 1211 4105 iudici
1237 4036 1539 4105 justitiam;
1571 4036 1666 4091 sed
1698 4037 1785 4090 illa
1811 4037 2009 4107 potius,

425 4130 551 4186 Cum
579 4131 632 4182 in
678 4130 837 4182 multa
882 4144 1002 4199 pace
1039 4145 1250 4197 agamus
1294 4144 1383 4197 per
1426 4137 1489 4181 te.
1524 4127 1632 4182 Cur
1658 4144 1788 4198 ergo
1818 4130 2013 4199 injuste

428 4220 720 4275 seditiones
746 4217 945 4288 agitis?
977 4218 1255 4287 Perpende
1276 4226 1480 4284 autem,
1516 4218 1591 4272 illi
1611 4220 1676 4272 ad
1697 4221 2011 4288 injustitiam

434 4309 723 4380 pellebant,
760 4309 845 4363 hic
887 4308 1148 4377 justitiam
1197 4308 1473 4374 quzerebat
1515 4327 1528 4361 :
1579 4308 1702 4365 ideo
1754 4310 2010 4366 dicebat:

433 4402 570 4457 Bono
613 4403 783 4454 animo
829 4417 921 4471 pro
974 4418 1053 4454 me
1089 4400 1435 4469 satisfaciam;
1476 4400 1670 4456 deinde
1712 4417 1741 4455 a
1776 4413 2017 4473 tempore

432 4495 751 4549 confirmat:
790 4492 853 4547 Et
884 4494 1053 4547 multis
1088 4494 1258 4559 annis,
1292 4493 1484 4561 inquit,
1514 4503 1562 4546 te
1587 4494 1809 4552 iudicem
1832 4498 2013 4551 sciens.

436 4586 502 4641 Et
535 4585 661 4656 quid
696 4585 796 4639 hoc
836 4585 901 4639 ad
942 4586 1455 4639 demonstrationem
1488 4585 1818 4642 conducebat
1841 4589 1864 4640 ?
1887 4588 2019 4643 Mul-

435 4685 544 4730 tum
577 4693 590 4728 :
622 4675 858 4729 ostendit
901 4675 1045 4729 enim
1073 4675 1248 4744 ipsum
1299 4690 1512 4745 quoque
1557 4678 1732 4742 scire,
1785 4680 1917 4734 nihil
1960 4697 2020 4749 se

434 4781 619 4821 eorum
668 4766 895 4829 fet-isse,
934 4766 1001 4820 de
1038 4767 1230 4835 quibus
1266 4772 1633 4822 accusabatur.
1685 4770 1740 4825 Si
1782 4787 1911 4826 vero
1937 4788 2022 4827 se-

434 4858 691 4912 ditionem
717 4858 1058 4920 concitasset,
1088 4858 1200 4926 ipse
1225 4858 1389 4927 jndex
1419 4867 1638 4927 nosset,
1667 4878 1840 4931 neque
1872 4864 2020 4918 ilium

436 4958 580 5003 taiua
606 4963 692 5002 res
722 4949 931 5002 lateret.
965 4948 1168 5003 Deinde
1196 4950 1320 5017 quia
1340 4961 1619 5005 accusator
1640 4952 1770 5006 nihil
1792 4954 2010 5023 probare

439 5045 683 5112 potuerat
721 5041 1105 5113 Jerosolymis,
1137 5042 1258 5097 vide
1288 5044 1411 5113 quid
1445 5044 1587 5099 dicat
1617 5064 1630 5100 :
1669 5047 1912 5103 Omnibus
1938 5053 2023 5121 qui

420 5133 491 5199 ,ἐκ
535 5142 640 5199 toto
667 5134 785 5189 orbe
811 5145 929 5187 sunt
964 5133 1189 5199 Judceis,
1226 5136 1559 5191 mendacium
1603 5140 1882 5195 mendacio
1926 5145 2023 5197 ad-

439 5226 570 5282 dens
595 5228 637 5281 ⁸.
662 5226 787 5283 Ideo
818 5227 1011 5282 Paulus
1038 5228 1163 5283 inde
1191 5229 1337 5283 illum
1359 5230 1673 5295 deturbatis,
1707 5234 1781 5287 ait
1829 5252 1842 5285 :
1884 5235 2021 5290 Ado-

439 5327 641 5375 raturus
661 5319 867 5373 ascendi
884 5333 905 5383 ;
934 5321 1084 5390 quasi
1112 5336 1172 5375 se
1202 5321 1279 5377 sic
1306 5337 1537 5393 purgans
1563 5323 1821 5379 :Tantnm
1853 5329 2026 5390 abest.

442 5416 496 5462 nt
522 5407 821 5466 seditiones
849 5411 1078 5466 excitem
1106 5427 1123 5476 ;
1153 5423 1205 5466 et
1238 5413 1291 5468 in
1326 5416 1429 5469 hoc
1457 5429 1697 5470 moratur
1724 5419 2029 5486 ratiocinio,

438 5500 583 5569 quod
605 5510 752 5557 certe
774 5502 1008 5557 validum
1030 5513 1187 5567 erat;
1220 5504 1368 5560 addit
1398 5508 1538 5561 enim
1564 5520 1585 5559 'z
1621 5506 1800 5578 Neque
1824 5511 1875 5563 in
1907 5524 2032 5565 tem-

441 5591 546 5661 plo,
575 5609 734 5661 neque
754 5594 807 5647 in
828 5595 1049 5662 civitate,
1073 5612 1229 5667 neque
1248 5599 1300 5651 in
1330 5599 1599 5670 synagogis
1629 5600 1923 5655 invenerunt
1953 5619 2031 5657 me

510 5728 525 5759 ¹
566 5728 708 5786 illud,
733 5730 1065 5791 mendacium,
1084 5731 1338 5784 mendacio
1359 5733 1566 5791 addens,
1605 5734 1753 5786 deest
1776 5735 1825 5785 in
1849 5749 1967 5787 uno.

506 5790 578 5851 (η)
596 5798 709 5861 Quae
735 5793 864 5861 inter
888 5794 1093 5861 uncinos
1113 5792 1274 5844 clausa
1292 5801 1404 5845 sunt
1421 5807 1516 5846 non
1540 5790 1832 5861 legimus-tu
1848 5798 2031 5859 uenti,

446 5857 591 5916 Itque
617 5865 647 5901 e
664 5853 835 5903 Savilto
850 5855 1076 5918 suppleta
1100 5861 1233 5905 sunt.

1440 447 1508 505 ΚΝ
1544 448 1730 505 ACTA
1768 447 2285 505 APOSTOLURUM.
2330 451 2555 507 IIOMIL.
2600 452 2661 508 L.

3581 462 3686 517 διδ

2103 577 2217 614 cum
2246 562 2418 633 aliqua
2457 565 2821 636 disputantem.
2861 568 3012 636 Quod
3055 573 3220 629 etiam
3249 589 3432 630 verum
3458 586 3593 632 erat.
3630 577 3695 631 Et

2105 652 2195 707 ille
2222 654 2438 723 quidem
2472 657 2619 711 illum
2644 657 2937 729 Principem
2958 662 3110 729 dicit,
3137 666 3287 735 quasi
3318 667 3371 722 in
3395 682 3572 738 pugna
3598 675 3693 721 aut

2104 749 2363 809 tumultu:
2396 750 2482 805 hic
2506 765 2638 806 vero
2672 754 2794 809 vide
2817 770 2977 824 quam
3006 769 3284 815 mansuete
3321 761 3646 830 respondeat
3674 779 3688 814 :

2108 856 2128 890 s
2170 841 2258 895 M.
2305 841 2581 899 Confiteor
2625 855 2803 899 autem
2848 847 2941 901 tibi
2987 848 3129 918 quod
3179 852 3473 906 secundum
3524 853 3687 919 viam,

2101 945 2258 1001 quam
2289 943 2479 988 vocant
2509 935 2778 1005 htercsim,
2806 939 2886 993 sic
2914 942 3088 1009 patrio
3110 941 3218 996 Deo
3235 941 3432 1003 servio.
3461 944 3690 999 credens

2098 1024 2372 1087 omnibus,
2403 1042 2523 1096 quae
2551 1029 2602 1083 in
2636 1030 2753 1100 lege
2783 1042 2835 1087 et
2857 1032 3138 1102 prophetis
3167 1035 3365 1104 scripta
3393 1044 3517 1090 sunt
3542 1053 3559 1103 ;
3596 1037 3689 1094 15.

2102 1128 2251 1182 spem
2277 1115 2481 1172 habens
2504 1120 2553 1173 in
2586 1119 2790 1188 Deum,
2821 1138 2981 1193 quam
3024 1133 3077 1179 et
3130 1126 3229 1193 ipsi
3272 1127 3689 1195 amplectuntur,

2103 1204 2333 1260 futuram
2366 1212 2815 1267 resurrectionem
2840 1216 3108 1282 justorum
3136 1227 3189 1270 et
3216 1218 3561 1285 injustorum.
3594 1237 3614 1270 ι

2170 1298 2224 1352 Ξ.
2265 1298 2433 1355 Vide:
2467 1302 2636 1371 ipsum
2670 1305 2742 1358 illi
2769 1307 3110 1373 separabant,
3137 1307 3222 1361 hic
3249 1323 3377 1362 vero
3403 1324 3461 1361 se
3489 1309 3685 1377 adjun-

2101 1389 2176 1458 git
2216 1391 2313 1461 legi
2360 1407 2482 1445 sese
2513 1395 2805 1461 purgando.
2838 1396 2905 1449 Et
2941 1397 3083 1465 quod
3106 1398 3311 1453 dixerat
3342 1398 3690 1466 confirmans,

2103 1480 2295 1535 iterum
2326 1483 2509 1551 adjicit
2536 1500 2550 1539 :
2581 1484 2669 1540 16.
2704 1484 2766 1539 In
2790 1486 2884 1540 hoc
2910 1498 2954 1541 et
2980 1489 3088 1557 ipse
3114 1489 3292 1542 studeo
3323 1490 3431 1544 sine
3463 1489 3690 1557 offendi-

2100 1573 2216 1626 culo
2243 1576 2595 1628 conscientiam
2636 1577 2819 1633 habere
2842 1579 2910 1631 ad
2939 1577 3104 1632 Deum
3130 1590 3179 1634 et
3205 1580 3273 1633 ad
3309 1581 3535 1635 homines
3562 1598 3694 1635 sem-

2102 1680 2209 1728 per.
2237 1664 2321 1718 17.
2354 1663 2476 1719 Post
2502 1683 2661 1720 annos
2681 1679 2849 1722 autem
2867 1669 3055 1737 plures,
3075 1671 3418 1741 elcemosynas
3462 1675 3693 1743 {acturus

2098 1755 2151 1806 in
2186 1765 2382 1824 gentem
2423 1772 2606 1819 meam,
2659 1759 2788 1821 veni,
2831 1769 2876 1812 et
2923 1759 3221 1815 oblationes.
3267 1761 3356 1817 18.
3403 1760 3469 1815 In
3513 1762 3694 1831 quibus

2099 1856 2391 1898 invenerunt
2425 1862 2505 1899 me
2540 1849 2866 1916 puriﬁcatam
2907 1850 2960 1903 in
2988 1850 3176 1919 templo
3199 1890 3216 1916 ,
3250 1868 3352 1906 non
3381 1867 3497 1905 cum
3521 1852 3685 1914 turba,

2100 1951 2256 1999 neque
2282 1952 2393 1988 cum
2418 1938 2653 1989 tumultu.
2687 1937 2795 1992 Cur
2818 1954 2945 2009 ergo
2973 1940 3261 1995 ascendisti
3281 1942 3305 1995 ?
3328 1955 3425 1995 cur
3448 1943 3643 1996 venisti
3669 1944 3691 1996 ?

2099 2026 2434 2091 Adoraturus,
2455 2029 2812 2098 elemosynas,
2834 2031 3021 2100 inquit,
3041 2036 3292 2101 facturus.
3311 2032 3491 2104 Itaque
3513 2034 3565 2088 id
3584 2050 3688 2089 non

2101 2127 2219 2171 erat
2248 2119 2508 2173 seditiosi.
2556 2120 2759 2175 Deinde
2789 2122 2999 2177 illorum
3049 2124 3229 2194 dejieit
3256 2141 3537 2195 personam
3556 2167 3572 2192 ,
3601 2128 3690 2182 di-

2103 2225 2231 2265 cens
2262 2212 2379 2265 sine
2419 2211 2769 2267 discrimine:
2825 2213 2889 2267 In
2917 2216 3094 2283 quibus
3139 2233 3219 2270 me
3262 2218 3557 2272 invenerunt
3599 2220 3689 2274 19.

2101 2301 2308 2368 quidam
2339 2317 2402 2354 ea:
2446 2301 2567 2357 Asia
2592 2300 2785 2367 Judtvi,
2810 2320 2937 2373 quos
2976 2306 3237 2375 Oportebat
3261 2308 3400 2376 apud
3430 2317 3476 2359 te
3505 2317 3691 2378 prwsto

2103 2406 2234 2453 esse,
2283 2400 2329 2443 et
2376 2407 2615 2445 accusare
2639 2433 2654 2457 ,
2678 2394 2720 2445 si
2741 2393 2867 2461 quid
2894 2394 3133 2448 haberent
3159 2395 3425 2449 adversum
3464 2414 3543 2452 me
3565 2413 3582 2449 :
3602 2398 3692 2453 20.

2102 2489 2189 2531 aut
2220 2481 2271 2532 lii
2300 2480 2399 2547 ipsi
2426 2481 2628 2545 dicant,
2662 2483 2705 2535 si
2730 2482 2852 2549 quid
2874 2483 3168 2537 invenerunt
3202 2486 3254 2538 in
3284 2502 3362 2539 me
3392 2486 3691 2554 iniquitatis,

2102 2590 2215 2625 cum
2239 2582 2358 2625 stem
2381 2574 2431 2626 in
2448 2574 2684 2637 concilio,
2706 2574 2794 2627 21.
2820 2575 2918 2627 nisi
2948 2575 3012 2627 de
3040 2576 3134 2627 hac
3161 2592 3264 2629 una
3290 2593 3429 2642 voce,
3459 2594 3559 2644 qua
3584 2580 3694 2631 cla-

2104 2664 2236 2714 mavi
2276 2663 2404 2715 inter
2430 2677 2514 2715 eos
2536 2672 2677 2715 stans
2718 2679 2735 2715 :
2768 2664 2831 2715 de
2858 2666 3221 2718 resurrectione
3249 2676 3563 2719 mortuorum
3600 2684 3696 2737 ego

2104 2753 2254 2807 hodie
2263 2754 2471 2823 judicor
2496 2771 2527 2807 a
2548 2756 2705 2809 vobis.
2737 2755 2860 2810 Ilaec
2881 2765 2962 2811 cst
2992 2758 3208 2825 cepiosa
3226 2758 3557 2827 justiticatio,
3590 2776 3692 2814 non

2105 2843 2287 2912 fugere
2315 2844 2382 2898 ab
2412 2845 2814 2900 accusatoribus
2834 2887 2849 2912 ,
2896 2847 2990 2900 sed
3022 2857 3263 2915 paratum
3291 2863 3411 2902 esse
3453 2850 3519 2903 ad
3568 2850 3692 2903 red-

2104 2934 2333 2988 dendam
2362 2935 2607 2989 omnibus
2639 2937 2916 2990 rationem.
2951 2936 3029 2991 De
3061 2941 3425 2993 resurrectione
3469 2950 3695 2993 mortuo-

2104 3042 2219 3078 rum
2261 3040 2373 3095 ego,
2409 3027 2600 3094 inquit,
2636 3026 2787 3080 hodie
2814 3026 3027 3099 judicor
3051 3029 3260 3083 avobis.
3300 3030 3364 3084 Et
3394 3030 3521 3085 nihil
3566 3031 3701 3086 dixit

2106 3129 2314 3180 eorum,
2348 3129 2467 3183 quae
2490 3114 2612 3182 jure
2644 3125 2852 3185 poterat
2872 3116 3053 3173 dicere
3077 3136 3091 3173 :
3118 3117 3261 3188 quod
3290 3120 3524 3176 insidiati
3552 3133 3699 3188 sunt,

2108 3205 2454 3260 detinuerunt
2497 3207 2692 3275 ipsum,
2736 3206 2956 3263 insidias
2985 3217 3296 3264 struxerunt
3345 3211 3363 3280 (
3386 3211 3501 3266 hinc
3554 3212 3701 3267 enim

2108 3298 2176 3351 ab
2206 3298 2339 3365 ipsis
2371 3297 2507 3352 facta
2552 3308 2868 3363 narrantur;
2902 3301 2969 3355 ab
2998 3302 3105 3356 hoc.
3128 3313 3305 3357 autem
3326 3344 3341 3367 ,
3372 3305 3495 3359 licet
3520 3305 3571 3359 in
3604 3321 3701 3375 pe-

2108 3390 2277 3444 riculo
2305 3400 2551 3446 versante
2569 3432 2584 3455 ,
2614 3408 2720 3446 non
2747 3392 2897 3464 item)
2922 3435 2936 3456 ,
2993 3394 3087 3448 sed
3118 3404 3276 3459 tacet,
3305 3405 3361 3450 et
3385 3397 3556 3451 solum
3584 3412 3706 3453 sese

2110 3489 2322 3550 purgat,
2356 3490 2409 3536 et
2440 3481 2485 3535 si
2512 3481 2790 3535 innumera
2813 3481 2995 3538 dicere
3019 3485 3296 3551 potuisset.
3328 3485 3439 3540 lloc
3469 3487 3617 3540 illmn
3651 3489 3703 3541 in

2107 3572 2354 3626 Cmsarea
2394 3572 2598 3625 clarum
2630 3572 2920 3635 reddebat,
2951 3574 3094 3643 quod
3126 3590 3249 3630 cum
3292 3584 3441 3630 tanto
3489 3578 3704 3647 agmine

2108 3661 2369 3717 venisset.
2397 3659 2462 3714 In
2483 3662 2664 3729 quibus
2698 3663 2991 3716 invenerunt
3018 3680 3117 3730 me,
3146 3666 3344 3732 inquit,
3380 3667 3707 3736 puriﬁcatam

2108 3755 2164 3806 in
2208 3754 2411 3823 templo.
2463 3752 2741 3821 Quomodo
2772 3770 2901 3824 ergo
2947 3755 3201 3811 violavit?
3237 3773 3343 3812 non
3372 3761 3514 3814 enim
3550 3761 3692 3830 ejus-

2110 3845 2232 3901 dem
2275 3846 2507 3901 hominis
2533 3856 2676 3915 erat,
2737 3848 3030 3919 puriticari,
3059 3850 3317 3914 adorare,
3349 3862 3403 3906 et
3441 3853 3561 3907 ideo
3607 3869 3704 3909 vc-

2114 3940 2264 4006 nire,
2324 3949 2379 3996 ct
2450 3941 2673 3995 violare.
2745 3941 2859 3998 Hoc
2915 3954 3093 3998 autem
3144 3944 3209 3998 ad
3272 3944 3707 4014 justitit-ationem

2114 4033 2362 4089 conferre
2407 4035 2673 4097 videatur,
2707 4036 2849 4106 quod
2879 4052 2983 4090 non
3012 4036 3065 4090 in
3098 4037 3316 4108 longum
3362 4041 3559 4095 incidat
3588 4058 3709 4095 ser-

2117 4141 2352 4180 monem.
2396 4125 2462 4180 Et
2498 4125 2831 4195 gratificatur
2874 4126 3064 4196 judici.
3098 4128 3225 4181 Mihi
3273 4139 3450 4184 autem
3502 4130 3709 4185 videtur

2116 4216 2276 4269 etiam
2306 4215 2409 4269 hoc
2452 4214 2821 4269 defensionem
2848 4229 2997 4269 suam
3032 4216 3369 4271 contrahere.
3403 4219 3507 4274 Sed
3546 4235 3709 4289 supc-

2117 4308 2228 4360 rius
2255 4306 2395 4360 dicta
2428 4317 2756 4377 repetamus.
2784 4306 2919 4374 Quia
2952 4308 3182 4363 antehac
3221 4310 3446 4365 multum
3488 4315 3708 4366 concio-

2120 4406 2274 4451 natns
2296 4408 2410 4451 erat
2427 4396 2717 4465 Tertullus,
2742 4398 3033 4454 ostendens
3054 4415 3115 4453 se
3132 4401 3451 4469 compendio
3471 4404 3709 4469 studere,

2120 4507 2224 4543 non
2254 4489 2408 4556 dixit,
2441 4491 2577 4545 Audi
2606 4506 2757 4556 rem;
2792 4491 2906 4557 sed,
2941 4491 3023 4546 Ne
3055 4502 3103 4545 te
3149 4494 3339 4548 diutius
3365 4512 3554 4562 morer,
3590 4514 3713 4568 rogo

2122 4581 2300 4633 audias
2326 4598 2417 4634 nos
2443 4598 2535 4651 pro
2563 4591 2650 4635 tua
2679 4582 3010 4637 humanitate.
3060 4584 3221 4640 Forte
3246 4595 3303 4639 ut
3328 4591 3550 4656 gratiam
3598 4590 3717 4658 ejus

2123 4681 2415 4739 aucupetur
2463 4672 2541 4725 sic
2587 4686 2890 4728 sermonem
2930 4684 3201 4744 apparat:
3237 4677 3317 4731 vel
3362 4680 3522 4731 etiam
3553 4695 3710 4733 man-

2125 4763 2420 4819 suetudinis
2446 4764 2656 4833 signum
2698 4774 2801 4831 est,
2830 4780 2951 4819 cum
2975 4768 3094 4837 quis
3123 4769 3270 4837 plura
3300 4769 3483 4829 dicere
3510 4772 3717 4835 valens,

2127 4869 2291 4925 pauca
2320 4855 2469 4919 dicit,
2503 4863 2558 4907 nt
2612 4870 2679 4909 ne
2710 4855 3009 4910 molestiam
3042 4858 3235 4926 pariat.
3270 4858 3591 4926 Invenimus,
3638 4864 3721 4916 in~

2125 4947 2260 5016 quit,
2294 4946 2426 4999 hunc
2454 4947 2616 4999 virum
2658 4946 2955 5017 pestiferum
2983 4963 3003 5002 :
3032 4949 3138 5019 qui,
3177 4950 3368 5021 inquit,
3406 4963 3451 5005 et
3475 4954 3720 5023 templum

2130 5039 2323 5093 stature
2344 5038 2565 5090 tentavit.
2596 5037 2734 5106 Ergo
2753 5052 2858 5093 non
2878 5038 3119 5095 violavit.
3155 5041 3291 5109 Quid
3312 5044 3487 5113 igitur,
3520 5046 3565 5098 si
3595 5046 3721 5100 alibi

2129 5114 2236 5185 hoc
2266 5127 2431 5182 fecit?
2462 5128 2678 5183 Minime
2706 5145 2719 5178 :
2749 5130 2882 5184 alias
2902 5132 3045 5186 enim
3097 5131 3350 5198 dixisset;
3398 5135 3508 5202 jam
3556 5151 3684 5190 vero
3707 5176 3722 5197 .

2132 5214 2384 5284 'l'entavit,
2420 5217 2587 5282 dicit;
2616 5233 2724 5288 quo
2744 5229 2925 5274 autem
2953 5220 3134 5287 modo,
3166 5236 3273 5276 non
3303 5222 3472 5276 addit.
3509 5222 3569 5275 Et
3596 5240 3716 5291 qua:

2133 5310 2356 5365 Paulum
2387 5310 2604 5379 quidem
2646 5313 3001 5381 spectabant,
3033 5313 3111 5368 sic
3139 5314 3363 5377 extulit;
3394 5314 3516 5369 vide
3542 5325 3720 5370 autem

2133 5401 2403 5471 quomodo
2429 5418 2548 5471 qua:
2574 5417 2669 5456 sua
2698 5402 3064 5457 suntminuat.
3090 5403 3252 5468 Quem
3272 5406 3718 5473 appreheuamtus,

2135 5491 2325 5559 inquit,
2356 5500 2403 5545 et
2433 5493 2680 5546 voluimus
2710 5493 2950 5563 judicare
2975 5496 3252 5547 secundum
3294 5496 3450 5565 legem
3475 5507 3720 5550 nostram.

2135 5581 2506 5652 Superveniens
2534 5593 2705 5637 autent
2733 5581 2916 5653 Lysias
2966 5585 3198 5640 tribunus
3248 5602 3363 5640 cum
3393 5590 3554 5640 multa
3581 5589 3629 5641 vi
3657 5605 3721 5643 ea:

2135 5673 2368 5727 manibus
2390 5675 2574 5727 nostris
2613 5674 2853 5744 abripuit.
2893 5675 2990 5731 Hic
3009 5676 3279 5745 ostendit,
3307 5678 3409 5734 sibi
3439 5679 3721 5736 molestum

2136 5779 2257 5820 esse
2284 5764 2352 5819 ad
2382 5773 2639 5822 extranea
2686 5766 2971 5824 tribunalia
2998 5770 3205 5834 venire,
3236 5780 3291 5827 et
3315 5771 3454 5843 quod
3486 5788 3589 5827 non
3624 5774 3719 5842 ipsi

2140 5856 2349 5914 molesti
2403 5855 2653 5928 fuissent,
2704 5859 2805 5914 nisi
2857 5861 2969 5932 ipse
3018 5863 3311 5933 coegisset,
3342 5863 3589 5935 quodque
3615 5879 3723 5922 non
