4112 6426
353 472 454 529 3η

353 586 418 642 ad
464 585 612 640 illum
668 582 958 653 pertineret
1007 578 1179 632 virum
1229 575 1476 645 abripere
1507 589 1520 626 ε
1551 584 1673 623 nam
1729 563 1939 634 injuria:

355 687 538 730 contra
565 689 668 731 nos
690 681 864 740 erant,
889 680 944 726 et
974 669 1235 740 judicium
1267 665 1407 736 apud
1439 676 1537 717 nos
1579 658 1692 715 ﬂeri
1722 664 1941 726 oporte-

356 769 464 822 bit.
494 767 644 834 Quod
661 773 841 820 autem
864 776 953 818 res
975 763 1053 817 sic
1082 760 1298 824 habeat,
1327 755 1603 826 sequentia
1629 750 1748 805 vide
1775 766 1805 844 ε.
1819 748 1947 802 Cum

357 860 518 914 multa
537 860 607 928 vi,
640 858 834 929 inquit.
866 857 956 913 Vis
981 856 1124 911 enim
1151 861 1286 908 erat.
1333 850 1372 904 Α
1402 865 1502 919 quo
1547 845 1732 916 poteris
1760 857 1949 913 cogno-

356 969 512 1006 scere.
541 951 727 1024 Neque
755 964 1011 1006 accusare
1040 947 1204 1003 audet
1227 963 1240 998 :
1261 953 1375 1000 erat
1395 931 1538 998 enim
1564 941 1647 995 vir
1671 938 1944 994 clemens:

361 1060 536 1114 neque
577 1045 695 1099 sine
723 1057 884 1096 causa
915 1038 1298 1111 prmtercurrit.
1351 1033 1556 1090 Deinde
1598 1033 1827 1092 iterum,
1881 1042 1949 1082 ne

359 1134 576 1187 mentiri
605 1132 907 1194 videretur,
941 1131 1115 1200 ipsum
1157 1128 1378 1182 Paulum
1422 1123 1503 1178 sui
1535 1122 1703 1192 ipsius
1727 1133 1950 1174 accusa-

359 1234 529 1278 torem
561 1222 782 1277 inducit.
814 1221 860 1274 Α
897 1236 994 1288 quo
1025 1229 1166 1289 potes
1190 1257 1206 1282 ,
1259 1217 1449 1286 inquit,
1499 1215 1562 1268 de
1609 1213 1688 1266 his
1716 1211 1948 1266 omnibus

359 1315 648 1383 dijudicans
689 1327 1013 1383 cognoscere.
1046 1309 1325 1366 Accedunt
1363 1316 1547 1376 postea
1575 1305 1838 1360 dictorum
1868 1312 1950 1356 tc-

358 1415 470 1459 stes
503 1422 518 1460 :
549 1405 856 1475 Adjecerunt
884 1411 1120 1456 autem'et
1146 1399 1341 1463 Judcel,
1375 1399 1596 1451 dicentes
1641 1397 1749 1448 hate
1786 1395 1860 1448 ita
1898 1409 1952 1446 se

363 1495 562 1549 habere.
593 1499 950 1550 Accusatores
970 1501 1096 1547 sunt
1124 1501 1180 1546 et
1207 1500 1377 1546 testes
1403 1499 1459 1544 ct
1484 1497 1846 1543 accusatores.
1881 1485 1953 1539 At

358 1586 558 1642 Paulus
587 1585 877 1656 respondet
907 1602 921 1638 :
954 1585 1133 1640 Sciens
1159 1600 1222 1638 ea:
1249 1582 1424 1636 multis
1445 1581 1594 1634 annis
1634 1589 1682 1633 te
1720 1593 1826 1632 esse
1857 1577 1955 1646 ju-

361 1691 493 1733 stum
510 1680 760 1750 judicetn.
791 1679 906 1733 Non
937 1692 1068 1748 ergo
1100 1676 1413 1745 peregrinus
1441 1681 1525 1726 est
1548 1685 1720 1740 neque
1745 1669 1952 1723 alienus

361 1786 538 1842 neque
581 1781 825 1835 novator,
854 1771 897 1823 si
926 1784 957 1823 a
985 1769 1168 1822 multis
1195 1768 1353 1821 annis
1399 1763 1549 1819 novit
1573 1761 1831 1832 judicem.
1883 1758 1954 1814 Et

361 1872 508 1919 recte
534 1862 736 1917 addidit
765 1861 916 1925 illud,
947 1859 1178 1926 Iustum,
1209 1868 1354 1912 utne
1382 1856 1448 1911 ad
1470 1868 1737 1910 summum
1768 1852 1949 1922 ponti-

362 1955 518 2011 ﬁcem
549 1955 861 2023 resjiicerct,
907 1954 988 2008 vel
1018 1955 1083 2006 ad
1121 1951 1376 2022 populum
1404 1991 1420 2015 ,
1454 1947 1536 2003 vel
1569 1945 1636 2001 ad
1668 1953 1954 2000 accusato-

363 2063 499 2103 rem.
534 2046 690 2112 Vide,
723 2045 997 2116 quomodo
1024 2059 1130 2100 non
1163 2043 1429 2114 processit
1453 2039 1519 2095 ad
1546 2037 1952 2097 contumeliam,

362 2139 463 2195 etii
495 2139 787 2193 neocssitas
813 2146 980 2192 esset.
1011 2136 1252 2199 Credens,
1286 2133 1478 2203 inquit,
1527 2131 1760 2186 omnibus
1779 2170 1794 2194 ,
1845 2143 1958 2198 qua

361 2231 416 2283 in
438 2231 544 2299 lege
563 2239 697 2282 sunt.
729 2228 839 2284 lloc
867 2228 1041 2292 dixit,
1082 2226 1375 2281 ostendens
1405 2224 1611 2279 nullum
1654 2221 1950 2286 hominem,

365 2320 454 2389 qui
503 2319 689 2374 credat
729 2317 1473 2379 resurrectionemfuturam,
1517 2315 1639 2369 talia
1692 2313 1955 2368 facturum

367 2424 523 2474 esse;
546 2425 704 2478 quam
735 2419 790 2464 et
827 2409 902 2463 illi
927 2418 1259 2478 exspectant.
1293 2407 1407 2461 Non
1427 2407 1560 2462 dixit
1584 2407 1652 2461 de
1683 2406 1783 2468 his,
1813 2404 1957 2474 quod

314 2491 318 2495 ’
367 2500 590 2554 credant
633 2499 716 2563 iis,
758 2515 880 2569 quae
910 2500 962 2554 in
1015 2499 1295 2568 prophetis
1334 2498 1531 2567 scripta
1573 2508 1699 2550 sunt
1745 2502 1958 2565 (neque

368 2591 512 2645 enim
539 2591 897 2662 credebant);
947 2591 1042 2647 sed
1077 2591 1162 2646 hic
1203 2591 1454 2645 omnibus
1493 2590 1785 2655 credebat,
1851 2604 1957 2642 non

368 2682 444 2735 illi
476 2697 490 2734 :
518 2682 790 2751 quomodo
843 2690 1046 2748 autem,
1095 2682 1310 2751 longum
1363 2692 1509 2738 esset
1567 2695 1710 2735 nunc
1755 2681 1955 2735 dicere.

366 2771 538 2827 Tanta
564 2773 718 2838 dixit,
759 2783 815 2830 et
838 2789 1100 2846 nusquam
1132 2773 1328 2830 Christi
1357 2775 1622 2830 meminit.
1658 2774 1754 2828 llic
1780 2782 1958 2828 autem

370 2875 428 2918 ut
452 2864 604 2929 dixit,
629 2866 878 2932 (It-edens,
906 2867 1066 2922 etiam
1090 2882 1175 2932 ea,
1200 2882 1319 2936 qua:
1335 2864 1606 2921 Christum
1624 2865 1959 2932 spectabant,

368 2958 772 3028 complectitur;
810 2957 906 3012 sed
933 2958 1147 3013 interim
1193 2959 1243 3011 in
1270 2958 1683 3012 resurrectionis
1710 2972 1964 3012 sermone

372 3058 634 3113 moratur,
663 3049 805 3120 quod
834 3049 1026 3120 dogma
1046 3049 1177 3120 ipsis
1199 3064 1488 3104 commune
1508 3059 1642 3113 erat,
1673 3059 1724 3104 et
1746 3065 1962 3103 omnem

370 3139 652 3196 seditionis
672 3140 1032 3209 suspicionem
1064 3141 1259 3197 aufert.
1297 3141 1498 3196 Deinde
1519 3157 1774 3196 ascensus
1802 3155 1961 3194 eausa

371 3233 632 3302 sequitur.
657 3232 1035 3303 Eleemosynns,
1054 3233 1248 3303 ittquit,
1274 3243 1322 3287 et
1344 3234 1623 3288 oblationes
1650 3237 1884 3302 facturus
1910 3233 1966 3286 in

373 3333 570 3393 gentem
611 3339 795 3388 meam,
823 3323 957 3386 veni,
984 3323 1135 3392 idque
1158 3341 1247 3394 per
1267 3340 1430 3377 annos
1461 3325 1649 3393 plures.
1684 3323 1966 3392 Quomodo

373 3429 503 3482 ergo
552 3415 819 3468 turbasset
866 3430 994 3478 eos,
1053 3414 1247 3484 quibus
1289 3416 1688 3486 cieenmsynam
1741 3415 1966 3469 daturus

378 3512 580 3557 tantum
615 3505 715 3558 iter
752 3505 1109 3573 susceperat?
1141 3504 1261 3558 Non
1291 3522 1406 3559 cum
1436 3505 1603 3569 turba,
1635 3507 1844 3575 inquit,
1875 3523 1966 3560 nec

373 3611 490 3648 cum
518 3596 752 3651 tumultu.
789 3596 994 3666 [ibique
1022 3596 1340 3651 seditionem
1365 3597 1646 3653 inficiatnr.
1680 3597 1843 3652 Recte
1872 3612 1965 3651 au-

377 3697 484 3742 tem
521 3690 740 3742 advocat
771 3701 1114 3744 accusatores
1142 3691 1229 3759 qui
1257 3690 1324 3744 ab
1356 3690 1479 3745 Asia
1499 3733 1512 3756 ,
1561 3691 1746 3746 dicens
1777 3709 1789 3744 :
1827 3689 1966 3757 Quos

377 3783 636 3850 Oportebat
661 3781 801 3850 apud
827 3791 872 3835 te
896 3798 1155 3846 accusare,
1187 3781 1229 3836 si
1273 3782 1398 3851 quid
1424 3782 1662 3836 haberent
1701 3784 1968 3836 adversum

379 3891 475 3928 me.
510 3871 583 3928 Ita
614 3874 949 3940 confidebat,
982 3890 1038 3927 se
1069 3874 1324 3927 mundum
1366 3887 1488 3929 esse
1533 3889 1562 3927 a
1617 3873 1861 3937 crimine,
1912 3883 1968 3927 ut

378 3965 542 4019 etiam
572 3973 826 4033 provocet
859 3979 973 4018 eos.
1006 3964 1073 4018 Et
1105 3981 1208 4018 non
1237 3979 1332 4018 eos
1362 3965 1569 4028 soltnn,
1605 3966 1695 4033 qui
1745 3965 1812 4019 ab
1842 3966 1966 4019 Asia

378 4065 553 4121 erant,
587 4071 771 4108 verum
813 4056 970 4109 etiam
1003 4071 1117 4120 eos,
1141 4058 1226 4124 qui
1257 4072 1321 4110 ex
1337 4055 1659 4120 Jerusalem,
1689 4066 1972 4110 accusato-

379 4162 469 4201 res
489 4162 594 4200 non
620 4148 786 4215 rejieit
809 4164 822 4211 ;
853 4147 944 4201 sed
971 4147 1069 4201 hos
1096 4162 1309 4217 quoque
1329 4157 1516 4202 erocat
1540 4148 1797 4216 a‘djiciens
1823 4166 1835 4201 :
1869 4147 1968 4200 Ant

383 4239 436 4290 hi
462 4239 563 4307 ipsi
605 4238 795 4292 dicunt.
834 4237 1043 4292 Etenim
1090 4238 1210 4292 ideo
1248 4238 1316 4291 ah
1343 4237 1493 4290 initio
1523 4253 1664 4307 aagre
1706 4237 1966 4300 ferebant,

379 4331 522 4398 quod
556 4331 1004 4385 resurrectionem
1045 4331 1384 4400 pra-dicaret.
1419 4331 1482 4384 Ει
1529 4331 1665 4385 bene
1695 4331 1772 4384 sic
1806 4330 1969 4386 facie-

380 4423 470 4478 bat
495 4442 509 4477 :
535 4422 636 4476 hoc
662 4424 803 4476 enim
827 4432 1067 4488 ostenso,
1100 4423 1252 4476 facile
1279 4432 1333 4476 et
1355 4421 1626 4477 Christum
1650 4434 1704 4477 ct
1728 4439 1970 4477 resurre-

379 4513 616 4568 ctionem
645 4513 763 4579 ejus
810 4512 1112 4568 inducebat.
1152 4513 1288 4580 Quid
1327 4513 1644 4577 invenerunt,
1680 4515 1883 4583 inquit,
1916 4515 1970 4568 in

379 4621 460 4658 me
499 4604 781 4675 injustitire,
817 4620 932 4657 cum
957 4614 1142 4657 starem
1163 4604 1216 4657 in
1239 4605 1494 4659 concilio?
1525 4603 1586 4658 In
1613 4606 1849 4673 concilio,
1883 4607 1969 4660 in-

377 4696 531 4766 quit,
561 4695 854 4749 ostettdrns
882 4697 1000 4748 ilius
1031 4693 1164 4748 nihil
1209 4695 1498 4760 invenisse,
1554 4710 1660 4748 non
1721 4696 1966 4764 privatim

380 4785 726 4856 inquisitione
752 4787 906 4850 facta,
939 4785 1036 4840 sed
1059 4785 1402 4841 multitudine
1429 4797 1697 4856 praesente
1725 4798 1779 4841 et
1807 4804 1968 4843 accu-

377 4889 494 4933 rate
521 4877 864 4947 dijudieaute.

450 4969 503 5023 5.
545 4968 696 5034 Quod
725 4978 902 5023 autem
936 4969 1050 5024 haec
1080 4983 1204 5024 vera
1248 4970 1374 5032 sint,
1407 4971 1756 5026 testificantur
1784 4973 1849 5039 ii,
1880 4973 1968 5043 qui

378 5062 448 5117 de
477 5063 577 5116 hoc
601 5071 873 5115 accusant.
903 5061 1026 5116 ideo
1052 5062 1265 5118 dicebat
1289 5081 1303 5118 :
1333 5062 1400 5116 In
1431 5063 1526 5117 hoc
1555 5074 1724 5118 autem
1754 5065 1952 5130 studeo,

381 5164 433 5208 ut
457 5158 567 5210 sine
591 5153 899 5221 oﬂendiculo
927 5153 1290 5209 conscientiam
1333 5157 1544 5211 habeam
1574 5173 1696 5228 erga
1729 5157 1890 5210 Deum
1925 5167 1972 5233 et

378 5266 500 5320 erga
538 5250 785 5303 homines.
820 5247 1055 5305 Perfecta
1083 5249 1225 5304 enim
1255 5249 1371 5305 luce
1398 5251 1567 5305 virtus
1597 5262 1679 5304 est
1703 5293 1715 5314 ,
1759 5251 1972 5321 quando

385 5341 689 5395 hominibus
736 5341 1050 5395 occasiones
1097 5357 1202 5394 non
1248 5339 1474 5405 damus,
1521 5351 1576 5394 ct
1617 5343 1757 5411 apud
1805 5344 1969 5398 Deum

379 5435 658 5489 studemus
686 5449 806 5488 esse
834 5434 949 5487 sine
978 5431 1323 5487 offendiculo.
1351 5431 1465 5497 Qua
1487 5431 1704 5485 clamavi
1728 5433 1780 5487 in
1804 5436 1974 5488 conri-

384 5529 487 5592 llo,
531 5529 721 5598 inquit.
764 5527 1341 5582 Violentiam‘illorum
1381 5525 1615 5580 ostendit
1643 5542 1763 5581 cum
1803 5527 1968 5594 dicit,

386 5616 609 5672 διανηαυὶ
631 5638 649 5684 ;
679 5633 742 5673 ac
767 5619 811 5671 si
842 5618 1048 5674 diceret
1074 5635 1087 5670 :
1116 5617 1232 5672 Non
1263 5627 1486 5687 possunt
1513 5616 1695 5673 dicere
1722 5633 1809 5673 me
1835 5619 1976 5674 elec-

385 5720 624 5777 mosyna‘.
651 5707 871 5762 obtentu
900 5709 1015 5762 haec
1048 5708 1239 5763 fecisse
1263 5725 1277 5760 :
1321 5724 1428 5763 non
1455 5707 1596 5763 enim
1627 5723 1749 5763 cum
1779 5709 1929 5765 turba
1955 5750 1970 5774 ,

386 5809 559 5864 neque
596 5813 715 5851 cum
747 5801 974 5856 tumultu
1003 5800 1104 5857 hoc
1132 5801 1386 5856 faciebam
1417 5817 1431 5854 :
1479 5798 1715 5872 alioquin
1740 5817 1868 5858 vero
1897 5801 1974 5855 itt-

1059 463 1115 520 S.
1155 457 1434 520 JOANNIS
1467 447 1944 512 CllllYSOSTOMI
1983 447 2302 504 ARCHIEP.
2343 447 2877 506 CONSTANTINOP.

3534 448 3640 506 διε

2051 563 2340 633 quisitione
2378 564 2478 619 hac
2517 565 2586 620 de
2616 581 2675 620 re
2703 564 2874 630 facta,
2903 563 3032 619 nihil
3077 564 3197 634 plus
3241 563 3637 619 inveniebatur.

2053 655 2242 710 Vidisti
2282 656 2335 709 in
2364 657 2615 726 periculis
2657 658 3119 711 mansuetudinem
3142 657 3166 709 ?
3192 656 3368 710 vidisti
3403 656 3637 726 linguam

2051 746 2278 802 honesta
2311 748 2618 816 loquentem
2639 791 2653 814 ,
2684 759 2738 803 et
2767 748 3038 816 quomodo
3071 763 3232 800 ιιιιιιιιι
3267 756 3469 800 tantum
3497 764 3643 816 qum-

2051 849 2176 906 rat,
2228 849 2287 894 ut
2331 840 2434 894 sibi
2478 841 2685 909 objecta
2733 840 2968 906 refutet,
3017 856 3117 894 nec
3163 841 3282 893 illos
3328 840 3644 894 criminibus

2051 934 2282 998 obruat,
2332 933 2431 986 nisi
2462 947 2582 986 cum
2612 932 2676 985 ad
2708 931 3077 986 defensionem
3119 932 3444 1002 cogeretur?
3489 942 3545 984 nt
3589 941 3645 986 et

2049 1024 2300 1079 Christus
2326 1023 2540 1080 dicebat
2567 1043 2580 1078 :
2615 1023 2723 1093 Ego
2753 1011 3184 1077 dwmoninm'non
3215 1026 3371 1078 habeo
3396 1067 3410 1090 ,
3437 1026 3524 1078 scd
3553 1024 3645 1077 ha-

2051 1117 2266 1184 noriﬁco
2295 1115 2509 1171 Patrem
2537 1133 2702 1170 meum
2725 1158 2738 1175 ,
2769 1127 2813 1170 et
2841 1133 2926 1170 ros
2952 1117 3297 1170 inhonorastis
3322 1134 3401 1169 me
3438 1117 3456 1186 (
3480 1115 3640 1170 Joun.

2052 1209 2105 1264 8.
2134 1208 2248 1277 49).
2299 1209 2450 1264 llunc
2476 1219 2530 1265 et
2571 1225 2670 1263 nos
2698 1209 2970 1265 imitemur
2997 1228 3009 1264 :
3051 1211 3172 1279 quia
3202 1218 3258 1264 et
3295 1212 3408 1278 ipse
3445 1210 3642 1265 Christi

2055 1300 2296 1354 imitator
2325 1310 2460 1354 erat.
2512 1300 2569 1357 Si
2602 1301 2693 1356 ille
2722 1301 2851 1355 nihil
2884 1302 2950 1355 iis
2974 1342 2988 1366 ,
3035 1303 3124 1370 qui
3152 1301 3218 1354 ad
3247 1302 3448 1355 caulem
3474 1318 3643 1356 vene-

2054 1400 2198 1456 rant,
2229 1407 2482 1460 aspernm
2513 1392 2668 1458 dixit,
2697 1408 2799 1462 qua
2829 1408 2926 1446 nos
2953 1394 3103 1445 venia
3131 1392 3274 1462 digni
3303 1393 3508 1446 erimus
3531 1436 3545 1458 ,
3592 1394 3642 1446 in

2054 1483 2314 1538 conviciis
2344 1494 2400 1536 et
2443 1486 2784 1538 contmneliis
2826 1484 3054 1547 efferati,
3096 1485 3186 1554 qui
3233 1485 3490 1539 scelestos
3528 1501 3646 1539 scc-

2056 1575 2482 1644 lestissimosqne
2513 1590 2766 1630 vocamus
2795 1576 3039 1630 inimicos
3068 1576 3327 1630 nostros?
3366 1593 3522 1644 quam
3553 1577 3646 1630 de-

2057 1665 2350 1721 fensionem
2372 1666 2706 1727 habebimus,
2727 1669 2814 1735 qtti
2835 1668 3080 1722 inimicos
3095 1669 3313 1722 omnino
3334 1669 3647 1723 habeamus?

2057 1761 2250 1814 Annon
2277 1759 2430 1813 audis
2455 1774 2576 1812 eum
2605 1801 2619 1824 ,
2653 1760 2742 1829 qui
2776 1761 3003 1814 honorat
3027 1801 3041 1823 ,
3070 1760 3303 1827 seipsnm
3336 1759 3648 1814 honorare?

2057 1851 2166 1906 Nos
2192 1859 2372 1906 autem
2403 1865 2502 1906 nos
2533 1851 2677 1920 ipsos
2703 1852 3023 1906 contumelia
3054 1851 3335 1904 officimus.
3384 1853 3644 1916 Accusas,

2058 1942 2199 2012 quod
2245 1942 2568 1996 contumelia
2599 1942 2823 1996 affectus
2848 1943 2923 1997 sis
2951 1959 2966 1998 :
3014 1959 3111 1996 cur
3139 1942 3296 2012 igitur
3327 1943 3441 2012 ipse
3469 1943 3518 1996 in
3548 1941 3645 1996 hoc

2059 2036 2262 2088 crimen
2291 2033 2526 2089 incidis?
2550 2050 2647 2087 cur
2669 2037 2894 2102 teipsnm
2921 2035 3202 2088 confodit”!
3228 2034 3378 2088 Mane
3408 2035 3645 2102 passione

2063 2141 2285 2192 vacuus,
2314 2141 2474 2180 mane
2500 2126 2868 2180 invulneratus
2897 2145 2910 2181 :
2939 2143 3027 2191 ne,
3055 2127 3180 2180 dum
3211 2128 3288 2179 vis
3320 2128 3544 2181 alterum
3577 2130 3648 2181 fe-

2061 2220 2188 2284 rire,
2222 2220 2450 2287 teipsnm
2480 2219 2634 2273 malis
2659 2220 2920 2273 involvas.
2965 2219 3080 2273 Non
3112 2220 3310 2274 sufficit
3340 2221 3490 2274 nobis
3514 2219 3652 2274 alius

2061 2308 2222 2362 animi
2241 2309 2519 2370 tumultus,
2545 2310 2758 2363 nemine
2783 2310 3087 2364 concitante
3110 2320 3306 2373 motus,
3333 2320 3388 2364 ut
3407 2309 3652 2364 absurda:

2061 2400 2532 2468 concupiscentizc,
2565 2416 2850 2467 mmrores,
2884 2402 3113 2456 tristitim
3141 2413 3196 2456 et
3226 2403 3438 2468 similia,
3469 2415 3524 2456 ut
3551 2404 3653 2458 alia

2063 2491 2218 2549 nobis
2254 2493 2698 2548 accumulcmus?

2136 2585 2467 2640 Contumelia:
2491 2587 2745 2656 quomodo
2773 2586 3014 2656 ferendw.
3043 2617 3114 2627 —
3141 2588 3208 2642 Et
3236 2587 3504 2658 quomodo
3537 2605 3656 2659 pos-

2063 2679 2220 2734 sibile
2261 2687 2384 2744 est,
2434 2679 2680 2749 inquies,
2722 2678 3078 2732 contumelias
3110 2679 3291 2734 ferre?
3338 2683 3616 2746 Quomodo
3641 2721 3658 2746 ,

2064 2783 2285 2837 quzcso,
2318 2769 2648 2838 impossibile
2674 2771 2794 2824 eSt?
2824 2768 3016 2825 vulnus
3045 2771 3199 2825 nobis
3225 2788 3252 2827 a
3285 2773 3458 2826 verbis
3488 2775 3660 2827 nasci-
3746 2834 3750 2837 η

2068 2861 2198 2914 tur?
2223 2861 2505 2915 cicatrices
2533 2861 2586 2915 in
2617 2861 2931 2931 corporibus
2958 2872 3084 2915 sunt
3103 2865 3126 2915 ?
3145 2865 3300 2932 quale
3327 2865 3484 2931 igitur
3510 2865 3658 2919 nobis

2066 2951 2323 3005 damnum
2353 2951 2593 3006 accidit?
2624 2951 2805 3022 Itaque
2833 2955 2877 3006 si
2908 2955 3151 3016 velimus,
3187 2958 3326 3010 ferre
3356 2971 3658 3025 possumus.

2070 3041 2340 3095 Ponamns
2379 3041 2535 3096 nobis
2580 3042 2753 3112 legem
2804 3058 2871 3097 ne
2918 3043 3234 3110 doleamus,
3281 3056 3334 3100 et
3370 3048 3659 3101 sustinebi-

2070 3148 2190 3187 mus
2217 3151 2230 3186 :
2267 3134 2420 3188 nobis
2454 3134 2584 3204 ipsis
2611 3135 2854 3190 dicamus
2879 3153 2891 3187 :
2916 3135 3030 3190 Non
3057 3147 3139 3191 est
3169 3139 3477 3205 inimicitiae,
3510 3141 3660 3194 infir-

2072 3224 2272 3278 mitatis
2314 3233 2437 3280 est:
2483 3241 2611 3281 vere
2651 3227 2794 3280 enim
2837 3226 3164 3284 infirmitatis
3194 3239 3294 3283 est.
3340 3229 3472 3283 Nam
3518 3231 3657 3299 quod

2071 3333 2178 3372 tton
2209 3316 2277 3372 sit
2302 3333 2367 3372 ex
2401 3318 2678 3372 inimicitia
2709 3320 2794 3374 vel
2827 3321 3171 3388 malignitate,
3205 3322 3544 3375 voiuitctiam
3570 3323 3656 3376 ille

2071 3425 2131 3465 se
2167 3411 2457 3472 cohibere.
2505 3413 2750 3481 quamvis
2793 3413 2843 3466 in
2892 3413 3068 3467 multis
3109 3417 3174 3466 sit
3225 3413 3403 3468 laesus.
3457 3415 3510 3469 Si
3556 3414 3655 3470 ltnc

2070 3503 2476 3558 consideremus
2502 3505 2678 3557 solum
2705 3545 2720 3567 ,
2752 3505 2892 3574 quod
2921 3521 2986 3559 ex
3025 3505 3330 3560 infirmitate
3359 3507 3428 3560 sit
3453 3549 3469 3572 ,
3517 3507 3661 3562 fere-

2072 3609 2192 3648 ntus
2220 3635 2234 3657 ,
2268 3602 2322 3647 et
2367 3594 2706 3664 ignoscemus
2746 3595 2962 3666 quidem
2996 3596 3068 3650 illi
3094 3638 3109 3662 ,
3141 3596 3558 3669 eonahimurque
3599 3615 3664 3653 ne

2071 3697 2124 3740 et
2155 3686 2254 3755 ipsi
2302 3685 2575 3741 cudamus.
2617 3685 2747 3740 Nam
2780 3701 2969 3741 omnes
2991 3727 3008 3753 ,
3049 3687 3137 3758 qui
3171 3699 3460 3758 prarsentcs
3500 3699 3664 3757 sunt,

2073 3777 2421 3844 interrogabo
2451 3796 2464 3832 :
2507 3794 2634 3832 nunt
2669 3778 2737 3831 ita
2768 3777 3128 3848 pltil050pltari
3159 3782 3382 3849 potestis
3402 3823 3414 3843 ,
3447 3792 3502 3834 nt
3533 3799 3664 3834 oon-

2075 3870 2327 3924 tumelias
2359 3868 2584 3934 feratis?
2629 3869 2827 3939 Utique
2864 3881 3011 3939 puto.
3060 3870 3198 3939 Ergo
3246 3870 3332 3925 ille
3379 3872 3572 3924 invitus
3615 3884 3666 3928 te
3739 3916 3744 3919 .

2072 3960 2398 4014 Contumelia
2431 3959 2608 4013 afl'ecit
2633 4002 2646 4021 ,
2683 3976 2786 4014 non
2819 3961 3002 4015 volens
3025 4003 3040 4023 ,
3070 3961 3162 4015 St'tl
3205 3961 3274 4015 ab
3312 3962 3502 4015 afl‘ectn
3542 3979 3666 4016 coa-

2073 4061 2192 4106 ctus
2222 4068 2234 4104 :
2275 4060 2326 4105 te
2357 4051 2594 4105 contine.
2639 4048 2754 4104 Non
2788 4051 2938 4106 vides
2968 4052 3371 4105 dat-moniacos?
3401 4053 3546 4106 Sicut
3579 4055 3664 4107 ilic

2075 4159 2182 4199 non
2223 4154 2328 4198 tam
2359 4159 2423 4199 cx
2455 4143 2728 4198 inimicitia
2751 4185 2766 4208 ,
2796 4160 2951 4213 quam
2982 4161 3046 4198 ex
3078 4144 3388 4198 infirmitate
3428 4145 3526 4199 hoc
3549 4163 3666 4200 sus-

2075 4237 2209 4289 tinet
2244 4251 2258 4290 :
2289 4234 2366 4290 sic
2392 4243 2448 4289 et
2488 4250 2587 4289 nos
2629 4249 2734 4288 non
2784 4244 2889 4289 tam
2921 4251 2950 4289 a
2987 4237 3431 4290 contuitu-tiaram
3479 4246 3662 4290 natura

2076 4341 2357 4380 movemur
2376 4366 2390 4391 ,
2423 4341 2584 4396 quam
2611 4342 2639 4379 a
2674 4327 2827 4380 nobis
2856 4327 3004 4396 ipsis.
3035 4327 3246 4382 Etenim
3275 4329 3545 4396 quomodo
3590 4329 3664 4381 in-

2076 4419 2348 4474 sanientes
2377 4418 2596 4474 easdem
2641 4420 2995 4474 contumelias
3022 4419 3308 4473 inferentes
3336 4421 3665 4474 toleramus?

2076 4511 2283 4565 Rursus
2312 4511 2355 4565 si
2384 4511 2542 4566 amici
2569 4520 2694 4566 sunt
2711 4511 2780 4574 ‘ii,
2808 4510 2898 4582 qui
2928 4513 3277 4566 contumelias
3305 4511 3555 4578 inferunt,
3585 4515 3665 4566 vel

2076 4606 2120 4660 si
2148 4604 2379 4673 majores
2403 4645 2417 4668 ,
2463 4603 2721 4659 ferimus:
2755 4605 3026 4674 quomodo
3055 4619 3182 4674 ergo
3228 4619 3332 4658 non
3375 4604 3664 4661 absurdum

2075 4695 2269 4761 fuerit,
2302 4710 2422 4749 cum
2455 4705 2566 4749 tres
2595 4696 2700 4748 sint
2724 4737 2739 4760 ,
2773 4711 2964 4763 nempe
2987 4695 3181 4759 amici,
3214 4695 3385 4749 insani
3412 4704 3465 4749 et
3494 4696 3663 4766 majo-

2075 4803 2185 4853 res,
2217 4787 2357 4842 ferre
2383 4789 2540 4851 illos;
2572 4805 2724 4856 pares
2750 4797 2930 4841 autem
2961 4789 3040 4841 vel
3073 4789 3308 4843 minores
3338 4805 3446 4843 non
3482 4789 3666 4844 ferre?

2075 4882 2232 4950 Smpe
2262 4879 2376 4934 dixi
2406 4899 2419 4935 :
2463 4879 2721 4936 liomcota
2759 4894 2831 4933 .ea
2861 4894 2947 4933 res
2976 4888 3059 4933 est
3087 4891 3140 4934 et
3180 4880 3349 4933 subita
3378 4881 3620 4951 abreptio
3649 4898 3664 4936 :

2077 4988 2266 5044 parum
2292 4974 2603 5037 toleremus,
2633 4983 2686 5026 et
2706 4982 2874 5025 totum
2903 4971 3242 5041 perfecimus.
3271 4969 3482 5038 Quanto
3502 4974 3667 5043 magis

2075 5063 2452 5118 contumeliam
2480 5062 2659 5128 infert,
2680 5073 2828 5117 tanto
2845 5063 3105 5117 infirmior
3119 5071 3220 5116 est.
3236 5060 3663 5133 Nostin'qnando

2074 5169 2322 5229 oporteat
2349 5159 2576 5213 dolere?
2603 5159 2828 5226 Quando
2855 5160 3006 5214 nobis
3027 5161 3405 5214 contumeliam
3436 5161 3665 5216 inferen-

2077 5255 2220 5310 tibus
2249 5253 2335 5308 ille
2367 5253 2596 5320 tacebit;
2645 5261 2769 5306 tunc
2797 5253 2940 5307 enim
2971 5253 3061 5307 ille
3090 5253 3304 5322 quidem
3335 5251 3486 5307 fortis
3510 5295 3525 5319 ,
3571 5269 3668 5307 nos

2077 5356 2254 5400 autem
2285 5344 2481 5399 infirmi
2509 5360 2695 5399 sumus
2721 5362 2735 5399 :
2780 5346 2822 5398 si
2852 5361 2982 5399 vero
3007 5345 3336 5399 contrarium
3365 5346 3628 5401 efficiatur
3650 5387 3666 5410 ,

2077 5437 2236 5492 etiam
2280 5435 2515 5506 gaudere
2554 5445 2805 5504 oportet:
2849 5446 3137 5491 coronatus
3174 5453 3265 5500 es,
3314 5439 3668 5505 proclamatns

2076 5543 2174 5591 es;
2230 5545 2334 5583 non
2375 5529 2426 5581 in
2476 5543 2701 5597 agonem
2747 5528 2938 5583 ductus
2966 5571 2980 5596 ,
3016 5545 3121 5583 non
3150 5530 3280 5584 solis
3352 5530 3621 5584 radiorum
3649 5571 3665 5595 ,

2077 5619 2312 5690 pulveris
2338 5620 2582 5674 molestia
2611 5619 2857 5685 affectus,
2892 5636 2998 5676 non
3025 5622 3290 5675 consertis
3317 5622 3562 5674 manibus
3586 5620 3667 5676 vel

2077 5713 2230 5767 ansis
2274 5713 2455 5778 datis;
2488 5713 2598 5768 scd
2642 5715 2921 5769 voluntate
2966 5723 3171 5768 tantum
3198 5754 3212 5778 ,
3247 5722 3301 5770 et
3349 5715 3545 5768 sedens
3585 5713 3666 5768 vel

2079 5815 2264 5872 stans,
2308 5819 2555 5874 magnam
2596 5805 2846 5874 accepisti
2880 5820 3171 5880 coronam;
3221 5822 3318 5862 nec
3350 5805 3510 5862 modo
3550 5823 3666 5862 nia-
