4112 6422
319 407 423 463 M9

322 521 504 573 Ἔστω
539 527 670 590 παρ’
700 519 830 589 ἡμῖν
873 515 901 568 ὁ
929 511 1028 582 τῆς
1057 510 1227 580 ὀργῆς
1255 506 1513 578 σπινθὴρ,
1545 505 1684 559 ὥστε
1715 501 1987 572 εὐκαίρως

317 613 674 678 ἀνάπτεσθαι,
703 615 777 684 μὴ
801 611 924 666 καθ’
944 609 1101 681 ἡμῶν
1124 605 1326 669 αὐτῶν,
1349 602 1486 674 μηδὲ
1507 601 1572 654 ἵν’
1593 600 1742 670 ἡμᾶς
1773 596 1986 668 μυρίοις

318 709 587 782 περιϐάλῃ
621 713 834 774 κακοῖς.
856 707 968 779 Οὐχ
989 708 1153 780 δρᾶτε
1174 705 1233 757 έν
1259 704 1382 764 ταῖς
1405 699 1606 761 οἰκίαις
1632 695 1694 749 τὸ
1728 693 1837 765 πῦρ
1859 693 1992 747 ἀπο-

319 805 671 876 τεταγμένον,
701 808 796 860 καὶ
819 807 881 858 οὐ
907 799 1188 873 πανταχοῦ
1223 796 1576 870 ἐρριμμένον,
1609 791 1733 846 οὐτε
1770 792 1830 844 ὲν
1860 787 1991 882 χόρτ

319 916 416 969 τῳ.
451 899 575 954 οὐτε
625 903 685 955 ὲν
738 901 994 972 ἱματίοις,
1028 899 1153 952 οὐτε
1200 895 1408 959 ἀπλῶς;
1459 891 1601 946 ὥστε
1662 888 1738 961 μὴ
1789 885 1992 956 ἀνέμου

321 997 651 1067 ὲμπνὲοντος
699 996 1064 1062 ἐξάπτεσθαι·
1106 993 1244 1049 ἀλλά
1289 990 1394 1046 κᾶν
1440 986 1748 1058 θεράπαινα
1801 981 1995 1052 λύχνον

322 1095 444 1167 ἔχῃ,
473 1096 579 1151 κᾶν
621 1098 650 1150 ὁ
697 1097 959 1167 μάγειρος
992 1093 1254 1164 ἀνακαίῃ,
1303 1084 1651 1160 παραγγελία
1679 1081 1872 1151 πολλὴν
1919 1078 1995 1150 μὴ

325 1192 457 1262 παρ’
477 1191 696 1262 ἄνεμον,
753 1192 886 1264 μηδὲ
921 1189 1131 1252 σανίδος
1166 1189 1356 1258 ἐγγὺς,
1385 1183 1522 1256 μηδὲ
1560 1183 1620 1235 ὲν
1647 1177 1804 1234 νυκτὶ
1841 1174 1998 1230 τοῦτο

324 1290 528 1340 ποιεῖν·
578 1287 693 1341 ἀλλ’
727 1289 857 1341 ὅταν
886 1285 1172 1358 καταλάϐῃ
1199 1286 1234 1354 ἡ
1285 1281 1405 1348 νὺξ,
1448 1277 1808 1351 ὲκοιμίσαμεν
1841 1270 1994 1332 αὐτὸ.

321 1381 550 1446 δεδιότες
582 1384 657 1454 μή
693 1401 846 1446 ποτε,
880 1381 1250 1437 καθευδόντων
1288 1377 1446 1450 ἡμῶν
1472 1375 1568 1430 καὶ
1599 1370 1812 1433 οὐδενὸς
1844 1368 1995 1429 ὄντος

321 1478 414 1529 τοῦ
435 1478 874 1550 ἐπικουροῦντος,
896 1479 1134 1549 ἀναφθῇ,
1157 1476 1254 1530 καὶ
1273 1474 1485 1536 πάντας
1502 1469 1796 1542 έμπρήσῃς
1826 1462 1998 1518 Τοῦτο

322 1575 416 1626 καὶ
471 1573 565 1626 ἐπὶ
595 1573 694 1628 τοῦ
725 1574 901 1646 θυμοῦ
948 1574 1187 1644 γινέσθω
1207 1588 1222 1604 ·
1261 1572 1338 1644 μὴ
1369 1566 1648 1638 πανταχοῦ
1681 1559 1998 1632 διεσπάρθω

323 1664 432 1718 τῶν
460 1665 745 1738 ἡμετέρων
768 1666 1065 1738 λογισμῶν,
1094 1666 1210 1721 ἀλλ’
1235 1664 1291 1718 έν
1312 1681 1420 1717 τινι
1439 1660 1593 1731 βάθει
1612 1657 1714 1728 τῆς
1737 1651 1995 1718 διανοίας.

323 1759 464 1814 ὥστε
510 1760 586 1833 μὴ
616 1761 711 1816 τὸν
729 1764 928 1834 ἄνεμον
948 1763 1041 1816 τὸν
1066 1761 1175 1816 ἀπὸ
1201 1762 1312 1814 τῶν
1343 1757 1605 1829 ῥημάτων
1622 1753 1720 1807 τοῦ
1751 1752 1819 1805 δι’
1841 1750 1998 1803 ὲναν-

322 1855 442 1919 τίσις
466 1857 703 1922 εὐκόλως
729 1858 1088 1928 ἐφικνεῖσθαι,
1111 1857 1248 1911 άλλά
1286 1853 1415 1927 παρ’
1447 1853 1606 1924 ἡμῶν
1636 1846 1887 1920 δέχεσθαι
1905 1842 2000 1896 τδν

322 1951 542 2023 ἄνεμον,
586 1951 698 2008 τῶν
728 1956 946 2009 εἰδότων
972 1954 1305 2025 συμμέτρως
1338 1951 1468 2007 αὐτὸ
1501 1949 1672 2003 κινεῖν
1704 1945 1800 2000 καὶ
1826 1943 2001 2010 ἀσφα-

321 2046 448 2112 λῶς.
486 2049 584 2104 “Av
614 2049 812 2115 ἔξωθεν
859 2051 1060 2120 ἄνεμον
1107 2051 1328 2120 δέχηται
1359 2047 1462 2100 οὐκ
1501 2040 1611 2097 οἶδε
1661 2041 1726 2094 τὸ
1779 2038 1999 2110 μέτρον,

321 2144 460 2198 ἀλλά
477 2146 654 2200 πάντα
674 2147 979 2219 ἐμπρήσει·
1022 2147 1283 2210 πολλάκις
1313 2146 1408 2200 καὶ
1441 2139 1815 2199 καθευδόντων
1843 2132 2001 2206 ἡμῶν

320 2241 350 2294 ό
372 2242 570 2313 ἄνεμος
599 2238 756 2309 οὗτος
799 2247 1144 2314 ἐμπεσεῖται,
1188 2245 1280 2299 καὶ
1312 2243 1382 2297 τά
1425 2242 1604 2296 πάντα
1635 2233 1995 2292 κατακαύσει.

325 2338 508 2391 Ἔστω
555 2335 648 2394 οὖν
701 2343 836 2410 ἡμῖν
877 2340 1019 2395 ὥστε
1061 2341 1178 2411 φῶς
1221 2342 1483 2396 ἀνάπτειν
1529 2336 1722 2409 μόνον·
1767 2332 2000 2388 ἀνάπτει

321 2432 428 2506 γὰρ
473 2435 589 2503 φῶς
638 2437 666 2490 6
709 2435 916 2507 Θυμδς,
968 2438 1098 2491 ὅταν
1145 2437 1532 2508 προσηκόντως
1589 2432 1846 2502 γένηται·
1902 2427 1999 2481 καὶ

321 2530 612 2599 λαμπάδας
637 2531 851 2603 ἔχωμεν
889 2533 1032 2586 κατά
1070 2533 1180 2586 τῶν
1207 2532 1538 2586 ἀδικούντων
1577 2529 1817 2599 ἑτέρους,
1855 2524 1998 2578 κατά

317 2625 413 2678 τοῦ
468 2626 733 2680 διαϐόλου.
792 2629 884 2698 Μὴ
940 2628 1216 2698 πανταχοῦ
1265 2627 1488 2689 κείσθω,
1553 2623 1689 2696 μηδὲ
1750 2619 2000 2695 ὲρῤίφθω

319 2723 577 2795 σπινθὴρ,
614 2723 730 2777 ἀλλ’
754 2725 812 2777 έν
843 2725 1022 2797 τέφρᾳ
1052 2725 1444 2794 φυλάττωμεν·
1474 2723 1534 2775 ὲν
1566 2722 1684 2783 τοῖς
1715 2718 1999 2788 λογισμοῖς

315 2823 430 2884 τοῖς
480 2823 755 2886 ταπεινοῖς
788 2821 1128 2893 κοιμίζωμεν
1160 2838 1180 2858 ·
1218 2822 1402 2874 αὐτόν.
1454 2819 1528 2874 Οὐ
1566 2817 1801 2871 πάντοτε
1828 2813 1996 2868 αὐτοῦ

316 2918 570 2989 δεόμεθα,
637 2918 750 2972 ἀλλ’
805 2919 934 2972 ὅταν
985 2916 1431 2988 κατεργάσασθαί
1478 2933 1532 2968 τι
1569 2915 1685 2985 δέῃ,
1723 2914 1816 2966 καὶ
1845 2909 1998 2982 [577]

318 3013 541 3084 ποιῆσαι
592 3015 832 3068 ἁπαλόν·
885 3015 1012 3068 ὅταν
1063 3013 1320 3083 πώρωσιν
1389 3011 1625 3083 μαλάξαι
1680 3009 1776 3080 δέῃ
1804 3048 1818 3069 ,
1871 3008 2000 3060 ὅταν

316 3110 420 3178 τῆς
476 3109 655 3181 ψυχῆς
718 3111 1086 3178 καταγνῶναι.

384 3209 450 3262 δ’.
486 3208 638 3262 Πόσα
686 3207 848 3278 θυμοὶ
885 3207 978 3261 καὶ
1005 3208 1167 3279 ὀργαὶ
1205 3207 1354 3260 δεινά
1396 3205 1850 3277 κατειργάσαντοί
1889 3199 2004 3256 Καϊ

317 3305 379 3358 τὸ
404 3304 468 3374 δὴ
493 3303 750 3375 χαλεπὸν,
784 3305 913 3358 ὅταν
943 3303 1341 3373 διαναστῶμεν,
1372 3304 1473 3357 οὐκ
1499 3302 1578 3356 ἔτι
1601 3301 1696 3356 τοῦ
1725 3301 1999 3354 συνελθεῖν

317 3404 485 3471 ἐσμεν
504 3400 706 3473 κύριοι,
738 3401 852 3455 ἀλλ’
871 3400 1091 3472 ἐτέρους
1121 3400 1483 3470 ἀναμένομεν·
1506 3399 1732 3462 ἕκαστος
1747 3398 2002 3468 αἰσχύνε-

316 3516 406 3553 ται
424 3499 518 3553 καὶ
538 3498 766 3570 ἐρυθριᾷ
793 3495 1107 3552 ἐπανελθὼν
1137 3495 1471 3562 καταλλάξαι
1486 3497 1577 3550 τὸν
1598 3497 1807 3567 ἕτερον.
1830 3497 1996 3566 Ὅρα,

315 3594 596 3666 διαστῆναι
650 3593 750 3664 μὲν
802 3594 897 3647 καὶ
944 3593 1319 3664 διασχισθῆναι
1366 3593 1468 3646 οὐκ
1497 3592 1832 3663 αἰσχύνεται,
1861 3591 1999 3645 ἀλλά

316 3692 409 3746 τοῦ
438 3690 610 3746 κακοῦ
637 3690 846 3759 γίνεται
875 3690 1143 3763 ἀρχηγός·
1199 3691 1518 3770 προσελθεῖν
1547 3691 1602 3743 δὲ
1636 3691 1730 3744 καὶ
1756 3689 1818 3744 τὸ
1850 3691 1999 3761 ἰσχι-

318 3789 516 3860 σμένον
565 3787 734 3859 ῥάψαι
760 3785 1078 3857 αἰσχύνεται
1103 3805 1116 3816 ·
1176 3789 1270 3841 καὶ
1311 3787 1508 3840 ταυτὸν
1538 3786 1850 3857 συμϐαίνει,
1883 3781 1997 3842 οἷον

314 3883 381 3936 ἂν
411 3883 464 3936 εί
492 3897 578 3944 τις
621 3879 898 3948 ἀποκόψαι
932 3879 1029 3950 μὲν
1054 3879 1116 3933 τὸ
1143 3881 1303 3949 μέλος
1331 3883 1405 3951 μὴ
1431 3882 1638 3952 ὀκνοίη,
1666 3883 1997 3950 συναγαγεῖν

311 3973 370 4028 δὲ
406 3971 732 4043 αἰσχύνοιτο.
785 3971 850 4024 Τί
904 3970 1104 4041 λέγεις,
1145 3971 1435 4044 ἀνθρωπε;
1466 3975 1728 4046 ἠδίκησας
1760 3974 1994 4046 μεγάλα,

314 4067 408 4119 καὶ
434 4065 595 4128 αὐτος
628 4064 799 4127 αἴτιος
835 4063 1022 4133 ἐγένου
1052 4065 1150 4135 τῆς
1181 4065 1395 4137 μάχῃσι
1429 4067 1638 4123 Οὐκοῦν
1684 4068 1893 4133 δίκαιος
1929 4050 2002 4124 av.

313 4160 431 4227 εἴης
462 4156 726 4228 πρότερος
751 4154 1006 4210 ἀπελθεῖν
1046 4157 1140 4212 καὶ
1167 4159 1598 4229 καταλλαγῆναι,
1640 4160 1735 4215 ἀτε
1768 4161 1872 4233 τὴν
1903 4163 1991 4217 αίο

312 4250 432 4302 τίαν
451 4249 612 4313 αὐτὸς
651 4251 970 4322 παρασχών.
1013 4251 1154 4303 Ἀλλ’
1179 4250 1445 4321 ἠδίκησαν
1467 4251 1516 4318 δ,
1549 4254 1802 4318 κάκεῖνος
1819 4253 1994 4319 αἴτιός

310 4346 489 4409 ἐστιν,
520 4343 729 4398 Οὐκοῦν
755 4345 848 4397 καὶ
873 4342 964 4398 διά
991 4342 1169 4409 τοῦτο,
1188 4343 1274 4397 ἵνα
1300 4343 1502 4413 μᾶλλόν
1532 4361 1592 4398 σε
1613 4345 1990 4416 θαυμάσωσιν,

315 4440 403 4491 ινα
429 4437 566 4506 πρὸς
595 4435 673 4506 τῷ
707 4435 960 4506 προτέρῳ
1009 4434 1102 4488 καὶ
1151 4435 1211 4490 έν
1239 4435 1314 4505 τῷ
1351 4434 1590 4507 δευτέρῳ
1627 4438 1698 4490 τά
1747 4442 1991 4508 πρωτεῖα

311 4531 462 4599 ἔχῃς,
496 4525 687 4598 ὥσπερ
713 4527 774 4580 οὐ
805 4525 898 4579 τοῦ
925 4525 1178 4594 γενέσθαι
1207 4527 1312 4597 τῆς
1355 4525 1554 4598 ἔχθρας
1595 4529 1787 4592 αἴτιος,
1815 4529 1990 4596 οὕτως

309 4619 432 4672 οὐδὲ
482 4617 575 4673 τοῦ
607 4617 902 4688 ἐκταθῆναι
936 4619 1028 4671 ἐπὶ
1068 4619 1230 4671 πλέον
1281 4620 1383 4690 τὴν
1435 4617 1666 4690 ἔχθραν·
1717 4619 1846 4686 ἴσως
1895 4624 1991 4678 καὶ

309 4712 516 4773 ἐκεῖνος
571 4710 740 4780 μυρία
775 4709 1030 4772 συνειδὼς
1058 4708 1237 4779 ἐαυτῷ
1265 4709 1580 4780 αἰσχύνεται
1620 4714 1710 4766 καὶ
1737 4714 1988 4787 ἐρυθριᾷ.

321 4799 461 4853 Ἀλλ’
494 4801 886 4872 άπονενόηται;
942 4801 1126 4873 Ταύτῃ
1161 4802 1396 4870 μάλιστα
1433 4802 1509 4874 μὴ
1537 4803 1774 4878 ὀκνήσῃς
1819 4824 1990 4879 προσ-

307 4893 564 4962 δραμεῖν·
597 4894 690 4946 καὶ
712 4892 819 4964 γὰρ
845 4892 1063 4946 διπλοῦν
1091 4895 1224 4966 παρ’
1251 4895 1398 4965 αὐτῷ
1427 4897 1486 4948 τὸ
1507 4898 1700 4960 πάθος.
1737 4901 1827 4954 καὶ
1849 4903 1986 4957 ἀπό-

307 5000 429 5038 νοια
455 4985 551 5038 καὶ
574 4984 733 5055 ὀργή.
767 4985 838 5038 Σὺ
865 4985 1160 5055 τὴναίτίαν
1186 4981 1366 5049 εἶπας,
1393 4987 1461 5040 δι’
1487 4987 1554 5057 ἣν
1579 4988 1816 5058 ὀφείλεις
1849 4994 1987 5064 πρό-

304 5093 462 5149 τερος
491 5076 766 5139 ἀπελθεῖν,
787 5079 816 5130 ὁ
844 5077 1124 5144 ὑγιαίνων,
1157 5079 1186 5131 ὁ
1215 5077 1516 5149 δυνάμενος
1550 5081 1771 5150 βλέπειν
1792 5101 1806 5115 ·
1839 5085 1984 5140 έκεῖ-

306 5187 395 5233 νος
425 5168 533 5242 γάρ
560 5171 619 5223 ὲν
660 5169 837 5239 σκότῳ
865 5169 980 5222 ἐστί
999 5187 1013 5199 ·
1048 5167 1284 5223 τοιοῦτον
1309 5171 1470 5242 γάρὴ
1501 5169 1638 5243 ὀργὴ
1672 5175 1818 5246 καὶὴ
1852 5177 1985 5230 ἀλαε

306 5261 503 5323 ζονεία.
567 5262 638 5314 Σὺ
691 5260 749 5314 δὲ
798 5263 828 5315 ό
867 5261 1074 5315 τούτων
1124 5260 1542 5334 ἀπηλλαγμένος
1585 5266 1676 5317 καὶ
1723 5267 1985 5334 ὑγιαίνων

304 5354 591 5424 πρόσελθε,
625 5353 760 5425 πρὸς
789 5354 881 5406 τὸν
905 5353 1183 5423 κάμνοντα
1203 5354 1230 5408 ὁ
1255 5355 1453 5421 ἰατρός.
1478 5357 1570 5426 Μή
1594 5375 1678 5421 τις
1695 5356 1844 5426 λέγει
1872 5359 1982 5413 τῶν

307 5447 528 5517 ἰατρῶν,
575 5445 790 5516 Ἐπειδὴ
844 5444 1060 5498 ἀσθενεῖ
1112 5446 1214 5498 οὐκ
1265 5445 1612 5516 ἀπέρχομαι;
1669 5448 1829 5504 Ἀλλά
1894 5451 1983 5505 διά

301 5536 460 5590 τοῦτο
486 5537 719 5608 μάλιστα
749 5537 1074 5608 βαδίζουσιν,
1106 5537 1234 5591 ὅταν
1270 5538 1418 5590 ίδωσι
1453 5538 1528 5610 μὴ
1572 5539 1867 5612 δυνηθέντα
1894 5547 1982 5598 ἐλ-

303 5626 436 5682 θεῖν.
469 5629 590 5681 Τῶν
626 5630 723 5699 μὲν
757 5630 865 5699 γὰρ
893 5630 1209 5698 δυναμένων
1244 5630 1340 5682 καὶ
1380 5629 1637 5687 έλάττονα
1664 5636 1980 5706 φροντίζον-

301 5832 402 5940 ὦῶ
732 5833 843 5882 Sen“.
869 5839 923 5880 ει
947 5833 1065 5880 codd
1092 5850 1104 5893 ;
1131 5835 1597 5902 Μοιειΐ.,κομίζιομεν
1629 5844 1746 5893 Eun
1795 5845 1819 5884 ἱ·
1839 5845 1978 5894 Alius

1110 394 1169 450 S.
1209 391 1498 450 JOANNIS
1539 388 1718 446 CH!“
1734 384 2034 442 SOSTOMI
2075 383 2401 439 ARCIIIEP.
2441 384 2994 442 CONSTANTINOP.

3671 379 3776 436 550

2097 514 2202 562 σιν,
2264 500 2339 562 ὡς
2388 502 2451 554 οὐ
2512 505 2810 557 νοσούντων
2869 501 3095 571 σφόδρα,
3138 497 3247 551 τῶν
3277 496 3332 550 δὲ
3364 497 3777 566 κατακειμένων

2095 595 2297 649 οὐκέτι.
2334 599 2405 650 Ἢ
2440 599 2501 651 οὐ
2545 600 2693 653 δοκεῖ
2726 617 2811 652 σοι
2847 595 3159 668 ἀρρωστίας
3207 589 3347 648 εἶναι
3396 592 3776 665 χαλεπώτερον

2096 688 2326 743 ἀπόνοια
2353 693 2450 744 καὶ
2468 692 2666 764 θυμόςι
2695 695 2793 764 οὐχ
2815 695 2843 746 ό
2869 693 2967 761 μὲν
2989 688 3210 760 πυρετῷ
3231 707 3341 742 τινι
3365 689 3504 741 ἔοικε
3535 688 3773 760 σφοδρῷ.

2096 785 2131 855 ἡ
2155 785 2212 838 δὲ
2239 786 2628 857 φλεγμαίνοντι
2652 789 2862 858 σώματι
2881 787 2974 840 καὶ
2999 786 3314 848 οἰδαίνοντι;
3344 783 3625 854 Ἐννόησον
3648 784 3775 837 ὅσον

2097 876 2214 929 ἐστὶ
2246 879 2480 948 πυρετὸν
2498 879 2643 950 ἔχειν
2673 881 2765 933 καὶ
2796 879 3026 949 οἴδημα·
3063 877 3283 940 ἄπελθε,
3321 875 3511 928 σϐέσον
3545 877 3606 929 τὸ
3637 877 3771 946 πῦρ·

2095 971 2324 1026 δύνασαι
2351 974 2459 1044 γὰρ
2493 978 2558 1046 τῇ
2607 975 2791 1046 χάριτι
2837 975 2932 1028 τοῦ
2968 973 3135 1027 Θεοῦ·
3193 973 3381 1042 ὥσπερ
3414 969 3564 1024 ὕδατι
3606 971 3776 1025 κατά-

2100 1064 2308 1144 στειλον
2353 1067 2452 1137 τὴν
2497 1067 2829 1139 φλεγμονὴν.
2880 1067 2946 1119 τί
2978 1063 3094 1130 οὖν,
3127 1065 3193 1118 ἂν
3233 1062 3380 1134 αὐτῷ
3411 1063 3585 1129 τούτῳ
3613 1063 3775 1116 πλέον

2098 1155 2409 1229 ἐπαίρεται,
2435 1160 2631 1230 φησίν;
2675 1162 2840 1215 Οὐδὲν
2872 1159 3026 1232 παρὰ
3064 1159 3154 1212 σέ·
3192 1159 3256 1212 σὺ
3291 1158 3389 1228 μὲν
3416 1156 3524 1227 γάρ
3553 1155 3613 1208 τδ
3644 1172 3776 1208 σαυ-

2098 1250 2195 1305 τοῦ
2224 1255 2509 1327 ὲποίησας,
2531 1258 2738 1322 ἐκεῖνος
2760 1258 2816 1311 δὲ
2850 1257 3028 1327 ἐαυτῷ
3058 1255 3383 1324 λογιζέσθω·
3444 1254 3518 1324 μὴ
3549 1270 3775 1321 καταγι-

2100 1353 2356 1408 νωσκέτω
2405 1354 2560 1424 ἡμῶν
2588 1356 2649 1408 τὸ
2693 1354 2952 1418 συνειδὸς.
2999 1354 3079 1406 ὅτι
3127 1351 3285 1422 ἡμῶν
3319 1350 3674 1403 ἐλλειπόντων
3718 1366 3774 1402 τι

2098 1441 2206 1496 τῶν
2234 1443 2460 1498 δεόντων
2491 1447 2651 1500 τοῦτο
2690 1448 2921 1515 γίνεται.
2959 1444 3200 1515 Ψώμιζε,
3233 1443 3387 1514 φησὶ,
3413 1442 3524 1494 τὸν
3559 1440 3777 1508 ἐχθρόν’

2098 1550 2256 1593 σουο
2279 1555 2293 1569 ·
2353 1541 2530 1595 τοῦτο
2575 1540 2686 1610 τὰρ
2724 1537 2912 1594 ποιῶν
2955 1539 3258 1607 ἄνθρακας
3309 1537 3498 1603 πυρὸς
3552 1533 3776 1600 σωρεῦο

2098 1645 2142 1682 σ
2144 1647 2230 1696 εις
2260 1630 2358 1684 ἐπὶ
2396 1631 2513 1698 τὴν
2562 1631 2842 1701 κεφαλὴν
2871 1632 3078 1686 αὐτοῦ.
3111 1631 3219 1683 Καὶ
3260 1631 3430 1701 ὅμως,
3458 1627 3553 1680 καὶ
3581 1623 3773 1678 τούτου

2097 1721 2271 1787 ὄντος,
2303 1724 2515 1777 κελεύει
2544 1725 2800 1778 ἀπελθεῖν
2839 1725 2934 1777 καλ⁸
2970 1720 3379 1791 καταλλαγῆναι
3416 1721 3512 1774 καὶ
3554 1719 3776 1787 εὐεργε-

2099 1814 2235 1874 τεῖν,
2284 1814 2382 1884 οὐχ
2433 1815 2519 1868 ἶνα
2575 1815 2854 1886 ἄνθρακας
2905 1813 3078 1883 πυρὸς
3126 1814 3476 1882 σωρεύωμεν,
3535 1809 3648 1864 ἀλλ’
3687 1810 3777 1862 ίνσ.

2102 1906 2257 1972 εἰδὼς
2281 1909 2489 1972 ἐκεῖνος
2516 1908 2676 1962 τοῦτο
2719 1907 3174 1978 καταστέλληται,
3206 1905 3294 1960 ἵνα
3321 1904 3525 1978 τρέμῃ,
3558 1904 3645 1957 ἵνα
3679 1920 3776 1971 φο-

2101 1995 2262 2067 ϐῆται
2283 1999 2382 2062 τὰς
2401 2001 2721 2070 εὐεργεσίας
2752 1999 2953 2070 μᾶλλον
2983 1998 3096 2052 τῶν
3114 1996 3325 2068 ἐχθρῶν
3346 1997 3442 2050 καὶ
3470 1995 3572 2057 τὰς
3591 1994 3774 2062 φιλίας

2100 2089 2259 2160 ἢτάς
2296 2091 2608 2156 ἐπιϐουλάς.
2641 2094 2716 2146 Οὐ
2774 2092 2883 2162 γὰρ
2941 2089 3114 2154 οὕτως
3167 2089 3360 2161 ἐχθρὸς
3421 2085 3775 2159 μνησικακῶν

2103 2186 2330 2256 βλάπτει
2363 2189 2454 2242 τὸν
2512 2189 2791 2260 μισοῦντα,
2825 2190 2900 2252 ὡς
2944 2190 2974 2241 ό
3010 2186 3238 2256 ὠφελῶν
3294 2185 3390 2239 καὶ
3445 2182 3774 2255 εὐεργετῶν.

2100 2284 2474 2354 Μνησικακῶν
2520 2287 2650 2356 γὰρ,
2713 2287 2806 2340 καὶ
2858 2285 3052 2339 ἑαυτὸν
3085 2285 3336 2338 κάκεῖνον
3385 2281 3614 2352 ἔϐλαψεν
3647 2281 3777 2345 ἴσως

2103 2376 2297 2448 μικρόν
2322 2395 2402 2431 τι·
2427 2377 2732 2448 εὐεργετῶν
2754 2378 2832 2442 δὲ,
2858 2376 3138 2450 ἄνθρακας
3167 2375 3338 2446 πυρὸς
3361 2375 3664 2445 ἐσώρευσεν
3685 2373 3776 2426 ἐπὶ

2098 2468 2198 2537 τὴν
2234 2469 2476 2540 κεφαλὴν
2507 2469 2693 2524 αὐτοῦ.
2727 2469 2935 2523 Οὐκοῦν
2974 2471 3034 2522 οὐ
3068 2468 3149 2520 δεῖ
3173 2467 3324 2540 [578]
3360 2467 3555 2530 ποιεῖν,
3589 2464 3774 2534 φησίν,

2101 2560 2189 2614 ἵνα
2242 2561 2317 2631 μὴ
2373 2561 2702 2632 σωρεύωμεν
2740 2561 3068 2632 άνθρακας;
3110 2559 3250 2613 Ἀλλ’
3296 2559 3497 2628 ἑτέρως
3554 2555 3649 2608 ἐπὶ
3677 2553 3776 2624 τὴι

2099 2653 2341 2723 κεφαλὴν
2373 2654 2471 2725 τὴν
2505 2654 2602 2724 σὴν
2632 2654 2912 2725 ἄνθρακας
2947 2653 3208 2724 σωρεύειν
3265 2651 3478 2716 θέλεις;
3532 2648 3627 2701 καὶ
3668 2645 3778 2716 γάρ

2096 2745 2256 2798 τοῦτο
2304 2745 2330 2784 ἀ
2365 2749 2511 2800 ποιεῖ
2543 2746 2905 2818 μνησικακία.
2935 2745 3076 2799 Ἀλλ’
3121 2745 3215 2797 ἐπὶ
3255 2743 3439 2796 πλεῖον
3478 2740 3774 2806 έκτείνειν;

2099 2834 2362 2907 Οὐδαμῶς
2384 2854 2397 2867 ·
2427 2839 2489 2891 οὐ
2514 2839 2624 2908 γὰρ
2655 2839 2720 2892 σὺ
2747 2837 2906 2891 τοῦτο
2935 2839 3129 2901 ποιεῖς,
3158 2835 3274 2889 ἀλλ’
3301 2836 3506 2896 ἐκεῖνος
3527 2833 3555 2885 ό
3583 2827 3778 2902 θηριώ·

2097 2927 2214 3000 δης.
2239 2931 2300 2983 Εἰ
2331 2933 2437 3001 γὰρ
2457 2930 2872 3001 εὐεργετοῦντός
2897 2946 2990 2982 σου
3027 2929 3122 2982 καὶ
3150 2929 3420 2998 τιμῶντος
3441 2921 3778 2979 καὶ-καταλ-

2097 3018 2402 3084 λάττοντος,
2437 3021 2588 3091 μένει
2622 3023 2907 3091 φυλάττων
2926 3022 3134 3084 ἐκεῖνος
3159 3021 3260 3090 τὴν
3291 3016 3610 3088 ἀπέχθειαν.
3644 3015 3776 3067 ἐαυ-

2099 3110 2174 3181 τῷ
2223 3111 2282 3164 τὸ
2309 3111 2422 3182 πῦρ
2453 3113 2683 3182 ἀνῆψεν,
2735 3114 2897 3177 αὐτὸς
2932 3111 3152 3182 ἔφλεξεν
3181 3109 3348 3165 αὐτοῦ
3378 3108 3475 3178 τὴν
3497 3105 3778 3177 κεφαλήν·

2100 3203 2164 3254 σὺ
2185 3202 2243 3256 δὲ
2266 3203 2504 3267 ἀναίτιος
2535 3201 2605 3257 εἷ.
2647 3205 2739 3274 Μὴ
2773 3204 2924 3273 γίνου
2957 3203 3050 3257 τοῦ
3077 3202 3214 3256 Θεοῦ
3243 3199 3773 3271 φιλανθρωπότερος,

2098 3295 2221 3346 ἐπεὶ
2257 3295 2425 3365 μυρία
2455 3297 2622 3369 πείσῃ
2653 3296 2827 3350 δεινά·
2871 3296 3072 3367 μᾶλλον
3097 3295 3173 3358 δὲ,
3205 3293 3315 3347 οὐδ’
3332 3292 3398 3346 ἂν
3422 3290 3582 3361 θέλῃς
3611 3289 3769 3359 δυνήιι

2101 3402 2189 3458 σῃ.
2217 3388 2340 3441 οὐδὲ
2365 3389 2506 3442 κατά
2546 3389 2765 3460 μικρόν.
2797 3390 2923 3451 Πῶς
2954 3389 3100 3457 γάρ;
3130 3387 3322 3439 Ὅσον
3353 3381 3560 3452 ἀπέχει
3599 3385 3632 3436 ό
3667 3383 3765 3435 οὑ-

2087 3478 2278 3545 Ρανὸς
2307 3479 2429 3534 ἀπὸ
2479 3480 2592 3548 τῆς
2638 3479 2772 3550 γῆς,
2805 3480 2961 3550 φησὶ,
2991 3477 3285 3534 τοσοῦτον
3330 3473 3666 3543 ἀπέχουσιν·
3711 3473 3773 3526 αἰ

2089 3572 2322 3634 ,βουλαί
2352 3589 2474 3641 μου
2503 3572 2620 3626 ἀπὸ
2660 3571 2782 3625 τῶν
2817 3569 3068 3636 ,ϐουλῶν
3113 3567 3310 3638 ὑμῶν·
3347 3566 3445 3622 καὶ
3478 3565 3661 3618 πάλιν·
3707 3566 3775 3619 Εἰ

2095 3660 2285 3730 ὑμεῖς.
2350 3661 2504 3732 φησὶ,
2544 3661 2794 3729 πονηροὶ
2828 3659 3001 3726 ὄντες
3050 3657 3250 3713 οῖδατε
3297 3655 3524 3726 δόματα
3585 3655 3775 3718 ἀγαθὰ

2095 3753 2326 3807 διδόναι
2359 3753 2484 3818 τοῖς
2517 3753 2752 3820 τέκνοις
2774 3753 2963 3824 ὑμῶν,
3018 3752 3190 3816 πόσῳ
3228 3747 3472 3820 μᾶλλον
3509 3749 3542 3801 ὀ
3573 3745 3775 3815 Πατὴρ

2093 3844 2262 3915 ὑμῶν
2291 3847 2325 3899 ὁ
2347 3844 2629 3913 οὐράνιος
2649 3843 2827 3898 δώσει
2843 3843 3018 3913 ὑμῖνς
3050 3841 3211 3894 Ἀλλὰ
3250 3839 3450 3910 σκῆψις
3476 3837 3652 3892 ταῦτα
3679 3838 3774 3890 καὶ

2094 3935 2387 4006 πρόφασις.
2441 3935 2533 4007 Μὴ
2582 3935 2646 4006 δὴ
2701 3934 3051 4006 σοφιζώμεθα
3104 3934 3172 3987 τὰ
3231 3934 3628 4004 προστάγματα
3675 3929 3770 3986 τοῦ
3834 3950 3841 3958 '

2092 4027 2253 4082 Θεοῦ.
2298 4026 2410 4080 Καὶ
2465 4026 2586 4089 πῶς
2641 4026 3008 4097 σοφιζόμεθα,
3064 4025 3262 4097 φησίν;
3323 4019 3457 4078 Εἶπε
3503 4042 3518 4054 ·
3591 4022 3773 4078 Τοῦτο

2093 4119 2304 4189 ποιῶν,
2351 4118 2657 4188 ἄνθρακας
2681 4118 2872 4186 πυρὸς
2889 4120 3218 4186 σωρεύσεις
3235 4117 3334 4170 ἐπὶ
3355 4115 3475 4184 τὴν
3493 4112 3771 4183 κεφαλὴν·

2090 4213 2277 4268 αὐτοῦ
2299 4229 2315 4245 ·
2353 4211 2417 4265 σύ
2447 4212 2504 4264 δὲ
2531 4209 2732 4279 λέγεις·
2769 4209 3046 4282 Φοϐοῦμαι
3079 4209 3170 4264 τὸν
3201 4208 3416 4280 ἐχθρὸν,
3448 4209 3531 4262 ὅτι
3557 4205 3769 4276 μεγάλα

2093 4323 2162 4376 με
2200 4308 2482 4378 ἠδίκησεν.
2536 4307 2612 4361 Οὐ
2666 4305 2840 4360 ταῦτα
2895 4303 3111 4372 λέγεις;
3171 4301 3293 4364 Πῶς
3334 4300 3391 4354 δὲ
3431 4300 3568 4362 ὅλως
3611 4299 3768 4368 ἔσχες

2088 4401 2319 4473 ὲχθρόν;
2367 4403 2728 4474 Ἀδικήσαντα
2783 4402 2945 4472 φοϐῇ.
2985 4399 3179 4454 σαυτὸν
3223 4397 3280 4451 δὲ
3328 4397 3390 4450 οὐ
3429 4395 3602 4467 φοὸῇς
3645 4392 3768 4448 Εἴθε

2089 4494 2290 4548 σαυτοῦ
2323 4495 2656 4567 ἐφρόντιζες.
2714 4495 2806 4565 Μὴ
2851 4494 2994 4546 ποίει
3032 4490 3219 4560 σκοπῷ
3252 4489 3509 4560 τοιούτῳ·
3567 4487 3767 4558 μᾶλλον

2085 4586 2144 4640 δὲ
2166 4587 2268 4640 κᾶν
2295 4587 2520 4659 τοιούτῳ
2545 4587 2767 4657 ποίησον
2793 4585 2999 4656 σκοπῷ.
3038 4583 3179 4637 Ἀλλ’
3205 4583 3267 4636 οὐ
3291 4586 3482 4646 ποιεῖς.
3519 4581 3594 4634 Οὐ
3625 4579 3768 4649 λέγω

2088 4696 2192 4745 σοι,
2231 4681 2312 4733 ὅτι
2344 4679 2620 4753 ἄνθρακας
2650 4681 2822 4751 πυρὸς
2853 4680 3170 4750 σωρεύσεις,
3199 4677 3336 4732 ἀλλά
3383 4676 3477 4729 καὶ
3495 4676 3682 4750 ἕτερόν
3713 4691 3766 4728 τι

2086 4773 2249 4826 πλέον
2281 4774 2426 4842 λέγω
2448 4789 2461 4801 ·
2510 4773 2668 4844 μόνον
2710 4773 2834 4841 ποίη
2844 4791 2954 4826 σον.
2987 4771 3171 4825 Ταῦτα
3199 4771 3308 4842 γάρ
3335 4768 3535 4832 πάντα,
3577 4768 3661 4820 Eva.
3704 4785 3765 4821 σε

2085 4867 2470 4937 ἔκκαλὲσηται,
2502 4868 2666 4936 φησὶν
2687 4868 2715 4919 ὁ
2742 4867 2970 4929 Παῦλος.
2997 4864 3169 4918 ἐλπίδι
3189 4865 3286 4933 τῆς
3304 4862 3574 4934 τιμωρίας
3605 4861 3765 4915 λῦσαι

2082 4962 2182 5034 τὴν
2214 4961 2434 5032 ἔχθραν.
2471 4959 2688 5030 Ἐπειδὴ
2713 4958 2998 5031 θηριώδεις
3024 4958 3210 5028 ἐσμὲν.
3237 4957 3332 5010 καὶ
3363 4957 3464 5010 οὐκ
3495 4955 3561 5009 ἂν
3589 4954 3765 5020 άλλως

2083 5054 2451 5126 ἀνασχοίμεθα
2477 5054 2567 5107 τὸν
2606 5052 2800 5124 ἐχθρὸν
2830 5049 3075 5120 φιλῆσαι,
3109 5051 3157 5103 εἰ
3193 5050 3270 5120 μή
3305 5065 3428 5102 τινα
3454 5047 3766 5120 προσδοκῶ.

2085 5164 2187 5226 μεκ
2227 5147 2519 5218 τιμωρίαν.
2575 5145 2826 5216 καθάπερ
2868 5145 2976 5198 τινὶ
3017 5143 3189 5215 θηρίῳ
3222 5140 3407 5196 δίδωσι
3433 5139 3637 5210 ταύτην
3664 5137 3763 5210 τὴν

2050 5239 2264 5309 ειμᾶζαν
2284 5253 2296 5267 ·
2341 5240 2462 5292 ἐπεὶ
2509 5241 2619 5302 τοῖς
2649 5237 2964 5300 ἀποστόλοις
2994 5237 3054 5290 οὐ
3104 5236 3260 5290 τοῦτό
3286 5250 3473 5304 φησιν,
3507 5231 3644 5286 ἀλλά
3671 5230 3759 5296 τίς

2082 5335 2282 5399 Ὅπως
2305 5332 2561 5402 γένησθε
2581 5332 2767 5398 ὅμοιοι
2781 5330 2890 5384 τοῦ
2910 5330 3141 5398 Harp-Fc
3165 5327 3332 5398 ὑμῶν
3363 5326 3469 5381 τοῦ
3489 5326 3560 5379 ἐν
3586 5327 3762 5392 οὐρα-

2080 5428 2229 5494 νοῖς.
2261 5425 2468 5490 ’Ἄλλως
2494 5426 2549 5478 δὲ
2583 5427 2684 5479 οὐκ
2719 5425 2868 5478 ἔστιν
2891 5422 3287 5495 εὐεργετοῦντα
3314 5422 3410 5474 καὶ
3435 5417 3758 5490 εὐεργετούο

2083 5538 2242 5590 μενον
2273 5523 2452 5590 μεῖναι
2475 5517 2685 5589 ἐχθρόν.
2716 5517 2814 5570 Διά
2843 5517 3003 5571 τοῦτο
3033 5517 3206 5570 ταῦτα
3252 5515 3436 5586 ἔθηκε.
3470 5515 3536 5566 Τί
3561 5515 3620 5566 ἐν
3645 5515 3759 5578 τοῖς

2077 5612 2257 5680 λόγοις
2285 5610 2610 5681 φιλοσοφῶν,
2641 5611 2697 5662 ὲν
2730 5612 2840 5672 τοῖς
2877 5609 3058 5680 ἔργοις
3080 5608 3200 5661 οὐδὲ
3231 5609 3292 5660 τὸ
3328 5608 3527 5679 μέτρον
3557 5605 3759 5676 φυλάτ-

2144 5837 2164 5904 ⁴ξ
2193 5833 2323 5904 "ire:
2351 5836 2550 5904 ψώμιζε,
2579 5833 2815 5904 τῃσὶ,.τὸν
2838 5835 2999 5898 ἐχθρὸν
3021 5851 3127 5894 σου,
3151 5831 3335 5882 desunt
3355 5834 3405 5882 in
3429 5845 3525 5882 uno
3554 5831 3744 5883 codice.

2085 5890 2106 5930 δ
2126 5897 2260 5943 Non?
2284 5890 2498 5943 (ἰοί-διἰιι
2523 5890 2827 5960 ,l‘u'lbusdam.
