4112 6422
406 379 509 436 829

398 514 562 569 gnam
581 539 596 564 ,
624 497 720 554 sed
750 496 856 554 illis
893 497 1051 570 longe
1077 496 1333 567 majorem
1358 498 1374 530 ⁸
1406 512 1421 553 :
1453 511 1559 552 non
1591 511 1687 567 par
1722 505 1804 562 est
1842 496 1986 551 enim

407 592 681 647 inimicum
732 602 1128 662 oppugnantem
1171 590 1371 658 ferire,
1411 599 1466 644 et
1504 591 1608 645 tela
1638 591 1733 644 irae
1759 592 1992 644 vincere.

410 684 590 739 Vicisti
632 683 776 739 nulla
816 684 939 739 data
976 699 1104 739 ansa
1126 726 1142 749 ,
1177 684 1423 739 morbum
1453 684 1616 738 animi
1656 693 1805 738 tuum
1845 682 1995 751 deje-

402 776 523 829 cisti
545 815 560 837 ,
590 784 919 829 eonrmotam
951 779 1115 829 feram
1142 774 1395 845 jugulasti
1417 813 1436 840 ,
1464 785 1522 828 et
1549 772 1786 827 furorem
1834 788 1999 827 com-

406 866 689 935 pressisti,
736 876 793 920 ut
837 876 1023 935 pastor
1049 866 1267 935 quidam
1303 866 1574 933 optimus:
1615 864 1769 919 civile
1801 862 1994 917 bellum

406 958 647 1011 futurum
680 965 835 1019 erat,
866 956 1159 1011 domestica
1207 971 1400 1025 pugna.
1432 954 1564 1010 Nam
1610 956 1747 1009 sicut
1790 952 1859 1013 ii.
1907 953 1997 1021 qui

406 1049 605 1103 somnia
647 1048 778 1102 foris
826 1048 1119 1112 obsident,
1168 1047 1327 1101 civile
1376 1046 1573 1099 bellmn
1623 1046 1894 1109 excitant,
1945 1054 1999 1097 et

407 1140 481 1195 ita
513 1141 735 1193 vincunt
762 1156 775 1191 :
827 1139 907 1193 sic
936 1138 1024 1208 qui
1056 1138 1436 1192 contumeliam
1468 1136 1630 1191 infert
1656 1178 1668 1198 ,
1715 1137 1759 1189 si
1791 1135 1997 1205 passio-

414 1248 537 1288 nem
573 1234 624 1285 in
657 1232 812 1286 nobis
841 1247 947 1286 non
978 1232 1207 1295 excitet,
1239 1232 1453 1285 vincere
1494 1244 1599 1283 non
1633 1228 1864 1297 poterit;
1898 1227 1996 1280 nisi

412 1343 510 1380 nos
542 1325 642 1395 ipsi
676 1340 773 1379 nos
805 1324 1184 1388 incendamus,
1217 1324 1307 1378 ille
1338 1323 1535 1377 nullam
1567 1323 1671 1376 vim
1709 1321 1886 1375 habet.
1920 1320 2002 1376 Sit

409 1418 555 1473 enim
589 1418 746 1470 nobis
778 1416 871 1479 irie
902 1417 1133 1470 scintilla
1162 1456 1177 1480 ,
1216 1424 1270 1469 ιιι
1300 1424 1601 1483 Opportune
1638 1413 1958 1467 accendatur
1982 1453 1997 1475 ,

414 1523 519 1562 non
549 1515 734 1561 contra
768 1492 867 1559 nos
890 1507 1054 1574 ipsos,
1082 1520 1147 1559 ne
1170 1520 1267 1559 nos
1295 1505 1586 1558 innumeris
1614 1503 1802 1557 afficiat
1826 1503 1998 1556 malis.

413 1600 529 1655 Non
556 1599 746 1654 videtis
774 1600 826 1652 in
855 1599 1104 1661 domibus
1134 1598 1307 1667 ignem
1349 1598 1676 1652 reconditum
1703 1637 1717 1659 ,
1748 1610 1847 1650 nec
1882 1596 2001 1649 nbi-

418 1704 521 1760 que
548 1689 839 1760 projectum
867 1730 879 1753 ,
914 1706 1019 1743 non
1052 1689 1104 1742 in
1139 1689 1281 1742 fmno
1306 1730 1319 1751 ,
1354 1705 1458 1743 non
1492 1689 1543 1742 in
1574 1689 1810 1742 vestibus
1835 1729 1849 1752 ,
1898 1702 2001 1741 non

423 1792 620 1835 temere
645 1823 659 1844 ,
690 1797 756 1835 ne
786 1783 945 1835 tlante
978 1789 1137 1833 vento
1166 1780 1522 1843 incendatur;
1554 1779 1647 1833 sed
1678 1780 1791 1833 sive
1815 1779 2003 1833 ancilla

421 1873 690 1926 lucernam
731 1871 958 1937 habeat,
999 1871 1111 1926 sive
1141 1886 1302 1925 cocus
1336 1870 1631 1936 accendat,
1663 1871 2006 1925 denuntiatur

416 1964 540 2029 illis,
569 1980 637 2019 ne
663 1964 728 2018 ad
760 1973 1001 2029 ventum,
1036 1981 1102 2018 ne
1136 1980 1302 2034 prope
1335 1964 1590 2027 tabulam,
1624 1981 1689 2019 ne
1720 1974 1877 2019 noctu
1906 1964 2008 2017 hoc

418 2055 659 2121 faciant;
691 2056 785 2110 sed
812 2057 1132 2113 adveniente
1166 2066 1321 2111 nocte
1349 2058 1525 2125 ignem
1554 2056 1825 2125 sapimus,
1854 2057 2007 2112 veriti

415 2163 483 2201 ne
527 2147 661 2202 forte
695 2148 1085 2203 dormientibus
1126 2150 1279 2203 nobis
1318 2159 1372 2203 et
1411 2152 1623 2203 netnlne
1650 2161 1872 2205 curante
1915 2166 2007 2203 ac-

414 2240 713 2308 condatur,
746 2252 799 2295 et
836 2258 1025 2298 onmes
1056 2242 1288 2297 exurat?
1320 2242 1430 2296 Hoc
1459 2243 1509 2296 in
1540 2242 1615 2296 ira
1642 2258 1851 2311 quoque
1879 2244 1967 2295 liat
1988 2262 2005 2317 ε

415 2349 486 2387 ne
512 2333 732 2387 omnino
761 2334 811 2385 in
840 2334 1254 2402 cegitationibus
1280 2334 1481 2388 nostris
1509 2334 1848 2403 dlspergatur
1868 2374 1882 2395 ,
1912 2332 2007 2387 sed

418 2426 470 2479 in
501 2424 730 2493 quodam
758 2427 953 2479 mentis
987 2426 1250 2494 profundo
1281 2434 1542 2495 ponatur,
1572 2434 1628 2479 ut
1658 2441 1724 2480 ne
1749 2433 1941 2479 ventus
1979 2440 2009 2479 a

419 2516 595 2571 verbis
626 2517 917 2572 adversarii
962 2517 1116 2572 facile
1156 2518 1432 2580 adveniat,
1466 2517 1559 2571 sed
1590 2534 1619 2570 a
1652 2517 1807 2570 nobis
1837 2517 2009 2570 susci-

418 2608 595 2680 piatur
623 2621 830 2671 vcntns,
863 2610 1156 2665 scientibus
1184 2610 1332 2664 illum
1363 2617 1658 2680 temperate
1683 2620 1736 2665 et
1765 2618 1877 2663 tuto
1899 2625 2013 2662 mo-

420 2716 564 2756 vere.
603 2703 658 2756 Si
688 2701 889 2756 deforis
922 2711 1135 2756 ventum
1168 2702 1415 2771 accipiat,
1449 2702 1618 2756 nescit
1647 2700 1886 2765 modum,
1917 2700 2011 2755 sed

417 2794 597 2847 Omnia
627 2794 918 2848 accendet:
949 2809 1092 2860 saepe
1122 2793 1277 2868 nobis
1303 2792 1689 2847 dormientibus
1715 2803 1901 2848 ventus
1924 2792 2013 2846 ille

421 2874 624 2940 incidet
664 2894 719 2939 et
749 2885 929 2939 omnia
956 2885 1255 2940 comburet.
1304 2886 1384 2940 Sit
1413 2901 1542 2954 ergo
1573 2884 1726 2939 nobis
1768 2894 1968 2938 tantum
1994 2925 2011 2950 ,

419 2987 477 3031 ut
502 2979 675 3033 lucem
696 2978 994 3033 accendat:
1028 2977 1201 3032 lucem
1231 2978 1374 3031 enim
1403 2975 1648 3031 accendit
1674 2977 1769 3039 ira,
1801 2976 2016 3045 quando

418 3072 675 3126 decenter
697 3081 943 3125 mtivetur
969 3088 982 3124 :
1005 3081 1057 3125 et
1082 3069 1226 3124 faecis
1252 3069 1545 3123 habeamus
1566 3078 1751 3123 contra
1781 3084 1897 3132 eos,
1926 3069 2014 3137 qui

418 3165 554 3218 alios
582 3164 783 3218 laedunt
802 3206 817 3227 ,
841 3171 1027 3217 contra
1057 3161 1348 3216 diabolum.
1377 3160 1454 3215 Ne
1478 3162 1672 3231 ubique
1693 3163 1892 3231 jaceat,
1922 3176 2019 3215 nec

423 3254 740 3324 projiciatur
771 3254 1026 3318 scintilla,
1055 3251 1149 3306 sed
1193 3254 1242 3306 in
1284 3252 1466 3307 cinere
1496 3268 1771 3309 servemus
1800 3272 1813 3306 :
1843 3253 1892 3305 in
1924 3253 2018 3304 bu-

423 3345 637 3400 milibus
675 3346 1086 3415 cogitationibus
1132 3344 1404 3414 sopiamus
1450 3345 1612 3398 illam.
1647 3344 1761 3398 Non
1807 3359 2020 3413 scalper

427 3439 510 3492 illa
534 3452 669 3508 opus
693 3438 972 3501 habemus,
1001 3437 1093 3491 sed
1123 3436 1337 3505 quando
1360 3436 1568 3511 operari
1590 3436 1716 3505 quid
1734 3444 1943 3505 oportet
1967 3443 2021 3488 ct

431 3528 673 3583 emollire
692 3570 708 3594 ,
733 3529 947 3599 quando
978 3529 1323 3598 pertinaciam
1353 3541 1631 3596 superare.
1663 3527 1875 3596 quando
1906 3527 2020 3578 ani-

434 3635 574 3674 mam
601 3620 936 3689 redarguere.

501 3712 553 3766 4.
593 3711 949 3766 Reconcilialio
974 3712 1225 3783 quomodo
1250 3711 1825 3783 quarenda.—Quanta
1850 3712 1921 3764 ira
1943 3711 2019 3762 fu-

429 3821 624 3873 rorque
648 3805 781 3859 mala
803 3817 1121 3875 pepererunt
1149 3807 1162 3860 !
1184 3805 1442 3875 Quodque
1457 3806 1670 3874 gravius
1687 3814 1786 3864 e~t.
1807 3804 2021 3874 quando

434 3900 722 3966 surgimus,
760 3913 864 3951 non
893 3898 1030 3952 ultra
1061 3898 1220 3951 simul
1248 3898 1535 3951 convenire
1562 3896 1854 3965 poterimus
1875 3937 1888 3958 ,
1927 3895 2020 3949 sed

429 3991 561 4043 alios
590 4000 968 4059 exspectamus
998 4006 1017 4041 ι
1041 3989 1405 4058 unusquisque
1437 3986 1781 4042 cenfuuditur
1810 3996 1865 4041 et
1895 4003 2022 4040 cru-

432 4079 596 4134 bescit
625 4079 839 4134 rediens
865 4079 929 4133 ad
959 4080 1420 4134 reconciliandam
1450 4079 1636 4132 alium.
1668 4078 1826 4142 Vide,
1859 4078 2021 4131 dividi

431 4182 479 4227 et
508 4172 733 4227 discindi
766 4188 871 4226 non
902 4173 1190 4239 erubescit,
1224 4173 1317 4227 sed
1349 4172 1407 4225 fit
1434 4173 1556 4248 mali
1588 4173 1694 4227 dux
1722 4188 1736 4237 ;
1765 4171 2024 4226 accedere

431 4276 608 4319 autem
638 4274 689 4319 et
721 4265 950 4319 scissum
980 4281 1244 4320 censuere
1270 4264 1558 4319 erubescit.
1591 4265 1765 4333 Atque
1794 4263 2022 4332 idipsum

433 4357 675 4426 contigit,
700 4372 764 4411 ac
791 4357 834 4410 si
863 4358 981 4426 quis
1010 4357 1308 4411 membrum
1335 4355 1548 4425 quidem
1575 4354 1891 4409 abscindere
1918 4368 2024 4407 non

433 4458 684 4517 gravetur
708 4489 723 4512 ,
765 4448 1095 4519 conjungere
1133 4459 1310 4502 autem
1353 4448 1653 4501 erubescat.
1683 4446 1818 4514 Quid
1850 4445 1985 4499 dicis
2007 4485 2023 4508 ,

440 4543 598 4595 homo
619 4542 647 4594 ἲ
673 4541 895 4594 multum
928 4541 1109 4594 latsisti
1129 4582 1145 4604 ,
1173 4549 1228 4593 et
1259 4541 1371 4609 ipse
1398 4548 1583 4592 auctet-
1610 4537 1753 4591 fuisti
1796 4536 2025 4605 pugnat?

439 4636 616 4703 Itaque
658 4634 779 4701 jure
810 4633 954 4702 prior
982 4648 1080 4688 eas
1112 4644 1165 4687 et
1194 4631 1558 4686 reconcilieris
1580 4672 1594 4696 ,
1624 4639 1808 4698 utpote
1835 4630 1926 4698 qui
1972 4628 2025 4682 in

436 4742 594 4779 eausa
626 4726 812 4780 fueris.
842 4728 909 4780 At
951 4725 1112 4780 la-sus
1152 4741 1250 4789 es,
1282 4733 1339 4779 et
1385 4725 1472 4778 ille
1515 4724 1565 4776 in
1607 4738 1765 4775 causa
1796 4723 1922 4776 est?
1962 4720 2027 4776 Et

438 4818 557 4871 ideo
584 4819 746 4888 igitur
767 4861 781 4882 ,
818 4827 875 4871 ut
914 4817 1083 4887 magis
1110 4816 1451 4871 admirationi
1484 4816 1727 4867 habeat-is
1748 4855 1762 4876 ,
1796 4822 1851 4867 ιιι
1882 4822 1936 4867 et
1976 4814 2026 4867 itt

440 4910 611 4978 primo
640 4918 692 4963 et
723 4909 773 4961 in
802 4908 1041 4963 secundo
1069 4910 1265 4978 primas
1298 4907 1513 4960 habeas.
1544 4905 1656 4959 Non
1686 4905 1831 4959 fuisti
1856 4905 2031 4958 inimi-

437 5003 576 5055 citia».
610 5016 772 5055 causa
796 5042 811 5065 ,
857 5001 929 5053 ita
975 5015 1074 5055 nec
1101 5015 1260 5053 causa
1290 5010 1406 5054 esto
1434 4999 1572 5067 quod
1600 5014 1663 5051 ea
1691 4998 1910 5051 ulterius
1936 5013 2029 5051 ex-

442 5094 723 5147 tendatur:
772 5094 1017 5147 fortassis
1057 5102 1110 5145 et
1158 5092 1249 5145 ille
1298 5092 1587 5144 multorum
1633 5090 1735 5143 sibi
1781 5090 2030 5144 conscius

440 5184 726 5239 erubescit.
760 5184 865 5239 Sed
896 5199 1155 5254 arrogans
1183 5184 1307 5237 ρειῖ
1347 5182 1471 5235 Ideo
1500 5182 1731 5235 maxime
1759 5198 1825 5235 ne
1852 5183 2032 5252 segnis

442 5278 514 5332 sis
546 5276 612 5331 ad
641 5275 1005 5331 accedendum
1034 5294 1046 5328 :
1077 5291 1198 5330 nam
1225 5274 1419 5345 duplex
1451 5284 1536 5329 est
1562 5274 1699 5344 apud
1730 5274 1875 5327 illum
1910 5290 2029 5342 pas-

443 5368 557 5433 sio,
607 5368 912 5437 arrogant'yt
961 5377 1016 5422 et
1064 5367 1162 5421 ira.
1209 5366 1289 5420 Tu
1321 5365 1533 5433 quidem
1564 5380 1780 5420 causam
1808 5365 2030 5431 dixisti,

446 5471 664 5529 propter
692 5474 862 5527 quam.
885 5459 1030 5528 prior
1057 5457 1317 5512 accedere
1355 5456 1521 5511 debes
1544 5497 1558 5521 ,
1589 5456 1707 5525 quia
1741 5470 1902 5509 sanus
1932 5470 1990 5509 es
2016 5499 2030 5523 ,

444 5552 565 5618 quia
595 5550 779 5605 videre
814 5559 966 5620 potes
992 5567 1006 5601 :
1040 5548 1131 5604 ille
1161 5564 1390 5617 namque
1422 5548 1473 5600 in
1503 5545 1739 5601 tenebris
1770 5555 1884 5610 est;
1916 5546 2033 5599 talis

446 5642 644 5712 quippe
671 5650 754 5695 est
785 5642 859 5695 ira
891 5648 946 5695 et
971 5639 1297 5709 arrogantia.
1331 5636 1411 5693 Tu
1440 5654 1566 5692 vero
1597 5636 1665 5690 ab
1692 5635 1796 5690 illis
1828 5635 1962 5691 liber
1984 5645 2035 5690 et

520 5779 550 5838 '7
572 5776 769 5835 quidam
783 5779 981 5838 legunt.
1006 5788 1231 5833 magnam
1250 5771 1478 5835 accepisti
1500 5784 1726 5821 coronam
1741 5805 1753 5827 ,
1780 5768 1873 5819 illis
1901 5768 2036 5831 (urge

452 5837 684 5886 maiorem
697 5881 712 5905 ,
723 5837 924 5889 orassis
940 5838 1255 5899 interi-mitis.

1432 372 1498 431 IN
1537 373 1714 432 acra
1756 351 2275 430 ArosmLmtun
2321 372 2548 431 nouit.
2591 374 2653 430 L.

3583 380 3687 435 εἶιο

2102 512 2263 551 salutis
2302 500 2497 552 accede
2526 498 2592 551 ad
2635 512 2833 566 mgrum
2878 495 3133 551 medicus.
3181 495 3314 550 Num
3356 497 3475 566 quis
3516 499 3690 551 medi-

2099 574 2291 643 eorum
2317 590 2533 653 dixerit,
2579 589 2712 657 Quia
2761 588 3000 642 infirmus
3045 600 3164 653 eSt,
3200 604 3306 643 non
3353 588 3529 643 vado?
3576 585 3689 642 [mo

2103 680 2225 735 ideo
2254 683 2486 736 maxime
2514 681 2754 742 vadunt,
2788 695 2907 734 cum
2949 680 3160 733 videant
3203 681 3348 734 illum
3396 696 3500 734 non
3533 694 3690 749 posse

2101 774 2304 827 venire.
2345 773 2476 828 Nam
2505 788 2619 838 eos,
2642 774 2729 842 qui
2763 772 3011 825 incedere
3035 773 3207 825 valent
3231 813 3243 834 ,
3269 773 3446 825 minus
3473 781 3686 831 curant,

2100 864 2240 931 quod
2270 879 2374 917 non
2406 864 2627 917 nimimn
2669 872 2966 933 mgrotent;
3012 862 3059 916 di
3081 863 3393 916 cumbentes
3418 878 3543 917 vero
3580 878 3687 915 non

2104 955 2250 1007 item.
2284 955 2475 1008 Annon
2508 954 2717 1008 videtur
2760 954 2851 1007 tibi
2899 953 3204 1006 infirmitate
3239 953 3536 1022 graviorem
3567 967 3689 1007 esse

2102 1049 2459 1117 arrogantiam
2491 1057 2545 1102 et
2584 1048 2761 1101 iram?
2802 1061 2981 1101 annon
3032 1044 3121 1099 illa
3171 1046 3474 1100 vehementi
3513 1044 3686 1111 febri,

2105 1140 2219 1194 luce
2244 1154 2372 1193 vero
2409 1140 2633 1194 tumenti
2662 1148 2715 1192 et
2746 1139 2931 1192 inﬂato
2960 1138 3171 1207 corpori
3210 1136 3401 1190 similis
3427 1137 3547 1189 est?
3580 1136 3685 1191 Co-

2104 1232 2209 1300 gita
2237 1243 2494 1300 quantum
2545 1234 2613 1286 sit
2659 1232 2847 1286 febrim
2899 1239 2954 1285 et
3002 1229 3282 1284 humorem
3315 1228 3551 1283 habere:
3596 1244 3689 1280 va.

2103 1324 2191 1387 de,
2222 1323 2502 1390 exmingne
2533 1324 2706 1392 ignem
2738 1340 2750 1375 :
2784 1332 2937 1391 potes
2976 1321 3119 1375 enim
3164 1335 3260 1387 per
3300 1320 3524 1388 gratiam
3559 1319 3647 1373 Dei
3675 1335 3688 1367 :

2105 1418 2254 1483 quasi
2284 1430 2420 1485 aqua
2464 1430 2743 1484 compesce
2772 1415 3038 1467 ardorem.
3084 1413 3221 1480 Quid
3251 1428 3409 1481 ergo,
3441 1411 3648 1481 inquies
3674 1454 3689 1477 ,

2106 1505 2148 1559 si
2179 1505 2281 1559 hoc
2323 1506 2438 1575 ipso
2481 1511 2649 1575 magis
2686 1505 3012 1560 extollatur?
3044 1504 3184 1559 Nihil
3228 1504 3294 1557 ad
3343 1513 3431 1557 te:
3466 1512 3520 1557 tu
3549 1502 3691 1557 enim

2107 1599 2247 1668 quod
2289 1599 2340 1652 in
2386 1609 2436 1652 te
2479 1608 2593 1654 erat
2618 1597 2791 1672 fecisti
2818 1639 2834 1664 ,
2866 1598 2953 1652 ille
2980 1596 3080 1651 sibi
3109 1596 3207 1665 ipsi
3240 1596 3500 1664 imputet:
3535 1594 3694 1648 modo

2110 1705 2175 1744 ne
2204 1689 2531 1743 condemnet
2558 1706 2657 1744 nos
2682 1689 3010 1744 conscientia
3043 1696 3242 1751 nostra,
3275 1688 3414 1756 quod
3447 1686 3572 1740 illud
3604 1685 3697 1739 fiat

2111 1780 2262 1836 nobis
2302 1796 2422 1850 qum
2466 1780 2878 1851 requirebantur
2906 1779 3289 1833 omittentibns.
3329 1777 3491 1831 Pasce
3530 1777 3699 1830 inimi-

2108 1889 2222 1926 cum
2269 1882 2411 1925 tuum
2441 1912 2457 1937 ,
2505 1873 2715 1942 inquit,
2766 1874 2861 1925 hoc
2902 1872 3035 1925 enim
3068 1872 3258 1941 faciens
3287 1871 3527 1923 carbones
3567 1870 3698 1941 ignis

2109 1962 2400 2017 accumula:
2424 1979 2575 2032 super
2604 1973 2755 2031 caput
2789 1964 2901 2029 eius
2925 1962 2944 2033 (
2968 1960 3120 2015 Rom.
3154 1959 3240 2015 12.
3268 1960 3338 2015 20
3358 1961 3398 2031 ).
3432 1959 3498 2014 Ει
3521 1970 3697 2013 tamen

2111 2070 2232 2110 cum
2272 2071 2361 2110 res
2392 2056 2462 2109 ita
2492 2055 2705 2121 habeat,
2731 2055 2882 2125 jubet
2908 2055 3055 2109 abire
3076 2095 3091 2118 ,
3124 2054 3464 2109 reconciliari
3510 2062 3565 2109 et
3607 2053 3700 2108 be-

2114 2145 2361 2201 nefacere
2384 2188 2398 2212 ,
2431 2162 2537 2200 non
2570 2156 2629 2200 ut
2667 2147 2930 2201 carbones
2957 2147 3092 2216 ignis
3121 2148 3560 2211 accumulemus;
3607 2150 3700 2200 sed

2116 2253 2172 2297 ut
2202 2243 2292 2299 ille
2322 2242 2424 2298 hoc
2453 2244 2629 2298 sciens
2659 2253 3066 2312 compescatur,
3101 2252 3160 2296 ut
3191 2252 3382 2298 tremat
3424 2241 3705 2296 formidet-

2114 2350 2217 2404 que
2263 2335 2434 2403 magis
2482 2333 2741 2389 beneficia
2783 2349 2942 2403 quam
2976 2333 3314 2397 inimicitias,
3345 2342 3399 2387 et
3445 2332 3708 2386 amicitias

2116 2426 2285 2496 magis
2326 2441 2487 2497 quam
2536 2425 2777 2480 insidias.
2827 2425 2944 2480 Non
2985 2427 3127 2480 enim
3161 2426 3407 2479 inimicus
3451 2425 3707 2479 ultionem

2116 2518 2383 2571 meditans
2413 2519 2483 2571 ita
2511 2518 2657 2572 lmdit
2684 2533 2744 2572 se
2769 2517 3063 2578 odientcm,
3102 2527 3161 2571 ut
3188 2519 3275 2587 qui
3299 2517 3513 2586 adjuvat
3543 2527 3594 2571 et
3618 2517 3709 2570 be-

2117 2608 2333 2662 nefaeit.
2366 2608 2576 2662 Etenim
2608 2608 2698 2678 qui
2734 2608 2989 2663 ultionem
3018 2603 3310 2660 meditatur
3333 2647 3350 2672 ,
3380 2617 3432 2659 et
3463 2622 3521 2659 se
3563 2606 3707 2657 laedit

2116 2710 2169 2753 et
2197 2700 2341 2753 illum
2377 2698 2516 2753 forte
2546 2714 2768 2769 parum;
2801 2700 2890 2769 qui
2921 2709 3103 2752 autem
3130 2697 3419 2761 benefaeit,
3448 2698 3711 2751 carbones

2118 2791 2254 2861 ignis
2280 2791 2583 2846 accumulat
2609 2806 2772 2859 super
2797 2798 2956 2859 caput
2984 2789 3123 2858 ejus.
3152 2788 3290 2858 Ergo
3322 2789 3370 2841 id
3400 2787 3576 2841 facere
3604 2804 3710 2840 non

2117 2883 2418 2948 debemus,
2471 2898 2540 2935 ne
2589 2883 2987 2935 accumulemus
3032 2880 3336 2935 carbones?
3385 2879 3488 2935 Sed
3535 2880 3713 2934 alioue

2121 2973 2281 3027 modo
2328 2974 2408 3026 vis
2457 2973 2718 3027 carbones
2762 2987 3054 3042 congerere
3111 2986 3274 3041 snper
3310 2981 3473 3040 caput
3517 2973 3715 3024 tuum?

2120 3066 2320 3119 etenim
2371 3064 2475 3119 hoc
2526 3063 2653 3117 facit
2698 3064 2915 3119 ultionis
2954 3062 3236 3132 cupiditas.
3272 3062 3378 3117 Sed
3424 3063 3590 3132 magis
3633 3064 3714 3117 vis

2122 3158 2413 3212 extendam
2437 3160 2459 3210 ἲ
2483 3156 2700 3211 Minime
2727 3175 2737 3209 :
2766 3171 2872 3210 non
2898 3155 3040 3211 enim
3069 3163 3125 3209 tu
3154 3154 3253 3209 hoc
3274 3153 3423 3219 facis,
3454 3154 3547 3209 sed
3575 3154 3715 3209 illius

2126 3250 2330 3304 feritas.
2359 3249 2413 3304 Si
2446 3250 2590 3302 enim
2626 3258 2676 3303 te
2704 3248 3072 3303 benefaciente
3094 3256 3147 3301 et
3179 3246 3480 3301 honorante
3510 3255 3563 3300 et
3588 3260 3718 3301 eon-

2124 3342 2309 3395 ciliare
2338 3341 2608 3406 studente,
2639 3340 2731 3394 ille
2767 3348 2981 3394 maneat
3011 3354 3236 3393 servans
3264 3338 3587 3401 inimicitias,
3612 3338 3715 3393 sibi

2127 3434 2225 3501 ipsi
2271 3434 2446 3503 ignem
2488 3432 2773 3495 accendit;
2821 3433 2935 3501 ipse
2976 3446 3131 3484 suum
3163 3431 3369 3485 exussit
3410 3439 3606 3500 caput:
3662 3440 3718 3485 tu

2126 3540 2254 3578 vero
2286 3525 2588 3593 inculpatus
2628 3538 2706 3576 es.
2761 3522 2838 3577 Ne
2885 3523 2960 3575 sis
3000 3523 3169 3591 magis
3208 3522 3514 3577 misericors
3557 3536 3717 3591 quam

2130 3618 2289 3684 Deus,
2318 3617 2440 3686 quia
2471 3617 2753 3669 innumera
2787 3614 3003 3683 patieris
3031 3615 3186 3667 malis
3211 3613 3345 3667 mala
3372 3629 3386 3678 ;
3423 3614 3530 3667 imo
3555 3613 3598 3666 si
3628 3629 3721 3667 vo-

2128 3709 2320 3769 lneris,
2351 3722 2456 3760 non
2490 3706 2689 3775 poteris
2709 3745 2725 3771 ,
2753 3720 2819 3758 ne
2846 3704 3122 3758 minimum
3150 3702 3384 3773 quidem.
3433 3702 3717 3771 Quomodo

2126 3803 2268 3855 cnim
2292 3803 2315 3855 ἲ
2344 3802 2602 3866 Quantum
2634 3799 2789 3852 distat
2817 3797 2999 3852 caelum
3025 3814 3057 3849 a
3084 3807 3217 3850 terra
3242 3836 3257 3860 ,
3288 3795 3489 3866 inquit,
3517 3805 3716 3849 tantum

2128 3898 2317 3947 distant
2347 3892 2559 3947 consilia
2584 3908 2694 3945 mea
2732 3908 2763 3943 a
2804 3890 3029 3943 consiliis
3072 3890 3247 3943 vestris
3293 3886 3461 3959 (fsai.
3498 3888 3586 3945 55.
3615 3887 3716 3955 9);

2128 3998 2180 4040 et
2208 4001 2418 4039 rursum
2449 4003 2461 4037 :
2509 3983 2569 4037 Si
2598 3998 2704 4047 vos,
2731 3980 2923 4049 inquit,
2950 3996 3061 4033 cum
3086 3979 3196 4032 sitis
3221 3978 3363 4041 ntali,
3396 3978 3553 4031 nostis
3585 3978 3716 4030 bona

2129 4077 2255 4129 dare
2289 4075 2410 4142 [iliis
2449 4074 2668 4135 vestris;
2718 4080 2908 4141 quanto
2951 4071 3116 4138 magis
3144 4069 3297 4121 Pater
3319 4078 3479 4121 vester
3508 4068 3721 4121 caelestis

2130 4169 2268 4222 dabit
2298 4168 2437 4221 vobis
2486 4165 2705 4233 (Matth.
2751 4164 2804 4215 7.
2839 4161 2973 4231 ﬂ)?
3014 4160 3120 4215 Sed
3153 4162 3266 4213 lure
3294 4159 3543 4214 obtrutus
3573 4166 3718 4212 sunt.

2130 4262 2207 4316 Ne
2251 4260 2412 4330 igitur
2453 4255 2748 4325 sophistice
2776 4255 3191 4322 interpretemur
3218 4249 3465 4303 mandata
3498 4248 3609 4302 Dei.
3656 4249 3723 4303 Et
3806 4314 3809 4317 _

2130 4350 2402 4422 quomodo
2442 4348 2736 4418 sepltistice
2767 4342 3227 4414 interpretamur?
3262 4342 3440 4408 Dixit,
3488 4340 3601 4394 Hoc
3641 4340 3722 4409 fa-

2131 4448 2287 4511 ciens,
2316 4448 2556 4497 carbones
2583 4442 2714 4511 ignis
2735 4440 2964 4510 congeris
2992 4452 3143 4507 super
3167 4435 3449 4503 caputeius
3473 4450 3490 4497 ,°
3518 4445 3572 4488 tn
3596 4450 3725 4487 vero

2131 4541 2267 4594 dicis
2288 4580 2305 4604 ,
2333 4537 2526 4591 'l'imeo
2550 4535 2825 4589 inimicum
2846 4573 2861 4596 ,
2892 4530 3012 4601 quia
3043 4546 3127 4583 me
3159 4528 3313 4585 valde
3345 4530 3497 4582 laesit.
3529 4530 3719 4582 Annon

2122 4631 2236 4697 ~hinc
2265 4628 2439 4683 dicis?
2477 4624 2757 4695 Quomodo
2805 4623 3081 4676 inimiemn
3128 4618 3329 4673 babes?
3378 4620 3554 4673 Times
3601 4634 3724 4676 eum

2134 4724 2220 4790 qui
2267 4731 2318 4775 te
2362 4718 2536 4780 laesit,
2584 4716 2814 4785 teipsum
2855 4727 2983 4766 vero
3015 4726 3119 4764 non
3156 4709 3352 4763 times?
3392 4708 3603 4777 Utinam
3646 4711 3721 4762 tni
3785 4742 3794 4759 .

2134 4827 2317 4868 curam
2351 4806 2705 4863 ItalieresiNe
2734 4803 2866 4859 illud
2897 4804 2998 4857 hoc
3039 4817 3203 4871 scopo
3234 4800 3436 4865 facias;
3483 4801 3589 4854 imo
3619 4802 3725 4856 Sal-

2138 4916 2244 4959 tem
2289 4902 2388 4956 hoe
2417 4914 2583 4969 scapo
2621 4898 2804 4952 facias.
2849 4894 2955 4951 Sed
2988 4908 3091 4948 neu
3122 4893 3273 4947 facis.
3324 4892 3437 4946 Non
3481 4892 3600 4946 dico
3632 4893 3725 4945 tibi

2136 4997 2279 5067 quod
2310 4994 2581 5049 carbones
2600 4990 2735 5061 ignis
2762 5002 3042 5058 eongeres,
3072 4985 3168 5041 sed
3196 4984 3355 5039 etiam
3387 4984 3529 5039 aliud
3559 4984 3729 5051 majus

2147 5090 2257 5143 lico
2290 5106 2303 5141 :
2350 5097 2554 5141 tantunt
2596 5083 2699 5137 fac.
2739 5080 2865 5137 Hice
2897 5082 3040 5134 enim
3077 5080 3254 5133 omnia
3288 5088 3343 5131 nt
3385 5088 3435 5132 te
3475 5086 3728 5146 provocet

2142 5182 2337 5238 Paulus
2377 5178 2503 5233 dicit
2531 5218 2546 5240 ,
2594 5178 3000 5245 exspectatione
3046 5188 3218 5243 pwnze
3247 5172 3458 5225 solvere
3496 5170 3726 5222 inimici-

2141 5276 2291 5329 tiam.
2335 5271 2599 5339 Quoniam
2631 5267 2783 5322 ferini
2815 5281 3019 5326 sumus,
3052 5277 3225 5332 neque
3252 5261 3409 5314 aliter
3431 5259 3726 5312 adducere.

2143 5379 2262 5417 nmr
2308 5361 2372 5414 ad
2422 5360 2699 5414 inimicum
2731 5354 3095 5426 diligendum,
3143 5351 3241 5404 nisi
3272 5349 3587 5418 supplieimn
3633 5366 3732 5404 ex-

2142 5466 2532 5523 Spcctaremus,
2556 5449 2705 5517 quasi
2735 5446 2944 5500 cuidam
2976 5446 3099 5497 ferte
3128 5442 3265 5496 hanc
3294 5455 3521 5494 massam
3548 5440 3725 5492 tradit.

2145 5546 2274 5601 Nam
2306 5541 2568 5613 apostolis
2601 5554 2706 5593 non
2736 5537 2840 5591 hoc
2864 5536 3110 5591 Christus
3133 5532 3293 5592 dicit,
3327 5531 3418 5585 sed
3456 5529 3621 5597 quid?
3661 5527 3730 5585 Ut

2145 5640 2250 5690 suis
2277 5634 2465 5689 similes
2498 5631 2642 5683 Patri
2662 5639 2844 5692 vestro,
2865 5626 2950 5695 qui
2971 5635 3042 5679 est
3072 5624 3122 5678 in
3141 5623 3275 5677 radis
3306 5622 3517 5693 (Matth.
3538 5621 3594 5676 5.
3612 5623 3729 5689 45).

2145 5725 2393 5795 Alioquin
2419 5736 2544 5776 vero
2564 5719 2679 5773 fieri
2706 5734 2809 5773 non
2836 5724 3029 5788 potest,
3056 5725 3111 5767 ut
3136 5714 3223 5782 qui
3247 5712 3502 5768 beneficia
3528 5715 3663 5768 conf:
3688 5727 3736 5772 rt

2147 5832 2199 5875 et
2229 5833 2316 5887 qui
2348 5813 2576 5883 accipit,
2607 5821 2857 5865 maneant
2903 5808 3121 5864 inimici.
3156 5807 3359 5861 Idcirco
3386 5807 3500 5863 ha-c
3536 5807 3729 5877 posuit.
