  <div class='ocr_page' id='page_1' title='image "/cluster/home/n/w/nwhite01/storage/ocr_20150623/60:no.9/coo.31924054869601/355.png"; bbox 0 0 4112 6420; ppageno 0'>
   <div class='ocr_carea' id='block_1_1' title="bbox 407 463 2002 539">
    <p class='ocr_par' dir='ltr' id='par_1_1' title="bbox 407 463 2002 539">
     <span class='ocr_line' id='line_1_1' title="bbox 407 463 2002 539; baseline -0.009 -11"><span class='ocrx_word' id='word_1_1' title='bbox 407 469 516 528; x_wconf 91' lang='lat' dir='ltr'><strong>Cur</strong></span> <span class='ocrx_word' id='word_1_2' title='bbox 573 471 704 527; x_wconf 79' lang='lat' dir='ltr'><strong>dum</strong></span> <span class='ocrx_word' id='word_1_3' title='bbox 758 469 938 528; x_wconf 78' lang='lat' dir='ltr'><strong>verbis</strong></span> <span class='ocrx_word' id='word_1_4' title='bbox 991 465 1422 539; x_wconf 81' lang='lat' dir='ltr'><strong>philosopharis,</strong></span> <span class='ocrx_word' id='word_1_5' title='bbox 1485 465 1538 519; x_wconf 91' lang='lat' dir='ltr'><strong>in</strong></span> <span class='ocrx_word' id='word_1_6' title='bbox 1580 478 1744 533; x_wconf 85' lang='lat' dir='ltr'><strong>opere</strong></span> <span class='ocrx_word' id='word_1_7' title='bbox 1786 463 2002 516; x_wconf 89' lang='lat' dir='ltr'><strong>modum</strong></span> 
     </span>
    </p>
   </div>
   <div class='ocr_carea' id='block_1_2' title="bbox 409 553 2004 628">
    <p class='ocr_par' dir='ltr' id='par_1_2' title="bbox 409 553 2004 628">
     <span class='ocr_line' id='line_1_2' title="bbox 409 553 2004 628; baseline -0.008 -10"><span class='ocrx_word' id='word_1_8' title='bbox 409 577 520 618; x_wconf 81' lang='lat' dir='ltr'><strong>non</strong></span> <span class='ocrx_word' id='word_1_9' title='bbox 547 561 771 617; x_wconf 84' lang='lat' dir='ltr'><strong>servas?</strong></span> <span class='ocrx_word' id='word_1_10' title='bbox 812 561 992 625; x_wconf 85' lang='lat' dir='ltr'><strong>Bene,</strong></span> <span class='ocrx_word' id='word_1_11' title='bbox 1033 574 1138 614; x_wconf 90' lang='lat' dir='ltr'><strong>non</strong></span> <span class='ocrx_word' id='word_1_12' title='bbox 1183 559 1356 628; x_wconf 89' lang='lat' dir='ltr'><strong>pascis</strong></span> <span class='ocrx_word' id='word_1_13' title='bbox 1398 557 1544 612; x_wconf 86' lang='lat' dir='ltr'><strong>illum</strong></span> <span class='ocrx_word' id='word_1_14' title='bbox 1569 595 1584 618; x_wconf 90' lang='lat'><strong>,</strong></span> <span class='ocrx_word' id='word_1_15' title='bbox 1631 571 1699 610; x_wconf 84' lang='lat' dir='ltr'><strong>ne</strong></span> <span class='ocrx_word' id='word_1_16' title='bbox 1741 553 2004 608; x_wconf 85' lang='lat' dir='ltr'><strong>carbones</strong></span> 
     </span>
    </p>
   </div>
   <div class='ocr_carea' id='block_1_3' title="bbox 410 643 2001 722">
    <p class='ocr_par' dir='ltr' id='par_1_3' title="bbox 410 643 2001 722">
     <span class='ocr_line' id='line_1_3' title="bbox 410 643 2001 722; baseline -0.004 -18"><span class='ocrx_word' id='word_1_17' title='bbox 410 654 547 722; x_wconf 85' lang='lat' dir='ltr'><strong>ignis</strong></span> <span class='ocrx_word' id='word_1_18' title='bbox 577 665 839 721; x_wconf 74' lang='lat' dir='ltr'><strong>congeras</strong></span> <span class='ocrx_word' id='word_1_19' title='bbox 868 668 882 704; x_wconf 91' lang='lat'><strong>:</strong></span> <span class='ocrx_word' id='word_1_20' title='bbox 917 665 1046 720; x_wconf 86' lang='lat' dir='ltr'><strong>ergo</strong></span> <span class='ocrx_word' id='word_1_21' title='bbox 1076 648 1291 719; x_wconf 86' lang='lat' dir='ltr'><strong>parcis?</strong></span> <span class='ocrx_word' id='word_1_22' title='bbox 1320 663 1452 716; x_wconf 87' lang='lat' dir='ltr'><strong>ergo</strong></span> <span class='ocrx_word' id='word_1_23' title='bbox 1477 646 1689 715; x_wconf 79' lang='lat' dir='ltr'><strong>diligis,</strong></span> <span class='ocrx_word' id='word_1_24' title='bbox 1720 655 1776 698; x_wconf 88' lang='lat' dir='ltr'><strong>et</strong></span> <span class='ocrx_word' id='word_1_25' title='bbox 1815 659 1881 698; x_wconf 74' lang='lat' dir='ltr'><strong>ex</strong></span> <span class='ocrx_word' id='word_1_26' title='bbox 1910 643 2001 697; x_wconf 88' lang='lat' dir='ltr'><strong>tali</strong></span> 
     </span>
    </p>
   </div>
   <div class='ocr_carea' id='block_1_4' title="bbox 405 734 2003 814">
    <p class='ocr_par' dir='ltr' id='par_1_4' title="bbox 405 734 2003 814">
     <span class='ocr_line' id='line_1_4' title="bbox 405 734 2003 814; baseline -0.008 -14"><span class='ocrx_word' id='word_1_27' title='bbox 405 761 571 814; x_wconf 87' lang='lat' dir='ltr'><strong>scopo</strong></span> <span class='ocrx_word' id='word_1_28' title='bbox 613 744 716 799; x_wconf 86' lang='lat' dir='ltr'><strong>hoc</strong></span> <span class='ocrx_word' id='word_1_29' title='bbox 754 742 931 798; x_wconf 83' lang='lat' dir='ltr'><strong>lacis?</strong></span> <span class='ocrx_word' id='word_1_30' title='bbox 973 742 1088 797; x_wconf 91' lang='lat' dir='ltr'><strong>Scit</strong></span> <span class='ocrx_word' id='word_1_31' title='bbox 1125 742 1306 806; x_wconf 88' lang='lat' dir='ltr'><strong>Deus,</strong></span> <span class='ocrx_word' id='word_1_32' title='bbox 1351 748 1530 793; x_wconf 85' lang='lat' dir='ltr'><strong>utrum</strong></span> <span class='ocrx_word' id='word_1_33' title='bbox 1577 737 1665 791; x_wconf 86' lang='lat' dir='ltr'><strong>tali</strong></span> <span class='ocrx_word' id='word_1_34' title='bbox 1710 751 1874 805; x_wconf 85' lang='lat' dir='ltr'><strong>scopo</strong></span> <span class='ocrx_word' id='word_1_35' title='bbox 1922 734 2003 789; x_wconf 90' lang='lat' dir='ltr'><strong>di-</strong></span> 
     </span>
    </p>
   </div>
   <div class='ocr_carea' id='block_1_5' title="bbox 407 826 2002 903">
    <p class='ocr_par' dir='ltr' id='par_1_5' title="bbox 407 826 2002 903">
     <span class='ocr_line' id='line_1_5' title="bbox 407 826 2002 903; baseline -0.004 -16"><span class='ocrx_word' id='word_1_36' title='bbox 407 851 535 890; x_wconf 79' lang='lat' dir='ltr'><strong>ras:</strong></span> <span class='ocrx_word' id='word_1_37' title='bbox 575 843 724 889; x_wconf 86' lang='lat' dir='ltr'><strong>certe</strong></span> <span class='ocrx_word' id='word_1_38' title='bbox 768 833 908 902; x_wconf 87' lang='lat' dir='ltr'><strong>apud</strong></span> <span class='ocrx_word' id='word_1_39' title='bbox 954 847 1056 888; x_wconf 77' lang='lat' dir='ltr'><strong>nos</strong></span> <span class='ocrx_word' id='word_1_40' title='bbox 1096 832 1393 903; x_wconf 79' lang='lat' dir='ltr'><strong>scpbistam</strong></span> <span class='ocrx_word' id='word_1_41' title='bbox 1440 828 1574 898; x_wconf 77' lang='lat' dir='ltr'><strong>agis.</strong></span> <span class='ocrx_word' id='word_1_42' title='bbox 1621 827 1816 882; x_wconf 82' lang='lat' dir='ltr'><strong>Curam</strong></span> <span class='ocrx_word' id='word_1_43' title='bbox 1859 826 2002 896; x_wconf 86' lang='lat' dir='ltr'><strong>geris</strong></span> 
     </span>
    </p>
   </div>
   <div class='ocr_carea' id='block_1_6' title="bbox 405 918 1997 996">
    <p class='ocr_par' dir='ltr' id='par_1_6' title="bbox 405 918 1997 996">
     <span class='ocr_line' id='line_1_6' title="bbox 405 918 1997 996; baseline -0.006 -15"><span class='ocrx_word' id='word_1_44' title='bbox 405 928 631 990; x_wconf 84' lang='lat' dir='ltr'><strong>inimici,</strong></span> <span class='ocrx_word' id='word_1_45' title='bbox 654 936 709 981; x_wconf 90' lang='lat' dir='ltr'><strong>et</strong></span> <span class='ocrx_word' id='word_1_46' title='bbox 737 927 893 981; x_wconf 88' lang='lat' dir='ltr'><strong>times</strong></span> <span class='ocrx_word' id='word_1_47' title='bbox 923 941 989 982; x_wconf 81' lang='lat' dir='ltr'><strong>ne</strong></span> <span class='ocrx_word' id='word_1_48' title='bbox 1017 923 1306 996; x_wconf 79' lang='lat' dir='ltr'><strong>puniatur?</strong></span> <span class='ocrx_word' id='word_1_49' title='bbox 1331 924 1470 992; x_wconf 79' lang='lat' dir='ltr'><strong>Ergo</strong></span> <span class='ocrx_word' id='word_1_50' title='bbox 1498 921 1628 975; x_wconf 85' lang='lat' dir='ltr'><strong>iram</strong></span> <span class='ocrx_word' id='word_1_51' title='bbox 1653 918 1955 975; x_wconf 77' lang='lat' dir='ltr'><strong>exstinxisti</strong></span> <span class='ocrx_word' id='word_1_52' title='bbox 1983 934 1997 972; x_wconf 89' lang='lat'><strong>:</strong></span> 
     </span>
    </p>
   </div>
   <div class='ocr_carea' id='block_1_7' title="bbox 403 1007 1966 1086">
    <p class='ocr_par' dir='ltr' id='par_1_7' title="bbox 403 1007 1966 1086">
     <span class='ocr_line' id='line_1_7' title="bbox 403 1007 1966 1086; baseline -0.006 -17"><span class='ocrx_word' id='word_1_53' title='bbox 403 1019 493 1086; x_wconf 88' lang='lat' dir='ltr'><strong>qui</strong></span> <span class='ocrx_word' id='word_1_54' title='bbox 527 1018 672 1072; x_wconf 83' lang='lat' dir='ltr'><strong>enim</strong></span> <span class='ocrx_word' id='word_1_55' title='bbox 701 1018 782 1073; x_wconf 87' lang='lat' dir='ltr'><strong>sic</strong></span> <span class='ocrx_word' id='word_1_56' title='bbox 806 1016 997 1086; x_wconf 85' lang='lat' dir='ltr'><strong>diligit,</strong></span> <span class='ocrx_word' id='word_1_57' title='bbox 1031 1025 1087 1072; x_wconf 88' lang='lat' dir='ltr'><strong>ut</strong></span> <span class='ocrx_word' id='word_1_58' title='bbox 1116 1016 1235 1086; x_wconf 87' lang='lat' dir='ltr'><strong>ejus</strong></span> <span class='ocrx_word' id='word_1_59' title='bbox 1264 1014 1545 1069; x_wconf 85' lang='lat' dir='ltr'><strong>utilitatem</strong></span> <span class='ocrx_word' id='word_1_60' title='bbox 1572 1026 1684 1066; x_wconf 78' lang='lat' dir='ltr'><strong>sua:</strong></span> <span class='ocrx_word' id='word_1_61' title='bbox 1712 1007 1966 1078; x_wconf 69' lang='lat' dir='ltr'><strong>prazferat</strong></span> 
     </span>
    </p>
   </div>
   <div class='ocr_carea' id='block_1_8' title="bbox 405 1099 2001 1174">
    <p class='ocr_par' dir='ltr' id='par_1_8' title="bbox 405 1099 2001 1174">
     <span class='ocr_line' id='line_1_8' title="bbox 405 1099 2001 1174; baseline -0.008 -11"><span class='ocrx_word' id='word_1_62' title='bbox 405 1125 514 1166; x_wconf 89' lang='lat' dir='ltr'><strong>non</strong></span> <span class='ocrx_word' id='word_1_63' title='bbox 543 1110 702 1164; x_wconf 88' lang='lat' dir='ltr'><strong>habet</strong></span> <span class='ocrx_word' id='word_1_64' title='bbox 741 1109 1034 1164; x_wconf 90' lang='lat' dir='ltr'><strong>inimicum.</strong></span> <span class='ocrx_word' id='word_1_65' title='bbox 1071 1107 1182 1162; x_wconf 90' lang='lat' dir='ltr'><strong>lloc</strong></span> <span class='ocrx_word' id='word_1_66' title='bbox 1227 1107 1408 1161; x_wconf 81' lang='lat' dir='ltr'><strong>dicere</strong></span> <span class='ocrx_word' id='word_1_67' title='bbox 1450 1102 1663 1174; x_wconf 89' lang='lat' dir='ltr'><strong>possis:</strong></span> <span class='ocrx_word' id='word_1_68' title='bbox 1713 1099 2001 1169; x_wconf 83' lang='lat' dir='ltr'><strong>Usquequo</strong></span> 
     </span>
    </p>
   </div>
   <div class='ocr_carea' id='block_1_9' title="bbox 405 1189 2001 1255">
    <p class='ocr_par' dir='ltr' id='par_1_9' title="bbox 405 1189 2001 1255">
     <span class='ocr_line' id='line_1_9' title="bbox 405 1189 2001 1255; baseline -0.006 -3"><span class='ocrx_word' id='word_1_69' title='bbox 405 1201 650 1254; x_wconf 83' lang='lat' dir='ltr'><strong>ludemus</strong></span> <span class='ocrx_word' id='word_1_70' title='bbox 675 1200 726 1252; x_wconf 90' lang='lat' dir='ltr'><strong>in</strong></span> <span class='ocrx_word' id='word_1_71' title='bbox 754 1199 916 1255; x_wconf 84' lang='lat' dir='ltr'><strong>rebus</strong></span> <span class='ocrx_word' id='word_1_72' title='bbox 947 1215 1058 1255; x_wconf 88' lang='lat' dir='ltr'><strong>non</strong></span> <span class='ocrx_word' id='word_1_73' title='bbox 1089 1198 1315 1254; x_wconf 85' lang='lat' dir='ltr'><strong>ludicris</strong></span> <span class='ocrx_word' id='word_1_74' title='bbox 1336 1205 1393 1254; x_wconf 91' lang='lat' dir='ltr'><strong>et</strong></span> <span class='ocrx_word' id='word_1_75' title='bbox 1419 1196 1630 1251; x_wconf 79' lang='lat' dir='ltr'><strong>veniam</strong></span> <span class='ocrx_word' id='word_1_76' title='bbox 1659 1209 1767 1247; x_wconf 90' lang='lat' dir='ltr'><strong>non</strong></span> <span class='ocrx_word' id='word_1_77' title='bbox 1797 1189 2001 1244; x_wconf 85' lang='lat' dir='ltr'><strong>haben-</strong></span> 
     </span>
    </p>
   </div>
   <div class='ocr_carea' id='block_1_10' title="bbox 404 1279 1996 1363">
    <p class='ocr_par' dir='ltr' id='par_1_10' title="bbox 404 1279 1996 1363">
     <span class='ocr_line' id='line_1_10' title="bbox 404 1279 1996 1363; baseline -0.008 -19"><span class='ocrx_word' id='word_1_78' title='bbox 404 1290 580 1346; x_wconf 77' lang='lat' dir='ltr'><strong>tibus?</strong></span> <span class='ocrx_word' id='word_1_79' title='bbox 621 1291 960 1360; x_wconf 77' lang='lat' dir='ltr'><strong>Quapropter</strong></span> <span class='ocrx_word' id='word_1_80' title='bbox 1004 1306 1137 1362; x_wconf 83' lang='lat' dir='ltr'><strong>rogo</strong></span> <span class='ocrx_word' id='word_1_81' title='bbox 1167 1288 1602 1363; x_wconf 80' lang='lat' dir='ltr'><strong>[fraternitatem</strong></span> <span class='ocrx_word' id='word_1_82' title='bbox 1633 1291 1870 1338; x_wconf 87' lang='lat' dir='ltr'><strong>nostram</strong></span> <span class='ocrx_word' id='word_1_83' title='bbox 1918 1279 1996 1332; x_wconf 82' lang='lat' dir='ltr'><strong>di-</strong></span> 
     </span>
    </p>
   </div>
   <div class='ocr_carea' id='block_1_11' title="bbox 1184 343 2988 408">
    <p class='ocr_par' dir='ltr' id='par_1_11' title="bbox 1184 343 2988 408">
     <span class='ocr_line' id='line_1_11' title="bbox 1184 343 2988 408; baseline -0.002 0"><span class='ocrx_word' id='word_1_84' title='bbox 1184 351 1241 408; x_wconf 83' lang='grc'><strong>5.</strong></span> <span class='ocrx_word' id='word_1_85' title='bbox 1283 347 1560 406; x_wconf 71' lang='lat' dir='ltr'><strong>IOANNIS</strong></span> <span class='ocrx_word' id='word_1_86' title='bbox 1585 343 2058 404; x_wconf 70' lang='lat' dir='ltr'><strong>CllRYSOSTOMl</strong></span> <span class='ocrx_word' id='word_1_87' title='bbox 2099 343 2418 402; x_wconf 75' lang='lat' dir='ltr'><strong>ARClllEP.</strong></span> <span class='ocrx_word' id='word_1_88' title='bbox 2454 344 2988 405; x_wconf 73' lang='lat' dir='ltr'><strong>CONSTANTlNOP.</strong></span> 
     </span>
    </p>
   </div>
   <div class='ocr_carea' id='block_1_12' title="bbox 2114 463 3704 549">
    <p class='ocr_par' dir='ltr' id='par_1_12' title="bbox 2114 463 3704 549">
     <span class='ocr_line' id='line_1_12' title="bbox 2114 463 3704 549; baseline 0.011 -35"><span class='ocrx_word' id='word_1_89' title='bbox 2114 467 2302 518; x_wconf 86' lang='lat' dir='ltr'><strong>lectam</strong></span> <span class='ocrx_word' id='word_1_90' title='bbox 2333 477 2364 518; x_wconf 87' lang='lat' dir='ltr'><strong>a</strong></span> <span class='ocrx_word' id='word_1_91' title='bbox 2392 463 2618 520; x_wconf 88' lang='lat' dir='ltr'><strong>Domino</strong></span> <span class='ocrx_word' id='word_1_92' title='bbox 2635 466 2745 522; x_wconf 92' lang='lat' dir='ltr'><strong>Deo</strong></span> <span class='ocrx_word' id='word_1_93' title='bbox 2759 475 2814 524; x_wconf 89' lang='lat' dir='ltr'><strong>et</strong></span> <span class='ocrx_word' id='word_1_94' title='bbox 2829 466 3102 526; x_wconf 85' lang='lat' dir='ltr'><strong>Salvatore</strong></span> <span class='ocrx_word' id='word_1_95' title='bbox 3117 479 3306 528; x_wconf 79' lang='lat' dir='ltr'><strong>nostro</strong></span> <span class='ocrx_word' id='word_1_96' title='bbox 3319 470 3448 529; x_wconf 85' lang='lat' dir='ltr'><strong>Iesu</strong></span> <span class='ocrx_word' id='word_1_97' title='bbox 3461 471 3704 549; x_wconf 80' lang='lat' dir='ltr'><strong>Christo,</strong></span> 
     </span>
    </p>
   </div>
   <div class='ocr_carea' id='block_1_13' title="bbox 2109 554 3702 631">
    <p class='ocr_par' dir='ltr' id='par_1_13' title="bbox 2109 554 3702 631">
     <span class='ocr_line' id='line_1_13' title="bbox 2109 554 3702 631; baseline 0.013 -27"><span class='ocrx_word' id='word_1_98' title='bbox 2109 567 2206 609; x_wconf 87' lang='lat' dir='ltr'><strong>oro</strong></span> <span class='ocrx_word' id='word_1_99' title='bbox 2233 566 2288 608; x_wconf 88' lang='lat' dir='ltr'><strong>et</strong></span> <span class='ocrx_word' id='word_1_100' title='bbox 2311 554 2536 611; x_wconf 87' lang='lat' dir='ltr'><strong>obsecro</strong></span> <span class='ocrx_word' id='word_1_101' title='bbox 2565 572 2660 614; x_wconf 86' lang='lat' dir='ltr'><strong>vos</strong></span> <span class='ocrx_word' id='word_1_102' title='bbox 2701 598 2734 622; x_wconf 27' lang='lat'><strong>,.</strong></span> <span class='ocrx_word' id='word_1_103' title='bbox 2759 560 3010 614; x_wconf 87' lang='lat' dir='ltr'><strong>obtentus</strong></span> <span class='ocrx_word' id='word_1_104' title='bbox 3039 559 3346 631; x_wconf 84' lang='lat' dir='ltr'><strong>hujusmodi</strong></span> <span class='ocrx_word' id='word_1_105' title='bbox 3387 567 3702 626; x_wconf 81' lang='lat' dir='ltr'><strong>rescinden-</strong></span> 
     </span>
    </p>
   </div>
   <div class='ocr_carea' id='block_1_14' title="bbox 2110 650 3701 732">
    <p class='ocr_par' dir='ltr' id='par_1_14' title="bbox 2110 650 3701 732">
     <span class='ocr_line' id='line_1_14' title="bbox 2110 650 3701 732; baseline 0.011 -32"><span class='ocrx_word' id='word_1_106' title='bbox 2110 653 2212 708; x_wconf 84' lang='lat' dir='ltr'><strong>tes.</strong></span> <span class='ocrx_word' id='word_1_107' title='bbox 2238 661 2305 701; x_wconf 88' lang='lat' dir='ltr'><strong>ne</strong></span> <span class='ocrx_word' id='word_1_108' title='bbox 2329 655 2739 704; x_wconf 82' lang='lat' dir='ltr'><strong>contemnamus</strong></span> <span class='ocrx_word' id='word_1_109' title='bbox 2766 650 2914 721; x_wconf 86' lang='lat' dir='ltr'><strong>leges</strong></span> <span class='ocrx_word' id='word_1_110' title='bbox 2942 651 3033 708; x_wconf 87' lang='lat' dir='ltr'><strong>Dei</strong></span> <span class='ocrx_word' id='word_1_111' title='bbox 3059 650 3271 724; x_wconf 88' lang='lat' dir='ltr'><strong>[neque</strong></span> <span class='ocrx_word' id='word_1_112' title='bbox 3295 668 3560 729; x_wconf 59' lang='lat' dir='ltr'><strong>pracepta</strong></span> <span class='ocrx_word' id='word_1_113' title='bbox 3583 661 3701 732; x_wconf 85' lang='lat' dir='ltr'><strong>ejus</strong></span> 
     </span>
    </p>
   </div>
   <div class='ocr_carea' id='block_1_15' title="bbox 2106 738 3700 822">
    <p class='ocr_par' dir='ltr' id='par_1_15' title="bbox 2106 738 3700 822">
     <span class='ocr_line' id='line_1_15' title="bbox 2106 738 3700 822; baseline 0.013 -33"><span class='ocrx_word' id='word_1_114' title='bbox 2106 738 2488 811; x_wconf 85' lang='lat' dir='ltr'><strong>spcrnamus],</strong></span> <span class='ocrx_word' id='word_1_115' title='bbox 2522 751 2579 795; x_wconf 92' lang='lat' dir='ltr'><strong>ut</strong></span> <span class='ocrx_word' id='word_1_116' title='bbox 2611 743 2882 812; x_wconf 84' lang='lat' dir='ltr'><strong>possimus</strong></span> <span class='ocrx_word' id='word_1_117' title='bbox 2911 743 3138 800; x_wconf 85' lang='lat' dir='ltr'><strong>Domino</strong></span> <span class='ocrx_word' id='word_1_118' title='bbox 3164 747 3437 816; x_wconf 83' lang='lat' dir='ltr'><strong>placentes</strong></span> <span class='ocrx_word' id='word_1_119' title='bbox 3465 768 3700 822; x_wconf 68' lang='lat' dir='ltr'><strong>praesen-</strong></span> 
     </span>
    </p>
   </div>
   <div class='ocr_carea' id='block_1_16' title="bbox 2109 829 3695 913">
    <p class='ocr_par' dir='ltr' id='par_1_16' title="bbox 2109 829 3695 913">
     <span class='ocr_line' id='line_1_16' title="bbox 2109 829 3695 913; baseline 0.012 -31"><span class='ocrx_word' id='word_1_120' title='bbox 2109 834 2214 882; x_wconf 87' lang='lat' dir='ltr'><strong>tem</strong></span> <span class='ocrx_word' id='word_1_121' title='bbox 2247 829 2406 886; x_wconf 86' lang='lat' dir='ltr'><strong>vitam</strong></span> <span class='ocrx_word' id='word_1_122' title='bbox 2439 833 2774 902; x_wconf 76' lang='lat' dir='ltr'><strong>transigere,</strong></span> <span class='ocrx_word' id='word_1_123' title='bbox 2820 844 2876 890; x_wconf 91' lang='lat' dir='ltr'><strong>et</strong></span> <span class='ocrx_word' id='word_1_124' title='bbox 2917 837 3180 905; x_wconf 87' lang='lat' dir='ltr'><strong>promissa</strong></span> <span class='ocrx_word' id='word_1_125' title='bbox 3219 844 3475 913; x_wconf 86' lang='lat' dir='ltr'><strong>consequi</strong></span> <span class='ocrx_word' id='word_1_126' title='bbox 3521 845 3695 913; x_wconf 84' lang='lat' dir='ltr'><strong>bona,</strong></span> 
     </span>
    </p>
   </div>
   <div class='ocr_carea' id='block_1_17' title="bbox 2105 918 3700 1007">
    <p class='ocr_par' dir='ltr' id='par_1_17' title="bbox 2105 918 3700 1007">
     <span class='ocr_line' id='line_1_17' title="bbox 2105 918 3700 1007; baseline 0.016 -38"><span class='ocrx_word' id='word_1_127' title='bbox 2105 918 2276 986; x_wconf 73' lang='lat' dir='ltr'><strong>gratia</strong></span> <span class='ocrx_word' id='word_1_128' title='bbox 2302 929 2358 974; x_wconf 89' lang='lat' dir='ltr'><strong>et</strong></span> <span class='ocrx_word' id='word_1_129' title='bbox 2383 919 2714 992; x_wconf 87' lang='lat' dir='ltr'><strong>benignitate</strong></span> <span class='ocrx_word' id='word_1_130' title='bbox 2747 925 2956 981; x_wconf 88' lang='lat' dir='ltr'><strong>Domini</strong></span> <span class='ocrx_word' id='word_1_131' title='bbox 2983 928 3152 984; x_wconf 82' lang='lat' dir='ltr'><strong>nostri</strong></span> <span class='ocrx_word' id='word_1_132' title='bbox 3175 928 3303 986; x_wconf 88' lang='lat' dir='ltr'><strong>Iesu</strong></span> <span class='ocrx_word' id='word_1_133' title='bbox 3333 932 3550 1004; x_wconf 81' lang='lat' dir='ltr'><strong>Christi,</strong></span> <span class='ocrx_word' id='word_1_134' title='bbox 3579 939 3700 1007; x_wconf 91' lang='lat' dir='ltr'><strong>qui-</strong></span> 
     </span>
    </p>
   </div>
   <div class='ocr_carea' id='block_1_18' title="bbox 2105 1010 3694 1098">
    <p class='ocr_par' dir='ltr' id='par_1_18' title="bbox 2105 1010 3694 1098">
     <span class='ocr_line' id='line_1_18' title="bbox 2105 1010 3694 1098; baseline 0.014 -37"><span class='ocrx_word' id='word_1_135' title='bbox 2105 1025 2224 1062; x_wconf 79' lang='lat' dir='ltr'><strong>cum</strong></span> <span class='ocrx_word' id='word_1_136' title='bbox 2255 1010 2395 1066; x_wconf 83' lang='lat' dir='ltr'><strong>Patri</strong></span> <span class='ocrx_word' id='word_1_137' title='bbox 2425 1012 2616 1083; x_wconf 81' lang='lat' dir='ltr'><strong>gloria,</strong></span> <span class='ocrx_word' id='word_1_138' title='bbox 2643 1015 2946 1085; x_wconf 90' lang='lat' dir='ltr'><strong>imperium,</strong></span> <span class='ocrx_word' id='word_1_139' title='bbox 2966 1018 3162 1086; x_wconf 84' lang='lat' dir='ltr'><strong>honor,</strong></span> <span class='ocrx_word' id='word_1_140' title='bbox 3186 1037 3307 1077; x_wconf 89' lang='lat' dir='ltr'><strong>cum</strong></span> <span class='ocrx_word' id='word_1_141' title='bbox 3330 1029 3694 1098; x_wconf 85' lang='lat' dir='ltr'><strong>sanctissimo,</strong></span> 
     </span>
    </p>
   </div>
   <div class='ocr_carea' id='block_1_19' title="bbox 2104 1099 3691 1186">
    <p class='ocr_par' dir='ltr' id='par_1_19' title="bbox 2104 1099 3691 1186">
     <span class='ocr_line' id='line_1_19' title="bbox 2104 1099 3691 1186; baseline 0.014 -32"><span class='ocrx_word' id='word_1_142' title='bbox 2104 1099 2248 1154; x_wconf 89' lang='lat' dir='ltr'><strong>bono</strong></span> <span class='ocrx_word' id='word_1_143' title='bbox 2273 1111 2326 1156; x_wconf 92' lang='lat' dir='ltr'><strong>et</strong></span> <span class='ocrx_word' id='word_1_144' title='bbox 2354 1103 2564 1158; x_wconf 84' lang='lat' dir='ltr'><strong>viviﬁco</strong></span> <span class='ocrx_word' id='word_1_145' title='bbox 2590 1105 2812 1174; x_wconf 90' lang='lat' dir='ltr'><strong>Spiritu,</strong></span> <span class='ocrx_word' id='word_1_146' title='bbox 2845 1123 2990 1165; x_wconf 89' lang='lat' dir='ltr'><strong>nunc</strong></span> <span class='ocrx_word' id='word_1_147' title='bbox 3015 1119 3070 1166; x_wconf 89' lang='lat' dir='ltr'><strong>et</strong></span> <span class='ocrx_word' id='word_1_148' title='bbox 3099 1127 3316 1186; x_wconf 85' lang='lat' dir='ltr'><strong>semper</strong></span> <span class='ocrx_word' id='word_1_149' title='bbox 3340 1156 3355 1183; x_wconf 91' lang='lat'><strong>,</strong></span> <span class='ocrx_word' id='word_1_150' title='bbox 3396 1124 3454 1172; x_wconf 89' lang='lat' dir='ltr'><strong>et</strong></span> <span class='ocrx_word' id='word_1_151' title='bbox 3495 1119 3548 1172; x_wconf 91' lang='lat' dir='ltr'><strong>in</strong></span> <span class='ocrx_word' id='word_1_152' title='bbox 3592 1133 3691 1176; x_wconf 80' lang='lat' dir='ltr'><strong>sae-</strong></span> 
     </span>
    </p>
   </div>
   <div class='ocr_carea' id='block_1_20' title="bbox 2103 1192 2851 1254">
    <p class='ocr_par' dir='ltr' id='par_1_20' title="bbox 2103 1192 2851 1254">
     <span class='ocr_line' id='line_1_20' title="bbox 2103 1192 2851 1254; baseline 0.007 -9"><span class='ocrx_word' id='word_1_153' title='bbox 2103 1192 2224 1245; x_wconf 85' lang='lat' dir='ltr'><strong>cula</strong></span> <span class='ocrx_word' id='word_1_154' title='bbox 2269 1193 2609 1250; x_wconf 68' lang='lat' dir='ltr'><strong>surculorum.</strong></span> <span class='ocrx_word' id='word_1_155' title='bbox 2659 1197 2851 1254; x_wconf 79' lang='lat' dir='ltr'><strong>Amen.</strong></span> 
     </span>
    </p>
   </div>
   <div class='ocr_carea' id='block_1_21' title="bbox 1829 1417 1976 1524">
    <p class='ocr_par' dir='ltr' id='par_1_21' title="bbox 1829 1460 1976 1524">
     <span class='ocr_line' id='line_1_21' title="bbox 1829 1460 1976 1524; baseline -0.027 0"><span class='ocrx_word' id='word_1_156' title='bbox 1829 1460 1976 1524; x_wconf 55' lang='lat' dir='ltr'><strong>H03}</strong></span> 
     </span>
    </p>
   </div>
   <div class='ocr_carea' id='block_1_22' title="bbox 2085 1417 3693 1524">
    <p class='ocr_par' dir='ltr' id='par_1_22' title="bbox 2085 1417 3693 1520">
     <span class='ocr_line' id='line_1_22' title="bbox 2085 1417 3693 1520; baseline 0.011 -4"><span class='ocrx_word' id='word_1_157' title='bbox 2085 1457 2162 1517; x_wconf 82' lang='lat' dir='ltr'><strong>lA</strong></span> <span class='ocrx_word' id='word_1_158' title='bbox 2209 1459 2310 1520; x_wconf 89' lang='lat' dir='ltr'><strong>LI.</strong></span> <span class='ocrx_word' id='word_1_159' title='bbox 2777 1417 2780 1418; x_wconf 15' lang='grc' dir='ltr'>ί</span> <span class='ocrx_word' id='word_1_160' title='bbox 3553 1417 3693 1434; x_wconf 45' lang='grc'><strong>*-</strong></span> 
     </span>
    </p>
   </div>
   <div class='ocr_carea' id='block_1_23' title="bbox 397 1606 1994 1675">
    <p class='ocr_par' dir='ltr' id='par_1_23' title="bbox 397 1606 1994 1675">
     <span class='ocr_line' id='line_1_23' title="bbox 397 1606 1994 1675; baseline -0.007 -5"><span class='ocrx_word' id='word_1_161' title='bbox 397 1613 527 1673; x_wconf 76' lang='lat' dir='ltr'><strong>Car.</strong></span> <span class='ocrx_word' id='word_1_162' title='bbox 582 1619 672 1673; x_wconf 67' lang='lat' dir='ltr'><strong>2i.</strong></span> <span class='ocrx_word' id='word_1_163' title='bbox 722 1636 776 1674; x_wconf 74' lang='grc' dir='ltr'><strong>ν.</strong></span> <span class='ocrx_word' id='word_1_164' title='bbox 821 1619 912 1675; x_wconf 78' lang='lat'><strong>22.</strong></span> <span class='ocrx_word' id='word_1_165' title='bbox 947 1619 1160 1675; x_wconf 76' lang='lat' dir='ltr'><strong>Distulit</strong></span> <span class='ocrx_word' id='word_1_166' title='bbox 1214 1629 1380 1673; x_wconf 83' lang='lat' dir='ltr'><strong>autent</strong></span> <span class='ocrx_word' id='word_1_167' title='bbox 1426 1617 1545 1672; x_wconf 79' lang='lat' dir='ltr'><strong>illos</strong></span> <span class='ocrx_word' id='word_1_168' title='bbox 1585 1611 1776 1674; x_wconf 71' lang='lat' dir='ltr'><strong>Felix,</strong></span> <span class='ocrx_word' id='word_1_169' title='bbox 1821 1606 1994 1662; x_wconf 81' lang='lat' dir='ltr'><strong>certis-</strong></span> 
     </span>
    </p>
   </div>
   <div class='ocr_carea' id='block_1_24' title="bbox 465 1703 1992 1777">
    <p class='ocr_par' dir='ltr' id='par_1_24' title="bbox 465 1703 1992 1777">
     <span class='ocr_line' id='line_1_24' title="bbox 465 1703 1992 1777; baseline -0.006 -13"><span class='ocrx_word' id='word_1_170' title='bbox 465 1711 592 1764; x_wconf 88' lang='lat' dir='ltr'><strong>sime</strong></span> <span class='ocrx_word' id='word_1_171' title='bbox 619 1713 781 1766; x_wconf 82' lang='lat' dir='ltr'><strong>sciens</strong></span> <span class='ocrx_word' id='word_1_172' title='bbox 807 1714 870 1766; x_wconf 89' lang='lat' dir='ltr'><strong>de</strong></span> <span class='ocrx_word' id='word_1_173' title='bbox 893 1713 972 1766; x_wconf 85' lang='lat' dir='ltr'><strong>via</strong></span> <span class='ocrx_word' id='word_1_174' title='bbox 993 1714 1088 1766; x_wconf 87' lang='lat' dir='ltr'><strong>hac</strong></span> <span class='ocrx_word' id='word_1_175' title='bbox 1114 1754 1127 1777; x_wconf 94' lang='lat'><strong>,</strong></span> <span class='ocrx_word' id='word_1_176' title='bbox 1156 1711 1366 1765; x_wconf 89' lang='lat' dir='ltr'><strong>dicens:</strong></span> <span class='ocrx_word' id='word_1_177' title='bbox 1393 1707 1521 1763; x_wconf 85' lang='lat' dir='ltr'><strong>Cum</strong></span> <span class='ocrx_word' id='word_1_178' title='bbox 1548 1705 1730 1777; x_wconf 85' lang='lat' dir='ltr'><strong>Lysias</strong></span> <span class='ocrx_word' id='word_1_179' title='bbox 1762 1703 1992 1757; x_wconf 79' lang='lat' dir='ltr'><strong>tribunus</strong></span> 
     </span>
    </p>
   </div>
   <div class='ocr_carea' id='block_1_25' title="bbox 467 1794 1995 1874">
    <p class='ocr_par' dir='ltr' id='par_1_25' title="bbox 467 1794 1995 1874">
     <span class='ocr_line' id='line_1_25' title="bbox 467 1794 1995 1874; baseline -0.006 -19"><span class='ocrx_word' id='word_1_180' title='bbox 467 1802 819 1869; x_wconf 82' lang='lat' dir='ltr'><strong>descenderit,</strong></span> <span class='ocrx_word' id='word_1_181' title='bbox 872 1805 1167 1874; x_wconf 83' lang='lat' dir='ltr'><strong>dignoscam</strong></span> <span class='ocrx_word' id='word_1_182' title='bbox 1212 1817 1292 1855; x_wconf 90' lang='lat' dir='ltr'><strong>res</strong></span> <span class='ocrx_word' id='word_1_183' title='bbox 1339 1809 1548 1854; x_wconf 84' lang='lat' dir='ltr'><strong>vestras.</strong></span> <span class='ocrx_word' id='word_1_184' title='bbox 1595 1796 1687 1854; x_wconf 75' lang='lat'><strong>23.</strong></span> <span class='ocrx_word' id='word_1_185' title='bbox 1734 1794 1995 1862; x_wconf 62' lang='lat' dir='ltr'><strong>lusa-itque</strong></span> 
     </span>
    </p>
   </div>
   <div class='ocr_carea' id='block_1_26' title="bbox 467 1885 1993 1959">
    <p class='ocr_par' dir='ltr' id='par_1_26' title="bbox 467 1885 1993 1959">
     <span class='ocr_line' id='line_1_26' title="bbox 467 1885 1993 1959; baseline -0.007 -13"><span class='ocrx_word' id='word_1_186' title='bbox 467 1893 813 1946; x_wconf 65' lang='lat' dir='ltr'><strong>centurionem</strong></span> <span class='ocrx_word' id='word_1_187' title='bbox 859 1893 1110 1947; x_wconf 88' lang='lat' dir='ltr'><strong>custodire</strong></span> <span class='ocrx_word' id='word_1_188' title='bbox 1157 1891 1382 1947; x_wconf 83' lang='lat' dir='ltr'><strong>Paulum</strong></span> <span class='ocrx_word' id='word_1_189' title='bbox 1406 1932 1421 1956; x_wconf 95' lang='lat'><strong>,</strong></span> <span class='ocrx_word' id='word_1_190' title='bbox 1467 1891 1730 1959; x_wconf 86' lang='lat' dir='ltr'><strong>ipsumque</strong></span> <span class='ocrx_word' id='word_1_191' title='bbox 1774 1885 1993 1954; x_wconf 88' lang='lat' dir='ltr'><strong>requiem</strong></span> 
     </span>
    </p>
   </div>
   <div class='ocr_carea' id='block_1_27' title="bbox 465 1977 1986 2055">
    <p class='ocr_par' dir='ltr' id='par_1_27' title="bbox 465 1977 1986 2055">
     <span class='ocr_line' id='line_1_27' title="bbox 465 1977 1986 2055; baseline -0.007 -17"><span class='ocrx_word' id='word_1_192' title='bbox 465 1987 648 2039; x_wconf 77' lang='lat' dir='ltr'><strong>habere</strong></span> <span class='ocrx_word' id='word_1_193' title='bbox 671 2027 685 2050; x_wconf 95' lang='lat'><strong>,</strong></span> <span class='ocrx_word' id='word_1_194' title='bbox 728 1985 1075 2055; x_wconf 84' lang='lat' dir='ltr'><strong>neminemque</strong></span> <span class='ocrx_word' id='word_1_195' title='bbox 1103 1984 1438 2054; x_wconf 78' lang='lat' dir='ltr'><strong>familiarium</strong></span> <span class='ocrx_word' id='word_1_196' title='bbox 1464 1978 1718 2052; x_wconf 82' lang='lat' dir='ltr'><strong>prohiberi</strong></span> <span class='ocrx_word' id='word_1_197' title='bbox 1742 2019 1762 2044; x_wconf 83' lang='lat'><strong>,</strong></span> <span class='ocrx_word' id='word_1_198' title='bbox 1797 1977 1986 2044; x_wconf 85' lang='lat' dir='ltr'><strong>quomi-</strong></span> 
     </span>
    </p>
   </div>
   <div class='ocr_carea' id='block_1_28' title="bbox 467 2072 1657 2143">
    <p class='ocr_par' dir='ltr' id='par_1_28' title="bbox 467 2072 1657 2143">
     <span class='ocr_line' id='line_1_28' title="bbox 467 2072 1657 2143; baseline -0.004 -15"><span class='ocrx_word' id='word_1_199' title='bbox 467 2093 564 2130; x_wconf 86' lang='lat' dir='ltr'><strong>nus</strong></span> <span class='ocrx_word' id='word_1_200' title='bbox 589 2077 895 2130; x_wconf 67' lang='lat' dir='ltr'><strong>ministraret</strong></span> <span class='ocrx_word' id='word_1_201' title='bbox 923 2077 968 2129; x_wconf 84' lang='lat' dir='ltr'><strong>ei</strong></span> <span class='ocrx_word' id='word_1_202' title='bbox 993 2117 1008 2143; x_wconf 97' lang='lat'><strong>,</strong></span> <span class='ocrx_word' id='word_1_203' title='bbox 1039 2076 1115 2130; x_wconf 84' lang='lat' dir='ltr'><strong>vel</strong></span> <span class='ocrx_word' id='word_1_204' title='bbox 1138 2073 1401 2129; x_wconf 76' lang='lat' dir='ltr'><strong>accederet</strong></span> <span class='ocrx_word' id='word_1_205' title='bbox 1424 2072 1494 2126; x_wconf 86' lang='lat' dir='ltr'><strong>ad</strong></span> <span class='ocrx_word' id='word_1_206' title='bbox 1521 2088 1657 2126; x_wconf 85' lang='lat' dir='ltr'><strong>eum.</strong></span> 
     </span>
    </p>
   </div>
   <div class='ocr_carea' id='block_1_29' title="bbox 468 2163 1989 2240">
    <p class='ocr_par' dir='ltr' id='par_1_29' title="bbox 468 2163 1989 2240">
     <span class='ocr_line' id='line_1_29' title="bbox 468 2163 1989 2240; baseline -0.007 -16"><span class='ocrx_word' id='word_1_207' title='bbox 468 2169 520 2224; x_wconf 67' lang='grc' dir='ltr'><strong>ί.</strong></span> <span class='ocrx_word' id='word_1_208' title='bbox 585 2169 719 2224; x_wconf 84' lang='lat' dir='ltr'><strong>Vide</strong></span> <span class='ocrx_word' id='word_1_209' title='bbox 767 2179 964 2240; x_wconf 87' lang='lat' dir='ltr'><strong>quanta</strong></span> <span class='ocrx_word' id='word_1_210' title='bbox 1014 2169 1108 2223; x_wconf 90' lang='lat' dir='ltr'><strong>liat</strong></span> <span class='ocrx_word' id='word_1_211' title='bbox 1150 2167 1434 2239; x_wconf 88' lang='lat' dir='ltr'><strong>probatio,</strong></span> <span class='ocrx_word' id='word_1_212' title='bbox 1481 2165 1658 2236; x_wconf 90' lang='lat' dir='ltr'><strong>primo</strong></span> <span class='ocrx_word' id='word_1_213' title='bbox 1696 2163 1910 2232; x_wconf 79' lang='lat' dir='ltr'><strong>quidem</strong></span> <span class='ocrx_word' id='word_1_214' title='bbox 1960 2178 1989 2215; x_wconf 92' lang='lat' dir='ltr'><strong>a</strong></span> 
     </span>
    </p>
   </div>
   <div class='ocr_carea' id='block_1_30' title="bbox 394 2253 1990 2330">
    <p class='ocr_par' dir='ltr' id='par_1_30' title="bbox 394 2253 1990 2330">
     <span class='ocr_line' id='line_1_30' title="bbox 394 2253 1990 2330; baseline -0.007 -16"><span class='ocrx_word' id='word_1_215' title='bbox 394 2260 580 2315; x_wconf 78' lang='lat' dir='ltr'><strong>multis</strong></span> <span class='ocrx_word' id='word_1_216' title='bbox 603 2303 617 2326; x_wconf 91' lang='lat'><strong>,</strong></span> <span class='ocrx_word' id='word_1_217' title='bbox 645 2260 844 2315; x_wconf 82' lang='lat' dir='ltr'><strong>deinde</strong></span> <span class='ocrx_word' id='word_1_218' title='bbox 875 2259 1044 2314; x_wconf 89' lang='lat' dir='ltr'><strong>multo</strong></span> <span class='ocrx_word' id='word_1_219' title='bbox 1068 2269 1313 2330; x_wconf 88' lang='lat' dir='ltr'><strong>tempore</strong></span> <span class='ocrx_word' id='word_1_220' title='bbox 1336 2299 1354 2325; x_wconf 91' lang='lat'><strong>,</strong></span> <span class='ocrx_word' id='word_1_221' title='bbox 1385 2265 1445 2312; x_wconf 92' lang='lat' dir='ltr'><strong>ut</strong></span> <span class='ocrx_word' id='word_1_222' title='bbox 1471 2272 1538 2312; x_wconf 91' lang='lat' dir='ltr'><strong>ne</strong></span> <span class='ocrx_word' id='word_1_223' title='bbox 1565 2255 1671 2310; x_wconf 90' lang='lat' dir='ltr'><strong>dici</strong></span> <span class='ocrx_word' id='word_1_224' title='bbox 1703 2262 1884 2325; x_wconf 76' lang='lat' dir='ltr'><strong>posset</strong></span> <span class='ocrx_word' id='word_1_225' title='bbox 1901 2253 1990 2321; x_wconf 86' lang='lat' dir='ltr'><strong>ju-</strong></span> 
     </span>
    </p>
   </div>
   <div class='ocr_carea' id='block_1_31' title="bbox 393 2348 1988 2422">
    <p class='ocr_par' dir='ltr' id='par_1_31' title="bbox 393 2348 1988 2422">
     <span class='ocr_line' id='line_1_31' title="bbox 393 2348 1988 2422; baseline -0.004 -17"><span class='ocrx_word' id='word_1_226' title='bbox 393 2353 591 2406; x_wconf 80' lang='lat' dir='ltr'><strong>dicium</strong></span> <span class='ocrx_word' id='word_1_227' title='bbox 615 2352 812 2422; x_wconf 87' lang='lat' dir='ltr'><strong>raptim</strong></span> <span class='ocrx_word' id='word_1_228' title='bbox 837 2353 1032 2407; x_wconf 79' lang='lat' dir='ltr'><strong>factum</strong></span> <span class='ocrx_word' id='word_1_229' title='bbox 1060 2351 1244 2406; x_wconf 77' lang='lat' dir='ltr'><strong>fuisse.</strong></span> <span class='ocrx_word' id='word_1_230' title='bbox 1267 2351 1400 2419; x_wconf 85' lang='lat' dir='ltr'><strong>Quia</strong></span> <span class='ocrx_word' id='word_1_231' title='bbox 1430 2348 1574 2403; x_wconf 90' lang='lat' dir='ltr'><strong>enim</strong></span> <span class='ocrx_word' id='word_1_232' title='bbox 1601 2353 1988 2402; x_wconf 77' lang='lat' dir='ltr'><strong>memoraverat</strong></span> 
     </span>
    </p>
   </div>
   <div class='ocr_carea' id='block_1_32' title="bbox 393 2438 1984 2513">
    <p class='ocr_par' dir='ltr' id='par_1_32' title="bbox 393 2438 1984 2513">
     <span class='ocr_line' id='line_1_32' title="bbox 393 2438 1984 2513; baseline -0.004 -17"><span class='ocrx_word' id='word_1_233' title='bbox 393 2443 606 2513; x_wconf 80' lang='lat' dir='ltr'><strong>Lysiam</strong></span> <span class='ocrx_word' id='word_1_234' title='bbox 637 2453 821 2499; x_wconf 85' lang='lat' dir='ltr'><strong>orator</strong></span> <span class='ocrx_word' id='word_1_235' title='bbox 845 2487 860 2510; x_wconf 91' lang='lat'><strong>,</strong></span> <span class='ocrx_word' id='word_1_236' title='bbox 890 2444 1074 2499; x_wconf 89' lang='lat' dir='ltr'><strong>dicens</strong></span> <span class='ocrx_word' id='word_1_237' title='bbox 1104 2443 1250 2498; x_wconf 84' lang='lat' dir='ltr'><strong>illum</strong></span> <span class='ocrx_word' id='word_1_238' title='bbox 1297 2442 1350 2496; x_wconf 87' lang='lat' dir='ltr'><strong>vi</strong></span> <span class='ocrx_word' id='word_1_239' title='bbox 1395 2440 1682 2496; x_wconf 79' lang='lat' dir='ltr'><strong>abduxisse</strong></span> <span class='ocrx_word' id='word_1_240' title='bbox 1723 2438 1942 2493; x_wconf 82' lang='lat' dir='ltr'><strong>Paulum</strong></span> <span class='ocrx_word' id='word_1_241' title='bbox 1969 2479 1984 2502; x_wconf 89' lang='lat'><strong>,</strong></span> 
     </span>
    </p>
   </div>
   <div class='ocr_carea' id='block_1_33' title="bbox 391 2531 1987 2603">
    <p class='ocr_par' dir='ltr' id='par_1_33' title="bbox 391 2531 1987 2603">
     <span class='ocr_line' id='line_1_33' title="bbox 391 2531 1987 2603; baseline -0.001 -19"><span class='ocrx_word' id='word_1_242' title='bbox 391 2547 688 2603; x_wconf 81' lang='lat' dir='ltr'><strong>opportune</strong></span> <span class='ocrx_word' id='word_1_243' title='bbox 714 2537 893 2592; x_wconf 91' lang='lat' dir='ltr'><strong>subdit</strong></span> <span class='ocrx_word' id='word_1_244' title='bbox 917 2535 1110 2590; x_wconf 78' lang='lat' dir='ltr'><strong>Felicis</strong></span> <span class='ocrx_word' id='word_1_245' title='bbox 1139 2535 1302 2590; x_wconf 85' lang='lat' dir='ltr'><strong>verba</strong></span> <span class='ocrx_word' id='word_1_246' title='bbox 1323 2575 1338 2600; x_wconf 94' lang='lat'><strong>,</strong></span> <span class='ocrx_word' id='word_1_247' title='bbox 1366 2544 1418 2588; x_wconf 87' lang='lat' dir='ltr'><strong>et</strong></span> <span class='ocrx_word' id='word_1_248' title='bbox 1444 2534 1521 2587; x_wconf 86' lang='lat' dir='ltr'><strong>ait</strong></span> <span class='ocrx_word' id='word_1_249' title='bbox 1544 2551 1560 2587; x_wconf 86' lang='lat'><strong>:</strong></span> <span class='ocrx_word' id='word_1_250' title='bbox 1589 2531 1795 2585; x_wconf 80' lang='lat' dir='ltr'><strong>Distulit</strong></span> <span class='ocrx_word' id='word_1_251' title='bbox 1819 2539 1987 2582; x_wconf 78' lang='lat' dir='ltr'><strong>autem</strong></span> 
     </span>
    </p>
   </div>
   <div class='ocr_carea' id='block_1_34' title="bbox 391 2621 1984 2691">
    <p class='ocr_par' dir='ltr' id='par_1_34' title="bbox 391 2621 1984 2691">
     <span class='ocr_line' id='line_1_34' title="bbox 391 2621 1984 2691; baseline -0.003 -13"><span class='ocrx_word' id='word_1_252' title='bbox 391 2627 504 2679; x_wconf 76' lang='lat' dir='ltr'><strong>illos</strong></span> <span class='ocrx_word' id='word_1_253' title='bbox 539 2626 687 2681; x_wconf 63' lang='lat' dir='ltr'><strong>Felix</strong></span> <span class='ocrx_word' id='word_1_254' title='bbox 711 2669 724 2691; x_wconf 91' lang='lat'><strong>,</strong></span> <span class='ocrx_word' id='word_1_255' title='bbox 761 2628 1036 2682; x_wconf 76' lang='lat' dir='ltr'><strong>certissime</strong></span> <span class='ocrx_word' id='word_1_256' title='bbox 1062 2627 1223 2681; x_wconf 83' lang='lat' dir='ltr'><strong>sciens</strong></span> <span class='ocrx_word' id='word_1_257' title='bbox 1249 2625 1313 2678; x_wconf 88' lang='lat' dir='ltr'><strong>de</strong></span> <span class='ocrx_word' id='word_1_258' title='bbox 1339 2625 1424 2678; x_wconf 83' lang='lat' dir='ltr'><strong>via</strong></span> <span class='ocrx_word' id='word_1_259' title='bbox 1445 2624 1581 2689; x_wconf 89' lang='lat' dir='ltr'><strong>hac;</strong></span> <span class='ocrx_word' id='word_1_260' title='bbox 1611 2621 1662 2676; x_wconf 91' lang='lat' dir='ltr'><strong>id</strong></span> <span class='ocrx_word' id='word_1_261' title='bbox 1694 2633 1775 2675; x_wconf 91' lang='lat' dir='ltr'><strong>est</strong></span> <span class='ocrx_word' id='word_1_262' title='bbox 1800 2661 1816 2684; x_wconf 86' lang='lat'><strong>,</strong></span> <span class='ocrx_word' id='word_1_263' title='bbox 1847 2629 1984 2674; x_wconf 71' lang='lat' dir='ltr'><strong>tvm-</strong></span> 
     </span>
    </p>
   </div>
   <div class='ocr_carea' id='block_1_35' title="bbox 391 2714 1986 2789">
    <p class='ocr_par' dir='ltr' id='par_1_35' title="bbox 391 2714 1986 2789">
     <span class='ocr_line' id='line_1_35' title="bbox 391 2714 1986 2789; baseline -0.003 -18"><span class='ocrx_word' id='word_1_264' title='bbox 391 2718 593 2786; x_wconf 71' lang='lat' dir='ltr'><strong>pesxive</strong></span> <span class='ocrx_word' id='word_1_265' title='bbox 624 2720 866 2781; x_wconf 80' lang='lat' dir='ltr'><strong>remisit;</strong></span> <span class='ocrx_word' id='word_1_266' title='bbox 919 2735 1030 2773; x_wconf 86' lang='lat' dir='ltr'><strong>non</strong></span> <span class='ocrx_word' id='word_1_267' title='bbox 1066 2733 1202 2789; x_wconf 84' lang='lat' dir='ltr'><strong>opus</strong></span> <span class='ocrx_word' id='word_1_268' title='bbox 1245 2716 1452 2771; x_wconf 88' lang='lat' dir='ltr'><strong>habens</strong></span> <span class='ocrx_word' id='word_1_269' title='bbox 1496 2715 1744 2779; x_wconf 77' lang='lat' dir='ltr'><strong>discere,</strong></span> <span class='ocrx_word' id='word_1_270' title='bbox 1789 2714 1882 2767; x_wconf 91' lang='lat' dir='ltr'><strong>sed</strong></span> <span class='ocrx_word' id='word_1_271' title='bbox 1929 2724 1986 2766; x_wconf 91' lang='lat' dir='ltr'><strong>ut</strong></span> 
     </span>
    </p>
   </div>
   <div class='ocr_carea' id='block_1_36' title="bbox 387 2806 1982 2879">
    <p class='ocr_par' dir='ltr' id='par_1_36' title="bbox 387 2806 1982 2879">
     <span class='ocr_line' id='line_1_36' title="bbox 387 2806 1982 2879; baseline -0.003 -17"><span class='ocrx_word' id='word_1_272' title='bbox 387 2810 666 2879; x_wconf 83' lang='lat' dir='ltr'><strong>repelleret</strong></span> <span class='ocrx_word' id='word_1_273' title='bbox 700 2811 936 2865; x_wconf 64' lang='lat' dir='ltr'><strong>Iuda-os.</strong></span> <span class='ocrx_word' id='word_1_274' title='bbox 983 2811 1259 2866; x_wconf 90' lang='lat' dir='ltr'><strong>Dimittere</strong></span> <span class='ocrx_word' id='word_1_275' title='bbox 1291 2819 1512 2879; x_wconf 85' lang='lat' dir='ltr'><strong>propter</strong></span> <span class='ocrx_word' id='word_1_276' title='bbox 1551 2808 1671 2862; x_wconf 89' lang='lat' dir='ltr'><strong>illos</strong></span> <span class='ocrx_word' id='word_1_277' title='bbox 1728 2806 1982 2870; x_wconf 83' lang='lat' dir='ltr'><strong>nolebat;</strong></span> 
     </span>
    </p>
   </div>
   <div class='ocr_carea' id='block_1_37' title="bbox 391 2896 1983 2971">
    <p class='ocr_par' dir='ltr' id='par_1_37' title="bbox 391 2896 1983 2971">
     <span class='ocr_line' id='line_1_37' title="bbox 391 2896 1983 2971; baseline -0.003 -19"><span class='ocrx_word' id='word_1_278' title='bbox 391 2901 579 2970; x_wconf 78' lang='lat' dir='ltr'><strong>punire</strong></span> <span class='ocrx_word' id='word_1_279' title='bbox 628 2917 735 2956; x_wconf 87' lang='lat' dir='ltr'><strong>non</strong></span> <span class='ocrx_word' id='word_1_280' title='bbox 791 2911 1041 2970; x_wconf 88' lang='lat' dir='ltr'><strong>poterat;</strong></span> <span class='ocrx_word' id='word_1_281' title='bbox 1090 2901 1374 2971; x_wconf 88' lang='lat' dir='ltr'><strong>impmlens</strong></span> <span class='ocrx_word' id='word_1_282' title='bbox 1409 2899 1552 2954; x_wconf 91' lang='lat' dir='ltr'><strong>enim</strong></span> <span class='ocrx_word' id='word_1_283' title='bbox 1599 2899 1805 2952; x_wconf 81' lang='lat' dir='ltr'><strong>inisset.</strong></span> <span class='ocrx_word' id='word_1_284' title='bbox 1861 2896 1983 2951; x_wconf 86' lang='lat' dir='ltr'><strong>Ideo</strong></span> 
     </span>
    </p>
   </div>
   <div class='ocr_carea' id='block_1_38' title="bbox 385 2989 1980 3062">
    <p class='ocr_par' dir='ltr' id='par_1_38' title="bbox 385 2989 1980 3062">
     <span class='ocr_line' id='line_1_38' title="bbox 385 2989 1980 3062; baseline -0.002 -19"><span class='ocrx_word' id='word_1_285' title='bbox 385 2991 561 3046; x_wconf 76' lang='lat' dir='ltr'><strong>differt</strong></span> <span class='ocrx_word' id='word_1_286' title='bbox 588 3035 603 3058; x_wconf 96' lang='lat'><strong>,</strong></span> <span class='ocrx_word' id='word_1_287' title='bbox 631 2993 817 3047; x_wconf 91' lang='lat' dir='ltr'><strong>dicens</strong></span> <span class='ocrx_word' id='word_1_288' title='bbox 846 3012 858 3047; x_wconf 93' lang='lat'><strong>:</strong></span> <span class='ocrx_word' id='word_1_289' title='bbox 890 2992 1016 3047; x_wconf 84' lang='lat' dir='ltr'><strong>Cum</strong></span> <span class='ocrx_word' id='word_1_290' title='bbox 1045 2991 1228 3062; x_wconf 82' lang='lat' dir='ltr'><strong>Lysias</strong></span> <span class='ocrx_word' id='word_1_291' title='bbox 1259 2991 1491 3045; x_wconf 82' lang='lat' dir='ltr'><strong>tribunus</strong></span> <span class='ocrx_word' id='word_1_292' title='bbox 1517 2989 1830 3043; x_wconf 84' lang='lat' dir='ltr'><strong>descenderit</strong></span> <span class='ocrx_word' id='word_1_293' title='bbox 1857 3029 1869 3046; x_wconf 91' lang='lat'><strong>.</strong></span> <span class='ocrx_word' id='word_1_294' title='bbox 1898 2989 1980 3040; x_wconf 84' lang='lat' dir='ltr'><strong>di-</strong></span> 
     </span>
    </p>
   </div>
   <div class='ocr_carea' id='block_1_39' title="bbox 385 3080 1984 3154">
    <p class='ocr_par' dir='ltr' id='par_1_39' title="bbox 385 3080 1984 3154">
     <span class='ocr_line' id='line_1_39' title="bbox 385 3080 1984 3154; baseline -0.001 -20"><span class='ocrx_word' id='word_1_295' title='bbox 385 3098 625 3154; x_wconf 81' lang='lat' dir='ltr'><strong>gnoscam</strong></span> <span class='ocrx_word' id='word_1_296' title='bbox 659 3101 738 3137; x_wconf 89' lang='lat' dir='ltr'><strong>res</strong></span> <span class='ocrx_word' id='word_1_297' title='bbox 784 3094 993 3139; x_wconf 78' lang='lat' dir='ltr'><strong>uestras.</strong></span> <span class='ocrx_word' id='word_1_298' title='bbox 1039 3082 1302 3152; x_wconf 81' lang='lat' dir='ltr'><strong>Jussitque</strong></span> <span class='ocrx_word' id='word_1_299' title='bbox 1344 3083 1684 3137; x_wconf 86' lang='lat' dir='ltr'><strong>centurionem</strong></span> <span class='ocrx_word' id='word_1_300' title='bbox 1727 3080 1984 3134; x_wconf 85' lang='lat' dir='ltr'><strong>custodire</strong></span> 
     </span>
    </p>
   </div>
   <div class='ocr_carea' id='block_1_40' title="bbox 393 3172 1976 3245">
    <p class='ocr_par' dir='ltr' id='par_1_40' title="bbox 393 3172 1976 3245">
     <span class='ocr_line' id='line_1_40' title="bbox 393 3172 1976 3245; baseline -0.001 -19"><span class='ocrx_word' id='word_1_301' title='bbox 393 3172 613 3229; x_wconf 84' lang='lat' dir='ltr'><strong>Paulum</strong></span> <span class='ocrx_word' id='word_1_302' title='bbox 639 3219 652 3238; x_wconf 88' lang='lat'><strong>,</strong></span> <span class='ocrx_word' id='word_1_303' title='bbox 682 3177 944 3245; x_wconf 66' lang='lat' dir='ltr'><strong>ipsumque</strong></span> <span class='ocrx_word' id='word_1_304' title='bbox 970 3175 1190 3240; x_wconf 81' lang='lat' dir='ltr'><strong>requiem</strong></span> <span class='ocrx_word' id='word_1_305' title='bbox 1215 3173 1396 3228; x_wconf 86' lang='lat' dir='ltr'><strong>habere</strong></span> <span class='ocrx_word' id='word_1_306' title='bbox 1416 3216 1431 3238; x_wconf 93' lang='lat'><strong>,</strong></span> <span class='ocrx_word' id='word_1_307' title='bbox 1459 3173 1803 3243; x_wconf 83' lang='lat' dir='ltr'><strong>neminemque</strong></span> <span class='ocrx_word' id='word_1_308' title='bbox 1825 3172 1976 3242; x_wconf 82' lang='lat' dir='ltr'><strong>fami-</strong></span> 
     </span>
    </p>
   </div>
   <div class='ocr_carea' id='block_1_41' title="bbox 390 3264 1979 3336">
    <p class='ocr_par' dir='ltr' id='par_1_41' title="bbox 390 3264 1979 3336">
     <span class='ocr_line' id='line_1_41' title="bbox 390 3264 1979 3336; baseline -0.001 -17"><span class='ocrx_word' id='word_1_309' title='bbox 390 3266 594 3320; x_wconf 83' lang='lat' dir='ltr'><strong>liarium</strong></span> <span class='ocrx_word' id='word_1_310' title='bbox 625 3265 880 3336; x_wconf 83' lang='lat' dir='ltr'><strong>prohiberi</strong></span> <span class='ocrx_word' id='word_1_311' title='bbox 904 3307 918 3330; x_wconf 96' lang='lat'><strong>,</strong></span> <span class='ocrx_word' id='word_1_312' title='bbox 947 3267 1220 3330; x_wconf 85' lang='lat' dir='ltr'><strong>quominus</strong></span> <span class='ocrx_word' id='word_1_313' title='bbox 1243 3265 1545 3320; x_wconf 83' lang='lat' dir='ltr'><strong>ministraret</strong></span> <span class='ocrx_word' id='word_1_314' title='bbox 1584 3265 1630 3319; x_wconf 89' lang='lat' dir='ltr'><strong>ei</strong></span> <span class='ocrx_word' id='word_1_315' title='bbox 1649 3305 1664 3329; x_wconf 89' lang='lat'><strong>,</strong></span> <span class='ocrx_word' id='word_1_316' title='bbox 1715 3264 1789 3318; x_wconf 73' lang='lat' dir='ltr'><strong>vel</strong></span> <span class='ocrx_word' id='word_1_317' title='bbox 1832 3281 1979 3318; x_wconf 82' lang='lat' dir='ltr'><strong>acce-</strong></span> 
     </span>
    </p>
   </div>
   <div class='ocr_carea' id='block_1_42' title="bbox 387 3353 1975 3427">
    <p class='ocr_par' dir='ltr' id='par_1_42' title="bbox 387 3353 1975 3427">
     <span class='ocr_line' id='line_1_42' title="bbox 387 3353 1975 3427; baseline 0 -19"><span class='ocrx_word' id='word_1_318' title='bbox 387 3357 526 3410; x_wconf 81' lang='lat' dir='ltr'><strong>deret</strong></span> <span class='ocrx_word' id='word_1_319' title='bbox 553 3358 621 3409; x_wconf 84' lang='lat' dir='ltr'><strong>ad</strong></span> <span class='ocrx_word' id='word_1_320' title='bbox 650 3373 783 3410; x_wconf 87' lang='lat' dir='ltr'><strong>eum.</strong></span> <span class='ocrx_word' id='word_1_321' title='bbox 837 3357 1074 3427; x_wconf 78' lang='lat' dir='ltr'><strong>Requietn</strong></span> <span class='ocrx_word' id='word_1_322' title='bbox 1121 3356 1343 3422; x_wconf 84' lang='lat' dir='ltr'><strong>habere,</strong></span> <span class='ocrx_word' id='word_1_323' title='bbox 1391 3355 1580 3424; x_wconf 86' lang='lat' dir='ltr'><strong>inquit.</strong></span> <span class='ocrx_word' id='word_1_324' title='bbox 1626 3353 1715 3410; x_wconf 87' lang='lat' dir='ltr'><strong>Sic</strong></span> <span class='ocrx_word' id='word_1_325' title='bbox 1755 3355 1902 3408; x_wconf 88' lang='lat' dir='ltr'><strong>illum</strong></span> <span class='ocrx_word' id='word_1_326' title='bbox 1946 3369 1975 3408; x_wconf 88' lang='lat' dir='ltr'><strong>a</strong></span> 
     </span>
    </p>
   </div>
   <div class='ocr_carea' id='block_1_43' title="bbox 383 3447 1978 3520">
    <p class='ocr_par' dir='ltr' id='par_1_43' title="bbox 383 3447 1978 3520">
     <span class='ocr_line' id='line_1_43' title="bbox 383 3447 1978 3520; baseline -0.004 -16"><span class='ocrx_word' id='word_1_327' title='bbox 383 3450 699 3504; x_wconf 84' lang='lat' dir='ltr'><strong>criminibus</strong></span> <span class='ocrx_word' id='word_1_328' title='bbox 731 3450 959 3504; x_wconf 86' lang='lat' dir='ltr'><strong>liberum</strong></span> <span class='ocrx_word' id='word_1_329' title='bbox 990 3449 1214 3520; x_wconf 88' lang='lat' dir='ltr'><strong>judicat.</strong></span> <span class='ocrx_word' id='word_1_330' title='bbox 1247 3449 1356 3504; x_wconf 82' lang='lat' dir='ltr'><strong>Cur</strong></span> <span class='ocrx_word' id='word_1_331' title='bbox 1401 3463 1528 3518; x_wconf 88' lang='lat' dir='ltr'><strong>ergo</strong></span> <span class='ocrx_word' id='word_1_332' title='bbox 1565 3447 1770 3503; x_wconf 77' lang='lat' dir='ltr'><strong>detinet</strong></span> <span class='ocrx_word' id='word_1_333' title='bbox 1809 3462 1931 3500; x_wconf 86' lang='lat' dir='ltr'><strong>eum</strong></span> <span class='ocrx_word' id='word_1_334' title='bbox 1953 3448 1978 3498; x_wconf 70' lang='grc' dir='ltr'><strong>ζ’</strong></span> 
     </span>
    </p>
   </div>
   <div class='ocr_carea' id='block_1_44' title="bbox 383 3539 1975 3613">
    <p class='ocr_par' dir='ltr' id='par_1_44' title="bbox 383 3539 1975 3613">
     <span class='ocr_line' id='line_1_44' title="bbox 383 3539 1975 3613; baseline 0.001 -19"><span class='ocrx_word' id='word_1_335' title='bbox 383 3539 446 3594; x_wconf 84' lang='lat' dir='ltr'><strong>In</strong></span> <span class='ocrx_word' id='word_1_336' title='bbox 465 3540 769 3596; x_wconf 68' lang='lat' dir='ltr'><strong>Iudaeorum</strong></span> <span class='ocrx_word' id='word_1_337' title='bbox 797 3543 1021 3613; x_wconf 81' lang='lat' dir='ltr'><strong>gratiam</strong></span> <span class='ocrx_word' id='word_1_338' title='bbox 1048 3584 1064 3609; x_wconf 93' lang='lat'><strong>,</strong></span> <span class='ocrx_word' id='word_1_339' title='bbox 1095 3543 1176 3597; x_wconf 89' lang='lat' dir='ltr'><strong>vel</strong></span> <span class='ocrx_word' id='word_1_340' title='bbox 1207 3542 1367 3596; x_wconf 90' lang='lat' dir='ltr'><strong>etiam</strong></span> <span class='ocrx_word' id='word_1_341' title='bbox 1390 3555 1615 3610; x_wconf 87' lang='lat' dir='ltr'><strong>sperans</strong></span> <span class='ocrx_word' id='word_1_342' title='bbox 1637 3557 1695 3596; x_wconf 91' lang='lat' dir='ltr'><strong>se</strong></span> <span class='ocrx_word' id='word_1_343' title='bbox 1724 3543 1975 3610; x_wconf 83' lang='lat' dir='ltr'><strong>pecunias</strong></span> 
     </span>
    </p>
   </div>
   <div class='ocr_carea' id='block_1_45' title="bbox 379 3631 1974 3704">
    <p class='ocr_par' dir='ltr' id='par_1_45' title="bbox 379 3631 1974 3704">
     <span class='ocr_line' id='line_1_45' title="bbox 379 3631 1974 3704; baseline 0.002 -20"><span class='ocrx_word' id='word_1_344' title='bbox 379 3645 720 3704; x_wconf 76' lang='lat' dir='ltr'><strong>accepturum</strong></span> <span class='ocrx_word' id='word_1_345' title='bbox 753 3649 895 3689; x_wconf 89' lang='lat' dir='ltr'><strong>esse.</strong></span> <span class='ocrx_word' id='word_1_346' title='bbox 931 3633 1134 3688; x_wconf 85' lang='lat' dir='ltr'><strong>Idcirco</strong></span> <span class='ocrx_word' id='word_1_347' title='bbox 1166 3633 1388 3688; x_wconf 82' lang='lat' dir='ltr'><strong>Paulum</strong></span> <span class='ocrx_word' id='word_1_348' title='bbox 1420 3643 1647 3698; x_wconf 82' lang='lat' dir='ltr'><strong>evocat;</strong></span> <span class='ocrx_word' id='word_1_349' title='bbox 1693 3631 1834 3702; x_wconf 83' lang='lat' dir='ltr'><strong>quod</strong></span> <span class='ocrx_word' id='word_1_350' title='bbox 1876 3648 1974 3687; x_wconf 87' lang='lat' dir='ltr'><strong>au-</strong></span> 
     </span>
    </p>
   </div>
   <div class='ocr_carea' id='block_1_46' title="bbox 385 3715 1972 3794">
    <p class='ocr_par' dir='ltr' id='par_1_46' title="bbox 385 3715 1972 3794">
     <span class='ocr_line' id='line_1_46' title="bbox 385 3715 1972 3794; baseline -0.001 -17"><span class='ocrx_word' id='word_1_351' title='bbox 385 3737 490 3778; x_wconf 78' lang='lat' dir='ltr'><strong>tem</strong></span> <span class='ocrx_word' id='word_1_352' title='bbox 519 3724 639 3778; x_wconf 85' lang='lat' dir='ltr'><strong>ideo</strong></span> <span class='ocrx_word' id='word_1_353' title='bbox 666 3715 1008 3793; x_wconf 79' lang='lat' dir='ltr'><strong>evocaverit,</strong></span> <span class='ocrx_word' id='word_1_354' title='bbox 1041 3725 1238 3779; x_wconf 85' lang='lat' dir='ltr'><strong>indicat</strong></span> <span class='ocrx_word' id='word_1_355' title='bbox 1259 3724 1412 3779; x_wconf 88' lang='lat' dir='ltr'><strong>nobis</strong></span> <span class='ocrx_word' id='word_1_356' title='bbox 1441 3726 1674 3794; x_wconf 84' lang='lat' dir='ltr'><strong>seriptor</strong></span> <span class='ocrx_word' id='word_1_357' title='bbox 1696 3766 1712 3788; x_wconf 91' lang='lat'><strong>,</strong></span> <span class='ocrx_word' id='word_1_358' title='bbox 1746 3723 1972 3792; x_wconf 83' lang='lat' dir='ltr'><strong>subjun-</strong></span> 
     </span>
    </p>
   </div>
   <div class='ocr_carea' id='block_1_47' title="bbox 377 3815 1975 3886">
    <p class='ocr_par' dir='ltr' id='par_1_47' title="bbox 377 3815 1975 3886">
     <span class='ocr_line' id='line_1_47' title="bbox 377 3815 1975 3886; baseline 0 -17"><span class='ocrx_word' id='word_1_359' title='bbox 377 3831 510 3886; x_wconf 75' lang='lat' dir='ltr'><strong>gens</strong></span> <span class='ocrx_word' id='word_1_360' title='bbox 535 3829 598 3870; x_wconf 88' lang='lat' dir='ltr'><strong>ac</strong></span> <span class='ocrx_word' id='word_1_361' title='bbox 626 3815 811 3871; x_wconf 86' lang='lat' dir='ltr'><strong>dicens</strong></span> <span class='ocrx_word' id='word_1_362' title='bbox 842 3835 855 3869; x_wconf 85' lang='lat'><strong>:</strong></span> <span class='ocrx_word' id='word_1_363' title='bbox 887 3815 980 3871; x_wconf 66' lang='lat' dir='ltr'><strong>2i.</strong></span> <span class='ocrx_word' id='word_1_364' title='bbox 1019 3816 1139 3870; x_wconf 83' lang='lat' dir='ltr'><strong>Post</strong></span> <span class='ocrx_word' id='word_1_365' title='bbox 1179 3818 1370 3885; x_wconf 83' lang='lat' dir='ltr'><strong>aliquot</strong></span> <span class='ocrx_word' id='word_1_366' title='bbox 1409 3828 1576 3869; x_wconf 81' lang='lat' dir='ltr'><strong>autem</strong></span> <span class='ocrx_word' id='word_1_367' title='bbox 1625 3817 1732 3869; x_wconf 87' lang='lat' dir='ltr'><strong>dies</strong></span> <span class='ocrx_word' id='word_1_368' title='bbox 1773 3817 1975 3869; x_wconf 83' lang='lat' dir='ltr'><strong>veniens</strong></span> 
     </span>
    </p>
   </div>
   <div class='ocr_carea' id='block_1_48' title="bbox 380 3905 1973 3976">
    <p class='ocr_par' dir='ltr' id='par_1_48' title="bbox 380 3905 1973 3976">
     <span class='ocr_line' id='line_1_48' title="bbox 380 3905 1973 3976; baseline 0.001 -17"><span class='ocrx_word' id='word_1_369' title='bbox 380 3905 534 3959; x_wconf 69' lang='lat' dir='ltr'><strong>Felix</strong></span> <span class='ocrx_word' id='word_1_370' title='bbox 563 3923 681 3959; x_wconf 82' lang='lat' dir='ltr'><strong>cum</strong></span> <span class='ocrx_word' id='word_1_371' title='bbox 708 3905 938 3961; x_wconf 80' lang='lat' dir='ltr'><strong>Drusilla</strong></span> <span class='ocrx_word' id='word_1_372' title='bbox 965 3923 1121 3960; x_wconf 74' lang='lat' dir='ltr'><strong>uxore</strong></span> <span class='ocrx_word' id='word_1_373' title='bbox 1145 3924 1238 3960; x_wconf 80' lang='lat' dir='ltr'><strong>sua</strong></span> <span class='ocrx_word' id='word_1_374' title='bbox 1259 3949 1274 3972; x_wconf 91' lang='lat'><strong>,</strong></span> <span class='ocrx_word' id='word_1_375' title='bbox 1305 3923 1417 3976; x_wconf 76' lang='lat' dir='ltr'><strong>qua:</strong></span> <span class='ocrx_word' id='word_1_376' title='bbox 1443 3919 1548 3961; x_wconf 90' lang='lat' dir='ltr'><strong>erat</strong></span> <span class='ocrx_word' id='word_1_377' title='bbox 1573 3907 1758 3960; x_wconf 78' lang='lat' dir='ltr'><strong>Iudam</strong></span> <span class='ocrx_word' id='word_1_378' title='bbox 1782 3949 1794 3971; x_wconf 89' lang='lat'><strong>,</strong></span> <span class='ocrx_word' id='word_1_379' title='bbox 1829 3924 1973 3960; x_wconf 82' lang='lat' dir='ltr'><strong>uoca-</strong></span> 
     </span>
    </p>
   </div>
   <div class='ocr_carea' id='block_1_49' title="bbox 375 3996 1973 4070">
    <p class='ocr_par' dir='ltr' id='par_1_49' title="bbox 375 3996 1973 4070">
     <span class='ocr_line' id='line_1_49' title="bbox 375 3996 1973 4070; baseline 0.003 -20"><span class='ocrx_word' id='word_1_380' title='bbox 375 3998 447 4050; x_wconf 71' lang='lat' dir='ltr'><strong>uit</strong></span> <span class='ocrx_word' id='word_1_381' title='bbox 480 3996 702 4052; x_wconf 79' lang='lat' dir='ltr'><strong>Paulum</strong></span> <span class='ocrx_word' id='word_1_382' title='bbox 725 4041 740 4066; x_wconf 88' lang='lat'><strong>,</strong></span> <span class='ocrx_word' id='word_1_383' title='bbox 770 4009 818 4053; x_wconf 89' lang='lat' dir='ltr'><strong>et</strong></span> <span class='ocrx_word' id='word_1_384' title='bbox 847 4001 1037 4054; x_wconf 83' lang='lat' dir='ltr'><strong>audivit</strong></span> <span class='ocrx_word' id='word_1_385' title='bbox 1063 4000 1124 4052; x_wconf 89' lang='lat' dir='ltr'><strong>ab</strong></span> <span class='ocrx_word' id='word_1_386' title='bbox 1153 4017 1210 4054; x_wconf 87' lang='lat' dir='ltr'><strong>eo</strong></span> <span class='ocrx_word' id='word_1_387' title='bbox 1237 4001 1388 4070; x_wconf 84' lang='lat' dir='ltr'><strong>ﬁdem</strong></span> <span class='ocrx_word' id='word_1_388' title='bbox 1415 4043 1428 4065; x_wconf 92' lang='lat'><strong>,</strong></span> <span class='ocrx_word' id='word_1_389' title='bbox 1458 4016 1571 4069; x_wconf 76' lang='lat' dir='ltr'><strong>qua:</strong></span> <span class='ocrx_word' id='word_1_390' title='bbox 1607 4011 1679 4056; x_wconf 87' lang='lat' dir='ltr'><strong>est</strong></span> <span class='ocrx_word' id='word_1_391' title='bbox 1721 4003 1775 4054; x_wconf 89' lang='lat' dir='ltr'><strong>in</strong></span> <span class='ocrx_word' id='word_1_392' title='bbox 1820 4000 1973 4056; x_wconf 82' lang='lat' dir='ltr'><strong>Chri-</strong></span> 
     </span>
    </p>
   </div>
   <div class='ocr_carea' id='block_1_50' title="bbox 373 4088 1974 4165">
    <p class='ocr_par' dir='ltr' id='par_1_50' title="bbox 373 4088 1974 4165">
     <span class='ocr_line' id='line_1_50' title="bbox 373 4088 1974 4165; baseline 0.002 -21"><span class='ocrx_word' id='word_1_393' title='bbox 373 4100 507 4144; x_wconf 85' lang='lat' dir='ltr'><strong>stum</strong></span> <span class='ocrx_word' id='word_1_394' title='bbox 531 4088 727 4145; x_wconf 73' lang='lat' dir='ltr'><strong>Iesum.</strong></span> <span class='ocrx_word' id='word_1_395' title='bbox 758 4091 1206 4164; x_wconf 66' lang='lat' dir='ltr'><strong>25.&#39;Disputante</strong></span> <span class='ocrx_word' id='word_1_396' title='bbox 1248 4104 1415 4146; x_wconf 87' lang='lat' dir='ltr'><strong>au&#39;em</strong></span> <span class='ocrx_word' id='word_1_397' title='bbox 1453 4091 1545 4147; x_wconf 88' lang='lat' dir='ltr'><strong>illo</strong></span> <span class='ocrx_word' id='word_1_398' title='bbox 1589 4093 1652 4147; x_wconf 88' lang='lat' dir='ltr'><strong>de</strong></span> <span class='ocrx_word' id='word_1_399' title='bbox 1688 4094 1890 4165; x_wconf 80' lang='lat' dir='ltr'><strong>justitia</strong></span> <span class='ocrx_word' id='word_1_400' title='bbox 1923 4105 1974 4148; x_wconf 89' lang='lat' dir='ltr'><strong>et</strong></span> 
     </span>
    </p>
   </div>
   <div class='ocr_carea' id='block_1_51' title="bbox 373 4184 1971 4256">
    <p class='ocr_par' dir='ltr' id='par_1_51' title="bbox 373 4184 1971 4256">
     <span class='ocr_line' id='line_1_51' title="bbox 373 4184 1971 4256; baseline 0.003 -20"><span class='ocrx_word' id='word_1_401' title='bbox 373 4185 603 4238; x_wconf 84' lang='lat' dir='ltr'><strong>castitate</strong></span> <span class='ocrx_word' id='word_1_402' title='bbox 626 4184 757 4238; x_wconf 78' lang='lat' dir='ltr'><strong>etde</strong></span> <span class='ocrx_word' id='word_1_403' title='bbox 774 4186 978 4256; x_wconf 85' lang='lat' dir='ltr'><strong>judicio</strong></span> <span class='ocrx_word' id='word_1_404' title='bbox 1002 4186 1175 4254; x_wconf 77' lang='lat' dir='ltr'><strong>futuro</strong></span> <span class='ocrx_word' id='word_1_405' title='bbox 1193 4230 1208 4252; x_wconf 91' lang='lat'><strong>,</strong></span> <span class='ocrx_word' id='word_1_406' title='bbox 1237 4185 1557 4256; x_wconf 79' lang='lat' dir='ltr'><strong>tremefactus</strong></span> <span class='ocrx_word' id='word_1_407' title='bbox 1585 4185 1738 4241; x_wconf 77' lang='lat' dir='ltr'><strong>Felix</strong></span> <span class='ocrx_word' id='word_1_408' title='bbox 1758 4203 1971 4256; x_wconf 81' lang='lat' dir='ltr'><strong>respon-</strong></span> 
     </span>
    </p>
   </div>
   <div class='ocr_carea' id='block_1_52' title="bbox 376 4277 1970 4352">
    <p class='ocr_par' dir='ltr' id='par_1_52' title="bbox 376 4277 1970 4352">
     <span class='ocr_line' id='line_1_52' title="bbox 376 4277 1970 4352; baseline 0.004 -24"><span class='ocrx_word' id='word_1_409' title='bbox 376 4278 493 4331; x_wconf 83' lang='lat' dir='ltr'><strong>dit:</strong></span> <span class='ocrx_word' id='word_1_410' title='bbox 525 4277 674 4342; x_wconf 83' lang='lat' dir='ltr'><strong>Quod</strong></span> <span class='ocrx_word' id='word_1_411' title='bbox 697 4296 834 4334; x_wconf 83' lang='lat' dir='ltr'><strong>nunc</strong></span> <span class='ocrx_word' id='word_1_412' title='bbox 861 4283 1072 4342; x_wconf 85' lang='lat' dir='ltr'><strong>attinet,</strong></span> <span class='ocrx_word' id='word_1_413' title='bbox 1105 4280 1266 4346; x_wconf 79' lang='lat' dir='ltr'><strong>uade;</strong></span> <span class='ocrx_word' id='word_1_414' title='bbox 1311 4290 1536 4348; x_wconf 86' lang='lat' dir='ltr'><strong>tempore</strong></span> <span class='ocrx_word' id='word_1_415' title='bbox 1569 4290 1739 4334; x_wconf 88' lang='lat' dir='ltr'><strong>autem</strong></span> <span class='ocrx_word' id='word_1_416' title='bbox 1777 4297 1970 4352; x_wconf 84' lang='lat' dir='ltr'><strong>appor-</strong></span> 
     </span>
    </p>
   </div>
   <div class='ocr_carea' id='block_1_53' title="bbox 377 4370 1973 4442">
    <p class='ocr_par' dir='ltr' id='par_1_53' title="bbox 377 4370 1973 4442">
     <span class='ocr_line' id='line_1_53' title="bbox 377 4370 1973 4442; baseline 0.003 -22"><span class='ocrx_word' id='word_1_417' title='bbox 377 4379 505 4423; x_wconf 88' lang='lat' dir='ltr'><strong>tuuo.</strong></span> <span class='ocrx_word' id='word_1_418' title='bbox 528 4386 781 4424; x_wconf 72' lang='lat' dir='ltr'><strong>accersam</strong></span> <span class='ocrx_word' id='word_1_419' title='bbox 807 4380 854 4424; x_wconf 89' lang='lat' dir='ltr'><strong>te</strong></span> <span class='ocrx_word' id='word_1_420' title='bbox 880 4387 900 4424; x_wconf 90' lang='lat'><strong><em>:</em></strong></span> <span class='ocrx_word' id='word_1_421' title='bbox 924 4370 1014 4425; x_wconf 81' lang='lat'><strong>26.</strong></span> <span class='ocrx_word' id='word_1_422' title='bbox 1039 4371 1191 4424; x_wconf 87' lang='lat' dir='ltr'><strong>simul</strong></span> <span class='ocrx_word' id='word_1_423' title='bbox 1214 4387 1426 4440; x_wconf 86' lang='lat' dir='ltr'><strong>sperans</strong></span> <span class='ocrx_word' id='word_1_424' title='bbox 1447 4375 1555 4442; x_wconf 79' lang='lat' dir='ltr'><strong>[ore</strong></span> <span class='ocrx_word' id='word_1_425' title='bbox 1575 4381 1628 4424; x_wconf 87' lang='lat' dir='ltr'><strong>ut</strong></span> <span class='ocrx_word' id='word_1_426' title='bbox 1654 4373 1867 4441; x_wconf 85' lang='lat' dir='ltr'><strong>pecunia</strong></span> <span class='ocrx_word' id='word_1_427' title='bbox 1893 4372 1973 4425; x_wconf 86' lang='lat' dir='ltr'><strong>illi</strong></span> 
     </span>
    </p>
   </div>
   <div class='ocr_carea' id='block_1_54' title="bbox 375 4460 1968 4534">
    <p class='ocr_par' dir='ltr' id='par_1_54' title="bbox 375 4460 1968 4534">
     <span class='ocr_line' id='line_1_54' title="bbox 375 4460 1968 4534; baseline 0.003 -22"><span class='ocrx_word' id='word_1_428' title='bbox 375 4460 586 4514; x_wconf 79' lang='lat' dir='ltr'><strong>daretur</strong></span> <span class='ocrx_word' id='word_1_429' title='bbox 611 4477 642 4513; x_wconf 89' lang='lat' dir='ltr'><strong>a</strong></span> <span class='ocrx_word' id='word_1_430' title='bbox 672 4461 840 4515; x_wconf 88' lang='lat' dir='ltr'><strong>Paulo</strong></span> <span class='ocrx_word' id='word_1_431' title='bbox 871 4473 925 4516; x_wconf 86' lang='lat' dir='ltr'><strong>ut</strong></span> <span class='ocrx_word' id='word_1_432' title='bbox 953 4463 1164 4516; x_wconf 82' lang='lat' dir='ltr'><strong>solrerct</strong></span> <span class='ocrx_word' id='word_1_433' title='bbox 1193 4480 1306 4516; x_wconf 89' lang='lat' dir='ltr'><strong>eum</strong></span> <span class='ocrx_word' id='word_1_434' title='bbox 1336 4478 1355 4516; x_wconf 90' lang='lat'><strong><em>:</em></strong></span> <span class='ocrx_word' id='word_1_435' title='bbox 1387 4472 1593 4532; x_wconf 82' lang='lat' dir='ltr'><strong>propter</strong></span> <span class='ocrx_word' id='word_1_436' title='bbox 1629 4463 1766 4534; x_wconf 82' lang='lat' dir='ltr'><strong>quod</strong></span> <span class='ocrx_word' id='word_1_437' title='bbox 1795 4472 1839 4516; x_wconf 86' lang='lat' dir='ltr'><strong>et</strong></span> <span class='ocrx_word' id='word_1_438' title='bbox 1863 4467 1968 4527; x_wconf 77' lang='lat' dir='ltr'><strong>fre-</strong></span> 
     </span>
    </p>
   </div>
   <div class='ocr_carea' id='block_1_55' title="bbox 371 4554 1964 4624">
    <p class='ocr_par' dir='ltr' id='par_1_55' title="bbox 371 4554 1964 4624">
     <span class='ocr_line' id='line_1_55' title="bbox 371 4554 1964 4624; baseline 0.005 -24"><span class='ocrx_word' id='word_1_439' title='bbox 371 4562 579 4618; x_wconf 72' lang='lat' dir='ltr'><strong>quenter</strong></span> <span class='ocrx_word' id='word_1_440' title='bbox 603 4567 864 4607; x_wconf 78' lang='lat' dir='ltr'><strong>accersens</strong></span> <span class='ocrx_word' id='word_1_441' title='bbox 887 4569 1000 4607; x_wconf 89' lang='lat' dir='ltr'><strong>eum</strong></span> <span class='ocrx_word' id='word_1_442' title='bbox 1023 4596 1042 4620; x_wconf 83' lang='lat'><strong>,</strong></span> <span class='ocrx_word' id='word_1_443' title='bbox 1063 4554 1357 4624; x_wconf 79' lang='lat' dir='ltr'><strong>loquebatur</strong></span> <span class='ocrx_word' id='word_1_444' title='bbox 1395 4571 1508 4608; x_wconf 87' lang='lat' dir='ltr'><strong>cum</strong></span> <span class='ocrx_word' id='word_1_445' title='bbox 1548 4569 1625 4609; x_wconf 91' lang='lat' dir='ltr'><strong>eo.</strong></span> <span class='ocrx_word' id='word_1_446' title='bbox 1673 4554 1808 4609; x_wconf 74' lang='lat' dir='ltr'><strong>Vide</strong></span> <span class='ocrx_word' id='word_1_447' title='bbox 1833 4571 1964 4624; x_wconf 84' lang='lat' dir='ltr'><strong>quo-</strong></span> 
     </span>
    </p>
   </div>
   <div class='ocr_carea' id='block_1_56' title="bbox 376 4642 1964 4718">
    <p class='ocr_par' dir='ltr' id='par_1_56' title="bbox 376 4642 1964 4718">
     <span class='ocr_line' id='line_1_56' title="bbox 376 4642 1964 4718; baseline 0.004 -22"><span class='ocrx_word' id='word_1_448' title='bbox 376 4642 538 4696; x_wconf 87' lang='lat' dir='ltr'><strong>modo</strong></span> <span class='ocrx_word' id='word_1_449' title='bbox 582 4659 703 4712; x_wconf 67' lang='lat' dir='ltr'><strong>(luat</strong></span> <span class='ocrx_word' id='word_1_450' title='bbox 743 4646 940 4715; x_wconf 88' lang='lat' dir='ltr'><strong>scripta</strong></span> <span class='ocrx_word' id='word_1_451' title='bbox 988 4656 1149 4713; x_wconf 85' lang='lat' dir='ltr'><strong>sunt,</strong></span> <span class='ocrx_word' id='word_1_452' title='bbox 1195 4649 1475 4704; x_wconf 78' lang='lat' dir='ltr'><strong>veritatem</strong></span> <span class='ocrx_word' id='word_1_453' title='bbox 1520 4665 1628 4718; x_wconf 77' lang='lat' dir='ltr'><strong>pra:</strong></span> <span class='ocrx_word' id='word_1_454' title='bbox 1675 4665 1734 4703; x_wconf 86' lang='lat' dir='ltr'><strong>se</strong></span> <span class='ocrx_word' id='word_1_455' title='bbox 1774 4649 1964 4704; x_wconf 81' lang='lat' dir='ltr'><strong>ferant.</strong></span> 
     </span>
    </p>
   </div>
   <div class='ocr_carea' id='block_1_57' title="bbox 379 4735 1963 4810">
    <p class='ocr_par' dir='ltr' id='par_1_57' title="bbox 379 4735 1963 4810">
     <span class='ocr_line' id='line_1_57' title="bbox 379 4735 1963 4810; baseline 0.003 -21"><span class='ocrx_word' id='word_1_456' title='bbox 379 4735 704 4791; x_wconf 81' lang='lat' dir='ltr'><strong>Accersehat</strong></span> <span class='ocrx_word' id='word_1_457' title='bbox 744 4754 866 4792; x_wconf 89' lang='lat' dir='ltr'><strong>cum</strong></span> <span class='ocrx_word' id='word_1_458' title='bbox 916 4738 1265 4810; x_wconf 76' lang='lat' dir='ltr'><strong>frequenter,</strong></span> <span class='ocrx_word' id='word_1_459' title='bbox 1317 4757 1422 4797; x_wconf 85' lang='lat' dir='ltr'><strong>non</strong></span> <span class='ocrx_word' id='word_1_460' title='bbox 1465 4742 1738 4796; x_wconf 86' lang='lat' dir='ltr'><strong>admirans</strong></span> <span class='ocrx_word' id='word_1_461' title='bbox 1781 4744 1963 4807; x_wconf 89' lang='lat' dir='ltr'><strong>illum,</strong></span> 
     </span>
    </p>
   </div>
   <div class='ocr_carea' id='block_1_58' title="bbox 371 4826 1965 4901">
    <p class='ocr_par' dir='ltr' id='par_1_58' title="bbox 371 4826 1965 4901">
     <span class='ocr_line' id='line_1_58' title="bbox 371 4826 1965 4901; baseline 0.006 -23"><span class='ocrx_word' id='word_1_462' title='bbox 371 4842 542 4894; x_wconf 87' lang='lat' dir='ltr'><strong>neque</strong></span> <span class='ocrx_word' id='word_1_463' title='bbox 572 4826 714 4880; x_wconf 88' lang='lat' dir='ltr'><strong>dicta</strong></span> <span class='ocrx_word' id='word_1_464' title='bbox 751 4829 1012 4897; x_wconf 87' lang='lat' dir='ltr'><strong>laudans,</strong></span> <span class='ocrx_word' id='word_1_465' title='bbox 1058 4846 1156 4885; x_wconf 86' lang='lat' dir='ltr'><strong>nec</strong></span> <span class='ocrx_word' id='word_1_466' title='bbox 1200 4833 1342 4901; x_wconf 90' lang='lat' dir='ltr'><strong>quod</strong></span> <span class='ocrx_word' id='word_1_467' title='bbox 1380 4833 1543 4887; x_wconf 84' lang='lat' dir='ltr'><strong>vellet</strong></span> <span class='ocrx_word' id='word_1_468' title='bbox 1573 4834 1829 4898; x_wconf 84' lang='lat' dir='ltr'><strong>credere;</strong></span> <span class='ocrx_word' id='word_1_469' title='bbox 1873 4836 1965 4888; x_wconf 86' lang='lat' dir='ltr'><strong>sed</strong></span> 
     </span>
    </p>
   </div>
   <div class='ocr_carea' id='block_1_59' title="bbox 370 4917 1963 4993">
    <p class='ocr_par' dir='ltr' id='par_1_59' title="bbox 370 4917 1963 4993">
     <span class='ocr_line' id='line_1_59' title="bbox 370 4917 1963 4993; baseline 0.008 -27"><span class='ocrx_word' id='word_1_470' title='bbox 370 4917 497 4985; x_wconf 88' lang='lat' dir='ltr'><strong>quid</strong></span> <span class='ocrx_word' id='word_1_471' title='bbox 521 4917 551 4971; x_wconf 81' lang='lat' dir='ltr'><strong>‘l-</strong></span> <span class='ocrx_word' id='word_1_472' title='bbox 576 4917 890 4988; x_wconf 73' lang='lat' dir='ltr'><strong>Exspectata:</strong></span> <span class='ocrx_word' id='word_1_473' title='bbox 915 4962 929 4983; x_wconf 93' lang='lat'><strong>,</strong></span> <span class='ocrx_word' id='word_1_474' title='bbox 965 4921 1174 4990; x_wconf 88' lang='lat' dir='ltr'><strong>inquit,</strong></span> <span class='ocrx_word' id='word_1_475' title='bbox 1211 4933 1265 4976; x_wconf 86' lang='lat' dir='ltr'><strong>ut</strong></span> <span class='ocrx_word' id='word_1_476' title='bbox 1299 4927 1525 4993; x_wconf 72' lang='lat' dir='ltr'><strong>pecunia:</strong></span> <span class='ocrx_word' id='word_1_477' title='bbox 1569 4926 1664 4978; x_wconf 82' lang='lat' dir='ltr'><strong>sibi</strong></span> <span class='ocrx_word' id='word_1_478' title='bbox 1703 4927 1963 4980; x_wconf 83' lang='lat' dir='ltr'><strong>darentur.</strong></span> 
     </span>
    </p>
   </div>
   <div class='ocr_carea' id='block_1_60' title="bbox 370 5007 1962 5086">
    <p class='ocr_par' dir='ltr' id='par_1_60' title="bbox 370 5007 1962 5086">
     <span class='ocr_line' id='line_1_60' title="bbox 370 5007 1962 5086; baseline 0.008 -26"><span class='ocrx_word' id='word_1_479' title='bbox 370 5007 506 5062; x_wconf 76' lang='lat' dir='ltr'><strong>Vide</strong></span> <span class='ocrx_word' id='word_1_480' title='bbox 535 5010 808 5078; x_wconf 90' lang='lat' dir='ltr'><strong>quomodo</strong></span> <span class='ocrx_word' id='word_1_481' title='bbox 839 5026 943 5066; x_wconf 89' lang='lat' dir='ltr'><strong>non</strong></span> <span class='ocrx_word' id='word_1_482' title='bbox 975 5014 1206 5067; x_wconf 82' lang='lat' dir='ltr'><strong>occultel.</strong></span> <span class='ocrx_word' id='word_1_483' title='bbox 1256 5017 1341 5070; x_wconf 86' lang='lat' dir='ltr'><strong>hic</strong></span> <span class='ocrx_word' id='word_1_484' title='bbox 1379 5016 1574 5086; x_wconf 86' lang='lat' dir='ltr'><strong>judicis</strong></span> <span class='ocrx_word' id='word_1_485' title='bbox 1618 5018 1962 5075; x_wconf 87' lang='lat' dir='ltr'><strong>sententiam.</strong></span> 
     </span>
    </p>
   </div>
   <div class='ocr_carea' id='block_1_61' title="bbox 368 5101 1964 5180">
    <p class='ocr_par' dir='ltr' id='par_1_61' title="bbox 368 5101 1964 5180">
     <span class='ocr_line' id='line_1_61' title="bbox 368 5101 1964 5180; baseline 0.007 -25"><span class='ocrx_word' id='word_1_486' title='bbox 368 5101 532 5170; x_wconf 82' lang='lat' dir='ltr'><strong>Atqui</strong></span> <span class='ocrx_word' id='word_1_487' title='bbox 561 5102 605 5155; x_wconf 92' lang='lat' dir='ltr'><strong>si</strong></span> <span class='ocrx_word' id='word_1_488' title='bbox 627 5102 937 5158; x_wconf 83' lang='lat' dir='ltr'><strong>daumasset</strong></span> <span class='ocrx_word' id='word_1_489' title='bbox 968 5149 982 5170; x_wconf 91' lang='lat'><strong>,</strong></span> <span class='ocrx_word' id='word_1_490' title='bbox 1011 5122 1118 5159; x_wconf 84' lang='lat' dir='ltr'><strong>non</strong></span> <span class='ocrx_word' id='word_1_491' title='bbox 1149 5107 1249 5162; x_wconf 83' lang='lat' dir='ltr'><strong>hoc</strong></span> <span class='ocrx_word' id='word_1_492' title='bbox 1276 5107 1491 5164; x_wconf 77' lang='lat' dir='ltr'><strong>fecisset</strong></span> <span class='ocrx_word' id='word_1_493' title='bbox 1516 5151 1531 5174; x_wconf 92' lang='lat'><strong>,</strong></span> <span class='ocrx_word' id='word_1_494' title='bbox 1564 5126 1737 5180; x_wconf 89' lang='lat' dir='ltr'><strong>neque</strong></span> <span class='ocrx_word' id='word_1_495' title='bbox 1763 5111 1964 5166; x_wconf 84' lang='lat' dir='ltr'><strong>voluis-</strong></span> 
     </span>
    </p>
   </div>
   <div class='ocr_carea' id='block_1_62' title="bbox 369 5191 1924 5256">
    <p class='ocr_par' dir='ltr' id='par_1_62' title="bbox 369 5191 1924 5256">
     <span class='ocr_line' id='line_1_62' title="bbox 369 5191 1924 5256; baseline 0.006 -12"><span class='ocrx_word' id='word_1_496' title='bbox 369 5199 453 5245; x_wconf 74' lang='lat' dir='ltr'><strong>set</strong></span> <span class='ocrx_word' id='word_1_497' title='bbox 483 5191 673 5247; x_wconf 87' lang='lat' dir='ltr'><strong>audire</strong></span> <span class='ocrx_word' id='word_1_498' title='bbox 697 5191 1008 5251; x_wconf 79' lang='lat' dir='ltr'><strong>damnatum</strong></span> <span class='ocrx_word' id='word_1_499' title='bbox 1038 5208 1088 5250; x_wconf 89' lang='lat' dir='ltr'><strong>et</strong></span> <span class='ocrx_word' id='word_1_500' title='bbox 1117 5198 1423 5253; x_wconf 81' lang='lat' dir='ltr'><strong>scelestum.</strong></span> <span class='ocrx_word' id='word_1_501' title='bbox 1459 5198 1527 5254; x_wconf 79' lang='lat' dir='ltr'><strong>Et</strong></span> <span class='ocrx_word' id='word_1_502' title='bbox 1553 5200 1672 5256; x_wconf 89' lang='lat' dir='ltr'><strong>vide</strong></span> <span class='ocrx_word' id='word_1_503' title='bbox 1705 5201 1924 5255; x_wconf 81' lang='lat' dir='ltr'><strong>Paulum</strong></span> 
     </span>
    </p>
   </div>
   <div class='ocr_carea' id='block_1_63' title="bbox 367 5283 1964 5358">
    <p class='ocr_par' dir='ltr' id='par_1_63' title="bbox 367 5283 1964 5358">
     <span class='ocr_line' id='line_1_63' title="bbox 367 5283 1964 5358; baseline 0.008 -23"><span class='ocrx_word' id='word_1_504' title='bbox 367 5294 466 5336; x_wconf 81' lang='lat' dir='ltr'><strong>etsi</strong></span> <span class='ocrx_word' id='word_1_505' title='bbox 499 5297 620 5336; x_wconf 90' lang='lat' dir='ltr'><strong>cum</strong></span> <span class='ocrx_word' id='word_1_506' title='bbox 655 5283 894 5356; x_wconf 85' lang='lat' dir='ltr'><strong>principe</strong></span> <span class='ocrx_word' id='word_1_507' title='bbox 939 5289 1278 5356; x_wconf 81' lang='lat' dir='ltr'><strong>loquentem,</strong></span> <span class='ocrx_word' id='word_1_508' title='bbox 1330 5291 1457 5346; x_wconf 85' lang='lat' dir='ltr'><strong>nihil</strong></span> <span class='ocrx_word' id='word_1_509' title='bbox 1507 5307 1692 5346; x_wconf 81' lang='lat' dir='ltr'><strong>eorum</strong></span> <span class='ocrx_word' id='word_1_510' title='bbox 1741 5293 1964 5358; x_wconf 81' lang='lat' dir='ltr'><strong>dicere,</strong></span> 
     </span>
    </p>
   </div>
   <div class='ocr_carea' id='block_1_64' title="bbox 368 5373 1966 5450">
    <p class='ocr_par' dir='ltr' id='par_1_64' title="bbox 368 5373 1966 5450">
     <span class='ocr_line' id='line_1_64' title="bbox 368 5373 1966 5450; baseline 0.011 -28"><span class='ocrx_word' id='word_1_511' title='bbox 368 5387 488 5440; x_wconf 78' lang='lat' dir='ltr'><strong>qua:</strong></span> <span class='ocrx_word' id='word_1_512' title='bbox 514 5373 834 5432; x_wconf 80' lang='lat' dir='ltr'><strong>videbantur</strong></span> <span class='ocrx_word' id='word_1_513' title='bbox 863 5395 1021 5447; x_wconf 75' lang='lat' dir='ltr'><strong>poSse</strong></span> <span class='ocrx_word' id='word_1_514' title='bbox 1063 5382 1299 5434; x_wconf 86' lang='lat' dir='ltr'><strong>animum</strong></span> <span class='ocrx_word' id='word_1_515' title='bbox 1334 5383 1449 5450; x_wconf 89' lang='lat' dir='ltr'><strong>ejus</strong></span> <span class='ocrx_word' id='word_1_516' title='bbox 1486 5383 1830 5448; x_wconf 79' lang='lat' dir='ltr'><strong>demulcere;</strong></span> <span class='ocrx_word' id='word_1_517' title='bbox 1868 5385 1966 5439; x_wconf 86' lang='lat' dir='ltr'><strong>sed</strong></span> 
     </span>
    </p>
   </div>
   <div class='ocr_carea' id='block_1_65' title="bbox 373 5463 1958 5542">
    <p class='ocr_par' dir='ltr' id='par_1_65' title="bbox 373 5463 1958 5542">
     <span class='ocr_line' id='line_1_65' title="bbox 373 5463 1958 5542; baseline 0.011 -30"><span class='ocrx_word' id='word_1_518' title='bbox 373 5480 492 5529; x_wconf 72' lang='lat' dir='ltr'><strong>qua:</strong></span> <span class='ocrx_word' id='word_1_519' title='bbox 523 5463 668 5518; x_wconf 87' lang='lat' dir='ltr'><strong>illum</strong></span> <span class='ocrx_word' id='word_1_520' title='bbox 701 5469 975 5523; x_wconf 84' lang='lat' dir='ltr'><strong>terrebant</strong></span> <span class='ocrx_word' id='word_1_521' title='bbox 999 5513 1012 5533; x_wconf 87' lang='lat'><strong>,</strong></span> <span class='ocrx_word' id='word_1_522' title='bbox 1046 5471 1270 5542; x_wconf 74' lang='lat' dir='ltr'><strong>ejusque</strong></span> <span class='ocrx_word' id='word_1_523' title='bbox 1301 5483 1534 5528; x_wconf 86' lang='lat' dir='ltr'><strong>mentem</strong></span> <span class='ocrx_word' id='word_1_524' title='bbox 1562 5476 1958 5531; x_wconf 81' lang='lat' dir='ltr'><strong>concutiebant.</strong></span> 
     </span>
    </p>
   </div>
   <div class='ocr_carea' id='block_1_66' title="bbox 377 5552 1961 5633">
    <p class='ocr_par' dir='ltr' id='par_1_66' title="bbox 377 5552 1961 5633">
     <span class='ocr_line' id='line_1_66' title="bbox 377 5552 1961 5633; baseline 0.013 -31"><span class='ocrx_word' id='word_1_525' title='bbox 377 5552 652 5620; x_wconf 80' lang='lat' dir='ltr'><strong>Disputans</strong></span> <span class='ocrx_word' id='word_1_526' title='bbox 676 5598 691 5621; x_wconf 91' lang='lat'><strong>,</strong></span> <span class='ocrx_word' id='word_1_527' title='bbox 722 5559 892 5630; x_wconf 89' lang='lat' dir='ltr'><strong>inquit</strong></span> <span class='ocrx_word' id='word_1_528' title='bbox 915 5605 930 5627; x_wconf 88' lang='lat'><strong>,</strong></span> <span class='ocrx_word' id='word_1_529' title='bbox 960 5563 1025 5616; x_wconf 90' lang='lat' dir='ltr'><strong>de</strong></span> <span class='ocrx_word' id='word_1_530' title='bbox 1042 5564 1249 5633; x_wconf 85' lang='lat' dir='ltr'><strong>justitia</strong></span> <span class='ocrx_word' id='word_1_531' title='bbox 1274 5607 1288 5631; x_wconf 92' lang='lat'><strong>,</strong></span> <span class='ocrx_word' id='word_1_532' title='bbox 1320 5567 1384 5619; x_wconf 90' lang='lat' dir='ltr'><strong>de</strong></span> <span class='ocrx_word' id='word_1_533' title='bbox 1407 5568 1636 5621; x_wconf 82' lang='lat' dir='ltr'><strong>castitate</strong></span> <span class='ocrx_word' id='word_1_534' title='bbox 1660 5578 1706 5621; x_wconf 91' lang='lat' dir='ltr'><strong>et</strong></span> <span class='ocrx_word' id='word_1_535' title='bbox 1734 5569 1795 5623; x_wconf 84' lang='lat' dir='ltr'><strong>de</strong></span> <span class='ocrx_word' id='word_1_536' title='bbox 1818 5570 1961 5630; x_wconf 84' lang='lat' dir='ltr'><strong>judi-</strong></span> 
     </span>
    </p>
   </div>
   <div class='ocr_carea' id='block_1_67' title="bbox 377 5639 1958 5722">
    <p class='ocr_par' dir='ltr' id='par_1_67' title="bbox 377 5639 1958 5722">
     <span class='ocr_line' id='line_1_67' title="bbox 377 5639 1958 5722; baseline 0.014 -32"><span class='ocrx_word' id='word_1_537' title='bbox 377 5639 453 5690; x_wconf 77' lang='lat' dir='ltr'><strong>cio</strong></span> <span class='ocrx_word' id='word_1_538' title='bbox 477 5642 668 5705; x_wconf 77' lang='lat' dir='ltr'><strong>futuro.</strong></span> <span class='ocrx_word' id='word_1_539' title='bbox 691 5646 1044 5722; x_wconf 75' lang='lat' dir='ltr'><strong>Tremefactus</strong></span> <span class='ocrx_word' id='word_1_540' title='bbox 1072 5663 1143 5707; x_wconf 90' lang='lat' dir='ltr'><strong>est</strong></span> <span class='ocrx_word' id='word_1_541' title='bbox 1174 5653 1343 5708; x_wconf 72' lang='lat' dir='ltr'><strong>Felix.</strong></span> <span class='ocrx_word' id='word_1_542' title='bbox 1373 5655 1540 5710; x_wconf 88' lang='lat' dir='ltr'><strong>Tanta</strong></span> <span class='ocrx_word' id='word_1_543' title='bbox 1573 5658 1651 5711; x_wconf 77' lang='lat' dir='ltr'><strong>vis</strong></span> <span class='ocrx_word' id='word_1_544' title='bbox 1673 5669 1788 5713; x_wconf 88' lang='lat' dir='ltr'><strong>erat</strong></span> <span class='ocrx_word' id='word_1_545' title='bbox 1815 5659 1958 5714; x_wconf 85' lang='lat' dir='ltr'><strong>Pauli</strong></span> 
     </span>
    </p>
   </div>
   <div class='ocr_carea' id='block_1_68' title="bbox 378 5727 1957 5819">
    <p class='ocr_par' dir='ltr' id='par_1_68' title="bbox 378 5727 1957 5819">
     <span class='ocr_line' id='line_1_68' title="bbox 378 5727 1957 5819; baseline 0.019 -45"><span class='ocrx_word' id='word_1_546' title='bbox 378 5727 700 5800; x_wconf 77' lang='lat' dir='ltr'><strong>verborum,</strong></span> <span class='ocrx_word' id='word_1_547' title='bbox 733 5748 791 5794; x_wconf 86' lang='lat' dir='ltr'><strong>ut</strong></span> <span class='ocrx_word' id='word_1_548' title='bbox 819 5742 1112 5812; x_wconf 87' lang='lat' dir='ltr'><strong>principem</strong></span> <span class='ocrx_word' id='word_1_549' title='bbox 1157 5755 1441 5801; x_wconf 85' lang='lat' dir='ltr'><strong>terrerent.</strong></span> <span class='ocrx_word' id='word_1_550' title='bbox 1492 5748 1554 5802; x_wconf 86' lang='lat' dir='ltr'><strong>Et</strong></span> <span class='ocrx_word' id='word_1_551' title='bbox 1609 5750 1696 5805; x_wconf 90' lang='lat' dir='ltr'><strong>hic</strong></span> <span class='ocrx_word' id='word_1_552' title='bbox 1744 5752 1957 5819; x_wconf 85' lang='lat' dir='ltr'><strong>quidem</strong></span> 
     </span>
    </p>
   </div>
   <div class='ocr_carea' id='block_1_69' title="bbox 379 5829 1951 5916">
    <p class='ocr_par' dir='ltr' id='par_1_69' title="bbox 379 5829 1951 5916">
     <span class='ocr_line' id='line_1_69' title="bbox 379 5829 1951 5916; baseline 0.024 -51"><span class='ocrx_word' id='word_1_553' title='bbox 379 5829 739 5882; x_wconf 78' lang='lat' dir='ltr'><strong>successorem</strong></span> <span class='ocrx_word' id='word_1_554' title='bbox 790 5833 1024 5904; x_wconf 84' lang='lat' dir='ltr'><strong>accipit,</strong></span> <span class='ocrx_word' id='word_1_555' title='bbox 1083 5846 1136 5893; x_wconf 88' lang='lat' dir='ltr'><strong>et</strong></span> <span class='ocrx_word' id='word_1_556' title='bbox 1183 5837 1323 5895; x_wconf 82' lang='lat' dir='ltr'><strong>hunc</strong></span> <span class='ocrx_word' id='word_1_557' title='bbox 1382 5840 1614 5898; x_wconf 82' lang='lat' dir='ltr'><strong>vinctqu</strong></span> <span class='ocrx_word' id='word_1_558' title='bbox 1673 5845 1951 5916; x_wconf 85' lang='lat' dir='ltr'><strong>relinquit,</strong></span> 
     </span>
    </p>
   </div>
   <div class='ocr_carea' id='block_1_70' title="bbox 2103 1601 3690 1698">
    <p class='ocr_par' dir='ltr' id='par_1_70' title="bbox 2103 1601 3690 1698">
     <span class='ocr_line' id='line_1_70' title="bbox 2103 1601 3690 1698; baseline 0.021 -47"><span class='ocrx_word' id='word_1_559' title='bbox 2103 1601 2344 1670; x_wconf 88' lang='lat' dir='ltr'><strong>quamvis</strong></span> <span class='ocrx_word' id='word_1_560' title='bbox 2373 1618 2479 1658; x_wconf 91' lang='lat' dir='ltr'><strong>non</strong></span> <span class='ocrx_word' id='word_1_561' title='bbox 2509 1608 2828 1678; x_wconf 87' lang='lat' dir='ltr'><strong>oportebat,</strong></span> <span class='ocrx_word' id='word_1_562' title='bbox 2860 1621 2916 1667; x_wconf 88' lang='lat' dir='ltr'><strong>et</strong></span> <span class='ocrx_word' id='word_1_563' title='bbox 2962 1613 3086 1670; x_wconf 86' lang='lat' dir='ltr'><strong>linis</strong></span> <span class='ocrx_word' id='word_1_564' title='bbox 3131 1617 3486 1688; x_wconf 80' lang='lat' dir='ltr'><strong>imponendos</strong></span> <span class='ocrx_word' id='word_1_565' title='bbox 3534 1639 3690 1698; x_wconf 88' lang='lat' dir='ltr'><strong>erat;</strong></span> 
     </span>
    </p>
   </div>
   <div class='ocr_carea' id='block_1_71' title="bbox 2099 1693 3692 1780">
    <p class='ocr_par' dir='ltr' id='par_1_71' title="bbox 2099 1693 3692 1780">
     <span class='ocr_line' id='line_1_71' title="bbox 2099 1693 3692 1780; baseline 0.021 -36"><span class='ocrx_word' id='word_1_566' title='bbox 2099 1693 2194 1747; x_wconf 81' lang='lat' dir='ltr'><strong>sed</strong></span> <span class='ocrx_word' id='word_1_567' title='bbox 2225 1694 2316 1749; x_wconf 91' lang='lat' dir='ltr'><strong>ille</strong></span> <span class='ocrx_word' id='word_1_568' title='bbox 2343 1695 2394 1749; x_wconf 93' lang='lat' dir='ltr'><strong>in</strong></span> <span class='ocrx_word' id='word_1_569' title='bbox 2419 1696 2725 1755; x_wconf 71' lang='lat' dir='ltr'><strong>Iudaeorum</strong></span> <span class='ocrx_word' id='word_1_570' title='bbox 2753 1705 2978 1773; x_wconf 86' lang='lat' dir='ltr'><strong>gratiam</strong></span> <span class='ocrx_word' id='word_1_571' title='bbox 3004 1710 3222 1780; x_wconf 89' lang='lat' dir='ltr'><strong>reliquit</strong></span> <span class='ocrx_word' id='word_1_572' title='bbox 3247 1713 3414 1770; x_wconf 92' lang='lat' dir='ltr'><strong>illum.</strong></span> <span class='ocrx_word' id='word_1_573' title='bbox 3448 1718 3528 1773; x_wconf 90' lang='lat' dir='ltr'><strong>Illi</strong></span> <span class='ocrx_word' id='word_1_574' title='bbox 3561 1693 3692 1778; x_wconf 81' lang='lat' dir='ltr'><strong>vero</strong></span> 
     </span>
    </p>
   </div>
   <div class='ocr_carea' id='block_1_72' title="bbox 2099 1784 3689 1882">
    <p class='ocr_par' dir='ltr' id='par_1_72' title="bbox 2099 1784 3689 1882">
     <span class='ocr_line' id='line_1_72' title="bbox 2099 1784 3689 1882; baseline 0.02 -45"><span class='ocrx_word' id='word_1_575' title='bbox 2099 1784 2177 1838; x_wconf 85' lang='lat' dir='ltr'><strong>sic</strong></span> <span class='ocrx_word' id='word_1_576' title='bbox 2221 1787 2520 1856; x_wconf 89' lang='lat' dir='ltr'><strong>urgebant,</strong></span> <span class='ocrx_word' id='word_1_577' title='bbox 2573 1801 2630 1846; x_wconf 92' lang='lat' dir='ltr'><strong>ut</strong></span> <span class='ocrx_word' id='word_1_578' title='bbox 2676 1793 2868 1849; x_wconf 90' lang='lat' dir='ltr'><strong>iterum</strong></span> <span class='ocrx_word' id='word_1_579' title='bbox 2922 1798 3074 1868; x_wconf 25' lang='lat' dir='ltr'><strong>apud.</strong></span> <span class='ocrx_word' id='word_1_580' title='bbox 3109 1801 3343 1872; x_wconf 91' lang='lat' dir='ltr'><strong>judicem</strong></span> <span class='ocrx_word' id='word_1_581' title='bbox 3394 1808 3689 1882; x_wconf 89' lang='lat' dir='ltr'><strong>instarent;</strong></span> 
     </span>
    </p>
   </div>
   <div class='ocr_carea' id='block_1_73' title="bbox 2099 1878 3692 1961">
    <p class='ocr_par' dir='ltr' id='par_1_73' title="bbox 2099 1878 3692 1961">
     <span class='ocr_line' id='line_1_73' title="bbox 2099 1878 3692 1961; baseline 0.019 -33"><span class='ocrx_word' id='word_1_582' title='bbox 2099 1878 2342 1944; x_wconf 86' lang='lat' dir='ltr'><strong>quamvis</strong></span> <span class='ocrx_word' id='word_1_583' title='bbox 2361 1879 2498 1949; x_wconf 90' lang='lat' dir='ltr'><strong>apud</strong></span> <span class='ocrx_word' id='word_1_584' title='bbox 2527 1883 2731 1938; x_wconf 90' lang='lat' dir='ltr'><strong>nullum</strong></span> <span class='ocrx_word' id='word_1_585' title='bbox 2763 1902 3012 1958; x_wconf 88' lang='lat' dir='ltr'><strong>umquam</strong></span> <span class='ocrx_word' id='word_1_586' title='bbox 3037 1894 3404 1961; x_wconf 88' lang='lat' dir='ltr'><strong>apostolorum</strong></span> <span class='ocrx_word' id='word_1_587' title='bbox 3434 1901 3511 1954; x_wconf 91' lang='lat' dir='ltr'><strong>sic</strong></span> <span class='ocrx_word' id='word_1_588' title='bbox 3543 1878 3692 1958; x_wconf 52' lang='lat' dir='ltr'><strong>urse;</strong></span> 
     </span>
    </p>
   </div>
   <div class='ocr_carea' id='block_1_74' title="bbox 2099 1969 3687 2053">
    <p class='ocr_par' dir='ltr' id='par_1_74' title="bbox 2099 1969 3687 2053">
     <span class='ocr_line' id='line_1_74' title="bbox 2099 1969 3687 2053; baseline 0.02 -33"><span class='ocrx_word' id='word_1_589' title='bbox 2099 1969 2208 2022; x_wconf 89' lang='lat' dir='ltr'><strong>rint</strong></span> <span class='ocrx_word' id='word_1_590' title='bbox 2231 2011 2246 2034; x_wconf 91' lang='lat'><strong>,</strong></span> <span class='ocrx_word' id='word_1_591' title='bbox 2275 1969 2370 2024; x_wconf 91' lang='lat' dir='ltr'><strong>sed</strong></span> <span class='ocrx_word' id='word_1_592' title='bbox 2403 1983 2682 2044; x_wconf 86' lang='lat' dir='ltr'><strong>postquam</strong></span> <span class='ocrx_word' id='word_1_593' title='bbox 2713 1977 2764 2032; x_wconf 92' lang='lat' dir='ltr'><strong>in</strong></span> <span class='ocrx_word' id='word_1_594' title='bbox 2796 1979 2919 2035; x_wconf 85' lang='lat' dir='ltr'><strong>illos</strong></span> <span class='ocrx_word' id='word_1_595' title='bbox 2949 1981 3280 2041; x_wconf 88' lang='lat' dir='ltr'><strong>incesserant</strong></span> <span class='ocrx_word' id='word_1_596' title='bbox 3303 2029 3317 2053; x_wconf 89' lang='lat'><strong>,</strong></span> <span class='ocrx_word' id='word_1_597' title='bbox 3359 1989 3687 2051; x_wconf 87' lang='lat' dir='ltr'><strong>destiterint.</strong></span> 
     </span>
    </p>
   </div>
   <div class='ocr_carea' id='block_1_75' title="bbox 2097 2057 3688 2146">
    <p class='ocr_par' dir='ltr' id='par_1_75' title="bbox 2097 2057 3688 2146">
     <span class='ocr_line' id='line_1_75' title="bbox 2097 2057 3688 2146; baseline 0.021 -35"><span class='ocrx_word' id='word_1_598' title='bbox 2097 2057 2172 2112; x_wconf 77' lang='lat' dir='ltr'><strong>ha</strong></span> <span class='ocrx_word' id='word_1_599' title='bbox 2205 2062 2473 2128; x_wconf 84' lang='lat' dir='ltr'><strong>provisum</strong></span> <span class='ocrx_word' id='word_1_600' title='bbox 2500 2076 2622 2134; x_wconf 90' lang='lat' dir='ltr'><strong>est,</strong></span> <span class='ocrx_word' id='word_1_601' title='bbox 2653 2078 2709 2122; x_wconf 88' lang='lat' dir='ltr'><strong>ut</strong></span> <span class='ocrx_word' id='word_1_602' title='bbox 2736 2070 3070 2144; x_wconf 86' lang='lat' dir='ltr'><strong>Ierosolyma</strong></span> <span class='ocrx_word' id='word_1_603' title='bbox 3101 2070 3420 2146; x_wconf 73' lang='lat' dir='ltr'><strong>recederet,</strong></span> <span class='ocrx_word' id='word_1_604' title='bbox 3451 2101 3573 2142; x_wconf 89' lang='lat' dir='ltr'><strong>cum</strong></span> <span class='ocrx_word' id='word_1_605' title='bbox 3607 2099 3688 2144; x_wconf 86' lang='lat' dir='ltr'><strong>la-</strong></span> 
     </span>
    </p>
   </div>
   <div class='ocr_carea' id='block_1_76' title="bbox 2099 2153 3690 2248">
    <p class='ocr_par' dir='ltr' id='par_1_76' title="bbox 2099 2153 3690 2248">
     <span class='ocr_line' id='line_1_76' title="bbox 2099 2153 3690 2248; baseline 0.02 -42"><span class='ocrx_word' id='word_1_606' title='bbox 2099 2153 2235 2209; x_wconf 92' lang='lat' dir='ltr'><strong>libus</strong></span> <span class='ocrx_word' id='word_1_607' title='bbox 2267 2155 2390 2210; x_wconf 85' lang='lat' dir='ltr'><strong>feris</strong></span> <span class='ocrx_word' id='word_1_608' title='bbox 2419 2157 2702 2217; x_wconf 86' lang='lat' dir='ltr'><strong>decertans</strong></span> <span class='ocrx_word' id='word_1_609' title='bbox 2729 2180 2744 2227; x_wconf 92' lang='lat'><strong>;</strong></span> <span class='ocrx_word' id='word_1_610' title='bbox 2773 2174 2826 2218; x_wconf 91' lang='lat' dir='ltr'><strong>et</strong></span> <span class='ocrx_word' id='word_1_611' title='bbox 2857 2175 3032 2222; x_wconf 87' lang='lat' dir='ltr'><strong>tamen</strong></span> <span class='ocrx_word' id='word_1_612' title='bbox 3085 2169 3158 2224; x_wconf 92' lang='lat' dir='ltr'><strong>illi</strong></span> <span class='ocrx_word' id='word_1_613' title='bbox 3195 2183 3385 2245; x_wconf 86' lang='lat' dir='ltr'><strong>rogant</strong></span> <span class='ocrx_word' id='word_1_614' title='bbox 3420 2177 3591 2248; x_wconf 91' lang='lat' dir='ltr'><strong>ipsum</strong></span> <span class='ocrx_word' id='word_1_615' title='bbox 3623 2199 3690 2238; x_wconf 90' lang='lat' dir='ltr'><strong>eo</strong></span> 
     </span>
    </p>
   </div>
   <div class='ocr_carea' id='block_1_77' title="bbox 2094 2245 3685 2338">
    <p class='ocr_par' dir='ltr' id='par_1_77' title="bbox 2094 2245 3685 2338">
     <span class='ocr_line' id='line_1_77' title="bbox 2094 2245 3685 2338; baseline 0.02 -40"><span class='ocrx_word' id='word_1_616' title='bbox 2094 2245 2286 2299; x_wconf 84' lang='lat' dir='ltr'><strong>adduci</strong></span> <span class='ocrx_word' id='word_1_617' title='bbox 2329 2248 2699 2315; x_wconf 82' lang='lat' dir='ltr'><strong>judicandum.</strong></span> <span class='ocrx_word' id='word_1_618' title='bbox 2748 2253 2854 2311; x_wconf 86' lang='lat' dir='ltr'><strong>Sed</strong></span> <span class='ocrx_word' id='word_1_619' title='bbox 2904 2257 2992 2314; x_wconf 92' lang='lat' dir='ltr'><strong>hic</strong></span> <span class='ocrx_word' id='word_1_620' title='bbox 3036 2277 3248 2318; x_wconf 89' lang='lat' dir='ltr'><strong>rursum</strong></span> <span class='ocrx_word' id='word_1_621' title='bbox 3291 2245 3538 2338; x_wconf 85' lang='lat' dir='ltr'><strong>apparuit</strong></span> <span class='ocrx_word' id='word_1_622' title='bbox 3592 2274 3685 2331; x_wconf 88' lang='lat' dir='ltr'><strong>Dei</strong></span> 
     </span>
    </p>
   </div>
   <div class='ocr_carea' id='block_1_78' title="bbox 2096 2339 3683 2432">
    <p class='ocr_par' dir='ltr' id='par_1_78' title="bbox 2096 2339 3683 2432">
     <span class='ocr_line' id='line_1_78' title="bbox 2096 2339 3683 2432; baseline 0.023 -45"><span class='ocrx_word' id='word_1_623' title='bbox 2096 2339 2424 2405; x_wconf 81' lang='lat' dir='ltr'><strong>providentia</strong></span> <span class='ocrx_word' id='word_1_624' title='bbox 2455 2382 2472 2408; x_wconf 89' lang='lat'><strong>,</strong></span> <span class='ocrx_word' id='word_1_625' title='bbox 2507 2345 2594 2413; x_wconf 89' lang='lat' dir='ltr'><strong>qui</strong></span> <span class='ocrx_word' id='word_1_626' title='bbox 2645 2345 2696 2401; x_wconf 92' lang='lat' dir='ltr'><strong>id</strong></span> <span class='ocrx_word' id='word_1_627' title='bbox 2731 2347 2967 2417; x_wconf 88' lang='lat' dir='ltr'><strong>judiccm</strong></span> <span class='ocrx_word' id='word_1_628' title='bbox 3017 2351 3196 2411; x_wconf 79' lang='lat' dir='ltr'><strong>facere</strong></span> <span class='ocrx_word' id='word_1_629' title='bbox 3241 2373 3347 2413; x_wconf 88' lang='lat' dir='ltr'><strong>non</strong></span> <span class='ocrx_word' id='word_1_630' title='bbox 3393 2365 3683 2432; x_wconf 87' lang='lat' dir='ltr'><strong>permisit:</strong></span> 
     </span>
    </p>
   </div>
   <div class='ocr_carea' id='block_1_79' title="bbox 2094 2427 3684 2525">
    <p class='ocr_par' dir='ltr' id='par_1_79' title="bbox 2094 2427 3684 2525">
     <span class='ocr_line' id='line_1_79' title="bbox 2094 2427 3684 2525; baseline 0.022 -47"><span class='ocrx_word' id='word_1_631' title='bbox 2094 2427 2384 2486; x_wconf 67' lang='lat' dir='ltr'><strong>verisimile</strong></span> <span class='ocrx_word' id='word_1_632' title='bbox 2429 2445 2577 2489; x_wconf 91' lang='lat' dir='ltr'><strong>certe</strong></span> <span class='ocrx_word' id='word_1_633' title='bbox 2623 2445 2738 2492; x_wconf 85' lang='lat' dir='ltr'><strong>erat</strong></span> <span class='ocrx_word' id='word_1_634' title='bbox 2782 2439 2953 2510; x_wconf 90' lang='lat' dir='ltr'><strong>ipsum</strong></span> <span class='ocrx_word' id='word_1_635' title='bbox 3003 2461 3172 2514; x_wconf 90' lang='lat' dir='ltr'><strong>nuper</strong></span> <span class='ocrx_word' id='word_1_636' title='bbox 3213 2448 3278 2502; x_wconf 91' lang='lat' dir='ltr'><strong>ad</strong></span> <span class='ocrx_word' id='word_1_637' title='bbox 3329 2427 3684 2525; x_wconf 83' lang='lat' dir='ltr'><strong>principatum</strong></span> 
     </span>
    </p>
   </div>
   <div class='ocr_carea' id='block_1_80' title="bbox 2090 2524 3682 2615">
    <p class='ocr_par' dir='ltr' id='par_1_80' title="bbox 2090 2524 3682 2615">
     <span class='ocr_line' id='line_1_80' title="bbox 2090 2524 3682 2615; baseline 0.023 -44"><span class='ocrx_word' id='word_1_638' title='bbox 2090 2532 2332 2576; x_wconf 86' lang='lat' dir='ltr'><strong>evectum</strong></span> <span class='ocrx_word' id='word_1_639' title='bbox 2355 2563 2369 2586; x_wconf 85' lang='lat'><strong>,</strong></span> <span class='ocrx_word' id='word_1_640' title='bbox 2405 2524 2456 2579; x_wconf 90' lang='lat' dir='ltr'><strong>id</strong></span> <span class='ocrx_word' id='word_1_641' title='bbox 2484 2526 2750 2584; x_wconf 82' lang='lat' dir='ltr'><strong>facturum</strong></span> <span class='ocrx_word' id='word_1_642' title='bbox 2782 2531 2838 2586; x_wconf 91' lang='lat' dir='ltr'><strong>in</strong></span> <span class='ocrx_word' id='word_1_643' title='bbox 2863 2533 3075 2590; x_wconf 89' lang='lat' dir='ltr'><strong>illormn</strong></span> <span class='ocrx_word' id='word_1_644' title='bbox 3116 2542 3342 2609; x_wconf 88' lang='lat' dir='ltr'><strong>gratiam</strong></span> <span class='ocrx_word' id='word_1_645' title='bbox 3385 2524 3543 2615; x_wconf 15' lang='lat' dir='ltr'><strong>eSser;</strong></span> <span class='ocrx_word' id='word_1_646' title='bbox 3587 2552 3682 2606; x_wconf 91' lang='lat' dir='ltr'><strong>scd</strong></span> 
     </span>
    </p>
   </div>
   <div class='ocr_carea' id='block_1_81' title="bbox 2092 2615 3682 2710">
    <p class='ocr_par' dir='ltr' id='par_1_81' title="bbox 2092 2615 3682 2710">
     <span class='ocr_line' id='line_1_81' title="bbox 2092 2615 3682 2710; baseline 0.022 -48"><span class='ocrx_word' id='word_1_647' title='bbox 2092 2625 2195 2663; x_wconf 89' lang='lat' dir='ltr'><strong>non</strong></span> <span class='ocrx_word' id='word_1_648' title='bbox 2226 2615 2476 2669; x_wconf 83' lang='lat' dir='ltr'><strong>concedit</strong></span> <span class='ocrx_word' id='word_1_649' title='bbox 2508 2617 2672 2673; x_wconf 86' lang='lat' dir='ltr'><strong>Deus.</strong></span> <span class='ocrx_word' id='word_1_650' title='bbox 2719 2620 3010 2693; x_wconf 84' lang='lat' dir='ltr'><strong>Postquam</strong></span> <span class='ocrx_word' id='word_1_651' title='bbox 3043 2637 3220 2683; x_wconf 89' lang='lat' dir='ltr'><strong>autem</strong></span> <span class='ocrx_word' id='word_1_652' title='bbox 3252 2633 3638 2696; x_wconf 86' lang='lat' dir='ltr'><strong>descenderant</strong></span> <span class='ocrx_word' id='word_1_653' title='bbox 3664 2683 3682 2710; x_wconf 95' lang='lat'><strong>,</strong></span> 
     </span>
    </p>
   </div>
   <div class='ocr_carea' id='block_1_82' title="bbox 2091 2703 3674 2792">
    <p class='ocr_par' dir='ltr' id='par_1_82' title="bbox 2091 2703 3674 2792">
     <span class='ocr_line' id='line_1_82' title="bbox 2091 2703 3674 2792; baseline 0.023 -36"><span class='ocrx_word' id='word_1_654' title='bbox 2091 2703 2453 2771; x_wconf 87' lang='lat' dir='ltr'><strong>impudentius</strong></span> <span class='ocrx_word' id='word_1_655' title='bbox 2481 2719 2537 2764; x_wconf 92' lang='lat' dir='ltr'><strong>et</strong></span> <span class='ocrx_word' id='word_1_656' title='bbox 2567 2713 2933 2771; x_wconf 79' lang='lat' dir='ltr'><strong>vehementius</strong></span> <span class='ocrx_word' id='word_1_657' title='bbox 2962 2726 3334 2781; x_wconf 87' lang='lat' dir='ltr'><strong>accusationes</strong></span> <span class='ocrx_word' id='word_1_658' title='bbox 3366 2729 3630 2790; x_wconf 84' lang='lat' dir='ltr'><strong>intentant</strong></span> <span class='ocrx_word' id='word_1_659' title='bbox 3659 2755 3674 2792; x_wconf 92' lang='lat'><strong>:</strong></span> 
     </span>
    </p>
   </div>
   <div class='ocr_carea' id='block_1_83' title="bbox 2087 2809 3677 2894">
    <p class='ocr_par' dir='ltr' id='par_1_83' title="bbox 2087 2809 3677 2894">
     <span class='ocr_line' id='line_1_83' title="bbox 2087 2809 3677 2894; baseline 0.023 -44"><span class='ocrx_word' id='word_1_660' title='bbox 2087 2811 2315 2868; x_wconf 87' lang='lat' dir='ltr'><strong>cumque</strong></span> <span class='ocrx_word' id='word_1_661' title='bbox 2342 2817 2446 2856; x_wconf 91' lang='lat' dir='ltr'><strong>non</strong></span> <span class='ocrx_word' id='word_1_662' title='bbox 2482 2816 2699 2872; x_wconf 90' lang='lat' dir='ltr'><strong>possent</strong></span> <span class='ocrx_word' id='word_1_663' title='bbox 2732 2809 2881 2864; x_wconf 89' lang='lat' dir='ltr'><strong>illum</strong></span> <span class='ocrx_word' id='word_1_664' title='bbox 2909 2829 2971 2866; x_wconf 79' lang='lat' dir='ltr'><strong>ex</strong></span> <span class='ocrx_word' id='word_1_665' title='bbox 3007 2815 3264 2884; x_wconf 73' lang='lat' dir='ltr'><strong>legalibus</strong></span> <span class='ocrx_word' id='word_1_666' title='bbox 3293 2837 3488 2891; x_wconf 87' lang='lat' dir='ltr'><strong>capere</strong></span> <span class='ocrx_word' id='word_1_667' title='bbox 3511 2869 3526 2894; x_wconf 89' lang='lat'><strong>,</strong></span> <span class='ocrx_word' id='word_1_668' title='bbox 3557 2845 3677 2885; x_wconf 57' lang='lat' dir='ltr'><strong>rura</strong></span> 
     </span>
    </p>
   </div>
   <div class='ocr_carea' id='block_1_84' title="bbox 2086 2898 3679 2978">
    <p class='ocr_par' dir='ltr' id='par_1_84' title="bbox 2086 2898 3679 2978">
     <span class='ocr_line' id='line_1_84' title="bbox 2086 2898 3679 2978; baseline 0.023 -35"><span class='ocrx_word' id='word_1_669' title='bbox 2086 2905 2180 2945; x_wconf 88' lang='lat' dir='ltr'><strong>sus</strong></span> <span class='ocrx_word' id='word_1_670' title='bbox 2207 2907 2302 2960; x_wconf 91' lang='lat' dir='ltr'><strong>pro</strong></span> <span class='ocrx_word' id='word_1_671' title='bbox 2328 2911 2479 2950; x_wconf 89' lang='lat' dir='ltr'><strong>more</strong></span> <span class='ocrx_word' id='word_1_672' title='bbox 2505 2913 2605 2951; x_wconf 91' lang='lat' dir='ltr'><strong>suo</strong></span> <span class='ocrx_word' id='word_1_673' title='bbox 2631 2898 2898 2957; x_wconf 65' lang='lat' dir='ltr'><strong>Cmsarem</strong></span> <span class='ocrx_word' id='word_1_674' title='bbox 2933 2905 3191 2964; x_wconf 90' lang='lat' dir='ltr'><strong>inducunt</strong></span> <span class='ocrx_word' id='word_1_675' title='bbox 3212 2952 3228 2977; x_wconf 92' lang='lat'><strong>,</strong></span> <span class='ocrx_word' id='word_1_676' title='bbox 3259 2924 3314 2966; x_wconf 92' lang='lat' dir='ltr'><strong>ut</strong></span> <span class='ocrx_word' id='word_1_677' title='bbox 3341 2914 3554 2973; x_wconf 86' lang='lat' dir='ltr'><strong>Christo</strong></span> <span class='ocrx_word' id='word_1_678' title='bbox 3583 2923 3679 2978; x_wconf 86' lang='lat' dir='ltr'><strong>ob-</strong></span> 
     </span>
    </p>
   </div>
   <div class='ocr_carea' id='block_1_85' title="bbox 2080 2980 3678 3078">
    <p class='ocr_par' dir='ltr' id='par_1_85' title="bbox 2080 2980 3678 3078">
     <span class='ocr_line' id='line_1_85' title="bbox 2080 2980 3678 3078; baseline 0.023 -44"><span class='ocrx_word' id='word_1_679' title='bbox 2080 2980 2347 3049; x_wconf 87' lang='lat' dir='ltr'><strong>jecerunt.</strong></span> <span class='ocrx_word' id='word_1_680' title='bbox 2375 2985 2594 3043; x_wconf 86' lang='lat' dir='ltr'><strong>Paulum</strong></span> <span class='ocrx_word' id='word_1_681' title='bbox 2625 2993 2769 3045; x_wconf 91' lang='lat' dir='ltr'><strong>enim</strong></span> <span class='ocrx_word' id='word_1_682' title='bbox 2793 3009 2852 3048; x_wconf 90' lang='lat' dir='ltr'><strong>se</strong></span> <span class='ocrx_word' id='word_1_683' title='bbox 2882 2993 3173 3055; x_wconf 78' lang='lat' dir='ltr'><strong>defendere</strong></span> <span class='ocrx_word' id='word_1_684' title='bbox 3201 3005 3268 3059; x_wconf 88' lang='lat' dir='ltr'><strong>de</strong></span> <span class='ocrx_word' id='word_1_685' title='bbox 3296 3007 3525 3078; x_wconf 84' lang='lat' dir='ltr'><strong>objectis</strong></span> <span class='ocrx_word' id='word_1_686' title='bbox 3548 3029 3678 3069; x_wconf 87' lang='lat' dir='ltr'><strong>con-</strong></span> 
     </span>
    </p>
   </div>
   <div class='ocr_carea' id='block_1_86' title="bbox 2087 3077 3676 3166">
    <p class='ocr_par' dir='ltr' id='par_1_86' title="bbox 2087 3077 3676 3166">
     <span class='ocr_line' id='line_1_86' title="bbox 2087 3077 3676 3166; baseline 0.023 -39"><span class='ocrx_word' id='word_1_687' title='bbox 2087 3084 2166 3129; x_wconf 89' lang='lat' dir='ltr'><strong>tra</strong></span> <span class='ocrx_word' id='word_1_688' title='bbox 2227 3077 2498 3134; x_wconf 56' lang='lat' dir='ltr'><strong>Caesarem</strong></span> <span class='ocrx_word' id='word_1_689' title='bbox 2557 3087 2832 3154; x_wconf 89' lang='lat' dir='ltr'><strong>peccatis,</strong></span> <span class='ocrx_word' id='word_1_690' title='bbox 2895 3091 3065 3158; x_wconf 88' lang='lat' dir='ltr'><strong>palam</strong></span> <span class='ocrx_word' id='word_1_691' title='bbox 3135 3107 3285 3164; x_wconf 86' lang='lat' dir='ltr'><strong>erat,</strong></span> <span class='ocrx_word' id='word_1_692' title='bbox 3361 3077 3501 3159; x_wconf 83' lang='lat' dir='ltr'><strong>unde</strong></span> <span class='ocrx_word' id='word_1_693' title='bbox 3560 3106 3676 3166; x_wconf 74' lang='lat' dir='ltr'><strong>ha-e</strong></span> 
     </span>
    </p>
   </div>
   <div class='ocr_carea' id='block_1_87' title="bbox 2084 3163 3676 3269">
    <p class='ocr_par' dir='ltr' id='par_1_87' title="bbox 2084 3163 3676 3269">
     <span class='ocr_line' id='line_1_87' title="bbox 2084 3163 3676 3269; baseline 0.023 -51"><span class='ocrx_word' id='word_1_694' title='bbox 2084 3163 2366 3224; x_wconf 90' lang='lat' dir='ltr'><strong>declarans</strong></span> <span class='ocrx_word' id='word_1_695' title='bbox 2391 3173 2562 3241; x_wconf 80' lang='lat' dir='ltr'><strong>pergit</strong></span> <span class='ocrx_word' id='word_1_696' title='bbox 2594 3191 2608 3226; x_wconf 89' lang='lat'><strong>:</strong></span> <span class='ocrx_word' id='word_1_697' title='bbox 2639 3174 2729 3229; x_wconf 87' lang='lat'><strong>27.</strong></span> <span class='ocrx_word' id='word_1_698' title='bbox 2761 3175 2976 3233; x_wconf 84' lang='lat' dir='ltr'><strong>Biennio</strong></span> <span class='ocrx_word' id='word_1_699' title='bbox 3003 3194 3169 3238; x_wconf 86' lang='lat' dir='ltr'><strong>autem</strong></span> <span class='ocrx_word' id='word_1_700' title='bbox 3199 3189 3396 3258; x_wconf 65' lang='lat' dir='ltr'><strong>expleto</strong></span> <span class='ocrx_word' id='word_1_701' title='bbox 3414 3235 3429 3260; x_wconf 92' lang='lat'><strong>,</strong></span> <span class='ocrx_word' id='word_1_702' title='bbox 3478 3163 3676 3269; x_wconf 68' lang='lat' dir='ltr'><strong>accepit</strong></span> 
     </span>
    </p>
   </div>
   <div class='ocr_carea' id='block_1_88' title="bbox 2082 3264 3669 3347">
    <p class='ocr_par' dir='ltr' id='par_1_88' title="bbox 2082 3264 3669 3347">
     <span class='ocr_line' id='line_1_88' title="bbox 2082 3264 3669 3347; baseline 0.021 -36"><span class='ocrx_word' id='word_1_703' title='bbox 2082 3274 2415 3316; x_wconf 88' lang='lat' dir='ltr'><strong>successorem</strong></span> <span class='ocrx_word' id='word_1_704' title='bbox 2471 3264 2626 3321; x_wconf 74' lang='lat' dir='ltr'><strong>Felix</strong></span> <span class='ocrx_word' id='word_1_705' title='bbox 2679 3267 2920 3325; x_wconf 82' lang='lat' dir='ltr'><strong>Porcium</strong></span> <span class='ocrx_word' id='word_1_706' title='bbox 2977 3274 3205 3330; x_wconf 79' lang='lat' dir='ltr'><strong>Festum.</strong></span> <span class='ocrx_word' id='word_1_707' title='bbox 3269 3280 3448 3338; x_wconf 84' lang='lat' dir='ltr'><strong>Valens</strong></span> <span class='ocrx_word' id='word_1_708' title='bbox 3499 3264 3669 3347; x_wconf 71' lang='lat' dir='ltr'><strong>autem</strong></span> 
     </span>
    </p>
   </div>
   <div class='ocr_carea' id='block_1_89' title="bbox 2081 3357 3668 3442">
    <p class='ocr_par' dir='ltr' id='par_1_89' title="bbox 2081 3357 3668 3442">
     <span class='ocr_line' id='line_1_89' title="bbox 2081 3357 3668 3442; baseline 0.021 -38"><span class='ocrx_word' id='word_1_709' title='bbox 2081 3357 2298 3423; x_wconf 81' lang='lat' dir='ltr'><strong>gratiam</strong></span> <span class='ocrx_word' id='word_1_710' title='bbox 2331 3369 2572 3424; x_wconf 80' lang='lat' dir='ltr'><strong>prtcstare</strong></span> <span class='ocrx_word' id='word_1_711' title='bbox 2591 3360 2792 3419; x_wconf 79' lang='lat' dir='ltr'><strong>Judtcis</strong></span> <span class='ocrx_word' id='word_1_712' title='bbox 2821 3366 2970 3424; x_wconf 74' lang='lat' dir='ltr'><strong>Felix</strong></span> <span class='ocrx_word' id='word_1_713' title='bbox 2992 3412 3007 3437; x_wconf 94' lang='lat'><strong>,</strong></span> <span class='ocrx_word' id='word_1_714' title='bbox 3049 3374 3248 3442; x_wconf 83' lang='lat' dir='ltr'><strong>reliquit</strong></span> <span class='ocrx_word' id='word_1_715' title='bbox 3291 3375 3514 3434; x_wconf 69' lang='lat' dir='ltr'><strong>Paulum</strong></span> <span class='ocrx_word' id='word_1_716' title='bbox 3551 3384 3668 3439; x_wconf 79' lang='lat' dir='ltr'><strong>rin-</strong></span> 
     </span>
    </p>
   </div>
   <div class='ocr_carea' id='block_1_90' title="bbox 2081 3446 3668 3542">
    <p class='ocr_par' dir='ltr' id='par_1_90' title="bbox 2081 3446 3668 3542">
     <span class='ocr_line' id='line_1_90' title="bbox 2081 3446 3668 3542; baseline 0.021 -47"><span class='ocrx_word' id='word_1_717' title='bbox 2081 3454 2234 3499; x_wconf 88' lang='lat' dir='ltr'><strong>clum.</strong></span> <span class='ocrx_word' id='word_1_718' title='bbox 2271 3446 2420 3517; x_wconf 87' lang='lat' dir='ltr'><strong>(Cap.</strong></span> <span class='ocrx_word' id='word_1_719' title='bbox 2450 3450 2572 3528; x_wconf 78' lang='lat'><strong>25.)</strong></span> <span class='ocrx_word' id='word_1_720' title='bbox 2618 3456 2666 3509; x_wconf 86' lang='grc' dir='ltr'><strong>Ι.</strong></span> <span class='ocrx_word' id='word_1_721' title='bbox 2717 3455 2901 3514; x_wconf 81' lang='lat' dir='ltr'><strong>Festus</strong></span> <span class='ocrx_word' id='word_1_722' title='bbox 2942 3478 3059 3533; x_wconf 87' lang='lat' dir='ltr'><strong>ergo</strong></span> <span class='ocrx_word' id='word_1_723' title='bbox 3097 3478 3326 3536; x_wconf 80' lang='lat' dir='ltr'><strong>suscepta</strong></span> <span class='ocrx_word' id='word_1_724' title='bbox 3368 3475 3626 3540; x_wconf 73' lang='lat' dir='ltr'><strong>provincia</strong></span> <span class='ocrx_word' id='word_1_725' title='bbox 3651 3517 3668 3542; x_wconf 93' lang='lat'><strong>,</strong></span> 
     </span>
    </p>
   </div>
   <div class='ocr_carea' id='block_1_91' title="bbox 2083 3542 3674 3630">
    <p class='ocr_par' dir='ltr' id='par_1_91' title="bbox 2083 3542 3674 3630">
     <span class='ocr_line' id='line_1_91' title="bbox 2083 3542 3674 3630; baseline 0.021 -43"><span class='ocrx_word' id='word_1_726' title='bbox 2083 3550 2192 3600; x_wconf 84' lang='lat' dir='ltr'><strong>post</strong></span> <span class='ocrx_word' id='word_1_727' title='bbox 2222 3542 2446 3596; x_wconf 88' lang='lat' dir='ltr'><strong>triduum</strong></span> <span class='ocrx_word' id='word_1_728' title='bbox 2489 3549 2714 3601; x_wconf 80' lang='lat' dir='ltr'><strong>ascendit</strong></span> <span class='ocrx_word' id='word_1_729' title='bbox 2757 3550 2988 3608; x_wconf 58' lang='lat' dir='ltr'><strong>Caesarea</strong></span> <span class='ocrx_word' id='word_1_730' title='bbox 3017 3555 3409 3630; x_wconf 81' lang='lat' dir='ltr'><strong>.Ierosolymam.</strong></span> <span class='ocrx_word' id='word_1_731' title='bbox 3435 3563 3491 3618; x_wconf 90' lang='lat'><strong>2.</strong></span> <span class='ocrx_word' id='word_1_732' title='bbox 3518 3564 3674 3621; x_wconf 81' lang='lat' dir='ltr'><strong>Adie-</strong></span> 
     </span>
    </p>
   </div>
   <div class='ocr_carea' id='block_1_92' title="bbox 2079 3635 3671 3721">
    <p class='ocr_par' dir='ltr' id='par_1_92' title="bbox 2079 3635 3671 3721">
     <span class='ocr_line' id='line_1_92' title="bbox 2079 3635 3671 3721; baseline 0.019 -37"><span class='ocrx_word' id='word_1_733' title='bbox 2079 3644 2294 3702; x_wconf 81' lang='lat' dir='ltr'><strong>ruutque</strong></span> <span class='ocrx_word' id='word_1_734' title='bbox 2322 3635 2467 3691; x_wconf 87' lang='lat' dir='ltr'><strong>illttm</strong></span> <span class='ocrx_word' id='word_1_735' title='bbox 2494 3641 2746 3710; x_wconf 82' lang='lat' dir='ltr'><strong>principes</strong></span> <span class='ocrx_word' id='word_1_736' title='bbox 2773 3649 3089 3701; x_wconf 86' lang='lat' dir='ltr'><strong>sacerdotum</strong></span> <span class='ocrx_word' id='word_1_737' title='bbox 3118 3660 3167 3703; x_wconf 88' lang='lat' dir='ltr'><strong>et</strong></span> <span class='ocrx_word' id='word_1_738' title='bbox 3194 3653 3346 3721; x_wconf 88' lang='lat' dir='ltr'><strong>primi</strong></span> <span class='ocrx_word' id='word_1_739' title='bbox 3369 3654 3671 3715; x_wconf 79' lang='lat' dir='ltr'><strong>Judteorum</strong></span> 
     </span>
    </p>
   </div>
   <div class='ocr_carea' id='block_1_93' title="bbox 2077 3728 3670 3816">
    <p class='ocr_par' dir='ltr' id='par_1_93' title="bbox 2077 3728 3670 3816">
     <span class='ocr_line' id='line_1_93' title="bbox 2077 3728 3670 3816; baseline 0.019 -38"><span class='ocrx_word' id='word_1_740' title='bbox 2077 3728 2319 3784; x_wconf 78' lang='lat' dir='ltr'><strong>adversus</strong></span> <span class='ocrx_word' id='word_1_741' title='bbox 2370 3729 2629 3798; x_wconf 84' lang='lat' dir='ltr'><strong>Paulum,</strong></span> <span class='ocrx_word' id='word_1_742' title='bbox 2672 3745 2718 3788; x_wconf 85' lang='lat' dir='ltr'><strong>et</strong></span> <span class='ocrx_word' id='word_1_743' title='bbox 2767 3737 3010 3808; x_wconf 80' lang='lat' dir='ltr'><strong>rogabant</strong></span> <span class='ocrx_word' id='word_1_744' title='bbox 3059 3758 3210 3806; x_wconf 87' lang='lat' dir='ltr'><strong>eum;</strong></span> <span class='ocrx_word' id='word_1_745' title='bbox 3257 3746 3310 3800; x_wconf 80' lang='grc'><strong>5.</strong></span> <span class='ocrx_word' id='word_1_746' title='bbox 3357 3751 3670 3816; x_wconf 81' lang='lat' dir='ltr'><strong>postulantes</strong></span> 
     </span>
    </p>
   </div>
   <div class='ocr_carea' id='block_1_94' title="bbox 2077 3822 3671 3902">
    <p class='ocr_par' dir='ltr' id='par_1_94' title="bbox 2077 3822 3671 3902">
     <span class='ocr_line' id='line_1_94' title="bbox 2077 3822 3671 3902; baseline 0.018 -32"><span class='ocrx_word' id='word_1_747' title='bbox 2077 3822 2298 3890; x_wconf 73' lang='lat' dir='ltr'><strong>gratiam</strong></span> <span class='ocrx_word' id='word_1_748' title='bbox 2324 3825 2565 3880; x_wconf 84' lang='lat' dir='ltr'><strong>adversus</strong></span> <span class='ocrx_word' id='word_1_749' title='bbox 2593 3843 2706 3881; x_wconf 84' lang='lat' dir='ltr'><strong>eum</strong></span> <span class='ocrx_word' id='word_1_750' title='bbox 2724 3873 2737 3892; x_wconf 92' lang='lat'><strong>,</strong></span> <span class='ocrx_word' id='word_1_751' title='bbox 2766 3841 2822 3882; x_wconf 87' lang='lat' dir='ltr'><strong>ut</strong></span> <span class='ocrx_word' id='word_1_752' title='bbox 2838 3832 3038 3902; x_wconf 78' lang='lat' dir='ltr'><strong>jubere!</strong></span> <span class='ocrx_word' id='word_1_753' title='bbox 3067 3837 3276 3901; x_wconf 88' lang='lat' dir='ltr'><strong>perduci</strong></span> <span class='ocrx_word' id='word_1_754' title='bbox 3300 3856 3414 3893; x_wconf 86' lang='lat' dir='ltr'><strong>eum</strong></span> <span class='ocrx_word' id='word_1_755' title='bbox 3441 3842 3493 3895; x_wconf 88' lang='lat' dir='ltr'><strong>in</strong></span> <span class='ocrx_word' id='word_1_756' title='bbox 3518 3843 3671 3898; x_wconf 83' lang='lat' dir='ltr'><strong>Jeru-</strong></span> 
     </span>
    </p>
   </div>
   <div class='ocr_carea' id='block_1_95' title="bbox 2077 3912 3664 3995">
    <p class='ocr_par' dir='ltr' id='par_1_95' title="bbox 2077 3912 3664 3995">
     <span class='ocr_line' id='line_1_95' title="bbox 2077 3912 3664 3995; baseline 0.018 -31"><span class='ocrx_word' id='word_1_757' title='bbox 2077 3912 2234 3966; x_wconf 82' lang='lat' dir='ltr'><strong>salem</strong></span> <span class='ocrx_word' id='word_1_758' title='bbox 2257 3955 2272 3979; x_wconf 89' lang='lat'><strong>,</strong></span> <span class='ocrx_word' id='word_1_759' title='bbox 2307 3916 2518 3971; x_wconf 79' lang='lat' dir='ltr'><strong>insidias</strong></span> <span class='ocrx_word' id='word_1_760' title='bbox 2546 3921 2802 3975; x_wconf 87' lang='lat' dir='ltr'><strong>tendentes</strong></span> <span class='ocrx_word' id='word_1_761' title='bbox 2844 3933 2897 3976; x_wconf 89' lang='lat' dir='ltr'><strong>ut</strong></span> <span class='ocrx_word' id='word_1_762' title='bbox 2929 3926 3264 3995; x_wconf 69' lang='lat' dir='ltr'><strong>inter/icerant</strong></span> <span class='ocrx_word' id='word_1_763' title='bbox 3309 3949 3420 3985; x_wconf 86' lang='lat' dir='ltr'><strong>eum</strong></span> <span class='ocrx_word' id='word_1_764' title='bbox 3464 3935 3516 3989; x_wconf 84' lang='lat' dir='ltr'><strong>in</strong></span> <span class='ocrx_word' id='word_1_765' title='bbox 3564 3939 3664 3994; x_wconf 83' lang='lat' dir='ltr'><strong>via.</strong></span> 
     </span>
    </p>
   </div>
   <div class='ocr_carea' id='block_1_96' title="bbox 2077 4005 3669 4092">
    <p class='ocr_par' dir='ltr' id='par_1_96' title="bbox 2077 4005 3669 4092">
     <span class='ocr_line' id='line_1_96' title="bbox 2077 4005 3669 4092; baseline 0.016 -33"><span class='ocrx_word' id='word_1_766' title='bbox 2077 4007 2133 4060; x_wconf 73' lang='grc'><strong>4.</strong></span> <span class='ocrx_word' id='word_1_767' title='bbox 2169 4005 2349 4062; x_wconf 85' lang='lat' dir='ltr'><strong>Festus</strong></span> <span class='ocrx_word' id='word_1_768' title='bbox 2378 4027 2492 4064; x_wconf 77' lang='lat' dir='ltr'><strong>vero</strong></span> <span class='ocrx_word' id='word_1_769' title='bbox 2523 4015 2782 4082; x_wconf 82' lang='lat' dir='ltr'><strong>respondit</strong></span> <span class='ocrx_word' id='word_1_770' title='bbox 2807 4057 2822 4081; x_wconf 90' lang='lat'><strong>,</strong></span> <span class='ocrx_word' id='word_1_771' title='bbox 2853 4028 2906 4070; x_wconf 84' lang='lat' dir='ltr'><strong>ut</strong></span> <span class='ocrx_word' id='word_1_772' title='bbox 2933 4032 3218 4075; x_wconf 80' lang='lat' dir='ltr'><strong>servaretur</strong></span> <span class='ocrx_word' id='word_1_773' title='bbox 3243 4026 3444 4092; x_wconf 83' lang='lat' dir='ltr'><strong>quidem</strong></span> <span class='ocrx_word' id='word_1_774' title='bbox 3475 4026 3669 4084; x_wconf 84' lang='lat' dir='ltr'><strong>Paulus</strong></span> 
     </span>
    </p>
   </div>
   <div class='ocr_carea' id='block_1_97' title="bbox 2077 4096 3667 4182">
    <p class='ocr_par' dir='ltr' id='par_1_97' title="bbox 2077 4096 3667 4182">
     <span class='ocr_line' id='line_1_97' title="bbox 2077 4096 3667 4182; baseline 0.016 -31"><span class='ocrx_word' id='word_1_775' title='bbox 2077 4096 2322 4153; x_wconf 76' lang='lat' dir='ltr'><strong>Cwsarea:</strong></span> <span class='ocrx_word' id='word_1_776' title='bbox 2344 4143 2358 4166; x_wconf 94' lang='lat'><strong>,</strong></span> <span class='ocrx_word' id='word_1_777' title='bbox 2387 4119 2441 4155; x_wconf 86' lang='lat' dir='ltr'><strong>se</strong></span> <span class='ocrx_word' id='word_1_778' title='bbox 2467 4119 2580 4156; x_wconf 75' lang='lat' dir='ltr'><strong>uero</strong></span> <span class='ocrx_word' id='word_1_779' title='bbox 2606 4107 2740 4158; x_wconf 72' lang='lat' dir='ltr'><strong>brevi</strong></span> <span class='ocrx_word' id='word_1_780' title='bbox 2776 4107 2868 4161; x_wconf 88' lang='lat' dir='ltr'><strong>illo</strong></span> <span class='ocrx_word' id='word_1_781' title='bbox 2906 4111 3270 4180; x_wconf 78' lang='lat' dir='ltr'><strong>profecturum.</strong></span> <span class='ocrx_word' id='word_1_782' title='bbox 3309 4118 3362 4173; x_wconf 85' lang='lat'><strong>5.</strong></span> <span class='ocrx_word' id='word_1_783' title='bbox 3409 4117 3512 4182; x_wconf 83' lang='lat' dir='ltr'><strong>Qui</strong></span> <span class='ocrx_word' id='word_1_784' title='bbox 3553 4138 3667 4176; x_wconf 80' lang='lat' dir='ltr'><strong>vero</strong></span> 
     </span>
    </p>
   </div>
   <div class='ocr_carea' id='block_1_98' title="bbox 2075 4189 3663 4280">
    <p class='ocr_par' dir='ltr' id='par_1_98' title="bbox 2075 4189 3663 4280">
     <span class='ocr_line' id='line_1_98' title="bbox 2075 4189 3663 4280; baseline 0.015 -38"><span class='ocrx_word' id='word_1_785' title='bbox 2075 4189 2206 4243; x_wconf 86' lang='lat' dir='ltr'><strong>inter</strong></span> <span class='ocrx_word' id='word_1_786' title='bbox 2229 4206 2313 4243; x_wconf 79' lang='lat' dir='ltr'><strong>vos</strong></span> <span class='ocrx_word' id='word_1_787' title='bbox 2339 4234 2352 4253; x_wconf 86' lang='lat'><strong>,</strong></span> <span class='ocrx_word' id='word_1_788' title='bbox 2385 4193 2555 4261; x_wconf 89' lang='lat' dir='ltr'><strong>inquit</strong></span> <span class='ocrx_word' id='word_1_789' title='bbox 2581 4237 2596 4259; x_wconf 93' lang='lat'><strong>,</strong></span> <span class='ocrx_word' id='word_1_790' title='bbox 2631 4207 2855 4265; x_wconf 79' lang='lat' dir='ltr'><strong>potentes</strong></span> <span class='ocrx_word' id='word_1_791' title='bbox 2880 4212 2995 4254; x_wconf 87' lang='lat' dir='ltr'><strong>sunt</strong></span> <span class='ocrx_word' id='word_1_792' title='bbox 3021 4243 3034 4265; x_wconf 93' lang='lat'><strong>,</strong></span> <span class='ocrx_word' id='word_1_793' title='bbox 3078 4203 3432 4262; x_wconf 81' lang='lat' dir='ltr'><strong>descendentes</strong></span> <span class='ocrx_word' id='word_1_794' title='bbox 3469 4212 3623 4265; x_wconf 81' lang='lat' dir='ltr'><strong>simul</strong></span> <span class='ocrx_word' id='word_1_795' title='bbox 3647 4257 3663 4280; x_wconf 88' lang='lat'><strong>,</strong></span> 
     </span>
    </p>
   </div>
   <div class='ocr_carea' id='block_1_99' title="bbox 2074 4279 3665 4357">
    <p class='ocr_par' dir='ltr' id='par_1_99' title="bbox 2074 4279 3665 4357">
     <span class='ocr_line' id='line_1_99' title="bbox 2074 4279 3665 4357; baseline 0.018 -27"><span class='ocrx_word' id='word_1_796' title='bbox 2074 4279 2118 4331; x_wconf 88' lang='lat' dir='ltr'><strong>si</strong></span> <span class='ocrx_word' id='word_1_797' title='bbox 2146 4281 2280 4349; x_wconf 85' lang='lat' dir='ltr'><strong>quod</strong></span> <span class='ocrx_word' id='word_1_798' title='bbox 2305 4292 2376 4335; x_wconf 88' lang='lat' dir='ltr'><strong>est</strong></span> <span class='ocrx_word' id='word_1_799' title='bbox 2400 4285 2588 4338; x_wconf 83' lang='lat' dir='ltr'><strong>crimen</strong></span> <span class='ocrx_word' id='word_1_800' title='bbox 2608 4326 2623 4350; x_wconf 89' lang='lat'><strong>,</strong></span> <span class='ocrx_word' id='word_1_801' title='bbox 2653 4299 2887 4342; x_wconf 86' lang='lat' dir='ltr'><strong>accusent</strong></span> <span class='ocrx_word' id='word_1_802' title='bbox 2911 4307 3044 4347; x_wconf 88' lang='lat' dir='ltr'><strong>eum.</strong></span> <span class='ocrx_word' id='word_1_803' title='bbox 3087 4292 3143 4348; x_wconf 80' lang='grc' dir='ltr'><strong>ϐ.</strong></span> <span class='ocrx_word' id='word_1_804' title='bbox 3175 4294 3474 4356; x_wconf 85' lang='lat' dir='ltr'><strong>Demaratus</strong></span> <span class='ocrx_word' id='word_1_805' title='bbox 3497 4313 3665 4357; x_wconf 86' lang='lat' dir='ltr'><strong>autem</strong></span> 
     </span>
    </p>
   </div>
   <div class='ocr_carea' id='block_1_100' title="bbox 2075 4369 3662 4460">
    <p class='ocr_par' dir='ltr' id='par_1_100' title="bbox 2075 4369 3662 4460">
     <span class='ocr_line' id='line_1_100' title="bbox 2075 4369 3662 4460; baseline 0.016 -39"><span class='ocrx_word' id='word_1_806' title='bbox 2075 4369 2206 4424; x_wconf 88' lang='lat' dir='ltr'><strong>inter</strong></span> <span class='ocrx_word' id='word_1_807' title='bbox 2224 4387 2308 4427; x_wconf 88' lang='lat' dir='ltr'><strong>eos</strong></span> <span class='ocrx_word' id='word_1_808' title='bbox 2329 4373 2505 4428; x_wconf 85' lang='lat' dir='ltr'><strong>diebus</strong></span> <span class='ocrx_word' id='word_1_809' title='bbox 2525 4374 2642 4446; x_wconf 88' lang='lat' dir='ltr'><strong>plus</strong></span> <span class='ocrx_word' id='word_1_810' title='bbox 2668 4394 2818 4448; x_wconf 82' lang='lat' dir='ltr'><strong>quam</strong></span> <span class='ocrx_word' id='word_1_811' title='bbox 2843 4383 3011 4435; x_wconf 82' lang='lat' dir='ltr'><strong>decem</strong></span> <span class='ocrx_word' id='word_1_812' title='bbox 3036 4425 3051 4449; x_wconf 94' lang='lat'><strong>,</strong></span> <span class='ocrx_word' id='word_1_813' title='bbox 3075 4385 3329 4440; x_wconf 87' lang='lat' dir='ltr'><strong>descendit</strong></span> <span class='ocrx_word' id='word_1_814' title='bbox 3351 4387 3628 4447; x_wconf 70' lang='lat' dir='ltr'><strong>Cmarcam</strong></span> <span class='ocrx_word' id='word_1_815' title='bbox 3645 4436 3662 4460; x_wconf 87' lang='lat'><strong>,</strong></span> 
     </span>
    </p>
   </div>
   <div class='ocr_carea' id='block_1_101' title="bbox 2075 4469 3662 4552">
    <p class='ocr_par' dir='ltr' id='par_1_101' title="bbox 2075 4469 3662 4552">
     <span class='ocr_line' id='line_1_101' title="bbox 2075 4469 3662 4552; baseline 0.013 -34"><span class='ocrx_word' id='word_1_816' title='bbox 2075 4476 2120 4518; x_wconf 87' lang='lat' dir='ltr'><strong>et</strong></span> <span class='ocrx_word' id='word_1_817' title='bbox 2150 4476 2348 4533; x_wconf 83' lang='lat' dir='ltr'><strong>postero</strong></span> <span class='ocrx_word' id='word_1_818' title='bbox 2389 4469 2472 4521; x_wconf 87' lang='lat' dir='ltr'><strong>die</strong></span> <span class='ocrx_word' id='word_1_819' title='bbox 2514 4471 2640 4523; x_wconf 82' lang='lat' dir='ltr'><strong>sedit</strong></span> <span class='ocrx_word' id='word_1_820' title='bbox 2685 4489 2778 4542; x_wconf 80' lang='lat' dir='ltr'><strong>pro</strong></span> <span class='ocrx_word' id='word_1_821' title='bbox 2821 4473 3103 4545; x_wconf 84' lang='lat' dir='ltr'><strong>tribunali,</strong></span> <span class='ocrx_word' id='word_1_822' title='bbox 3135 4481 3391 4552; x_wconf 83' lang='lat' dir='ltr'><strong>jussitque</strong></span> <span class='ocrx_word' id='word_1_823' title='bbox 3437 4482 3662 4540; x_wconf 83' lang='lat' dir='ltr'><strong>Paulum</strong></span> 
     </span>
    </p>
   </div>
   <div class='ocr_carea' id='block_1_102' title="bbox 2073 4559 3662 4639">
    <p class='ocr_par' dir='ltr' id='par_1_102' title="bbox 2073 4559 3662 4639">
     <span class='ocr_line' id='line_1_102' title="bbox 2073 4559 3662 4639; baseline 0.014 -30"><span class='ocrx_word' id='word_1_824' title='bbox 2073 4559 2280 4612; x_wconf 87' lang='lat' dir='ltr'><strong>adduci.</strong></span> <span class='ocrx_word' id='word_1_825' title='bbox 2317 4559 2370 4613; x_wconf 92' lang='lat'><strong>7.</strong></span> <span class='ocrx_word' id='word_1_826' title='bbox 2403 4559 2503 4626; x_wconf 84' lang='lat' dir='ltr'><strong>Qui</strong></span> <span class='ocrx_word' id='word_1_827' title='bbox 2541 4579 2655 4616; x_wconf 89' lang='lat' dir='ltr'><strong>cum</strong></span> <span class='ocrx_word' id='word_1_828' title='bbox 2703 4565 2976 4627; x_wconf 86' lang='lat' dir='ltr'><strong>perductus</strong></span> <span class='ocrx_word' id='word_1_829' title='bbox 3021 4581 3180 4639; x_wconf 87' lang='lat' dir='ltr'><strong>esset,</strong></span> <span class='ocrx_word' id='word_1_830' title='bbox 3229 4574 3662 4632; x_wconf 82' lang='lat' dir='ltr'><strong>circumsteterunt</strong></span> 
     </span>
    </p>
   </div>
   <div class='ocr_carea' id='block_1_103' title="bbox 2072 4650 3661 4734">
    <p class='ocr_par' dir='ltr' id='par_1_103' title="bbox 2072 4650 3661 4734">
     <span class='ocr_line' id='line_1_103' title="bbox 2072 4650 3661 4734; baseline 0.013 -31"><span class='ocrx_word' id='word_1_831' title='bbox 2072 4665 2186 4703; x_wconf 84' lang='lat' dir='ltr'><strong>eum</strong></span> <span class='ocrx_word' id='word_1_832' title='bbox 2211 4690 2226 4714; x_wconf 95' lang='lat'><strong>,</strong></span> <span class='ocrx_word' id='word_1_833' title='bbox 2255 4651 2344 4720; x_wconf 89' lang='lat' dir='ltr'><strong>qui</strong></span> <span class='ocrx_word' id='word_1_834' title='bbox 2373 4668 2404 4704; x_wconf 91' lang='lat' dir='ltr'><strong>a</strong></span> <span class='ocrx_word' id='word_1_835' title='bbox 2431 4650 2719 4708; x_wconf 73' lang='lat' dir='ltr'><strong>Jerusalem</strong></span> <span class='ocrx_word' id='word_1_836' title='bbox 2751 4657 3109 4715; x_wconf 84' lang='lat' dir='ltr'><strong>descenderant</strong></span> <span class='ocrx_word' id='word_1_837' title='bbox 3132 4662 3304 4719; x_wconf 76' lang='grc' dir='ltr'><em>,Ιηάωὶ</em></span> <span class='ocrx_word' id='word_1_838' title='bbox 3324 4708 3339 4734; x_wconf 85' lang='grc'><em>,</em></span> <span class='ocrx_word' id='word_1_839' title='bbox 3389 4667 3572 4722; x_wconf 84' lang='lat' dir='ltr'><strong>multas</strong></span> <span class='ocrx_word' id='word_1_840' title='bbox 3617 4682 3661 4724; x_wconf 88' lang='lat' dir='ltr'><strong>ct</strong></span> 
     </span>
    </p>
   </div>
   <div class='ocr_carea' id='block_1_104' title="bbox 2071 4745 3661 4828">
    <p class='ocr_par' dir='ltr' id='par_1_104' title="bbox 2071 4745 3661 4828">
     <span class='ocr_line' id='line_1_104' title="bbox 2071 4745 3661 4828; baseline 0.012 -34"><span class='ocrx_word' id='word_1_841' title='bbox 2071 4759 2249 4813; x_wconf 81' lang='lat' dir='ltr'><strong>graves</strong></span> <span class='ocrx_word' id='word_1_842' title='bbox 2296 4761 2478 4799; x_wconf 88' lang='lat' dir='ltr'><strong>causas</strong></span> <span class='ocrx_word' id='word_1_843' title='bbox 2526 4745 2814 4817; x_wconf 69' lang='lat' dir='ltr'><strong>obiiciente:</strong></span> <span class='ocrx_word' id='word_1_844' title='bbox 2854 4749 3026 4806; x_wconf 86' lang='lat' dir='ltr'><strong>Paulo</strong></span> <span class='ocrx_word' id='word_1_845' title='bbox 3051 4794 3065 4816; x_wconf 97' lang='lat'><strong>,</strong></span> <span class='ocrx_word' id='word_1_846' title='bbox 3120 4771 3245 4824; x_wconf 83' lang='lat' dir='ltr'><strong>quas</strong></span> <span class='ocrx_word' id='word_1_847' title='bbox 3283 4774 3385 4811; x_wconf 88' lang='lat' dir='ltr'><strong>non</strong></span> <span class='ocrx_word' id='word_1_848' title='bbox 3433 4771 3661 4828; x_wconf 76' lang='lat' dir='ltr'><strong>poterant</strong></span> 
     </span>
    </p>
   </div>
   <div class='ocr_carea' id='block_1_105' title="bbox 2072 4835 3663 4922">
    <p class='ocr_par' dir='ltr' id='par_1_105' title="bbox 2072 4835 3663 4922">
     <span class='ocr_line' id='line_1_105' title="bbox 2072 4835 3663 4922; baseline 0.012 -35"><span class='ocrx_word' id='word_1_849' title='bbox 2072 4835 2286 4904; x_wconf 83' lang='lat' dir='ltr'><strong>probare</strong></span> <span class='ocrx_word' id='word_1_850' title='bbox 2311 4853 2329 4890; x_wconf 93' lang='lat'><em>:</em></span> <span class='ocrx_word' id='word_1_851' title='bbox 2351 4837 2404 4892; x_wconf 90' lang='lat'><strong>8.</strong></span> <span class='ocrx_word' id='word_1_852' title='bbox 2437 4837 2604 4892; x_wconf 86' lang='lat' dir='ltr'><strong>Paulo</strong></span> <span class='ocrx_word' id='word_1_853' title='bbox 2629 4842 2878 4895; x_wconf 84' lang='lat' dir='ltr'><strong>rationem</strong></span> <span class='ocrx_word' id='word_1_854' title='bbox 2902 4844 3141 4899; x_wconf 85' lang='lat' dir='ltr'><strong>reddente</strong></span> <span class='ocrx_word' id='word_1_855' title='bbox 3165 4889 3179 4913; x_wconf 92' lang='lat'><strong>,</strong></span> <span class='ocrx_word' id='word_1_856' title='bbox 3220 4850 3458 4918; x_wconf 83' lang='lat' dir='ltr'><strong>quoniam</strong></span> <span class='ocrx_word' id='word_1_857' title='bbox 3508 4869 3663 4922; x_wconf 76' lang='lat' dir='ltr'><strong>tteqnc</strong></span> 
     </span>
    </p>
   </div>
   <div class='ocr_carea' id='block_1_106' title="bbox 2071 4927 3660 5010">
    <p class='ocr_par' dir='ltr' id='par_1_106' title="bbox 2071 4927 3660 5010">
     <span class='ocr_line' id='line_1_106' title="bbox 2071 4927 3660 5010; baseline 0.012 -31"><span class='ocrx_word' id='word_1_858' title='bbox 2071 4927 2122 4979; x_wconf 87' lang='lat' dir='ltr'><strong>in</strong></span> <span class='ocrx_word' id='word_1_859' title='bbox 2150 4929 2308 4998; x_wconf 86' lang='lat' dir='ltr'><strong>legem</strong></span> <span class='ocrx_word' id='word_1_860' title='bbox 2336 4927 2637 4984; x_wconf 79' lang='lat' dir='ltr'><strong>Judworum</strong></span> <span class='ocrx_word' id='word_1_861' title='bbox 2661 4973 2676 4996; x_wconf 87' lang='lat'><strong>,</strong></span> <span class='ocrx_word' id='word_1_862' title='bbox 2708 4949 2866 5002; x_wconf 88' lang='lat' dir='ltr'><strong>neque</strong></span> <span class='ocrx_word' id='word_1_863' title='bbox 2893 4935 2944 4988; x_wconf 89' lang='lat' dir='ltr'><strong>in</strong></span> <span class='ocrx_word' id='word_1_864' title='bbox 2971 4938 3250 5007; x_wconf 85' lang='lat' dir='ltr'><strong>templum,</strong></span> <span class='ocrx_word' id='word_1_865' title='bbox 3288 4957 3446 5010; x_wconf 83' lang='lat' dir='ltr'><strong>neque</strong></span> <span class='ocrx_word' id='word_1_866' title='bbox 3469 4943 3519 4995; x_wconf 87' lang='lat' dir='ltr'><strong>ia</strong></span> <span class='ocrx_word' id='word_1_867' title='bbox 3547 4942 3660 4997; x_wconf 80' lang='lat' dir='ltr'><strong>Ca:-</strong></span> 
     </span>
    </p>
   </div>
   <div class='ocr_carea' id='block_1_107' title="bbox 2070 5022 3660 5104">
    <p class='ocr_par' dir='ltr' id='par_1_107' title="bbox 2070 5022 3660 5104">
     <span class='ocr_line' id='line_1_107' title="bbox 2070 5022 3660 5104; baseline 0.011 -32"><span class='ocrx_word' id='word_1_868' title='bbox 2070 5036 2235 5072; x_wconf 82' lang='lat' dir='ltr'><strong>sarem</strong></span> <span class='ocrx_word' id='word_1_869' title='bbox 2267 5022 2485 5092; x_wconf 78' lang='lat' dir='ltr'><strong>peccavi.</strong></span> <span class='ocrx_word' id='word_1_870' title='bbox 2516 5022 2571 5077; x_wconf 91' lang='lat'><strong>9.</strong></span> <span class='ocrx_word' id='word_1_871' title='bbox 2612 5022 2798 5079; x_wconf 83' lang='lat' dir='ltr'><strong>Festus</strong></span> <span class='ocrx_word' id='word_1_872' title='bbox 2839 5038 3008 5081; x_wconf 87' lang='lat' dir='ltr'><strong>autem</strong></span> <span class='ocrx_word' id='word_1_873' title='bbox 3051 5031 3223 5083; x_wconf 82' lang='lat' dir='ltr'><strong>volens</strong></span> <span class='ocrx_word' id='word_1_874' title='bbox 3267 5034 3483 5099; x_wconf 86' lang='lat' dir='ltr'><strong>gratiam</strong></span> <span class='ocrx_word' id='word_1_875' title='bbox 3523 5053 3660 5104; x_wconf 84' lang='lat' dir='ltr'><strong>pra:-</strong></span> 
     </span>
    </p>
   </div>
   <div class='ocr_carea' id='block_1_108' title="bbox 2069 5111 3658 5196">
    <p class='ocr_par' dir='ltr' id='par_1_108' title="bbox 2069 5111 3658 5196">
     <span class='ocr_line' id='line_1_108' title="bbox 2069 5111 3658 5196; baseline 0.009 -31"><span class='ocrx_word' id='word_1_876' title='bbox 2069 5121 2204 5165; x_wconf 73' lang='lat' dir='ltr'><strong>ztare</strong></span> <span class='ocrx_word' id='word_1_877' title='bbox 2227 5111 2428 5165; x_wconf 57' lang='lat' dir='ltr'><strong>Jud&#39;t-is</strong></span> <span class='ocrx_word' id='word_1_878' title='bbox 2451 5155 2464 5175; x_wconf 90' lang='lat'><strong>,</strong></span> <span class='ocrx_word' id='word_1_879' title='bbox 2495 5117 2804 5184; x_wconf 78' lang='lat' dir='ltr'><strong>respondens</strong></span> <span class='ocrx_word' id='word_1_880' title='bbox 2833 5119 3000 5172; x_wconf 87' lang='lat' dir='ltr'><strong>Paulo</strong></span> <span class='ocrx_word' id='word_1_881' title='bbox 3021 5159 3041 5186; x_wconf 88' lang='lat'><strong>,</strong></span> <span class='ocrx_word' id='word_1_882' title='bbox 3069 5121 3198 5174; x_wconf 72' lang='lat' dir='ltr'><strong>dixit</strong></span> <span class='ocrx_word' id='word_1_883' title='bbox 3226 5139 3244 5176; x_wconf 91' lang='lat'><strong><em>:</em></strong></span> <span class='ocrx_word' id='word_1_884' title='bbox 3281 5123 3366 5178; x_wconf 76' lang='lat' dir='ltr'><strong>Vis</strong></span> <span class='ocrx_word' id='word_1_885' title='bbox 3389 5125 3628 5196; x_wconf 78' lang='lat' dir='ltr'><strong>Jerosolg</strong></span> <span class='ocrx_word' id='word_1_886' title='bbox 3646 5163 3658 5171; x_wconf 91' lang='grc'><strong>-</strong></span> 
     </span>
    </p>
   </div>
   <div class='ocr_carea' id='block_1_109' title="bbox 2071 5201 3664 5283">
    <p class='ocr_par' dir='ltr' id='par_1_109' title="bbox 2071 5201 3664 5283">
     <span class='ocr_line' id='line_1_109' title="bbox 2071 5201 3664 5283; baseline 0.013 -29"><span class='ocrx_word' id='word_1_887' title='bbox 2071 5201 2207 5256; x_wconf 74' lang='lat' dir='ltr'><strong>inditi</strong></span> <span class='ocrx_word' id='word_1_888' title='bbox 2235 5203 2536 5258; x_wconf 82' lang='lat' dir='ltr'><strong>descendere</strong></span> <span class='ocrx_word' id='word_1_889' title='bbox 2558 5249 2572 5271; x_wconf 93' lang='lat'><strong>,</strong></span> <span class='ocrx_word' id='word_1_890' title='bbox 2600 5218 2647 5260; x_wconf 91' lang='lat' dir='ltr'><strong>et</strong></span> <span class='ocrx_word' id='word_1_891' title='bbox 2672 5208 2740 5261; x_wconf 86' lang='lat' dir='ltr'><strong>ibi</strong></span> <span class='ocrx_word' id='word_1_892' title='bbox 2767 5211 2830 5264; x_wconf 86' lang='lat' dir='ltr'><strong>de</strong></span> <span class='ocrx_word' id='word_1_893' title='bbox 2853 5211 2932 5265; x_wconf 90' lang='lat' dir='ltr'><strong>his</strong></span> <span class='ocrx_word' id='word_1_894' title='bbox 2946 5213 3174 5283; x_wconf 77' lang='lat' dir='ltr'><strong>judicari</strong></span> <span class='ocrx_word' id='word_1_895' title='bbox 3197 5217 3339 5283; x_wconf 88' lang='lat' dir='ltr'><strong>apud</strong></span> <span class='ocrx_word' id='word_1_896' title='bbox 3368 5221 3486 5272; x_wconf 84' lang='lat' dir='ltr'><strong>me?</strong></span> <span class='ocrx_word' id='word_1_897' title='bbox 3530 5219 3664 5274; x_wconf 73' lang='lat' dir='ltr'><strong>Vide</strong></span> 
     </span>
    </p>
   </div>
   <div class='ocr_carea' id='block_1_110' title="bbox 2069 5297 3656 5382">
    <p class='ocr_par' dir='ltr' id='par_1_110' title="bbox 2069 5297 3656 5382">
     <span class='ocr_line' id='line_1_110' title="bbox 2069 5297 3656 5382; baseline 0.011 -32"><span class='ocrx_word' id='word_1_898' title='bbox 2069 5297 2338 5367; x_wconf 84' lang='lat' dir='ltr'><strong>quomodo</strong></span> <span class='ocrx_word' id='word_1_899' title='bbox 2364 5307 2420 5352; x_wconf 88' lang='lat' dir='ltr'><strong>et</strong></span> <span class='ocrx_word' id='word_1_900' title='bbox 2451 5298 2540 5353; x_wconf 88' lang='lat' dir='ltr'><strong>ille</strong></span> <span class='ocrx_word' id='word_1_901' title='bbox 2566 5300 2630 5354; x_wconf 86' lang='lat' dir='ltr'><strong>In</strong></span> <span class='ocrx_word' id='word_1_902' title='bbox 2655 5303 2763 5356; x_wconf 64' lang='lat' dir='ltr'><strong>linis</strong></span> <span class='ocrx_word' id='word_1_903' title='bbox 2787 5306 3148 5374; x_wconf 81' lang='lat' dir='ltr'><strong>gratitit-atur,</strong></span> <span class='ocrx_word' id='word_1_904' title='bbox 3181 5310 3430 5382; x_wconf 62' lang='lat' dir='ltr'><strong>universi)</strong></span> <span class='ocrx_word' id='word_1_905' title='bbox 3464 5315 3656 5382; x_wconf 70' lang='lat' dir='ltr'><strong>popuio</strong></span> 
     </span>
    </p>
   </div>
   <div class='ocr_carea' id='block_1_111' title="bbox 2069 5381 3661 5469">
    <p class='ocr_par' dir='ltr' id='par_1_111' title="bbox 2069 5381 3661 5469">
     <span class='ocr_line' id='line_1_111' title="bbox 2069 5381 3661 5469; baseline 0.012 -27"><span class='ocrx_word' id='word_1_906' title='bbox 2069 5399 2122 5442; x_wconf 90' lang='lat' dir='ltr'><strong>et</strong></span> <span class='ocrx_word' id='word_1_907' title='bbox 2174 5389 2397 5443; x_wconf 87' lang='lat' dir='ltr'><strong>civitati.</strong></span> <span class='ocrx_word' id='word_1_908' title='bbox 2447 5391 2571 5446; x_wconf 74' lang='lat' dir='ltr'><strong>ideo</strong></span> <span class='ocrx_word' id='word_1_909' title='bbox 2619 5409 2804 5449; x_wconf 85' lang='lat' dir='ltr'><strong>rursus</strong></span> <span class='ocrx_word' id='word_1_910' title='bbox 2857 5398 3007 5453; x_wconf 85' lang='lat' dir='ltr'><strong>illum</strong></span> <span class='ocrx_word' id='word_1_911' title='bbox 3057 5381 3364 5469; x_wconf 61' lang='lat' dir='ltr'><strong>terreliucit,</strong></span> <span class='ocrx_word' id='word_1_912' title='bbox 3415 5405 3661 5461; x_wconf 81' lang='lat' dir='ltr'><strong>humanis</strong></span> 
     </span>
    </p>
   </div>
   <div class='ocr_carea' id='block_1_112' title="bbox 2071 5484 3661 5556">
    <p class='ocr_par' dir='ltr' id='par_1_112' title="bbox 2071 5484 3661 5556">
     <span class='ocr_line' id='line_1_112' title="bbox 2071 5484 3661 5556; baseline 0.014 -25"><span class='ocrx_word' id='word_1_913' title='bbox 2071 5491 2225 5536; x_wconf 89' lang='lat' dir='ltr'><strong>utens</strong></span> <span class='ocrx_word' id='word_1_914' title='bbox 2251 5484 2418 5538; x_wconf 83' lang='lat' dir='ltr'><strong>armis</strong></span> <span class='ocrx_word' id='word_1_915' title='bbox 2445 5502 2458 5538; x_wconf 91' lang='lat'><strong>:</strong></span> <span class='ocrx_word' id='word_1_916' title='bbox 2488 5496 2542 5538; x_wconf 92' lang='lat' dir='ltr'><strong>et</strong></span> <span class='ocrx_word' id='word_1_917' title='bbox 2567 5487 2687 5539; x_wconf 92' lang='lat' dir='ltr'><strong>audi</strong></span> <span class='ocrx_word' id='word_1_918' title='bbox 2719 5491 3006 5556; x_wconf 88' lang='lat' dir='ltr'><strong>quomodo.</strong></span> <span class='ocrx_word' id='word_1_919' title='bbox 3038 5494 3126 5547; x_wconf 84' lang='grc'><strong>10.</strong></span> <span class='ocrx_word' id='word_1_920' title='bbox 3163 5493 3301 5548; x_wconf 77' lang='lat' dir='ltr'><strong>Dixit</strong></span> <span class='ocrx_word' id='word_1_921' title='bbox 3326 5508 3493 5551; x_wconf 86' lang='lat' dir='ltr'><strong>autem</strong></span> <span class='ocrx_word' id='word_1_922' title='bbox 3518 5497 3661 5552; x_wconf 80' lang='lat' dir='ltr'><strong>Putt-</strong></span> 
     </span>
    </p>
   </div>
   <div class='ocr_carea' id='block_1_113' title="bbox 2071 5573 3644 5660">
    <p class='ocr_par' dir='ltr' id='par_1_113' title="bbox 2071 5573 3644 5660">
     <span class='ocr_line' id='line_1_113' title="bbox 2071 5573 3644 5660; baseline 0.011 -34"><span class='ocrx_word' id='word_1_923' title='bbox 2071 5573 2150 5627; x_wconf 85' lang='lat' dir='ltr'><strong>lus</strong></span> <span class='ocrx_word' id='word_1_924' title='bbox 2178 5591 2198 5628; x_wconf 89' lang='lat'><strong><em>:</em></strong></span> <span class='ocrx_word' id='word_1_925' title='bbox 2227 5574 2308 5628; x_wconf 82' lang='lat' dir='ltr'><strong>Ad</strong></span> <span class='ocrx_word' id='word_1_926' title='bbox 2329 5576 2552 5631; x_wconf 88' lang='lat' dir='ltr'><strong>tribunal</strong></span> <span class='ocrx_word' id='word_1_927' title='bbox 2575 5577 2791 5635; x_wconf 65' lang='lat' dir='ltr'><strong>Catsaris</strong></span> <span class='ocrx_word' id='word_1_928' title='bbox 2815 5593 2890 5636; x_wconf 87' lang='lat' dir='ltr'><strong>sto</strong></span> <span class='ocrx_word' id='word_1_929' title='bbox 2913 5600 2934 5648; x_wconf 91' lang='lat'><strong>;</strong></span> <span class='ocrx_word' id='word_1_930' title='bbox 2955 5585 3022 5638; x_wconf 88' lang='lat' dir='ltr'><strong>ibi</strong></span> <span class='ocrx_word' id='word_1_931' title='bbox 3061 5604 3141 5641; x_wconf 87' lang='lat' dir='ltr'><strong>me</strong></span> <span class='ocrx_word' id='word_1_932' title='bbox 3175 5599 3368 5659; x_wconf 83' lang='lat' dir='ltr'><strong>Oportet</strong></span> <span class='ocrx_word' id='word_1_933' title='bbox 3399 5590 3644 5660; x_wconf 86' lang='lat' dir='ltr'><strong>judicari.</strong></span> 
     </span>
    </p>
   </div>
   <div class='ocr_carea' id='block_1_114' title="bbox 2067 5662 3656 5738">
    <p class='ocr_par' dir='ltr' id='par_1_114' title="bbox 2067 5662 3656 5738">
     <span class='ocr_line' id='line_1_114' title="bbox 2067 5662 3656 5738; baseline 0.014 -24"><span class='ocrx_word' id='word_1_934' title='bbox 2067 5662 2267 5719; x_wconf 78' lang='lat' dir='ltr'><strong>Jndteis</strong></span> <span class='ocrx_word' id='word_1_935' title='bbox 2296 5668 2424 5722; x_wconf 81' lang='lat' dir='ltr'><strong>nihil</strong></span> <span class='ocrx_word' id='word_1_936' title='bbox 2454 5671 2602 5722; x_wconf 85' lang='lat' dir='ltr'><strong>nocui</strong></span> <span class='ocrx_word' id='word_1_937' title='bbox 2627 5714 2640 5735; x_wconf 91' lang='lat'><strong>,</strong></span> <span class='ocrx_word' id='word_1_938' title='bbox 2665 5675 2792 5726; x_wconf 87' lang='lat' dir='ltr'><strong>sicut</strong></span> <span class='ocrx_word' id='word_1_939' title='bbox 2821 5685 2875 5728; x_wconf 87' lang='lat' dir='ltr'><strong>tu</strong></span> <span class='ocrx_word' id='word_1_940' title='bbox 2903 5677 3080 5730; x_wconf 83' lang='lat' dir='ltr'><strong>melius</strong></span> <span class='ocrx_word' id='word_1_941' title='bbox 3106 5681 3259 5735; x_wconf 86' lang='lat' dir='ltr'><strong>nosti.</strong></span> <span class='ocrx_word' id='word_1_942' title='bbox 3290 5682 3310 5734; x_wconf 77' lang='lat' dir='ltr'><strong>i</strong></span> <span class='ocrx_word' id='word_1_943' title='bbox 3335 5685 3377 5735; x_wconf 89' lang='lat' dir='ltr'><strong>l.</strong></span> <span class='ocrx_word' id='word_1_944' title='bbox 3419 5681 3480 5736; x_wconf 91' lang='lat' dir='ltr'><strong>Si</strong></span> <span class='ocrx_word' id='word_1_945' title='bbox 3523 5685 3656 5738; x_wconf 85' lang='lat' dir='ltr'><strong>enim</strong></span> 
     </span>
    </p>
   </div>
   <div class='ocr_carea' id='block_1_115' title="bbox 2069 5757 3656 5835">
    <p class='ocr_par' dir='ltr' id='par_1_115' title="bbox 2069 5757 3656 5835">
     <span class='ocr_line' id='line_1_115' title="bbox 2069 5757 3656 5835; baseline 0.016 -33"><span class='ocrx_word' id='word_1_946' title='bbox 2069 5757 2217 5806; x_wconf 84' lang='lat' dir='ltr'><strong>nocui</strong></span> <span class='ocrx_word' id='word_1_947' title='bbox 2235 5797 2250 5821; x_wconf 92' lang='lat'><strong>,</strong></span> <span class='ocrx_word' id='word_1_948' title='bbox 2272 5768 2359 5810; x_wconf 88' lang='lat' dir='ltr'><strong>aut</strong></span> <span class='ocrx_word' id='word_1_949' title='bbox 2373 5759 2583 5830; x_wconf 85' lang='lat' dir='ltr'><strong>dignum</strong></span> <span class='ocrx_word' id='word_1_950' title='bbox 2607 5775 2765 5818; x_wconf 90' lang='lat' dir='ltr'><strong>morte</strong></span> <span class='ocrx_word' id='word_1_951' title='bbox 2783 5766 2980 5835; x_wconf 83' lang='lat' dir='ltr'><strong>aliquid</strong></span> <span class='ocrx_word' id='word_1_952' title='bbox 3001 5769 3101 5835; x_wconf 81' lang='lat' dir='ltr'><strong>[cci</strong></span> <span class='ocrx_word' id='word_1_953' title='bbox 3123 5809 3136 5832; x_wconf 92' lang='lat'><strong>,</strong></span> <span class='ocrx_word' id='word_1_954' title='bbox 3163 5785 3263 5826; x_wconf 87' lang='lat' dir='ltr'><strong>non</strong></span> <span class='ocrx_word' id='word_1_955' title='bbox 3286 5788 3462 5825; x_wconf 58' lang='lat' dir='ltr'><strong>recuso</strong></span> <span class='ocrx_word' id='word_1_956' title='bbox 3481 5775 3610 5827; x_wconf 85' lang='lat' dir='ltr'><strong>mori</strong></span> <span class='ocrx_word' id='word_1_957' title='bbox 3636 5790 3656 5828; x_wconf 89' lang='lat'><strong><em>:</em></strong></span> 
     </span>
    </p>
   </div>
   <div class='ocr_carea' id='block_1_116' title="bbox 2071 5846 3662 5931">
    <p class='ocr_par' dir='ltr' id='par_1_116' title="bbox 2071 5846 3662 5931">
     <span class='ocr_line' id='line_1_116' title="bbox 2071 5846 3662 5931; baseline 0.017 -35"><span class='ocrx_word' id='word_1_958' title='bbox 2071 5846 2112 5896; x_wconf 70' lang='lat' dir='ltr'><strong>si</strong></span> <span class='ocrx_word' id='word_1_959' title='bbox 2143 5861 2253 5901; x_wconf 69' lang='grc' dir='ltr'><strong>τειό</strong></span> <span class='ocrx_word' id='word_1_960' title='bbox 2295 5851 2424 5905; x_wconf 84' lang='lat' dir='ltr'><strong>nihil</strong></span> <span class='ocrx_word' id='word_1_961' title='bbox 2466 5863 2538 5906; x_wconf 82' lang='lat' dir='ltr'><strong>est</strong></span> <span class='ocrx_word' id='word_1_962' title='bbox 2581 5869 2755 5910; x_wconf 86' lang='lat' dir='ltr'><strong>eorum</strong></span> <span class='ocrx_word' id='word_1_963' title='bbox 2780 5899 2794 5925; x_wconf 94' lang='lat'><strong>,</strong></span> <span class='ocrx_word' id='word_1_964' title='bbox 2843 5875 2955 5927; x_wconf 78' lang='lat' dir='ltr'><strong>autc</strong></span> <span class='ocrx_word' id='word_1_965' title='bbox 2983 5861 3034 5912; x_wconf 88' lang='lat' dir='ltr'><strong>hi</strong></span> <span class='ocrx_word' id='word_1_966' title='bbox 3080 5877 3316 5917; x_wconf 82' lang='lat' dir='ltr'><strong>accusant</strong></span> <span class='ocrx_word' id='word_1_967' title='bbox 3359 5882 3472 5931; x_wconf 82' lang='lat' dir='ltr'><strong>me,</strong></span> <span class='ocrx_word' id='word_1_968' title='bbox 3520 5882 3662 5923; x_wconf 82' lang='lat' dir='ltr'><strong>nemo</strong></span> 
     </span>
    </p>
   </div>
  </div>
