4112 6408
238 429 347 486 353

250 555 410 619 potest
436 559 516 596 me
544 540 653 595 illis
683 540 895 592 donare.
943 536 1194 591 Casuram
1239 533 1464 603 appello.
1509 530 1614 585 Sed
1659 528 1851 581 dixerit

251 637 517 710 quispiam
548 651 562 687 ε
596 632 707 687 Cur
733 644 856 685 cum
880 628 1119 683 audisset
1143 667 1159 692 ,
1188 624 1398 696 Oportet
1427 636 1474 678 te
1496 624 1647 677 etiam
1677 621 1854 676 Roma:

253 728 514 797 testificari
541 726 605 779 de
629 741 709 780 me
732 725 753 796 (
773 724 890 777 Act.
909 722 1002 778 25.
1024 721 1086 775 11
1113 720 1155 790 ),
1181 719 1329 788 quasi
1354 732 1457 771 non
1486 714 1713 770 credens
1739 715 1853 769 hinc

255 816 526 875 faciebat?
550 814 737 879 Absit;
760 813 853 869 sed
875 822 928 867 et
950 811 1103 865 valde
1127 808 1380 864 credens.
1401 806 1564 876 Magis
1590 820 1717 860 vero
1734 814 1852 859 ten-

254 911 417 966 tantis
451 907 640 962 fuisset
669 906 811 960 illius
838 902 1120 959 sententia:
1150 899 1335 964 fidere,
1363 912 1591 967 seseque
1618 897 1668 949 in
1708 894 1855 949 mille

255 1002 492 1072 pericula
526 999 799 1067 conjicere
824 1037 839 1061 ,
871 1010 935 1049 ac
956 994 1174 1048 dicen:
1206 990 1497 1045 Videamus
1525 1002 1651 1041 num
1685 986 1852 1054 possit

261 1097 398 1149 Ιιριις
420 1095 583 1149 etiam
609 1093 686 1145 sic
708 1088 918 1157 eripere
949 1102 1055 1141 me.
1079 1084 1187 1141 Sed
1211 1084 1311 1137 hoc
1342 1097 1449 1136 non
1476 1080 1601 1134 facit
1622 1077 1817 1132 Paulus
1835 1118 1850 1140 ,

262 1202 449 1241 verum
480 1201 598 1255 qme
632 1196 798 1252 penes
822 1195 882 1235 se
914 1188 1069 1233 erant
1096 1176 1276 1231 omnia
1308 1174 1519 1237 adfert,
1551 1182 1718 1226 totum
1750 1170 1857 1223 Deo

262 1278 600 1349 permittens.
632 1274 763 1328 Sese
792 1285 924 1325 vero
947 1268 1245 1324 defendens
1266 1307 1281 1331 ,
1331 1266 1521 1321 leviter
1559 1261 1855 1333 principem

264 1366 615 1437 perstringit,
648 1378 712 1417 ac
740 1363 784 1416 si
813 1360 1061 1415 diceret:
1090 1358 1146 1412 Si
1187 1357 1383 1424 injuste
1423 1354 1548 1424 egi,
1590 1352 1763 1413 bene;
1814 1351 1858 1403 si

266 1476 372 1513 non
400 1459 600 1527 injuste
621 1455 702 1524 egi
730 1496 744 1519 ,
770 1469 867 1505 cur
888 1466 972 1504 me
996 1448 1161 1503 tradis
1181 1448 1205 1487 ν
1240 1446 1405 1500 Nemo
1429 1453 1587 1515 potest
1611 1485 1625 1503 ,
1654 1441 1857 1508 inquit,

270 1567 350 1603 nte
374 1551 583 1602 donare.
615 1546 809 1599 Metam
839 1544 913 1595 illi
947 1542 1171 1603 incutit,
1210 1548 1267 1591 ut
1304 1554 1408 1590 non
1452 1536 1619 1604 pnssit
1659 1533 1862 1585 donare

276 1641 325 1695 si
347 1638 499 1701 velit,
530 1633 620 1689 sed
640 1632 805 1687 etiam
834 1628 977 1699 apud
1002 1628 1128 1683 illos
1159 1642 1257 1697 pro
1276 1626 1635 1680 excusatione
1664 1625 1864 1679 habeat

276 1726 713 1800 appellationem.
746 1722 834 1776 12.
870 1719 1015 1773 Tunc
1050 1717 1238 1774 Festus
1268 1734 1386 1771 cum
1417 1717 1642 1770 concilio
1670 1719 1859 1786 loquu—

277 1834 388 1883 tus,
418 1818 716 1887 respondit:
740 1816 1004 1872 Cmsarem
1024 1815 1337 1883 appellasti;
1360 1813 1427 1866 ad
1452 1814 1717 1869 Cwsarem
1734 1813 1857 1867 ibis.

344 1910 401 1965 2.
448 1907 580 1962 Vide
606 1949 621 1972 ,
649 1922 766 1962 rem
793 1905 1044 1976 Agrippa:
1068 1902 1431 1957 communicat
1453 1940 1469 1963 ,
1501 1906 1560 1952 ut
1589 1899 1749 1952 etiam
1778 1896 1868 1950 alii

273 2003 380 2056 sint
405 1999 683 2055 auditores
706 2040 720 2061 ,
739 2008 793 2054 et
811 2012 911 2052 rex
934 2005 987 2051 et
1012 1994 1285 2050 exercitus
1308 2001 1364 2047 et
1390 1991 1633 2046 Bernice.
1666 1987 1871 2042 Deinde

276 2108 488 2149 rursum
525 2089 789 2144 defensio.
825 2106 844 2139 ‹
885 2087 973 2141 15.
1003 2086 1064 2140 Ει
1094 2100 1216 2139 cum
1243 2083 1360 2137 dies
1388 2082 1592 2149 aliquot
1619 2079 1871 2133 transacti

274 2191 495 2248 essent,
529 2181 762 2250 Agrippa
793 2194 882 2233 rex
912 2188 967 2232 et
1004 2177 1228 2233 Bernice
1266 2173 1663 2229 descenderunt
1692 2170 1871 2226 Cazsa-

280 2290 423 2329 ream
451 2272 515 2326 ad
545 2269 883 2325 salutandum
934 2267 1171 2322 Festum.
1199 2266 1286 2320 H.
1322 2264 1388 2319 Et
1431 2278 1552 2318 cum
1597 2264 1712 2317 dies
1756 2261 1874 2330 plu-

252 2383 365 2422 ‘ICS
408 2366 477 2419 ibi
517 2364 958 2424 demorarentur,
996 2360 1186 2414 Festus
1229 2358 1338 2426 regi
1381 2356 1559 2409 retulit
1582 2353 1650 2408 de
1686 2352 1871 2416 Paulo,

280 2458 466 2513 dicens
494 2473 506 2507 :
544 2454 635 2507 Vir
662 2454 877 2522 quidam
905 2463 988 2505 est
1021 2450 1309 2504 derelictus
1349 2464 1379 2500 ιι
1413 2446 1591 2501 Felice
1622 2445 1831 2497 vinctus
1859 2460 1874 2495 :

286 2555 372 2607 15.
405 2552 474 2605 de
501 2566 609 2619 quo
636 2591 651 2615 ,
680 2564 801 2603 cum
850 2562 1027 2601 essem
1065 2544 1416 2616 Jerosolymis
1440 2585 1455 2609 ,
1500 2542 1749 2596 adierunt
1792 2554 1879 2593 me

286 2646 553 2715 principes
606 2640 948 2695 sacerdotum
1002 2648 1055 2692 et
1105 2636 1347 2690 seniores
1391 2634 1736 2696 Iudaeorum,
1786 2644 1882 2699 po-

289 2735 551 2788 stulantes
600 2732 859 2785 adversus
890 2729 1035 2782 illum
1089 2727 1507 2781 damnationem.
1549 2723 1637 2779 16.
1678 2722 1881 2791 Quibus

288 2823 587 2894 respondi:
636 2822 751 2877 Non
797 2830 882 2876 est
926 2820 1182 2874 Romanis
1230 2816 1568 2873 consuetudo
1617 2814 1879 2870 damnare

291 2917 521 2987 aliquem
555 2915 829 2969 hominem
858 2953 873 2976 ,
909 2912 1216 2981 priusquam
1250 2911 1295 2965 is
1325 2909 1415 2979 qui
1442 2914 1723 2962 accusatur
1743 2921 1881 2974 prae-

291 3021 469 3065 sentes
524 3008 722 3063 habeat
772 3015 1153 3068 accusatores,
1214 3003 1504 3072 locumque
1558 2997 1883 3055 defendendi

294 3104 519 3173 accipiat
568 3102 633 3155 ad
683 3097 946 3153 abluenda
1003 3098 1250 3152 crimina.
1300 3098 1388 3151 17.
1431 3095 1566 3150 Cum
1613 3108 1741 3162 ergo
1783 3091 1889 3145 huc

293 3195 672 3251 conuenissent
697 3231 711 3255 ,
741 3192 859 3244 sine
891 3189 994 3242 nlla
1027 3189 1285 3242 dilatione
1312 3186 1556 3256 sequenti
1584 3183 1669 3238 die
1696 3182 1890 3237 sedens

296 3302 394 3356 pro
463 3283 712 3338 tribunali
775 3280 908 3350 jussi
980 3279 1168 3333 adduci
1221 3280 1414 3332 virum.
1471 3277 1553 3330 I8.
1619 3276 1693 3329 De
1748 3289 1885 3342 quo,

295 3394 417 3430 cum
447 3376 726 3431 stetissent
754 3383 1097 3427 accusatores
1121 3412 1136 3436 ,
1182 3372 1385 3424 nullam
1424 3383 1640 3423 causam
1679 3366 1891 3422 defere-

304 3467 469 3533 bant,
522 3466 592 3522 de
636 3465 831 3535 quibus
878 3478 980 3533 ego
1019 3462 1371 3531 suspicabar;
1430 3460 1519 3515 I9.
1570 3460 1893 3528 quaestiones

306 3571 434 3611 vero
456 3555 712 3626 quasdam
737 3555 804 3610 de
831 3570 928 3609 sua
961 3555 1347 3623 superstitione
1390 3551 1660 3606 habebant
1704 3550 1895 3604 adver-

304 3661 398 3699 sus
423 3661 545 3701 eum
571 3686 586 3709 ,
620 3655 675 3698 et
706 3645 771 3699 de
793 3645 1023 3714 quodam
1069 3645 1195 3699 Jesu
1236 3644 1528 3704 defuncto,
1558 3658 1718 3711 quem
1745 3642 1892 3696 affir-

307 3738 485 3791 mabat
531 3737 726 3791 Paulus
770 3738 967 3790 vivere.
1022 3736 1113 3791 20.
1164 3736 1430 3790 Hcesitans
1478 3746 1657 3787 autem
1702 3748 1801 3802 ego
1829 3731 1896 3786 de

303 3829 607 3899 hnjnsmodi
639 3830 957 3899 quazstione,
998 3828 1243 3883 dicebam
1268 3869 1283 3892 ,
1312 3844 1437 3881 num
1463 3826 1623 3881 vellet
1649 3826 1727 3879 ire
1745 3824 1898 3880 Jero-

303 3923 677 3993 solymam,et
726 3921 798 3975 ibi
834 3921 1063 3991 jndicari
1105 3920 1172 3974 de
1220 3920 1348 3973 illis.
1388 3917 1480 3973 2i.
1525 3918 1690 3973 Paulo
1717 3925 1897 3971 autem

302 4008 606 4081 appel'lante
628 4051 645 4077 ,
677 4021 733 4066 ut
762 4021 1075 4066 servaretur
1108 4011 1175 4065 ad
1217 4010 1441 4080 Augusti
1491 4009 1853 4077 cognitionem
1880 4047 1896 4072 ,

302 4102 435 4170 jnssi
478 4103 682 4157 servari
708 4118 831 4158 eum
854 4144 868 4166 ,
901 4102 1072 4157 donec
1100 4102 1304 4155 mittam
1332 4115 1455 4155 cum
1502 4100 1568 4154 ad
1608 4100 1897 4155 Cavsarcm.

304 4192 393 4247 2'2.
443 4192 676 4262 Agrippa
739 4202 918 4245 autem
984 4192 1147 4247 FeSto
1208 4191 1385 4245 dixit:
1439 4190 1643 4245 Vellem
1685 4200 1739 4243 et
1788 4189 1902 4258 ipse

308 4286 577 4340 hominem
605 4286 810 4341 audire.
840 4284 1007 4351 Cras,
1039 4286 1234 4354 inquit,
1282 4274 1472 4338 audies
1502 4284 1668 4336 illum.
1718 4300 1737 4333 ι
1771 4280 1903 4335 Vide

313 4392 523 4432 rursum
550 4377 949 4433 accusationem
981 4376 1289 4432 Juda-orum
1324 4392 1429 4431 non
1461 4389 1490 4428 a
1526 4373 1688 4428 l‘anlo
1710 4414 1725 4437 ,
1755 4372 1847 4425 sed
1872 4387 1904 4428 a

308 4470 550 4539 principe
587 4478 877 4524 narratam.
934 4468 1182 4523 Adiernnt
1218 4483 1335 4533 me,
1386 4466 1592 4533 inquit,
1654 4466 1906 4533 principes

310 4561 628 4616 sacerdotum
649 4572 695 4615 et
717 4562 938 4615 seniores
959 4559 1262 4612 Iudaeorum
1285 4597 1300 4623 ,
1328 4558 1643 4627 postulantes
1664 4555 1906 4609 adversus

310 4671 423 4708 eum
470 4654 868 4707 damnationem.
918 4650 1111 4718 Quibus
1161 4665 1252 4720 ego
1290 4648 1551 4717 respondi.
1606 4646 1735 4700 Vide
1778 4645 1905 4715 quid

315 4743 640 4815 respondeat
668 4744 736 4797 ad
764 4743 979 4796 illorum
1013 4740 1384 4794 cottfusionem
1412 4754 1427 4790 :
1459 4722 1579 4791 Non
1600 4746 1671 4789 est
1700 4751 1908 4789 consue-

315 4836 436 4888 tudo
471 4834 715 4889 Romanis
740 4838 933 4887 donare
956 4833 1176 4902 aliquem
1211 4830 1465 4884 hominem
1490 4870 1504 4890 ,
1536 4838 1588 4882 ut
1616 4838 1827 4898 pereat;
1857 4827 1908 4882 id

315 4935 436 4990 est,
473 4935 759 4995 antequam
807 4925 1071 4978 rationem
1111 4921 1343 4987 reddat,
1372 4937 1477 4975 non
1525 4930 1701 4989 potest
1741 4920 1907 4973 vestri

313 5016 482 5086 gratia
515 5016 673 5071 tradi.
699 5014 769 5071 Ut
797 5030 926 5069 vero
956 5015 1249 5068 secundum
1276 5025 1479 5065 morem
1508 5010 1630 5063 fecit
1651 5052 1664 5071 ,
1692 5026 1908 5063 causam

317 5123 422 5162 non
473 5109 911 5178 invenitzquare
967 5107 1065 5160 hac
1116 5107 1181 5159 de
1230 5120 1287 5160 rc
1333 5104 1587 5157 Ita-sitat?
1640 5114 1695 5156 ut
1750 5105 1912 5171 liquet

314 5217 381 5256 ex
444 5202 793 5271 sequentibus
850 5218 864 5254 :
924 5198 1183 5253 IIcusitans
1236 5208 1407 5249 autem
1458 5212 1549 5265 ego
1610 5195 1672 5248 de
1727 5195 1911 5258 liuius-

315 5295 456 5349 ntodi
484 5295 778 5365 quastione.
809 5292 903 5349 Sic
932 5291 1185 5361 loquitur,
1230 5304 1387 5345 suum
1436 5286 1762 5340 adumbrans
1794 5300 1912 5355 pec-

320 5396 521 5442 catum.
554 5386 622 5441 Et
650 5386 740 5441 ille
768 5386 985 5456 quidem
1020 5383 1300 5437 adumbrat
1326 5421 1340 5442 .
1365 5383 1595 5450 Agrippa
1619 5393 1749 5432 vero
1769 5386 1915 5447 cupit

320 5477 468 5532 Illum
492 5477 697 5533 videre.
742 5475 879 5531 Vide
906 5474 1177 5543 principes
1217 5486 1432 5547 semper
1462 5468 1791 5524 inimicitiam
1816 5468 1881 5523 Ju
1900 5500 1911 5507 -

320 5569 529 5623 daicam
560 5567 827 5637 repellere
851 5606 867 5633 ,
898 5574 955 5620 et
983 5573 1179 5634 printer
1194 5563 1283 5633 jus
1310 5575 1453 5630 szepe
1481 5574 1641 5629 agere
1670 5559 1785 5627 cogi
1810 5600 1826 5623 ,
1853 5575 1915 5613 ac

320 5659 594 5716 dilationis
621 5672 783 5715 ansas
809 5671 1055 5727 quaerere
1086 5675 1100 5707 :
1137 5671 1243 5708 non
1271 5654 1414 5709 cnim
1464 5652 1715 5720 ignorans
1763 5651 1914 5705 diffe-

324 5748 473 5806 rebat
495 5792 512 5817 ,
543 5750 638 5805 sed
663 5762 882 5819 gnarus.
933 5747 1166 5817 Agrippa
1200 5760 1329 5799 vero
1362 5756 1467 5797 nou
1502 5741 1662 5794 tnodo
1689 5758 1794 5796 non
1828 5758 1909 5796 rc-

324 5841 499 5911 WIlit,
524 5841 620 5898 sed
642 5848 698 5896 et
720 5839 907 5894 audire
929 5847 1111 5908 optat:
1138 5836 1278 5907 quod
1302 5832 1653 5888 admiratione
1673 5834 1910 5904 dignnnt,

1319 420 1382 474 IN
1423 420 1597 475 ACTA
1643 415 2162 472 AI‘OSTOLOIiUlI.
2207 418 2437 473 ιιυιιιι..
2480 419 2567 474 LI.
2651 412 2659 419 ’

3435 430 3543 487 351

1961 528 2104 583 unde
2132 529 2183 583 in
2212 529 2537 585 desiderium
2562 533 2770 586 venerit
2794 533 3004 589 videndi
3029 535 3301 593 hominem
3328 555 3548 596 accusa-

1960 628 2071 672 tum
2100 621 2220 675 licet
2250 622 2467 691 injuste.
2501 622 2575 678 ita
2608 636 2660 679 et
2685 626 2786 680 hoc
2816 642 2909 695 per
2935 630 3323 697 providentiam
3352 632 3550 688 factum

1926 720 2061 770 .est.
2101 711 2461 778 Quamobrem
2508 724 2562 769 et
2606 732 2741 771 uxor
2788 718 2903 787 ejus
2941 719 3095 774 simul
3145 724 3332 788 audit,
3381 739 3480 779 nec
3520 740 3551 780 a

1959 805 2220 858 concione
2251 806 2423 861 abest.
2457 807 2567 862 Nec
2594 809 2767 864 solum
2811 812 2996 876 audit,
3043 813 3137 867 sed
3178 828 3300 869 cum
3346 814 3553 872 honore

1961 910 2174 964 magno.
2205 896 2385 951 Talem
2420 898 2607 954 habuit
2638 901 2989 971 cupiditatem
3017 922 3031 958 :
3058 919 3165 958 non
3193 906 3337 961 enim
3366 908 3553 962 audire

1962 988 2206 1056 petiisset
2231 1030 2246 1054 ,
2278 990 2379 1044 nisi
2412 990 2463 1045 id
2491 1002 2768 1059 Optasset,
2822 1010 2993 1065 neque
3020 998 3220 1051 sociam
3250 998 3556 1054 admisisset

1963 1093 2224 1142 uxorem,
2256 1080 2358 1132 nisi
2388 1096 2641 1149 magnum
2691 1082 2962 1153 quidpiam
3015 1086 3084 1141 de
3138 1087 3229 1142 illo
3276 1089 3553 1144 sensisset.

1962 1166 2185 1221 Videtur
2212 1179 2390 1225 autem
2419 1170 2546 1225 mihi
2578 1173 2725 1227 illam
2770 1190 2984 1245 quoque
3034 1177 3148 1232 haec
3195 1179 3553 1236 desiderasse.

1967 1259 2030 1311 Et
2055 1258 2175 1313 vide
2204 1260 2421 1314 Paulum
2452 1263 2631 1317 statim
2658 1278 2763 1317 non
2789 1265 2856 1319 de
2885 1266 2989 1321 [ide
3027 1268 3199 1322 solum
3254 1279 3309 1323 et
3352 1270 3420 1323 de
3464 1285 3557 1325 re-

1964 1351 2222 1406 missione
2254 1364 2593 1421 peccatorum
2622 1394 2635 1417 ,
2669 1355 2764 1409 sed
2796 1357 2958 1410 etiam
3011 1358 3078 1411 de
3126 1359 3288 1414 rebus
3336 1360 3557 1429 agendis

1965 1444 2338 1497 disserentem.
2372 1445 2475 1500 Sed
2507 1447 2753 1514 superius
2780 1448 2920 1501 dicta
2950 1459 3273 1517 repetamus.
3320 1450 3386 1505 In
3418 1468 3556 1521 pra:-

1966 1535 2119 1596 srnti,
2148 1536 2319 1603 inquit
2344 1578 2357 1600 ,
2383 1536 2467 1588 ubi
2488 1552 2508 1600 ;
2528 1538 2955 1607 Opportunitatcm
2980 1550 3145 1592 autem
3172 1552 3368 1607 nactus,
3392 1559 3558 1595 accer-

1967 1644 2076 1680 sam
2102 1637 2168 1681 te.
2202 1627 2334 1684 Vide
2380 1630 2725 1685 caecitatem:
2776 1629 2891 1684 haec
2938 1631 3162 1686 audiens
3211 1634 3460 1701 sperabat
3502 1649 3562 1689 se

1968 1721 2221 1788 pecunias
2241 1730 2585 1789 accepturum
2603 1721 2672 1775 ab
2699 1736 2785 1775 eo.
2808 1721 2873 1775 Et
2900 1737 3005 1775 non
3039 1723 3212 1776 solum
3240 1724 3339 1776 hoc
3360 1708 3559 1793 grave

1971 1812 2063 1866 sed
2091 1814 2253 1866 etiam
2283 1813 2537 1878 loquutus
2564 1828 2687 1867 cum
2714 1828 2780 1868 eo
2805 1856 2820 1880 ,
2855 1830 2960 1868 non
3008 1814 3209 1869 dimisit
3257 1831 3378 1869 eum
3404 1831 3421 1881 ;
3467 1815 3561 1870 sed

1972 1903 2093 1972 quia
2126 1904 2176 1957 in
2212 1904 2544 1973 principatus
2572 1906 2731 1959 linem
2762 1915 2981 1960 venerat
3010 1948 3026 1970 ,
3057 1908 3272 1976 reliquit
3298 1924 3419 1962 eum
3448 1910 3565 1962 vin-

1973 2002 2116 2046 ctum
2144 2035 2158 2057 ,
2191 2004 2247 2047 ut
2274 1995 2667 2063 gratificaretur
2696 1996 2895 2052 Judazis
2926 2015 2938 2050 :
2973 1998 3152 2069 itaque
3180 2015 3283 2053 non
3311 2000 3565 2069 pecunias

1976 2084 2136 2137 modo
2164 2127 2177 2150 ,
2208 2084 2301 2138 sed
2334 2094 2387 2138 et
2413 2086 2639 2155 gloriam
2671 2087 2938 2156 cupiebat.
2993 2088 3104 2143 Cur
3127 2130 3140 2153 ,
3171 2090 3432 2156 sceleste,
3472 2106 3566 2162 pe<

1976 2176 2163 2228 cunias
2187 2175 2388 2243 quarris
2413 2189 2442 2227 a
2470 2175 2586 2230 viro
2627 2178 2955 2231 contrarium
3000 2179 3321 2247 pratdicante
3349 2180 3374 2232 Ὶ
3414 2180 3567 2248 Quod

1977 2275 2155 2319 autem
2185 2280 2289 2319 non
2318 2267 2581 2335 receperit
2604 2308 2618 2333 ,
2646 2268 2817 2336 palam
2839 2279 2922 2323 est
2948 2284 3013 2323 ex
3035 2284 3101 2323 eo
3124 2310 3141 2336 ,
3169 2270 3309 2339 quod
3336 2272 3568 2325 vinctum

1979 2357 2295 2425 reliquerit,
2324 2359 2601 2412 soluturus
2648 2360 2693 2413 si
2737 2362 3055 2429 accepisset.
3109 2363 3183 2417 De
3219 2366 3570 2433 temperantia

1983 2449 2069 2501 hic
2098 2448 2403 2517 disputabat
2429 2488 2445 2515 ,
2474 2459 2526 2503 et
2559 2450 2646 2504 ille
2676 2466 2703 2502 a
2740 2452 2856 2504 viro
2888 2453 3011 2505 talia
3042 2452 3295 2523 loquente
3325 2456 3573 2524 sperabat

1980 2553 2041 2593 se
2068 2539 2346 2606 pecuniam
2375 2550 2741 2608 accepturum.
2786 2542 2852 2594 Et
2882 2551 3066 2610 petere
3091 2544 3308 2611 quidem
3338 2559 3445 2598 non
3473 2560 3573 2599 au-

1983 2631 2143 2686 debat
2177 2650 2189 2685 :
2220 2632 2341 2686 talis
2368 2634 2565 2702 quippe
2592 2643 2675 2686 est
2702 2634 2924 2697 malitia,
2952 2634 3026 2706 (α)
3059 2633 3267 2706 [timida
3298 2652 3491 2706 nempe
3520 2648 3575 2692 et

1984 2725 2163 2778 omnia
2185 2733 2430 2793 suspecta
2456 2723 2713 2797 habens];
2746 2726 2998 2793 sperabat
3019 2736 3232 2782 autem:
3258 2728 3435 2797 itaque
3452 2729 3574 2797 jure

1986 2817 2092 2870 illis
2120 2816 2519 2886 gratificabatur
2543 2859 2557 2881 ,
2593 2828 2775 2885 utpote
2802 2818 2890 2886 qui
2922 2818 2991 2872 ibi
3025 2827 3171 2873 tanto
3201 2830 3441 2890 tempore
3471 2821 3575 2875 im-

1988 2915 2247 2977 perasset.
2278 2907 2447 2977 Igitur
2478 2907 2725 2971 Festum,
2757 2909 2841 2961 ubi
2888 2909 3203 2978 provinciam
3238 2912 3573 2981 suscepisset,

1989 3002 2224 3055 adierunt
2270 3002 2523 3072 principes
2581 3002 2902 3055 sacerdotum
2947 3011 2994 3054 et
3038 3002 3187 3071 primi
3235 3000 3535 3057 Iudaeorum
3561 3045 3577 3069 ,

1990 3093 2250 3147 adversus
2273 3092 2492 3146 Paulum
2520 3134 2534 3157 ,
2561 3092 2751 3160 inquit.
2776 3092 2967 3146 Statim
2986 3099 3042 3147 et
3067 3107 3097 3147 a
3120 3093 3381 3164 principio
3400 3109 3583 3150 acces-

1992 3193 2179 3239 serunt
2205 3183 2553 3247 sacerdotes,
2595 3184 2684 3252 qui
2737 3198 2842 3237 non
2888 3184 3094 3253 gravati
3138 3183 3364 3240 fuissent
3400 3184 3583 3239 Caesa-

1994 3291 2140 3332 ream
2169 3277 2351 3330 Venire
2378 3317 2393 3340 ,
2427 3276 2525 3328 nisi
2558 3275 2913 3344 prcevenisset
2938 3275 3160 3329 veniens
3189 3274 3277 3330 ille
3302 3316 3318 3342 ,
3341 3276 3584 3346 quando-

1994 3368 2211 3438 quidem
2234 3367 2324 3421 ubi
2347 3366 2603 3432 advenit,
2638 3367 2815 3421 statim
2862 3366 3009 3420 illum
3054 3365 3318 3421 adierunt.
3356 3366 3423 3421 Et
3474 3386 3587 3421 cum

1996 3458 2332 3514 descendisset
2386 3457 2669 3512 (staream
2693 3498 2708 3522 ,
2767 3456 3061 3509 morabatur
3114 3456 3182 3510 ibi
3236 3457 3406 3510 decem
3458 3460 3585 3512 dies.

1997 3552 2159 3607 Forte
2181 3593 2198 3618 ,
2227 3550 2420 3619 opinor
2442 3591 2456 3614 ,
2488 3556 2545 3600 ιιι
2576 3557 2843 3616 prostat-et
2869 3547 2947 3600 eis
2972 3588 2989 3613 ,
3035 3548 3125 3617 qui
3166 3549 3367 3602 vellent
3413 3550 3586 3618 ipsum

1996 3654 2363 3708 corrumpere.
2392 3637 2583 3692 Paulus
2606 3651 2735 3691 vero
2759 3645 2877 3689 erat
2906 3637 2956 3690 in
2986 3652 3225 3693 carcere.
3253 3637 3321 3691 Et
3342 3642 3589 3710 rogabant

1999 3748 2152 3796 eum,
2184 3729 2393 3799 inquit,
2420 3736 2474 3779 ut
2504 3728 2671 3795 ipsum
2702 3727 3058 3781 transmitteret
3094 3728 3147 3781 in
3174 3726 3479 3783 Jerusalem.
3525 3732 3588 3786 Et

2000 3839 2097 3877 cur
2127 3820 2350 3893 gratiam
2382 3820 2672 3889 petierunt,
2717 3818 2761 3873 si
2789 3817 2992 3887 justum
3023 3829 3139 3873 erat
3167 3828 3225 3874 ut
3252 3823 3590 3876 moreretur?

2002 3917 2109 3974 Sed
2144 3921 2211 3973 ita
2243 3918 2317 3973 illi
2358 3918 2654 3975 manifesta)
2696 3921 2909 3975 fuerunt
2948 3917 3193 3984 insidiae,
3244 3928 3302 3974 ut
3346 3919 3590 3977 diceret:

2016 4007 2124 4064 Viri
2146 4011 2231 4082 qui
2259 4021 2528 4081 prensantes
2554 4011 2855 4079 estis,videte
2884 4010 3020 4062 hunc
3043 4050 3057 4073 ,
3084 4010 3147 4062 de
3185 4025 3284 4078 quo
3324 4011 3594 4065 multitudo

2005 4101 2309 4156 ludtrorum
2351 4119 2431 4157 me
2474 4100 2832 4170 interpellavit.
2883 4100 2986 4155 Per
3031 4099 3161 4155 illud
3202 4101 3387 4168 enim,
3428 4100 3595 4154 Inter-

2006 4193 2246 4263 pellavit,
2296 4193 2522 4262 gratiam
2572 4200 2758 4246 contra
2815 4190 2968 4244 illum
3036 4189 3257 4258 petiisse
3308 4189 3593 4259 significat.

2008 4285 2189 4355 Itaque
2248 4284 2358 4353 jam
2409 4284 2662 4339 volebant
2710 4283 2857 4337 illum
2912 4282 2980 4337 ad
3039 4282 3361 4338 sententiam
3410 4281 3594 4339 feren-

2007 4378 2129 4433 dam
2180 4376 2467 4442 inducere,
2506 4376 2738 4444 lingnam
2778 4373 2931 4429 Pauli
2975 4374 3243 4428 timentes.
3275 4372 3413 4441 Quid
3442 4374 3598 4429 time-

2011 4468 2118 4522 tis?
2145 4466 2271 4537 quid
2309 4466 2614 4522 festinatis?
2642 4466 2821 4519 Palam
2849 4473 2933 4520 est
2959 4464 3110 4518 illum
3133 4463 3413 4519 custodiri.
3458 4463 3596 4520 Num

2011 4559 2217 4630 fugiet?
2241 4558 2341 4625 Qui
2360 4575 2479 4629 ergo
2504 4559 2555 4612 in
2581 4558 2717 4612 vobis
2742 4598 2755 4619 ,
2782 4556 2953 4627 inquit
2976 4597 2991 4621 ,
3016 4565 3240 4624 potentes
3265 4564 3381 4609 sunt
3406 4598 3422 4621 ,
3451 4572 3599 4610 accu-
3694 4582 3711 4595 ο

2010 4659 2117 4703 sent
2147 4648 2312 4702 illum.
2347 4648 2579 4702 Rursum
2608 4657 2951 4701 accusatores
2971 4645 3236 4701 Caesarem
3259 4686 3275 4712 ,
3306 4655 3361 4700 et
3388 4662 3596 4700 rursum

2011 4742 2258 4795 educitur
2304 4739 2521 4794 Paulus.
2572 4738 2810 4807 Sequenti
2853 4736 2977 4802 die,
3023 4736 3236 4804 inquit,
3280 4736 3459 4791 sedens
3507 4753 3601 4803 pro

2012 4832 2275 4886 tribunali.

2084 4925 2140 4979 3.
2184 4923 2350 4985 \‘ide,
2398 4920 2577 4975 statim
2628 4920 2847 4974 veniens
2891 4920 3031 4974 sedit
3072 4935 3171 4988 pro
3215 4918 3604 4975 tribunalizsic

2017 5016 2167 5071 illum
2220 5023 2275 5067 ct
2328 5029 2449 5068 cum
2504 5021 2653 5066 tanto
2715 5010 2892 5065 studio
2949 5010 3317 5080 impellebant,
3375 5011 3453 5064 sic
3510 5025 3604 5064 ur-

2016 5109 2232 5178 gebant.
2277 5104 2541 5172 Quamdiu
2590 5118 2719 5173 ergo
2772 5102 3009 5156 nondum
3055 5113 3307 5170 expertus
3354 5109 3465 5154 erat
3506 5099 3605 5153 ,1η-

2019 5202 2164 5256 theos
2210 5209 2265 5253 et
2313 5198 2572 5252 honorem
2624 5195 2860 5259 illorum,
2892 5203 3039 5249 recte
3096 5192 3404 5263 respondit;
3453 5200 3602 5258 post-

2018 5310 2175 5365 quam
2225 5301 2403 5346 antem
2456 5290 2602 5343 venit
2647 5287 3060 5357 JeroSolymam,
3095 5284 3182 5338 hic
3228 5299 3439 5353 quoque
3483 5295 3602 5350 gran

2022 5387 2250 5441 tilicatnr
2303 5384 2441 5447 illis;
2502 5380 2595 5436 sed
2648 5396 2771 5435 cum
2819 5379 2950 5433 dolo
2997 5379 3098 5431 hoc
3152 5376 3313 5441 facit;
3361 5384 3415 5428 ct
3466 5390 3599 5443 quo-

2021 5479 2179 5533 tnodo
2199 5520 2213 5543 ,
2255 5476 2378 5530 audi
2408 5493 2421 5529 :
2450 5474 2595 5529 addit
2620 5474 2761 5526 enim
2790 5489 2803 5524 :
2838 5469 2988 5524 Visne
3022 5464 3394 5537 Jerosolgmam
3425 5482 3604 5520 ascen-

2020 5572 2163 5638 dens,
2191 5570 2296 5624 illic
2322 5568 2384 5621 de
2408 5566 2487 5620 his
2500 5564 2730 5636 judicari
2749 5581 2778 5613 ιι
2803 5579 2879 5615 me
2896 5561 2922 5614 .’
2950 5565 3023 5614 Ac
3048 5560 3089 5612 si
3111 5557 3337 5624 diceret,
3362 5558 3473 5613 Non
3500 5558 3605 5613 illis

2024 5675 2075 5721 te
2117 5660 2271 5717 trado
2296 5702 2310 5727 ,
2357 5658 2450 5713 sed
2494 5658 2606 5726 ipse
2629 5653 2791 5725 judex
2834 5667 2946 5706 ero.
2980 5650 3089 5705 Hoc
3125 5664 3251 5704 vero
3281 5648 3449 5716 dit-it,
3493 5664 3607 5705 rem

2004 5854 2009 5860 ί
2089 5842 2160 5901 (a)
2195 5848 2305 5897 quae
2331 5834 2519 5884 uncinis
2544 5828 2854 5891 clauduntur,
2873 5828 3048 5877 absunt
3066 5839 3093 5876 a
3116 5823 3421 5890 quibusdam.
