4112 6472
481 420 588 476 555

484 507 628 592 illius
655 527 876 586 arbitrio
902 522 1236 595 permittens,
1266 527 1324 573 ut
1348 517 1451 571 hoc
1474 515 1676 569 honore
1698 511 1870 578 ipsum
1891 506 2076 560 allice~

489 639 604 689 rct;
635 626 756 694 quia
787 621 833 674 si
867 621 970 672 hoc
1015 616 1370 683 imperasset,
1413 605 1568 660 valde
1597 600 1879 672 impudens
1907 597 2078 651 visum

489 690 707 782 fuisset,
749 729 872 770 eum
921 710 1008 780 qui
1048 706 1207 762 isthic
1249 702 1527 757 convictus
1577 713 1681 752 non
1727 695 1948 760 luisset,
1990 690 2082 745 illo

487 809 774 863 abducere.

564 895 720 951 Pauli
763 890 999 960 loquendi
1039 886 1250 958 ﬁducia.
1275 880 1567 938 —Paulus
1606 893 1736 932 vero
1775 890 1882 930 non
1925 871 2081 936 dixit,

492 991 630 1046 Nolo
655 1005 673 1038 :
695 1002 762 1040 ne
788 982 1241 1038 vehementiorem
1270 975 1516 1030 redderet
1539 971 1805 1040 judicent;
1835 966 1928 1022 sed
1962 981 2082 1020 rur-

493 1097 614 1136 sum
661 1077 829 1131 libere
858 1074 1094 1141 loquitur
1122 1069 1206 1122 his
1230 1066 1441 1122 verbis:
1465 1064 1595 1118 Ante
1618 1057 1843 1116 tribunal
1869 1056 2086 1113 (ἔωσαν-ξε

496 1183 572 1226 sto
597 1187 614 1224 :
636 1169 704 1222 ibi
727 1184 805 1220 me
824 1173 1018 1236 oportet
1027 1159 1274 1232 judicari.
1301 1157 1486 1226 Magna
1511 1151 1760 1224 loquendi
1786 1149 1996 1204 ﬁducia.
2020 1146 2089 1200 Et

492 1263 614 1317 vide
631 1255 900 1326 quomodo
922 1255 1041 1308 illos
1063 1249 1346 1306 ratiocinio
1366 1246 1510 1317 capit
1531 1263 1545 1299 :
1564 1243 1715 1316 quasi
1740 1242 1988 1296 nimirum
2011 1239 2090 1292 sic

492 1368 590 1423 pro
611 1348 922 1405 defensione
949 1361 1045 1399 sua
1071 1346 1338 1412 loquatur.
1363 1339 1444 1393 Me
1475 1339 1548 1393 illi
1580 1335 1749 1391 semel
1779 1333 2084 1403 ejecerunt,

495 1453 550 1498 et
581 1441 708 1494 hinc
735 1454 820 1493 me
850 1434 1212 1491 damnandum
1243 1441 1462 1502 putant,
1507 1428 1649 1498 quod
1689 1424 1974 1482 ostendant
2003 1436 2090 1477 me

498 1535 551 1589 in
595 1531 865 1588 Caesarem
898 1541 1187 1599 peccasse:
1213 1523 1352 1593 apud
1385 1523 1534 1576 illum
1569 1523 1780 1591 ipsum,
1810 1519 1897 1587 qui
1929 1517 2088 1570 l-.esus

499 1635 616 1689 cst,
654 1622 883 1694 judicari
910 1620 1053 1674 volo.
1086 1618 1181 1672 His
1206 1616 1365 1671 dictis
1392 1614 1664 1682 subjuugit
1688 1629 1700 1664 :
1723 1609 1923 1665 Judteis
1962 1609 2091 1662 nihil

499 1715 651 1773 nocui
671 1756 686 1781 ,
718 1723 773 1766 ut
801 1713 955 1766 etiam
983 1721 1038 1764 tu
1065 1710 1246 1763 melius
1276 1707 1423 1760 nosti.
1460 1703 1772 1772 Perstringit
1806 1701 1952 1754 illum
1979 1699 2089 1769 jam

505 1805 657 1878 quasi
700 1802 897 1858 .ludmis
941 1801 1347 1870 gratiﬁcantem.
1402 1792 1604 1848 Deinde
1649 1803 1928 1862 postquam
1974 1805 2094 1860 per-

503 1897 837 1961 strinxerat,
869 1907 1055 1947 rursus
1084 1889 1247 1944 solvit
1276 1902 1580 1944 sermonem
1604 1927 1620 1951 ,
1652 1884 1889 1938 addens:
1911 1882 2096 1952 Itaque

498 1991 543 2043 si
576 1989 780 2057 quidem
819 1986 1004 2056 injuste
1044 1983 1155 2054 egi,
1198 1979 1278 2035 vel
1317 1980 1528 2050 dignum
1553 1977 1750 2048 aliquid
1779 1987 1940 2030 morte
1962 1976 2090 2048 feci,

501 2096 602 2133 non
629 2093 806 2132 recuso
833 2075 983 2129 mori.
1011 2073 1207 2130 Contra
1237 2086 1325 2126 me
1357 2069 1676 2125 sententiam
1712 2068 1827 2123 fero
1847 2111 1861 2133 ,
1904 2069 2093 2138 inquit.

500 2171 616 2225 lloc
645 2185 754 2224 non
791 2175 874 2224 est
897 2181 1020 2222 sese
1045 2163 1340 2220 occidentis
1359 2204 1376 2227 ,
1404 2161 1499 2217 sed
1529 2161 1685 2216 valde
1708 2160 1866 2215 dictis
1894 2165 2004 2214 suis
2037 2162 2096 2214 ﬁ-

501 2259 677 2314 dentis
696 2276 708 2311 :
726 2272 846 2311 nam
867 2271 987 2311 cum
1008 2252 1257 2324 loquendi
1282 2251 1473 2306 ﬁducia
1496 2250 1655 2316 adsit,
1671 2257 1882 2319 oportet
1895 2250 2099 2319 justitia

505 2350 571 2405 ad
599 2346 1004 2403 confutandum.
1039 2345 1102 2400 .Si
1141 2354 1308 2398 autem
1349 2342 1478 2396 nihil
1503 2353 1574 2396 est
1598 2358 1769 2396 eorum
1787 2384 1803 2409 ,
1831 2341 1895 2395 de
1921 2341 2100 2410 quibus

503 2441 583 2496 illi
609 2447 885 2506 accusant,
923 2451 1068 2490 nemo
1107 2443 1264 2506 potest
1302 2451 1381 2486 me
1426 2433 1639 2487 donare.
1680 2432 1906 2487 Etiamsi
1934 2431 2099 2494 velit,

505 2533 713 2602 inquit,
748 2546 853 2584 nou
887 2527 1100 2598 poterit.
1132 2525 1249 2580 Non
1277 2523 1446 2589 dixit,
1492 2522 1606 2578 Non
1636 2522 1831 2594 dignus
1860 2538 1977 2577 sum
2009 2524 2098 2593 qui

505 2622 728 2686 moriar,
757 2635 950 2690 neque,
981 2618 1080 2684 Qui
1106 2616 1388 2682 absolvar;
1418 2616 1536 2680 sed,
1565 2615 1790 2670 Paratus
1817 2631 1934 2669 sutn
1960 2613 2102 2685 judi-

505 2715 615 2770 cari
657 2713 796 2783 apud
824 2711 1093 2767 Caesarem
1120 2727 1134 2765 :
1160 2709 1316 2764 simul
1352 2708 1548 2763 somnii
1578 2722 1813 2773 memor,
1850 2707 2104 2762 ﬁdentius

505 2813 780 2876 provocat.
814 2803 998 2872 Neque
1038 2801 1206 2862 dixit,
1240 2799 1355 2868 Tu,
1387 2798 1514 2864 sed,
1551 2798 1756 2864 Nemo;
1785 2811 1838 2854 et
1865 2798 2100 2865 addidit,

509 2896 764 2954 Cresarem
783 2893 1008 2966 appello,
1033 2908 1102 2948 ne
1124 2892 1197 2947 illi
1216 2891 1599 2946 contumeliam
1623 2890 1820 2945 inferre
1839 2890 2099 2946 videatur.

511 2989 654 3044 Tunc
705 2987 888 3041 Festus
932 2986 1168 3055 loquutus
1212 3001 1327 3038 cum
1378 2984 1594 3036 concilio
1642 2982 1772 3037 dixit
1806 2997 1826 3036 :
1852 2981 2105 3036 Ctesarent

512 3080 827 3152 appellasti;
853 3077 922 3131 ad
948 3075 1199 3130 Caesarem
1222 3075 1338 3129 ibis.
1372 3073 1616 3128 Vidistin‘
1644 3073 1913 3142 quomodo
1938 3073 2105 3144 grati-

514 3169 738 3225 licetur?
775 3167 956 3223 Gratia
987 3166 1129 3221 enim
1173 3173 1323 3228 erat,
1365 3165 1594 3235 colloqui
1634 3180 1754 3218 cum
1787 3165 2109 3220 accusatori-

514 3263 614 3316 bus
633 3302 649 3327 ,
682 3258 824 3330 quod
851 3267 934 3313 est
961 3259 1197 3324 corrupti
1225 3255 1390 3309 animi
1410 3297 1424 3320 ,
1453 3265 1508 3309 et
1547 3254 1790 3310 ordinem
1825 3255 2104 3312 turbantis.

523 3353 656 3408 Vide
685 3352 876 3405 iterum
908 3348 1050 3402 illius
1081 3356 1422 3417 prorogatum
1465 3345 1759 3416 judicium,
1799 3357 1854 3402 et
1891 3347 2110 3402 insidias

518 3440 915 3516 praedicationis
949 3440 1288 3494 occasionem
1331 3435 1518 3492 factas.
1561 3436 1687 3493 H1130
1723 3437 1866 3492 enim
1895 3437 2112 3508 dispen-

517 3543 726 3597 sautur,
757 3541 812 3586 ut
843 3531 996 3586 facile
1022 3539 1075 3584 et
1105 3545 1226 3583 cum
1250 3529 1493 3584 custodia
1521 3528 1916 3602 Jerosolymam
1942 3529 2108 3584 addu-

518 3640 692 3688 catur,
737 3623 951 3679 uemiue
997 3621 1450 3674 insidiantezuou
1492 3620 1630 3674 idem
1672 3631 1788 3676 erat
1822 3621 1946 3676 illuc
1983 3623 2111 3676 sim-

519 3718 726 3787 pliciter
749 3713 1057 3778 adveutare,
1081 3722 1273 3766 etcum
1301 3710 1390 3764 tali
1411 3726 1569 3765 causa
1593 3712 1796 3766 venire.
1817 3711 1930 3766 lloc
1950 3712 2109 3767 etiam

521 3807 570 3859 id
601 3805 779 3860 ellccit
799 3845 812 3868 ,
843 3813 900 3857 ut
928 3802 1096 3856 Juda‘i
1130 3801 1252 3854 illue
1282 3801 1652 3855 convenirent.
1689 3801 1887 3856 Deinde
1919 3802 2109 3855 iterum

525 3912 688 3950 mora:
715 3903 860 3960 sunt,
883 3893 1010 3948 dum
1039 3893 1128 3944 ille
1150 3891 1503 3962 Jerosolymis
1533 3902 1774 3946 versatur
1797 3889 1810 3946 Ξ
1835 3903 1897 3947 ut
1913 3893 2110 3960 discas,

521 3988 684 4040 etiam
702 3999 822 4038 eum
843 3993 1051 4051 tempus
1069 3991 1230 4045 esset,
1253 3982 1472 4038 insidias
1496 3983 1782 4051 prmvalerc
1804 4000 1908 4037 non
1933 4001 2111 4053 posse,

526 4079 637 4132 Deo
666 4092 772 4129 non
798 4072 1146 4128 concedente.
1172 4073 1400 4143 Agrippa
1423 4081 1592 4126 autem
1621 4073 1703 4126 hic
1724 4090 1813 4127 rea:
1839 4085 1884 4127 et
1905 4073 2116 4129 Bernicc

524 4167 888 4222 descenderunt
923 4164 1228 4219 Ctesaream.
1274 4163 1371 4218 llic
1397 4165 1631 4235 Agrippa
1652 4205 1667 4228 ,
1700 4167 1787 4234 qui
1819 4167 1978 4220 etiam
2014 4167 2114 4220 lle-

521 4261 706 4326 rodes,
761 4259 898 4313 alius
944 4266 1026 4311 est
1081 4264 1202 4324 post
1252 4271 1374 4310 eum
1427 4257 1516 4326 qui
1569 4255 1828 4312 Iacobum
1881 4257 2114 4322 occidit,

520 4362 582 4407 ut
629 4351 700 4405 sit
751 4361 992 4418 quartus.
1052 4347 1187 4403 Vide
1243 4347 1488 4403 inimicos
1526 4348 1613 4404 vel
1653 4348 1846 4404 invitos
1903 4351 2120 4419 conspi-

525 4459 668 4497 rare.
725 4440 797 4496 Ut
837 4456 964 4494 vero
1008 4453 1197 4509 magna
1241 4437 1542 4492 auditorum
1589 4438 1884 4509 frequentia
1929 4453 2072 4497 esset
2103 4483 2116 4506 ,

527 4536 581 4586 in
624 4531 951 4588 desiderium
1000 4529 1185 4584 incidit
1225 4529 1457 4599 Agrippa
1497 4529 1668 4600 ipsum
1708 4531 1995 4587 audiendi:
2024 4551 2120 4596 nec

526 4637 819 4694 utcumque
848 4623 1067 4688 audivit,
1099 4621 1193 4678 sed
1234 4637 1355 4676 cum
1385 4632 1666 4693 apparatu.
1693 4623 1760 4678 Et
1788 4625 1911 4680 vide
1935 4625 2124 4680 deleu-

527 4720 759 4782 sionem,
789 4732 944 4784 quam
979 4731 1180 4786 praeses
1205 4716 1409 4785 profert
1432 4735 1445 4769 :
1468 4714 1596 4770 Cum
1618 4727 1785 4770 autem
1815 4718 1922 4789 ipse
1945 4719 2124 4788 appel-

529 4811 680 4867 lasset
713 4810 781 4861 ad
806 4810 1105 4879 Augustum,
1126 4809 1358 4880 judicavi
1378 4809 1572 4862 mittere
1594 4809 1738 4862 illum
1762 4825 1782 4863 :
1798 4812 1861 4863 de
1887 4828 1984 4878 quo
2004 4813 2126 4880 quid

529 4916 725 4959 certum
752 4905 968 4956 scribam
998 4904 1224 4968 domino,
1257 4918 1356 4955 non
1383 4900 1562 4954 habeo.
1587 4899 1678 4956 Sic
1702 4903 1887 4956 scribit
1914 4902 2123 4967 Festus,

532 5003 588 5046 et
611 4991 903 5045 traducitur
918 4991 1137 5045 .Iudaica
1151 4991 1441 5047 crudelitas
1462 5008 1476 5042 :
1495 5007 1615 5046 cum
1638 4991 1780 5046 enim
1803 4991 1903 5047 hoc
1928 5010 2124 5062 praeses

531 5087 697 5150 dicat,
730 5093 1034 5152 suspectum
1064 5099 1168 5137 non
1202 5091 1303 5137 est.
1337 5082 1466 5138 Ideo
1497 5091 1676 5138 autem
1701 5083 1846 5149 dicit,
1883 5094 1940 5139 ut
1966 5086 2034 5139 ab
2061 5101 2127 5140 co

538 5179 654 5240 ipso
675 5175 1002 5229 damnentur
1026 5173 1194 5228 Juda-i
1222 5195 1234 5228 :
1263 5182 1542 5245 postquam
1574 5185 1750 5228 autem
1779 5191 1964 5229 omnes
1993 5191 2126 5230 con—

539 5267 864 5320 demnarunt
879 5268 1042 5334 ipsos.
1060 5276 1183 5318 tunc
1202 5266 1454 5319 ultionem
1472 5265 1707 5320 immittit
1721 5265 1879 5320 Deus.
1893 5267 2127 5321 Observa

542 5345 721 5411 autem
747 5373 760 5408 :
785 5355 1054 5410 damnavit
1087 5355 1272 5426 Lysias
1297 5397 1311 5418 ,
1345 5355 1618 5409 damnavit
1645 5356 1793 5411 Felix
1813 5397 1829 5420 ,
1858 5357 2129 5412 damnavit

545 5446 738 5502 Festus
761 5457 815 5501 et
843 5449 874 5500 ii
896 5449 982 5516 qui
1009 5448 1442 5516 gratiﬁcabautnr
1463 5449 1560 5510 cis,
1587 5447 1854 5502 damnavit
1876 5452 2125 5520 Agrippa.

547 5539 685 5605 Quid
727 5539 901 5591 ultra?
943 5541 1344 5592 ltauiuaveruut
1389 5554 1484 5592 eos
1531 5540 1626 5609 ipsi
1669 5540 1944 5596 Pharisa-i.
1978 5543 2128 5610 Quod

542 5629 634 5683 ille
663 5629 1024 5693 damnaverit,
1059 5629 1178 5680 audi
1211 5629 1382 5698 ipsum
1423 5630 1685 5686 dicentem
1713 5649 1726 5684 :
1753 5631 1971 5686 Nullam
2012 5651 2133 5687 can-

551 5731 661 5775 sam
686 5718 992 5786 tto-ferabant,
1018 5735 1081 5772 ea:
1105 5721 1282 5786 quibus
1305 5738 1394 5790 rgo
1419 5723 1734 5794 suspicabar.
1759 5724 1918 5780 Certe
1940 5729 2135 5782 attule-

554 5815 702 5867 runt,
722 5806 815 5860 sed
837 5822 947 5867 non
965 5810 1320 5865 conviceruut
1344 5830 1355 5865 :
1378 5813 1582 5869 insidia:
1607 5832 1834 5887 namque
1857 5825 1908 5871 et
1931 5798 2135 5874 licitius

1211 403 1268 460 S.
1307 399 1586 460 JOANNIS
1622 389 2099 454 CHRYSOSTOMI
2139 390 2454 449 ARCIIIEP.
2484 390 3018 447 CONSTANTINOP.

3672 387 3785 443 356

2189 505 2325 558 hanc
2360 505 2722 574 suspicionem
2765 503 3066 572 pariebant,
3110 499 3384 570 inquisitio
3423 514 3602 553 autem
3647 501 3784 550 uilul

2190 597 2316 649 tale.
2351 591 2417 648 Et
2447 595 2510 648 tle
2535 596 2754 665 quodam
2777 594 2926 656 Jesu,
2961 592 3152 660 inquit,
3187 592 3445 659 defuncto.
3475 590 3602 643 .lure
3631 590 3788 649 dicit,

2189 686 2268 741 De
2297 687 2551 756 quodam,
2593 697 2777 756 utpote
2807 685 2896 755 qui
2930 685 3296 753 magistratum
3329 692 3568 749 gcrctet,
3609 696 3793 750 neque

2191 778 2308 832 lucc
2336 788 2570 836 curaret.
2603 779 2804 833 Eadem
2833 778 3088 846 de.causa
3119 775 3286 828 dicit:
3320 774 3577 827 Iliesitaus
3602 791 3694 844 ego
3724 775 3796 828 de

2191 871 2483 943 hujusmodi
2511 873 2805 940 quwstione.
2832 870 3049 924 Etenim
3083 869 3266 922 talium
3300 885 3479 922 rerum
3513 869 3790 936 inquisitio

2191 964 2311 1018 talis
2332 964 2528 1034 judieis
2555 979 2710 1019 aures
2740 979 2866 1017 vere
2894 959 3325 1016 transcendi-bat.
3360 960 3427 1014 Et
3457 961 3500 1014 si
3535 961 3752 1015 lia-sitas
3772 1002 3787 1026 ,

2191 1073 2288 1111 cur
2315 1056 2708 1128 Jerosolymam
2742 1055 2943 1111 trahis?
2975 1055 3100 1108 ideo
3141 1052 3336 1107 Paulus
3379 1051 3497 1119 ejus
3529 1052 3789 1118 judicium

2192 1150 2520 1215 detrectans,
2550 1149 2925 1218 Cmsaremquc
2946 1147 3239 1216 appellans.
3268 1145 3433 1200 dicit:
3460 1146 3540 1199 Ad
3567 1148 3792 1201 tribunal

2195 1241 2410 1295 Casaris
2447 1250 2545 1305 sla,
2588 1241 2672 1295 ubi
2709 1256 2788 1293 me
2824 1249 3015 1308 oportet
3045 1239 3272 1309 judicari
3292 1253 3312 1302 ;
3341 1238 3538 1292 ctenim
3579 1239 3644 1293 de
3687 1240 3792 1294 hoc

2192 1334 2539 1388 accusabant.
2573 1333 2740 1388 Audis
2769 1333 3228 1402 appellationem?
3255 1331 3410 1386 audis
3441 1332 3660 1387 insidias
3689 1333 3787 1387 Ju-

2193 1423 2464 1478 dazorum?
2491 1423 2644 1479 audis
2669 1423 3025 1479 seditionem?

2265 1513 2317 1568 4.
2355 1513 2479 1567 llzrc
2515 1514 2694 1568 omnia
2733 1515 3018 1585 Agrippam
3058 1514 3126 1568 ad
3166 1513 3417 1569 audiendi
3457 1513 3792 1572 desiderium

2193 1607 2550 1662 concitarunt.
2592 1607 2660 1661 Et
2699 1605 2792 1660 dat
2840 1606 3029 1661 Festus
3076 1607 3339 1676 gratiam,
3389 1616 3445 1662 et
3496 1607 3554 1661 ﬁt
3603 1619 3790 1678 postea

2198 1699 2390 1752 Paulus
2413 1699 2628 1755 clarior.
2659 1699 2838 1765 Talia,
2887 1709 2944 1753 ut
2985 1700 3128 1765 dixi,
3173 1700 3380 1755 iusidi:e
3409 1701 3790 1758 conciliarunt.

2197 1790 2251 1845 Si
2286 1793 2400 1846 haec
2431 1807 2536 1846 non
2566 1791 2826 1858 fuissent,
2860 1793 3038 1848 nullus
3068 1794 3368 1863 principum
3401 1795 3576 1863 ipsum
3605 1796 3797 1850 audire

2196 1882 2445 1952 dignatus
2475 1892 2653 1948 esset,
2685 1884 2861 1939 nullus
2885 1899 3007 1938 cum
3047 1893 3194 1938 tanto
3223 1885 3458 1940 silentio.
3491 1885 3556 1941 Et
3583 1887 3795 1941 videtur

2197 1975 2414 2044 quidem
2444 1975 2532 2029 ille
2553 1975 2750 2032 docere
2776 1987 2830 2030 et
2857 1992 2979 2032 sese
3003 1976 3318 2043 defendere,
3335 1978 3439 2032 sed
3469 1979 3644 2048 potius
3668 1995 3796 2035 cum

2197 2069 2459 2140 dignitate
2499 2085 2686 2140 magna
2717 2072 3088 2126 coneiouatur.
3128 2069 3207 2126 Ne
3232 2086 3364 2142 ergo
3390 2080 3642 2142 putemus
3674 2089 3793 2128 rem

2199 2178 2416 2233 gravem
2445 2163 2666 2217 insidias
2691 2179 2834 2219 esse.

2273 2251 2439 2308 Nemo
2469 2253 2672 2307 laeditur
2708 2254 2806 2307 nisi
2842 2271 2874 2307 η
2912 2255 3094 2322 seipse.
3125 2251 3380 2322 Ropinam
3411 2255 3797 2310 insectatur.—

2202 2343 2360 2398 Modo
2401 2344 2555 2399 nobis
2583 2345 2715 2414 ipsis
2746 2341 2850 2398 n'ou
2893 2347 3205 2400 insidiemur
3227 2385 3244 2410 ,
3287 2361 3446 2402 nemo
3477 2347 3630 2402 nobis
3660 2348 3796 2402 insi-

2202 2437 2335 2492 diari
2355 2438 2580 2506 poterit;
2602 2437 2710 2490 imo
2726 2437 3046 2490 insidiantur
3061 2436 3299 2506 quidem,
3317 2437 3409 2492 sed
3428 2437 3560 2492 nihil
3577 2450 3794 2504 uocem,

2203 2527 2297 2582 sed
2331 2528 2565 2582 maxime
2611 2537 2854 2596 prosunt.
2900 2527 3082 2597 itaque
3110 2542 3277 2597 penes
3303 2542 3403 2583 nos
3430 2538 3544 2593 est,
3575 2537 3625 2584 et
3654 2529 3799 2584 malo

2205 2619 2343 2672 afﬁii
2384 2627 2439 2673 et
2477 2633 2584 2672 non
2615 2617 2775 2672 allici.
2808 2619 2945 2673 Ecce
2976 2617 3235 2674 testiﬁcor
3259 2627 3315 2672 et
3341 2635 3533 2689 magna
3557 2621 3799 2689 tubaque

2205 2713 2435 2769 clariore
2473 2728 2604 2767 voce
2619 2713 2760 2776 dic'o,
2784 2721 2839 2766 et
2857 2712 2901 2767 si
2928 2712 3109 2766 liceret
3147 2711 3200 2766 in
3221 2712 3389 2766 altum
3413 2712 3589 2766 locum
3612 2727 3798 2766 ascen-

2206 2801 2358 2868 dere,
2378 2819 2482 2858 nou
2506 2818 2810 2858 recusarem
2837 2820 2850 2856 :
2874 2801 3238 2856 Christianum
3253 2817 3359 2857 non
3380 2818 3538 2872 posse
3557 2819 3588 2858 ι
3606 2803 3799 2872 quovis

2209 2894 2426 2950 homine
2441 2896 2492 2948 in
2519 2906 2653 2949 terra
2675 2893 2949 2949 habitante
2975 2892 3116 2950 laedi.
3137 2893 3199 2947 Et
3222 2893 3348 2963 quid
3375 2894 3518 2960 dico,
3541 2893 3758 2949 homine
3775 2895 3802 2948 i

2207 2986 2284 3042 Ne
2317 2987 2432 3056 ipse
2458 2986 2673 3056 quidem
2705 2987 2939 3050 diemon,
2985 2986 3065 3038 vel
3113 2995 3373 3055 tyrannus
3396 3026 3410 3049 .
3443 2987 3526 3040 vel
3555 2985 3801 3041 diabolus

2209 3089 2408 3148 potest,
2436 3079 2539 3132 nisi
2571 3094 2630 3132 se
2658 3078 2770 3147 ipse
2813 3076 2988 3130 hedat.
3021 3076 3079 3132 Si
3109 3092 3238 3146 ergo
3264 3078 3388 3147 quis
3416 3078 3568 3132 nobis
3599 3078 3800 3132 malum

2212 3170 2410 3226 inferre
2434 3169 2598 3233 velit,
2628 3168 2894 3222 incassum
2929 3167 3173 3223 tentabit.
3205 3169 3354 3221 Sicut
3380 3169 3524 3222 enim
3551 3168 3800 3236 angelum

2213 3261 2390 3316 nullus
2419 3261 2471 3314 iu
2501 3271 2638 3315 terra
2669 3260 2829 3312 homo
2857 3259 3017 3313 laedat
3039 3300 3055 3324 ,
3087 3259 3163 3313 sic
3189 3273 3286 3312 nec
3317 3259 3477 3313 homo
3505 3259 3794 3314 hominem.

2214 3354 2322 3410 Sed
2365 3369 2536 3423 neque
2577 3353 2692 3422 ipse
2730 3352 2892 3406 alium
2927 3351 3116 3404 latdere
3147 3349 3370 3417 poterit,
3414 3349 3589 3405 donec
3627 3350 3800 3404 bonus

2212 3447 2339 3502 erit.
2369 3444 2506 3511 Quid
2536 3459 2664 3512 ergo
2685 3443 2810 3496 huic
2837 3459 2933 3511 par
2959 3457 3078 3496 esse
3099 3441 3284 3510 possit,
3308 3455 3465 3508 quem
3495 3440 3675 3494 nullus
3703 3441 3802 3494 la:-

2213 3538 2366 3604 dere,
2398 3537 2486 3606 qui
2515 3535 2716 3590 nullum
2745 3533 2940 3587 laudere
2968 3531 3178 3587 valeat?
3207 3546 3326 3585 nam
3360 3533 3464 3586 hoc
3492 3548 3598 3586 nou
3629 3532 3807 3587 minus

2216 3629 2310 3684 illo
2337 3637 2441 3690 est,
2471 3626 2612 3696 quod
2649 3625 2850 3679 nullum
2878 3623 3075 3677 la-dere
3107 3623 3253 3677 velit.
3281 3621 3421 3691 Ergo
3451 3622 3670 3693 angelus
3689 3622 3809 3692 qui-

2214 3721 2338 3774 dam
2368 3728 2450 3772 est
2477 3727 2531 3771 ct
2561 3717 2671 3771 Deo
2710 3716 2920 3769 similis.
2956 3714 3102 3768 Talis
3129 3714 3269 3767 enim
3303 3723 3355 3768 et
3386 3713 3529 3769 Deus
3554 3723 3668 3776 est;
3711 3714 3807 3768 sed

2218 3811 2304 3865 ille
2337 3819 2524 3864 natura
2550 3848 2566 3872 ,
2611 3807 2700 3862 hic
2742 3807 3034 3876 preposito.
3077 3804 3258 3875 Neque
3288 3820 3419 3875 ergo
3449 3803 3597 3870 lazdi,
3635 3819 3809 3874 neque

2217 3900 2412 3956 laedere
2442 3906 2634 3970 potest.
2665 3896 2795 3951 illud
2824 3912 2972 3961 vero,
2999 3911 3102 3951 i:o.i
3135 3904 3330 3963 potest,
3365 3910 3432 3950 ne
3459 3904 3611 3964 putes
3638 3895 3808 3951 imbe-

2218 3990 2455 4046 cillitatis
2484 4004 2606 4043 esse
2637 3987 2988 4058 (contrarimn
3021 3987 3162 4040 enim
3193 3984 3530 4040 imbecillitas
3553 3987 3688 4056 est);
3716 3986 3808 4040 sed

2221 4096 2328 4136 non
2347 4095 2466 4134 esse
2485 4094 2734 4146 capacem
2753 4076 2893 4132 dim.
2913 4076 3002 4130 llla
3025 4077 3218 4145 quippe
3242 4084 3425 4128 natura
3443 4090 3544 4132 nec
3555 4076 3809 4130 damnum

2221 4174 2417 4242 accipit
2441 4213 2455 4235 ,
2498 4187 2596 4226 nec
2636 4170 2794 4225 infert
2829 4187 2842 4222 :
2877 4185 2999 4223 nam
3042 4168 3143 4222 hoc
3181 4167 3324 4221 aliud
3356 4168 3606 4222 damnum
3643 4175 3810 4224 esset.

2223 4264 2436 4318 Etenim
2460 4278 2564 4316 non
2586 4262 2694 4316 alio
2716 4274 2816 4314 nos
2845 4260 2991 4329 ipsos
3018 4258 3178 4314 modo
3207 4258 3470 4324 laedimus,
3493 4273 3653 4328 quam
3679 4258 3814 4312 alios

2225 4355 2494 4417 ltedeudo,
2523 4363 2580 4408 et
2607 4353 2836 4407 maxima
2869 4361 3088 4421 peccata
3123 4360 3304 4405 nostra
3330 4365 3403 4405 ex
3433 4348 3631 4404 damno
3661 4349 3816 4404 nobis

2226 4447 2517 4518 importato
2559 4445 2712 4500 ﬁunt.
2761 4443 2884 4498 Ideo
2921 4458 3049 4512 ergo
3079 4441 3417 4495 Chris'iauus
3445 4439 3563 4496 laedi
3597 4439 3813 4509 nequit,

2226 4537 2366 4606 quod
2394 4537 2591 4592 luzderc
2616 4551 2720 4590 non
2752 4535 2936 4604 possit.
2966 4532 3247 4601 Quomodo
3271 4532 3409 4588 alios
3438 4531 3693 4586 laedentes
3721 4545 3820 4585 nos

2227 4633 2372 4701 ipsos
2401 4629 2682 4688 Iud-imus.
2715 4642 2925 4698 age,res
2950 4627 3186 4696 singulas
3216 4625 3589 4694 pervadentes,
3618 4624 3817 4678 dictum

2229 4719 2807 4791 exploremus.'Laulat
2837 4719 2976 4786 quis,
3009 4717 3332 4772 contumelia
3361 4715 3579 4781 alliciat,
3610 4717 3782 4784 rapiat
3811 4736 3822 4771 :

2228 4828 2388 4884 quem
2431 4811 2596 4865 Itesit?
2639 4823 2818 4862 nonne
2857 4809 3006 4878 pritts
3043 4806 3487 4875 setpsum?Nulli
3527 4815 3677 4861 certe
3719 4823 3824 4859 non

2232 4905 2574 4960 manifestum
2601 4912 2703 4958 est.
2737 4903 2888 4957 Lauso
2914 4902 3066 4956 enim
3091 4900 3142 4954 in
3175 4901 3415 4970 pecuniis
3435 4899 3690 4954 damnum
3722 4911 3823 4961 est,

2233 4997 2357 5050 huic
2386 4995 2436 5049 in
2465 4996 2638 5049 anima
2665 5011 2679 5049 ι
2705 5009 2825 5048 nam
2851 4993 3010 5063 hujus
3031 4993 3208 5047 anima
3233 4993 3284 5044 in
3309 4992 3600 5062 perniciem
3621 5001 3674 5045 et
3701 5007 3826 5060 sup-

2238 5090 2452 5160 plicium
2481 5089 2660 5144 datur.
2690 5089 2894 5142 Rursus
2922 5086 3157 5142 invideat
3185 5087 3322 5140 alter
3346 5104 3359 5140 :
3382 5101 3541 5157 quem
3576 5087 3621 5140 is
3647 5085 3823 5139 Lesit?

2238 5195 2436 5245 nonne,
2461 5193 2663 5249 (lllil’St),
2690 5178 2964 5247 seipsum?
2984 5177 3130 5232 Talis
3153 5186 3234 5232 est
3262 5177 3404 5232 enim
3435 5177 3707 5244 iniustitiae
3734 5191 3823 5229 ua-

2238 5283 2379 5334 tura,
2429 5287 2548 5342 qua:
2597 5273 2641 5324 si
2683 5272 2992 5341 gignentem
3033 5270 3226 5325 millies
3267 5269 3446 5334 l:rdat,
3487 5269 3648 5326 alium
3697 5283 3824 5322 vero

2222 5367 2466 5435 parum;
2512 5365 2619 5418 imo
2667 5363 2788 5416 huic
2816 5363 2976 5417 etiam
3007 5363 3196 5430 prosit.
3228 5363 3297 5416 At
3324 5361 3452 5416 nihil
3483 5361 3584 5416 ﬁde
3608 5360 3823 5429 dignum

2238 5457 2489 5510 dixerim.
2522 5456 2648 5508 Esto
2674 5454 2833 5521 igitur
2859 5455 2934 5521 (in
2965 5454 3048 5507 his
3071 5454 3213 5508 enim
3242 5453 3472 5508 maxime
3501 5463 3666 5508 totum
3695 5468 3827 5506 eou-

2239 5546 2403 5617 sistit)
2431 5561 2630 5615 pauper
2656 5545 2916 5598 tantillum
2944 5547 3145 5600 habens
3168 5545 3429 5613 pecunize,
3451 5554 3506 5598 rt
3529 5543 3828 5599 necessario

2243 5639 2534 5690 instructus
2571 5637 2723 5698 cibo;
2765 5635 2904 5689 alius
2934 5651 3070 5692 vero
3109 5637 3260 5690 dives
3297 5645 3348 5689 ct
3389 5635 3694 5705 opulentus,
3736 5648 3827 5706 po-

2247 5739 2435 5783 testate
2463 5729 2666 5793 valrus,
2699 5729 2788 5799 qui
2815 5745 2878 5783 ea
2909 5747 3029 5797 qua:
3056 5739 3182 5784 sunt
3207 5730 3456 5799 pauperis
3486 5730 3693 5801 rapiat,
3736 5744 3825 5784 nu-

2248 5827 2372 5876 dam
2404 5821 2546 5875 illuni
2577 5820 2766 5876 reddat
2792 5832 2842 5878 ct
2866 5821 3206 5889 famelicum;
3238 5822 3326 5877 ille
3353 5839 3478 5879 vero
3505 5839 3571 5878 ex
3603 5817 3692 5884 iis,
3712 5831 3830 5887 qua:
