4112 6422
269 430 375 491 38⁸1

269 549 473 619 injuste
511 542 615 613 ipsi
654 542 850 611 rapuit.
892 538 945 592 in
984 536 1191 591 deliciis
1228 535 1409 588 vivat:
1434 531 1523 587 hic
1561 546 1666 585 non
1705 529 1867 584 modo

269 654 565 714 pauperem
595 652 698 690 non
728 633 881 694 laesit,
915 630 1007 685 sed
1036 629 1195 683 ctiam
1227 627 1324 695 ipsi
1353 624 1577 695 profuit;
1608 623 1707 676 sibi
1739 636 1868 674 vero

270 750 379 789 non
422 730 584 787 modo
627 744 733 782 non
780 724 999 795 profuit,
1041 722 1134 776 sed
1176 720 1334 774 etiam
1374 718 1629 773 damnum
1670 714 1863 768 intulit.

269 819 599 893 Quomodo?
643 817 825 874 Primo
855 812 1072 884 quidem
1100 827 1129 865 a
1160 810 1296 865 ntala
1323 808 1649 864 conscientia
1682 805 1869 858 verbe—

270 924 424 969 ratus
445 954 460 978 ,
504 921 560 966 et
588 907 828 980 quotidie
853 904 1146 967 cruciatus,
1178 901 1246 955 ab
1273 900 1524 954 omnibus
1547 898 1865 957 damnatus;

272 1004 578 1072 deindeque
609 1002 662 1055 in
709 1001 887 1053 futuro
913 995 1139 1065 judicio.
1181 992 1284 1049 Sed
1312 991 1452 1061 quod
1485 990 1573 1044 hic
1600 989 1828 1043 laedatur
1849 1030 1866 1054 ,

278 1099 405 1153 hinc
437 1095 609 1163 palam
640 1102 757 1156 est;
797 1088 1068 1160 quomodo
1096 1095 1276 1141 autem
1304 1084 1392 1139 ille
1419 1083 1703 1138 utilitatem
1729 1081 1868 1134 acci-

280 1190 373 1259 pit,
405 1186 578 1241 dicas.
612 1182 746 1248 Quia
778 1180 917 1235 male
942 1178 1165 1233 afficiet
1192 1175 1402 1230 fortiter
1424 1173 1588 1239 ferre,
1616 1186 1867 1241 magnum

279 1281 438 1335 habet
460 1279 671 1333 lucrum
698 1291 711 1327 :
736 1283 815 1327 est
846 1272 988 1325 enim
1015 1277 1357 1339 peccatorum
1387 1265 1607 1332 solutio,
1635 1264 1872 1334 graviter

279 1371 461 1439 afﬂigi,
491 1378 570 1422 est
606 1362 956 1436 philOSOphia!
980 1360 1339 1433 gymnasium,
1367 1357 1576 1412 virtutis
1600 1355 1863 1410 doctrina.

282 1462 570 1517 Videamus
593 1471 724 1528 ergo
750 1465 869 1510 uter
894 1455 946 1508 in
976 1454 1131 1508 malis
1154 1452 1244 1517 sit,
1279 1450 1367 1506 hic
1396 1465 1462 1504 an
1495 1450 1602 1504 ille.
1634 1448 1728 1503 Ille
1752 1447 1869 1516 qui-

282 1554 402 1608 dem
429 1552 474 1605 si
501 1546 853 1620 philosophus
874 1546 965 1609 sit,
996 1544 1204 1599 fortiter
1231 1543 1398 1604 feret;
1428 1541 1513 1595 hic
1543 1557 1667 1595 vero
1693 1540 1870 1610 quoti-

286 1645 373 1699 die
400 1644 455 1697 in
479 1652 710 1697 tremore
734 1647 788 1694 et
816 1636 1118 1706 suspicione
1158 1636 1261 1689 erit
1286 1653 1300 1688 :
1331 1644 1451 1688 uter
1475 1648 1604 1702 ergo
1633 1632 1866 1696 heditur,

291 1734 377 1788 hic
415 1748 483 1787 an
522 1730 645 1785 ille?
684 1728 911 1784 Fabttlas
950 1740 1159 1789 narras,
1209 1725 1418 1793 inquies
1449 1742 1462 1776 :
1496 1722 1711 1792 quando
1749 1722 1869 1792 quis

296 1824 433 1895 quod
461 1823 583 1879 edat
607 1836 714 1877 non
742 1820 920 1884 habet,
948 1827 1001 1873 et
1026 1817 1307 1872 lamentari
1339 1816 1751 1884 mendicareque
1779 1828 1869 1868 co.

293 1918 450 1989 gitur,
493 1930 591 1971 nec
627 1913 839 1983 accipit,
873 1926 1053 1965 nonne
1089 1910 1249 1965 simul
1279 1918 1333 1964 et
1360 1924 1589 1979 corpore
1614 1917 1669 1963 et
1693 1908 1868 1962 anima

290 2009 467 2081 perit?
512 2008 625 2061 ltno
672 2006 877 2059 fabulas
918 2014 973 2057 tu
1016 2018 1232 2066 narras;
1275 2017 1376 2071 ego
1416 2015 1505 2055 res
1544 2001 1687 2070 ipsas
1724 2015 1873 2053 com-

292 2109 547 2158 monstro.
584 2099 677 2151 Dic
708 2098 849 2152 enim
881 2097 1009 2150 mihi
1037 2137 1050 2159 ,
1086 2096 1338 2149 nullusne
1368 2094 1589 2148 divitum
1622 2094 1724 2148 fert
1750 2109 1874 2147 cru-

290 2192 520 2249 ciatum?
545 2188 683 2257 Quid
718 2188 915 2256 igitur?
944 2203 1012 2242 an
1057 2187 1107 2240 id
1153 2203 1216 2240 ex
1252 2195 1566 2255 paupertate
1598 2185 1874 2256 provenit?

292 2286 390 2341 Sed
429 2299 536 2338 non
575 2282 783 2337 esurit?
810 2281 877 2334 Et
914 2279 1039 2347 quid
1080 2279 1181 2333 hoc
1219 2279 1344 2333 est?
1374 2278 1541 2347 Major
1578 2279 1679 2333 erit
1721 2279 1872 2341 ultio,

292 2375 501 2445 quando
529 2390 651 2429 cum
686 2372 891 2426 divitiis
921 2374 1019 2425 hoc
1052 2369 1256 2425 fecerit.
1290 2369 1470 2437 Neque
1500 2370 1642 2424 enim
1674 2368 1875 2422 diviti-.e

294 2467 478 2522 fortem
508 2463 763 2529 reddunt,
788 2477 960 2531 neque
982 2470 1266 2530 paupertas
1289 2461 1646 2523 imbecillum;
1677 2460 1873 2526 alioqui

294 2557 465 2611 nullus
494 2555 874 2625 opulentorum
898 2553 1148 2606 miseram
1171 2560 1353 2621 ageret
1376 2552 1561 2616 vitam,
1590 2550 1876 2619 nullusque

298 2662 582 2718 pauperum
630 2646 733 2699 sibi
789 2644 1157 2699 malediceret.
1211 2642 1364 2709 Quod
1418 2657 1547 2695 vero
1598 2642 1876 2695 sermones

297 2741 455 2796 vestri
488 2755 615 2793 vere
647 2737 821 2791 fabula
850 2737 977 2801 sint,
1013 2735 1137 2789 hinc
1165 2734 1337 2802 palam
1373 2733 1581 2789 faciam.
1615 2733 1879 2788 Paulusne

299 2836 347 2888 in
384 2833 583 2887 divitiis
621 2838 760 2894 erat,
801 2845 869 2883 an
912 2830 962 2882 itt
1005 2826 1364 2897 paupertate?
1405 2826 1543 2880 fame
1582 2825 1878 2893 laborabat,

299 2923 503 2978 annon?
534 2920 711 2991 Ipsum
738 2918 927 2972 audire
954 2918 1079 2971 licet
1109 2916 1379 2972 dicentem
1408 2957 1421 2977 ,
1466 2914 1530 2969 In
1561 2917 1695 2984 fume
1722 2923 1767 2968 et
1797 2916 1882 2968 siti

304 3013 377 3080 (2.
405 3012 521 3065 Cor.
567 3012 652 3067 11.
689 3009 803 3079 27).
833 3007 1116 3077 Propheta:
1162 3006 1506 3061 csuriehant?
1544 3008 1760 3060 annon?
1803 3005 1880 3059 Illi

303 3122 507 3175 qttoque
534 3104 585 3157 in
617 3102 773 3156 malis
798 3111 970 3156 erant.
1005 3100 1208 3153 Rursus
1238 3099 1457 3152 Paulum
1485 3099 1617 3153 mihi
1651 3097 1879 3169 profers,

306 3209 484 3251 rursus
529 3191 840 3265 prophetas,
884 3190 1069 3244 decem
1114 3199 1208 3242 aut
1245 3190 1427 3259 viginti
1470 3189 1734 3244 homines.
1777 3189 1883 3244 Sed

308 3287 442 3342 unde
490 3287 608 3341 vis?
657 3283 740 3340 Ex
788 3283 1150 3349 multitudine,
1198 3283 1426 3353 inquies,
1479 3284 1705 3339 ostende
1754 3283 1886 3338 mihi

310 3378 563 3448 quosdam
590 3378 678 3446 qui
708 3377 917 3430 fortiter
947 3364 1139 3428 ferant.
1186 3372 1289 3429 Sed
1323 3389 1499 3427 rarum
1544 3388 1757 3444 semper
1785 3374 1888 3431 hoc

313 3479 415 3534 est,
459 3470 608 3539 pauci
644 3468 769 3525 boni
812 3476 957 3522 sunt.
1000 3466 1060 3521 Si
1106 3465 1185 3520 vis
1220 3477 1421 3532 autem,
1470 3481 1584 3520 rem
1628 3468 1678 3521 itt
1712 3467 1886 3537 seipsa

315 3562 693 3614 exatninemus.
716 3557 1001 3613 Videamus
1028 3557 1181 3626 cujus
1210 3557 1516 3633 sollicitudo
1538 3558 1711 3627 major
1740 3559 1809 3612 sit
1835 3570 1892 3612 et

316 3650 559 3720 gravior,
591 3648 742 3719 cujus
771 3650 952 3705 levior.
1002 3648 1190 3704 Nonne
1220 3647 1307 3703 hic
1335 3663 1431 3718 pro
1457 3650 1764 3704 necessario
1793 3652 1890 3706 ali-

316 3753 493 3796 mento
520 3740 778 3795 sollicitus
818 3747 934 3802 est,
968 3740 1054 3795 ille
1083 3754 1179 3809 pro
1211 3739 1504 3794 innumeris
1528 3740 1686 3794 rebus
1717 3741 1888 3811 ipsum

314 3833 485 3886 cilmm
529 3832 820 3901 relinquit?
866 3831 980 3884 Non
1028 3829 1222 3885 famem
1274 3832 1424 3884 timet
1454 3830 1623 3895 dives,
1666 3832 1759 3887 sed
1790 3834 1891 3888 alia

314 3922 598 3988 formidat;
640 3937 784 3993 sa‘pe
814 3936 909 3991 pro
936 3921 1107 3976 salute
1138 3925 1306 3977 timet.
1338 3921 1455 3976 Non
1483 3934 1631 3979 vacat
1652 3926 1754 3979 cibi
1783 3928 1892 3981 sol-

316 4014 581 4071 licitttdinc
622 4032 848 4087 pauper,
898 4017 991 4072 sed
1037 4019 1159 4073 aliis
1210 4030 1362 4075 vacat
1409 4020 1894 4087 sollicitudinibus,

316 4110 656 4165 securitatem
690 4110 870 4176 habet,
898 4112 1156 4181 quietem,
1187 4114 1647 4182 tranquillitatem.

382 4203 437 4257 5.
467 4202 719 4273 Alioqutn
752 4218 912 4268 vero,
944 4205 987 4258 si
1017 4204 1213 4272 injuste
1241 4221 1402 4275 agere
1431 4208 1623 4261 malum
1651 4225 1754 4263 non
1781 4218 1861 4264 est
1880 4249 1899 4276 ,

315 4294 407 4349 sed
434 4294 659 4361 bonum,
686 4309 782 4349 cur
807 4295 1226 4351 confundimur?
1252 4314 1347 4352 cur
1376 4299 1780 4357 erubescinu'ts?
1808 4318 1904 4358 cur

320 4387 529 4455 probris
580 4387 754 4441 affecti
804 4387 1162 4457 indignamur,
1213 4404 1355 4460 agre
1397 4391 1654 4447 ferimus?
1699 4393 1755 4448 Si
1798 4410 1903 4449 non

316 4477 512 4534 bonum
551 4486 636 4531 est
667 4478 865 4547 injuste
903 4478 1103 4550 affligi,
1134 4496 1230 4535 cur
1256 4497 1317 4535 ea
1344 4482 1410 4536 de
1444 4498 1501 4537 re
1528 4475 1825 4553 g’audetnns
1852 4496 1906 4539 et

317 4567 645 4637 gloriantur,
678 4577 731 4622 et
761 4584 858 4623 nos
895 4570 1248 4636 justificamus
1274 4587 1335 4625 ea
1366 4572 1432 4627 de
1469 4576 1670 4628 causa?
1700 4574 1792 4630 Vis
1822 4575 1909 4630 di-

319 4674 467 4715 scere
491 4660 768 4730 quomodo
791 4662 892 4715 ltoc
914 4661 1008 4715 illo
1029 4664 1099 4716 sit
1118 4665 1347 4719 melius?
1376 4666 1505 4721 Vide
1526 4667 1735 4733 ambos,
1765 4670 1908 4725 hunc

317 4760 371 4806 et
391 4752 563 4805 illum.
591 4749 697 4805 Cur
728 4750 877 4822 leges
914 4754 1083 4806 sunt?
1105 4770 1200 4808 cur
1228 4756 1554 4812 tribunalia?
1582 4775 1678 4813 cur
1706 4761 1911 4831 suppli-

320 4844 441 4897 cia?
488 4856 671 4897 nonne
713 4851 932 4912 propter
974 4843 1096 4897 illos
1122 4855 1179 4899 ut
1208 4849 1562 4915 :egrotantcs?
1592 4850 1697 4906 Sed
1745 4855 1910 4907 multa

320 4934 571 5003 voluptas
592 4941 695 4999 est,
724 4933 952 5003 inquies.
984 4933 1178 4989 Futura
1204 4948 1605 5006 praetereamus,
1631 4946 1911 5011 pnescntia

321 5024 690 5090 esploremus.
730 5022 867 5088 Quid
909 5025 1156 5079 tniserius
1202 5026 1420 5084 homine
1473 5031 1630 5086 talem
1684 5033 1915 5092 habente

322 5117 730 5185 suSpieionem?
757 5117 883 5185 qttid
911 5118 975 5169 ad
1005 5118 1264 5172 ruemlum
1306 5122 1627 5188 proclivius?
1653 5130 1778 5196 quid
1813 5148 1908 5199 pn-

1272 414 1337 471 lN
1376 413 1555 470 ACTA
1597 404 2116 467 APOSTOLORUM.
2158 406 2385 462 HO.\llL.
2428 407 2513 463 Lit

3450 417 3555 481 553

1972 522 2171 577 tidius?
2196 538 2377 577 annon
2422 539 2637 594 semper
2660 524 2712 579 in
2737 526 3012 598 naufragio
3040 528 3158 582 est?
3186 528 3239 583 Si
3264 529 3389 598 qttid
3414 530 3559 598 jnste

1974 614 2181 681 fecerit,
2213 632 2318 670 non
2344 617 2603 683 creditur,
2634 619 2703 673 ob
2732 619 3013 674 facultates
3040 622 3106 675 ab
3129 623 3379 677 omnibus
3403 627 3557 676 dam-

1972 718 2129 759 natus
2150 724 2164 771 ;
2187 721 2379 762 Omnes
2401 710 2543 762 enim
2565 710 2981 765 eottlulternales
3001 726 3338 768 accusatores
3358 713 3518 769 habet
3539 732 3556 771 :

1974 814 2076 850 non
2095 800 2326 853 amicitia
2346 800 2421 853 uti
2446 809 2655 868 potest;
2682 816 2839 854 nemo
2860 803 3056 871 quippe
3077 801 3232 858 facile
3251 803 3377 858 velit
3399 814 3559 859 tanta:

1971 890 2157 974 gloria:
2188 891 2423 945 hominis
2452 893 2657 947 amicus
2679 908 2819 957 esse,
2864 908 2932 947 ne
2972 894 3089 963 ejus
3116 896 3268 950 malae
3296 897 3365 949 sit
3404 897 3559 951 fama:

1971 996 2214 1037 consors.
2249 982 2398 1037 Illum
2431 994 2488 1037 ut
2518 984 2683 1039 feram
2711 1000 2900 1040 omnes
2936 997 3271 1051 aversantur,
3298 996 3355 1040 ut
3376 989 3561 1055 perni-

1972 1072 2178 1127 ciosum
2200 1115 2214 1137 ,
2244 1075 2516 1131 inimicum
2540 1118 2554 1142 ,
2586 1077 2904 1132 homicidam
2929 1120 2945 1145 ,
2981 1090 3185 1133 naturae
3213 1080 3441 1140 hostem.
3473 1082 3558 1135 in-

1969 1163 2170 1234 justum
2199 1164 2494 1221 hominem.
2525 1168 2579 1222 Si
2602 1168 2667 1222 ad
2701 1169 2930 1223 tribunal
2955 1170 3155 1224 incidat
3183 1172 3226 1224 is
3248 1172 3339 1242 qui
3367 1173 3561 1241 injuria

1975 1256 2154 1312 affecit
2173 1298 2188 1321 ,
2221 1272 2328 1313 non
2357 1275 2492 1329 opus
2518 1261 2622 1314 erit
2650 1272 2982 1327 accusatore,
3016 1262 3153 1317 fama
3180 1262 3353 1333 ipsum
3394 1267 3565 1336 magis

1973 1362 2133 1418 quam
2161 1359 2477 1405 accusatore
2506 1352 2756 1419 quopiam
2785 1354 3200 1409 eondemnantc.
3238 1357 3307 1409 At
3336 1370 3446 1410 non
3491 1357 3562 1410 ita

1973 1454 2034 1493 se
2080 1439 2239 1494 habet
2283 1441 2347 1504 is,
2391 1442 2478 1509 qui
2509 1441 2704 1511 injuste
2731 1434 3017 1513 affligitur;
3057 1446 3151 1499 sed
3191 1462 3380 1502 omnes
3402 1448 3565 1504 habet

1976 1542 2250 1601 patronos,
2278 1534 2648 1601 condolentes,
2678 1552 2890 1589 manum
2922 1539 3291 1607 porrigentes;
3322 1540 3373 1594 in
3403 1556 3561 1596 secu-

1974 1623 2137 1678 ritate
2162 1634 2287 1678 stat.
2318 1626 2370 1679 Si
2420 1626 2615 1679 honmu
2644 1636 2728 1681 est
2757 1639 2810 1682 et
2853 1638 3021 1682 totum
3056 1630 3249 1699 injuste.
3278 1648 3460 1702 agere,
3491 1633 3567 1687 fa-

1978 1721 2152 1769 teatur
2175 1716 2295 1785 quis
2321 1732 2379 1769 se
2410 1717 2668 1786 injoslum
2707 1734 2827 1772 esse
2852 1737 2865 1772 :
2890 1721 2983 1774 sed
3012 1721 3056 1776 si
3090 1737 3197 1775 non
3236 1725 3430 1785 audet,
3472 1740 3569 1781 cur

1974 1821 2109 1876 ergo
2156 1807 2258 1861 hoc
2300 1817 2356 1861 ut
2401 1808 2601 1862 bonum
2649 1810 2997 1880 aggreditur?
3036 1812 3329 1868 Videamus
3375 1832 3565 1884 porro,

1976 1900 2245 1969 quomodo
2273 1902 2433 1955 etiam
2468 1903 2518 1955 in
2548 1903 2700 1956 nobis
2730 1904 2860 1971 ipsis
2886 1905 2929 1958 si
2961 1905 3074 1960 hate
3104 1907 3253 1974 fiant,
3278 1919 3408 1977 quot
3442 1910 3567 1964 inde

1978 1990 2479 2061 mala.Dic,qoat-so,
2504 1995 2547 2047 si
2570 1994 2693 2064 quid
2718 1998 2768 2049 in
2790 1996 2961 2062 nobis,
2991 2009 3241 2067 superato
3266 2001 3424 2054 tnodo
3445 2018 3565 2064 suo,

1978 2084 2206 2138 alterum
2251 2086 2488 2153 invadat,
2524 2091 2566 2140 si
2598 2089 2775 2158 splen,
2806 2091 2992 2144 relicto
3032 2091 3151 2146 loco
3178 2108 3295 2156 suo,
3329 2093 3564 2147 alienum

1978 2176 2109 2230 velit
2136 2192 2255 2230 cum
2284 2192 2380 2231 suo
2405 2181 2668 2249 arripere,
2701 2198 2878 2236 annon
2921 2184 3020 2238 hoc
3046 2185 3264 2238 morbus
3287 2186 3426 2240 erit?
3456 2188 3567 2239 llu-

1980 2267 2182 2322 miduut
2234 2269 2359 2324 item
2404 2271 2544 2342 quod
2592 2272 2644 2326 in
2686 2272 2841 2328 nobis
2888 2284 2969 2327 est
3014 2275 3057 2328 si
3105 2276 3283 2329 omnia
3330 2276 3569 2345 impleat,

1980 2373 2164 2413 nonne
2205 2358 2514 2429 hydropisis
2561 2361 2701 2416 erit?
2751 2363 3016 2418 Praeterea
3065 2365 3185 2419 bil.‘s
3236 2367 3571 2423 latitudinem

1980 2462 2207 2521 qttterat,
2240 2463 2292 2505 et
2341 2453 2536 2523 ubique
2580 2454 2909 2510 diffundatur
2947 2459 3181 2527 Sanguis.
3216 2460 3351 2527 Quid
3391 2472 3570 2516 autem

1982 2544 2036 2597 in
2084 2545 2262 2597 anima
2305 2545 2404 2610 ira,
2452 2548 2884 2616 concupiscentia
2926 2559 2978 2605 et
3031 2552 3235 2621 reliqua
3282 2556 3485 2622 onmia,
3526 2559 3571 2610 si

1986 2636 2447 2705 transgrediuntur
2471 2654 2799 2703 tttensnram,
2836 2658 3013 2697 nonne
3034 2659 3093 2697 se
3120 2644 3275 2698 simul
3306 2646 3573 2714 perdunt?

1986 2729 2059 2783 Ita
2087 2739 2140 2784 et
2165 2731 2317 2784 cibus
2342 2749 2355 2784 :
2379 2731 2422 2784 si
2466 2731 2589 2801 plus
2616 2749 2775 2801 quam
2820 2736 3079 2805 concoqui
3110 2740 3275 2806 possit
3306 2750 3568 2804 smnatur,

1985 2823 2186 2877 morbis
2206 2838 2401 2892 corpus
2429 2824 2663 2879 infestat.
2685 2825 2838 2882 Unde
2864 2844 3094 2898 namque
3120 2830 3405 2901 podagrze?
3434 2836 3573 2887 node

1988 2914 2249 2984 paralysis
2272 2925 2326 2967 et
2348 2916 2568 2983 agitatio
2592 2918 2876 2987 corporis?
2913 2934 3093 2973 annon
3128 2936 3191 2975 ex
3222 2923 3575 2982 immoderato

1986 3006 2147 3059 cibo?
2172 3007 2378 3063 Rursus
2403 3009 2453 3061 in
2479 3024 2707 3079 c0rpore
2734 3012 2775 3063 si
2802 3011 2919 3079 plus
2946 3012 3075 3066 velit
3096 3015 3283 3069 oculus
3306 3016 3571 3085 accipere,

1988 3108 2041 3151 et
2068 3098 2183 3166 plus
2207 3099 2385 3154 videre
2408 3117 2564 3169 quam
2594 3101 2870 3155 definitum
2900 3103 2987 3169 sit,
3020 3104 3109 3158 vel
3139 3106 3181 3159 si
3210 3107 3463 3175 majorem
3490 3124 3578 3161 ac-

1988 3190 2152 3259 cipiat
2174 3191 2347 3244 lucem
2370 3208 2385 3256 ;
2410 3191 2550 3261 quod
2579 3208 2737 3261 supra
2765 3210 3069 3249 mensuram
3098 3205 3178 3252 cst
3207 3200 3373 3268 mag's
3401 3209 3578 3265 uocet,

1990 3294 2148 3349 quam
2176 3283 2363 3349 prosit.
2397 3282 2452 3336 Si
2488 3299 2636 3349 vero,
2669 3299 2790 3339 cum
2821 3285 2908 3338 lux
2957 3286 3094 3339 bona
3124 3287 3215 3354 sit,
3256 3291 3462 3355 oculos,
3490 3291 3581 3358 qui

1992 3372 2114 3443 plus
2151 3390 2309 3444 quam
2349 3391 2448 3445 par
2484 3377 2550 3430 sit
2593 3378 2708 3431 vult
2745 3378 2950 3441 videre,
2994 3380 3128 3449 perit
3160 3397 3173 3433 :
3204 3384 3416 3449 quando
3455 3384 3584 3452 qttid

1992 3467 2325 3536 Splendidius
2356 3469 2610 3537 reSpicit,
2638 3471 2811 3538 cogita
2838 3483 3093 3541 quantum
3124 3473 3192 3525 sit
3222 3474 3440 3527 malum.
3472 3478 3583 3528 Au-

1994 3556 2136 3610 ditus
2176 3558 2220 3611 si
2268 3572 2511 3627 ntagnam
2541 3560 2769 3627 excipiat
2800 3548 3027 3621 vocem,
3051 3576 3203 3615 mens
3230 3565 3540 3630 percellitur
3569 3584 3583 3619 :

1997 3665 2150 3702 mens
2192 3650 2235 3703 si
2264 3663 2325 3702 ea
2353 3664 2474 3719 qore
2501 3665 2559 3703 se
2588 3661 2845 3717 superant
2890 3652 3108 3720 cogitet,
3137 3653 3361 3706 attonita
3401 3665 3503 3714 cst,
3533 3665 3586 3708 ct

1999 3744 2050 3798 id
2077 3744 2215 3811 quod
2252 3742 2463 3795 modum
2494 3754 2781 3812 exsuperat
2814 3746 3005 3813 perdit.
3039 3745 3149 3799 lloc
3178 3756 3262 3801 est
3291 3747 3431 3801 enim
3461 3763 3586 3801 ava-

2000 3840 2118 3893 ritia
2150 3826 2307 3909 quam
2337 3846 2602 3902 πλεονεξίαν
2628 3848 2846 3904 vocant,
2879 3838 2997 3905 plus
3025 3837 3244 3901 trahere,
3274 3854 3431 3908 quam
3460 3854 3588 3894 con-

2000 3930 2239 3983 stitutum
2268 3931 2356 3983 sit.
2383 3929 2470 3983 Sic
2490 3929 2623 3983 etin
2648 3931 2890 3998 pecuniis
2910 3945 3031 3983 cum
3056 3930 3303 3984 volumus
3331 3931 3589 4000 majorem
3626 3989 3635 4007 Ι

2003 4024 2268 4075 sarcinam
2304 4023 2601 4091 imponere,
2648 4022 2770 4075 licet
2797 4039 2900 4076 nott
2930 4024 3224 4076 sentiamus
3248 4064 3265 4088 ,
3295 4039 3506 4092 gravem
3538 4026 3592 4076 in

2004 4116 2160 4171 nobis
2189 4118 2380 4169 alimus
2412 4116 2600 4178 feram,
2635 4115 2800 4167 multa
2831 4114 3113 4178 habentes,
3142 4115 3325 4169 multis
3350 4124 3591 4183 egentes,

2008 4208 2299 4263 innumeris
2320 4221 2419 4259 nos
2437 4207 2580 4260 curis
2603 4207 2964 4275 implicantes,
2984 4207 3178 4261 multas
3198 4205 3412 4259 diabolo
3433 4222 3591 4259 ansas

2010 4300 2334 4370 prmbcn'es.
2369 4299 2494 4353 Ideo
2521 4298 2571 4351 itt
2596 4298 2850 4351 divitibus
2874 4296 3117 4352 diabolus
3146 4312 3249 4351 non
3273 4313 3407 4366 opus
3434 4298 3593 4353 habet

2013 4390 2201 4461 labore
2226 4407 2238 4441 :
2267 4404 2388 4443 nam
2419 4397 2582 4459 captu
2612 4388 2798 4443 faciles
2825 4386 2900 4441 illi
2927 4398 3054 4442 sunt
3083 4403 3112 4442 a
3141 4387 3359 4441 divitiis.
3389 4390 3457 4442 At
3486 4404 3595 4443 non

2010 4485 2088 4539 sic
2118 4485 2169 4537 in
2200 4482 2521 4555 pauperibus
2541 4522 2556 4544 ,
2597 4479 2708 4534 imo
2746 4480 3096 4535 contrarium.
3128 4479 3201 4535 lta
3229 4496 3315 4536 res
3346 4480 3474 4551 ipszc
3503 4496 3599 4551 per

2014 4594 2074 4633 se
2126 4577 2374 4647 perdunt.
2427 4576 2607 4645 Quare
2646 4588 2775 4644 rogo
2813 4575 2879 4628 ab
2920 4572 3108 4627 harum
3163 4574 3596 4642 cencupiscentia

2014 4669 2382 4723 abstineamus
2404 4708 2420 4732 ,
2455 4674 2512 4719 ttt
2544 4664 2810 4734 possimus
2853 4663 3067 4731 maligni
3098 4662 3318 4731 laqueos
3344 4663 3598 4733 effugere,

2017 4773 2069 4817 ct
2096 4760 2434 4832 apprehensa
2467 4759 2666 4811 virtute
2694 4768 2894 4810 a-Ierna
2924 4756 3176 4825 consequi
3224 4755 3358 4809 bona
3387 4798 3399 4820 ,
3431 4756 3602 4825 gratia

2018 4864 2074 4910 et
2120 4853 2449 4923 benignitate
2492 4849 2699 4904 Domini
2751 4848 2917 4901 nostri
2964 4846 3088 4902 .lesu
3121 4847 3355 4911 (Zbristi,
3388 4850 3604 4917 quicum

2018 4946 2163 5004 Patri
2183 4943 2469 5014 etSpiritui
2492 4950 2677 4997 sancto
2696 4940 2889 5011 gloria,
2913 4938 3220 5009 imperium,
3248 4938 3440 5006 honor,
3467 4954 3608 4993 nunc

2021 5052 2075 5097 ct
2103 5055 2338 5109 semper,
2365 5048 2418 5093 et
2445 5038 2495 5091 in
2524 5034 2720 5090 sarcula
2749 5031 3095 5089 sa-culorum.
3125 5032 3319 5087 Amen.

326 5211 3213 5244 M__ﬂ_w______—____

1663 5289 2009 5356 HOMIIJA
2055 5293 2180 5354 ιιι.

326 5421 456 5479 Car.
508 5423 602 5477 25.
662 5438 714 5478 ν.
760 5422 852 5478 23.
930 5422 1140 5478 Postera
1191 5435 1359 5478 autem
1404 5428 1487 5481 die
1530 5446 1641 5482 cum
1707 5434 1923 5487 vertisset

397 5516 632 5585 Agrippa
660 5524 707 5568 et
736 5513 948 5568 Bernice
971 5532 1088 5568 cum
1114 5519 1274 5571 multa
1300 5518 1573 5573 ambitione
1596 5563 1609 5583 ,
1632 5532 1677 5573 et
1717 5523 1924 5577 introis-

398 5617 512 5659 s'nt
562 5606 616 5657 in
663 5605 977 5658 auditorium
1007 5621 1121 5659 cum
1163 5607 1375 5660 tribunis
1404 5611 1597 5662 et‘viria
1624 5613 1926 5681 principati-

403 5696 497 5750 bus
526 5697 742 5750 civitatis
768 5737 782 5757 ,
807 5697 1016 5767 jttbente
1045 5696 1198 5750 Festo
1218 5740 1233 5764 ,
1258 5700 1506 5753 adductus
1528 5712 1598 5755 est
1633 5701 1852 5756 Paulus.

411 5790 435 5846 l
522 5790 655 5843 Vide
679 5789 855 5858 qualis
905 5788 1206 5858 frequentia
1235 5807 1264 5842 a
1302 5792 1466 5845 Paulo
1518 5806 1879 5864 congregetur
1911 5811 1926 5849 :

343 5883 475 5939 Cum
518 5879 641 5935 viris
663 5920 678 5946 ,
736 5879 943 5950 inquit,
975 5878 1341 5952 principalibus
1390 5884 1603 5940 civitatis
1630 5903 1646 5939 :
1679 5889 1928 5944 omnibus

2032 5435 2181 5489 enim
2225 5428 2540 5486 convocatis
2565 5426 2885 5480 satellitibus
2914 5422 3195 5492 prafectus
3225 5428 3277 5474 et
3316 5434 3407 5472 rex
3457 5431 3616 5471 acce-

2036 5524 2190 5578 dunt.
2240 5522 2377 5578 Cum
2404 5521 2535 5590 ipsis
2562 5520 2723 5575 etiam
2756 5517 2955 5572 tribuni
2983 5525 3039 5570 et
3086 5514 3349 5584 primores
3387 5510 3618 5565 civitatis

2037 5612 2325 5666 adfuerunt
2361 5628 2375 5664 :
2409 5610 2506 5663 hos
2549 5610 2691 5663 enim
2746 5606 3067 5676 principales
3114 5612 3288 5656 vocat.
3333 5602 3397 5655 Et
3453 5598 3574 5654 vide
3602 5641 3622 5667 ,

2038 5704 2306 5776 quomodo
2336 5704 2448 5771 ipse
2472 5702 2666 5755 ductus
2699 5699 3018 5770 praedicatur
3044 5714 3072 5751 a
3099 5695 3261 5751 Festo
3287 5714 3298 5747 :
3331 5710 3434 5747 non
3465 5692 3626 5747 modo

2039 5797 2183 5852 cnim
2233 5796 2380 5848 illum
2413 5793 2637 5847 crimine
2668 5793 2892 5845 liberant
2920 5789 3085 5854 dicit,
3114 5786 3206 5842 sed
3236 5788 3395 5841 etiam
3442 5785 3626 5840 defen-

2040 5889 2135 5945 dit.
2167 5890 2303 5958 Qttid
2335 5887 2504 5944 dicit?
2530 5885 2621 5943 9.1.
2659 5883 2884 5955 Agrippa
2914 5899 3001 5936 rex.
3027 5925 3040 5949 ,
3072 5892 3118 5937 ct
3149 5895 3320 5933 omnes
3348 5877 3434 5947 qui
3475 5878 3626 5933 sintut
