2056 3217
251 195 305 223 359

251 249 345 276 adustis
358 250 485 278 uobiscum
501 249 557 282 tiri,
575 249 664 276 videtis
679 250 757 282 hunc,
771 250 802 276 de
817 258 866 284 quo
880 251 962 277 omnis
975 250 1043 276 mul-

252 296 332 321 titudo
348 295 496 322 Iudaeorum
518 295 686 329 interpellavit
701 304 740 321 me
753 295 921 330 Jcrosolymic
943 300 966 321 et
986 295 1042 326 hic.

252 341 419 368 ncclumautcs
434 350 485 368 non
495 347 611 377 oportere
623 350 680 368 eum
694 342 804 375 amplius
820 342 912 368 viuere.
926 341 971 369 25.
988 340 1045 377 Ego

253 394 308 412 rero
323 387 434 421 comperi
449 387 514 413 nihil
528 386 633 422 dignum
657 392 737 413 morte
752 395 807 413 eum
830 387 970 413 admisisse.
992 386 1044 414 Illo

250 435 333 456 autent
347 432 493 466 appellante
508 432 541 458 ad
561 432 702 467 Augustum
715 452 722 461 .
742 432 858 467 judicnvi
871 433 943 459 illuni
957 433 1043 459 mitte-

249 483 285 501 re.
295 475 340 502 ‘26.
357 476 393 502 De
406 485 456 510 quo
468 477 529 510 quid
541 482 636 503 certum
647 477 755 504 scribam
768 477 880 507 domino.
892 486 942 504 non
953 467 1042 504 Italico.

253 519 361 555 Propter
381 521 449 556 quod
462 522 573 556 produxi
588 530 645 548 eum
658 522 691 547 ad
713 529 756 548 ros
766 542 773 554 ,
789 528 812 548 et
828 523 938 549 maxime
951 523 984 548 ad
998 527 1023 549 te
1033 542 1041 555 ,

249 576 294 594 rea:
320 568 434 602 Agrippa
446 588 453 599 ,
468 573 495 593 ut
519 568 717 603 interrogatione
739 571 826 603 facta,
843 569 947 595 habeam
974 568 1043 602 quod

247 613 365 639 scribam.
382 612 427 639 27.
452 613 515 640 Sine
529 613 628 640 ratione
642 614 708 639 enim
722 613 784 640 mihi
805 614 903 640 videtur
916 634 923 645 ,
945 613 1043 640 mittere

251 659 360 684 cinctum
371 679 377 688 ,
392 663 416 684 et
427 666 516 685 causas
527 658 581 693 ejus
595 667 645 684 non
659 659 813 694 signi/icore.
828 658 893 685 Vide
906 666 1041 693 quomooo

245 704 306 730 illus
322 704 431 738 quidem
447 709 569 734 accusat,
592 704 662 730 hunc
678 711 742 730 vero
756 704 880 731 absolvit.
896 704 917 730 0
929 704 1041 737 justitia‘.

244 749 354 782 ctqiiusa
368 754 525 784 argumenta
539 749 545 776 l
563 748 680 775 Plurima
696 748 764 775 facta
780 749 972 783 perquisitioue
986 756 1039 775 nou

245 794 347 821 invenit
362 801 462 828 pra-ses
478 793 611 828 quomodo
626 793 806 820 condemnet:
823 793 859 820 illi
874 802 936 820 vero
953 797 1039 821 morte

244 839 355 874 dignum
366 839 502 866 dicebant.
521 839 582 867 Ideo
593 839 696 866 dicebat
709 840 752 866 ille
766 849 772 865 :
788 839 844 874 Ego
858 848 915 866 rero
928 840 1039 874 comperi

244 886 310 912 nihil
326 886 431 921 diguqu
454 891 533 912 morte
553 893 610 912 eum
631 885 784 917 admisisse;
808 885 904 912 deinde
923 886 1037 920 adjicit:

244 929 282 957 De
305 939 354 965 quo
366 931 428 965 quid
441 936 534 957 certum
548 931 656 957 scribqu
668 930 703 956 ad
727 931 859 957 dominum
873 939 957 958 nteant
966 951 974 963 ,
987 939 1039 958 non

242 975 331 1002 habeo.
348 976 380 1002 Et
401 975 450 1002 hoc
465 983 498 1002 ex
511 976 584 1003 l’auli
606 976 758 1003 innocentia
775 976 881 1011 prodit,
899 977 970 1011 quod
989 977 1036 1011 ju-

240 1021 293 1048 (lcx
310 1021 376 1049 nihil
390 1022 486 1049 habeat
495 1022 528 1049 de
543 1022 751 1050 illodiccudum.
766 1022 828 1049 Ideo
842 1023 952 1057 produxi
967 1031 1035 1057 eum,

241 1067 344 1102 inquit,
368 1068 402 1094 ad
423 1075 476 1095 vos.
502 1067 566 1095 Sine
581 1069 678 1095 ratione
692 1068 759 1095 enim
775 1069 836 1095 mihi
850 1068 949 1095 videtur
962 1077 1016 1096 esse
1027 1090 1035 1102 ,

240 1114 340 1140 mittere
362 1114 489 1146 vinctum,
506 1119 530 1141 et
552 1122 642 1141 causas
656 1115 712 1148 ejus
726 1123 777 1141 non
799 1114 954 1150 signi/icore.
971 1115 1037 1142 Vide

241 1159 266 1185 in
280 1164 395 1193 quantas
414 1160 550 1194 angustias
571 1159 656 1186 Judari
680 1160 812 1194 principes
831 1168 894 1187 suos
909 1161 1035 1196 conject:-

241 1205 304 1231 riul.
321 1205 389 1239 Quid
406 1213 469 1232 vero
485 1206 624 1240 Agrippa?
641 1206 677 1233 De
693 1207 735 1233 his
754 1207 848 1234 volens
871 1207 970 1242 aliquid
993 1208 1036 1239 di:

238 1258 315 1278 scere
325 1252 344 1283 ⁸,
361 1251 443 1279 l‘aulo
454 1252 521 1279 dixit
536 1263 542 1279 :
555 1251 632 1289 (Cap.
653 1248 742 1284 26.)].
757 1252 918 1281 Permittitur
939 1255 984 1281 tibi
998 1255 1036 1281 lo-

236 1297 280 1330 qui
304 1305 349 1330 pro
363 1299 507 1331 temetipso.
532 1298 572 1325 Ex
596 1299 681 1325 multo
695 1299 821 1326 audiendi
836 1299 971 1328 desiderio
996 1301 1034 1328 illi

238 1350 283 1368 rex
300 1342 390 1370 dicere
406 1344 547 1377 permittit.
570 1343 668 1371 Paulus
685 1352 750 1372 vero
762 1352 823 1372 cum
842 1345 938 1373 ﬁducia
959 1347 1034 1374 deiu-

236 1395 300 1423 ccps
316 1388 450 1422 loquitur,
475 1396 528 1416 non
549 1390 700 1423 adulando;
724 1391 770 1418 sed
795 1391 854 1419 ideo
877 1400 906 1419 se
927 1393 1033 1420 beatum

235 1440 297 1460 esse
311 1433 377 1460 dicit
389 1454 397 1466 ,
414 1434 485 1469 quod
500 1435 524 1461 ci
547 1435 687 1470 loquatur,
705 1436 751 1471 qui
773 1437 862 1463 omnia
886 1438 990 1468 sciret:
1007 1443 1034 1466 et

236 1480 306 1513 quod
323 1479 399 1512 ideo,
415 1481 475 1507 audi
491 1489 550 1516 qua:
570 1482 627 1516 ipse
642 1482 764 1516 profert:
780 1482 852 1510 Tunc
874 1483 974 1511 Paulus
987 1493 1032 1511 ea:-

236 1529 304 1549 tenta
320 1533 397 1550 mttml
411 1528 485 1560 capit
499 1526 623 1552 rationem
645 1527 761 1554 reddere.
782 1528 809 1554 Ξ.
836 1527 877 1556 De
895 1530 1010 1558 euntibus
1023 1550 1032 1563 ,

235 1570 328 1605 quibus
343 1578 448 1598 accusor
460 1579 476 1597 a
490 1570 600 1603 Judwis,
615 1580 661 1598 rea:
676 1573 800 1608 Agrippa,
815 1575 912 1602 u'stimo
923 1584 962 1602 me
976 1576 1034 1602 bea-

237 1622 305 1648 tum,
321 1617 391 1651 apud
405 1622 429 1644 te
443 1625 499 1644 cum
514 1617 562 1645 sint
576 1617 725 1652 defensurus
742 1627 782 1644 me
795 1619 889 1652 hodie,
906 1621 933 1647 5.
950 1621 1033 1648 maxi-

235 1672 275 1690 me
288 1670 310 1690 te
324 1667 419 1690 sciente
432 1672 529 1698 omnes,
544 1673 601 1700 qua:
613 1667 683 1700 apud
696 1664 802 1693 Indicos
817 1671 885 1699 sunt,
900 1672 1032 1695 consuetu-

234 1709 307 1735 dines
332 1714 354 1735 et
377 1710 551 1745 qua'stiones:
572 1716 677 1745 propter
696 1711 764 1746 quod
786 1712 888 1739 obsecro
910 1714 1032 1748 patienter

235 1762 274 1780 me
285 1755 385 1782 nudius.
412 1755 551 1788 Profecto,
574 1756 597 1783 si
612 1757 680 1784 male
695 1757 746 1784 sibi
766 1759 892 1786 conscius
916 1759 1009 1787 fuisset
1021 1781 1029 1794 ,

234 1800 335 1827 turbari
348 1801 501 1834 oportebat,
513 1801 576 1828 dum
592 1802 662 1836 apud
675 1811 748 1835 cum,
763 1804 808 1838 qui
822 1804 913 1831 omnia
927 1805 1009 1833 sciret
1022 1826 1029 1838 ,

233 1853 341 1872 causam
353 1846 474 1878 diceret;
490 1847 537 1874 Sed
553 1847 616 1874 illud
631 1854 673 1875 est
688 1857 761 1883 pura:
776 1850 960 1885 conscientia,
977 1859 1029 1879 non

233 1897 360 1918 recuSare
383 1891 500 1925 judiccm
516 1900 561 1919 res
575 1897 663 1927 gestas
677 1900 801 1922 accurate
817 1896 945 1923 scientem
957 1917 964 1929 ,
982 1896 1029 1924 sed

233 1940 259 1962 et
282 1936 411 1970 gaudere.
434 1936 512 1964 Unde
534 1937 579 1964 ille
603 1946 632 1965 se
659 1939 765 1966 beatum
790 1944 883 1974 putat,
898 1946 926 1968 et
939 1941 1028 1970 dicit:

234 1981 346 2009 Obsecro
370 1983 494 2017 patienter
516 1992 555 2010 me
578 1985 681 2012 audias.
704 1985 772 2019 Quia
795 1994 947 2014 sermonem
971 1993 1028 2015 erat

238 2029 418 2064 producturus
433 2034 461 2056 et
476 2029 575 2065 aliquid
589 2030 623 2057 de
638 2032 728 2066 seipse
740 2031 870 2063 dictatus.
887 2033 947 2060 ideo
960 2042 1029 2068 pra:-

230 2083 366 2110 occupaus
380 2076 508 2111 rogabat,
523 2075 615 2103 dicens
628 2085 634 2102 :
647 2076 673 2104 Δ.
691 2076 724 2103 Et
738 2078 840 2110 quidem
854 2079 931 2105 vitam
945 2088 1027 2106 ineant

229 2131 246 2148 α
258 2123 404 2157 juvrutute,
421 2130 479 2156 qua:
490 2122 521 2148 ab
535 2123 606 2149 initio
623 2123 670 2157 fuit
684 2124 710 2149 in
726 2129 799 2158 gente
814 2133 869 2151 mea
882 2126 909 2151 iu
923 2124 1028 2152 λεν-οισ-

229 2168 317 2202 lymis,
335 2173 457 2194 noverunt
479 2176 564 2195 omnes
587 2167 684 2201 Juduzi,
751 2170 795 2205 qui
814 2169 885 2204 prius
907 2176 1028 2198 noverunt

231 2222 270 2239 me
283 2214 315 2240 ab
331 2213 405 2240 initio
415 2234 421 2244 ,
440 2213 462 2240 si
476 2214 552 2240 velint
567 2215 736 2241 testimonium
751 2215 891 2250 perhibere.
906 2217 974 2251 quod
988 2225 1028 2244 sc-

229 2260 342 2285 cundum
362 2260 581 2286 accuratissima":
603 2266 695 2287 sectam
711 2266 805 2288 nostra:
816 2261 946 2297 religionis
959 2263 1027 2289 ria-e-

230 2307 278 2332 riut
297 2305 455 2333 I’harimus.
471 2306 499 2333 Id
514 2311 574 2334 est:
591 2306 734 2340 Quomodo
749 2308 895 2335 seditiosus
909 2308 1002 2335 luerim
1016 2329 1023 2340 ,

231 2357 283 2378 tam
297 2351 404 2386 juvenis
418 2356 445 2378 et
458 2352 639 2378 testimonium
656 2352 757 2379 habens
772 2353 911 2380 omnium?
925 2354 1026 2381 Deinde

232 2399 256 2424 id
269 2398 363 2432 prohat
375 2406 389 2423 a
405 2401 491 2429 secta,
506 2397 581 2424 addit
593 2398 664 2424 cuitu
679 2407 684 2423 :
703 2397 849 2424 Secundum
864 2400 1025 2426 accuratissi-

228 2451 298 2470 mum
311 2443 441 2478 religionis
460 2448 554 2470 nouch
573 2449 665 2470 sectam
678 2443 741 2470 vixi.
755 2443 788 2471 Et
803 2444 865 2479 quia
879 2444 1024 2472 verisimile

227 2493 306 2521 erat,
329 2488 461 2523 quosdam
476 2490 597 2516 dicturos
620 2496 699 2516 esse:
720 2488 789 2523 Quid
811 2497 891 2524 ergo,
907 2490 929 2517 si
951 2482 1023 2518 secta

226 2535 335 2568 quidem
352 2534 482 2562 mirabilis
503 2535 556 2566 sit,
574 2540 601 2561 ιιι
616 2542 682 2562 vero
694 2535 802 2562 malus?
814 2535 876 2563 vide
889 2538 1024 2571 quomodo

227 2581 290 2609 huic
302 2586 426 2609 occurrat
444 2580 588 2615 objectioui
608 2589 614 2606 :
633 2585 715 2608 testes
738 2581 810 2607 enim
833 2581 948 2609 advocat
962 2589 1020 2609 om-

227 2635 275 2655 ues
299 2627 407 2654 .ludazos
419 2647 427 2658 ,
441 2627 486 2661 qui
502 2626 560 2661 ejus
574 2626 655 2653 vitam
669 2631 697 2653 et
715 2627 948 2654 conversationem
971 2635 1022 2654 uo-

226 2678 296 2700 raut.
321 2673 431 2706 Sciunt,
456 2673 563 2706 inquit,
579 2680 665 2698 omnes
687 2671 793 2705 Judtzi,
819 2672 862 2707 qui
888 2680 927 2698 me
950 2673 1021 2707 prius

224 2724 359 2750 noverunt,
375 2720 398 2746 si
423 2719 499 2746 velint
524 2718 695 2745 testimonium
708 2718 784 2752 ferre.
805 2717 833 2744 ϐ.
856 2717 891 2743 Et
904 2726 972 2745 nunc
994 2720 1021 2746 in

223 2773 268 2799 spe
289 2766 494 2800 repromissionis
504 2785 511 2797 ,
528 2771 586 2799 quc
597 2764 632 2790 ad
644 2768 727 2798 patres
742 2768 843 2790 nostros
862 2765 931 2798 facta
952 2769 989 2791 est
1003 2773 1020 2791 α

224 2809 289 2843 Deo.
304 2816 343 2837 sto
360 2810 461 2845 judicio
473 2810 599 2844 subjectus
611 2816 623 2836 :
638 2809 664 2835 7.
687 2810 714 2835 in
727 2816 803 2843 quam
817 2808 951 2835 duodecim
974 2810 1020 2836 tri-

229 2865 342 2915 ΕΩἱιιιίεε
354 2885 361 2893 ,
374 2867 405 2890 de
427 2863 465 2890 his
486 2864 568 2890 volens
581 2863 677 2895 aliquid
699 2863 809 2893 discere.
825 2864 915 2889 desint
932 2866 955 2890 in
968 2872 1018 2890 uno

640 195 668 222 S.
688 195 827 224 JOANNIS
844 194 1086 224 CIIRYSOSTOIII
1100 196 1260 224 AliClllEP.
1280 197 1548 227 CONSTANTINOP.

1842 201 1897 233 560

1099 250 1145 276 bus
1159 257 1261 284 nostra’,
1277 258 1349 279 nocte
1361 262 1390 279 ac
1406 254 1447 280 die
1459 254 1636 290 deservieules,
1646 264 1749 291 sperant
1761 260 1877 289 devenire
1886 283 1893 289 .

1099 297 1130 321 de
1143 305 1193 331 qua
1207 306 1262 331 spe,
1279 307 1323 324 rm;
1344 299 1469 334 Agrippa,
1487 308 1593 327 accusor
1608 310 1623 327 a
1638 302 1737 330 Judteis
1764 304 1791 331 8.
1809 307 1898 338 Quid?

1099 341 1243 369 incredibile
1262 344 1396 377 jutlicutur
1409 346 1478 379 apud
1491 354 1533 372 vos
1546 367 1553 379 ,
1570 347 1591 373 si
1606 347 1674 374 Deus
1687 356 1798 378 mortuos
1811 354 1891 379 susci-

1098 393 1132 413 tat
1146 389 1157 414 ?
1174 390 1242 415 lunas
1250 390 1283 416 de
1296 392 1492 419 resurrectione
1509 394 1626 420 rationes
1642 396 1734 428 ponit:
1751 397 1862 424 alteram
1879 407 1894 426 .1

1098 434 1256 467 pl’tlpllt'lis;
1272 441 1299 462 cl
1314 437 1415 463 nullum
1431 438 1538 465 adducit
1553 440 1711 474 propin-Lam
1723 462 1729 473 ,
1752 443 1797 470 sed
1819 444 1892 472 illaut

1096 479 1249 508 Judamrnm
1268 489 1329 509 esse
1342 483 1495 516 cpi-donem
1514 485 1596 518 dicit;
1620 487 1732 515 alter:qu
1747 494 1774 516 et
1795 490 1891 518 fortio-

1098 534 1152 552 rem
1176 535 1207 553 cx
1225 530 1305 555 rebus
1327 529 1402 562 ipsis.
1418 530 1503 563 Quam
1521 532 1612 558 illam?
1632 534 1707 566 Quod
1732 535 1856 564 Christus
1877 546 1891 564 a

1097 574 1210 599 mortuis
1236 575 1378 601 suscitatus
1394 583 1422 602 se
1438 576 1590 611 alloquutus
1608 579 1653 605 sit.
1679 579 1712 605 Et
1728 581 1792 608 illud
1811 585 1892 610 ratio.

1095 616 1173 644 ciuiis
1184 618 1298 651 probat.
1315 621 1430 653 priscam
1446 621 1576 649 insaniant
1597 631 1673 650 suam
1689 632 1811 654 accurate
1826 637 1890 656 uar-

1095 672 1158 691 raus
1173 674 1179 691 :
1195 665 1292 692 deinde
1306 667 1386 693 etiam
1402 675 1462 694 cum
1486 669 1564 696 laude
1578 670 1743 699 Judamrtuu.
1772 674 1854 701 Nocte
1865 683 1889 702 et

1095 710 1135 736 die
1150 711 1275 741 colentes,
1295 713 1375 746 inquit
1387 732 1395 745 ,
1410 720 1513 747 sperqu
1536 717 1660 743 devenire.
1678 718 1768 752 Itaque
1783 718 1888 749 etiamsi

1095 755 1236 790 inculpata:
1252 758 1313 784 \‘itzl:
1330 767 1382 785 nou
1405 768 1492 787 essent
1507 782 1513 791 ,
1531 769 1612 796 super
1626 764 1667 790 his
1682 772 1733 791 non
1750 773 1889 801 oporteret

1092 800 1205 833 judiCari
1220 823 1226 830 .
1244 811 1290 829 rex
1315 804 1442 838 Agrippa.
1468 805 1597 833 Sulnlilnr
1618 808 1668 834 alia
1691 800 1775 838 ratio.
1794 812 1888 844 Quid!

1093 847 1240 873 incredibile
1254 849 1382 880 induatur
1396 859 1411 875 ιι
1426 850 1504 883 vobis,
1520 852 1542 878 si
1557 852 1625 880 Dens
1639 860 1750 882 mortuos
1764 859 1888 885 suscitat?

1092 892 1156 918 Nam
1168 914 1174 923 ,
1190 895 1210 919 si
1228 894 1285 921 inec
1299 903 1350 921 non
1363 901 1433 922 essrl
1449 898 1560 931 opinio,
1576 900 1597 925 si
1612 900 1638 926 in
1656 900 1696 927 his
1716 902 1886 937 dogmatibus

1092 938 1195 965 ctlut-ali
1223 947 1274 966 non
1297 946 1401 974 essent,
1419 947 1445 969 et
1468 951 1539 970 [tunc
1554 952 1584 970 ea
1600 945 1759 974 clicrretltur
1773 970 1780 981 ,
1797 949 1886 979 forsan

1091 985 1151 1017 quis
1166 992 1318 1012 Scrmoncm
1343 995 1394 1014 non
1412 990 1567 1023 recepisset.
1599 991 1698 1019 Deinde
1720 994 1802 1028 dicit,
1818 1004 1887 1030 quo-

1091 1031 1171 1057 modo
1194 1034 1423 1067 persequebatur:
1440 1036 1510 1069 quod
1526 1036 1559 1063 ad
1576 1038 1742 1071 probandqu
1759 1041 1884 1070 idoneum

1090 1082 1142 1104 est.
1160 1078 1193 1104 Et
1208 1079 1340 1113 principes
1356 1081 1525 1108 sacerdotum
1541 1083 1649 1110 adducit
1667 1089 1747 1113 testes
1757 1091 1784 1114 ct
1796 1093 1885 1116 exter-

1091 1133 1138 1151 nas
1163 1126 1284 1152 civitates
1297 1147 1303 1157 ,
1320 1131 1346 1153 et
1369 1128 1439 1161 quod
1455 1129 1571 1156 audierit
1586 1130 1719 1159 dicentem
1735 1133 1785 1160 sibi
1800 1143 1807 1160 :
1826 1134 1885 1161 Dn—

1089 1180 1146 1196 rum
1160 1176 1197 1197 est
1217 1172 1259 1197 tibi
1275 1177 1363 1198 contra
1378 1174 1507 1200 stimulum
1520 1176 1663 1203 calcitrare.
1679 1178 1779 1206 Deinde
1792 1185 1885 1207 ostru-

1088 1217 1127 1243 dit
1145 1218 1191 1244 Dei
1213 1218 1383 1245 clementiam
1400 1220 1470 1253 quod
1492 1221 1572 1247 etiam
1597 1230 1657 1248 cum
1675 1231 1884 1259 persequeretur

1090 1264 1174 1297 ipsum
1199 1263 1313 1297 Saulus,
1329 1266 1378 1299 ipsi
1401 1268 1542 1300 apparuit:
1559 1268 1613 1295 Nec
1635 1269 1699 1296 mihi
1722 1271 1826 1304 solum,
1843 1274 1884 1299 iu-

1087 1309 1144 1343 quit
1157 1330 1164 1341 ,
1182 1310 1249 1336 bene
1262 1309 1341 1342 fecit,
1359 1311 1405 1337 sed
1424 1316 1450 1338 et
1465 1312 1525 1338 aliis
1539 1312 1677 1341 doctorem
1691 1316 1781 1342 misit;

1123 1365 1149 1392 2.
1163 1366 1286 1393 Ostendit
1301 1367 1363 1394 item
1379 1368 1545 1401 prophetiam
1561 1377 1639 1403 quam
1655 1370 1766 1399 audivit.
1789 1371 1820 1399 In
1837 1373 1883 1400 hoc

1087 1414 1197 1447 apparui
1212 1413 1265 1445 tibi,
1283 1414 1392 1447 eripiens
1406 1420 1429 1441 te
1445 1415 1476 1440 de
1490 1415 1584 1449 popqu
1595 1421 1620 1442 et
1632 1417 1758 1451 gentibus,
1774 1419 1808 1444 ad
1819 1428 1883 1453 quas

1087 1460 1144 1486 misi
1157 1465 1190 1486 te.
1207 1460 1268 1487 llaec
1282 1461 1369 1487 omnia
1379 1461 1526 1488 ostendens
1541 1462 1647 1490 dicebat
1661 1472 1668 1490 :
1685 1464 1710 1491 9.
1728 1464 1762 1491 Et
1770 1472 1817 1499 ego
1830 1466 1883 1498 qui-

1086 1506 1143 1532 dem
1156 1506 1369 1539 emistimuverum,
1386 1515 1424 1532 me
1438 1508 1558 1534 adversm
1572 1515 1661 1534 nomen
1675 1507 1739 1535 Iesu
1753 1509 1882 1537 Nazareni

1086 1551 1174 1577 debere
1188 1552 1266 1578 multa
1280 1553 1407 1578 contraria
1423 1554 1513 1587 facere.
1529 1553 1572 1580 10.
1594 1554 1668 1586 Quod
1680 1560 1704 1581 et
1716 1555 1768 1588 feri
1777 1555 1881 1583 Jeroso-

1087 1598 1170 1632 lyuiis,
1183 1603 1206 1623 et
1222 1599 1314 1624 multos
1335 1604 1479 1625 sanctorum
1495 1607 1540 1632 ego
1553 1600 1578 1626 in
1591 1600 1732 1626 carceribus
1746 1601 1846 1632 inclusi,
1863 1611 1879 1628 a

1086 1644 1241 1678 principibus
1255 1645 1414 1670 sacerdotum
1432 1650 1555 1679 potestate
1565 1651 1666 1680 accepta
1680 1653 1690 1672 :
1702 1651 1725 1672 ct
1741 1654 1797 1672 cum
1810 1648 1876 1673 occi-

1085 1690 1203 1717 derentur
1214 1691 1293 1716 detuli
1308 1692 1455 1717 sententiam
1468 1699 1477 1718 :
1490 1692 1531 1718 ll.
1548 1696 1571 1717 et
1583 1699 1626 1725 per
1636 1699 1721 1718 omnes
1734 1701 1877 1728 synagogas

1085 1739 1228 1772 frequenter
1241 1737 1348 1771 puniens
1371 1745 1422 1768 eos,
1449 1737 1626 1772 compellcbnnt
1641 1738 1815 1772 blasphemure
1830 1748 1838 1765 :
1854 1745 1879 1765 et

1083 1785 1194 1818 amplius
1206 1784 1334 1810 insaniens
1350 1785 1375 1810 in
1392 1792 1444 1817 eos,
1459 1783 1623 1818 persrquebar
1634 1792 1711 1817 usque
1722 1785 1747 1810 in
1763 1789 1879 1812 externus

1083 1830 1205 1856 civitates.
1222 1830 1266 1856 12.
1280 1829 1352 1856 Inter
1364 1829 1416 1856 hac
1429 1830 1489 1856 dum
1504 1830 1568 1856 irem
1583 1828 1736 1856 Damascum
1756 1838 1814 1856 cuin
1831 1839 1878 1864 po-

1084 1882 1171 1904 testute
1181 1882 1203 1903 et
1215 1877 1338 1910 permissu
1352 1877 1495 1911 principum
1506 1876 1675 1907 sacerdotum,
1690 1877 1731 1903 l5.
1746 1877 1786 1902 die
1797 1877 1878 1903 media

1083 1923 1108 1948 in
1123 1923 1162 1949 eiu
1173 1923 1232 1954 vidi,
1249 1931 1304 1954 rex,
1316 1923 1347 1948 de
1361 1923 1423 1949 ca'lo
1435 1930 1514 1956 supra
1525 1923 1684 1956 splendorem
1698 1922 1758 1949 solis
1774 1922 1869 1948 circum

1083 1969 1184 2003 fulsisse
1200 1977 1239 1994 me
1252 1969 1346 1998 lumm.
1365 1972 1389 1994 et
1403 1976 1444 1994 eos
1461 1968 1504 2002 qui
1524 1975 1620 1994 mecum
1642 1967 1719 1994 simul
1733 1972 1814 1994 erant.
1834 1967 1867 1994 M

1084 2016 1226 2050 Omnesque
1241 2024 1286 2042 nos
1301 2024 1357 2041 cum
1377 2015 1558 2041 deridissemus
1573 2015 1599 2040 in
1614 2019 1717 2046 (errant,
1736 2014 1820 2040 audivi
1833 2021 1878 2040 vo-

1082 2071 1135 2088 cent
1149 2062 1290 2096 loquentem
1309 2062 1370 2087 mihi
1394 2060 1521 2087 llebruit'u
1545 2059 1657 2094 lingua:
1673 2060 1762 2091 Suule,
1787 2059 1873 2091 Sun/1',

1081 2108 1143 2143 quid
1156 2117 1194 2135 me
1215 2108 1393 2142 persequeris?
1418 2106 1516 2133 Durant
1535 2111 1571 2133 est
1592 2105 1638 2132 tibi
1658 2110 1747 2132 contra
1762 2105 1874 2132 stinmlss

1082 2155 1223 2181 culcitrare.
1243 2154 1284 2180 l5.
1307 2152 1360 2187 Ego
1375 2158 1459 2178 autem
1475 2152 1538 2183 disi,
1553 2151 1617 2184 Quis
1631 2158 1667 2183 es,
1683 2150 1812 2177 Domine!
1827 2149 1878 2176 llt’e

1081 2205 1163 2227 autem
1174 2201 1238 2226 dixit
1252 2208 1261 2226 :
1273 2199 1328 2234 Ego
1346 2207 1402 2225 sum
1419 2198 1505 2230 locus,
1517 2205 1589 2230 quem
1610 2201 1636 2223 tu
1652 2196 1816 2232 persequeris.
1832 2196 1873 2222 l6.

1082 2247 1135 2273 Sed
1150 2254 1256 2281 exsurge
1269 2251 1291 2272 et
1306 2251 1345 2271 sta
1360 2252 1436 2279 super
1449 2244 1524 2279 pedes
1540 2248 1596 2270 tuos
1611 2251 1619 2270 :
1633 2243 1667 2268 ad
1681 2243 1729 2268 hoc
1740 2242 1807 2269 enim
1825 2250 1875 2276 ap-

1081 2293 1155 2326 parui
1165 2292 1219 2325 tibi,
1232 2296 1257 2317 ut
1272 2291 1421 2317 constituam
1436 2294 1460 2316 te
1477 2289 1618 2315 ministrum
1638 2292 1661 2314 et
1682 2293 1769 2314 testem
1788 2295 1874 2313 eorum

1079 2346 1136 2372 qut?
1147 2338 1241 2369 uidisti,
1253 2342 1276 2363 et
1288 2344 1374 2362 eorum
1387 2335 1477 2370 quibus
1493 2334 1618 2369 apparebo
1631 2334 1684 2367 tibi,
1707 2334 1750 2360 i7.
1767 2334 1874 2368 eripiens

1080 2390 1102 2409 te
1112 2384 1143 2410 de
1156 2385 1251 2418 populo
1264 2388 1287 2408 et
1297 2383 1422 2417 gentibus,
1434 2382 1461 2407 in
1473 2389 1535 2415 quas
1547 2388 1614 2407 nunc
1627 2388 1672 2415 ego
1685 2381 1756 2406 mitto
1769 2384 1802 2411 te,
1814 2386 1874 2413 ape-

1079 2431 1128 2456 rire
1142 2429 1229 2456 oculos
1244 2436 1339 2459 eorum,
1357 2433 1383 2453 ut
1394 2432 1572 2453 convertantur
1585 2435 1600 2452 α
1615 2425 1721 2452 tenebris
1734 2427 1768 2451 ad
1781 2426 1873 2456 lucem,

1078 2481 1100 2502 et
1113 2475 1143 2502 de
1158 2479 1281 2509 potestate
1297 2478 1394 2500 salaria:
1408 2473 1441 2498 ad
1458 2472 1548 2504 Deum,
1563 2477 1590 2498 ut
1603 2472 1732 2506 accipiant
1744 2471 1872 2498 remissio-

1078 2529 1134 2548 nem
1148 2515 1316 2555 peccatorum.
1333 2525 1355 2546 et
1369 2524 1461 2545 sortem
1474 2519 1539 2545 inter
1549 2523 1650 2545 sanctos
1663 2526 1709 2552 per
1719 2517 1806 2551 ﬁderit,
1817 2525 1874 2551 qum

1077 2572 1113 2593 cst
1124 2569 1149 2592 lu
1163 2574 1210 2592 me.
1228 2565 1378 2599 Perpende,
1394 2572 1473 2598 quam
1487 2567 1626 2591 mansuete
1640 2563 1775 2596 loquatur.
1790 2562 1877 2602 Deus,

1078 2612 1172 2645 inquit,
1196 2611 1261 2638 dixit
1280 2611 1314 2636 ad
1334 2619 1373 2637 me
1389 2618 1398 2636 :
1413 2609 1528 2644 Διψαῖυὶ
1548 2608 1602 2639 tibi,
1627 2614 1654 2635 ut
1675 2609 1825 2635 constituam
1849 2615 1872 2634 te

1076 2658 1220 2684 ministrum
1230 2662 1254 2683 ει
1265 2661 1350 2683 testem
1370 2664 1455 2682 eorum
1466 2663 1524 2692 qute
1535 2655 1629 2686 vidisti,
1644 2660 1667 2681 et
1682 2663 1769 2681 eorum
1782 2655 1872 2689 quibus

1075 2704 1203 2739 apparebo
1215 2703 1268 2734 tibi,
1281 2703 1389 2734 eripiens
1404 2707 1427 2728 te
1439 2703 1473 2727 de
1484 2702 1578 2736 populo
1594 2706 1616 2727 et
1628 2700 1756 2736 gentibus,
1772 2702 1798 2728 in
1810 2709 1871 2736 quos

1075 2759 1141 2778 nunc
1151 2758 1196 2785 ego
1210 2750 1281 2775 mitto
1293 2753 1326 2779 te,
1344 2748 1386 2774 l8.
1400 2753 1426 2773 ut
1440 2755 1539 2781 aperias
1551 2747 1638 2773 oculos
1653 2755 1751 2779 mm,
1765 2752 1794 2773 ut
1810 2755 1871 2773 con-

1074 2802 1204 2824 vertantur
1218 2805 1232 2822 rt
1244 2794 1351 2822 tenebris
1370 2794 1403 2820 ad
1417 2794 1497 2820 lucem
1510 2798 1534 2820 et
1546 2801 1561 2819 α
1579 2797 1702 2826 potestate
1719 2799 1817 2819 satana:
1834 2793 1870 2819 ad

1076 2843 1168 2875 Deum,
1183 2848 1209 2869 ut
1223 2841 1349 2875 accipiant
1361 2839 1533 2867 remissionem
1546 2843 1717 2872 peccatorum.
1728 2838 1768 2865 Ac
1785 2846 1808 2865 ςι
1825 2838 1867 2865 di-

1074 2892 1148 2914 ceret
1172 2895 1178 2912 :
1201 2888 1244 2915 llis
1257 2886 1368 2914 credidi.
1390 2885 1441 2912 hac
1459 2884 1560 2912 visione
1577 2891 1620 2910 me
1636 2883 1758 2918 adduxit,
1785 2888 1813 2911 et
1826 2883 1867 2912 sic
