4112 6420
451 406 544 460 ΖΗ

449 522 730 594 persuasit,
763 533 819 575 ut
848 539 950 575 nun
981 520 1274 576 differrem.
1320 520 1403 574 19.
1451 516 1621 585 Unde,
1650 534 1755 572 rex
1784 516 2032 590 Agrippa,

448 632 545 668 non
582 614 659 684 [ui
695 613 986 667 incredulus
1010 613 1197 667 etulein
1224 612 1441 676 visioni;
1470 610 1561 665 20.
1586 609 1677 665 sed
1701 610 1783 673 iis,
1812 610 1897 679 qui
1919 618 2037 663 sunt

448 704 689 758 Damasci
719 706 938 775 primum
961 715 1007 757 et
1027 704 1382 775 Jerosolymis,
1412 716 1460 757 et
1484 704 1536 757 in
1562 718 1759 757 onmem
1780 702 2036 771 regionem

444 798 661 863 Jndtete,
693 808 737 851 et
764 799 989 870 gentibus
1030 798 1392 852 annuntiabam
1435 805 1492 850 ut
1535 796 1879 867 paenitentiam
1923 811 2035 865 age-

444 900 575 957 rent,
622 899 666 942 et
715 898 1121 942 converterentur
1165 890 1232 941 ad
1286 888 1474 953 Deum,
1529 888 1685 959 digna
1730 886 2035 958 paenitentia:

442 998 597 1049 opera
628 981 888 1050 facientes.
938 980 1036 1048 Qui
1079 980 1239 1050 igitur
1276 980 1412 1034 alios
1438 980 1748 1035 erudiebam
1779 978 1920 1033 circa
1952 978 2030 1032 vi-

443 1083 547 1128 tam
597 1072 851 1142 optimam
877 1112 893 1136 ,
939 1071 1208 1140 quomodo
1251 1070 1530 1126 seditionis
1578 1078 1633 1125 et
1673 1067 2031 1124 contentionis

439 1178 627 1222 auctor
662 1165 921 1220 fuissem?
946 1166 1037 1218 2|.
1071 1164 1182 1217 llac
1210 1180 1273 1217 ex
1297 1180 1451 1217 causa
1480 1180 1559 1217 me
1586 1162 1776 1227 Judaei,
1813 1178 1925 1215 cum
1953 1177 2029 1214 es-

437 1278 541 1315 sem
580 1261 632 1313 in
661 1259 866 1328 templo,
894 1257 1306 1327 comprehensum
1328 1258 1581 1311 tentabant
1608 1257 1908 1325 interﬁcere.
1934 1254 2024 1310 22.

440 1354 642 1410 Auxilio
674 1362 839 1405 autem
875 1352 1080 1419 adjutus
1121 1350 1232 1414 Dei,
1280 1366 1436 1420 usque
1473 1350 1525 1404 in
1563 1349 1859 1403 hodiernum
1894 1349 2025 1403 diem

435 1455 532 1508 sto,
563 1444 837 1511 testi/ianus
878 1440 1059 1494 minori
1090 1450 1236 1510 atque
1274 1440 1480 1510 majori,
1508 1439 1638 1493 nihil
1664 1447 1806 1493 extra
1831 1438 2020 1505 dicens,

435 1556 583 1610 quam
627 1554 707 1603 ea,
740 1553 853 1607 qute
892 1536 1153 1604 propheta:
1194 1534 1387 1603 loquuti
1428 1543 1545 1587 sunt
1586 1534 1761 1603 futura
1802 1548 1928 1595 esse,
1975 1541 2022 1586 et

442 1631 659 1702 Moyses,
687 1629 776 1683 23.
811 1628 855 1681 si
886 1643 1129 1697 passurus
1156 1625 1406 1690 Christus,
1453 1624 1496 1677 si
1537 1625 1730 1695 primus
1756 1640 1818 1677 ea:
1843 1634 2017 1677 resur-

440 1724 646 1777 rectione
673 1731 985 1774 mortuorum
1017 1720 1184 1773 lumen
1222 1718 1615 1772 annuntiaturus
1642 1725 1715 1771 est
1758 1716 1947 1787 papula
1972 1726 2019 1770 et
2044 1726 2054 1734 '

436 1815 676 1887 gentibus.
720 1812 871 1879 Vide,
915 1821 971 1865 ut
1008 1826 1188 1866 sermo
1219 1810 1333 1881 ejus
1374 1810 1683 1865 adulatione
1722 1819 1920 1873 careat,
1964 1819 2019 1865 et

433 1916 599 1961 totum
630 1905 899 1961 adscribet
924 1904 1055 1958 Deo.
1090 1902 1221 1958 Vide
1248 1901 1533 1957 etdieendi
1564 1901 1885 1967 libertatem,
1911 1900 2017 1955 Sed

428 2017 586 2070 neque
610 2015 743 2053 nunc
770 1998 993 2060 desisto;
1024 1995 1331 2051 ﬁrmitatem
1363 2012 1375 2047 :
1410 1996 1451 2048 A
1498 1994 1774 2064 prophetis
1812 1993 2013 2047 contir-

424 2110 563 2160 tnor,
597 2095 673 2146 An
703 2108 943 2163 passurus
973 2090 1123 2160 fuerit
1152 2089 1402 2155 Christus,
1434 2102 1502 2141 an
1540 2088 1734 2158 primus
1760 2103 1822 2141 ea:
1845 2088 2014 2140 resur-

422 2186 641 2239 rectione
668 2194 978 2238 mortuorum
1014 2183 1182 2235 lumen
1222 2182 1285 2235 sit
1313 2181 1744 2245 annuntiaturus;
1772 2194 1835 2233 ac
1863 2179 1906 2232 si
1929 2178 2013 2233 di-

419 2288 562 2332 ceret
593 2293 607 2329 :
642 2274 873 2330 Christus
919 2275 1112 2342 primus
1160 2288 1461 2342 resurgens,
1502 2272 1619 2341 jam
1659 2288 1761 2326 non
1800 2272 2011 2326 moritur

420 2367 577 2439 (Rom
622 2368 674 2423 6.
699 2366 774 2438 9).
799 2366 1133 2421 Manifestum
1157 2374 1239 2419 est
1265 2378 1330 2419 ex
1358 2379 1445 2430 eo,
1470 2363 1614 2433 quod
1635 2364 1885 2418 omnibus
1907 2363 2009 2419 hoc

416 2461 711 2521 denuntiet,
764 2469 819 2514 et
859 2459 909 2512 in
951 2457 1255 2527 semetipsis
1298 2465 1630 2527 exspectent.
1675 2456 1877 2511 Deinde
1908 2456 2007 2512 Fe-

416 2564 550 2619 stus,
586 2566 639 2605 ιιι
676 2550 927 2623 loquendi
959 2551 1260 2605 libertatem
1286 2548 1440 2612 vidit,
1469 2565 1571 2619 qua
1600 2551 1710 2620 regi
1748 2550 2005 2621 loquella-

416 2656 521 2714 tur,
561 2663 667 2701 non
709 2655 958 2700 avertens
986 2659 1044 2698 se
1069 2643 1135 2697 ab
1172 2653 1389 2711 aspectu
1436 2642 1573 2712 ejus,
1613 2658 1675 2698 ac
1716 2643 1759 2697 si
1804 2643 2002 2712 aliquid

416 2748 706 2809 pateretur,
740 2737 904 2791 dicit:
932 2735 1160 2797 Insanis,
1196 2734 1377 2788 Paule.
1415 2734 1564 2800 Quod
1590 2743 1767 2790 autem
1802 2735 1999 2805 aliquid

413 2846 602 2901 passus
627 2829 727 2883 hoc
756 2828 917 2892 dicat,
950 2827 1073 2881 audi
1106 2826 1385 2897 sequentia
1416 2843 1429 2879 :
1457 2826 1545 2881 24.
1576 2825 1703 2881 Ilazc
1723 2837 1891 2880 autem
1912 2828 2001 2881 illo

410 2923 699 2985 disserente,
746 2919 928 2973 Festus
957 2934 1141 2986 magna
1170 2932 1287 2971 voce
1314 2916 1444 2971 dixit
1478 2932 1498 2971 :
1533 2913 1760 2982 Insanis,
1797 2915 1999 2983 Paule;

410 3012 583 3067 multae
620 3012 779 3066 Iiterte
822 3019 869 3064 te
901 3010 971 3063 ad
998 3010 1252 3062 insaniam
1296 3018 1611 3063 convertunt.
1654 3008 1791 3076 Quid
1838 3009 2001 3078 igitur

409 3102 648 3158 Paulus?
676 3101 808 3157 Cum
835 3099 1244 3155 mansuetudine
1269 3098 1602 3170 respondens
1623 3101 1697 3153 ait
1725 3118 1738 3154 :
1765 3098 1856 3154 25.
1882 3098 1998 3153 Non

406 3196 626 3259 insanio,
655 3192 843 3262 optime
872 3190 1059 3255 Feste;
1089 3191 1178 3245 sed
1205 3191 1431 3245 veritatis
1460 3200 1506 3245 et
1535 3189 1824 3245 sobrietatis
1850 3191 1998 3244 verba

405 3288 603 3357 loquor.
639 3286 828 3340 Postea
856 3285 1014 3338 etiam
1046 3298 1264 3337 causam
1291 3281 1472 3349 docet,
1502 3294 1723 3351 propter
1749 3298 1907 3352 quam
1930 3282 1994 3337 ad

404 3397 587 3454 regem
617 3393 923 3435 sermonem
966 3386 1303 3431 converteret
1331 3394 1344 3431 :
1375 3375 1467 3431 26.
1510 3376 1622 3431 Scit
1656 3377 1789 3430 enim
1818 3376 1882 3431 de
1921 3378 1997 3431 his

407 3490 519 3539 rex,
547 3473 615 3525 ad
639 3488 781 3542 quem
808 3479 854 3524 et
885 3478 1169 3524 constanter
1195 3469 1373 3538 loquor
1399 3484 1418 3522 :
1442 3470 1599 3522 latere
1624 3468 1756 3521 enim
1779 3483 1891 3521 eum
1919 3469 1997 3521 ni-

414 3564 483 3617 hil
513 3564 693 3617 horum
719 3562 933 3616 arbitror
961 3579 978 3615 :
1002 3579 1102 3615 non
1125 3570 1195 3615 est
1216 3562 1349 3614 enim
1370 3561 1421 3613 in
1450 3561 1641 3631 angulo
1662 3561 1756 3613 hoc
1777 3571 1992 3632 gestum.

411 3657 500 3709 27.
535 3653 728 3718 Credis,
760 3669 846 3708 rex
874 3654 1120 3724 Agrippa,
1160 3652 1458 3723 prophetis?
1494 3652 1615 3706 Scio
1644 3654 1779 3722 quod
1808 3654 1990 3705 credis.

410 3748 520 3801 Hoc
552 3748 616 3802 ita
654 3746 811 3811 dixit,
845 3746 992 3815 quasi
1029 3744 1313 3799 traducens
1341 3744 1459 3797 illos
1505 3752 1559 3797 et
1596 3742 1781 3797 dicens
1808 3762 1819 3796 :
1844 3743 1990 3809 Scio,

404 3840 546 3909 quod
574 3840 751 3893 omnia
781 3850 1027 3894 accurate
1054 3840 1187 3893 sciat
1215 3855 1227 3890 :
1256 3848 1309 3893 et
1328 3836 1611 3906 oportebat
1643 3835 1861 3907 quidem
1899 3851 1993 3890 vos

408 3936 520 3986 luec
542 3932 681 3987 scire
718 3931 917 4002 primos
948 3931 1021 4001 (id
1054 3931 1195 3984 enim
1224 3930 1499 3999 sequentia
1530 3927 1804 3983 declarant
1830 3945 1845 3984 ;
1873 3926 1993 3981 Non

404 4034 478 4079 est
503 4026 598 4079 hoc
628 4026 679 4078 in
710 4023 899 4095 angulo
927 4025 1139 4092 gestum)
1170 4038 1183 4086 ;
1218 4021 1309 4076 sed
1354 4020 1620 4075 noluistis.
1663 4019 1860 4085 Credis,
1905 4034 1994 4073 rex

411 4119 655 4188 Agrippa,
691 4115 994 4186 praphetis?
1036 4115 1177 4179 Scio,
1220 4112 1356 4183 quod
1397 4113 1579 4167 credis.
1621 4111 1713 4167 28.
1767 4111 1994 4182 Agrippa

404 4222 569 4264 autem
603 4210 669 4262 ad
716 4207 935 4261 Paulum
978 4207 1107 4260 dixit
1141 4221 1157 4258 :
1186 4204 1253 4259 In
1282 4204 1481 4258 modico
1522 4204 1707 4258 suades
1733 4220 1812 4255 me
1839 4202 1991 4256 Chri-

403 4305 619 4359 stianum
648 4303 780 4372 ﬁeri.
819 4301 908 4356 29.
945 4299 1008 4353 Et
1042 4297 1235 4353 Paulus
1268 4314 1286 4351 :
1317 4297 1451 4367 Opto
1491 4295 1631 4366 apud
1673 4295 1834 4349 Deum
1865 4304 1910 4347 el
1940 4294 1993 4347 in

404 4395 600 4451 modico
624 4405 670 4449 et
696 4395 748 4447 in
777 4410 979 4463 magno,
1016 4409 1115 4445 non
1143 4400 1337 4444 tantum
1378 4399 1443 4454 te,
1480 4387 1569 4442 sed
1602 4389 1754 4441 etiam
1797 4402 1989 4452 omnes,

404 4488 489 4559 qui
515 4487 729 4542 audiunt
755 4504 851 4552 me,
876 4484 1023 4538 hodie
1049 4484 1158 4551 fieri
1185 4482 1329 4547 tales,
1358 4480 1524 4550 qualis
1548 4489 1597 4533 et
1623 4494 1715 4548 ego
1738 4495 1869 4543 sum,
1898 4494 1991 4531 ea:—

404 4578 559 4648 ceptis
587 4576 801 4631 vinculis
835 4575 934 4629 his.
974 4574 1105 4628 Vide
1146 4572 1418 4643 quomodo
1460 4580 1726 4641 precatur,
1760 4568 1942 4623 dicens
1974 4585 1988 4622 :

407 4670 540 4738 Opto
564 4668 707 4739 apud
728 4667 889 4721 Deum
910 4666 961 4719 in
987 4664 1183 4719 modico
1203 4682 1219 4729 ;
1241 4663 1344 4717 hoc
1367 4672 1470 4725 est,
1493 4671 1553 4715 ut
1578 4676 1644 4716 ne
1667 4676 1852 4729 parum
1874 4660 1991 4730 qui-

406 4762 524 4817 dem
552 4760 709 4815 absit.
744 4760 810 4814 Et
846 4754 964 4812 non'
983 4758 1154 4811 solum
1186 4765 1325 4821 orat,
1372 4755 1464 4809 sed
1497 4753 1783 4809 ferventer.
1814 4752 1987 4815 Tales,

405 4853 596 4923 inquit,
628 4852 740 4919 ﬁeri
765 4866 957 4913 omnes,
995 4864 1102 4902 non
1144 4847 1301 4901 modo
1343 4857 1413 4912 te,
1456 4845 1549 4900 sed
1588 4859 1796 4909 omnes,
1828 4845 1992 4912 qualis

402 4962 515 5001 sum
541 4962 653 5017 ego.
696 4943 897 5001 Deinde
938 4945 1032 5007 ait,
1067 4941 1303 5012 Exceptis
1339 4940 1553 4993 vinculis
1580 4938 1657 4993 his
1686 4954 1705 4991 :
1732 4953 1837 4991 non
1878 4952 1993 4991 mo-

405 5040 539 5095 leste
577 5036 755 5092 ferens
783 5035 1014 5102 vincula,
1060 5049 1232 5103 neque
1264 5033 1588 5088 erubescens
1619 5029 1761 5101 quod
1801 5029 1993 5100 ligatus

406 5141 549 5189 esset
575 5132 704 5199 (hoc
733 5133 873 5185 enim
903 5130 1020 5199 ipsi,
1056 5130 1100 5183 si
1139 5129 1263 5199 quid
1302 5128 1466 5193 aliud,
1498 5127 1788 5196 gloriosum
1819 5125 1991 5195 erat);

405 5223 498 5279 sed
528 5223 594 5277 ad
626 5223 839 5278 illorum
886 5222 1191 5292 opinionem
1235 5222 1543 5290 respiciens,
1580 5220 1649 5272 ita
1682 5219 1834 5272 dixit.
1870 5217 1995 5271 ideo

406 5312 628 5379 addidit,
668 5311 908 5381 Exceptis
938 5312 1148 5367 vinculis
1190 5312 1285 5365 his.
1320 5311 1424 5365 Sed
1461 5310 1705 5378 superius
1742 5309 1874 5362 lecta
1910 5322 1994 5362 rc-

407 5413 672 5476 petamus.
703 5403 918 5459 Postera
956 5421 1076 5476 ergo
1116 5404 1216 5469 die,
1258 5414 1311 5456 ut
1346 5403 1399 5456 in
1437 5401 1743 5454 auditorium
1784 5399 1997 5469 ingressi

407 5507 544 5561 sunt,
586 5496 789 5565 iubente
826 5493 980 5550 Festo
1016 5495 1269 5550 adductus
1303 5504 1369 5546 est
1418 5492 1633 5546 Paulus.
1676 5492 1996 5545 Destiterant

401 5591 513 5663 jam
557 5589 751 5658 Judzni,
793 5605 857 5644 eo
906 5588 1048 5660 quod
1094 5588 1184 5642 ille
1223 5588 1563 5656 appellasset,
1612 5595 1667 5640 et
1717 5594 1840 5638 tunc
1893 5582 1992 5651 ipsi

409 5680 749 5751 Splendidam
777 5681 931 5735 adest
960 5680 1224 5735 theatrum
1256 5698 1268 5732 :
1299 5695 1418 5734 cum
1461 5678 1629 5732 multo
1657 5678 1797 5730 enim
1834 5691 1997 5745 appa-

413 5784 531 5827 ratu
569 5788 657 5826 rex
696 5781 750 5827 et
788 5775 965 5827 omnis
993 5773 1275 5827 multitudo
1313 5770 1621 5827 Iudaeorum
1662 5768 1942 5823 adfuerunt
1980 5785 1992 5822 :

418 5880 520 5920 non
560 5863 653 5919 alii
681 5865 938 5927 aderant,
994 5863 1083 5917 alii
1121 5865 1462 5926 aberant,sed
1494 5882 1671 5919 rmnes
1704 5874 1996 5932 przl'setltes

1410 403 1473 457 lN
1518 400 1695 457 ACTA
1738 397 2261 457 APOSTOLORUM.
2306 401 2535 460 llOMlL.
2570 403 2671 460 Lll.

3636 413 3745 469 36?.

2146 524 2321 571 erant.
2346 516 2402 571 Μ
2408 517 2461 572 ui
2465 516 2625 573 tituao
2638 516 2961 586 Iudaeorum,
2983 522 3174 592 inquit,
3191 523 3524 595 interpellavit
3544 542 3624 580 me
3642 525 3710 581 Je
3721 559 3746 572 -

2141 610 2408 680 rosolgmis
2421 620 2469 664 et
2487 611 2591 677 hic,
2601 610 2878 667 clamantes
2891 631 2989 667 non
3005 624 3237 681 oportere
3246 616 3383 669 hunc
3397 616 3532 671 ultra
3548 617 3734 675 vivere.

2212 699 2265 755 ὅ.
2294 700 2425 757 Vide
2450 701 2713 757 insaniam
2742 717 2757 757 :
2789 704 3111 771 clamabant,
3143 717 3395 777 oportere
3417 708 3565 764 illum
3594 710 3733 765 mori

2138 788 2398 847 dicentes.
2431 792 2566 849 Hinc
2603 794 2840 850 ostendit
2873 810 2931 851 sc
2953 797 3076 865 jure
3104 796 3370 854 (Imsarem
3404 800 3729 870 appellasse.

2139 879 2195 935 Si
2220 886 2364 938 enim
2395 884 2528 941 nihil
2549 902 2715 957 grave
2744 888 3032 944 dicendum
3062 889 3349 957 habebant,
3380 893 3561 963 illique
3585 893 3730 950 fure—

2137 971 2286 1039 bant,
2310 974 2430 1044 jure
2449 978 2516 1032 ad
2546 978 2697 1033 illum
2722 981 2891 1035 venit.
2928 980 2994 1035 Ut
3016 981 3408 1053 interrogatione
3432 999 3466 1035 a
3492 984 3625 1037 vobis
3657 985 3730 1049 (a-

2135 1074 2216 1118 cta
2240 1066 2451 1123 habeam
2467 1073 2601 1141 quod
2616 1073 2854 1140 scribam,
2884 1074 3073 1143 inquit.
3109 1076 3271 1131 Vides
3297 1078 3566 1147 quomodo
3583 1094 3728 1149 smpe

2133 1169 2292 1212 causa
2338 1163 2729 1219 examinatur?
2781 1166 2845 1220 Et
2890 1166 3223 1224 defensionis
3275 1169 3437 1239 hujus
3478 1181 3725 1226 auctores

2132 1261 2255 1304 sunt
2299 1253 2493 1322 Judrei,
2525 1272 2683 1326 quam
2725 1261 2988 1329 cognituri
3036 1270 3192 1316 erant
3230 1263 3389 1317 etiam
3435 1267 3524 1333 qui
3571 1272 3727 1320 erant

2133 1338 2338 1397 Romae.
2365 1344 2534 1416 Super
2553 1351 2806 1417 oumibus,
2827 1351 2889 1404 de
2903 1352 3083 1422 quibus
3102 1370 3333 1421 accusor,
3356 1372 3447 1410 rea:
3471 1358 3721 1428 Agrippa,

2128 1433 2377 1502 existimo,
2404 1438 2594 1509 inquit,
2618 1458 2697 1495 me
2718 1443 2937 1511 beatum,
2963 1446 3048 1515 qui
3067 1463 3236 1500 coram
3267 1456 3314 1501 te
3331 1449 3579 1503 rationem
3603 1450 3719 1504 red-

2127 1523 2326 1581 diturus
2347 1544 2484 1584 sum.
2517 1531 2648 1587 Vide
2677 1535 2946 1604 quomodo
2975 1538 3057 1591 vel
3086 1538 3231 1592 inviti
3258 1548 3313 1594 et
3336 1542 3587 1610 nequitia:
3608 1557 3720 1597 sua:

2124 1626 2177 1671 et
2218 1620 2432 1675 virtutis
2475 1623 2626 1678 Pauli
2664 1635 2827 1681 testes
2860 1626 2993 1682 ﬁunt
3027 1629 3187 1683 etiam
3230 1631 3370 1699 apud
3411 1647 3613 1701 regem,
3646 1633 3719 1687 ita

2124 1719 2180 1765 ut
2201 1713 2631 1782 magnificentius
2653 1718 3012 1774 abduceretur
3028 1720 3244 1786 Paulus,
3267 1738 3427 1791 quam
3449 1724 3493 1778 si
3515 1724 3720 1793 absque

2122 1802 2351 1858 vinculis
2380 1805 2618 1862 abiisset.
2654 1807 2773 1863 Non
2803 1810 2945 1865 enim
2974 1812 3111 1867 ultra
3143 1822 3198 1866 ut
3224 1813 3477 1883 deceptor
3498 1826 3552 1869 et
3583 1831 3720 1885 pra:-

2121 1895 2364 1964 stigialor
2386 1912 2416 1951 a
2445 1906 2523 1952 tot
2548 1898 2816 1967 iudicibus
2838 1901 3090 1957 dimissus
3115 1903 3503 1961 abducebatur.
3531 1908 3719 1962 Οιιηιί-

2118 1984 2218 2038 bus
2244 2000 2372 2055 ergo
2402 1988 2621 2055 relictis,
2658 1991 2797 2060 apud
2837 2007 2971 2062 quos
3001 2002 3154 2049 natus
3192 1995 3556 2068 educatuSque
3596 1998 3714 2054 fue-

2119 2085 2220 2140 rat,
2252 2092 2356 2132 non
2390 2089 2695 2152 utcumque,
2718 2082 2810 2139 sed
2828 2086 2972 2139 omni
2992 2087 3298 2156 suspicione
3321 2088 3460 2144 liber
3485 2090 3712 2146 Romam

2119 2168 2329 2238 migrat.
2363 2169 2548 2241 Neque
2573 2172 2709 2228 dixit
2739 2192 2752 2227 :
2785 2176 2925 2243 Quid
2961 2177 3061 2231 hoc
3091 2179 3219 2233 est?
3247 2180 3415 2235 semel
3443 2181 3711 2252 appellavi

2117 2258 2403 2329 Cinsarem,
2464 2262 2655 2321 millies
2696 2267 2970 2337 judicatus
3018 2284 3136 2324 sum
3187 2287 3202 2326 :
3248 2275 3562 2344 usquequo?
3615 2276 3711 2329 sed

2114 2353 2285 2422 quid?
2330 2355 2526 2411 lterum
2567 2368 2785 2428 paratus
2829 2372 2947 2417 erat
2989 2362 3219 2420 reddere
3262 2367 3525 2421 rationem
3569 2369 3711 2437 apud

2112 2460 2257 2513 cum,
2287 2449 2378 2517 qui
2426 2465 2513 2506 res
2555 2451 2808 2508 Judaicas
2853 2456 3085 2511 maxime
3128 2466 3332 2513 nosset.
3367 2459 3545 2525 Quare
3581 2475 3706 2514 cum

2112 2553 2301 2609 magna
2347 2540 2595 2599 libertate
2624 2560 2745 2601 sese
2773 2546 3033 2613 defendit,
3080 2552 3205 2618 quia
3253 2550 3311 2617 ii,
3348 2551 3437 2621 qui
3477 2567 3539 2606 se
3577 2568 3708 2607 con-

2109 2630 2456 2702 demnabant,
2486 2637 2685 2692 nullam
2703 2638 2813 2708 jam
2839 2640 3103 2695 habebant
3130 2642 3525 2698 auctoritatem.
3553 2644 3706 2700 Licet

2108 2734 2287 2781 autem
2315 2726 2447 2781 nihil
2474 2739 2712 2798 possent,
2740 2738 2795 2785 et
2812 2733 3078 2786 sententia
3102 2732 3211 2797 illa,
3235 2749 3338 2804 qua
3365 2734 3564 2790 dictum
3589 2735 3705 2793 fue-

2108 2823 2209 2883 rat,
2239 2816 2322 2870 Ad
2347 2817 2599 2872 (ἔωσαν-ειη
2629 2820 2745 2884 ibis,
2776 2829 3005 2887 teneret,
3031 2829 3269 2879 attamen
3297 2823 3389 2878 dat
3410 2824 3500 2880 ille
3525 2828 3698 2882 ratio-

2107 2922 2229 2962 nem
2257 2908 2604 2979 multiplicem
2630 2910 2699 2965 de
2738 2912 3007 2976 omnibus,
3042 2928 3141 2969 nec
3165 2914 3234 2969 de
3261 2915 3579 2985 quibusdam
3610 2933 3702 2974 so-

2107 2999 2239 3056 lum.
2269 3002 2337 3055 Et
2364 3004 2716 3074 responsione
2742 3019 2835 3058 sua
2860 3005 2976 3060 hmc
3001 3006 3112 3062 fere
3135 3007 3267 3062 dicit
3295 3025 3309 3062 :
3338 3010 3608 3065 Accusant
3636 3012 3703 3067 de

2104 3092 2390 3160 seditione,
2422 3105 2678 3150 accusant
2706 3096 2775 3152 de
2804 3097 2995 3153 harresi
3037 3109 3093 3154 et
3123 3101 3265 3169 quod
3298 3103 3555 3170 templum
3587 3106 3702 3158 vin-

2106 3182 2326 3239 laverim
2360 3186 2471 3241 :de
2500 3188 2751 3244 omnibus
2778 3188 3040 3245 rationem
3085 3191 3293 3246 reddo:
3334 3191 3498 3246 Vitam
3538 3212 3702 3251 meam

2102 3292 2135 3328 α
2154 3278 2421 3347 juventute
2448 3279 2611 3333 sciunt
2632 3296 2805 3335 omnes
2826 3281 3001 3336 ludasi
3027 3298 3047 3336 :
3073 3283 3217 3351 quod
3243 3298 3273 3338 a
3305 3286 3543 3341 moribus
3565 3289 3702 3344 meis

2102 3369 2394 3425 abhorreat
2419 3371 2711 3426 seditiones
2741 3373 3001 3436 excitare,
3032 3383 3375 3431 accusatores
3401 3377 3502 3447 ipsi
3536 3386 3700 3436 testes

2102 3468 2245 3515 sunt.
2278 3460 2431 3529 Quod
2458 3462 2620 3517 etiam
2660 3471 2814 3517 antea
2858 3463 3012 3529 dixit,
3044 3463 3347 3519 xEmulator
3373 3473 3701 3536 paternarum

2103 3570 2329 3607 mearum
2367 3555 2719 3618 traditionum,
2769 3554 2818 3608 id
2849 3563 2900 3608 et
2942 3554 3043 3610 hoc
3073 3555 3193 3609 loco
3231 3558 3571 3614 subindicat:
3611 3561 3701 3616 Vi-

2101 3644 2295 3697 tamab
2343 3643 2685 3698 adolescentia
2728 3660 2858 3697 mea.
2912 3645 2979 3699 Et
3024 3644 3243 3713 quando
3283 3650 3511 3716 populus
3555 3660 3698 3707 totus

2100 3735 2307 3798 aderat,
2340 3741 2466 3788 tunc
2492 3734 2704 3788 illorum
2735 3733 2964 3790 advocat
2996 3736 3382 3791 testimonium.
3406 3738 3590 3810 Neque
3607 3757 3697 3796 so~

2100 3826 2206 3879 lum
2233 3825 2300 3879 ad
2324 3825 2497 3896 Lysiae
2524 3825 2756 3880 tribunal
2786 3826 2887 3882 hoc
2911 3825 3059 3893 fecit,
3086 3827 3247 3882 etiam
3271 3829 3410 3899 apud
3436 3830 3651 3888 Festum
3677 3855 3690 3888 :

2099 3928 2153 3973 et
2180 3933 2366 3974 rursus
2408 3917 2515 3986 hic,
2548 3933 2671 3974 cum
2716 3918 2896 3989 plures
2925 3920 3169 3975 aderant.
3206 3921 3320 3976 Illic
3363 3933 3544 3980 autem
3586 3941 3692 3983 non

2100 4013 2265 4067 multa
2295 4012 2610 4067 defensione
2638 4026 2777 4081 opus
2804 4020 2939 4076 erat,
2968 4027 3089 4066 cum
3119 4011 3291 4067 literae
3317 4013 3491 4085 Lysia:
3519 4016 3692 4085 ipsum

2099 4105 2451 4161 dimitterent.
2483 4103 2667 4158 Sciunt
2693 4118 2866 4155 omnes
2891 4101 3084 4167 Judwi,
3114 4103 3306 4172 inquit,
3333 4105 3419 4173 qui
3431 4107 3547 4174 jam
3570 4107 3697 4161 oliui

2099 4214 2179 4254 me
2204 4207 2467 4252 noverunt.
2510 4197 2575 4250 Et
2610 4210 2716 4249 non
2744 4195 2902 4259 dixit,
2930 4194 3100 4265 qualis
3127 4209 3223 4249 sua
3252 4196 3356 4249 vita
3380 4211 3393 4259 ;
3441 4198 3538 4252 sed
3574 4198 3695 4253 illu-

2100 4306 2218 4346 rum
2240 4290 2587 4344 conscientiae
2616 4286 2890 4356 relinquit.
2934 4297 2989 4342 et
3028 4296 3197 4342 totum
3230 4288 3281 4342 in
3313 4298 3515 4344 sectam
3561 4292 3692 4360 reji-

2098 4390 2170 4443 cit
2201 4406 2214 4441 :
2244 4385 2368 4440 hinc
2392 4383 2685 4439 ostendens
2726 4396 2788 4437 se
2815 4396 2922 4435 non
2952 4381 3096 4435 illam
3127 4380 3462 4436 deiecturum
3504 4385 3688 4453 fuisse,

2098 4482 2140 4535 si
2170 4480 2340 4534 malus
2362 4477 2553 4532 fuisset
2574 4485 2628 4531 et
2650 4472 2941 4544 improbus.
2972 4473 3075 4527 Pro
3104 4483 3247 4528 secta
3280 4474 3441 4545 igitur
3462 4474 3580 4540 hac,
3609 4478 3696 4531 in-

2098 4574 2232 4644 quit,
2257 4581 2340 4627 sto
2351 4569 2609 4640 judicium
2636 4566 2875 4620 subiens.
2894 4565 3019 4620 llaec
3043 4565 3110 4619 ab
3136 4566 3243 4621 illis
3264 4582 3478 4636 quoque
3503 4566 3692 4622 defen-

2098 4665 2261 4731 ditur,
2280 4672 2497 4733 propter
2516 4660 2654 4714 hanc
2676 4664 2982 4726 precantur,
3003 4665 3221 4725 propter
3239 4655 3380 4710 hanc
3411 4656 3576 4712 Deum
3596 4673 3662 4711 co
3676 4686 3689 4697 ι

2101 4760 2233 4819 lunt,
2265 4768 2323 4811 ut
2344 4757 2480 4810 hanc
2496 4756 2891 4820 consequantur
2923 4766 2935 4803 :
2969 4748 3109 4803 hanc
3139 4764 3238 4819 ego
3264 4751 3525 4804 annuntio
3542 4759 3597 4805 et
3622 4751 3690 4807 de

2101 4851 2197 4905 hac
2210 4865 2305 4919 spe
2321 4843 2714 4913 accuSor.Ergo
2726 4841 3103 4897 insanientium
3118 4850 3221 4903 est,
3238 4841 3415 4894 omnia
3430 4839 3607 4896 facere
3623 4843 3690 4896 ad

2101 4942 2243 4996 illam
2264 4933 2677 5007 assequendam,
2690 4942 2746 4986 et
2760 4948 2881 4988 emn
2897 4931 2987 5001 qui
3005 4931 3057 4984 in
3076 4930 3220 4985 illam
3233 4930 3404 4986 credit
3422 4932 3692 5000 persequi.

2105 5032 2237 5086 Mihi
2256 5039 2427 5083 autem
2440 5027 2603 5081 visum
2628 5034 2718 5089 est,
2745 5023 2936 5093 inquit,
2959 5021 3199 5076 adversus
3224 5037 3405 5074 nomen
3424 5020 3549 5075 Jesu
3573 5020 3687 5074 Na-

2102 5123 2277 5177 zareni
2297 5130 2528 5191 oportere
2546 5118 2718 5172 omnia
2737 5116 2996 5170 contraria
3024 5119 3191 5186 facere
3210 5131 3230 5180 ;
3258 5112 3308 5167 id
3325 5120 3427 5175 est,
3446 5112 3689 5167 Judicavi

2106 5220 2219 5270 tunc
2239 5212 2478 5268 facienda
2501 5224 2643 5276 esse,
2658 5210 2783 5278 quia
2802 5223 2906 5262 non
2925 5221 3073 5262 eram
3091 5220 3160 5261 ex
3175 5204 3449 5273 discipulis
3467 5202 3690 5268 Christi,

2104 5310 2197 5363 sed
2227 5324 2291 5363 ex
2325 5302 2764 5375 impugnantibus
2806 5317 2949 5356 eum.
3000 5299 3125 5353 Ideo
3165 5296 3271 5351 ﬁde
3309 5296 3499 5365 dignus
3543 5297 3695 5350 testis

2103 5411 2209 5465 est,
2240 5398 2364 5468 quia
2392 5396 2519 5452 dum
2550 5394 2717 5448 millia
2746 5391 2965 5455 faceret,
3014 5398 3074 5442 ut
3110 5387 3297 5441 ﬁdeles
3336 5387 3693 5455 impugnaret,

2104 5492 2230 5546 dum
2262 5489 2637 5559 blasphemare
2664 5484 2938 5548 suaderet,
2967 5479 3253 5547 omniaque
3275 5488 3537 5543 moveret,
3559 5478 3697 5533 civi-

2106 5595 2263 5649 tates,
2292 5581 2584 5652 pnncipes,
2616 5584 2669 5632 et
2698 5590 2797 5644 per
2825 5574 3059 5643 seipsum
3091 5570 3206 5625 haec
3232 5568 3452 5635 faceret,
3495 5570 3573 5626 sic
3600 5570 3698 5625 de-

2109 5681 2328 5743 repente
2358 5678 2589 5724 mutatus
2610 5675 2712 5720 est.
2742 5664 2944 5718 Deinde
2971 5676 3183 5718 rursum
3209 5668 3392 5724 testes,
3424 5663 3513 5732 qui
3541 5664 3698 5719 simul

2110 5768 2332 5822 aderant
2364 5781 2379 5818 :
2407 5761 2604 5817 deinde
2633 5756 2868 5813 ostendit
2909 5772 2967 5812 se
2990 5756 3112 5827 jure
3139 5754 3454 5820 credidisse,
3496 5771 3526 5809 a
3557 5757 3696 5822 luce,

2112 5877 2137 5913 a
2167 5855 2459 5930 prophetis,
2509 5854 2575 5909 ab
2605 5849 2909 5918 eventibus,
2954 5859 3009 5908 et
3055 5849 3121 5904 ab
3149 5849 3215 5904 iis
3242 5862 3360 5918 qua‘.
3396 5864 3533 5905 nunc
3566 5846 3699 5902 facta
