2056 3209
206 183 262 211 3L3

204 246 296 270 sunt:
313 242 404 269 subdit
420 241 492 270 enim
510 251 516 270 :
534 240 620 268 Media
644 241 685 267 die
699 241 726 267 in
739 240 791 272 via,
814 245 837 267 et
858 239 910 266 uidi
931 238 1012 265 lucem

208 297 251 315 rue
266 288 511 324 circumi-(gentem,
528 293 551 315 et
573 296 626 321 eos,
651 287 694 322 qui
717 295 814 314 mecum
839 286 920 313 ibant.
945 285 1012 313 Vide

210 341 285 369 ergo,
302 333 438 369 quomodo
453 337 480 360 et
494 340 508 359 a
523 333 673 369 prophetis,
689 337 717 359 et
732 332 766 359 ab
781 331 834 365 his,
850 331 916 366 ipsis
930 330 1008 358 ﬁdem

206 381 299 408 iaciat.
312 379 350 408 Ne
362 381 434 408 enim
448 379 586 407 videretur
597 380 737 413 innovare,
750 379 800 407 etsi
815 386 910 413 magna
920 378 1004 405 dicere

211 431 311 461 posset,
338 433 446 453 rursum
469 425 503 453 ad
528 425 673 460 prophetas
693 423 821 460 confugit,
837 428 865 452 et
887 423 960 459 ipsos
982 422 1006 449 ii»

210 472 299 500 medio
322 472 409 508 ponit.
432 472 488 500 Hoc
515 471 567 500 ﬁde
594 471 700 507 dignius
722 476 801 499 erat:
818 475 910 506 utpote
936 468 1008 504 quod

205 526 282 546 nunc
294 523 439 551 evenerat;
455 518 502 546 sed
518 518 580 553 quia
603 517 661 552 ipse
674 517 748 545 solus
771 516 885 549 viderat,
900 522 1007 543 rursum

208 572 223 592 a
239 565 376 600 prophetis
392 564 544 592 conﬁrmat.
560 563 592 591 Et
606 562 742 598 perpende
755 562 829 589 illum
844 569 897 590 non
911 560 1006 589 eodem

205 610 291 638 modo
306 611 331 638 in
344 610 455 646 judicio,
472 614 499 638 et
521 610 547 637 in
563 609 677 637 ecclesia
701 609 837 637 disserere
853 618 859 635 :
876 615 937 636 nam
953 607 1007 635 illic

207 657 315 692 quidem
332 657 409 690 dixit,
425 656 583 688 Occidistis;
599 656 643 683 hic
657 663 722 684 vero
737 655 802 683 nihil
817 655 880 688 tale,
895 662 929 682 ne
947 661 1005 681 am-

206 703 277 739 plius
292 702 411 731 furorem
427 702 615 736 succenderet,
630 702 678 729 sed
692 701 762 729 idem
775 702 862 737 ipsutn
877 699 1003 733 ostendit,

205 748 300 777 dicens
315 757 321 775 :
339 748 369 776 Si
391 748 520 785 passibilis
541 747 667 776 Christus.
682 747 727 775 Sic
740 747 800 774 illos
812 755 828 774 a
843 746 956 774 crimine
971 745 1004 772 li-

205 795 292 823 berat.
317 795 408 830 Igitur,
432 795 457 822 id
482 794 553 830 quod
575 802 627 829 ego
648 794 788 826 annuntio,
814 801 877 820 num
902 793 1004 827 primus

206 845 374 868 mortuorum
387 840 575 872 resurrexerit,
598 839 624 867 id
636 847 667 867 ex
680 838 818 874 prophetis
827 838 982 865 demonstro
994 846 1001 864 :

204 895 267 916 nam
285 893 309 915 et
332 887 472 923 propheta:
492 887 543 914 hoc
556 886 726 914 annuntiant.
746 885 838 920 Itaque
849 891 1002 912 sermonem

203 941 293 962 meum
309 934 433 968 accipite,
448 939 476 960 ut
486 933 531 967 qui
546 937 587 960 est
607 932 808 967 prophetarum.
829 931 897 965 Quia
911 934 1001 958 autem

203 980 333 1007 visionem
349 979 462 1011 dixerat,
480 978 588 1006 demum
602 985 663 1006 cum
677 978 801 1006 libertate
815 978 943 1012 praeclara
955 984 1002 1012 ge-

202 1031 242 1053 sta
258 1030 359 1053 narrat.
374 1025 502 1059 Quaenam
519 1024 586 1051 illa?
604 1023 638 1051 Ut
656 1023 768 1059 aperias,
791 1022 887 1057 inquit,
903 1022 1000 1055 oculos,

202 1076 225 1098 et
239 1075 369 1098 convertas
381 1079 397 1097 α
417 1070 525 1098 tenebris
537 1070 572 1096 ad
591 1070 683 1104 lucem,
699 1074 723 1097 et
738 1078 754 1096 a
769 1073 892 1104 potestate
904 1073 1002 1095 satana:

201 1117 235 1144 art
248 1116 341 1144 Deum.
358 1116 398 1143 Ad
411 1116 458 1143 hoc
472 1116 550 1148 enim,
568 1115 663 1151 inquit,
679 1115 790 1150 αμμανυί
804 1114 858 1148 tibi,
881 1114 932 1142 hoc
947 1119 998 1147 est,

201 1169 254 1189 non
267 1166 295 1189 ut
309 1162 428 1196 puniam.
444 1160 490 1189 sed
506 1165 535 1188 ut
548 1160 699 1196 apostolum
713 1164 739 1188 te
755 1160 863 1187 faciam.

236 1208 366 1235 Fidelith
381 1208 446 1234 bona
459 1215 527 1241 quae.
538 1221 574 1228 —-
586 1206 661 1238 Vide,
678 1206 748 1234 mala
763 1213 824 1241 qure
844 1204 999 1233 incredulos

200 1255 320 1282 detinent
336 1253 465 1287 ostendit,
489 1259 610 1281 satanatn
633 1258 658 1281 et
680 1253 825 1287 tenebras;
842 1252 912 1280 sicut
934 1251 998 1280 ﬁde-

200 1302 264 1329 Hum
278 1302 347 1329 bona
364 1306 425 1328 sunt
439 1301 495 1334 lux,
513 1301 593 1334 Deus,
608 1307 669 1328 sors
690 1304 857 1328 sanctorum.
879 1299 935 1328 Nec
954 1307 998 1328 so-

199 1348 253 1375 lum
264 1347 297 1375 ad
310 1347 495 1382 pmnitentiam
510 1346 643 1380 hortatur,
654 1346 702 1374 scd
714 1346 747 1374 ad
758 1346 908 1374 mirabilem
920 1354 998 1382 agen-

198 1394 258 1421 dam
270 1395 360 1421 vitam.
375 1393 408 1421 Et
419 1393 479 1421 vide
491 1393 589 1428 ubique
599 1397 694 1428 gentes
704 1393 821 1420 sermoni
833 1393 978 1428 permixtas
988 1396 994 1421 :

199 1448 261 1468 nam
276 1441 321 1476 qui
344 1440 466 1473 aderant,
483 1447 516 1467 ex
532 1439 658 1475 gentibus
673 1444 759 1466 erant.
775 1439 937 1474 Testiﬁcam,
956 1441 996 1467 in-

198 1486 266 1522 quit,
282 1491 334 1512 tum
348 1493 426 1520 pano
440 1490 492 1512 tant
507 1493 610 1520 niagno.
626 1485 739 1520 Propter
753 1484 854 1512 milites
869 1485 903 1512 ita
917 1485 995 1513 dixit.

200 1531 302 1559 Deinde
310 1530 481 1558 defendentis
487 1538 516 1558 se
520 1530 618 1558 ordine
625 1530 680 1557 dim
684 1530 869 1564 isso,doctoris
875 1530 996 1558 ordinem

198 1578 301 1613 accepit
311 1586 318 1605 :
330 1577 391 1605 ideo
399 1577 436 1604 ait
449 1577 544 1605 Festus
553 1577 590 1604 illi
601 1586 608 1604 :
621 1576 735 1604 Insanis.
746 1576 841 1604 Postea
851 1584 884 1604 ne
892 1576 998 1604 videre-

199 1631 242 1653 tur
257 1626 314 1660 ipse
323 1624 418 1652 doctor
428 1631 498 1656 esse,
515 1623 614 1651 inducit
624 1623 768 1658 prophetas
778 1627 805 1650 et
816 1623 934 1659 Moysem
946 1632 953 1649 :
966 1623 997 1651 Si

198 1671 327 1707 possibilia
339 1692 347 1704 ,
364 1670 471 1706 inquit,
493 1670 616 1703 Clu-istas,
632 1670 655 1697 si
667 1669 764 1705 primus
774 1677 805 1696 ea:
814 1670 997 1697 resurrectione

197 1722 353 1745 mortuorum
368 1718 449 1745 lucem
463 1717 661 1744 annnntiatttrtts
675 1716 707 1743 sit
722 1716 817 1751 populo
830 1720 854 1743 et
868 1716 992 1751 gentibus.

197 1764 290 1792 Festus
303 1772 394 1799 magna
411 1771 469 1790 uoce
481 1763 557 1790 dixit.
579 1762 624 1790 Sic
646 1761 745 1789 furoris
758 1765 787 1789 et
799 1762 846 1789 ira:
858 1769 910 1790 vox
925 1766 993 1790 erat.

233 1811 260 1838 4,
277 1809 346 1843 Quid
360 1817 426 1844 ergo
442 1808 562 1836 Paulus?
586 1807 647 1835 Non
673 1813 711 1835 est
733 1808 759 1835 in
779 1808 875 1844 angulo
896 1813 994 1844 gestum

196 1855 245 1882 hoc
256 1875 264 1888 ,
278 1855 326 1882 ait.
339 1854 387 1882 llic
401 1854 435 1881 de
448 1861 529 1881 cruce
543 1853 663 1888 loquitur
677 1858 705 1881 et
717 1853 751 1881 de
774 1854 992 1889 resurrectione,

196 1905 224 1928 et
237 1901 307 1936 quod
323 1892 419 1935 dogma
436 1900 535 1934 ubique
550 1904 682 1926 terrarum
705 1900 865 1935 pervaserit.
888 1900 992 1934 Credis,

197 1947 301 1982 inquit,
317 1955 363 1973 rex
377 1945 503 1982 Agrippa.
518 1943 576 1972 Non
597 1944 684 1978 dixit,
703 1944 902 1973 Resurrectioni
915 1965 923 1979 ,
946 1945 1005 1976 sed,

199 1991 346 2026 Prophetis.
361 1990 462 2018 Deinde
477 1994 645 2025 praeoccupat
657 1989 731 2017 illum
742 2010 750 2021 ,
764 1994 792 2017 et
809 1990 875 2017 dicit
889 1999 896 2018 :
911 1990 972 2018 Scio
983 2011 992 2024 ,

197 2038 267 2073 quod
279 2037 371 2065 credis.
385 2037 432 2065 Cui
448 2036 564 2072 Agrippa
580 2045 586 2063 :
602 2035 635 2063 In
648 2037 747 2063 modico
760 2036 822 2063 milii
836 2037 927 2065 suades
937 2038 993 2072 ﬁeri

195 2083 378 2111 Christianum.
405 2083 463 2111 Non
488 2082 621 2110 intellexit
646 2082 764 2116 Paulus,
787 2083 852 2118 quid
881 2084 934 2116 sit,
958 2084 992 2112 In

195 2130 314 2163 modico,-
337 2129 384 2157 sed
410 2128 513 2164 putavit
533 2127 585 2156 hoc
605 2128 757 2164 signiﬁcare
769 2149 776 2161 ,
801 2128 842 2157 Ex
861 2130 967 2157 modico
983 2139 990 2158 :

196 2175 258 2203 ideo
272 2175 312 2202 sic
327 2174 491 2209 respondet;
512 2174 547 2201 ita
570 2173 651 2201 idiota
674 2178 743 2202 erat.
767 2174 800 2202 Et
825 2182 877 2203 non
902 2175 990 2209 dixit,

195 2220 312 2253 Vellem,
328 2219 375 2247 sed
385 2241 393 2253 ,
409 2217 541 2254 Optarent,
556 2227 606 2246 non
619 2219 702 2247 solum
715 2224 749 2253 te,
761 2220 806 2247 sed
817 2221 891 2247 etiam
905 2229 991 2249 omnes

197 2266 339 2293 audientem
354 2265 422 2293 Vide
434 2265 595 2293 adulationis
610 2270 748 2300 expertetn
761 2273 924 2294 sermonem.
934 2266 990 2303 0p-

196 2317 276 2340 tarent
287 2332 295 2346 ,
310 2311 411 2347 inquit,
428 2311 503 2338 Itodie
517 2319 602 2338 omnes
617 2312 673 2346 ﬁeri
687 2312 751 2339 tales
760 2332 768 2344 ,
784 2312 868 2347 quatis
879 2321 924 2348 ego
934 2321 991 2341 sum

195 2358 306 2394 exceptis
316 2358 425 2384 uinculis
438 2357 488 2384 his.
503 2356 569 2385 Vide
585 2367 591 2384 :
607 2357 652 2393 qui
666 2358 797 2392 gloriatur
811 2358 838 2385 in
855 2358 968 2387 vinculis
980 2380 988 2393 ,

195 2404 241 2439 qui
257 2403 359 2439 profert
371 2403 416 2431 illa
426 2404 497 2431 sicut
507 2407 630 2431 catenam
653 2411 761 2431 auream
775 2424 782 2436 ,
797 2404 841 2432 illa
855 2412 926 2433 nunc
940 2405 990 2433 de-

194 2453 331 2486 precatur.
358 2449 392 2477 Et
419 2456 453 2476 ne
472 2448 702 2477 mireriszadhuc
727 2450 799 2477 enim
828 2450 989 2479 inﬁrmiores

196 2499 285 2528 erant,
296 2500 324 2522 et
336 2495 373 2522 illi
382 2499 579 2529 attemperatus
588 2502 678 2523 sermo
690 2500 758 2523 erat.
770 2496 837 2524 Nam
850 2497 920 2532 quod
933 2498 988 2526 vin-

194 2543 255 2569 cula
267 2541 357 2576 magni
374 2541 492 2574 faceret,
507 2541 567 2569 vide
589 2542 725 2577 quomodo
744 2543 769 2570 in
797 2543 926 2578 Epistolis
945 2546 990 2573 illa

193 2596 305 2624 semper
320 2592 458 2624 prtepouat
468 2587 545 2622 aliis,
561 2588 654 2617 dicens
670 2598 676 2617 :
698 2589 796 2617 Paulus
811 2592 908 2619 vinetus
927 2593 989 2620 Iesu

195 2634 418 2670 Christi(Ephes.
432 2634 459 2662 5.
479 2634 527 2669 Ι);
543 2640 570 2662 et
590 2640 707 2668 rursum,
729 2635 793 2663 Ideo
812 2636 994 2672 circumposita

195 2686 233 2708 est
242 2681 304 2707 mihi
316 2685 416 2713 catena,
432 2679 477 2708 sed
489 2681 590 2708 uerbum
608 2680 654 2708 Dei
664 2689 715 2708 non
731 2686 766 2708 est
777 2682 933 2716 alligatum;
951 2690 990 2717 et,

199 2725 283 2761 Usque
296 2727 329 2753 ad
341 2727 442 2754 uincula
451 2726 523 2761 quasi
533 2726 681 2762 malefactor
693 2726 808 2762 (Colon.
823 2728 852 2755 4.
872 2728 900 2760 5,
917 2733 940 2755 et
962 2728 990 2762 Ξ,

197 2770 265 2800 Tim.
276 2772 305 2799 2.
318 2772 356 2806 9).
368 2772 446 2804 Vide,
459 2779 512 2799 non
523 2772 603 2799 modo
616 2772 721 2800 vincula
736 2774 827 2807 ponit;
851 2772 897 2800 sed
911 2774 990 2801 etiam

199 2817 279 2849 Quasi
294 2818 444 2852 umlefacter
457 2811 570 2850 addidit,
581 2825 682 2852 augens
691 2816 857 2845 vinculorum
868 2818 990 2854 gloriam.

199 2862 303 2896 Duplex
316 2863 487 2898 supplicium,
499 2863 571 2898 quod
585 2863 682 2898 ligatus
705 2868 798 2896 esset,
824 2869 852 2892 et
872 2864 944 2900 quod
963 2871 992 2893 ut

199 2908 364 2937 nalciaetor.
380 2909 447 2937 Nam
462 2911 483 2937 si
504 2911 540 2937 ita
559 2910 681 2946 alligatus
705 2910 817 2944 inisset.
844 2914 920 2949 quasi
945 2924 992 2950 pro

583 182 611 211 S.
631 181 769 211 JOANNIS
787 178 1025 210 CIIRYSOSTOHI
1044 178 1203 211 ARCHIEP.
1224 180 1490 210 CONSTANTINOP.

1811 185 1861 213 εοι

1065 237 1136 265 bono
1147 245 1231 273 opere
1242 258 1250 270 ,
1266 237 1383 274 aliquam
1396 239 1609 267 consolationem
1620 239 1774 274 habuisset;
1791 249 1861 270 nunc

1064 288 1155 311 autem
1171 288 1201 311 ut
1215 284 1389 319 malefactor,
1403 291 1430 312 et
1444 286 1519 320 quasi
1540 286 1564 312 in
1580 287 1743 321 gravissimis
1762 288 1859 322 depre-

1065 329 1164 357 hensus
1182 338 1188 355 :
1203 334 1231 357 et
1245 335 1333 358 tamen
1347 330 1414 358 nihil
1431 332 1487 358 lure
1501 331 1621 358 curabat.
1637 332 1708 359 Talis
1720 338 1760 360 est
1771 334 1859 361 anima

1062 375 1163 402 caelesti
1177 383 1269 403 amore
1287 375 1410 404 sublimis
1424 376 1529 403 effecta.
1548 377 1613 404 Nam
1639 378 1660 404 si
1685 378 1716 411 ii,
1739 379 1784 413 qui
1810 379 1860 407 huc

1063 419 1134 455 turpi
1145 427 1238 448 amore
1248 419 1372 456 ﬂagrant,
1388 421 1453 448 nihil
1469 426 1563 456 putant
1580 422 1619 448 vel
1642 423 1788 458 gloriosum
1814 425 1855 451 vel

1061 466 1208 501 pretiosum
1219 487 1227 500 ,
1243 467 1291 495 sed
1304 475 1334 495 ea
1350 467 1453 500 solum,
1470 476 1529 502 qua:
1554 470 1778 503 concupiscenti-.1:
1801 478 1857 498 sue

1061 512 1193 541 inzcrvire
1208 519 1336 550 possuttt,
1351 514 1468 550 gloriosa
1487 520 1513 541 et
1529 515 1645 549 pretiosa
1663 515 1785 550 jmlicant
1797 537 1805 549 ,
1830 522 1857 544 et

1061 560 1161 587 amasio
1178 560 1206 587 ﬁt
1219 561 1258 588 eis
1272 561 1361 588 omnia
1378 569 1384 587 :
1398 561 1481 587 multo
1498 562 1582 596 magis
1594 562 1610 588 ii
1623 583 1629 595 ,
1644 563 1688 597 qui
1703 562 1753 589 hoc
1764 571 1857 591 amore

1060 607 1130 642 capti
1142 611 1222 640 sunt,
1237 607 1313 635 nihili
1325 607 1424 635 faciunt
1438 608 1564 642 pretiosa.
1579 608 1654 641 Quod
1668 609 1689 635 si
1710 609 1780 636 dit-ta
1802 617 1855 637 non

1060 653 1254 689 intelligamus,
1266 653 1332 680 nihil
1345 653 1441 680 mirutn
1456 662 1462 680 :
1477 654 1503 680 in
1518 653 1568 680 hac
1580 655 1853 689 quippephilosophia

1059 698 1174 733 imperiti
1189 706 1292 726 sumus.
1305 698 1332 727 Si
1345 699 1404 734 quis
1416 699 1486 726 enim
1510 700 1569 734 igne
1589 699 1689 727 Christi
1713 702 1834 735 capiatur
1849 722 1856 734 ,

1058 746 1119 774 talis
1131 745 1263 780 efﬁcitur,
1276 745 1363 781 qualis
1378 745 1459 773 fuerit
1470 746 1550 774 homo
1561 746 1634 774 solus
1647 747 1671 774 in
1693 753 1763 774 terra
1775 747 1854 775 habi-

1057 798 1117 822 tans
1132 802 1139 821 :
1152 794 1192 822 sic
1204 794 1271 822 nihil
1285 798 1370 825 curat.
1383 801 1436 821 non
1451 794 1574 829 gloriam,
1592 802 1643 821 non
1659 794 1831 829 ignominiam
1844 803 1849 827 ;

1055 841 1104 868 sed
1119 841 1189 869 sicut
1201 841 1223 868 is
1233 861 1241 874 ,
1255 841 1300 875 qui
1326 840 1399 868 solus
1411 842 1543 868 habitaret
1555 862 1562 873 ,
1579 841 1713 868 nominent
1728 847 1835 869 curaret
1845 862 1852 873 .

1055 886 1095 914 sic
1106 887 1241 914 neminem
1257 886 1301 914 ille
1313 891 1400 914 curat.
1414 887 1589 914 Tentationcs
1603 892 1708 919 autem,
1728 888 1830 922 ﬂagella
1845 908 1853 921 ,

1055 940 1180 961 carceres
1195 933 1231 961 ita
1246 933 1413 965 contemnit,
1429 941 1459 960 ac
1475 934 1495 959 si
1517 934 1543 960 in
1558 934 1646 960 alieno
1665 941 1778 969 corpore
1797 935 1855 962 hmo

1055 983 1209 1014 pateretur,
1222 983 1249 1006 ct
1265 986 1296 1006 ac
1308 979 1331 1007 si
1346 978 1520 1006 adamantino
1538 984 1611 1007 esset
1621 987 1733 1015 corpore
1745 989 1750 1013 ;
1764 988 1795 1008 ea
1806 989 1854 1007 att-

1055 1028 1120 1056 tem,
1137 1031 1197 1059 qua:
1210 1024 1302 1052 suavia
1316 1024 1342 1051 in
1359 1023 1409 1051 hac
1423 1024 1475 1051 vita
1487 1028 1559 1057 sunt,
1571 1024 1606 1051 ita
1620 1024 1734 1058 deridet,
1751 1030 1777 1053 et
1789 1033 1851 1061 erga

1054 1069 1098 1097 illa
1116 1070 1279 1097 insensibilis
1294 1075 1336 1098 est
1346 1090 1353 1103 ,
1371 1074 1399 1097 ut
1414 1078 1462 1097 nos
1477 1078 1538 1105 erga
1552 1075 1654 1098 mortua
1670 1078 1794 1105 corpora,
1811 1071 1851 1098 vel

1053 1123 1084 1143 ac
1095 1118 1116 1143 sl
1125 1116 1174 1151 ipsi
1185 1116 1283 1143 mortui
1297 1115 1391 1143 simus.
1403 1116 1517 1142 Tantum
1531 1123 1611 1150 porro
1624 1115 1710 1149 abest,
1721 1120 1750 1143 ut
1762 1116 1851 1151 aliquo

1052 1161 1148 1189 alfectu
1163 1162 1296 1197 capiatur,
1312 1166 1441 1197 qttantum
1457 1169 1552 1188 aurum
1577 1162 1637 1196 igne
1661 1162 1804 1196 probatum
1824 1167 1852 1190 et

1053 1217 1149 1245 purutn
1163 1217 1178 1236 a
1191 1208 1316 1236 sordibus
1334 1208 1447 1236 liberum
1464 1213 1514 1235 est.
1531 1208 1606 1235 Sicut
1621 1208 1692 1235 enim
1707 1217 1806 1236 musca:
1824 1210 1849 1236 in

1052 1255 1167 1283 mediam
1183 1254 1318 1282 ﬂammam
1340 1261 1394 1281 non
1417 1254 1579 1287 inciderint,
1599 1253 1646 1280 sed
1671 1254 1794 1289 fugiunt:
1811 1254 1850 1282 sic

1052 1308 1102 1329 nec
1111 1300 1195 1328 animi
1206 1299 1319 1327 affectus
1333 1299 1368 1327 ad
1390 1299 1459 1326 hunc
1475 1300 1561 1334 ignctn
1584 1299 1714 1327 accedere
1735 1300 1846 1327 audent.

1051 1347 1086 1375 Et
1097 1347 1194 1375 horum
1206 1346 1304 1374 vellem
1320 1346 1442 1381 exempla
1465 1354 1496 1373 ex
1520 1345 1597 1373 nobis
1616 1345 1680 1380 ipsis
1704 1346 1847 1380 prol'erre;

1050 1393 1112 1429 quia
1123 1400 1189 1420 vero
1200 1392 1295 1427 inopes
1305 1400 1409 1424 sumus,
1426 1399 1535 1419 necesse
1547 1395 1588 1418 est
1601 1411 1608 1423 ,
1626 1397 1653 1418 ut
1664 1391 1697 1418 ad
1710 1392 1784 1418 illum
1809 1392 1848 1427 ip-

1050 1447 1109 1467 sutn
1119 1439 1313 1474 confugiamus.
1326 1438 1392 1466 Vide
1404 1443 1503 1470 autem,
1515 1438 1651 1473 quomodo
1663 1438 1707 1466 ille
1720 1439 1775 1474 ipse
1786 1447 1848 1474 erga

1051 1489 1136 1513 totum
1148 1477 1278 1512 mundum
1289 1484 1400 1512 aﬁ'ectus
1408 1489 1488 1511 esset.
1507 1483 1572 1510 illi/ti
1587 1484 1697 1511 mundus
1710 1485 1848 1519 cruciﬁxus

1050 1537 1101 1565 est,
1117 1532 1213 1568 inquit,
1230 1536 1254 1559 et
1268 1540 1313 1568 ego
1326 1533 1421 1559 mundo
1439 1531 1517 1567 (Gal.
1532 1531 1559 1559 6.
1579 1532 1627 1567 Η)
1639 1540 1646 1564 ;
1660 1532 1685 1559 id
1697 1537 1753 1564 est,
1770 1533 1843 1560 Mor‘

1050 1583 1112 1607 tuus
1121 1587 1180 1607 sum
1194 1578 1304 1611 mundo,
1315 1583 1342 1605 ct
1352 1578 1396 1606 ille
1408 1578 1471 1605 mihi
1484 1582 1605 1605 mortuus
1614 1582 1664 1605 est.
1677 1578 1707 1605 Et
1716 1587 1822 1606 rursum
1836 1587 1843 1605 :

1056 1624 1117 1652 Vivo
1129 1630 1214 1651 autem
1222 1625 1280 1659 jam
1294 1631 1346 1650 non
1361 1631 1417 1658 ego,
1430 1623 1488 1649 vivit
1499 1631 1555 1649 vero
1564 1623 1590 1649 in
1601 1631 1639 1649 me
1657 1622 1772 1650 Christus
1785 1623 1841 1658 (Id.

1048 1670 1075 1697 2.
1093 1670 1128 1698 20
1138 1670 1161 1706 ).
1178 1670 1241 1698 Haec
1251 1670 1341 1697 dicere
1351 1670 1435 1697 solius
1449 1674 1489 1696 est
1502 1668 1585 1696 Pauli.
1607 1668 1660 1695 Nos
1684 1673 1773 1695 autem
1798 1670 1843 1704 qui

1050 1720 1153 1744 tantum
1163 1716 1198 1744 ab
1212 1715 1260 1744 illo
1275 1715 1413 1748 absumus,
1431 1719 1557 1750 quantum
1568 1714 1660 1741 cadum
1672 1722 1685 1740 a
1698 1719 1780 1747 terra,
1794 1723 1844 1742 nos

1048 1762 1246 1791 abscondamus
1266 1769 1299 1790 ac
1318 1769 1405 1797 neque
1425 1769 1455 1789 os
1474 1761 1579 1796 aperire
1595 1760 1750 1788 audeamus.
1766 1761 1845 1795 Quod

1047 1814 1136 1837 autem
1150 1808 1226 1844 quasi
1238 1809 1264 1836 in
1279 1808 1424 1836 solitudine
1444 1812 1530 1841 esset,
1548 1812 1575 1835 et
1596 1807 1634 1834 sic
1650 1807 1792 1841 prmsentia
1807 1815 1846 1834 re-

1047 1855 1164 1890 spiceret
1175 1874 1183 1887 ,
1197 1854 1258 1881 audi
1275 1854 1349 1881 illum
1368 1854 1501 1881 dicentem
1518 1861 1524 1880 :
1542 1853 1602 1880 Non
1624 1852 1843 1880 considerantibus

1047 1900 1118 1928 nobis
1133 1907 1190 1934 quae
1203 1899 1330 1932 uidentur,
1345 1899 1390 1926 sed
1402 1907 1459 1934 qua:
1474 1907 1524 1925 non
1539 1899 1657 1925 uidentur
1675 1899 1720 1934 (2.
1739 1898 1798 1926 Cor.
1814 1900 1841 1926 4.

1047 1946 1104 1981 18).
1115 1945 1183 1980 Quid
1193 1945 1279 1973 dicis?
1293 1945 1371 1981 Atqui
1388 1950 1481 1972 contra
1497 1953 1578 1980 quam
1593 1945 1661 1972 dicis
1672 1966 1679 1978 ,
1696 1953 1738 1972 res
1752 1953 1782 1973 se
1797 1946 1843 1973 lia-

1046 1992 1092 2021 bet
1106 2002 1113 2020 :
1129 1999 1192 2020 nam
1207 1991 1349 2019 invisibilia
1363 2000 1416 2018 non
1433 1991 1554 2019 videmus
1566 2012 1574 2024 ,
1589 1996 1614 2018 et
1632 1991 1746 2019 visibilia
1768 1992 1842 2020 vidc-

1046 2044 1116 2065 mus.
1145 2036 1245 2072 Quales
1271 2037 1389 2065 habebas
1416 2037 1526 2070 oculos,
1556 2037 1624 2064 tales
1651 2042 1729 2070 sunt,
1753 2038 1797 2072 qui
1825 2046 1840 2065 a

1045 2083 1154 2111 Christo
1170 2083 1225 2111 dati
1242 2084 1332 2110 :sicut
1343 2082 1416 2110 enim
1430 2083 1455 2110 hi
1468 2082 1581 2110 visihilia
1601 2082 1708 2117 quidem
1730 2083 1838 2116 vident,

1045 2129 1188 2157 invisibilia
1210 2136 1276 2156 vero
1300 2136 1353 2156 non
1376 2127 1467 2156 vident
1484 2137 1490 2154 :
1505 2128 1544 2155 sic
1567 2128 1603 2155 illi
1627 2132 1720 2155 contra
1738 2137 1745 2156 :
1761 2137 1840 2156 nemo

1044 2175 1090 2209 qui
1104 2173 1246 2202 invisibilia
1262 2173 1361 2207 videat,
1379 2173 1493 2201 visibilia
1507 2173 1596 2206 videt;
1612 2182 1690 2201 nemo
1705 2174 1749 2209 qtti
1772 2175 1838 2202 visi-

1044 2221 1108 2249 bilia
1118 2220 1218 2255 videat,
1231 2220 1374 2248 invisibilia
1389 2220 1472 2248 videt.
1488 2221 1584 2247 Annon
1601 2221 1681 2248 etiam
1698 2220 1768 2255 apud
1791 2228 1840 2248 nos

1045 2267 1097 2295 hoc
1111 2267 1162 2294 ﬁt?
1176 2266 1290 2301 Quando
1302 2266 1374 2294 enim
1391 2274 1520 2295 conversa
1537 2271 1627 2294 mente
1642 2274 1674 2293 ex
1698 2267 1838 2294 invisibili~

1043 2313 1094 2341 bus
1105 2312 1206 2348 aliquid
1218 2312 1377 2348 cogitamus,
1393 2313 1522 2340 sublimes
1536 2313 1613 2340 nobis
1627 2318 1690 2340 sunt
1705 2314 1838 2348 operatio-

1043 2366 1108 2386 num
1127 2359 1209 2386 oculi.
1234 2358 1444 2386 Contemnamus
1472 2358 1600 2393 gloriam;
1624 2358 1707 2386 rideri
1729 2359 1833 2393 magis,

1043 2412 1125 2441 quam
1140 2404 1242 2431 laudari
1261 2405 1384 2432 velimus.
1400 2404 1465 2431 Nam
1482 2404 1527 2439 qui
1544 2404 1670 2431 irridetur
1681 2425 1688 2437 ,
1705 2404 1771 2431 nihil
1790 2404 1836 2432 la:-

1042 2451 1132 2484 ditur;
1147 2451 1191 2486 qui
1207 2450 1342 2484 laudatur,
1356 2450 1481 2478 multutn.
1494 2450 1533 2477 Ne
1549 2453 1635 2485 magni
1652 2450 1779 2477 faciamus
1796 2458 1838 2481 ea,

1043 2505 1104 2533 quae
1119 2496 1243 2524 homines
1258 2501 1374 2528 terrent;
1392 2494 1437 2521 sed
1448 2495 1522 2521 deiis
1533 2495 1770 2530 utdepttcrililusu
1788 2502 1838 2523 tra-

1043 2549 1164 2571 ctemus:
1180 2550 1267 2577 neque
1280 2542 1363 2574 enim,
1373 2542 1395 2568 si
1408 2549 1487 2576 quem
1500 2542 1638 2569 videamus
1653 2542 1779 2577 puerulos
1794 2550 1837 2568 ex.

1044 2593 1190 2617 terrentem
1205 2609 1212 2621 ,
1229 2589 1316 2623 ipsum
1331 2587 1496 2615 admiramur
1512 2597 1517 2615 :
1535 2595 1595 2614 nam
1610 2588 1730 2623 quisquis
1746 2592 1838 2622 terret,

1046 2635 1172 2664 nuerulos
1188 2639 1271 2662 terret
1285 2642 1292 2667 ;
1308 2634 1393 2661 virmn
1410 2642 1525 2669 namque
1548 2639 1650 2661 terrere
1669 2642 1722 2662 non
1743 2635 1837 2669 possit.

1045 2681 1079 2709 Et
1092 2681 1318 2716 quemadmodum
1332 2681 1377 2715 qui
1391 2685 1503 2712 terrent,
1518 2680 1561 2707 vel
1585 2681 1728 2715 supercilia
1753 2681 1837 2707 surri-

1043 2732 1126 2763 gnut,
1141 2727 1182 2753 vel
1198 2726 1275 2753 aliter
1291 2726 1392 2753 vultum
1404 2725 1593 2760 distorquent;
1609 2730 1636 2752 at
1652 2726 1673 2752 si
1698 2734 1792 2752 sanum
1814 2731 1841 2753 ct

1045 2779 1213 2801 mansuetum
1225 2772 1331 2800 oculum
1341 2771 1466 2803 habeant,
1482 2771 1531 2798 hoc
1546 2771 1634 2798 facere
1648 2778 1700 2797 non
1718 2770 1818 2805 possint
1833 2780 1839 2797 ε

1045 2819 1085 2846 sic
1098 2822 1126 2846 et
1141 2817 1415 2853 hi,perspicacitatetn
1431 2817 1528 2844 mentis
1543 2816 1744 2851 distorquentes
1755 2836 1762 2848 ,
1789 2816 1841 2844 hoc

1046 2865 1159 2894 faciunt.
1171 2865 1261 2900 Itaque
1276 2868 1445 2891 mansuetum
1460 2863 1595 2902 hominem
1611 2868 1638 2890 et
1652 2863 1730 2891 bona!
1743 2862 1840 2890 animae

1050 2925 1129 2945 nemo
1141 2921 1260 2946 enen-el
1271 2937 1278 2949 ,
1292 2911 1339 2939 sed
1355 2911 1428 2938 ilhnn
1442 2917 1601 2938 veneramur
1623 2917 1733 2944 omnes,
1756 2908 1838 2936 hono-
