4112 6430
262 493 367 547 5ῧῖ

256 610 474 664 δύναιτο
515 608 721 678 φο6εῖν.
773 607 882 662 Καὶ
937 603 1196 674 καθάπερ
1250 603 1299 655 οἰ
1353 598 1718 670 ἐκφοϐούντες
1752 597 1787 669 ἢ
1843 596 1942 678 τὰς

259 675 589 769 βλεφαρίδας
616 693 869 757 ἓΠιοντες
897 690 1028 756 ἅνω,
1052 689 1086 761 ἢ
1111 689 1284 752 ἄλλως
1306 687 1367 740 16
1389 685 1681 757 πρόσωπον
1704 675 1945 756 διαστρέ-

259 801 452 853 φοντες
478 781 640 836 τοῦτο
662 779 910 833 ποιοῦσιν
931 822 946 843 ,
982 777 1217 846 ὑγιεινὸν
1259 775 1318 830 δὲ
1362 774 1580 845 ἔχοντες
1617 773 1709 825 καὶ
1737 772 1945 842 ἥμερον

254 874 317 926 16
353 873 526 942 ὄμμα,
558 870 660 923 οὐκ
703 867 768 923 ἂν
811 866 1064 922 δύναιντο
1093 867 1252 922 τοῦτο
1283 862 1529 932 ποιῆσαν
1564 859 1712 912 οὕτω
1740 858 1804 930 δὴ
1851 861 1945 913 καὶ

254 955 425 1021 οὗτοι,
460 959 522 1011 16
546 955 858 1030 διορατικδν
892 953 992 1023 τῆς
1024 951 1266 1014 διανοίαις
1305 948 1752 1020 διαστρέφοντες,
1788 944 1950 998 τοῦτο

256 1045 522 1099 ποιοῦσιν.
550 1045 715 1097 Ὥστε
742 1041 954 1114 ἥμερόν
976 1056 1040 1109 γε
1063 1037 1352 1108 ἄνθρωπον
1378 1036 1474 1090 καὶ
1507 1033 1671 1088 καλὸν
1703 1035 1770 1105 τῇ
1799 1032 1944 1103 ψυχῇ

256 1134 435 1197 οὐδεὶς
467 1131 533 1186 ἂν
581 1129 868 1201 φοϐηθείη,
905 1128 1021 1182 ἀλλ’
1050 1123 1353 1196 αἰδούμεθα
1385 1123 1609 1187 πάντες,
1660 1121 1944 1192 τιμῶμεν,

258 1219 652 1292 ἐντρεπόμεθα.
687 1218 798 1288 Οὐχ
839 1216 1024 1286 ὁρᾶτε,
1070 1212 1186 1276 πῶς
1231 1215 1259 1266 6
1299 1211 1534 1282 φοϐερὸς
1578 1209 1674 1263 καὶ
1718 1207 1948 1280 μισητός

257 1309 374 1362 ἐστι
407 1308 500 1360 καὶ
527 1308 691 1360 πᾶσιν
718 1307 852 1376 ἡμῖν
880 1300 1155 1365 ἀπευκτός
1181 1319 1196 1369 ;
1225 1299 1291 1353 Τί
1321 1300 1427 1372 γὰρ
1462 1297 1616 1371 [595]
1655 1297 1763 1353 τῶν
1785 1297 1946 1350 δυνα-

260 1395 436 1468 μένων
478 1393 663 1465 φοϐεῖν
701 1393 861 1463 μόνον
895 1391 997 1445 οὐκ
1041 1388 1533 1462 ἀποστρεφόμεθα;
1585 1387 1708 1458 ούχί
1750 1385 1945 1468 θηρία,

257 1485 379 1554 οὐχὶ
415 1483 622 1552 φωνάς,
645 1482 766 1552 ούχί
796 1480 970 1552 ὄψεις,
1000 1479 1124 1550 οὐχὶ
1151 1477 1374 1542 τόπους,
1408 1476 1530 1546 οὐχὶ
1553 1475 1714 1545 ἀέρα,
1751 1467 1862 1526 οἷον
1890 1472 1950 1524 τὸ

264 1573 455 1634 σκότος
481 1588 496 1637 ;

329 1681 392 1728 ε’.
413 1673 508 1745 Μὴ
521 1672 586 1743 δὴ
603 1671 744 1744 μέγα
761 1669 1094 1742 νομίζοιμεν,
1109 1668 1160 1721 εἰ
1179 1667 1273 1722 άνθ
1282 1684 1454 1739 ρωποι
1471 1664 1760 1735 φοϐοῦνται
1777 1665 1810 1734 ή
1818 1663 1944 1734 μᾶς.

259 1765 484 1837 Πρῶτον
531 1763 630 1835 μὲν
665 1762 776 1832 1&9
808 1761 984 1822 οὐδεὶς
1023 1759 1169 1828 ἡμᾶς
1198 1756 1491 1828 ἄνθρωπος
1530 1752 1949 1837 πτοεῖταιτδεύ-

257 1835 438 1923 τερον,
465 1851 527 1904 16
553 1852 648 1904 καὶ
677 1847 1046 1918 πτοουμένους
1079 1845 1229 1916 ἡμᾶς
1281 1845 1358 1914 μὴ
1404 1845 1548 1913 μέγα
1591 1841 1752 1895 τοῦτο
1783 1835 1944 1894 εἶναι.

258 1940 418 2010 Μέγα
465 1938 669 2007 ἀγαθὸν
711 1939 746 2007 ἡ
778 1936 970 2006 ἀρετή·
1020 1933 1115 1987 καὶ
1160 1934 1262 2005 ὅρα
1316 1932 1432 1998 πῶς
1467 1931 1630 2001 μέγα.
1661 1928 1858 1982 Ἀθλια
1884 1929 1951 1981 τά

261 2030 566 2100 πράγματα
611 2026 930 2096 νομίζοντες
952 2064 967 2088 ,
1002 2011 1070 2077 δι⁴
1103 2017 1177 2076 ὧν
1227 2022 1585 2092 συνέστηκεν,
1612 2019 1782 2089 αὐτὴν
1824 2017 1952 2071 θαυο

263 2115 509 2186 μάζομεν
544 2115 639 2166 καὶ
681 2111 1086 2184 μακαρίζομεν.
1126 2111 1222 2176 Τίς
1250 2113 1359 2181 γὰρ
1390 2110 1492 2162 οὐκ
1526 2109 1590 2162 ἂν
1623 2106 1951 2178 μακαρίσειε

256 2203 350 2254 16v
384 2200 709 2270 φιλόσοφον,
766 2199 950 2255 καίτοι
1000 2200 1183 2262 πενία,
1221 2199 1316 2251 καί
1362 2198 1463 2251 ὅσα
1509 2194 1754 2258 τοιαῦτα,
1791 2192 1951 2248 ἄθλια

258 2285 397 2342 εἶναι
443 2289 625 2354 δοκεῖ;
660 2289 830 2342 Ὅταν
858 2284 950 2342 οὖν
985 2288 1076 2342 διὰ
1105 2287 1212 2342 τῶν
1243 2273 1448 2340 ἀθλίων
1475 2279 1618 2338 εἶναι
1649 2281 1952 2337 δοκούντων

256 2375 473 2448 λάμπῃ,
497 2375 604 2446 ὅρα
616 2375 714 2446 τὴν
735 2376 836 2429 ὑπε
846 2375 1065 2448 ρὸολήν.
1093 2375 1254 2443 Μέγα
1275 2375 1494 2445 φρονεῖς
1523 2371 1618 2426 ἐπὶ
1638 2369 1948 2442 δυναστείᾳ,

261 2463 517 2535 ἄνθρωπε
543 2483 558 2532 ;
592 2465 704 2518 Καὶ
735 2465 863 2518 ποία
889 2463 1203 2528 δυναστεία,
1237 2463 1358 2516 εἰπέ
1384 2477 1498 2531 μοι,
1523 2458 1948 2532 ἐχειροτονήθη;

257 2551 418 2624 Παρά
445 2551 752 2624 ἀνθρώπων
788 2552 976 2622 ἐγένου
1007 2551 1236 2615 δυνατός
1261 2568 1274 2582 ·
1311 2548 1524 2604 ἔνδοθεν
1573 2547 1950 2620 χειροτόνησον

259 2643 509 2696 σεαυτόν.
561 2643 780 2714 ’Ἄρχων
814 2643 923 2712 γὰρ
963 2642 1062 2712 οὐχ
1093 2644 1122 2694 6
1169 2640 1505 2712 καλούμενός
1557 2640 1728 2704 ἐστιν,
1773 2637 1890 2692 ἀλλ’
1923 2637 1950 2689 6

255 2725 354 2782 ὧν.
384 2727 596 2800 ’Ὠσπερ
626 2728 736 2800 γὰρ
777 2729 959 2800 ἰατρὸν
988 2729 1089 2782 οὐκ
1139 2727 1204 2781 ἂν
1236 2728 1486 2798 ποιήσειε
1530 2725 1785 2797 βασιλεὺς
1829 2723 1950 2778 οὐδὲ

258 2814 483 2888 ῥήτορα,
514 2813 690 2877 οὕτως
714 2814 835 2867 οὐδὲ
864 2815 1119 2886 ἄρχοντα·
1153 2814 1216 2866 ού
1239 2813 1349 2886 γὰρ
1370 2813 1439 2867 τά
1467 2811 1774 2885 γράμματα
1808 2811 1952 2864 ποιεῖ

254 2904 533 2975 ἄρχοντα,
563 2904 686 2960 οὐδὲ
715 2905 775 2957 16
803 2904 997 2973 ὄνομα.
1043 2903 1220 2969 Ἐπεὶ,
1257 2903 1307 2956 εἰ
1338 2902 1553 2974 βούλει,
1599 2898 1951 2970 οἰκοδομείτω

253 3007 340 3055 τις
377 2993 633 3063 ἰατρεῖον,
670 2991 847 3062 ἐχέτω
893 2991 992 3044 καὶ
1043 2991 1318 3062 μαθητάς,
1375 2990 1548 3060 ἐχέτω
1598 2989 1694 3042 καὶ
1742 2988 1950 3060 ὄργανα

256 3079 350 3131 καὶ
379 3079 672 3152 φάρμακα,
705 3077 801 3132 καὶ
848 3077 1036 3131 εἰσίτω
1083 3078 1220 3149 πρὸς
1270 3078 1398 3140 τοὺς
1453 3075 1765 3147 κάμνοντας
1791 3091 1805 3104 ·
1840 3069 1950 3143 ἆρα

255 3171 416 3241 ἀρκεῖ
450 3168 623 3222 ταῦτα
656 3167 881 3237 ποιῆσαι
930 3165 1152 3236 ἰατρόν;
1200 3165 1468 3235 Οὐδαμῶς
1491 3181 1506 3196 ο
1545 3164 1683 3218 ἀλλὰ
1714 3163 1795 3216 δεῖ
1849 3167 1950 3235 τῆς

255 3257 475 3326 τέχνης,
511 3254 608 3307 καὶ
634 3253 837 3322 ταύτης
865 3253 1018 3316 ἄνευ,
1053 3252 1115 3305 ού
1151 3252 1312 3322 μόνον
1340 3251 1515 3306 ταῦτα
1537 3251 1693 3304 οὐδὲν
1725 3250 1946 3319 ὠφελεῖ,

257 3344 398 3396 ἀλλά
450 3343 548 3395 καί⁸
603 3341 865 3412 βλάπτειο
895 3341 987 3394 τὸν
1023 3339 1134 3411 1&9
1175 3340 1278 3394 οὐκ
1331 3339 1514 3411 ἰατρὸν
1557 3339 1767 3410 βέλτιον
1813 3339 1950 3410 μηδὲ

251 3431 399 3502 ἒχειν
430 3431 720 3500 φάρμακα.
767 3429 969 3500 ’0,μέν
1007 3424 1099 3483 οὖν
1135 3427 1214 3499 μὴ
1245 3427 1384 3498 έχων
1437 3427 1563 3480 οὔτε
1618 3426 1780 3492 σώζει
1824 3426 1950 3480 οὔτε

253 3517 574 3572 ἀπόλλυσιν
605 3520 634 3571 6
679 3517 736 3571 δέ
782 3517 957 3589 έχων,
995 3517 1292 3570 ἀπόλλυσιν
1318 3527 1368 3580 δ,
1415 3515 1518 3568 οὐκ
1558 3514 1714 3584 εἰδὼς
1738 3554 1754 3584 ,
1800 3515 1950 3578 ὅπως

253 3607 547 3679 χρήσηταιο
581 3607 772 3675 ἐπειδὴ
794 3609 896 3660 οὐκ
923 3608 980 3660 ἐν
1010 3608 1077 3677 τῇ
1109 3603 1267 3674 φύσει
1291 3605 1400 3658 τῶν
1442 3605 1755 3677 φαρμάκων
1798 3606 1949 3659 ἐστὶν

253 3696 291 3767 ή
321 3687 566 3764 σωτηρία
601 3695 786 3768 μόνον,
816 3695 955 3755 ἀλλὰ
989 3696 1085 3750 καὶ
1117 3695 1175 3749 ἐν
1206 3697 1273 3766 τῇ
1320 3695 1487 3768 τέχνῃ
1519 3693 1613 3746 τοῦ
1645 3694 1948 3765 προσάγον-

129 3775 146 3788 ’
252 3795 363 3843 τος·
389 3780 580 3832 τούτου
609 3779 720 3852 γὰρ
756 3779 833 3851 μὴ
871 3778 1044 3844 δντος,
1074 3778 1258 3833 πάντα
1293 3777 1640 3847 διέφθαρται.
1690 3777 1947 3843 Τοιοῦτος

253 3867 350 3920 καὶ
382 3867 410 3919 6
433 3867 618 3937 ἀρχων
653 3867 822 3920 ἐστίν·
857 3867 972 3937 ἕχει
1004 3865 1236 3938 ὄργανα,
1267 3867 1368 3937 τὴν
1397 3865 1609 3936 φωνὴν,
1633 3867 1723 3920 τὸν
1752 3865 1944 3937 θυμὸν,

252 3955 382 4020 τοὺς
411 3955 660 4027 δημίους,
700 3956 800 4019 τάς
843 3955 1166 4028 ὑπερορίας,
1201 3955 1299 4017 τὰς
1328 3955 1496 4026 τιμὰς
1519 3995 1535 4019 ,
1585 3955 1685 4018 τὰς
1714 3955 1944 4024 δωρεὰς,

253 4047 382 4110 τοὺς
406 4047 682 4110 ἐπαίνουςο
720 4045 837 4116 ἔχει
869 4048 964 4099 καὶ
985 4045 1278 4117 φάρμακα,
1309 4044 1435 4109 τοὺς
1464 4045 1683 4116 νόμους·
1708 4043 1823 4115 ἔχει
1851 4045 1946 4098 καὶ

253 4135 584 4206 κάμνον-τας,
630 4135 756 4199 τοὺς
791 4131 1114 4203 ἀνθρώπους
1141 4149 1156 4165 ο
1189 4132 1300 4203 ἔχει
1336 4132 1722 4205 ἐργαστήριον,
1767 4131 1832 4185 16
1868 4132 1944 4186 δι-

253 4220 572 4291 καστήριον·
604 4219 716 4290 ἔχει
753 4219 1025 4291 μαθητὰς,
1061 4219 1188 4282 τοὺς
1236 4218 1599 4290 στρατιώτας·
1639 4216 1706 4271 ἂν
1738 4213 1832 4271 οὖν
1862 4217 1940 4289 μὴ

255 4306 370 4377 εἰδῇ
397 4307 497 4379 τὴν
528 4307 842 4378 ἐπιστήμην
862 4307 962 4377 τὴν
1001 4304 1280 4379 ἰατρικὴν,
1313 4304 1467 4360 οὐδὲν
1493 4304 1698 4358 τούτων
1728 4305 1940 4374 ὄφελος.

266 4393 326 4446 Ὀ
356 4393 616 4465 δικαστὴς
650 4393 835 4464 ἰατρὸς
873 4394 1064 4465 ψυχῶν
1107 4397 1281 4457 ἐστιν,
1318 4394 1442 4464 οὐχὶ
1476 4393 1771 4463 σωμάτων·
1802 4394 1850 4446 εἰ
1885 4391 1942 4445 δὲ

253 4479 394 4550 αὕτη
430 4481 468 4550 ἠ
511 4479 780 4551 σωμάτων
812 4481 1083 4553 τοσαύτης
1130 4481 1304 4536 δεῖται
1359 4479 1717 4550 ἐπιμελείας,
1763 4478 1945 4552 πολλῷ

256 4567 458 4639 μᾶλλον
485 4568 632 4638 ήτῆς
674 4567 873 4638 ψυχῆς,
903 4569 1095 4640 ἐπειδὴ
1124 4569 1219 4623 καί⁸
1247 4566 1448 4640 μείζων
1469 4567 1616 4638 ψυχὴ
1653 4567 1940 4639 σωμάτων.

252 4657 370 4710 Οὐκ
395 4654 505 4727 ἄρα
532 4655 593 4709 16
620 4655 792 4728 δ.·ομα
820 4655 964 4727 ἐχειν
1002 4657 1262 4728 ἄρχοντος
1293 4655 1535 4728 ἄρχοντά
1578 4657 1728 4710 ἐστιν
1767 4650 1936 4710 εἶναι’

251 4742 376 4796 ἐπεὶ
400 4739 494 4796 καὶ
519 4741 667 4796 ἄλλοι
699 4743 994 4798 καλοῦνται
1027 4745 1241 4814 μεγάλα
1265 4743 1526 4816 ὀνόματα
1561 4738 1672 4798 οἷον
1703 4743 1939 4811 Παῦλος,

249 4829 484 4900 Πέτρος,
520 4829 800 4896 Ἰάκωϐος,
847 4831 1102 4902 Ἰωάννης
1127 4849 1140 4860 ·
1169 4832 1286 4886 ἀλλ’
1321 4831 1421 4885 οὐκ
1466 4830 1574 4884 ἀπὸ
1611 4831 1720 4886 τῶν
1751 4831 1942 4902 ὀνομά-

247 4931 358 4966 των
411 4914 550 4966 εἰσίν
605 4915 752 4985 άπερ
804 4915 1140 4982 καλοῦνται,
1189 4917 1442 4990 καθάπερ
1482 4916 1605 4971 οὐδὲ
1653 4916 1784 4988 ἐγώ·
1821 4917 1938 4972 ἀλλ’

249 5000 370 5072 εἰμὶ
393 5000 487 5053 τοῦ
522 5001 796 5073 μακαρίου
835 5003 934 5074 μὲν
964 5004 1174 5059 ἐκείνου
1208 5005 1532 5078 ὁμώνυμος,
1566 5005 1629 5059 οὐ
1679 5004 1786 5079 μὴν
1813 5022 1938 5060 συν-

247 5086 482 5160 ώνυμος·
520 5089 620 5143 οὐκ
661 5091 780 5161 εἰμὶ
817 5091 1095 5162 Ἰωάννης,
1128 5093 1262 5148 ἀλλά
1300 5092 1597 5165 καλοῦμαι.
1635 5092 1795 5148 Οὕτω
1836 5093 1939 5148 κά-

247 5179 420 5232 κεῖνοι
454 5178 556 5234 ούκ
607 5181 749 5234 εἰσὶν
798 5180 1102 5252 ἄρχοντες,
1164 5181 1302 5236 ἀλλά
1344 5181 1662 5236 καλοῦνται.
1714 5181 1836 5235 Εἰσὶ
1880 5182 1938 5235 δὲ

245 5261 442 5319 ἐκεῖνοι
469 5267 728 5338 ἄρχοντες
758 5269 852 5322 καί
879 5270 1047 5340 χωρὶς
1069 5271 1296 5334 τούτων,
1317 5269 1513 5340 ὥσπερ
1542 5271 1636 5324 καὶ
1663 5269 1848 5340 ἰατρὸς
1885 5268 1932 5336 δ,

247 5347 349 5403 κᾶν
383 5353 457 5422 μὴ
489 5353 684 5426 χρῆται
714 5357 785 5426 τῇ
808 5356 1110 5428 ἐπιστήμη,
1139 5357 1244 5429 ἔχη
1269 5357 1325 5410 δέ
1361 5357 1532 5426 αὐτὴν
1559 5357 1618 5410 ἐν
1650 5358 1718 5426 τῇ
1747 5354 1896 5426 ψυχῇ
1915 5397 1931 5422 ,

249 5433 429 5507 ἱατρός
463 5440 630 5497 ἐστιν.
664 5443 818 5498 Εἰσὶν
865 5445 1126 5516 ἄρχοντες
1182 5444 1392 5498 ἐαυτῶν
1450 5443 1734 5514 ἄρχοντες.
1793 5443 1934 5514 Τρία

245 5521 353 5593 γάρ
381 5525 554 5582 ταῦτά
577 5533 694 5584 ἐστι
725 5530 892 5604 ψυχῇ,
933 5533 1107 5598 οἰκία,
1138 5533 1315 5598 πόλις,
1349 5532 1670 5604 οἰκουμένη⁸
1706 5532 1798 5586 καὶ
1829 5531 1932 5602 ὀδῷ

246 5670 328 5778 κ’
354 5675 488 5750 Ηφϐ.
529 5680 658 5754 ἔχων
697 5683 977 5748 ἀπόλλυσιν,
1023 5686 1202 5738 desunt
1247 5689 1300 5737 In
1327 5701 1442 5738 uno.
1494 5688 1528 5730 ιθ
1557 5687 1680 5751 Alii,
1723 5690 1926 5738 τούτων.

295 5734 344 5778 αὶ
365 5751 457 5778 van
478 5741 506 5778 ὁ
528 5743 686 5778 lat-nar

295 5734 344 5782 αὶ
365 5737 457 5799 γὰρ
478 5741 506 5788 6
528 5734 704 5805 ἰατρός.

1054 488 1112 543 S.
1148 484 1441 542 JOANNIS
1479 477 1980 540 CIIRYSOSTUMI
2007 477 2333 539 ARCIIIEP.
2371 479 2930 536 CONSTANTINOP.

3629 473 3737 534 566

2052 595 2119 650 1&
2143 595 2444 668 πράγματα
2477 597 2778 670 προϐαίνει.
2827 598 2920 650 Δεῖ
2957 594 3137 649 τοίνυν
3181 593 3273 650 τὸν
3318 593 3584 666 μέλλοντα
3611 594 3738 648 ἐπι-

2053 684 2342 755 στήσεσθαι
2367 685 2565 750 οἰκίας,
2616 687 2714 739 καὶ
2741 684 2924 748 καλῶς
2963 684 3137 754 αὐτὴν
3180 683 3580 755 οἰκοδομήσειν,
3611 683 3740 754 πρό.

2050 789 2205 846 τερον
2229 772 2326 845 τὴν
2357 774 2538 846 ψυχὴν
2563 775 2662 846 τὴν
2695 774 2892 828 ἑαυτοῦ
2925 773 3231 845 ρυθμίζειψ
3257 773 3406 828 οἰκία
3435 773 3545 845 1&9
3567 772 3736 828 αὐτοῦ

2051 863 2219 915 ἐστιν·
2245 862 2294 914 εἰ
2320 861 2376 914 δὲ
2401 861 2500 933 τήν
2527 862 2724 916 ἐαυτοῦ
2756 863 2831 934 μὴ
2859 863 3095 927 δύναιτο,
3128 862 3257 917 ἔνθα
3288 861 3387 932 μία
3409 859 3580 933 ψυχὴ,
3607 860 3739 917 ἔνθα

2053 948 2240 1020 κύριος
2266 949 2453 1016 αὐτὸς,
2484 949 2613 1004 ἔνθα
2643 951 2730 1004 ἀεὶ
2765 950 3014 1004 σύνεστιν
3054 950 3255 1022 ἐαυτῷ,
3304 950 3422 1015 πῶς
3464 951 3594 1014 τοὺς
3639 949 3738 1004 άλ-

2052 1035 2175 1102 λους
2225 1039 2606 1110 οἰκοδομήσει;
2669 1038 2821 1112 [596]
2881 1041 2941 1093 Ὁ
3001 1038 3100 1111 τὴν
3151 1039 3331 1112 ψυχὴν
3387 1039 3487 1110 τὴν
3539 1037 3738 1092 ἐαυτοῦ

2054 1124 2319 1195 ρυθμίσαι
2360 1127 2690 1200 δυνάμενος,
2731 1129 2826 1182 καὶ
2866 1127 2927 1181 16
2982 1127 3083 1200 μὲν
3135 1127 3304 1181 ποιῶν
3333 1126 3552 1197 ἄρχειν,
3584 1125 3645 1179 16
3677 1123 3737 1178 δὲ

2053 1212 2336 1282 ἄρχεσθαι,
2372 1208 2530 1280 οὗτος
2563 1217 2657 1270 καὶ
2685 1217 2862 1270 οἰκίαν
2889 1215 3195 1288 δυνήσεται*
3230 1216 3259 1269 6
3291 1213 3348 1267 δέ
3394 1213 3592 1275 οἰκίαν,
3640 1213 3738 1267 καὶ

2054 1300 2232 1355 πόλιν·
2261 1304 2289 1356 6
2321 1304 2377 1357 δέ
2405 1303 2581 1370 πόλιν,
2627 1305 2722 1358 καὶ
2753 1305 3102 1375 οἰκουμένην.
3138 1304 3199 1357 Εἰ
3243 1303 3300 1356 δέ
3329 1301 3508 1372 ψυχὴν
3537 1301 3637 1354 οὐκ
3671 1300 3738 1354 ἂν

2054 1388 2292 1454 δύναιτο,
2342 1392 2459 1456 πῶς
2489 1393 2816 1464 οἰκουμένην
2850 1391 3180 1464 δυνήσεται;
3226 1389 3414 1444 Ταῦτά
3455 1405 3546 1459 μοι
3585 1389 3738 1460 εἴρη-

2054 1496 2162 1543 ται,
2203 1481 2289 1533 ἵνα
2319 1479 2396 1553 μὴ
2424 1475 2573 1553 ὦμεν
2608 1481 2942 1552 ἐπτοημένοι
2977 1479 3114 1550 πρὸς
3143 1479 3340 1552 ἀρχὰς,
3371 1479 3458 1533 ἵνα
3481 1477 3736 1548 εἰδῶμεν,

2055 1568 2106 1621 τί
2147 1570 2278 1623 ποτέ
2320 1571 2468 1624 ἐστιν
2512 1570 2677 1641 ἀρχήο
2723 1569 2886 1623 τοῦτο
2926 1569 3036 1641 γὰρ
3070 1569 3171 1623 οὐκ
3198 1567 3361 1640 ἀρχὴ,
3399 1566 3537 1621 ἀλλά
3569 1566 3741 1620 κατάο

2056 1656 2230 1726 γελως
2275 1658 2370 1712 καὶ
2408 1657 2646 1724 δουλεία,
2683 1657 2778 1712 καὶ
2810 1659 2984 1730 μυρία
3013 1657 3178 1730 ἐτερα
3209 1658 3282 1713 άνε
3315 1674 3402 1720 τις
3432 1656 3735 1710 καλέσειεν.

2057 1746 2192 1800 Εἰπέ
2232 1765 2345 1817 μοι,
2373 1747 2425 1801 τί
2452 1749 2598 1801 ἐστιν
2621 1747 2880 1818 ἄρχοντος
2908 1747 3067 1814 ῖδιον;
3100 1743 3210 1817 ἆρα
3240 1745 3361 1816 οὐχὶ
3389 1745 3448 1798 16
3467 1757 3489 1785 ε
3509 1744 3738 1815 ὠφελεῖν

2055 1837 2182 1900 τοὺς
2230 1837 2565 1908 ἀρχομένους
2614 1837 2708 1890 καὶ
2739 1838 3086 1908 εὐεργετεῖν;
3136 1835 3200 1898 Τί
3227 1831 3340 1900 οὖν,
3371 1835 3436 1889 ἂν
3465 1835 3622 1888 τοῦτο
3661 1833 3738 1906 μὴ

2056 1923 2322 1994 γένηται;
2354 1923 2474 1986 πῶς
2505 1924 2730 1997 ἐτέρους
2747 1923 3020 1996 ὠφελήσει
3047 1926 3074 1978 6
3105 1923 3294 1978 ἑαυτὸν
3317 1925 3394 1995 μὴ
3419 1923 3736 1994 ὠφελήσας;

2056 2013 2085 2066 6
2117 2012 2319 2083 μυρίας
2344 2012 2485 2084 ἔχων
2513 2014 2837 2086 τυραννίδας
2866 2015 2924 2067 ἐν
2954 2017 3019 2087 τῇ
3048 2012 3194 2084 ψυχῇ
3223 2014 3334 2066 τῶν
3381 2011 3591 2077 παθῶν,
3621 2013 3738 2077 πῶς

2056 2104 2155 2169 τὰς
2189 2105 2391 2177 ἐτέρων
2433 2105 2694 2176 ἐκκόψει;
2743 2105 2902 2160 Οὕτω
2936 2106 3034 2159 καὶ
3073 2105 3287 2176 τρυφή·
3332 2105 3431 2174 οὐχ
3455 2102 3597 2174 αὕτη
3622 2105 3740 2157 ἐστὶ

2058 2193 2260 2266 τρυφὴ,
2296 2193 2414 2248 ἀλλ’
2446 2195 2630 2265 ἑτέρα.
2664 2195 2880 2264 Ὥσπερ
2919 2192 3029 2263 γὰρ
3062 2192 3245 2263 ἄρχων
3271 2191 3484 2264 ἐδείχθη
3525 2193 3621 2262 οὐχ
3647 2186 3736 2247 οὗ·

2056 2298 2171 2345 τος,
2197 2283 2312 2337 ἀλλ’
2340 2283 2545 2355 ἕτερος·
2579 2281 2725 2337 οὕτω
2761 2283 2855 2336 καὶ
2892 2283 2920 2335 6
2951 2281 3169 2352 τρυφῶν
3196 2280 3382 2352 ἐτερός
3415 2282 3552 2334 ἐστι.
3582 2283 3740 2334 Δοκεί

2062 2370 2160 2440 μὲν
2217 2371 2321 2442 γὰρ
2374 2368 2512 2426 εἰναι
2563 2371 2769 2442 τρυφὴ,
2823 2369 2884 2422 16
2933 2370 3032 2439 τῆς
3080 2368 3275 2440 ἡδονῆς
3318 2368 3612 2422 ἀπολαύειν
3643 2369 3740 2422 καὶ⁵

2058 2458 2471 2530 γαστρίζεσθαιο
2511 2461 2613 2513 οὐκ
2664 2458 2782 2511 ἐστι
2829 2456 2886 2510 δέ
2917 2456 3094 2522 τοῦτο,
3131 2457 3266 2511 ἀλλὰ
3311 2458 3645 2525 τούναντίον,
3679 2458 3740 2510 16

2056 2545 2235 2617 ψυχὴν
2265 2547 2412 2618 ἔχειν
2439 2547 2764 2621 θαυμαστὴν
2797 2543 2892 2602 καὶ
2923 2552 2980 2603 ἐν
3014 2551 3174 2622 ἡδονῇ
3219 2543 3380 2603 εἰναι.
3418 2547 3601 2600 Ἔστω
3628 2548 3738 2617 γάρ

2055 2651 2138 2698 τις
2167 2635 2385 2701 ἐσθίων,
2438 2639 2632 2702 πίνων,
2669 2642 2996 2707 σπαταλῶν,
3038 2640 3230 2694 ἔπειτα
3279 2637 3610 2709 φροντιζέτω
3643 2636 3739 2690 καὶ

2057 2722 2355 2795 ἀθυμείτω·
2394 2726 2469 2798 μὴ
2505 2728 2728 2782 δύναται
2756 2723 2910 2793 οὗτος
2941 2725 3085 2782 εἶναι
3111 2729 3170 2781 ἐν
3199 2729 3381 2799 τρυφῇ
3407 2744 3421 2792 ;
3475 2727 3590 2780 Οὐκ
3631 2723 3740 2796 ἄρα

2055 2816 2117 2869 16
2139 2816 2338 2872 ἐσθίειν
2377 2820 2471 2873 καὶ
2500 2821 2679 2875 πίνειν
2727 2819 2928 2892 τρυφὴ,
2975 2818 3112 2872 ἀλλά
3153 2817 3216 2871 16
3263 2819 3320 2871 ἐν
3373 2817 3535 2887 ήδονῇ
3576 2810 3734 2868 εἰναι.

2061 2905 2243 2958 Ἔστω
2275 2923 2360 2970 τις
2413 2907 2577 2978 ξηρὸν
2628 2907 2924 2979 λαμϐάνων
2981 2907 3165 2979 ἄρτον,
3223 2906 3320 2960 καὶ
3373 2902 3741 2976 ἐμπιπλάσθω

2061 2994 2178 3062 μετ’
2202 2994 2563 3066 εὐφροσύνηςο
2601 2990 2710 3067 ἆρα
2743 2996 2902 3050 τοῦτο
2934 2997 3130 3068 ήδονή;
3175 2992 3385 3050 Οὐκοῦν
3410 2994 3505 3049 καὶ
3532 2994 3736 3064 τρυφή.

2061 3081 2290 3152 Ἴδωμεν
2334 3077 2448 3145 οὖν,
2475 3083 2583 3136 τίνι
2615 3084 2977 3155 παραγίνεται
3011 3083 3174 3154 αὕτη,
3201 3087 3312 3148 τοῖς
3341 3080 3663 3136 πλουτοῦσιν
3698 3079 3735 3152 ἢ

2055 3169 2169 3230 τοῖς
2193 3167 2268 3239 μὴ
2305 3169 2662 3237 πλουτοῦσιν;
2688 3169 2826 3226 Οὔτε
2855 3171 3068 3235 τούτοις
3100 3169 3308 3234 ἁπλῶς,
3330 3165 3454 3222 οὔτε
3483 3167 3735 3234 ἐκείνοις,

2057 3253 2193 3307 ἀλλὰ
2220 3257 2333 3319 τοῖς
2365 3254 2510 3309 οὕτω
2541 3256 3014 3320 κατασκευάζουσι
3042 3256 3142 3327 τὴν
3166 3254 3344 3326 ψυχὴν
3370 3253 3471 3325 τὴν
3501 3252 3732 3320 ἑαυτῶν,

2056 3343 2198 3397 ὥστε
2231 3343 2306 3414 μὴ
2347 3344 2550 3408 πολλὰς
2607 3344 2753 3417 ἔχειν
2803 3344 3052 3415 ἀθυμιῶν
3081 3341 3386 3406 ὑποθέσεις.
3423 3341 3533 3394 Καὶ
3580 3339 3732 3404 ποῖός

2057 3432 2205 3486 ἐστιν
2231 3426 2386 3496 οὗτος
2419 3431 2449 3484 6
2483 3431 2626 3504 βίος;
2663 3435 2794 3496 ῐσως
2828 3433 2944 3504 ἐρεῖ
2974 3449 3057 3495 τις
3082 3428 3130 3470 δ’
3161 3427 3271 3501 ὁρῶ
3299 3427 3410 3499 γὰρ
3433 3427 3732 3498 κεχηνότας

2058 3519 2306 3584 ἅπαντας
2333 3519 2430 3574 καὶ
2457 3519 2814 3592 βουλομένους
2862 3519 3114 3585 ἀκούσαι,
3149 3518 3232 3580 τίς
3262 3518 3412 3571 ἐστιν
3444 3517 3472 3569 ὁ
3505 3517 3620 3587 βίος
3643 3509 3737 3570 οὗ·

2055 3623 2145 3672 τος
2167 3609 2196 3661 6
2224 3606 2299 3679 μὴ
2326 3607 2467 3680 ἔχων
2494 3607 2755 3679 ἀθυμίας.
2783 3607 2994 3661 Οὐκοῦν
3027 3605 3397 3678 όμολογείσθω
3424 3608 3550 3677 παρ’
3581 3605 3738 3676 ὑμῶν

2056 3696 2290 3768 πρῶτον,
2322 3697 2405 3752 ὅτι
2434 3695 2592 3750 τοῦτο
2630 3696 2815 3768 ἡδονὴ,
2849 3695 3006 3749 τοῦτο
3031 3694 3232 3767 τρυφὴ,
3265 3694 3391 3748 ὅταν
3417 3694 3626 3764 ἀθυμία
3661 3693 3738 3764 μὴ

2055 3784 2269 3856 ἐνοχλῇ,
2302 3785 2397 3839 καὶ
2430 3784 2505 3856 μὴ
2550 3785 2755 3856 ἀπαιτῇ
2793 3784 2920 3856 παρ’
2954 3783 3090 3854 ἐμοῦ
3139 3783 3279 3854 κρέα
3326 3785 3421 3836 καὶ
3455 3778 3596 3836 οἶνον
3645 3781 3739 3834 καὶ

2055 3871 2458 3943 καρυκεύματα
2489 3872 2586 3925 καὶ
2622 3873 2815 3941 ἱμάτια
2844 3870 3045 3942 σηρικὰ
3077 3871 3174 3924 καὶ
3203 3870 3405 3942 πλῆθος
3437 3867 3734 3941 τραπέζης.

2053 3958 2178 4013 Αλλ’
2238 3959 2305 4014 ἂν
2357 3958 2522 4025 δείξω
2570 3959 2781 4013 τούτων
2830 3959 3003 4033 χωρὶς
3055 3960 3300 4032 παρόντα
3339 3959 3433 4013 16v
3480 3957 3592 4028 βίον
3641 3956 3734 4011 τὸν

2053 4045 2318 4112 τοιοῦτον,
2345 4047 2551 4120 ταύτην
2580 4047 2678 4120 τὴν
2707 4047 2901 4120 ήδονὴν
2927 4048 3237 4118 ἁγάπησον,
3259 4045 3448 4100 τοῦτον
3480 4045 3570 4099 τὸν
3597 4043 3730 4115 βίονο

2054 4136 2123 4190 τὰ
2153 4135 2264 4206 1&9
2300 4135 2472 4190 πολλά
2509 4138 2573 4189 ἐκ
2603 4135 2694 4190 τοῦ
2735 4137 2810 4208 μὴ
2846 4134 3156 4204 λογίζεσθαι
3187 4134 3415 4198 δεόντως
3445 4133 3736 4204 παραγίνε-

2051 4241 2142 4276 ται
2169 4225 2300 4294 ἡμῖν
2332 4223 2441 4276 τῶν
2465 4223 2746 4296 λυπηρῶν.
2776 4223 2871 4288 Τίς
2912 4220 3008 4278 οὖν
3038 4222 3260 4276 πλείονα
3282 4221 3676 4294 λυπηθήσεται,
3703 4219 3734 4273 ὀ

2056 4311 2282 4384 μηδενὸς
2317 4312 2496 4366 αὐτῶν
2526 4311 2854 4384 φροντίζων,
2885 4311 2919 4381 ἢ
2951 4314 2978 4366 6
3013 4310 3355 4384 φροντίζωνς
3409 4312 3439 4363 6
3470 4309 3734 4380 φοϐούμε-

2051 4416 2141 4463 νος
2171 4398 2269 4462 τὰς
2305 4399 2627 4470 μεταϐολὰς,
2654 4398 2690 4470 ἦ
2720 4402 2749 4454 6
2780 4399 2855 4470 μὴ
2899 4397 3266 4469 φοϐούμενος;
3317 4399 3347 4450 6
3410 4397 3731 4467 βασκανίαν,

2050 4488 2079 4540 6
2111 4486 2323 4556 φθόνον,
2353 4488 2382 4540 6
2422 4487 2809 4556 συκοφαντίας,
2855 4487 2884 4539 6
2917 4485 3231 4552 ἐπιδουλὰς,
3277 4484 3306 4540 6
3343 4486 3618 4540 ἀπώλειαν
3646 4483 3733 4538 δε-

2049 4573 2265 4642 δοικὼς,
2294 4575 2328 4647 ἢ
2354 4576 2382 4629 6
2413 4575 2620 4630 τούτων
2647 4575 2838 4643 ἐκτὸς;
2865 4575 2894 4628 6
2923 4575 3184 4630 πλειόνων
3211 4574 3484 4646 δεόμενος,
3514 4575 3547 4646 ἢ
3575 4576 3602 4628 ὁ
3625 4591 3731 4646 μη-

2049 4664 2227 4730 δενός;
2255 4666 2284 4717 6
2315 4662 2530 4737 μυρίοις
2550 4663 2840 4731 δουλεύων,
2871 4663 2904 4736 ἢ
2938 4666 2966 4717 6
2997 4663 3223 4735 μηδενί;
3253 4664 3282 4716 6
3313 4662 3520 4734 μυρίων
3540 4661 3730 4734 χρείαν

2049 4750 2210 4823 ἔχων,
2243 4752 2276 4823 ἥ
2310 4755 2339 4806 6
2366 4752 2683 4824 ἐλεύθερος;
2721 4753 2750 4806 6
2787 4753 2883 4806 ἕνα
2906 4753 3174 4822 δεσπότην
3207 4749 3482 4815 δεδοικὼς,
3509 4750 3541 4821 ἢ
3567 4751 3596 4802 6
3628 4767 3730 4822 μυ-

2050 4841 2233 4912 ρίους;
2265 4839 2476 4896 Οὐκοῦν
2507 4840 2710 4913 μείζων
2744 4842 2778 4912 ή
2812 4839 2975 4912 ἡδονὴ
3004 4838 3255 4894 ἐνταῦθα.
3306 4838 3522 4908 Ταύτην
3550 4837 3729 4892 τοίνυν

2047 4927 2354 4999 διώκωμεν,
2387 4930 2482 4982 καὶ
2521 4927 2598 5000 μὴ
2637 4929 2766 4999 περὶ
2794 4927 2864 4981 1&
2895 4928 3139 4999 παρόντα
3183 4921 3334 4998 ὦμεν
3373 4927 3722 4997 ἐπτοημένοι·

2047 5012 2184 5065 ἀλλὰ
2213 5013 2611 5084 καταγελῶμεν
2645 5014 2827 5083 πάσης
2858 5012 2958 5082 τῆς
3001 5010 3095 5064 τοῦ
3132 5011 3250 5082 βίου
3278 5008 3599 5080 φαντασίας,
3631 5009 3724 5062 καὶ

2047 5099 2322 5170 πανταχοῦ
2352 5099 2453 5169 τῆς
2484 5100 2830 5172 συμμετρίας
2854 5094 3027 5171 ὦμεν,
3055 5100 3142 5152 ἵνα
3179 5097 3496 5170 δυνηθῶμεν
3521 5096 3724 5152 ἄλυπον

2043 5189 2136 5242 τὸν
2189 5187 2304 5258 βίον
2354 5186 2545 5242 τοῦτον
2603 5187 2919 5256 διαγαγεῖν,
2991 5187 3085 5241 καὶ
3131 5185 3240 5240 τῶν
3299 5184 3725 5256 ἐπηγγελμένων

2043 5275 2263 5345 ἀγαθῶν
2295 5277 2597 5346 ἐπιτυχεῖν,
2629 5275 2813 5347 χάριτι
2843 5275 2939 5329 καὶ
2973 5273 3352 5345 φιλανθρωπίᾳ
3383 5272 3480 5327 τοῦ
3517 5271 3723 5344 Κυρίου

2041 5363 2201 5434 ἡμῶν
2241 5364 2418 5435 Ἰησοῦ
2462 5363 2732 5436 Χριστοῦ,
2770 5362 2888 5434 μεθ’
2929 5355 2991 5416 οὗ
3017 5363 3095 5434 τῷ
3125 5362 3302 5429 Πατρὶ
3333 5360 3451 5433 ἅμα
3478 5359 3556 5430 τῷ
3583 5357 3728 5430 ἁγίῳ

2043 5450 2324 5521 Πνεύματι
2355 5450 2504 5516 δόξα,
2538 5450 2762 5520 κράτος,
2791 5449 2947 5520 τιμὴ,
2975 5447 3071 5503 νῦν
3104 5448 3200 5504 καὶ
3231 5448 3340 5513 ἀεὶ,
3373 5446 3468 5503 καὶ
3493 5447 3572 5511 εἰς
3595 5446 3722 5509 τοὺς

2040 5537 2243 5603 αἰῶνας
2271 5537 2381 5591 τῶν
2415 5536 2650 5592 αἰώνων.
2699 5537 2895 5610 Ἀμήν.

2104 5696 2127 5725 ο
2151 5693 2299 5749 Illud,
2343 5693 2446 5757 ἆρα,
2474 5693 2874 5757 οὐχὶᾼτό,νόεεοι
2907 5695 2954 5744 in
2982 5692 3293 5757 quibusdam.
3362 5692 3392 5733 ει
3425 5689 3576 5754 Illud,
3601 5690 3728 5750 ἴσως

2040 5757 2136 5819 ἐρεῖ
2157 5773 2246 5816 τις,
2269 5753 2420 5805 deest
2437 5756 2489 5805 in
2512 5753 2822 5818 (jhibusdam.
