2056 3215
195 249 247 279 3135

194 313 283 334 [auius
296 327 302 336 .
318 312 483 333 reveremur.
499 304 593 331 Annon
605 302 719 336 videtis,
734 301 870 337 quomodo
884 301 906 329 is
917 322 924 334 ,
941 300 987 335 qui

194 351 322 379 terribilis
336 355 389 384 est,
405 351 531 378 omnibus
546 350 581 376 sit
595 349 697 376 invisus
718 353 746 375 et
769 346 989 375 abominandus?

194 398 260 431 Quid
278 397 347 424 enim
362 405 393 424 ex
410 396 442 423 iis
452 417 458 428 ,
478 404 536 431 qum.
554 399 656 422 terrere
670 398 796 429 possunt.
809 401 862 421 non
877 399 987 420 aversa-

194 444 274 470 mnr'!
290 450 379 470 nonne
396 441 474 473 feras,
492 449 581 468 nonne
597 439 696 472 vultus,
710 447 799 467 nonne
815 439 883 470 loca,
898 445 988 465 nonne

193 497 293 521 aerem,
306 489 399 523 quales
415 488 552 515 tenebras?

231 536 257 562 Ei.
275 535 334 562 Non
344 535 374 561 ab
385 535 528 561 hominibus
542 534 624 561 timeri
636 534 785 568 optandum.
802 533 933 566 Quantum
946 532 988 560 be-

194 591 254 608 num
271 582 304 608 sit
319 581 589 614 rirlus.—1\'eigitur
602 587 727 615 magnum
745 583 867 614 putemus
881 585 951 611 esse,
966 578 988 605 si

194 628 209 655 h
223 627 318 654 >mines
328 636 375 654 no»-
389 627 508 653 timeant.
522 626 637 653 Primum
652 626 724 653 enim
736 625 825 652 nullus
836 632 897 651 vere
908 624 988 651 homo

194 683 241 701 nos
258 674 335 700 timet
353 682 357 699 :
375 673 532 704 secundum,
548 680 600 699 non
615 679 740 707 magnum
754 676 795 699 est
814 671 911 698 timeri.
932 670 987 698 Ma-

194 728 272 755 gnum
289 720 388 747 bonum
406 720 489 746 virtus
504 724 542 745 est
556 727 562 744 :
580 724 606 746 et
620 718 679 746 vide
696 717 832 753 quomodo
851 725 986 751 magnum.

196 766 250 793 Etsi
266 774 308 792 res
323 765 393 798 illas,
404 766 500 800 quibus
515 769 636 798 constat,
654 765 766 791 miseras
785 763 968 791 exiSIimemus
979 783 987 796 ,

199 810 266 838 il‘am
281 815 371 838 tamen
392 810 541 837 mirabilem
551 810 709 844 beatamque
719 808 906 844 przedicamus.
921 808 988 842 Quis

200 857 268 884 enim
284 865 333 884 non
350 857 455 884 beatum
472 857 600 891 praedicet
614 856 803 892 philosophum
817 876 824 889 ,
850 855 899 883 etsi
923 863 987 889 pau-

201 910 285 936 μνη-ηιξ
299 907 321 929 et
337 902 435 929 similia
450 902 547 928 misera
568 908 628 929 esse
651 900 813 928 videantur?
835 899 901 928 Cum
925 907 988 934 ergo

200 957 244 982 ιρι*
257 956 298 982 ea,
311 956 371 983 qua:
387 949 483 974 misera
497 956 557 975 esse
568 948 707 982 videntur,
727 947 772 976 ille
788 947 886 982 fulgeat
898 968 905 980 ,
930 947 990 974 vide

197 994 392 1021 excellentiam.
411 994 500 1021 Altum
515 994 587 1028 sapis
599 994 634 1021 de
648 994 765 1029 potentia
779 1014 786 1026 ,
802 1001 818 1021 ο
834 993 936 1020 homo?
958 992 991 1019 Et

195 1047 254 1074 qua:
269 1040 386 1073 potentia
401 1060 408 1072 ,
423 1047 529 1074 qumso,
547 1039 670 1067 ordinata
690 1040 750 1066 est?
775 1040 816 1067 Ab
837 1038 990 1066 hominibus

196 1090 290 1118 potens
312 1085 397 1111 factus
420 1093 448 1112 es
468 1092 474 1110 :
494 1086 564 1112 intus
587 1085 682 1112 ordina
709 1085 834 1120 leipsum.
862 1084 991 1119 Princeps

194 1131 265 1157 enim
282 1137 334 1163 est,
350 1139 402 1158 non
416 1131 460 1166 qui
477 1136 597 1163 vocatur,
612 1131 671 1158 sed'
684 1131 729 1166 qui
753 1138 817 1158 vere
840 1136 892 1158 est.
917 1130 992 1157 Sicut

196 1184 211 1203 e
224 1177 266 1202 .im
285 1184 329 1203 rex
348 1184 433 1211 neque
449 1176 581 1203 medicum
593 1184 679 1210 neque
692 1175 827 1203 rhetorem
846 1175 936 1208 faciet,
952 1175 991 1202 sic

197 1231 283 1257 neque
297 1222 443 1256 principem
459 1231 465 1253 ;
483 1229 569 1256 neque
580 1222 651 1249 enim
663 1222 705 1249 vel
723 1222 808 1249 litera;
829 1221 869 1249 vel
894 1229 991 1248 nomen

198 1269 345 1303 principem
363 1268 471 1295 faciunt.
488 1268 564 1300 Nam,
580 1268 602 1295 si
619 1268 667 1299 vis,
682 1272 802 1295 exstruat
822 1268 882 1303 quis
905 1267 991 1295 medi-

197 1315 264 1341 cinzr
283 1315 435 1345 ofﬁcinam,
454 1315 549 1342 habeat
563 1314 644 1343 etiam
660 1314 816 1349 discipulos,
833 1314 930 1341 habeat
950 1314 991 1341 iu.

197 1369 210 1388 s
224 1366 345 1388 rumcnta
360 1367 386 1388 et
400 1362 541 1396 pbarmacu
552 1382 559 1395 ,
575 1366 602 1389 et
619 1361 715 1389 invisat
730 1365 846 1397 aegrotos
862 1370 868 1388 :
882 1369 916 1388 an
935 1361 992 1388 lucc

200 1412 310 1441 possunt
328 1407 436 1435 efﬁcere
460 1408 614 1435 medicum?
635 1407 759 1440 Minime;
781 1407 828 1435 sed
850 1412 909 1435 arte
925 1414 993 1442 opus

199 1457 258 1485 est,
275 1458 302 1480 et
315 1453 373 1480 sine
388 1453 430 1480 illa
445 1461 498 1480 non
519 1453 599 1481 tundo
613 1453 679 1480 nihil
705 1453 763 1481 lucc
788 1458 899 1488 prosunt
913 1473 921 1485 ,
946 1452 992 1480 sed

200 1500 278 1526 etiam
292 1503 390 1526 nocent
407 1507 414 1525 :
431 1507 490 1527 enm
507 1500 589 1532 enim,
606 1500 651 1534 qui
666 1498 785 1527 medicus
801 1506 853 1526 non
868 1503 920 1532 est,
936 1505 993 1525 tne-

202 1546 250 1572 bus
261 1550 301 1572 est
316 1546 461 1580 pbarmaca
477 1553 528 1573 non
543 1546 654 1574 habere.
668 1546 718 1580 Qui
735 1553 787 1573 non
802 1545 894 1579 habet,
909 1553 995 1581 neque

201 1597 289 1618 servat
308 1599 395 1626 neque
409 1592 495 1627 perdit
509 1601 516 1625 ;
534 1593 578 1627 qui
594 1598 683 1620 autem
699 1592 796 1624 habet,
822 1592 993 1628 pessumdat,

201 1638 322 1663 nesciens
340 1637 391 1664 illis
423 1638 485 1664 uti:
510 1638 640 1672 siquidem
663 1646 715 1666 non
739 1639 765 1665 in
790 1638 996 1673 pharmacorum

202 1686 292 1708 natura
309 1686 411 1709 tantum
425 1683 496 1710 salus
508 1689 548 1710 est
562 1703 570 1717 ,
585 1683 631 1711 sed
644 1684 726 1712 etiam
741 1684 766 1711 iu
790 1688 848 1711 arte
870 1684 970 1711 utentis
987 1692 993 1710 :

202 1735 259 1761 qua:
272 1728 293 1754 si
308 1736 361 1755 non
377 1728 464 1761 adsit,
479 1730 569 1756 omnia
585 1733 709 1764 pereunt.
725 1729 798 1757 Talis
822 1734 850 1757 et
871 1729 996 1764 princeps

205 1777 244 1799 est
259 1781 266 1799 :
282 1772 361 1800 habet
375 1773 563 1806 instrumenta,
580 1782 685 1808 vocem,
702 1774 777 1807 iratn,
795 1775 912 1807 lictores,
922 1774 995 1801 exsi-

207 1818 255 1850 lia,
281 1818 414 1854 honores,
435 1820 523 1853 dona,
550 1821 659 1854 laudes;
681 1820 762 1848 habet
780 1825 807 1848 et
832 1820 994 1855 pharmace,

204 1864 288 1899 “‘305;
307 1865 385 1893 habet
399 1875 485 1901 a'gros
496 1888 503 1899 ,
521 1867 660 1900 homines;
685 1867 765 1894 habet
780 1867 914 1895 officinam
924 1888 932 1900 ,
947 1867 995 1894 tri-

203 1910 280 1938 bunal
294 1919 300 1942 ;
318 1911 399 1939 habet
413 1912 569 1947 discipulos,
586 1912 687 1940 milites
702 1922 708 1940 :
722 1917 749 1939 at
760 1912 781 1939 si
803 1920 854 1940 non
866 1912 936 1939 adsit
952 1919 996 1940 ars

205 1957 307 1984 medica
320 1978 326 1989 ,
341 1957 399 1984 lucc
412 1958 476 1985 nihil
499 1959 537 1985 illi
554 1959 710 1994 proderunt.
725 1958 810 1986 Judex
826 1958 945 1986 medicus
955 1962 996 1985 est

202 2004 363 2036 animarum,
379 2012 431 2031 non
445 2013 588 2039 corporum
606 2013 612 2031 :
627 2006 750 2034 siautem
765 2012 907 2041 corporum
921 2005 996 2033 vale-

201 2050 264 2077 tudo
278 2054 350 2076 tanta
362 2055 421 2085 eget
432 2058 495 2077 cura
507 2072 513 2082 ,
537 2051 621 2079 multo
639 2052 723 2086 magis
743 2052 909 2085 animarum,
934 2051 995 2086 quia

201 2095 287 2129 major
306 2095 393 2121 anima
410 2103 533 2130 corpore.
549 2096 605 2123 Non
621 2104 684 2132 ergo
697 2104 793 2123 nomen
810 2097 909 2124 habere
922 2097 997 2132 prin-

200 2141 277 2175 cipis,
295 2146 335 2168 est
351 2149 412 2169 esse
436 2143 582 2177 principem
602 2152 608 2170 :
625 2143 841 2178 quandoquidem
868 2147 997 2171 vocantur

200 2191 225 2212 ιιι
239 2187 284 2213 alii
302 2187 405 2221 magnis
420 2187 585 2221 numinibus,
602 2188 676 2216 verbi
696 2189 781 2224 gratia
802 2189 918 2222 Paulus,
943 2189 995 2216 Pe-

199 2237 267 2263 trus,
283 2231 409 2267 Jacobus,
423 2233 557 2267 Joannes;
573 2234 621 2262 sed
636 2242 688 2262 non
700 2242 731 2262 ex
742 2235 895 2262 nominibus
908 2235 924 2262 ii
934 2239 996 2262 sunt

199 2278 243 2312 qui
261 2283 393 2305 vocantur
411 2288 417 2304 :
434 2284 462 2306 ut
478 2284 504 2306 et
520 2288 568 2314 ego
584 2288 642 2307 sum
655 2279 762 2315 quidem
776 2279 846 2307 beati
858 2281 928 2307 illius
948 2280 997 2308 bo-

199 2331 346 2359 monymus
359 2324 415 2351 sive
430 2325 597 2359 cognominis
607 2346 614 2359 ,
631 2333 684 2352 non
698 2331 786 2352 autent
808 2333 973 2361 synonymus
988 2334 994 2352 :

199 2377 250 2396 Lou
266 2377 328 2396 sum
342 2370 469 2403 Joannes,
485 2371 530 2397 sed
545 2379 633 2398 vocor.
647 2371 691 2399 Sic
704 2377 730 2399 et
745 2372 780 2398 illi
792 2379 845 2398 nou
855 2376 916 2398 sunt
925 2372 997 2406 priu-

199 2417 275 2450 cipes
286 2437 293 2448 ,
307 2417 353 2442 sed
371 2421 511 2444 vocantur.
529 2418 596 2445 Sunt
609 2422 698 2445 autem
715 2418 752 2445 illi
768 2418 902 2453 principes
915 2418 996 2445 etiam

198 2463 255 2489 sine
272 2462 316 2489 his
332 2470 339 2489 :
355 2463 423 2490 sicut
439 2469 465 2490 et
481 2464 601 2491 medicus
613 2464 676 2492 licet
688 2469 744 2492 arte
759 2471 806 2491 sua
821 2473 874 2492 non
889 2469 995 2498 utatur,

198 2508 219 2534 si
234 2508 310 2534 illam
327 2508 352 2534 in
368 2508 456 2535 anima
473 2509 585 2543 habent,
601 2509 722 2537 medicus
735 2514 786 2537 est.
809 2509 876 2537 Sunt
899 2510 998 2545 princi-

199 2560 246 2587 pes
261 2553 304 2580 sui
318 2553 436 2588 ipsormn
451 2555 595 2589 principes.
610 2555 672 2583 Tria
685 2556 757 2583 enim
775 2556 831 2583 bare
854 2561 914 2583 sunt
937 2557 996 2584 ani—

199 2606 263 2630 mat,
279 2598 388 2631 donuts,
404 2599 507 2632 civitas,
523 2600 596 2628 orbis
610 2608 616 2634 ;
633 2605 661 2628 et
673 2600 714 2633 via
731 2601 845 2637 quadam
868 2609 912 2629 res
937 2610 998 2637 pro-

199 2644 310 2671 cedunt.
326 2645 437 2679 Oportet
453 2646 533 2680 igitur
546 2654 606 2674 eum
620 2647 665 2682 qui
679 2646 769 2674 domui
792 2647 977 2681 praeficiendus
989 2666 997 2679 ,

199 2695 226 2716 ct
241 2691 328 2725 ipsam
344 2695 416 2718 recte
432 2691 611 2719 :edificaturus
625 2696 676 2725 est,
694 2693 780 2727 primo
793 2692 909 2719 animam
922 2699 998 2719 suam

201 2743 366 2771 componere
382 2746 388 2764 :
405 2745 466 2765 nam
479 2737 576 2766 domus
592 2745 639 2765 sua
655 2743 704 2765 est.
720 2738 746 2766 Si
758 2744 822 2765 vero
836 2745 911 2765 suam
923 2745 998 2774 rege-

688 244 721 272 IN
741 243 831 272 ACTA
852 242 1113 272 APOSTOLORUM.
1134 243 1249 273 llOMlL.
1272 245 1327 273 ιιι.

1783 248 1836 275 366

1044 309 1072 329 re
1089 310 1142 330 non
1156 304 1249 337 possit,
1265 304 1309 331 ubi
1324 311 1376 331 una
1391 304 1478 331 anima
1491 326 1499 338 ,
1513 304 1558 332 ubi
1584 305 1665 334 herus
1687 306 1744 341 ipse
1755 327 1764 340 ,
1792 307 1837 335 ubi

1042 349 1149 384 semper
1160 358 1251 377 secum
1264 355 1323 384 est,
1344 350 1478 385 quomodo
1506 351 1573 379 alios
1595 352 1761 380 :edifieabit?
1787 354 1837 385 Qui

1043 399 1132 428 potest
1145 395 1262 423 animam
1277 403 1439 432 componere
1459 404 1534 424 suam
1547 418 1554 429 .
1571 397 1616 432 qui
1631 398 1702 425 aliud
1720 405 1817 434 regere
1830 419 1837 430 ,

1041 440 1113 468 aliud
1130 442 1184 477 regi
1199 446 1292 475 curat,
1308 442 1352 470 hic
1364 447 1391 470 et
1404 443 1512 470 domum
1538 451 1631 478 regere
1654 444 1769 479 poterit;
1794 445 1838 480 qui

1041 487 1161 519 domum,
1176 488 1257 515 etiam
1273 488 1425 523 civitatem;
1442 489 1487 525 qui
1507 489 1661 523 civitatem,
1686 491 1766 518 etiam
1795 497 1840 517 or-

1042 533 1113 561 bcm.
1129 534 1155 561 Si
1169 535 1284 562 animam
1298 543 1392 570 regere
1406 543 1459 563 non
1474 536 1568 571 possit,
1582 536 1718 571 quomodo
1739 538 1833 564 orbem

1043 579 1162 614 poterit?
1176 580 1237 608 [lare
1252 580 1320 614 dixi,
1335 587 1363 608 ut
1378 588 1412 609 ne
1426 581 1459 608 ad
1473 582 1640 617 principatus
1656 582 1801 615 inhiemus,
1812 587 1841 608 ut

1043 625 1197 658 videamus,
1212 626 1275 661 quid
1299 627 1333 654 sit
1352 627 1538 662 principatus:
1553 628 1603 655 ltoc
1624 629 1696 656 enim
1719 637 1772 657 non
1799 632 1841 656 est

1043 672 1218 707 principatus,
1236 672 1282 700 sed
1298 673 1417 707 derisio,
1442 674 1573 708 servitus,
1596 679 1624 702 et
1644 675 1718 702 mille
1741 675 1839 702 similia

1042 719 1102 753 quis
1114 718 1227 747 dixerit.
1244 719 1291 746 Dic
1304 720 1385 752 mihi,
1402 720 1465 754 quid
1482 725 1522 748 est
1546 721 1658 755 principi
1678 720 1840 756 proprium?

1042 771 1132 791 nonne
1144 764 1258 792 subditis
1274 765 1403 800 prodesse
1416 770 1444 793 et
1456 766 1525 794 bene
1548 766 1657 794 facere?
1676 766 1745 800 Quid
1759 774 1838 802 ergo,

1042 811 1064 838 si
1079 811 1130 839 hoc
1146 819 1199 838 non
1212 810 1278 838 fiat?
1292 811 1428 846 quomodo
1443 812 1503 839 aliis
1517 812 1648 847 proderit,
1662 813 1707 847 qui
1723 811 1773 839 sibi
1787 819 1839 839 non

1043 857 1172 893 prodest?
1187 856 1233 892 qui
1246 857 1381 885 sexcentis
1400 857 1483 885 animi
1499 858 1615 885 motibus
1630 858 1755 894 agitatur,
1774 865 1840 892 quo-

1043 902 1122 930 modo
1143 902 1257 930 aliormn
1284 906 1373 930 motus
1394 903 1521 931 sedabit?
1535 903 1580 931 Sic
1602 904 1682 931 etiam
1713 903 1839 931 delicize:

1043 956 1096 976 non
1112 948 1169 975 hate
1183 952 1244 975 sunt
1263 948 1387 982 deliciae,
1402 948 1449 976 sed
1463 949 1525 976 alia.
1542 949 1617 977 Sicut
1637 951 1708 976 enim
1730 948 1841 976 demon-

1042 998 1155 1021 stratum
1170 998 1212 1021 est
1225 994 1372 1029 principem
1389 1001 1449 1021 esse
1463 1001 1516 1022 non
1532 993 1604 1021 hunc
1614 994 1661 1021 sed
1675 993 1759 1021 alium
1777 1001 1783 1020 :
1801 992 1841 1020 sic

1044 1041 1090 1076 qui
1102 1041 1206 1068 deliciis
1222 1040 1320 1075 gaudet
1333 1060 1340 1073 ,
1355 1040 1423 1067 alius
1437 1045 1488 1068 est.
1505 1040 1637 1068 Videntur
1648 1039 1720 1067 enim
1734 1037 1839 1066 deliciae

1044 1086 1246 1121 esse.voluptati
1259 1090 1287 1113 et
1299 1086 1368 1121 gula:
1381 1086 1503 1118 servire;
1519 1086 1566 1113 sed
1578 1085 1629 1114 hoc
1641 1092 1694 1112 non
1709 1088 1750 1112 est
1762 1104 1768 1117 ,
1786 1085 1840 1111 imo

1044 1133 1219 1165 contrarium,
1237 1140 1334 1168 netnpe
1344 1132 1461 1159 animam
1476 1132 1575 1160 habere
1589 1131 1751 1163 mirabilem,
1766 1130 1840 1157 ctsic

1045 1179 1071 1206 iu
1086 1179 1223 1213 voluptate
1236 1178 1349 1206 versari.
1370 1178 1435 1206 Esto
1448 1178 1533 1211 etiim,
1549 1177 1672 1206 comedat
1685 1176 1754 1212 quis,
1768 1175 1843 1203 bibat

1045 1224 1210 1257 etlasciviat,
1226 1224 1323 1252 deinde
1337 1232 1428 1251 curam
1440 1224 1539 1252 haheat
1549 1231 1580 1251 ac
1593 1227 1705 1251 moerent
1719 1230 1725 1249 :
1744 1230 1777 1249 an
1795 1229 1844 1256 po-

1046 1273 1097 1297 test
1109 1268 1152 1296 bic
1166 1270 1191 1296 in
1207 1269 1311 1297 deliciis
1324 1270 1405 1296 esse?
1417 1268 1475 1297 Νοη
1489 1277 1554 1304 ergo
1564 1268 1707 1296 comedere
1716 1272 1742 1295 ct
1751 1267 1843 1294 bibere

1045 1320 1106 1342 sunt
1119 1314 1237 1347 deliciae,
1250 1314 1296 1342 sed
1309 1316 1335 1342 in
1347 1315 1484 1349 voluptate
1495 1322 1564 1342 esse.
1578 1315 1652 1347 Esto,
1665 1313 1725 1349 quis
1736 1312 1841 1340 aridum

1045 1361 1189 1388 manducet
1213 1368 1308 1396 panem
1323 1382 1330 1393 ,
1347 1366 1374 1388 ct
1388 1369 1447 1388 cum
1462 1360 1555 1388 laetitia
1571 1360 1713 1395 impleatur
1728 1369 1734 1387 :
1751 1365 1840 1386 annou

1046 1407 1097 1436 hoc
1109 1407 1230 1441 voluptas
1245 1407 1304 1435 est?
1319 1407 1390 1442 Ergo
1406 1411 1432 1434 ct
1446 1407 1503 1434 hmc
1518 1407 1639 1434 ciborum
1661 1406 1774 1433 deliciic.
1797 1405 1843 1432 Vi-

1046 1454 1157 1481 deamus
1173 1461 1238 1489 ergo
1252 1473 1258 1485 ,
1273 1453 1368 1488 quibus
1380 1453 1437 1481 lucc
1448 1453 1571 1488 voluptas
1584 1452 1691 1480 accidat
1705 1473 1711 1484 ,
1726 1459 1759 1478 an
1773 1451 1843 1478 divi—

1048 1501 1128 1534 tibus,
1142 1507 1175 1527 an
1190 1508 1243 1527 non
1256 1499 1392 1528 divitibus.
1407 1499 1497 1534 Neque
1513 1499 1554 1526 bis
1565 1520 1572 1531 ,
1594 1506 1681 1533 neque
1703 1497 1757 1525 illis
1767 1519 1774 1531 ,
1796 1497 1843 1524 sed

1048 1548 1080 1574 iis
1090 1567 1098 1579 ,
1112 1546 1156 1582 qui
1174 1546 1208 1573 ita
1224 1550 1388 1580 compouunt
1402 1546 1519 1572 animam
1530 1552 1606 1571 suam
1617 1565 1624 1577 ,
1639 1548 1668 1571 ut
1689 1551 1723 1571 ne
1745 1542 1844 1570 ntultas

1048 1593 1164 1621 habeant
1178 1599 1326 1621 maerorum
1338 1599 1443 1619 causas.
1463 1591 1496 1619 Et
1518 1591 1605 1626 qualis
1623 1594 1666 1618 est
1687 1589 1746 1617 hanc
1769 1588 1844 1616 vita?

1048 1640 1119 1668 dicet
1132 1639 1202 1667 forte
1216 1639 1334 1675 aliquis;
1349 1638 1429 1666 video
1441 1639 1512 1666 enim
1532 1646 1580 1665 vos
1602 1645 1697 1665 onmes
1719 1634 1845 1664 audiendi

1049 1686 1138 1714 studio
1153 1685 1309 1721 ﬂagrantes,
1325 1693 1384 1720 quae
1397 1685 1432 1712 sit
1444 1685 1501 1712 haec
1515 1685 1585 1718 vita,
1601 1692 1661 1719 qua:
1676 1683 1777 1710 nullum
1798 1681 1846 1709 ha-

1048 1732 1110 1760 beat
1124 1738 1278 1758 tnmrorem.
1294 1729 1376 1765 Igitur
1387 1730 1413 1757 in
1426 1730 1550 1757 confesso
1560 1729 1595 1756 sit
1605 1728 1675 1764 apud
1695 1735 1742 1755 vos
1759 1727 1846 1763 pritno

1049 1777 1118 1804 hanc
1132 1784 1193 1804 esse
1206 1776 1382 1810 voluptatem,
1399 1775 1448 1802 has
1461 1775 1571 1802 delicias
1584 1796 1591 1807 ,
1614 1774 1721 1810 quando
1745 1780 1847 1801 mceror

1050 1832 1102 1850 non
1118 1822 1208 1850 turbat
1220 1843 1227 1854 ,
1245 1829 1295 1850 nec
1311 1822 1403 1856 petita
1417 1829 1462 1848 me
1482 1829 1578 1849 carnes
1591 1842 1599 1854 ,
1616 1821 1706 1848 vinum
1718 1840 1725 1853 ,
1752 1819 1847 1846 condi-

1050 1874 1149 1902 menta,
1163 1869 1263 1896 sericas
1273 1872 1363 1896 vestes
1375 1888 1383 1901 ,
1399 1868 1497 1896 lautam
1516 1875 1648 1895 mensam.
1664 1867 1699 1894 At
1712 1866 1734 1893 si
1749 1870 1844 1893 osten—

1049 1917 1115 1945 dero
1127 1916 1229 1951 absque
1243 1916 1284 1943 bis
1301 1915 1381 1943 talem
1394 1915 1487 1943 haberi
1504 1915 1584 1942 vitam
1597 1935 1604 1946 ,
1630 1914 1699 1941 hanc
1721 1912 1844 1947 volupta-

1051 1968 1104 1991 tem
1118 1982 1125 1996 ,
1151 1962 1222 1989 hanc
1247 1961 1328 1989 vitam
1353 1961 1549 1996 diligezmulta
1572 1961 1644 1988 enim
1668 1960 1745 1987 nobis
1759 1959 1843 1986 tristia

1049 2008 1186 2041 accidunt,
1202 2015 1235 2036 eo
1250 2007 1321 2043 quod
1336 2015 1389 2035 non
1402 2028 1410 2041 ,
1427 2011 1456 2034 ut
1469 2015 1517 2042 par
1527 2011 1583 2040 est,
1597 2014 1628 2034 ea
1644 2005 1783 2033 nobiscutu
1801 2012 1843 2031 rc-

1051 2061 1187 2090 putemus.
1203 2054 1268 2088 Quis
1293 2054 1373 2089 igitur
1395 2054 1480 2088 magis
1506 2053 1628 2087 dolebit,
1650 2053 1708 2080 isne
1732 2052 1777 2087 qui
1802 2051 1846 2078 illa

1050 2100 1117 2128 nihil
1130 2104 1226 2132 curat,
1248 2107 1281 2126 an
1297 2100 1319 2127 is
1332 2099 1376 2134 qui
1396 2099 1494 2126 curat?
1507 2099 1551 2133 qui
1567 2097 1765 2126 vicissitudines
1787 2105 1843 2124 ruc-

1051 2146 1100 2173 tuit
1112 2166 1119 2178 ,
1132 2153 1166 2172 an
1179 2145 1223 2180 qui
1239 2153 1291 2173 non
1304 2144 1414 2172 metuit?
1429 2144 1474 2179 qui
1491 2144 1602 2172 liVurcm
1617 2164 1624 2176 ,
1640 2142 1766 2170 invidiam
1780 2162 1787 2174 ,
1802 2149 1842 2176 sy-

1050 2190 1207 2226 cophantias
1219 2210 1226 2223 ,
1243 2189 1353 2217 insidias
1366 2211 1373 2223 ,
1391 2190 1535 2225 perniciem
1552 2189 1647 2221 timet,
1669 2196 1703 2215 an
1725 2187 1769 2223 qui
1795 2195 1847 2213 non

1051 2236 1148 2264 timet?
1163 2236 1207 2271 qui
1221 2235 1325 2268 tnultis,
1341 2243 1373 2262 an
1388 2236 1433 2271 qui
1450 2235 1522 2262 nullo
1536 2234 1657 2270 indiget?
1667 2233 1711 2269 qui
1724 2233 1847 2260 innume-

1051 2284 1103 2315 ris,
1120 2290 1154 2309 an
1168 2283 1212 2318 qui
1228 2282 1293 2309 nulli
1308 2282 1411 2309 servit?
1425 2282 1470 2317 qui
1485 2281 1573 2308 multis
1596 2288 1665 2316 opus
1688 2279 1789 2312 habet,
1812 2285 1846 2305 an

1051 2329 1095 2364 qui
1112 2328 1180 2355 liber
1194 2328 1257 2355 est?
1270 2328 1315 2362 qui
1331 2335 1412 2355 unum
1429 2327 1505 2354 timet
1519 2326 1668 2358 dominum,
1683 2333 1716 2352 an
1729 2323 1773 2360 qui
1788 2331 1849 2351 sex-

1051 2373 1252 2408 ccutos?Ergo
1266 2372 1351 2407 major
1365 2372 1408 2400 hic
1430 2372 1553 2408 voluptas
1577 2375 1628 2399 est.
1655 2370 1731 2398 Hanc
1758 2370 1849 2403 itaque

1050 2424 1195 2451 sectemur,
1210 2426 1297 2453 neque
1312 2418 1487 2453 praesentibus
1498 2417 1650 2450 inbiemus;
1664 2415 1711 2444 sed
1728 2415 1849 2443 deridea-

1051 2473 1111 2492 mus
1121 2472 1228 2492 onmem
1240 2464 1299 2491 vitae
1312 2463 1420 2496 fastum.
1433 2469 1460 2491 et
1471 2464 1569 2498 ubique
1576 2463 1684 2491 modum
1695 2468 1847 2493 servemus.

1052 2515 1080 2538 ut.
1095 2511 1226 2546 possimus
1242 2510 1311 2537 hanc
1324 2510 1405 2537 vitam
1418 2510 1476 2537 sine
1490 2517 1607 2538 maerore
1623 2509 1772 2543 transigere
1785 2528 1792 2539 ,
1821 2511 1848 2534 et

1053 2556 1182 2590 promissa
1196 2556 1325 2590 consequi
1334 2555 1414 2588 bona,
1427 2555 1512 2590 gratia
1524 2560 1551 2582 et
1562 2554 1726 2588 benignitate
1738 2551 1843 2579 Domini

1052 2602 1138 2630 nostri
1153 2602 1216 2630 Jesu
1232 2601 1341 2634 Christi,
1357 2602 1464 2637 quicum
1479 2601 1552 2629 Patri
1572 2605 1599 2627 ct
1619 2598 1730 2635 Spiritui
1754 2603 1846 2624 sancto

1051 2650 1147 2685 gloria,
1163 2650 1318 2684 imperium,
1333 2649 1432 2683 honor,
1450 2655 1519 2677 nunc
1533 2651 1559 2675 et
1573 2653 1699 2681 semper.
1714 2648 1742 2672 ct
1753 2643 1779 2670 in
1793 2650 1846 2670 sa:-

1051 2696 1112 2724 cula
1125 2696 1296 2725 seculorum.
1311 2696 1407 2723 Amen.
