4112 6420
438 471 541 529 387

1148 463 1208 522 S.
1247 460 1528 520 JOANNIS
1567 451 2042 515 CllRYSOSTOMl
2082 450 2395 507 AntiiltEP.
2439 450 2975 516 CONSTANTINOP.

3625 466 3731 526 πθ

1155 574 3364 599 Μ

3375 585 3664 603 ἢ

1784 637 2123 703 HOMILIA
2168 638 2328 701 LIII.

445 798 577 854 Car.
621 797 713 854 26.
760 813 813 852 v.
855 795 944 852 '50.
989 795 1054 849 Et
1095 792 1378 848 exsurrexit
1416 805 1528 855 rex,
1578 802 1766 857 prwses
1805 794 1850 838 et
1899 780 2023 836 Ber-

507 892 641 957 nice,
670 898 718 946 et
750 892 838 961 qui
865 889 1152 945 assidebam
1191 886 1261 940 eis
1281 900 1301 939 :
1338 883 1429 939 3i.
1463 892 1509 935 et
1539 897 1654 934 cum
1688 878 2030 936 secessissent,

512 985 845 1053 loquebantur
884 982 952 1034 ad
990 981 1221 1045 invicem,
1264 977 1534 1031 dicentes:
1568 971 1718 1027 Nihil
1757 979 1917 1024 morte
1945 976 2032 1019 aut

510 1078 728 1132 vinculis
762 1077 971 1145 dignum
1003 1074 1121 1143 fecit
1152 1073 1234 1126 hic
1263 1071 1433 1124 homo.
1476 1067 1566 1123 5‘2.
1597 1065 1827 1136 Agrippa
1865 1070 2034 1115 autem

518 1169 669 1227 Festo
698 1170 823 1223 dixit
852 1183 872 1222 :
900 1166 1100 1221 Dimitti
1127 1173 1322 1236 poterat
1352 1162 1500 1216 homo
1529 1159 1629 1225 hic,
1660 1158 1702 1211 si
1730 1172 1830 1210 non
1858 1151 2036 1224 appel-

444 1280 447 1283 ·
512 1265 663 1316 lasset
689 1259 960 1316 Cwsarem.

513 1355 566 1407 l.
613 1351 746 1407 Vide
771 1348 1041 1421 quomodo
1064 1362 1276 1404 rursum
1300 1361 1397 1416 pro
1418 1345 1511 1399 illo
1539 1340 1806 1399 calculum
1826 1337 2034 1393 ferunt:

441 1446 603 1502 etiam
643 1451 923 1515 postquam
970 1441 1161 1497 Festus
1201 1439 1434 1503 dixerat,
1479 1433 1706 1499 Insanis,
1754 1430 2038 1485 absolvunt

441 1539 618 1605 illmn,
657 1552 764 1592 non
792 1536 967 1591 solum
994 1549 1025 1590 a
1056 1540 1252 1597 morte,
1299 1528 1394 1585 sed
1422 1528 1583 1584 etiam
1627 1540 1657 1579 a
1684 1521 1943 1584 vinculis;
1973 1532 2037 1573 ac

443 1630 657 1686 demum
684 1627 1014 1684 dimisissent
1044 1625 1143 1680 nisi
1175 1623 1442 1679 Caesarem
1475 1616 1811 1689 appellasset.
1839 1611 2034 1665 Verum

447 1726 549 1779 hoc
579 1739 643 1778 ex
669 1719 1003 1792 providentia
1026 1716 1222 1772 factum
1245 1722 1320 1769 est
1345 1730 1359 1780 ;
1388 1726 1494 1766 non
1516 1709 1688 1763 Solum
1711 1714 1889 1760 autem
1910 1704 2032 1771 hoc,

444 1817 537 1872 sed
574 1818 735 1871 etiam
786 1812 926 1883 quod
976 1826 1095 1865 cum
1132 1807 1356 1863 vinculis
1398 1805 1588 1859 abiret.
1629 1799 1753 1855 Ideo
1792 1797 2032 1863 dicebat,

449 1906 619 1978 Usque
647 1905 719 1959 ad
752 1903 954 1959 vincula
985 1901 1130 1971 quasi
1167 1899 1297 1953 male
1340 1911 1556 1967 operam
1596 1893 1671 1964 (2.
1708 1890 1844 1945 Tim.
1872 1888 1927 1942 2.
1952 1888 2029 1957 9)

443 2001 498 2056 Si
550 2000 693 2053 enim
756 1997 1014 2052 Dominus
1061 1995 1179 2066 ejus
1223 2007 1344 2048 cum
1399 1989 1595 2059 iniquis
1640 1992 1915 2056 reputatus
1956 1990 2040 2037 est

447 2090 640 2157 (Marc.
673 2090 763 2146 15.
790 2090 907 2158 28),
952 2087 1124 2142 multo
1155 2085 1321 2155 magis
1356 2082 1469 2146 hic;
1504 2080 1597 2134 sed
1627 2080 1767 2133 sicut
1807 2076 1896 2131 ille
1922 2075 2037 2145 glo-

446 2183 580 2238 riam
612 2199 717 2236 nou
758 2181 1004 2246 curavit,
1035 2178 1108 2232 ita
1156 2190 1332 2247 neque
1375 2174 1484 2231 hic.
1526 2167 1854 2226 Admirabile
1895 2165 2038 2221 enim

446 2284 551 2341 est,
581 2273 723 2344 quod
752 2273 891 2328 inter
915 2271 1033 2325 illos
1062 2270 1280 2334 mixtus,
1308 2266 1435 2321 nihil
1460 2263 1583 2318 inde
1614 2260 1794 2317 damni
1816 2273 2039 2328 accepe-

448 2379 535 2424 ι·ιι.
569 2366 738 2438 (Cap.
766 2356 886 2428 2'7.)
912 2383 931 2416 ι
962 2364 1012 2419 ι.
1042 2362 1111 2419 Ut
1142 2371 1319 2417 autem
1370 2359 1646 2415 decretum
1685 2354 1781 2409 fuit
1802 2394 1816 2418 ,
1850 2361 1907 2407 ut
1942 2364 2041 2405 nos

447 2461 821 2531 navigaremus
851 2458 905 2512 in
933 2455 1160 2521 Italiam,
1196 2451 1528 2508 tradiderunt
1557 2449 1778 2504 Paulum
1806 2454 1860 2501 et
1880 2458 2042 2516 quos-

450 2555 573 2607 tlatn
604 2552 741 2607 alios
770 2552 975 2605 vinctos
1003 2541 1325 2611 centurioni,
1365 2543 1583 2598 nomine
1610 2541 1772 2608 Julio,
1802 2539 2043 2595 cohortis

446 2650 724 2717 Augustin.
762 2645 816 2699 2.
853 2646 1159 2700 Conscensa
1193 2639 1315 2694 navi
1341 2637 1715 2702 Adrumetina,
1746 2633 2041 2704 navigaturi

448 2741 591 2793 circa
638 2737 781 2794 Asia:
825 2736 940 2791 loca
1004 2734 1289 2799 solvimus,
1336 2738 1717 2802 perseverante
1763 2726 2042 2783 nobiscum

452 2828 769 2887 Aristarcho
811 2826 1103 2883 Macedone
1143 2823 1633 2882 Thessalonicensi.
1685 2821 1739 2876 3.
1783 2817 2043 2889 Sequenti

448 2935 627 2979 autem
656 2923 746 2978 die
769 2922 1074 2992 appulimus
1102 2918 1379 2975 Sidonem.
1411 2935 1432 2970 ι
1468 2916 1603 2972 Vide
1629 2928 1909 2986 quousque
1947 2927 2045 2967 co-

450 3018 674 3073 mitatur
700 3015 923 3070 Paulum
970 3011 1333 3068 Aristarchus.
1370 3008 1515 3065 Bene
1556 3009 1720 3063 etiam
1760 3016 1816 3062 et
1846 3004 2049 3060 utiliter

452 3110 607 3165 adest
649 3106 1015 3172 Aristarchus,
1049 3105 1231 3160 omnia
1262 3104 1314 3158 in
1345 3101 1657 3157 Macedonia
1706 3108 2043 3156 narraturus.

459 3220 484 3255 ‹
512 3199 828 3256 llumaniter
853 3206 1032 3253 autem
1067 3203 1305 3251 tractans
1332 3193 1509 3249 Julius
1531 3192 1779 3257 Paulum,
1807 3190 2051 3260 permisit

454 3293 521 3348 ad
552 3292 755 3346 amicos
782 3290 880 3357 ire,
913 3297 967 3345 et
991 3302 1174 3344 curam
1205 3286 1287 3341 sui
1315 3299 1502 3357 agere.
1546 3285 1600 3339 4.
1651 3284 1721 3339 Et
1764 3281 1890 3340 inde
1926 3297 2048 3339 cum

457 3384 829 3449 solvissemus,
848 3381 1317 3452 subnavigavimus
1334 3377 1590 3451 Cyprum,
1614 3392 1679 3433 eo
1703 3377 1847 3447 quod
1869 3386 2051 3433 essent

455 3477 602 3532 venti
645 3474 922 3531 contrarii.
956 3491 975 3526 ι
1022 3470 1280 3535 Permisit,
1338 3469 1528 3539 inquit,
1583 3466 1779 3533 Julius,
1823 3465 2051 3521 Paulum

456 3567 744 3622 humaniter
797 3573 1039 3619 tractans.
1089 3562 1233 3617 Bene
1278 3560 1381 3616 hoc
1423 3559 1682 3630 permisit,
1712 3567 1771 3614 ut
1798 3558 1865 3613 ad
1893 3569 2051 3614 notos

456 3657 729 3731 profectus
770 3664 1088 3711 curaretur:
1116 3652 1411 3709 verisimile
1439 3653 1584 3707 enim
1611 3662 1715 3717 est,
1757 3667 1878 3707 eum
1912 3652 2052 3708 male

460 3750 709 3805 habuisse
755 3763 783 3801 a
812 3746 1062 3811 vinculis,
1107 3758 1139 3800 a
1178 3753 1324 3800 metu
1346 3785 1361 3810 ,
1410 3759 1439 3797 a
1473 3744 1884 3815 raptationibus.
1917 3743 2051 3800 Vide

457 3841 728 3910 quomodo
759 3840 860 3894 hoc
887 3854 993 3894 non
1016 3836 1271 3903 occultet,
1297 3835 1439 3905 quod
1462 3850 1645 3891 curam
1673 3835 1753 3890 sui
1781 3835 2049 3891 habuerit.

458 3935 669 3990 Rursus
695 3932 1041 3997 tentationes,
1083 3943 1276 3984 rursus
1303 3928 1446 3983 venti
1474 3928 1750 3983 contrarii.
1793 3928 1926 3984 Vide
1956 3943 2053 3999 per

461 4025 639 4080 omnia
666 4023 830 4078 vitam
858 4020 1265 4076 sanctorum-sic
1287 4019 1498 4074 contexi
1526 4037 1539 4075 :
1569 4018 1866 4089 effugerant
1887 4010 2053 4075 tribui

460 4116 570 4182 nal,
604 4127 658 4171 et
687 4113 930 4169 incidunt
949 4115 999 4167 in
1031 4111 1363 4183 naufragium
1391 4120 1446 4166 et
1477 4120 1880 4181 tempestatem;
1909 4113 2053 4184 quod

465 4207 710 4263 iudicans
756 4205 972 4277 pergit:
1010 4204 1110 4260 t5.
1148 4203 1218 4260 Et
1262 4205 1480 4274 pelagus
1528 4204 1669 4258 inter
1714 4202 1952 4259 Ciliciam
2000 4212 2056 4260 et

461 4296 831 4371 Pamphyliam
859 4296 1087 4362 emensi,
1120 4295 1463 4367 pervenimus
1486 4293 1710 4366 Myram,
1741 4309 1861 4365 qua:
1887 4305 1968 4350 est
2000 4295 2052 4350 in

462 4390 647 4463 Lycia.
674 4389 729 4444 6.
759 4389 828 4444 Et
847 4388 1188 4445 ibicenturio
1210 4395 1395 4441 nactus
1428 4400 1615 4440 navem
1639 4385 2054 4442 Alexandrinam

470 4484 809 4554 navigantem
864 4481 918 4536 in
977 4479 1204 4549 Italiam,
1263 4478 1530 4534 transtulit
1581 4492 1680 4533 nos
1725 4479 1778 4533 in
1834 4478 2050 4533 illamn

468 4574 709 4642 Nactus,
751 4575 941 4646 inquit,
983 4588 1161 4627 navem
1211 4570 1634 4625 Alexandrinam.
1680 4569 1938 4641 Apposite
1971 4571 2056 4625 in-

466 4671 702 4738 venitur,
757 4680 813 4726 ut
861 4668 936 4724 illi
981 4684 1101 4738 quae
1169 4668 1392 4723 Paulum
1458 4666 1775 4736 Spectabant
1831 4666 1883 4720 in
1932 4665 2056 4719 Asia

467 4764 805 4827 nuntiarent,
838 4772 893 4817 et
930 4761 983 4816 hi
1036 4763 1086 4816 in
1117 4761 1301 4833 Lycia.
1333 4760 1468 4817 Vide
1511 4758 1681 4815 Deum
1727 4758 1860 4813 nihil
1906 4758 2061 4813 inno-

472 4868 622 4920 vare,
663 4853 796 4908 nihil
840 4862 1070 4918 mutare,
1117 4853 1211 4908 sed
1257 4852 1572 4923 permittere
1611 4866 1732 4905 eum
1771 4850 2060 4905 contrariis

471 4942 651 4997 ventis
685 4942 956 5013 navigare.
998 4942 1103 4998 Sed
1129 4942 1292 4997 etiam
1332 4942 1411 4997 sic
1439 4943 1755 4997 miraculum
1784 4949 2055 5011 operatur.

472 5033 544 5090 Ut
573 5042 688 5089 tuto
720 5035 990 5106 navigent,
1020 5051 1125 5089 non
1160 5035 1286 5090 sinit
1314 5050 1408 5091 eos
1438 5035 1491 5089 in
1518 5034 1735 5105 pelagus
1780 5049 1839 5089 se
1865 5035 2063 5088 immit-

474 5136 611 5191 tere,
644 5126 739 5182 sed
768 5140 983 5196 semper
999 5126 1153 5196 juxta
1182 5136 1378 5181 terram
1422 5125 1761 5196 navigabant.
1797 5143 1816 5177 ι
1848 5126 1912 5179 Et
1937 5139 2057 5179 cum

475 5220 660 5275 multis
685 5219 874 5274 diebus
903 5219 1054 5273 tarde
1075 5219 1449 5289 navigaremus
1464 5226 1520 5273 et
1544 5218 1629 5271 vix
1656 5216 2060 5272 devenissemus

472 5321 661 5366 contra
697 5308 946 5377 Cnidum,
987 5308 1307 5380 prohibente
1345 5323 1444 5364 nos
1471 5317 1651 5375 vento,
1691 5305 2065 5376 subnavigavi-

471 5416 594 5459 mus
621 5401 796 5457 Creta:
817 5402 969 5472 juxta
993 5401 1320 5466 Salmonen;
1354 5400 1408 5456 8.
1434 5409 1491 5454 et
1505 5401 1592 5454 vix
1628 5399 2065 5468 prteterlegcntes

474 5495 648 5563 illam,
669 5497 1013 5566 pervenimus
1042 5497 1096 5551 in
1124 5498 1297 5551 locum
1323 5493 1609 5562 quemdam
1634 5502 1904 5560 vocatum,
1929 5494 2063 5550 Boni

477 5600 685 5655 portus,
723 5588 873 5658 juxta
917 5604 1076 5659 quem
1122 5603 1288 5659 prope
1328 5588 1517 5642 civitas
1548 5585 1753 5643 Lasma.
1800 5585 1855 5641 9.
1900 5586 2066 5641 Multo

478 5689 656 5734 autem
689 5691 929 5752 tempore
956 5690 1196 5750 peracto,
1243 5691 1446 5734 etcum
1474 5678 1583 5749 jam
1630 5695 1739 5734 non
1781 5686 1927 5734 esset
1955 5687 2063 5732 tuta

480 5768 766 5839 navigatio,
792 5785 859 5826 eo
883 5772 1022 5841 quod
1050 5772 1314 5841 jejunium
1336 5770 1447 5841 jam
1478 5770 1842 5840 prmteriisset,
1876 5769 2065 5826 admo-

483 5859 648 5916 nebat
671 5876 766 5915 eos
791 5861 1004 5927 Paulus,
1031 5862 1118 5916 l0.
1145 5863 1330 5917 dicens
1355 5882 1367 5916 :
1396 5861 1585 5930 Video,
1619 5862 1740 5929 viri,
1774 5860 1917 5932 quod
1946 5875 2067 5916 cum

486 5949 678 6021 injuria
708 5961 761 6006 et
795 5952 962 6008 multo
985 5953 1181 6010 damno
1221 5970 1325 6010 non
1371 5955 1549 6013 solum
1592 5956 1771 6014 oneris
1813 5965 1867 6012 et
1894 5957 2064 6025 navis,

2138 781 2231 837 sed
2258 783 2420 841 etiam
2452 787 2753 845 animarum
2797 804 3100 851 nostrarum
3136 797 3324 870 incipit
3355 817 3478 861 esse
3517 810 3730 879 naviga-

2140 874 2218 927 tio
2269 875 2359 931 li.
2380 877 2640 935 Centurio
2674 893 2853 938 autem
2883 885 3231 956 gubernatori
3255 901 3308 947 et
3333 895 3588 953 nauclero
3611 874 3727 954 nia-

2138 965 2220 1035 gis
2265 967 2539 1037 credebat,
2571 988 2730 1042 quam
2778 977 2840 1031 iis
2866 1018 2880 1042 ,
2912 994 3032 1044 qua;
3060 980 3375 1039 dicebantur
3417 1002 3446 1040 a
3490 987 3674 1046 Paulo.
3707 1012 3725 1046 ι

2140 1055 2408 1126 Jejunium
2439 1061 2539 1117 hoc
2566 1065 2757 1134 opinor
2788 1068 2893 1123 dici
2915 1068 3241 1128 Judteorum.
3274 1075 3407 1133 Nam
3439 1092 3555 1150 post
3594 1084 3732 1141 Pett-

2144 1154 2384 1206 tecosten
2427 1154 2673 1211 exierant
2718 1159 2865 1215 illinc
2896 1171 3015 1231 post
3042 1166 3269 1221 multum
3310 1179 3538 1242 tempus,
3582 1185 3639 1231 ut
3680 1179 3732 1233 in

2142 1239 2256 1309 ipsa
2300 1242 2414 1299 fere
2459 1246 2633 1303 hieme
2672 1252 2919 1307 venerint
2966 1254 3019 1309 in
3060 1269 3240 1326 partes
3282 1239 3471 1320 Cretar.
3526 1266 3592 1321 Et
3630 1269 3734 1328 hoc

2141 1346 2357 1427 quoque
2406 1351 2513 1392 non
2561 1354 2783 1409 parvum
2831 1346 3168 1417 miraculum,
3211 1355 3352 1422 quod
3398 1357 3472 1412 illi
3516 1371 3734 1433 propter

2143 1433 2286 1478 nunc
2332 1428 2529 1481 servati
2571 1430 2700 1485 sint.
2758 1431 2883 1501 Viri,
2926 1438 3069 1492 uideo
3120 1442 3257 1510 quod
3290 1461 3406 1498 cum
3445 1428 3635 1519 injuria
3687 1465 3735 1509 et

2141 1516 2299 1570 multo
2337 1518 2545 1589 damno,
2583 1523 2776 1594 inquit,
2817 1544 2917 1581 non
2964 1531 3128 1585 solum
3153 1538 3319 1590 oneris
3348 1547 3394 1592 et
3436 1516 3597 1610 navis,
3644 1548 3731 1600 sed

2143 1610 2297 1663 etiam
2324 1616 2610 1668 animarum
2641 1626 2929 1674 nostrarum
2965 1622 3144 1690 incipit
3181 1642 3287 1681 esse
3324 1632 3595 1702 navigatio.
3631 1634 3733 1690 Ita-

2142 1716 2246 1772 que
2289 1703 2485 1761 Paulus
2508 1707 2671 1779 jussit
2717 1726 2967 1782 manere,
3019 1726 3073 1771 et
3116 1714 3289 1775 httura
3323 1725 3605 1792 prtedixit;
3658 1729 3732 1785 illi

2145 1808 2272 1848 vero
2306 1798 2637 1866 festinantes,
2662 1818 2782 1857 cum
2815 1820 2844 1858 a
2868 1805 2985 1861 loco
3016 1807 3450 1885 prohiberentur,
3484 1819 3734 1877 volebant

2144 1883 2194 1937 in
2226 1885 2477 1942 thnice
2507 1889 2823 1961 hybernare.

2214 1976 2267 2030 2.
2316 1978 2476 2045 Vide,
2523 1998 2736 2051 (μη-ευ,
2781 1986 3277 2058 dispensationem:
3303 1997 3477 2067 primo
3518 2002 3731 2073 quidem

2147 2073 2319 2125 navim
2351 2075 2646 2144 solverunt,
2678 2078 3064 2154 abicruntque;
3093 2084 3286 2145 deinde
3312 2100 3370 2145 ut
3391 2092 3574 2148 incidit
3602 2112 3734 2151 ven-

2146 2170 2251 2227 tus,
2284 2163 2547 2221 dederunt
2570 2184 2629 2224 se
2660 2169 2878 2239 ferenti,
2905 2185 2959 2230 et
2982 2176 3066 2231 vix
3092 2182 3463 2239 servabantur.
3498 2188 3585 2242 η.
3623 2206 3640 2240 ι
3673 2190 3736 2244 Ει.

2145 2269 2266 2309 cum
2298 2269 2453 2328 aptus
2483 2271 2669 2329 portus
2705 2280 2811 2319 non
2855 2279 3001 2324 esset
3046 2270 3112 2326 ad
3144 2272 3571 2347 hybernandum,
3618 2284 3736 2353 plu-

2148 2350 2267 2403 rimi
2296 2360 2599 2408 statuerunt
2626 2358 2908 2414 consilium
2943 2363 3192 2434 navigare
3219 2366 3364 2435 inde,
3393 2371 3437 2425 si
3467 2350 3736 2443 quom—ode

2148 2454 2389 2510 possent,
2419 2448 2660 2515 pervecti
2687 2448 2998 2519 Phoenicen,
3032 2455 3141 2511 illic
3172 2457 3493 2529 hybernare,
3524 2478 3733 2534 portum

2147 2530 2321 2588 Creta:
2344 2536 2717 2607 respicientem
2748 2543 2814 2596 ad
2841 2543 3067 2599 africum
3100 2556 3155 2603 et
3181 2550 3440 2608 Chorum.
3468 2530 3549 2611 ιῖὲ.
3584 2560 3739 2628 ASpi-

2148 2632 2302 2680 rante
2324 2635 2503 2681 autem
2549 2641 2755 2700 austro,
2789 2644 3037 2704 putantes
3067 2642 3396 2711 propositum
3428 2661 3487 2702 se
3531 2657 3737 2721 tenere,

2148 2728 2267 2769 cum
2299 2718 2583 2775 solvissent
2604 2723 2762 2790 Asso,
2786 2728 3231 2800 praeterlegebant
3253 2732 3488 2795 Cretam.
3525 2741 3608 2796 li.
3638 2718 3739 2798 Vc;

2150 2822 2269 2862 rum
2294 2810 2435 2866 haud
2462 2814 2629 2869 multo
2657 2827 2777 2887 post
2797 2831 3014 2876 coortus
3039 2832 3122 2878 est
3146 2835 3333 2883 contra
3354 2829 3524 2899 ipsam
3549 2850 3741 2892 ventus

2152 2902 2503 2972 typhonicus,
2558 2907 2647 2977 qui
2694 2919 2913 2965 vocatur
2964 2912 3325 2987 Euroaquilo;
3373 2922 3461 2977 l5.
3512 2939 3742 2996 cumque

2152 3005 2400 3064 correpta
2429 3006 2576 3052 esset
2600 2999 2770 3068 navis,
2802 3016 2901 3058 nec
2921 3018 3102 3073 posset
3134 3006 3588 3083 vento'resistere,
3617 3016 3741 3073 data

2152 3086 2273 3140 navi
2305 3086 2518 3144 ﬂatibus
2544 3090 2864 3148 ferebamur.
2892 3096 2977 3152 16.
3008 3098 3063 3153 In
3092 3099 3319 3158 insulam
3350 3116 3528 3162 autem
3550 3125 3742 3179 quam-

2152 3176 2277 3232 dam
2305 3178 2512 3236 devecti
2543 3185 2760 3240 nomine
2780 3185 3056 3258 Claudum,
3085 3192 3171 3248 vix
3203 3197 3465 3263 potuimus
3490 3176 3740 3258 obtinere

2154 3270 2427 3340 scapham.
2462 3274 2547 3329 17.
2581 3275 2693 3343 Qua
2726 3278 2953 3348 sublata,
2986 3282 3261 3352 adjutoriis
3289 3288 3570 3343 utebantur
3598 3293 3735 3347 sub-

2154 3362 2431 3431 cingentes
2460 3382 2676 3435 navem,
2711 3370 2959 3430 timentes
2990 3391 3057 3430 ne
3083 3374 3133 3429 in
3176 3376 3376 3448 Syrtim
3415 3381 3735 3454 inciderent,
3800 3368 3803 3371 δ

2154 3453 2404 3512 demissis
2433 3459 2566 3515 velis
2611 3461 2679 3515 ita
2712 3462 3033 3522 ferebantur.
3071 3468 3153 3523 18.
3196 3469 3325 3525 Cum
3356 3482 3533 3528 autem
3565 3453 3729 3533 vehes

2154 3549 2322 3602 menti
2373 3558 2691 3622 tempestate
2726 3555 3076 3628 jactaremur,
3122 3564 3365 3632 sequenti
3407 3565 3494 3621 die
3544 3569 3742 3637 iactum

2154 3640 2542 3703 fecerunt:i9.
2599 3663 2662 3705 ac
2707 3652 2864 3705 tertio
2904 3651 2992 3708 die
3033 3656 3229 3710 nostris
3276 3658 3520 3713 manibus
3564 3676 3744 3718 arma-

2155 3746 2335 3789 menta
2359 3737 2509 3791 navis
2536 3740 2883 3811 projecintus.
2909 3743 2995 3799 20.
3030 3743 3213 3816 Neque
3234 3756 3412 3803 autem
3436 3751 3549 3807 sole
3572 3769 3745 3825 neque

2156 3826 2421 3884 sideribus
2446 3834 2825 3901 apparentibus
2851 3851 2946 3905 per
2975 3838 3153 3907 plures
3176 3840 3312 3909 dies,
3344 3854 3396 3898 et
3429 3857 3746 3916 tempestate

2158 3934 2264 3975 non
2294 3923 2485 3993 exigua
2526 3925 2860 3994 imminente,
2888 3931 3001 3999 jam
3042 3933 3218 3987 ablata
3263 3946 3380 3991 erat
3418 3941 3595 3994 omnis
3624 3958 3747 4011 spes

2157 4013 2342 4069 salutis
2382 4027 2603 4073 nostrae.
2630 4017 2722 4073 21.
2751 4018 2903 4076 Tunc
2933 4034 3083 4079 Stans
3111 4025 3307 4081 Paulus
3332 4027 3385 4082 in
3417 4031 3595 4086 medio
3623 4034 3744 4087 illo-

2157 4121 2275 4161 rum
2293 4107 2447 4164 dixit.
2492 4126 2514 4162 ι
2545 4110 2709 4166 Vide:
2743 4123 2863 4182 post
2884 4123 3084 4171 tantam
3111 4126 3481 4188 tempestatem
3511 4140 3615 4180 non
3645 4127 3747 4182 illis

2160 4199 2421 4256 insultans
2463 4201 2581 4257 hazc
2608 4203 2860 4273 loquitur,
2913 4208 3006 4261 sed
3042 4217 3096 4262 ut
3129 4211 3211 4264 vel
3242 4212 3293 4265 in
3324 4223 3597 4281 posterum
3645 4218 3746 4271 sibi

2158 4291 2404 4346 credant.
2438 4291 2592 4348 Unde
2633 4302 2689 4348 et
2712 4310 2832 4365 qua:
2861 4308 3153 4355 evenerant
3183 4301 3236 4355 in
3267 4303 3628 4359 testimonium
3657 4321 3746 4361 as-

2160 4383 2324 4437 sumit
2368 4385 2610 4439 veritatis
2650 4400 2858 4455 corum,
2903 4405 3022 4459 qua:
3065 4391 3305 4447 dicturus
3347 4403 3482 4449 erat.
3530 4396 3600 4451 Et
3642 4397 3748 4453 duo

2163 4475 2517 4544 prazdicitzet
2558 4479 2701 4550 quod
2742 4479 2794 4535 in
2834 4482 3059 4537 insulam
3098 4488 3409 4541 exsccnsuri
3448 4499 3651 4557 essent,
3695 4500 3751 4546 et

2162 4566 2303 4636 quod
2336 4569 2488 4624 navis
2520 4570 2779 4640 peritura,
2807 4583 3054 4629 vectores
3081 4584 3258 4632 autem
3289 4580 3535 4634 servandi
3568 4594 3753 4638 essent

2163 4658 2326 4728 (quod
2353 4675 2461 4714 non
2491 4660 2795 4732 conjectura
2825 4676 2965 4733 erat,
3027 4666 3120 4721 sed
3145 4668 3480 4739 prophetia);
3503 4671 3752 4743 quodque

2165 4750 2279 4820 ipse
2305 4749 2504 4807 Caesari
2532 4754 2804 4811 sistendus
2831 4767 2994 4812 esset.
3032 4758 3162 4813 Illud
3204 4770 3384 4815 autem
3414 4764 3554 4832 quod
3594 4764 3749 4833 dixit,

2167 4843 2388 4900 Donavit
2433 4847 2524 4901 tibi
2563 4849 2701 4904 Deus
2744 4868 2937 4916 omnes,
2972 4868 3076 4907 non
3115 4856 3437 4924 arrogantia:
3476 4868 3615 4923 erat,
3657 4860 3753 4914 sed

2165 4938 2392 4994 volentis
2418 4951 2661 4998 vectores
2686 4943 2754 4998 ad
2779 4945 2934 4998 fidem
2954 4944 3219 5001 adducere
3244 4968 3257 4999 :
3284 4962 3405 5001 nam
3432 4963 3540 5004 non
3573 4958 3632 5005 ut
3652 4950 3753 5007 sibi

2165 5034 2390 5103 gratiam
2425 5034 2702 5102 haberent,
2744 5036 2837 5093 sed
2879 5048 2935 5093 ut
2973 5038 3132 5094 dictis
3173 5040 3286 5095 suis
3324 5040 3628 5107 crederent,
3676 5043 3755 5099 sic

2168 5125 2417 5196 loquutus
2466 5136 2563 5183 est.
2615 5128 2747 5185 Illud
2791 5146 2941 5198 vero,
2988 5130 3206 5187 Donavit
3247 5133 3339 5188 tibi
3385 5133 3542 5202 Deus,
3589 5136 3756 5191 Paulo

2168 5217 2367 5272 dictum
2399 5229 2515 5285 est;
2545 5235 2607 5275 ac
2630 5222 2673 5276 si
2696 5220 2917 5277 dixisset
2947 5223 3135 5294 :Digni
3159 5224 3372 5294 quidem
3405 5238 3578 5281 morte
3606 5238 3753 5294 sunt,

2168 5314 2290 5382 quia
2335 5329 2440 5368 non
2469 5314 2821 5382 obedierunt;
2855 5331 3041 5371 verum
3083 5318 3135 5371 in
3172 5318 3246 5372 tui
3287 5319 3512 5389 gratiam
3542 5319 3643 5375 hoc
3675 5322 3754 5374 lit.

2176 5405 2309 5459 «'21.
2354 5405 2416 5459 Et
2463 5421 2581 5460 cum
2633 5407 2795 5461 multa
2836 5408 3011 5464 inedia
3057 5418 3220 5475 esset,
3249 5429 3267 5462 ι
3318 5410 3509 5481 inquit,
3562 5429 3580 5462 t
3610 5421 3759 5466 stans

2173 5497 2368 5552 Paulus
2399 5498 2451 5551 in
2484 5498 2662 5553 medio
2704 5514 2889 5553 eorum
2921 5501 3056 5556 dixit
3079 5520 3093 5557 ;
3117 5502 3409 5572 Oportebat
3447 5502 3685 5571 quidem,
3724 5516 3760 5558 ο

2174 5587 2293 5653 viri,
2321 5588 2507 5644 audire
2534 5606 2639 5656 me,
2674 5605 2775 5646 nec
2805 5592 3015 5647 solvere
3050 5608 3080 5648 a
3123 5591 3300 5658 Creta,
3333 5608 3396 5647 ac
3423 5596 3591 5648 vitare
3621 5592 3760 5649 hanc

2174 5680 2421 5749 injuriam
2463 5683 2823 5752 ctjacturam.
2872 5683 2963 5738 22.
3012 5684 3083 5739 Et
3127 5699 3271 5740 nunc
3298 5683 3487 5739 hortor
3527 5700 3660 5749 vos,
3704 5693 3762 5739 ut

2174 5771 2314 5827 bono
2352 5774 2536 5829 animo
2564 5776 2681 5830 sitis
2709 5793 2722 5828 :
2743 5776 2950 5845 jactura
2990 5778 3134 5831 enim
3166 5777 3360 5831 anima:
3386 5777 3532 5831 nulla
3562 5777 3665 5832 erit
3695 5792 3761 5830 cx

2172 5866 2343 5929 vobis,
2375 5866 2469 5921 sed
2499 5876 2702 5922 tantum
2734 5869 2906 5923 navis.
2945 5868 3037 5924 23.
3071 5868 3290 5923 Adstitit
3315 5868 3459 5925 enim
3501 5867 3629 5922 mihi
3661 5866 3764 5921 hac

2179 5966 2334 6015 nocte
2358 5958 2580 6030 angelus
2606 5960 2724 6028 Dei,
2756 5961 2905 6035 cujus
2935 5975 3076 6031 sum,
3116 5969 3170 6019 et
3205 5976 3365 6034 quem
3387 5962 3529 6027 colo,
3558 5961 3649 6020 ει,
3682 5959 3762 6017 ιιι.
