4112 6454
281 459 397 519 507

458 599 843 617 *αι-α...-

858 599 1176 615 Μ

1399 458 1469 513 IN
1503 455 1682 516 ACTA
1721 455 2262 516 ΔΡοετοιοιιωι.
2302 457 2539 520 IIOMIL.
2580 460 2713 519 LIII.

3649 465 3757 541 gos

1690 676 1843 753 [ευ-ι]
1871 678 2122 732 OMIAIA
2170 679 2299 736 NI”.

300 748 570 846 ’Δνέστη
599 775 668 830 δέ
687 778 721 830 ό
746 770 1049 846 βασιλεὺς
1077 769 1174 846 καί
1200 771 1514 846 όᾼήτεμὼν,
1612 789 1675 826 τε
1692 748 1974 846 Περνίκη,

365 848 475 903 καί
512 840 568 901 οἱ
599 840 1049 916 συγκαθήμενοι
1087 840 1316 909 αὐτοῖς
1340 840 1376 872 ’⁷
1398 842 1495 896 καί
1533 844 1651 896 ἀνα
1697 840 1975 910 ωρήσαν-

372 934 478 965 ηρ
502 915 775 965 ἐλάλουν
799 914 950 965 πρὸς
972 912 1310 965 ἀλλήλους.
1337 860 1756 965 λέγοντα-,ἔτι
1790 910 1975 965 Οὐδέν

372 934 478 983 τες
502 910 775 970 ἐλάλουν
799 910 950 983 πρός
972 912 1310 978 ἀλλήλους,
1337 912 1644 982 λέγοντες,
1666 910 1756 965 ὅτι
1790 910 1985 965 Οὐδὲν

367 986 643 1059 θανάτου
674 985 852 1059 ἀξιον
906 982 977 1059 ἢᾼ
994 980 1242 1059 δεσμῶν
1298 982 1563 1059 πρᾴσσει
1580 1055 1590 1059 _
1609 985 1642 1036 ό
1669 981 1984 1059 ἄνθρωπος

364 1055 577 1124 οὗτος.
596 1049 924 1125 Ἀγρίππας
935 1049 1013 1106 ’δέ
1034 1049 1119 1116 τῷν
1134 1049 1352 1125 {hami
1366 1053 1483 1122 ἐφη
1506 1070 1521 1085 ⁸
1538 1049 1797 1125 ῘΔπολελ
1805 1052 1984 1105 ύσθαι

368 1118 636 1254 ἔξξὲνᾶτο
667 1118 714 1180 ’ό
761 1118 1074 1196 ἄνθρωπος
1114 1118 1314 1190 οὗτος,
1375 1118 1426 1177 εί
1471 1118 1567 1195 μὴ
1612 1121 1984 1191 ἐπεκέκλητο

492 1212 671 1254 σαοα.

492 1212 671 1265 σαρα.

372 1284 449 1340 α’.
485 1283 626 1355 Ὅρα
658 1279 777 1344 πῶς
805 1280 901 1333 καὶ
933 1278 1097 1334 πάλιν
1129 1280 1269 1355 ὑπὲρ
1297 1280 1462 1334 αὐτοῦ
1490 1277 1820 1349 ψηφίζονται
1843 1293 1858 1306 ·
1888 1277 1984 1332 καὶ

303 1373 450 1445 μετά
478 1370 542 1425 τὸ
574 1372 770 1433 εἰπεῖν,
796 1369 1017 1437 Μαίνῃ,
1050 1367 1273 1438 ἀφιᾶσιν
1302 1366 1486 1432 αὐτὸν,
1511 1366 1571 1420 οὐ
1593 1367 1687 1420 τοῦ
1724 1366 1980 1431 θανάτου,

304 1460 448 1516 ἀλλά
480 1456 708 1513 καὶτῶν
761 1454 979 1528 δεσμῶν
1013 1470 1027 1485 ⁸
1066 1455 1160 1510 καὶ
1204 1454 1388 1509 τέλεον
1431 1454 1498 1510 ἀν
1546 1454 1790 1525 ἀφῆκαν,
1822 1456 1870 1507 εί
1905 1453 1983 1526 μὴ

306 1547 569 1618 Καίσαρα
594 1544 951 1615 ἐπεκέκλητο.
986 1543 1148 1598 Ἀλλά
1171 1541 1327 1598 τοῦτο
1349 1542 1711 1614 οἰκονομικῶς
1736 1542 1979 1612 γέγονεν·

310 1632 374 1686 οὐ
410 1632 568 1701 μόνον
586 1630 643 1684 δὲ
669 1627 848 1694 τοῦτο,
883 1626 1019 1682 ἀλλά
1062 1627 1157 1681 καὶ
1207 1626 1268 1681 τὸ
1301 1625 1439 1697 μετά
1465 1627 1680 1697 δεσμῶν
1703 1626 1981 1681 ἀπελθεῖν.

320 1700 424 1771 Διά
446 1700 602 1771 τοῦτο
625 1714 775 1785 ἔλεγε
798 1724 820 1746 ⁸
850 1730 866 1745 ³
896 1714 1087 1784 Μέχρι
1136 1710 1381 1783 δεσμῶν
1407 1712 1490 1780 ὡς
1525 1713 1883 1783 κακοῦργος.
1921 1714 1984 1768 Εἰ

321 1805 429 1878 γὰρ
453 1806 483 1860 ό
513 1804 711 1876 Κύριος
730 1802 896 1859 αὑτοῦ
920 1804 1058 1875 μετά
1082 1802 1301 1873 ἀνόμων
1327 1800 1604 1873 ἐλογίσθη.
1638 1800 1818 1872 πολλῷ
1845 1801 1983 1871 μᾶλ-

322 1891 412 1947 λον
446 1886 600 1957 οὗτος
629 1909 644 1923 ·
681 1891 797 1947 ἀλλ’
856 1890 1047 1961 ὥσπερ
1107 1890 1314 1954 ἐκεῖνος
1374 1888 1477 1942 οὐκ
1524 1887 1850 1960 ἐκοινώνησε
1884 1888 1985 1956 τῆς

315 1979 489 2051 δόξης,
519 1979 691 2044 οὕτως
718 1979 842 2033 ούδέ
867 1973 1041 2042 οὗτος.
1072 1977 1148 2030 Τὸ
1170 1976 1280 2048 γὰρ
1314 1975 1625 2046 θαυμαστὸν
1654 1976 1776 2029 τότε
1800 1973 1986 2043 φαίνε-

312 2083 420 2134 ται,
443 2068 506 2121 τὸ
534 2066 978 2138 ἀναμεμιγμένον
1014 2064 1221 2129 τούτοις
1278 2062 1447 2135 μηδὲν
1482 2062 1625 2132 παρ’
1651 2062 1831 2117 αὐτῶν
1854 2061 1985 2133 βλά-

313 2154 565 2209 πτεσθαι.
607 2155 707 2221 Ὣς
729 2152 798 2207 δέ
844 2153 1050 2221 ἐκρίθη
1075 2149 1184 2205 τοῦ
1229 2148 1533 2205 ἀποπλεῖν
1560 2146 1719 2219 ἡμᾶς
1753 2152 1844 2215 είς
1870 2148 1988 2217 thr

324 2239 608 2307 Ἰταλίαν,
639 2238 1005 2309 παρεδίδουν
1027 2239 1137 2293 τόν
1159 2253 1225 2291 τε
1250 2236 1626 2291 Παηῦλονκαί
1659 2251 1828 2304 τινας
1860 2236 1986 2291 ἐτέ-

303 2351 453 2405 ρους
499 2331 813 2401 δεσμώτας
878 2327 1289 2398 ἑκατοντάρχῃ
1315 2367 1330 2394 ,
1394 2326 1640 2397 ὀνόματι
1709 2327 1946 2390 Ἰουλίῳ
1968 2368 1985 2393 ,

311 2423 567 2492 σπείρας
597 2416 922 2487 Σεϐαστῆς.
975 2415 1318 2481 ἐπιϐἀντες
1361 2412 1432 2468 δὲ
1467 2415 1662 2482 πλοίῳ
1700 2412 1987 2483 ’Δδραμυ-

312 2509 491 2578 τηνῷ,
525 2506 866 2579 μέλλοντες
896 2503 1076 2559 πλεῖν
1121 2503 1267 2569 τοὺς
1319 2502 1469 2556 κατὰ
1504 2501 1621 2570 τὴν
1650 2501 1864 2557 Ἀσίαν
1887 2502 1988 2555 τό-

312 2609 484 2664 πους,
535 2593 910 2664 ἀνήχθημεν,
949 2590 1126 2657 ὄντος
1191 2589 1316 2645 σὺν
1384 2588 1531 2659 ἡμῖν
1590 2589 1987 2660 Ἀριστάρχου

310 2684 659 2752 Μακεδόνος
716 2679 1227 2748 Θεσσαλονικέως.
1269 2678 1349 2749 Τῇ
1384 2678 1454 2733 δέ
1488 2677 1659 2748 ἐτέρᾳ
1682 2677 1989 2749 κατήχθη-

307 2774 529 2843 μενεις
564 2769 816 2826 Σιδῶνα.
844 2769 988 2840 Ὅρα
1028 2766 1189 2840 μέχρι
1213 2765 1317 2820 ποῦ
1341 2765 1661 2838 συνέρχεται
1688 2765 1766 2835 τῷ
1788 2765 1989 2837 Παύλῳ

311 2864 407 2916 καὶ
432 2854 1031 2933 ’ΔρίσταρχοςκΚαλῶς
1056 2855 1152 2909 καὶ
1173 2854 1465 2927 χρησίμως
1496 2853 1762 2925 πάρεστιν
1781 2855 1811 2906 ὁ
1842 2852 1990 2924 Ἀρί-

315 2965 571 3022 σταρχος,
605 2946 817 3020 μέλλων
864 2944 1084 3000 ἀπαντα
1110 2941 1480 3012 ἀπαγγέλλειν
1526 2944 1605 3006 είς
1624 2940 1986 2997 Μακεδονίαν.

315 3032 747 3104 Φιλανθρώπως
766 3049 833 3087 τε
853 3034 887 3087 ό
930 3031 1186 3102 Ἰούλιος
1220 3027 1302 3095 τῷ
1339 3029 1560 3093 Παύλῳ
1583 3026 1988 3098 χρησάμενος,

313 3122 603 3193 ἐπέτρεψε
622 3120 779 3191 πρὸς
805 3118 952 3186 τοὺς
992 3118 1216 3189 φίλους
1244 3114 1617 3186 πορευθέντα
1646 3115 1992 3185 ἐπιμελείας

314 3212 539 3281 τυχεῖν.
582 3207 875 3265 Κάκεῖθεν
924 3203 1291 3275 ἀναχθέντες
1351 3206 1830 3273 ὑπεπλεύσαμεν
1872 3203 1993 3270 τὴν

315 3300 554 3369 Κύπρον
574 3297 677 3353 διὰ
702 3295 773 3355 τὸ
808 3293 954 3361 τοὺς
989 3292 1253 3363 ἀνέμους
1294 3291 1450 3347 εἶναι
1481 3292 1818 3358 ἐναντίους.
1846 3291 1989 3346 Ἐπο

313 3385 525 3455 έτρεψε
542 3427 559 3453 ,
614 3383 767 3456 φησὶ,
821 3381 1097 3446 Ἰούλιος,
1151 3377 1587 3449 φιλανθρώπως
1634 3376 1715 3443 τῷ
1773 3379 1993 3446 Παύλῳ

320 3471 717 3543 χρησάμενος.
734 3467 933 3532 Καλῶς
967 3465 1141 3521 ποιῶν
1171 3463 1333 3519 τοῦτο
1353 3465 1663 3537 ἐπιτρέπει,
1693 3464 1837 3519 ὥστε
1870 3466 1993 3518 ἐπι-

327 3559 544 3632 μελείας
578 3561 758 3631 τυχεῖν
783 3556 1089 3614 ἀπελθόντα
1124 3553 1280 3627 παρά
1299 3554 1427 3617 τοὺς
1452 3552 1768 3623 γνωρίμους
1798 3571 1813 3584 -
1841 3551 1992 3616 είκδς

321 3648 433 3722 γάρ
455 3644 525 3722 ἦν
551 3647 712 3704 αὐτὸν
748 3646 853 3701 ἀπὺ
871 3644 1075 3715 πολλῆς
1109 3640 1409 3702 κακώσεως
1434 3636 1576 3695 εἶναι
1604 3640 1714 3695 τῶν
1747 3638 1988 3709 δεσμῶν,

318 3735 417 3791 τοῦ
442 3735 625 3805 φόϐου,
664 3732 759 3788 τοῦ
779 3731 1011 3802 ἀγεσθαι
1052 3730 1147 3785 καὶ
1185 3726 1472 3802 φέρεσθαι.
1510 3726 1654 3798 Ὅρα
1702 3726 1820 3790 πῶς
1868 3726 1991 3780 οὐδὲ

316 3824 476 3879 τοῦτο
502 3822 756 3896 κρύπτει,
794 3822 878 3875 ὃτι
920 3819 1175 3874 ἐϐούλετο
1217 3814 1536 3888 ἐπιμελείας
1578 3816 1784 3885 τυχεῖν.
1821 3814 1991 3868 Πάλιν

317 3911 634 3983 πειρασμοὶ,
693 3908 861 3963 πάλιν
909 3906 1102 3978 ἄνεμοι
1157 3902 1413 3959 ἐναντίοι.
1448 3901 1594 3975 Ὅρα
1626 3900 1724 3956 διά
1772 3901 1992 3955 πάντων

315 3997 458 4054 οὕτω
485 3998 577 4053 τὸν
617 3997 733 4068 βίον
774 3995 885 4050 τῶν
921 3994 1093 4065 ἀγίων
1137 3989 1499 4062 ὑφαινόμενον
1534 4006 1549 4022 ⁸
1591 3988 1851 4059 ἐξέφυγον
1877 3989 1907 4029 Β
1929 3988 1994 4042 τὸ

313 4088 685 4161 δικαστήριον,
736 4085 835 4139 καὶ
872 4082 1267 4156 περιπίπτουσι
1300 4078 1546 4150 ναυαγίῳ
1578 4078 1676 4133 καὶ
1710 4076 1941 4150 χειμῶνι
1972 4092 1989 4109 ·

314 4175 343 4231 ὃ
367 4177 459 4231 καὶ
478 4174 679 4248 δηλῶν,
741 4172 938 4241 ἐπάγει
970 4185 986 4203 σ
1040 4170 1113 4225 Τό
1171 4184 1237 4222 τε
1289 4166 1557 4237 πέλαγος
1581 4165 1648 4221 τὸ
1682 4165 1836 4219 κατὰ
1877 4161 1994 4233 thr

314 4264 596 4318 Κιλικίαν
622 4261 723 4316 καί
755 4257 1124 4329 Παμφυλίαν
1164 4254 1670 4318 διαπλεύσαντες,
1699 4249 1968 4316 κατήλθο

309 4367 423 4421 μεν
455 4354 547 4418 εις
577 4351 750 4418 Μύρα
780 4346 893 4417 τῆς
930 4345 1178 4411 Λυκίας.
1205 4341 1393 4399 Κάκεῖ
1415 4339 1609 4409 εὑρὼν
1644 4341 1677 4394 ό
1718 4337 1994 4393 ἑκατόντ-

313 4455 496 4508 αρχος
523 4435 743 4491 πλοῖον
767 4430 1229 4500 Ἀλεεανδρῖνον
1250 4427 1444 4485 πλέον
1455 4429 1544 4493 είς
1566 4425 1682 4494 τὴν
1707 4424 1991 4487 Ἰταλίαν,

313 4527 676 4582 ἀνεϐίϐασεν
702 4521 863 4593 ἡμᾶς
900 4524 988 4588 είς
1040 4520 1214 4576 αὐτό.
1250 4516 1462 4587 Εύρὼν
1512 4513 1751 4577 πλοῖον,
1804 4512 1992 4584 φησὶν,

327 4611 816 4682 ’Δλεξανδρῖνον.
856 4609 1100 4672 Εἰκότως
1128 4605 1475 4677 εὑρίσκεται,
1529 4601 1673 4656 ὥστε
1703 4599 1996 4664 κάκείνους

315 4703 653 4775 ἀπαγγεῖλαι
678 4703 760 4766 είς
785 4699 885 4772 τήν
901 4699 1092 4753 Ἀσίαν
1124 4696 1195 4751 τά
1222 4695 1367 4751 κατά
1396 4693 1488 4748 τὸν
1510 4692 1719 4747 Παῦλον
1747 4692 1843 4746 καὶ
1866 4689 1994 4745 τού-

314 4807 439 4858 τους
460 4795 546 4857 είς
586 4792 687 4862 τὴν
744 4788 974 4844 Λυκίαν.
999 4786 1144 4858 Ὅρα
1166 4784 1259 4839 τὸν
1304 4782 1438 4837 Θεὸν
1487 4781 1639 4836 οὐδὲν
1686 4778 1996 4844 καινίζοντα

316 4880 436 4936 οὐδὲ
458 4878 887 4952 μεταϐάλλοντα,
915 4874 1051 4929 ἀλλά
1075 4872 1306 4943 ἀφιέντα
1327 4869 1488 4925 αὑτὸν
1509 4870 1589 4933 είς
1606 4870 1735 4933 τοὺς
1757 4869 1995 4940 ἀνέμους

316 4970 442 5035 τοὺς
473 4965 886 5037 ἀνεπιτηδείως
928 4961 1107 5017 πλεῖν.
1152 4958 1316 5014 Ἀλλά
1369 4957 1466 5012 καὶ
1512 4955 1659 5010 οὕτω
1698 4955 1885 5027 θαῦμα
1909 4955 1999 5027 ἐρ-

318 5056 569 5124 γάζεται.
602 5055 768 5107 Ὥστε
791 5052 901 5121 γὰρ
926 5047 1190 5119 ἀσφαλῶς
1217 5047 1394 5113 πλεῖν,
1421 5045 1524 5100 οὐκ
1549 5044 1766 5116 ἀφῆκεν
1795 5044 1995 5109 αὐτοὺς

324 5141 473 5217 [398]
490 5146 574 5208 είς
595 5142 854 5209 πέλαγος,
876 5137 992 5192 ἀλλ’
1011 5138 1099 5192 ἀεὶ
1115 5153 1190 5190 πα
1197 5135 1266 5207 ρά
1281 5135 1386 5205 γῆν
1412 5133 1627 5189 ἔπλεον.
1644 5134 1741 5186 Ἐν
1762 5130 1999 5199 ἱκαναῖς

323 5230 391 5285 δέ
431 5231 685 5303 ἡμέραις
728 5224 1267 5297 βραδυπλοοῦντες
1289 5261 1307 5287 ,
1346 5222 1448 5276 καί
1470 5223 1653 5292 μόλις
1690 5221 2000 5292 γενόμενοι

321 5321 472 5375 κατά
499 5318 617 5386 thr
639 5316 881 5375 Κνίδον.
908 5312 996 5383 ph
1022 5310 1405 5380 προσεῶντος
1425 5309 1584 5379 ημᾶς
1622 5308 1727 5363 τοῦ
1749 5307 1997 5377 ἀνέμου,

323 5407 795 5475 ὑπεπλεύσαμεν
820 5400 935 5470 thr
949 5399 1192 5470 Κρήτην
1206 5397 1356 5453 κατὰ
1369 5394 1722 5466 Σαλμώνην-ο
1742 5397 1917 5464 μόλις
1936 5412 2001 5450 τε

325 5497 801 5566 παραλεγόμενοι
837 5487 1055 5557 αὐτὴν,
1079 5487 1345 5557 ἤλθομεν
1382 5488 1473 5550 είς
1514 5483 1702 5537 τόπον
1730 5482 1865 5536 τινὰ
1895 5501 2003 5538 κα-

325 5585 623 5652 λούμενον
638 5577 877 5643 Καλοὺς
893 5574 1163 5646 λιμένας,
1180 5566 1228 5640 ᾧ
1241 5570 1421 5642 ἐγγὺς
1446 5570 1526 5640 ἦν
1544 5570 1721 5636 πόλις
1741 5569 1999 5625 Λασαία.

339 5670 575 5725 Ἱκανοῦ
626 5667 696 5722 δέ
741 5666 966 5736 χρόνου
1012 5659 1439 5731 διαγενομένου
1460 5696 1476 5722 ,
1528 5654 1631 5710 καί
1672 5654 1841 5722 ὄντος
1880 5655 2000 5725 ἤδη

330 5757 434 5812 τοῦ
454 5756 645 5823 πλοὸς
664 5749 1046 5823 ἐπισφαλοῦς
1082 5748 1181 5803 διὰ
1203 5747 1266 5801 τὸ
1291 5743 1392 5799 καὶ
1420 5743 1536 5813 thr
1565 5743 1858 5812 νηστείαν
1882 5743 2000 5813 ἤδη

331 5841 840 5914 παρεληλυθέναι,
880 5837 1137 5905 παρῄνει
1158 5836 1190 5889 ὁ
1232 5833 1494 5899 Παῦλος,
1521 5831 1728 5897 αὐτοῖς
1750 5829 1944 5902 λέγων
1989 5846 1999 5858 ·

336 5930 595 6000 Ἄνδρες,
623 5926 839 5998 θεωρῶ,
868 5924 959 5979 ὅτι
976 5922 1130 5993 μετὰ
1153 5922 1374 6011 ὕϐρεως
1411 5918 1511 5975 καί
1529 5918 1770 5989 πολλῆς
1794 5918 2002 5991 ζημίας

399 6076 425 6111 ⁸
442 6078 535 6132 Διά
553 6078 695 6130 τοῦτο
721 6079 852 6142 ιλιιγε
872 6076 1017 6126 deest
1039 6071 1090 6122 In
1113 6080 1230 6120 uno.
1266 6066 1324 6148 3
1350 6065 1487 6120 Unus
1511 6067 1715 6141 ἐξέφυγε.

2088 774 2161 826 ού
2184 774 2380 841 μόνον
2424 773 2531 829 τοῦ
2575 772 2822 844 φορτιόυ
2871 772 2968 827 καὶ
3016 772 3125 828 τοῦ
3183 776 3423 842 πλοίου,
3470 776 3635 833 ἀλλά
3661 782 3759 835 καί

2087 855 2207 909 τῶν
2229 855 2639 928 ψυχῶνημῶν
2685 857 2941 927 μέλλειν
3001 856 3253 913 ἔσεσθαι
3292 858 3399 913 τὸν
3429 861 3652 917 πλοῦν.
3706 865 3760 916 ’0

2084 942 2153 997 δέ
2189 945 2629 1015 έκατόνταρχος
2682 943 2763 1010 τῷ
2807 943 3150 1013 κυϐερνήτῃ
3188 944 3287 999 καὶ
3323 945 3405 1012 τῷ
3440 950 3764 1020 ναυκλήρῳ

2083 1033 2353 1089 ἐπείθετο
2385 1033 2651 1105 μᾶλλον,
2681 1033 2719 1103 ἢ
2771 1032 2894 1100 τοῖς
2933 1032 3054 1088 ὑπὸ
3103 1031 3213 1086 τοῦ
3255 1034 3499 1088 Παύλου
3526 1037 3765 1108 λεγομέ-

2083 1135 2235 1187 νοις.
2267 1121 2383 1191 Τὴν
2406 1120 2664 1192 νηστείαν
2697 1118 2934 1174 ἐνταῦθα
2987 1119 3088 1191 τὴν
3131 1118 3243 1173 τῶν
3289 1119 3556 1175 Ἰουδαίων
3584 1122 3764 1192 λέγειν

2083 1204 2350 1277 ήγοῦμαι.
2374 1206 2527 1259 Μετὰ
2552 1205 2664 1279 γάρ
2706 1205 2808 1276 τὴν
2853 1204 3233 1276 Πεντηκοστήν
3276 1205 3499 1278 ἐξῆλθον
3554 1209 3764 1265 ἐκεῖθεν

2087 1294 2226 1364 μετά
2252 1290 2420 1349 πολὺν
2472 1295 2685 1367 χρόνον,
2737 1294 2816 1359 ὡς
2852 1293 2912 1348 ἐν
2965 1292 3116 1362 αὐτῷ
3165 1294 3350 1365 σχεδὸν
3402 1294 3481 1368 τῷ
3535 1299 3762 1370 χειμῶνι

2085 1382 2489 1451 παραγενέσθαι
2524 1384 2606 1445 είς
2636 1383 2705 1437 τά
2745 1383 2885 1454 μέρη
2912 1381 3015 1453 τῆς
3036 1382 3283 1454 Κρήτης.
3310 1383 3421 1437 Kal
3443 1384 3669 1441 τοῦτοδέ
3697 1386 3761 1441 οὐ

2087 1468 2283 1540 μικρὸν
2316 1467 2536 1537 θαῦμα,
2574 1469 2635 1523 τὸ
2686 1469 3017 1542 διασωθῆναι
3065 1469 3132 1524 δι’
3171 1471 3335 1524 αὐτὸν
3376 1471 3471 1525 καὶ
3498 1473 3759 1538 ἐκείνους.

2088 1554 2364 1623 Ἄνδρες,
2390 1554 2604 1625 θεωρῶ,
2638 1555 2727 1610 ὅτι
2762 1560 2914 1626 μετά
2977 1557 3202 1626 ὕϐρεως
3256 1557 3356 1612 καί
3384 1557 3622 1627 πολλῆς
3667 1558 3764 1629 ζη-

2079 1646 2246 1712 μίας,
2274 1643 2459 1714 φησὶν,
2493 1645 2565 1699 οὐ
2593 1645 2787 1714 μόνον
2813 1642 2921 1700 τοῦ
2957 1645 3206 1714 φορτίου
3240 1645 3342 1700 καί
3386 1646 3495 1700 τοῦ
3520 1648 3761 1711 πλοίου.

2084 1730 2365 1785 ἀλλὰκαὶ
2408 1729 2531 1785 τῶν
2582 1730 2805 1802 ψυχῶν
2850 1732 3022 1802 ήμῶν
3065 1732 3323 1802 μέλλειν
3376 1732 3626 1788 ἔσεσθαι
3658 1734 3767 1788 τόν

2085 1821 2307 1876 πλοῦν.
2344 1821 2403 1875 '0
2439 1821 2538 1894 μὲν
2590 1817 2685 1877 οὖν
2731 1822 2946 1887 Παῦλος
2994 1823 3249 1877 ἐκέλευσε
3301 1822 3507 1895 μένειν,
3568 1823 3664 1877 καὶ
3696 1823 3765 1880 τά

2090 1909 2353 1981 μέλλοντα
2399 1909 2657 1982 προλέγει
2694 1927 2709 1942 ·
2745 1912 2945 1965 ἐκεῖνοι
3009 1912 3067 1966 δὲ
3113 1913 3482 1982 ἐπειγόμενοι,
3541 1912 3637 1966 καὶ
3659 1912 3766 1966 ὑπὸ

2084 1996 2179 2051 τοῦ
2242 1998 2409 2052 τόπου
2452 1996 2807 2069 κωλυόμενοι,
2866 1998 3059 2072 ἤθελον
3110 2000 3190 2063 είς
3224 1998 3444 2053 Φοίνικα
3494 2011 3763 2071 παραχει-

2089 2085 2285 2158 μάσαι.

2159 2172 2227 2244 β’.
2255 2173 2366 2228 Kal
2395 2175 2587 2229 σκόπει
2614 2175 2714 2248 τὴν
2749 2174 3061 2246 οἰκονομίαν
3081 2189 3095 2204 ο
3133 2172 3352 2246 πρῶτον
3395 2173 3495 2246 μέν
3523 2170 3667 2246 ἦραν
3701 2173 3767 2229 τδ

2090 2261 2301 2331 σκάφος
2328 2263 2422 2317 καὶ
2452 2264 2767 2335 ἐξήρχοντο,
2790 2263 2981 2317 ἔπειτα
3009 2262 3085 2325 ὡς
3107 2262 3367 2317 ἐνέπεσεν
3390 2263 3613 2333 ἄνεμος,
3658 2263 3767 2316 ἐδί-

2085 2347 2210 2402 δουν
2239 2347 2318 2419 τῷ
2345 2350 2587 2420 φέροντι,
2646 2351 2743 2405 καὶ¹
2794 2349 2947 2423 μόλις
2982 2348 3269 2414 ἐσώζοντο.
3307 2350 3659 2405 Ἀνευθέτου
3697 2348 3768 2403 δέ

2086 2434 2197 2490 τοῦ
2230 2436 2483 2506 λιμένος
2527 2437 2915 2507 ὑπάρχοντος
2961 2438 3113 2507 πρὸς
3163 2437 3679 2507 παραχειμασίαν,
3710 2437 3767 2491 οι

2087 2524 2342 2591 πλείους
2362 2524 2570 2579 ἔθεντο
2617 2525 2869 2593 ,ϐουλὴν
2922 2523 3262 2593 ἀναχθῆναι
3288 2524 3536 2588 ἐκεῖθεν,
3563 2524 3620 2577 εί
3642 2539 3767 2589 πως

2086 2610 2370 2667 δύναιντο
2392 2612 2884 2682 καταντήσαντες
2909 2613 2999 2678 είς
3022 2612 3271 2666 Φοίνικα
3297 2609 3763 2681 παραχειμάσαι.

2085 2697 2303 2767 λιμένα
2329 2698 2438 2767 τῆς
2474 2697 2712 2767 Κρήτης
2738 2698 3056 2763 ,βλέποντα
3109 2698 3263 2752 κατὰ
3297 2698 3441 2752 λίϐα
3486 2696 3581 2750 καὶ
3611 2697 3766 2751 κατὰ

2087 2784 2312 2853 Χῶρον.
2364 2784 2891 2852 Ὑποπνεύσαντος
2939 2782 3008 2837 δέ
3055 2783 3259 2849 νότου,
3311 2782 3603 2849 δόξαντες
3653 2781 3765 2851 τῆς

2088 2872 2431 2943 προθέσεως
2454 2873 2906 2942 κεκρατηκέναι,
2936 2871 3193 2941 ἄραντες
3231 2872 3480 2936 Ἄσσον,
3512 2870 3767 2938 παρελέ-

2088 2978 2268 3032 γοντο
2291 2960 2408 3030 thr
2433 2960 2697 3030 Κρήτην.
2724 2963 2843 3015 Μετ
2860 2962 2875 2983 ’
2900 2963 2973 3016 οὑ
3002 2959 3165 3015 πολὺ
3189 2959 3258 3013 δέ
3287 2959 3467 3014 ἔϐαλε
3494 2960 3633 3014 κατ’
3656 2961 3766 3015 αὐ·

2088 3049 2204 3120 thr
2240 3049 2461 3120 ἄνεμος
2489 3049 2842 3120 τυφωνικὸς,
2873 3053 2907 3105 ό
2940 3050 3314 3119 καλούμενος
3345 3049 3761 3116 Εύροκλύδων⁶

2089 3137 2632 3208 συναρπασθέντος
2679 3137 2749 3192 δέ
2784 3136 2891 3193 τοῦ
2929 3138 3146 3192 πλοίου
3171 3137 3270 3191 καί
3304 3138 3390 3206 μὴ
3420 3137 3765 3207 δυναμένου

2089 3228 2536 3299 ἀντοφθαλμεῖν
2565 3228 2648 3295 τῷ
2670 3228 2886 3298 ἀνέμῳ,
2926 3226 3239 3294 ἐπιδόντες
3265 3227 3617 3298 ἐφερόμεθα.
3643 3229 3765 3296 Νη-

2089 3319 2232 3373 σίον
2286 3316 2355 3372 δέ
2406 3336 2462 3372 τι
2513 3316 2965 3387 ὑποδραμόντες
3014 3316 3395 3385 καλούμενον
3457 3314 3765 3383 Κλαύδην,

2083 3406 2268 3475 μόλις
2289 3406 2636 3476 ἰσχύσαμεν
2654 3403 3027 3474 περικρατεῖς
3050 3402 3330 3474 γενέσθαι
3359 3402 3470 3471 τῆς
3499 3402 3766 3472 σκάφηςο

2090 3493 2172 3562 ῆν
2198 3495 2472 3563 ἄραντες,
2529 3492 2844 3561 ,ϐοηθείαις
2905 3488 3170 3561 ἐχρῶντο
3225 3488 3677 3558 ὑποζωννύντες
3700 3489 3770 3545 τὸ

2088 3582 2309 3638 πλοῖον
2336 3599 2351 3614 ο
2373 3580 2736 3651 φοϐούμενοί
2755 3596 2821 3633 τε
2838 3578 2924 3648 ph
2949 3582 3038 3644 εἰς
3060 3578 3176 3646 τὴν
3204 3579 3417 3645 Σύρτιν
3440 3577 3767 3650 ἐκπέσωσι⁹

2089 3669 2473 3742 χαλάσαντες
2524 3669 2598 3723 τὰ
2637 3666 2800 3722 ίστία
2834 3666 3024 3731 οὕτως
3044 3664 3350 3733 ἐφέροντο.
3391 3663 3672 3732 Σφοδρῶς
3699 3665 3771 3718 δέ

2088 3756 2524 3830 χειμαζομένων
2564 3753 2750 3825 ἡμῶν,
2794 3752 2867 3823 τῇ
2918 3752 3068 3821 έξῆς
3118 3750 3384 3818 ἐκϐολὴν
3409 3751 3727 3805 ἐποιοῦντο
3751 3768 3767 3783 ·

2090 3848 2190 3901 καί
2216 3845 2292 3916 τῇ
2319 3846 2487 3916 τρίτῃ
2517 3843 2864 3912 αὐτόχειρες
2896 3840 3010 3908 thr
3040 3838 3277 3907 σκευὴν
3298 3838 3405 3893 τοῦ
3439 3838 3660 3893 πλοίου
3681 3838 3772 3909 ἐρ-

2079 3935 2374 4007 ῥίψαμεν.
2402 3932 2569 4000 Μήτε
2598 3930 2669 3986 δὲ
2698 3930 2879 4000 ἡλίου
2915 3928 3070 4000 μήτε
3116 3928 3357 3995 ἄστρων
3395 3925 3771 3996 ἐπιφαινομέ-

2091 4041 2219 4080 νων
2246 4022 2347 4077 έπί
2373 4022 2664 4087 πλείονας
2687 4017 2935 4089 ἡμέρας,
2988 4014 3283 4086 χειμῶνός
3330 4031 3396 4069 τε
3421 4016 3533 4069 οὐκ
3560 4016 3770 4084 ὀλίγου

2091 4113 2499 4182 ἐπικειμένου,
2538 4106 2759 4163 λοιπὸν
2782 4103 3114 4173 περιῃρεῖτο
3139 4101 3309 4157 πᾶσα
3330 4102 3510 4169 ἐλπὶς
3528 4102 3637 4157 τοῦ
3662 4100 3773 4156 σώ-

2093 4201 2294 4264 ζεσθαι
2316 4197 2495 4269 ἡμᾶς.
2530 4193 2781 4263 Πολλῆς
2802 4191 2871 4246 δέ
2899 4192 3141 4256 ἀσιτίας
3173 4191 3595 4258 ὑπαρχούσης,
3636 4190 3773 4243 τότε

2092 4287 2338 4354 σταθείς
2364 4289 2397 4341 ό
2420 4285 2662 4349 Παῦλος
2698 4282 2769 4335 ἐν
2788 4278 2953 4350 μέσῳ
2978 4278 3198 4340 αὐτῶν,
3223 4273 3411 4331 εἶπεν.
3444 4277 3606 4346 "Upa'
3632 4276 3771 4347 μετά

2092 4377 2184 4430 τὸν
2215 4372 2469 4428 τοσοῦτον
2496 4367 2743 4443 χειμῶνα
2779 4368 2880 4421 οὐκ
2917 4364 3265 4437 ἐπεμϐαίνων
3304 4363 3490 4427 αὐτοῖς
3522 4361 3770 4431 διαλέγε-

2092 4482 2205 4528 ται,
2234 4462 2374 4518 ἀλλά
2405 4459 2726 4532 βουλόμενος
2779 4454 2883 4509 κᾶν
2944 4454 3025 4517 είς
3079 4451 3141 4506 τὸ
3174 4450 3365 4522 μέλλον
3392 4448 3769 4518 πιστευθῆναι.

2096 4552 2262 4606 Ὅθεν
2289 4549 2385 4605 καὶ
2409 4550 2477 4602 τά
2503 4544 2851 4617 γεγενημένα
2893 4539 3316 4613 παραλαμϐάνει
3350 4538 3431 4602 είς
3462 4536 3773 4608 μαρτυρίαν

2093 4640 2194 4711 τῆς
2217 4637 2328 4691 τῶν
2357 4633 2748 4709 ῥηθησομένων
2790 4628 3070 4701 ἀληθείας.
3119 4626 3229 4680 Kal
3248 4624 3342 4679 δύο
3373 4624 3651 4711 προλέγει,
3689 4623 3773 4677 ὅτι

2094 4709 2159 4778 τε
2180 4724 2261 4788 είς
2288 4721 2452 4793 νῆσον
2484 4720 2739 4774 ἐκπεσεῖν
2771 4717 2872 4783 δεῖ,
2922 4715 3019 4769 καὶ
3057 4714 3139 4767 ὃτι
3186 4712 3247 4766 τὺ
3282 4712 3381 4783 μὲν
3417 4709 3600 4763 πλοῖον
3636 4711 3775 4763 ἀπο-

2094 4815 2289 4879 λεῖται,
2321 4813 2370 4866 οί
2394 4811 2452 4864 δέ
2499 4809 2711 4871 ἐνόντες
2764 4805 3097 4877 σωθήσονται
3149 4804 3306 4873 (ὅπερ
3337 4801 3439 4855 οὐκ
3483 4795 3552 4872 ἦν
3586 4817 3777 4871 στοχα-

2100 4899 2263 4974 σμοῦ,
2298 4898 2435 4954 ἀλλά
2474 4893 2860 4968 προφητείας),
2911 4892 3007 4946 καὶ
3064 4890 3148 4945 ὅτι
3205 4887 3369 4945 αὐτὸν
3411 4887 3650 4959 Καίσαρι
3697 4888 3779 4941 δεῖ

2100 4988 2467 5062 παραστῆναι.
2490 4985 2564 5038 Τὸ
2587 4984 2666 5049 δὲ,
2688 4979 3054 5051 Κεχάρισταί
3099 4994 3200 5035 σοι
3238 4980 3272 5033 ό
3309 4976 3452 5043 Θεὸς
3481 4975 3774 5062 ἅπαντας,

2099 5060 2238 5149 ὅπερ
2267 5071 2443 5138 εἷπεν,
2486 5074 2587 5126 οὐκ
2612 5068 2762 5144 [599]
2788 5070 3106 5133 ἀλαζονείας
3141 5066 3314 5129 ἐστὶν,
3346 5063 3481 5119 ἀλλά
3524 5060 3781 5149 βουλομέέ-

2101 5145 2682 5234 νου-προσαγαγέσθαι
2712 5157 2836 5221 τοὺς
2859 5155 3197 5228 ἐμπλέοντας
3224 5170 3237 5184 ·
3265 5152 3365 5223 οὐχ
3383 5151 3473 5203 Eva
3497 5148 3603 5219 γάρ
3630 5145 3780 5217 αὐτῷ

2101 5254 2266 5328 χάριν
2287 5252 2505 5323 ἔχωσιν,
2550 5248 2663 5303 ἀλλ’
2704 5247 2793 5301 ἵνα
2826 5245 3125 5299 πείθωνται
3156 5245 3267 5304 τοῖς
3312 5239 3405 5292 ὑπ’
3436 5234 3782 5328 αὐτοῦ-λεγο-

2107 5321 2326 5416 μένοις,
2340 5321 2516 5403 οὕτως
2541 5334 2686 5393 εἷπε.
2722 5336 2798 5390 Τὸ
2830 5334 2910 5398 δὲ,
2940 5328 3303 5403 Κεχάρισταί
3332 5341 3430 5416 σοι
3454 5321 3781 5416 όΔΘεόςζτῷ

2105 5407 2565 5502 Παύλῳ-εἴρηται.
2613 5423 2785 5479 Τοῦτο
2826 5418 3110 5494 μονονουχὶ
3146 5416 3321 5484 λέγων
3371 5408 3521 5502 αὐτῶ
3550 5425 3566 5441 ’
3603 5407 3782 5502 ’ςΔξιοι

2108 5518 2208 5588 μὲν
2231 5493 2717 5577 είσὶνάποθανεῖν,
2751 5493 2940 5578 ἐπειδὴ
2967 5505 3382 5588 παρήκουσαν-⁸Δ
3412 5493 3782 5588 πλὴν-είς-τὴν

2104 5583 2268 5677 χάριν
2295 5603 2393 5676 τὴν
2425 5603 2525 5673 σὴν
2575 5600 2734 5654 τοῦτο
2775 5597 3004 5665 γίνεται.
3044 5587 3285 5677 Πολλῆς
3442 5584 3627 5677 φησιν,
3651 5583 3782 5677 (Im-

2107 5670 2245 5760 τίας
2267 5670 2690 5760 ὑπαρχούσης,
2721 5685 2856 5738 τότε
2883 5676 3129 5742 σταθεὶς
3159 5677 3191 5730 ό
3224 5672 3472 5739 Παῦλος
3612 5670 3783 5760 μέσῳ

2104 5757 2307 5838 αὐτῶν
2325 5757 2497 5836 εἶπεν
2516 5795 2532 5811 ο
2562 5776 2722 5830 Ἔδει
2738 5772 2877 5841 μὲν,
2904 5761 2952 5822 ὦ
3003 5766 3238 5835 ἄνδρες,
3256 5757 3782 5829 πειθαρχήσαντάς

2100 5890 2226 5943 μοι,
2250 5870 2337 5942 ph
2371 5868 2700 5938 ἀνάγεσθαι
2732 5862 2852 5919 ἀπὸ
2900 5857 3011 5928 τῆς
3054 5853 3312 5925 Κρήτης,
3370 5845 3667 5943 κερδῆσαί
3720 5861 3783 5899 τε

2108 5934 2226 6029 τὴν
2250 5934 2428 6028 VMer
2458 5934 2687 6021 ταύτην
2725 5949 2824 6006 καὶ
2854 5947 2970 6015 thr
3007 5943 3241 6014 ζημίαν.
3279 5937 3387 5995 Καὶ
3416 5934 3608 6029 τανῦν
3625 5947 3782 6029 ζπταρ-

2117 6018 2263 6104 αίνῶ
2290 6018 2444 6118 ὑμᾶς
2482 6018 2764 6115 εὐθυμεῖν
2796 6056 2817 6126 ξ
2858 6032 3133 6102 ἀποϐολὴ
3164 6029 3271 6103 γὰρ
3300 6022 3508 6098 ψυχῆς
3541 6018 3787 6091 οὐδεμία
