4112 6426
483 468 579 525 371

483 592 709 649 gerentes
748 576 873 631 mihi
917 577 1075 630 vitare
1096 572 1375 644 jacturam.
1413 568 1596 633 Vides,
1641 562 1913 635 quomodo
1962 576 2067 614 non

486 688 670 744 parum
697 670 764 724 ad
804 666 1127 722 audiendum
1168 663 1476 719 conferrent
1506 665 1796 727 tempestas
1839 662 1895 709 et
1920 661 2069 707 tene-

484 764 634 822 braz‘l
664 763 727 817 Et
752 761 894 825 vide,
923 756 1194 830 quomodo
1225 769 1426 809 morem
1452 760 1600 822 gerat
1629 746 1896 812 centurio,
1925 744 1994 798 ita
2021 753 2076 795 ut

484 854 739 925 scapham
780 855 992 906 amittat
1036 859 1090 905 et
1121 846 1327 919 perdat.
1358 843 1511 910 Quod
1542 843 1586 896 si
1618 848 1794 895 nautzn
1837 834 2074 891 nondum

484 946 853 1009 crediderunt,
884 942 976 998 sed
1004 950 1209 1010 postea,
1242 953 1309 993 ne
1335 935 1581 997 mireris;
1612 932 1714 986 hoc
1742 930 1885 985 enim
1911 940 2079 999 genus

488 1036 767 1091 hominum
798 1034 1038 1105 petulans
1065 1040 1147 1086 est
1175 1039 1228 1085 et
1258 1028 1449 1082 durum
1482 1024 1545 1079 ad
1573 1022 1923 1079 credendum.

565 1125 720 1180 Pauli
750 1124 1040 1195 prudentia.
1069 1151 1141 1161 —
1165 1120 1243 1175 Tu
1273 1133 1400 1173 vero
1442 1116 1603 1172 etiam
1636 1114 1762 1168 hinc
1794 1111 1923 1166 mihi
1968 1124 2082 1180 per-

492 1219 663 1287 pende
702 1216 852 1272 Pauli
891 1213 1251 1286 prudentiam.
1300 1211 1482 1281 Neque
1529 1208 1674 1263 enim
1718 1207 1956 1274 increpat
1997 1200 2081 1257 vel

489 1319 858 1381 exasperatur,
891 1308 985 1363 sed
1011 1314 1288 1362 mansuete
1317 1304 1412 1371 ait,
1439 1302 1528 1358 Sic
1550 1301 1833 1373 oportebat.
1868 1296 2084 1352 Sciebat

489 1408 632 1461 enim
662 1405 714 1458 in
742 1402 1049 1459 calamitate
1079 1402 1444 1469 increpantem
1488 1410 1593 1450 non
1624 1408 1743 1448 esse
1772 1401 2079 1460 acceptum;

490 1499 586 1553 sed
606 1508 886 1569 postquam
916 1494 1148 1549 maxima
1171 1491 1486 1547 calamitatis
1510 1503 1634 1558 pars
1657 1484 1931 1556 prwteriit,
1960 1493 2085 1536 tunc

490 1605 611 1645 esse
639 1598 939 1659 acceptum.
969 1587 1121 1642 Tunc
1152 1600 1281 1655 ergo
1311 1584 1491 1647 instat,
1534 1596 1655 1635 eum
1686 1578 1861 1631 omnis
1899 1575 2085 1630 salutis

493 1694 617 1749 Spes
648 1680 857 1734 sublata
903 1689 1026 1734 est:
1053 1686 1177 1731 tunc
1221 1674 1366 1728 utilia
1397 1671 1654 1742 prmdicit.
1697 1668 1764 1723 Ut
1802 1678 1969 1721 autem
1998 1665 2087 1720 tle-

493 1774 626 1828 cima
670 1782 852 1843 quarta
891 1787 995 1825 nos:
1040 1770 1275 1835 advenit,
1323 1766 1528 1835 inquit,
1571 1764 1797 1817 timentes
1844 1758 2087 1830 optabant

496 1865 735 1918 advenire
776 1863 931 1917 diem.
980 1860 1057 1916 Ne
1085 1860 1207 1930 quis
1235 1858 1441 1913 diceret
1483 1854 1616 1910 nihil
1664 1853 1945 1915 evenisse,
1987 1850 2089 1904 hoc

494 1955 644 2014 dicit,
682 1953 973 2008 ostendens
1001 1951 1179 2005 omnia
1223 1949 1356 2003 facta
1395 1962 1536 2002 esse.
1566 1944 1717 2012 Quod
1746 1952 1923 1998 autem
1950 1942 2087 1996 facta

495 2046 622 2109 sint,
653 2044 813 2098 timor
835 2041 1069 2096 ostendit
1098 2060 1111 2093 :
1148 2038 1405 2109 Optabant
1433 2039 1585 2101 enim,
1613 2036 1801 2106 inquit,
1836 2035 1968 2087 diem
1998 2032 2090 2086 ad-

496 2137 662 2190 venire
701 2136 948 2189 timentes.
996 2134 1063 2188 Et
1102 2134 1251 2188 locus
1292 2130 1529 2186 difﬁcilis
1578 2126 1953 2183 erat:etenim
1998 2142 2093 2195 per

502 2229 717 2283 Adriam
750 2227 868 2281 haec
910 2226 1231 2296 contingunt
1260 2244 1272 2279 :
1302 2232 1357 2279 et
1384 2231 1500 2278 erat
1526 2237 1714 2291 magna
1746 2218 1956 2274 inedia:
1992 2216 2092 2270 llic

499 2321 722 2375 decimus
746 2330 955 2391 quartus
979 2319 1086 2373 dies
1113 2328 1205 2386 est,
1236 2316 1372 2385 quod
1417 2324 1757 2384 exspectantes
1776 2312 1948 2383 jejuni
1979 2328 2084 2380 per-

501 2416 736 2468 manetis.
768 2413 909 2484 Ergo
940 2413 1175 2483 undique
1223 2416 1277 2465 in
1321 2410 1493 2465 media
1539 2420 1711 2465 morte
1753 2418 1939 2462 erant:
1967 2405 2087 2460 ideo

500 2507 703 2571 subdit,
740 2506 958 2561 Obsecro
990 2522 1097 2571 vos,
1133 2514 1187 2558 ut
1232 2504 1443 2558 sumatis
1470 2504 1669 2566 cibum;
1700 2501 1801 2555 hoc
1836 2499 1976 2553 enim
2024 2498 2091 2552 ad

502 2611 738 2655 vestram
770 2600 995 2655 salutem
1024 2599 1212 2663 fuerit;
1248 2597 1349 2652 hoc
1389 2606 1496 2661 est,
1529 2595 1605 2651 Ne
1632 2594 1769 2649 forte
1804 2593 1943 2648 fame
1969 2608 2095 2662 per-

499 2693 665 2758 eatis,
708 2691 886 2746 cibum
936 2690 1153 2746 sumite.
1202 2689 1422 2759 Sumpta
1466 2697 1635 2741 autem
1678 2702 1844 2757 pane,
1890 2684 2091 2754 inquit,

500 2785 690 2853 gratias
709 2784 809 2854 egit
838 2782 964 2839 Deo.

573 2875 627 2929 4.
658 2873 793 2930 Vide
838 2874 977 2946 quod
1026 2876 1113 2930 ille
1155 2874 1355 2947 gratias
1394 2874 1502 2945 agit
1532 2872 1600 2928 de
1646 2872 1710 2926 iis
1735 2887 1855 2941 quae
1884 2870 2097 2926 accide-

503 2975 644 3031 rant,
678 2965 779 3020 hoc
804 2983 909 3020 non
944 2966 1102 3021 modo
1129 2967 1250 3021 illos
1280 2964 1648 3029 confirmavit,
1678 2964 1771 3018 sed
1798 2964 1957 3018 etiam
1982 2960 2099 3014 ani-

504 3070 624 3109 mos
649 3056 859 3110 indidit.
896 3056 1133 3121 Eramus,
1167 3057 1354 3125 inquit,
1390 3072 1561 3109 omnes
1582 3056 1766 3107 anima:
1788 3055 1839 3107 in
1862 3053 1978 3105 navi
1997 3051 2097 3104 du-

504 3155 664 3199 centa:
693 3146 1013 3216 septuaginta
1042 3162 1147 3200 sex.
1188 3146 1261 3199 De
1290 3145 1372 3200 his
1407 3143 1636 3209 dicebat,
1678 3142 1894 3196 Jactura
1917 3143 2101 3195 anima

507 3240 701 3292 nullius
729 3238 822 3292 erit
849 3239 900 3291 in
929 3236 1085 3292 vobis.
1115 3237 1228 3292 Hoc
1256 3248 1405 3293 certo
1433 3236 1651 3292 scientis
1678 3244 1761 3291 est
1783 3236 1997 3292 animae.
2027 3234 2101 3287 dio

507 3346 633 3387 cere
668 3331 844 3387 salvos
894 3331 1102 3386 futuros
1143 3346 1283 3386 esse.
1331 3331 1517 3387 Satiati
1562 3338 1729 3383 autem
1757 3329 1867 3381 cibo
1892 3327 2104 3381 allevia-

511 3423 629 3476 bant
658 3424 846 3489 navim,
879 3424 1131 3495 ejicientes
1159 3424 1402 3476 triticum.
1436 3421 1662 3476 Vidcn‘?
1687 3420 1753 3474 ad
1781 3419 2101 3474 sumendum

508 3517 687 3571 cibum
713 3517 1103 3587 persuadentur
1138 3525 1345 3570 tantum
1373 3534 1386 3571 :
1416 3514 1511 3570 sed
1543 3516 1620 3570 sic
1643 3516 1754 3584 jam
1786 3524 1953 3569 totum
1977 3513 2104 3582 reji-

509 3611 721 3665 cicbant
748 3610 798 3665 in
831 3611 1076 3673 Paulum,
1108 3611 1177 3663 ita
1222 3620 1281 3665 ut
1306 3619 1358 3664 et
1403 3609 1633 3663 triticum
1667 3607 1941 3678 ejicerent.
1972 3607 2104 3662 Vide

511 3702 633 3757 illos
679 3702 910 3756 humana
964 3702 1241 3767 facientes,
1295 3716 1393 3755 nec
1439 3699 1807 3771 prohibentem
1859 3699 2100 3754 Paulum.

515 3795 734 3862 Quando
758 3806 926 3848 autem
953 3794 1060 3847 dies
1088 3795 1211 3863 fuit,
1257 3792 1447 3862 inquit,
1480 3792 1776 3846 laxaverant
1804 3792 2100 3858 jttucturas.

512 3884 750 3939 Solvitur
778 3884 927 3939 navis
973 3883 1025 3937 in
1057 3883 1164 3949 die,
1204 3894 1276 3937 ne
1316 3883 1391 3936 illi
1433 3892 1577 3936 metu
1617 3881 2017 3936 dissolvantur:
2050 3891 2109 3935 ut

515 3974 698 4030 videas
729 3974 1067 4045 prophetiam
1107 3989 1272 4044 opere
1301 3973 1640 4043 completam.
1689 3972 1913 4027 Militum
1940 3982 2109 4025 autem

515 4067 787 4120 concilium
811 4068 927 4138 fuit,
962 4077 1014 4118 nt
1038 4066 1228 4120 vinctos
1249 4066 1547 4120 occiderent.
1580 4064 1757 4131 Vides,
1782 4064 1922 4136 quod
1949 4065 2108 4119 etiam

520 4160 575 4213 in
607 4158 708 4213 hoc
734 4159 900 4214 Paulo
926 4158 1151 4229 gratiam
1178 4157 1503 4212 habuerint?
1535 4168 1753 4228 prapter
1786 4157 1933 4211 illum
1963 4156 2108 4211 enim

518 4252 765 4306 centurio
801 4268 906 4306 non
953 4252 1196 4321 permisit
1226 4261 1283 4305 ut
1322 4250 1712 4306 occiderentur.
1752 4250 1826 4304 ita
1873 4249 2001 4303 mihi
2036 4248 2114 4302 vi-

520 4345 715 4399 dentttr
742 4344 820 4399 illi
851 4360 915 4399 ex
946 4344 1197 4400 confesso
1240 4344 1451 4399 scelesti
1483 4344 1667 4410 fuisse,
1714 4345 1786 4399 ita
1833 4352 1887 4397 ut
1915 4343 2116 4398 vellent

523 4437 669 4505 ipsos
689 4436 977 4492 occidere:
1009 4436 1103 4491 sed
1138 4435 1413 4504 prohibiti,
1446 4451 1549 4489 non
1582 4435 1820 4490 fecerunt
1851 4450 1864 4499 ;
1906 4433 2000 4488 sed
2025 4433 2115 4486 alii

524 4526 739 4596 quidem
768 4534 1035 4595 natarunt,
1068 4527 1155 4581 alii
1190 4528 1240 4581 in
1273 4528 1464 4582 tabulis
1497 4526 1821 4589 ferebantur,
1848 4534 1903 4580 et
1929 4539 2117 4580 omnes

527 4619 597 4673 ita
631 4619 855 4673 salutem
887 4620 1026 4674 nacti
1057 4630 1218 4686 sunt,
1262 4636 1325 4674 ac
1374 4619 1652 4689 prophetia
1699 4617 1859 4672 ﬁnem
1890 4618 2118 4683 accepit,

527 4711 743 4766 etiamsi
772 4727 877 4765 non
906 4726 935 4764 a
973 4721 1215 4782 tempore
1245 4711 1387 4765 clara
1417 4722 1561 4766 esset
1592 4731 1604 4764 :
1634 4725 1808 4779 neque
1830 4712 1972 4764 enim
1996 4718 2120 4763 ante

528 4802 728 4858 tnultos
748 4818 921 4857 annos
950 4804 1092 4857 illam
1119 4803 1521 4874 prmunntiarat,
1552 4802 1643 4857 sed
1670 4818 1849 4856 rerum
1875 4810 2119 4854 naturam

460 4902 467 4909 '
531 4910 763 4964 sequens
798 4912 810 4947 :
843 4894 1111 4963 insperata
1158 4896 1301 4949 enim
1346 4905 1499 4948 erant
1528 4894 1728 4958 omnia,
1776 4903 1829 4947 et
1874 4908 1969 4961 per
1999 4907 2123 4962 pro-

532 4987 703 5057 priam
735 4986 964 5040 salutem
993 4985 1275 5040 discebant
1305 4986 1426 5055 quis
1461 4995 1605 5039 esset
1647 4984 1861 5038 Paulus.
1910 4981 2013 5036 Sed
2043 4982 2127 5035 di-

532 5080 673 5137 xerit
701 5079 984 5150 quispiam,
1029 5077 1137 5132 Cur
1184 5094 1289 5132 non
1331 5078 1490 5132 etiam
1533 5076 1706 5130 navim
1749 5075 2021 5130 servavit?
2054 5073 2126 5129 Ut

534 5172 807 5226 discerent
848 5178 1103 5239 quantum
1141 5169 1437 5239 periculum
1472 5167 1741 5222 evaserint
1778 5183 1791 5219 :
1830 5165 1971 5237 quod
2017 5180 2124 5218 non

535 5262 753 5315 humani
778 5259 961 5315 auxilii
994 5268 1160 5314 totum
1189 5268 1353 5323 esset,
1383 5258 1478 5313 sed
1512 5258 1604 5312 Dei
1633 5272 1820 5311 manus
1847 5257 1963 5311 sine
1991 5270 2129 5311 nave

535 5352 824 5407 servantis.
854 5350 1180 5421 ltaquejnsti
1216 5350 1317 5406 etsi
1349 5351 1400 5403 in
1438 5357 1755 5417 tempestate
1782 5348 1909 5411 sint,
1941 5348 2042 5402 etsi
2074 5348 2126 5401 in

538 5444 671 5497 mari
700 5442 781 5498 vel
812 5443 862 5496 in
892 5442 1101 5512 pelago,
1122 5440 1251 5495 nihil
1274 5455 1441 5511 grave
1470 5438 1759 5507 patiuntur,
1784 5438 1891 5492 imo
1921 5447 1973 5492 et
1996 5440 2132 5495 alios

540 5549 721 5589 secum
762 5543 1000 5588 servant.
1050 5533 1106 5588 Si
1151 5532 1271 5585 navi
1314 5530 1652 5601 periclitante
1699 5537 1752 5582 et
1794 5529 2127 5599 naufraginn

542 5640 699 5694 passa
741 5626 902 5680 vincti
946 5639 974 5677 a
1005 5624 1171 5678 Paulo
1218 5622 1418 5677 servati
1466 5628 1589 5675 sunt
1620 5636 1633 5671 :
1664 5621 1858 5688 cogita,
1900 5620 2025 5690 quid
2065 5622 2137 5673 sit

546 5719 713 5770 virum
761 5724 1005 5772 sanctum
1039 5714 1238 5770 habere
1281 5713 1425 5768 domi
1461 5731 1473 5767 :
1509 5713 1687 5767 multm
1732 5730 1960 5784 namque
2001 5724 2135 5768 tem-

549 5818 785 5873 pestates
812 5822 909 5861 nos
930 5807 1132 5875 jactant
1151 5846 1166 5869 ,
1195 5806 1363 5859 et-his
1392 5806 1547 5874 longe
1578 5804 1883 5874 graviores;
1912 5806 2006 5860 sed
2039 5822 2135 5875 po-

548 5906 651 5953 test
679 5900 818 5954 Dcns
838 5907 890 5953 et
915 5910 1013 5951 nos
1039 5911 1274 5963 servare,
1296 5896 1454 5953 modo
1473 5895 1756 5957 credamus
1778 5898 1977 5953 sanctis
1999 5899 2136 5957 sicut

1171 456 1228 513 S.
1268 450 1545 511 JOANNIS
1579 441 2048 505 CIIBYSUSTOMI
2090 438 2407 496 AIlClllEP.
2452 438 2985 497 CONSTANTINOP.

3676 436 3791 492 572

2168 580 2274 647 illi,
2324 576 2367 633 si
2414 576 2673 633 faciamus
2716 594 2835 645 qua:
2881 576 2953 629 illi
2999 574 3336 644 praecipiunt.
3387 568 3572 643 Neque
3624 574 3777 629 enim

2173 671 2493 742 simpliciter
2515 678 2814 735 servantur,
2846 667 2940 723 sed
2962 668 3123 722 etiam
3153 667 3251 736 ipsi
3276 666 3433 722 tidem
3456 667 3780 724 attulerunt.

2180 762 2403 817 Etiamsi
2435 762 2643 816 vinctus
2684 762 2755 815 sit
2795 769 3032 823 sanctus,
3065 758 3265 829 majora
3307 769 3581 829 operatur,
3616 774 3785 829 quam

2180 854 2213 908 ii
2247 854 2334 923 qui
2362 853 2523 907 soluti
2550 861 2693 907 sunt.
2731 851 2795 906 Et
2820 852 2920 905 hoc
2949 850 3232 905 considera
3264 851 3350 905 hic
3377 850 3573 905 factum
3604 854 3644 905 ³.
3679 852 3789 907 So-

2180 947 2321 1001 lutus
2349 947 2594 1000 centurio
2627 946 2805 999 vincto
2845 944 2935 999 illo
2963 943 3191 998 habebat
3230 959 3408 1013 opus:
3446 943 3787 1013 gubernator

2182 1040 2384 1109 peritus
2428 1054 2516 1102 eo,
2564 1037 2653 1106 qui
2702 1051 2805 1090 non
2852 1036 3177 1107 gubernator
3224 1045 3361 1103 erat,
3406 1036 3631 1105 egebat;
3672 1038 3787 1091 imo

2181 1145 2311 1185 vero
2334 1130 2713 1201 gubernatore.
2747 1128 2862 1182 Non
2909 1130 3052 1182 enim
3083 1129 3241 1183 talem
3282 1129 3537 1199 scapham
3578 1130 3785 1201 guber-

2184 1222 2364 1285 nabat,
2412 1221 2508 1276 sed
2554 1220 2701 1275 orbis
2746 1221 3062 1285 Ecclesium,
3113 1221 3181 1275 ab
3226 1221 3318 1276 illo
3358 1222 3579 1276 edoctus
3609 1224 3696 1293 qui
3730 1232 3787 1278 et

2184 1315 2349 1370 maris
2378 1313 2628 1369 dominus
2668 1321 2772 1374 est,
2804 1329 2910 1367 non
2940 1312 3170 1367 lmmana
3214 1322 3347 1377 arte,
3392 1314 3484 1368 sed
3532 1323 3587 1370 et
3623 1316 3787 1385 spiri-

2186 1408 2315 1461 tuali
2342 1406 2621 1477 sapientia.
2657 1406 2711 1459 In
2740 1404 2838 1459 hac
2866 1406 3063 1475 scapha
3093 1406 3259 1459 multa
3304 1405 3602 1477 naufragia,
3633 1408 3786 1462 tnulti

2186 1497 2400 1564 ﬂuctus,
2432 1498 2653 1566 spiritus
2697 1497 2969 1567 nequitias,
3002 1496 3153 1551 Intus
3192 1514 3395 1568 pugnw,
3426 1501 3552 1570 [oris
3581 1501 3787 1554 timores

2188 1591 2264 1662 (2.
2295 1590 2412 1645 Cor.
2437 1591 2490 1645 7.
2520 1590 2598 1657 5).
2630 1588 2815 1659 itaque
2843 1605 2968 1644 vcre
2994 1588 3325 1660 gubernator
3354 1590 3442 1644 ille
3477 1599 3614 1645 erat.
3650 1590 3787 1646 Vide

2188 1693 2366 1737 autem
2396 1690 2561 1736 totam
2603 1681 2765 1735 vitam
2796 1691 3060 1747 nostram,
3090 1682 3361 1751 quomodo
3389 1682 3509 1737 talis
3539 1683 3629 1739 sit.
3665 1684 3785 1739 Ali-

2188 1773 2402 1844 quando
2431 1771 2904 1827 enim'clementia
2954 1772 3199 1839 fruimur,
3246 1774 3533 1843 aliquando
3574 1787 3784 1846 tempe-

2192 1864 2652 1935 smtejactamur;
2695 1863 2858 1918 modo
2901 1864 2970 1919 ob
3012 1864 3514 1920 inconsiderantiam
3554 1876 3609 1921 et
3639 1868 3789 1937 igna-

2193 1957 2331 2009 viam
2373 1955 2424 2009 in
2470 1955 2617 2010 mille
2664 1955 2800 2009 mala
2844 1954 3169 2009 incidimus:
3202 1957 3309 2011 imo
3357 1956 3459 2011 hoc
3488 1958 3655 2027 magis
3704 1958 3782 2025 lit,

2192 2051 2315 2118 quia
2349 2049 2567 2102 Paulum
2597 2064 2702 2102 non
2729 2048 2995 2113 audimus,
3024 2048 3112 2103 ubi
3140 2046 3453 2103 festinamus
3479 2050 3657 2120 aliquo
3685 2051 3786 2117 ire,

2193 2157 2297 2211 quo
2328 2140 2419 2196 ille
2450 2157 2556 2195 non
2583 2140 2756 2211 jubet.
2788 2139 3076 2195 Nobiscum
3102 2142 3245 2196 enim
3273 2142 3434 2196 etiam
3465 2156 3605 2196 nunc
3632 2143 3788 2197 navi-

2192 2240 2300 2301 gat,
2336 2230 2431 2286 sed
2476 2246 2584 2285 non
2633 2240 2690 2285 ut
2736 2240 2859 2285 tunc
2886 2230 3094 2286 vinctus
3121 2248 3136 2286 :
3168 2232 3412 2287 hortatur
3451 2232 3611 2288 etiam
3645 2248 3793 2289 nunc

2195 2341 2307 2388 eos,
2340 2324 2429 2395 qui
2471 2324 2523 2377 in
2577 2324 2679 2380 hoc
2729 2325 2860 2379 mari
2908 2325 3189 2395 navigant,
3221 2325 3499 2396 dicitque:
3536 2326 3793 2382 Attendite

2195 2417 2332 2470 vobis
2362 2416 2535 2485 ipsis:
2582 2416 2931 2486 ingrediantur
2975 2418 3108 2470 enim
3152 2426 3263 2485 post
3302 2419 3575 2472 discessum
3623 2434 3793 2473 meum

2196 2507 2305 2575 lupi
2330 2524 2505 2579 graves
2532 2509 2582 2561 in
2610 2509 2744 2563 vobis
2766 2508 2901 2578 (Act.
2940 2507 3033 2563 20.
3071 2508 3160 2563 28.
3190 2508 3306 2578 29);
3335 2518 3390 2563 et
3434 2525 3645 2564 rursum
3677 2527 3691 2563 :
3724 2508 3793 2565 In

2197 2602 2479 2656 novissimis
2527 2603 2834 2671 temporibus
2896 2602 3147 2656 instabunt
3204 2612 3431 2671 tempora
3482 2604 3692 2672 gravia,
3744 2615 3793 2657 et

2198 2701 2342 2746 erunt
2376 2691 2603 2746 homines
2642 2692 2717 2745 sui
2748 2700 3004 2758 amantes,
3038 2691 3217 2757 avari,
3246 2702 3546 2761 arrogantes
3570 2691 3627 2765 (Ξ
3656 2691 3790 2745 Tim.

2197 2783 2253 2838 5.
2288 2784 2339 2837 1.
2370 2781 2448 2853 2).
2481 2783 2575 2837 llic
2599 2784 2742 2837 enim
2769 2782 3006 2837 omnium
3032 2783 3379 2853 gravissimus
3404 2784 3624 2854 spiritus
3651 2793 3753 2840 est.

2270 2876 2324 2931 5.
2360 2874 2514 2929 Fides
2540 2884 2674 2929 tutus
2701 2875 3286 2945 portus.-—Maneamus
3302 2876 3460 2946 igitur
3483 2874 3572 2931 ubi
3603 2878 3691 2932 ille
3704 2880 3795 2946 jn-

2202 2967 2313 3029 bet.
2347 2969 2400 3022 in
2431 2967 2555 3034 fide,
2603 2968 2656 3021 in
2690 2976 2805 3023 tuto
2835 2977 2990 3037 portu
3021 2985 3033 3020 :
3066 2968 3240 3038 ipsum
3272 2969 3443 3040 magis
3484 2969 3794 3035 audiamus,

2201 3074 2360 3129 qnam
2401 3058 2813 3128 gubernatorem
2852 3059 2941 3128 qui
2984 3060 3149 3115 estin
3192 3059 3368 3127 nobis,
3419 3062 3684 3117 rationem
3717 3063 3800 3117 in-

2202 3166 2382 3221 quam.
2415 3149 2492 3205 Nc
2537 3149 2794 3205 faciamus
2835 3164 2897 3204 ea
2941 3166 3060 3220 quae
3100 3149 3190 3206 hic
3227 3151 3486 3221 suggerit,
3533 3166 3636 3208 nec
3677 3168 3800 3222 quze

2203 3242 2507 3306 nauclerus,
2554 3240 2649 3296 sed
2701 3256 2819 3311 quae
2861 3240 3100 3296 Paulus:
3132 3241 3326 3296 multas
3375 3240 3580 3297 similes
3627 3242 3798 3298 subiit

2206 3343 2574 3403 tempestates.
2622 3333 2700 3388 Ne
2748 3333 3075 3404 experientia
3142 3332 3449 3398 discamus;
3507 3333 3604 3388 sed
3668 3345 3796 3391 ante

2204 3425 2594 3495 experientiam
2626 3426 2852 3480 vitemus
2873 3436 2927 3481 et
2972 3425 3216 3494 injuriam
3245 3433 3298 3479 et
3322 3426 3618 3493 jacturam.
3653 3426 3797 3480 Audi

2204 3517 2331 3586 quid
2358 3515 2502 3570 dicat
2536 3533 2548 3569 :
2582 3516 2683 3582 Qui
2712 3514 2889 3569 volunt
2914 3517 3091 3569 divites
3118 3515 3249 3584 ﬁeri,
3276 3514 3507 3568 incidunt
3541 3515 3598 3568 in
3631 3525 3802 3569 tenta-

2206 3610 2392 3663 tionem
2422 3609 2498 3681 (l.
2534 3607 2662 3662 Tim.
2701 3610 2753 3662 6.
2787 3608 2868 3679 9).
2906 3608 3205 3663 Credamus
3248 3622 3377 3677 ergo
3406 3592 3454 3662 ei
3486 3625 3500 3660 :
3530 3623 3653 3662 nam
3679 3606 3804 3663 vide

2207 3702 2333 3771 quid
2374 3701 2630 3756 acciderit
2673 3702 2757 3763 iis,
2803 3702 2893 3771 qui
2932 3717 3037 3755 non
3070 3700 3434 3755 crediderunt.
3479 3699 3547 3754 Et
3589 3716 3802 3754 rursum

2208 3795 2335 3849 alibi
2372 3794 2520 3860 dicit,
2563 3793 2690 3865 quid
2738 3794 3009 3864 naufragia
3052 3793 3281 3862 pariant.
3320 3791 3420 3860 Qui
3459 3794 3803 3862 naufragave-

2209 3895 2327 3940 runt
2352 3885 2486 3940 circa
2512 3884 2665 3953 [idem
2696 3885 2714 3956 (
2749 3883 2835 3938 Id.
2888 3885 2939 3940 1.
2994 3884 3059 3939 l9
3087 3883 3132 3955 ),
3163 3885 3354 3954 inquit.
3378 3883 3457 3938 Tu
3487 3899 3615 3939 vero
3646 3899 3805 3939 mane

2211 3979 2264 4034 in
2296 3979 2381 4041 iis.
2414 3994 2535 4049 qua:
2580 3977 2812 4032 didicisti
2843 3984 2897 4032 et
2935 3975 3229 4032 credidisti.
3261 3974 3557 4031 Credamus
3598 3975 3802 4029 Paulo:

2212 4072 2338 4126 licet
2369 4071 2421 4125 in
2451 4070 2624 4125 media
2656 4077 2974 4139 tempestate
3012 4068 3200 4133 simus,
3244 4083 3467 4122 omnino
3494 4083 3523 4121 a
3551 4067 3806 4137 periculis

2214 4162 2597 4224 liberabimur;
2644 4161 2853 4216 etiamsi
2913 4159 3318 4231 quatuordecim
3385 4158 3574 4214 diebus
3636 4157 3806 4228 jejuni

2216 4254 2594 4320 manserimus,
2624 4254 2724 4309 etsi
2754 4266 2877 4321 spes
2911 4252 3098 4306 salutis
3125 4250 3410 4315 exciderit,
3447 4252 3544 4305 etsi
3576 4249 3629 4305 in
3660 4260 3809 4305 tene-

2218 4346 2327 4400 bris
2352 4354 2405 4400 et
2448 4344 2675 4414 caligine
2706 4358 3006 4410 versemur,
3054 4342 3337 4398 credentes
3384 4342 3432 4397 ei
3478 4357 3507 4395 a
3556 4341 3811 4411 periculis

2219 4435 2589 4491 liberabitnur.
2616 4433 2802 4488 Navim
2831 4448 2951 4489 esse
2978 4444 3225 4504 putemus
3251 4443 3420 4489 totum
3446 4434 3651 4498 orbem,
3680 4442 3735 4488 et
3758 4434 3811 4487 in

2221 4528 2307 4584 illa
2340 4527 2615 4598 improbos
2649 4534 2704 4581 et
2729 4527 2998 4581 sexcentis
3031 4525 3243 4596 ﬂagitiis
3272 4526 3566 4592 obnoxios;
3593 4535 3647 4581 et
3677 4527 3815 4582 alios

2222 4620 2435 4692 quidem
2466 4618 2755 4689 principes.
2788 4618 2924 4673 alios
2962 4634 3090 4674 vero
3116 4618 3389 4682 custodes,
3437 4620 3571 4674 alios
3611 4619 3812 4689 justos,

2223 4720 2281 4765 ut
2311 4710 2528 4776 Paulus,
2558 4710 2693 4763 alios
2719 4709 2926 4763 vinctos
2952 4718 3007 4764 et
3051 4712 3283 4779 peccatis
3314 4711 3636 4766 constrictos
3666 4727 3679 4765 :
3711 4711 3815 4765 ita-

2223 4819 2327 4873 que
2371 4803 2415 4857 si
2460 4801 2625 4856 Paulo
2668 4799 2972 4864 credamus,
3015 4817 3122 4856 non
3167 4802 3328 4856 vincti
3362 4802 3673 4871 peribimus,
3722 4801 3819 4857 sed

2226 4894 2540 4950 solvemur:
2588 4908 2685 4946 nos
2727 4906 2938 4962 quoque
2971 4892 3044 4946 illi
3088 4892 3311 4947 donabit
3354 4893 3514 4947 Dens.
3544 4894 3627 4947 An
3655 4907 3822 4963 negas

2228 4995 2445 5059 peccata
2478 4993 2532 5041 et
2570 4984 2793 5038 allectus
2837 4999 3001 5055 grave
3048 4984 3321 5039 vinculum
3350 4987 3514 5040 esse?
3539 5001 3645 5039 non
3674 4988 3820 5040 enim

2229 5079 2359 5133 sola:
2400 5091 2589 5130 manus
2619 5075 2812 5129 vincta:
2839 5084 2985 5140 sunt,
3034 5076 3126 5131 sed
3162 5085 3305 5131 totus
3340 5075 3520 5131 homo.
3557 5078 3650 5132 Dic
3675 5078 3821 5132 enim

2232 5169 2384 5233 mihi,
2415 5169 2457 5222 si
2487 5167 2606 5237 quis
2649 5167 2843 5221 multas
2890 5169 3145 5237 peCunias
3178 5168 3460 5237 possidens
3503 5185 3609 5223 non
3638 5179 3828 5239 eroget

2232 5261 2317 5315 vel
2367 5258 2653 5327 expendat,
2713 5259 2807 5313 sed
2860 5260 3138 5315 retineat:
3172 5276 3352 5316 nonne
3405 5262 3621 5333 gravius
3666 5278 3827 5332 quam

2233 5353 2443 5406 vinctus
2472 5352 2646 5420 quivis
2678 5351 3007 5418 parcimonia
3048 5351 3319 5407 insolubili
3349 5353 3564 5409 vinculo
3593 5354 3830 5423 ligatur?

2235 5445 2395 5514 Quid,
2428 5444 2471 5497 si
2500 5443 2620 5513 quis
2642 5442 2749 5495 fato
2790 5457 2849 5496 se
2875 5442 3141 5511 subjiciat,
3173 5458 3352 5498 nonne
3384 5446 3470 5499 hic
3496 5446 3613 5500 aliis
3637 5445 3834 5517 ligatus

2237 5546 2319 5593 est
2345 5534 2613 5589 vinculis?
2636 5532 2785 5603 quid,
2815 5534 2860 5587 si
2900 5533 3409 5591 observationibus?
3436 5537 3584 5607 quid,
3614 5538 3658 5592 si
3687 5552 3833 5609 sym-

2239 5628 2407 5682 bolis?
2436 5640 2610 5679 nonne
2639 5625 2753 5677 haec
2792 5624 2940 5678 omni
2968 5624 3186 5678 vinculo
3215 5636 3340 5680 sunt
3368 5628 3652 5696 graviora?
3678 5628 3833 5697 quid,

2238 5720 2282 5774 si
2315 5717 2559 5773 absurdae
2589 5716 2800 5771 cuidam
2842 5718 3295 5785 concupiscentiae
3340 5718 3435 5773 vel
3467 5721 3677 5775 amori?
3702 5720 3838 5789 Quis

2306 5903 2322 5933 ί
2349 5898 2491 5956 Illud,
2516 5896 2670 5947 ethoc
2693 5894 2945 5947 considera
2965 5893 3044 5947 hic
3067 5895 3269 5961 factum,
3286 5896 3433 5950 deest
3457 5898 3503 5951 in
3527 5874 3836 5963 quibusdam.
