4112 6416
182 313 286 368 571

180 428 359 485 τοῦτο
391 425 532 499 γάρ
563 426 702 493 ἐστι,
735 426 859 495 Τὴν
890 423 1126 493 σκευὴν
1160 421 1266 476 τοῦ
1306 423 1528 478 πλοίου
1561 423 1912 492 ἐρῤίψαμεν.

184 514 464 585 Πολλῆς
520 516 593 570 δὲ
636 515 877 581 ἀσιτίας
922 513 1346 582 ὑπαρχούσης,
1397 508 1618 566 εἶπενὸ
1645 510 1909 577 Παῦλος·

190 607 371 662 Ἔδει
422 600 973 673 πειθαρχήσαντάς
1015 619 1119 671 μοι
1165 599 1457 669 κερδῆσαι
1506 599 1624 668 τὴν
1677 598 1910 668 ζημίαν.

189 693 379 760 Εἶδες,
421 694 562 758 πῶς
584 694 646 747 06
678 691 853 763 μικρά
878 690 1018 762 πρὸς
1040 690 1143 763 τὴν
1166 689 1432 761 ἀκρόασιν
1462 688 1791 743 συνεϐάλετο
1819 687 1914 741 καὶ

185 784 217 838 6
243 782 485 855 χειμὼν
516 783 614 836 καὶ
639 780 701 833 τὸ
722 778 951 844 σκότος;
984 777 1092 830 Καὶ
1143 778 1245 849 ὅρα
1277 777 1394 841 πῶς
1446 775 1695 830 πείθεται
1736 777 1764 830 6
1785 775 1916 827 ἑκα-

189 872 545 945 τόνταρχος,
575 868 719 923 ὥστε
756 868 851 921 καὶ
871 866 972 937 τὴν
1005 867 1221 939 σκάφην
1250 867 1468 938 ἀφεῖναι
1498 867 1595 920 καὶ
1624 863 1911 919 ἀπολέσαι.

197 961 262 1015 Εἰ
290 958 357 1016 δδ
381 962 440 1016 οἱ
469 956 674 1016 ναῦται
718 956 931 1011 οὐδέπω
976 956 1332 1027 ἐπείσθησαν,
1366 956 1495 1010 ἀλλ’
1521 955 1750 1026 ὕστερον
1795 951 1915 1004 πεί-

204 1048 424 1113 θονται,
475 1047 560 1121 μὴ
584 1047 880 1119 θαυμάσῃς
910 1063 924 1076 ·
957 1047 1050 1100 καὶ
1074 1048 1184 1117 769
1213 1047 1272 1099 τὸ
1291 1045 1447 1114 γένος
1476 1045 1537 1098 τὸ
1563 1043 1768 1098 τούτων
1802 1043 1915 1095 ίτα-

208 1135 329 1211 μόν-
349 1133 489 1202 πῶς
521 1135 641 1189 ἑστι
667 1134 760 1190 καὶ
783 1133 1017 1204 σκληρὸν
1050 1134 1186 1203 πρὸς
1211 1133 1272 1186 :6
1298 1131 1606 1186 πείθεσθαι.

274 1221 359 1277 Σῦ
387 1220 455 1278 δέ
499 1239 595 1294 μοι
624 1221 818 1277 σκόπει
845 1222 942 1292 τὴν
978 1222 1193 1275 σύνεσιν
1225 1220 1319 1275 καὶ
1353 1218 1604 1275 ἐντεῦθεν
1634 1217 1730 1271 τοῦ
1766 1214 1914 1271 Παύ-

206 1309 327 1364 λου.
355 1309 444 1365 οδ
471 1308 589 1383 γὰρ
609 1310 839 1380 ἐπιτιμᾷ
865 1308 956 1362 καὶ
979 1308 1328 1377 τραχύνεται,
1364 1307 1491 1361 ἀλλ’
1524 1306 1768 1377 ἡμέρως,
1805 1304 1915 1357 οὔ·

208 1411 331 1464 τως
356 1395 519 1463 ωσι,
553 1397 745 1469 φησίν.
780 1397 936 1467 ᾜδει
965 1397 1095 1467 769,
1128 1397 1211 1450 ὅτι
1261 1396 1362 1451 οὐκ
1406 1396 1553 1449 ἔστιν
1606 1394 1915 1465 εὑπαράδε-

211 1499 349 1549 κως
370 1482 636 1559 ὶγηαλῶν
665 1501 753 1548 τις
778 1484 836 1538 ἑν
892 1486 1170 1555 συμφορᾷ,
1197 1483 1322 1538 ἀλλ’
1346 1484 1474 1537 ὅταν
1504 1484 1599 1537 καὶ
1622 1482 1691 1537 τὰ
1742 1481 1915 1535 πλείο-

212 1587 287 1625 να
679 1574 781 1644 τῆς
826 1574 1132 1643 συμφορᾶς,
1164 1574 1283 1625 τότε
1316 1572 1732 1644 εὐπαράδεκτος
1764 1570 1913 1639 γίνε-

215 1675 341 1715 ται.
372 1658 537 1715 Τότε
560 1658 738 1715 τοίνυν
772 1660 1099 1725 ἐπιτίθεται,
1136 1661 1226 1712 ὅτε
1257 1661 1408 1713 πᾶσα
1439 1661 1473 1729 ή
1492 1658 1646 1721 ἐλπὶς
1677 1657 1771 1710 τοῦ
1807 1673 1913 1711 σω-

221 1746 400 1820 θῆναι
428 1742 725 1823 περιῃρέθη
749 1764 764 1781 ·
800 1750 920 1803 τότε
952 1749 1046 1802 καὶ
1070 1748 1135 1802 τά
1164 1748 1375 1819 χρηστά
1403 1746 1683 1816 προλέγει.
1730 1748 1826 1813 Ὠς
1847 1746 1914 1799 δὲ

229 1835 861 1907 τεσσαρεσκαιδεκάτη
894 1836 1012 1900 νὺξ
1059 1837 1317 1906 ἐγένετο,
1372 1836 1526 1906 φησὶ,
1553 1835 1914 1905 φοϐούμενοι

228 1923 503 1992 ηὔχοντο
524 1922 757 1995 ἡμέραν
773 1922 1071 1992 πενέσθαι.
1109 1923 1227 1976 Ἵνα
1274 1923 1347 1994 μή
1381 1939 1462 1985 τις
1503 1921 1656 1995 εἴπῃ,
1687 1922 1768 1975 ὃτι
1824 1921 1915 1974 οὑο

224 2011 316 2064 δὲν
340 2009 561 2081 γέγονε,
607 2009 768 2065 τοῦτο
820 2011 1092 2081 ἐπήγαγε,
1148 2010 1363 2075 δεικνὺς
1403 2010 1578 2063 πάντα
1628 2009 1911 2079 γεγονότα.

227 2099 353 2154 Ὅτι
373 2097 437 2153 δὲ
465 2096 663 2168 γέγονε
684 2137 701 2162 ,
737 2100 831 2152 καὶ
859 2100 886 2150 6
924 2097 1087 2166 φόϐος
1118 2099 1389 2167 μαρτυρεῖ
1425 2115 1437 2127 ·
1474 2097 1749 2164 Ηῦχοντο
1779 2094 1909 2164 γὰρ,

233 2186 424 2258 φησιν,
453 2185 692 2257 ἡμέραν
723 2187 1002 2256 γενέσθαι
1034 2186 1412 2255 φοϐούμενοι.
1447 2186 1558 2237 Καὶ
1579 2186 1607 2237 ό
1635 2184 1799 2247 τόπος
1822 2201 1914 2254 χα-

227 2274 391 2340 λεπός
418 2291 436 2307 ·
467 2273 618 2329 κατά
657 2273 767 2345 769
821 2273 911 2327 τὸν
946 2273 1161 2343 Ἀδρίαν
1181 2271 1358 2326 ταῦτα
1381 2271 1674 2342 συμϐαίνει
1709 2285 1727 2307 ·
1769 2287 1783 2302 ·
1816 2270 1912 2323 καὶ

227 2363 265 2434 ἠ
296 2362 490 2419 ἀσιτία
521 2363 558 2435 ή
583 2361 754 2434 πολλή
807 2378 822 2393 ·
884 2360 1559 2429 Τεσσαρεσκαιδεκάτην
1587 2359 1695 2431 769
1727 2358 1914 2428 σήμε-

221 2449 597 2520 ρονήμέραν
642 2446 1098 2517 προσδοκῶντες
1138 2448 1334 2501 ι’ἱσιτοι
1366 2446 1712 2499 διατελεῖτε.
1745 2444 1911 2497 Ὥστε

231 2533 292 2601 ἐξ
318 2535 586 2591 ἁπάντων
620 2536 680 2590 ὲν
717 2536 867 2607 μέσῳ
908 2532 1048 2606 ἦσαν
1094 2535 1326 2589 θανάτου
1362 2551 1375 2564 ·
1415 2533 1495 2586 διὸ
1538 2534 1633 2587 κα)⁵
1666 2533 1863 2601 ἐπάγει
1894 2548 1906 2561 ·

227 2620 569 2692 Παρακαλῶ
590 2620 745 2693 ὑμᾶς
766 2621 1131 2690 προσλαϐεῖν
1160 2619 1406 2690 τροφῆς.
1434 2620 1606 2673 Τοῦτο
1640 2620 1749 2691 769
1775 2619 1912 2690 πρὸς

228 2708 330 2781 τῆς
369 2708 652 2783 ὑμετέρας
703 2708 978 2781 σωτηρίας
1024 2708 1259 2780 ὑπάρχει
1296 2725 1309 2737 ·
1344 2708 1611 2772 τουτέστι,
1644 2708 1735 2778 Μή
1781 2724 1911 2759 ποτε

230 2793 376 2866 λι,μῷ
400 2794 762 2867 διαφθαρῆτε,
785 2796 992 2867 τροφῆς
1011 2795 1365 2866 μεταλάϐετε.
1387 2793 1598 2848 Λαϐὼν
1617 2793 1686 2846 δὲ
1705 2793 1908 2861 ἀρτον,

232 2883 423 2955 φησὶν,
449 2881 863 2954 εὐχαρίστησε
885 2882 967 2947 τῷ
1004 2881 1147 2947 Θεῷ.

301 2970 368 3025 6'.
410 2970 576 3045 Ὅρα,
591 2969 656 3024 τὺ
677 2968 1075 3041 εὐχαριστῆσαι
1098 2969 1261 3022 αὐτὸν
1283 2970 1376 3022 ἐπὶ
1397 2971 1509 3032 τοῖς
1524 2967 1913 3039 γεγενημένοις

234 3057 298 3111 06
326 3057 487 3129 μόνον
511 3057 712 3121 αὐτοὺς
757 3057 1098 3128 ἐπέρρωσεν,
1153 3056 1291 3111 ἀλλά
1322 3057 1414 3110 καὶ
1446 3057 1718 3127 εύθύμους
1743 3058 1904 3112 ποιεῖ.

235 3138 425 3214 Ἦμεν
440 3142 526 3210 δέ,
551 3142 710 3216 φησὶ,
740 3141 934 3199 πᾶσαι
952 3146 1011 3197 αἱ
1033 3144 1226 3214 ψυχαί
1248 3144 1318 3198 ἐν
1359 3143 1441 3210 τῷ
1479 3145 1674 3208 πλοίῳ
1708 3144 1909 3198 διακό-

239 3239 367 3279 σιαι
386 3225 892 3298 ἐϐδομηκονταέε.
926 3227 1061 3296 Περὶ
1111 3227 1319 3281 τούτων
1350 3229 1572 3297 ἔλεγεν·
1616 3228 1909 3299 Ἀποϐολὴ

232 3307 444 3380 ψυχῆς
466 3309 719 3380 οὐδεμία
749 3308 923 3363 ἔσται
945 3309 1015 3374 ἐξ
1044 3309 1232 3380 ὑμῶν.
1282 3310 1431 3384 [402]
1472 3312 1644 3366 Τοῦτο
1697 3313 1913 3385 πεπλη-

230 3398 620 3469 ροφορημένης
639 3396 840 3469 ψυχῆς,
880 3397 942 3451 τὸ
969 3399 1164 3463 είπεῖν,
1204 3400 1287 3452 ὅτι
1333 3400 1692 3470 σωθήσονται.
1734 3404 1911 3469 Κορε-

227 3478 485 3545 σθέντες
506 3477 577 3557 δὲ
588 3476 705 3548 τῆς
728 3477 958 3549 τροφῆς
978 3479 1292 3549 ἐκούφιζον
1322 3481 1388 3535 τὸ
1442 3482 1658 3535 πλοῖον
1697 3483 1914 3537 ἐκϐαλ-

229 3561 485 3631 λόμενοι
521 3561 633 3618 τὸν
664 3564 861 3618 σῖτον.
918 3565 1121 3635 Ὀρᾷςς
1176 3564 1313 3636 πρὸς
1345 3564 1407 3618 τὸ
1453 3564 1641 3618 λαϐεῖν
1700 3565 1911 3637 τροφὴν

230 3648 530 3705 πείθονται
552 3649 734 3723 μόνον·
756 3650 872 3707 ἀλλ’
891 3652 1035 3706 οὕτω
1081 3653 1267 3707 λοιπὸν
1302 3653 1365 3706 τὸ
1392 3655 1500 3707 πᾶν
1531 3653 1763 3726 ἔρριψαν
1816 3654 1912 3706 ἐπὶ

228 3735 325 3791 τὸν
363 3738 603 3803 Παῦλον,
621 3739 698 3804 ὡς
715 3740 922 3796 καὶτὸν
958 3743 1101 3795 σῖτον
1123 3742 1394 3796 ἐκϐαλεῖν.
1422 3743 1563 3814 Ὅρα
1590 3742 1786 3805 αὐτοὺς
1815 3742 1911 3796 καὶ

228 3823 301 3878 τὰ
321 3823 644 3898 ἀνθρώπινα
675 3825 966 3892 ποιοῦντας
988 3867 1005 3892 ,
1037 3828 1133 3881 καὶ
1158 3828 1220 3882 ού
1248 3828 1526 3883 κωλύοντα
1552 3827 1645 3882 τὸν
1676 3826 1907 3881 Παῦλον.

234 3907 368 3963 Ὅτε
403 3908 492 3978 δέ,
524 3912 713 3985 φησὶν,
744 3912 940 3983 ἡμέρα
967 3914 1230 3983 ἐγένετο,
1266 3915 1506 3984 ἀνῆκαν
1543 3916 1649 3982 τὰς
1673 3915 1913 3983 ζευκτη-

222 3990 383 4060 ρίας.
415 3992 705 4050 Διαλύεται
749 3994 814 4050 τὸ
848 3996 1031 4051 πλοῖον
1072 3998 1131 4051 ὲν
1181 3998 1385 4070 ἡμέρᾳ,
1430 3999 1519 4052 ἵνα
1552 3999 1627 4071 μὴ
1648 3998 1726 4069 τῷ
1761 3999 1912 4070 φόϐῳ

231 4078 579 4147 διαλυθῶσιν,
632 4082 724 4137 ἵνα
781 4083 900 4157 ἴδῃς
929 4083 1075 4157 ἔργῳ
1113 4085 1213 4157 τὴν
1253 4086 1610 4157 προφητείαν.
1683 4086 1806 4142 Τῶν
1843 4085 1913 4140 δὲ

230 4163 612 4230 στρατιωτῶν
635 4164 842 4235 βουλὴ
868 4167 1245 4237 ἐτένετο,ίνα
1270 4168 1416 4235 τοὺς
1442 4168 1753 4239 δεσμώτας
1770 4171 1913 4225 dad-

229 4244 570 4303 κτείνωσιν.
610 4247 777 4319 Ὅρᾷς
804 4248 889 4302 δτι
934 4251 1029 4303 καὶ
1073 4254 1216 4306 κατά
1246 4250 1406 4306 τοῦτο
1450 4251 1529 4323 τῷ
1568 4253 1769 4325 Παύλῳ
1793 4254 1914 4325 ὲχα-

232 4330 536 4407 ρίσθησαν;
570 4334 660 4390 διὰ
691 4335 802 4409 γὰρ
834 4337 998 4391 αὑτὸν
1030 4338 1133 4393 οὐκ
1170 4340 1350 4393 είασεν
1389 4340 1587 4404 αὐτοὺς
1619 4341 1913 4413 ἀναιρεθῆ-

227 4430 315 4501 ναι
342 4422 375 4476 6
398 4423 821 4496 ἑκατόνταρχος.
858 4425 1015 4481 οὕτω
1059 4445 1150 4498 μοι
1204 4428 1455 4482 δοκοῦσιν
1501 4428 1913 4501 ὡμολογημένοι

227 4499 366 4562 εἶναι
402 4510 574 4564 κακοὶ
632 4513 853 4580 ἐκεῖνοι,
900 4512 1041 4568 ὥστε
1074 4514 1292 4570 ἑλέσθαι
1320 4517 1517 4581 αὐτοὺς
1545 4518 1639 4571 καὶ
1668 4499 1878 4572 ἀνελεῖν
1904 4537 1908 4547 ·

226 4588 343 4645 ἀλλ’
366 4593 529 4648 οὐδὲν
567 4594 732 4650 πλέον
762 4598 981 4667 γέγονε,
1034 4597 1128 4652 τοῦ
1170 4598 1511 4670 βουλήματος
1552 4600 1910 4670 κωλυθέντες,

227 4675 343 4732 ἀλλ’
359 4680 412 4735 οι
447 4678 547 4751 μὶν
563 4678 1012 4755 ἐξεκολύμϐησαν
1029 4686 1082 4751 δ,
1113 4687 1163 4741 οί
1181 4686 1237 4740 δὲ
1267 4687 1361 4741 ἐπὶ
1386 4688 1617 4741 σανίδων
1630 4688 1908 4760 ἐφέροντο,

227 4764 322 4820 καὶ
354 4768 566 4832 πάντες
607 4768 782 4834 οὕτως
814 4769 1123 4844 ἐσώθησαν,
1178 4776 1276 4829 καὶ
1336 4776 1371 4846 ή
1418 4776 1728 4847 προφητεία
1758 4776 1912 4841 τέλος

226 4850 563 4925 ἐλάμϐανεν,
588 4858 638 4911 εἰ
657 4857 754 4913 καὶ
783 4858 860 4930 μὴ
893 4859 973 4931 τῷ
1001 4861 1179 4932 χρόνῳ
1210 4864 1381 4934 σεμνή
1406 4880 1489 4926 τις
1511 4859 1648 4917 οὖσα
1670 4880 1685 4895 ·
1710 4864 1772 4918 06
1803 4867 1912 4937 γὰρ

226 4942 336 5013 1:96
355 4944 578 5003 πολλῶν
607 4945 748 5000 ἑτῶν
780 4947 953 5019 αὐτὴν
977 4951 1265 5021 προεῖπεν,
1326 4951 1464 5005 ἀλλά
1492 4954 1557 5022 τῇ
1594 4951 1756 5022 φύσει
1801 4952 1910 5006 τῶν

228 5030 577 5106 πραγμάτων
608 5033 906 5106 ἑπόμενος·
956 5036 1256 5091 ἀνέλπιστα
1306 5038 1419 5110 769
1458 5034 1528 5111 ἦν
1583 5041 1781 5104 πάντα,
1817 5041 1911 5096 καὶ

224 5111 316 5196 διὰ
357 5118 466 5189 τῆς
510 5119 718 5186 οἰκείας
762 5123 1042 5195 σωτηρίας
1095 5123 1403 5196 ἐμάνθανον
1457 5126 1545 5192 τίς
1606 5128 1636 5180 6
1695 5128 1912 5194 Παῦλος

227 5194 315 5272 ἦν.
357 5205 508 5262 Ἀλλ’
563 5206 711 5263 εἴποι
762 5208 830 5266 ἀν
884 5194 973 5276 τις
1008 5227 1025 5243 ·
1073 5194 1178 5267 Διά
1226 5211 1282 5264 τί
1336 5212 1413 5285 μὴ
1466 5214 1563 5270 καὶ
1606 5215 1669 5270 τδ
1724 5216 1911 5272 πλοῖον

226 5288 528 5364 διέσωσεν;
559 5294 679 5352 ἰνα
707 5296 955 5370 μάθωσιν
975 5292 1090 5355 οἷον
1119 5298 1368 5356 κίνδυνον
1384 5301 1641 5372 διέφυγον
1659 5319 1675 5335 ·
1697 5303 1780 5359 ὅτι
1810 5305 1913 5359 οὐκ

226 5376 586 5455 ἀνθρωπίνης
615 5382 871 5459 βοηθείας
898 5382 969 5460 ἦν
1000 5386 1063 5443 :6
1106 5388 1236 5452 πᾶν,
1288 5387 1427 5444 ἀλλά
1472 5389 1575 5462 τῆς
1625 5390 1725 5445 τοῦ
1773 5389 1911 5446 Θεοῦ

231 5469 429 5542 χειρὸς
461 5472 636 5544 χωρὶς
661 5472 855 5528 πλοίου
877 5474 1181 5547 σῳζούσης.
1211 5474 1376 5530 Ὥστε
1401 5477 1453 5531 οἰ
1473 5476 1674 5533 δίκαιοι
1718 5478 1823 5534 κᾶν
1853 5481 1911 5534 ιν

230 5558 463 5627 χειμῶνι
499 5554 626 5626 ὦσι,
651 5560 758 5616 κάν
805 5563 865 5616 ιν
900 5562 1170 5636 θαλάσσῃ.
1215 5564 1322 5621 κάν
1357 5566 1417 5620 ἂν
1448 5566 1702 5637 πελάγει,
1756 5569 1910 5622 οὐδὲν

232 5642 506 5718 πάσχουσι
536 5646 731 5714 δεινὸν,
761 5648 901 5704 ἀλλά
933 5650 1030 5706 καὶ
1060 5650 1285 5725 ἑτέρους
1334 5652 1812 5722 συνδιασώζουσιν.
1845 5657 1908 5710 Εἰ

234 5728 418 5816 ’βλοῐον
446 5734 761 5791 κινδυνεῦον
786 5736 882 5791 καὶ
910 5738 1171 5809 ναυάγιον
1188 5740 1483 5812 ὑπομένον,
1513 5743 1608 5798 καὶ
1629 5741 1909 5816 δεσμῶται

235 5811 322 5872 διὰ
354 5819 567 5877 Παῦλον
594 5821 901 5896 ισώθησαν,
943 5825 1219 5899 ιννόησον,
1242 5811 1307 5882 τί
1344 5829 1495 5885 ἔστιν
1541 5829 1698 5900 ἀγιον
1730 5811 1909 5904 ’ἄνδρα

304 5941 331 5971 ⁸
351 5940 518 5994 Ταῦτα
537 5944 784 6011 συμϐαίνει
816 5945 964 5997 deest
1004 5948 1053 5998 in
1080 5961 1177 6001 uno
1200 5948 1308 6001 cod.
1356 6013 1366 6021 ~
1394 5949 1424 5997 ι
1445 5950 1546 6004 Alii
1571 5950 1878 6018 ἕκολύμϐουν.

1252 311 1316 366 ΙΝ
1358 310 1545 367 ACTA
1583 306 2124 368 APOSTOLORUM.
2160 310 2394 370 IIOMIL.
2440 313 2573 372 ιιιι.

2021 418 2162 479 εἶναι
2184 426 2243 479 ὲν
2275 427 2421 499 οἰκίᾳ
2441 445 2455 458 ·
2518 427 2704 482 πολλοί
2731 429 2840 502 769
2873 430 2923 484 οί
2958 431 3227 503 χειμῶνες
3273 436 3370 489 καὶ
3415 437 3550 509 ἡμῖν
3593 440 3695 510 ἑφ-

2025 510 2293 578 ίστανται,
2316 515 2411 567 καὶ
2438 514 2618 586 πολλῷ
2637 517 2843 571 τούτων
2860 518 3255 593 χαλεπώτεροι,
3284 523 3425 578 ἀλλά
3467 525 3694 581 δύναται

2020 597 2113 651 καὶ
2163 600 2310 670 ἡμᾶς
2338 603 2690 673 χαρίσασθαι,
2722 605 2881 674 μόνον
2908 607 3003 661 ὲάν
3034 608 3354 679 πειθώμεθα
3378 613 3487 675 τοῖς
3518 612 3694 681 ἁγίοις

2015 683 2270 772 καθάπερ
2301 688 2523 756 ἐκεῖνοι,
2558 690 2627 745 ἂν
2659 692 2903 762 ποιῶμεν
2929 692 2964 747 ἀ
2997 695 3447 766 προστάττουσιν.
3482 701 3557 753 Οὐ
3583 700 3693 772 769

2012 770 2204 836 ἀπλῶς
2260 773 2546 840 σώζονται,
2580 778 2717 832 ἀλλά
2750 780 2847 832 καὶ
2905 779 3059 835 αὐτοὶ
3110 782 3294 838 πίστιν
3342 770 3690 857 εἰσήνεγκαν.

2014 859 2135 946 156v
2165 860 2388 946 δέσμιος
2471 864 2500 916 6
2529 864 2706 933 ἀγιος,
2753 866 2863 919 τῶν
2911 867 3224 939 λελυμένων
3274 872 3499 941 μείζονα
3527 876 3695 946 ἐργά-

2013 938 2185 1003 ζεται.
2216 943 2325 995 Ιίαί⁸
2350 944 2540 998 σκόπει
2563 946 2723 999 τοῦτο
2764 947 2998 1002 ἐνταῦθα
3040 938 3407 1022 γεγενημένον
3440 964 3486 1007 ο.
3531 938 3694 1010 ’ὁλε-

2012 1022 2077 1075 λυ
2085 1022 2244 1093 μένος
2280 1026 2681 1099 ἑκατόνταρχος
2733 1029 2900 1084 αὐτοῦ
2945 1031 3115 1086 ἐδεῖτο
3164 1032 3261 1087 τοῦ
3307 1034 3593 1106 δεδεμένου
3613 1053 3629 1068 ·
3663 1041 3693 1093 6

2014 1109 2335 1191 έπιστήμων
2357 1111 2697 1183 κυϐερνήτης
2723 1113 2819 1167 τοῦ
2845 1115 2919 1184 μὴ
2939 1114 3275 1188 κυϐερνήτου
3300 1114 3523 1191 ἔχρῃζε,
3559 1121 3694 1190 μᾶλ-

2013 1190 2115 1275 λον-
2129 1190 2187 1245 δὲ
2211 1191 2304 1244 τοῦ
2328 1193 2499 1275 ὅντως
2530 1194 2889 1267 κυϐερνήτου.
2926 1198 3001 1250 Ού
3024 1198 3133 1270 γάρ
3145 1199 3388 1254 τοιοῦτον
3412 1190 3692 1275 ἐκυϐέρνα

2015 1273 2248 1358 σκάφος,
2302 1274 2439 1358 ἀλλά
2484 1276 2583 1346 τῆς
2636 1278 2962 1351 οἰκουμένης
3016 1280 3117 1351 τὴν
3160 1282 3513 1353 Ἐκκλησίαν,
3562 1273 3692 1358 παρ’

2013 1355 2226 1439 ἐκείνου
2251 1356 2440 1428 μαθὼν
2467 1358 2562 1412 τοῦ
2590 1360 2683 1413 καί
2713 1359 2990 1433 θαλάσσης
3023 1364 3317 1426 Δεσπότου,
3352 1366 3453 1419 οὐκ
3479 1355 3694 1439 ἀνθρω-

2014 1438 2145 1520 πίνῃ
2206 1439 2391 1513 τέχνῃ,
2441 1440 2580 1497 ἀλλά
2626 1448 2972 1517 πνευματικῇ
3007 1446 3192 1520 σοφίᾳ.
3238 1448 3328 1501 Ἐν
3375 1448 3453 1520 τῷ
3492 1438 3693 1520 σκάφει

2014 1518 2189 1605 τούτῳ
2208 1521 2389 1605 πολλά
2414 1522 2670 1605 ναυάγια,
2702 1525 2871 1580 πολλά
2902 1518 3155 1599 κύματα,
3174 1518 3464 1600 πνεύματα
3526 1518 3693 1605 πονη-

2019 1601 2161 1672 ρίας,
2191 1603 2463 1658 Ἕσωθεν
2484 1604 2694 1675 μάχαι,
2745 1608 2969 1673 ἔξωθεν
3017 1611 3223 1680 φόϐοι·
3274 1611 3415 1667 ὥστε
3465 1614 3493 1667 6
3524 1601 3693 1679 ὅντως

2016 1684 2355 1758 κυϐερνήτης
2391 1688 2599 1752 ἐκεῖνος
2617 1686 2706 1761 ἦν.
2738 1690 2878 1763 Ὅρα
2904 1692 2968 1764 δὴ
3001 1694 3093 1748 τὸν
3129 1693 3242 1764 βίον
3274 1695 3432 1767 ήμῶν
3478 1699 3695 1754 ἀπαντα

2016 1768 2135 1849 πῶς
2160 1768 2403 1833 τοιοῦτός
2430 1772 2569 1849 εστι.
2618 1772 2755 1826 Ποτὲ
2812 1774 2911 1844 μὲν
2958 1775 3066 1847 γάρ
3112 1776 3523 1849 φιλανθρωπίας
3552 1780 3692 1833 ἀπο-

2014 1846 2275 1919 λαύομεν,
2330 1848 2461 1902 ποτὲ
2505 1848 2563 1901 δὲ
2612 1851 2902 1922 χειμῶνος,
2945 1846 3075 1908 ποτὲ
3141 1856 3238 1909 καὶ
3295 1846 3430 1926 παρ’
3482 1858 3692 1912 οἰκείαν

2014 1934 2298 2001 ἀϐουλίαν,
2332 1935 2428 1989 καί⁵
2469 1937 2620 2009 παρὰ
2658 1938 2720 1992 τὸ
2751 1939 3018 2011 ῥᾳθυμεῖν
3063 1941 3121 1995 δὲ
3159 1943 3377 2013 μυρίοις
3415 1944 3691 2014 ἐμπίπτο-

2017 2037 2119 2092 μεν
2143 2021 2358 2086 κακοῖς·
2382 2020 2584 2091 μᾶλλον
2604 2020 2662 2076 δὲ
2678 2023 2837 2076 τοῦτο
2861 2023 3090 2092 γίνεται,
3111 2027 3263 2097 παρά
3286 2028 3348 2079 τὸ
3371 2027 3448 2098 μὴ
3471 2027 3693 2083 ἀκούειν

2016 2104 2256 2168 Παύλου,
2289 2105 2420 2160 ὅταν
2448 2105 2801 2177 έπειγὼμεθά
2828 2123 2929 2160 που
2970 2106 3250 2175 ἀπελθεῖν,
3300 2108 3430 2162 ἔνθα
3479 2111 3554 2183 μή
3599 2127 3694 2165 κει

2012 2188 2179 2245 λεύει.
2218 2188 2466 2260 Συμπλεί
2507 2190 2615 2262 γὰρ
2646 2190 2739 2244 καὶ
2772 2190 2866 2244 νῦν
2918 2192 3069 2261 ἡμῖν,
3114 2190 3230 2244 ἀλλ’
3277 2190 3339 2244 06
3383 2190 3688 2263 δεδεμένος,

2013 2271 2269 2342 καθάπερ
2300 2272 2422 2325 τότε
2445 2288 2458 2300 ·
2489 2275 2751 2344 παραινεῖ
2773 2272 2870 2327 καὶ
2901 2272 3020 2341 νῦν,
3056 2273 3153 2328 καὶ
3204 2273 3354 2342 λέγει
3378 2276 3489 2338 τοῖς
3540 2276 3597 2327 ὲν
3621 2276 3690 2346 τῇ

2015 2349 2253 2425 θαλάττῃ
2274 2353 2448 2426 ταύτῃ
2497 2353 2673 2427 [ωηο
2724 2354 3059 2423 Προσέχετε
3097 2356 3363 2423 ἑαυτοῖς·
3420 2357 3693 2412 εἰσελεύ-

2012 2450 2222 2492 σονται
2244 2437 2356 2507 γὰρ
2381 2437 2534 2506 μετὰ
2562 2437 2678 2505 τὴν
2709 2438 2923 2507 ἄφιξίν
2959 2457 3075 2505 μου
3131 2440 3310 2493 λύκοι
3343 2439 3558 2509 ,βαρεῖς
3604 2441 3695 2507 είς

2011 2519 2198 2588 ὑμᾶς·
2230 2520 2325 2573 καὶ
2354 2520 2539 2585 πάλιν,
2576 2520 2681 2574 Ἔν
2706 2516 2981 2588 ὑστέροις
3007 2522 3237 2590 καιροῖς
3282 2522 3692 2589 ἐνστήσονται

2010 2602 2202 2669 καιροὶ
2229 2601 2509 2671 χαλεποί,
2532 2601 2633 2656 καί
2666 2600 2915 2656 ἔσονται
2949 2606 3005 2658 οί
3036 2602 3335 2672 ἅνθρωποι
3380 2603 3688 2673 φίλαυτοι.

2009 2683 2387 2755 φιλάργυροι,
2407 2683 2720 2752 ἀλαζόνες.
2736 2684 2908 2740 Τοῦτο
2934 2685 3153 2741 πάντων
3179 2684 3560 2759 χαλεπώτερον
3581 2686 3693 2742 τῶν

2012 2768 2368 2840 πνευμάτων.
3710 2774 3717 2780 ’

2080 2939 2145 2989 ε’.
2177 2934 2446 3004 Μένωμεν
2468 2928 2561 2989 οὖν
2588 2933 2715 2989 ἔνθα
2733 2932 2947 2988 κελεύει
2961 2934 3054 2988 ἐπὶ
3074 2935 3176 3006 τῆς
3204 2935 3461 3000 πίστεως,
3481 2935 3574 2991 έπί
3596 2934 3691 2990 τοῦ

2010 3014 2230 3088 λιμένος
2251 3015 2347 3071 τοῦ
2378 3016 2658 3087 ἀσφαλοῦς
2677 3033 2691 3048 ·
2721 3016 2887 3072 αὐτοῦ
2914 3017 3117 3089 μᾶλλον
3159 3016 3471 3089 ἀκούωμεν,
3521 3018 3555 3091 ἢ
3592 3016 3690 3073 τοῦ

2011 3102 2349 3174 κυϐερνήτου
2385 3101 2481 3155 τοῦ
2533 3101 2591 3157 ὲν
2641 3103 2793 3173 ἡμῖν,
2844 3101 3090 3156 τουτέστι
3135 3100 3228 3155 τοῦ
3262 3101 3553 3174 λογισμοῦ.
3596 3101 3690 3175 Μὴ

2013 3190 2158 3263 άπερ
2187 3191 2255 3245 ἂν
2300 3188 2582 3261 ύποϐάλλῃ
2626 3183 2815 3254 οὗτος,
2858 3188 3129 3261 ποιῶμεν,
3175 3190 3251 3260 μή
3291 3188 3439 3262 άπερ
3487 3191 3516 3244 6
3556 3189 3689 3244 ναύ-

2012 3272 2234 3345 κληρος,
2253 3271 2389 3327 ἀλλά
2416 3272 2560 3342 άπερ
2580 3271 2687 3326 ἂνό
2708 3269 2941 3337 Παῦλος·
2968 3272 3193 3344 μυρίους
3209 3271 3481 3335 τοιούτους
3506 3271 3691 3344 διῆλθε

2012 3351 2310 3423 χειμῶνας.
2357 3351 2450 3422 Μὴ
2492 3353 2560 3422 τῇ
2608 3351 2777 3423 πείρᾳ
2835 3350 3231 3422 μανθάνωμεν,
3274 3349 3412 3404 ἀλλά
3450 3350 3558 3421 πρὸ
3593 3351 3693 3422 τῆς

2013 3430 2214 3504 πείρας
2265 3429 2618 3501 κερδάνωμεν
2653 3430 2746 3484 καὶ
2795 3429 2955 3503 ὓϐριν
3000 3430 3098 3484 καὶ
3146 3426 3372 3500 ζημίαν.
3421 3429 3693 3483 ’Ἄκουσον

2011 3513 2066 3567 τί
2097 3529 2283 3582 φησιν·
2318 3516 2384 3566 Ol
2401 3513 2773 3582 ,βουλόμενοι
2812 3511 3124 3576 πλουτεῖν,
3157 3512 3569 3581 ἐμπίπτουσιν
3604 3513 3694 3577 είς

2011 3593 2367 3659 πειρασμόν.
2394 3589 2721 3661 Πειθώμεθα
2746 3590 2926 3645 τοίνυν
2942 3588 3112 3660 αὐτῷ,
3130 3588 3254 3642 ἐπεὶ
3281 3590 3376 3643 καὶ
3401 3591 3600 3643 ἐκεῖνοι
3614 3589 3692 3660 μὴ

2012 3670 2350 3741 πεισθέχτες,
2383 3671 2546 3741 ὁρᾶτε
2565 3672 2619 3724 τί
2635 3669 2856 3726 ἔπαθον.
2882 3670 2991 3725 Καὶ
3012 3669 3175 3724 πάλιν
3198 3668 3426 3740 ἑτέρωθι
3446 3668 3615 3738 λέγει,
3636 3669 3692 3722 τί

2012 3752 2158 3804 ποιεῖ
2189 3750 2456 3819 ναυάγια·
2487 3751 2739 3818 Οίτινες,
2764 3751 2953 3823 φησὶν,
2994 3748 3387 3818 ἐναυάγησαν
3412 3748 3546 3816 περί
3573 3748 3691 3816 τὴν

2011 3835 2239 3889 πίστιν.
2273 3834 2346 3887 Σὺ
2361 3833 2419 3887 61
2442 3832 2571 3905 μένε
2593 3835 2652 3889 ὲν
2681 3828 2762 3898 οἷς
2785 3833 2987 3905 ἔμαθες
3010 3834 3104 3888 καὶ
3124 3831 3453 3903 ἐπιστώθης.
3485 3830 3694 3886 Πειθώ-

2015 3912 2156 3982 μεθα
2183 3911 2403 3984 Παύλῳ·
2438 3912 2540 3967 κᾶν
2565 3913 2624 3965 ὲν
2648 3912 2799 3984 μέσῳ
2822 3907 2972 3983 ὦμεν
2996 3911 3248 3984 χειμῶνι,
3270 3912 3486 3975 πάντως
3516 3910 3692 3965 ἀπαλ-

2011 3991 2367 4063 λαγησόμεθα
2383 3991 2489 4046 τῶν
2511 3991 2795 4056 κινδύνων,
2816 3991 2918 4045 κᾶν
2938 3991 3439 4064 τεσσαρεσκαίδεκα
3459 3991 3692 4062 ἡμέραις

2011 4070 2189 4125 ἀσιτοι
2218 4070 2586 4142 διαμένωμεν,
2619 4070 2724 4125 κᾶν
2744 4073 2777 4141 ἡ
2814 4071 2971 4136 ἐλπὶς
2994 4071 3096 4141 τῆς
3136 4071 3411 4141 σωτηρίας
3456 4070 3688 4140 ἐκπέσῃ,

2012 4147 2116 4201 κᾶν
2149 4150 2207 4201 ὲν
2262 4149 2439 4219 σκότῳ
2498 4142 2651 4219 ὦμεν
2697 4148 2795 4202 καὶ
2860 4148 3068 4219 γνόφῳ,
3137 4148 3454 4211 πεισθέντες
3511 4148 3689 4217 αὐτῷ,

2013 4226 2516 4299 ἀπαλλαγησόμεθα
2547 4226 2658 4280 τῶν
2676 4222 2962 4285 κινδύνων.
2986 4227 3179 4281 Πλοῖον
3204 4223 3346 4281 εἶναι
3377 4224 3692 4296 νομίζωμεν

2012 4311 2113 4383 τὴν
2144 4309 2471 4382 οἰκουμένην
2493 4311 2697 4374 πᾶσαν,
2725 4306 2835 4365 κάν
2860 4309 3037 4383 τούτῳ
3064 4312 3192 4375 τοὺς
3219 4310 3569 4383 κακούργους
3593 4310 3690 4365 καὶ

2016 4390 2190 4462 μυρία
2220 4388 2440 4461 ἔχοντας
2465 4389 2635 4456 δεινὰ,
2675 4391 2804 4454 τοὺς
2836 4390 2937 4462 μὲν
2957 4390 3247 4461 ἄρχοντας,
3269 4392 3397 4455 τοὺς
3422 4390 3480 4444 δὲ
3525 4389 3693 4460 φύλα-

2014 4486 2138 4533 κας,
2168 4470 2294 4532 τοὺς
2325 4468 2381 4522 δὲ
2398 4468 2665 4535 δικαίους,
2695 4465 2808 4532 οἷος
2853 4469 3086 4535 Παῦλος,
3127 4468 3256 4532 :06;
3293 4469 3350 4523 δὲ
3407 4468 3689 4540 δεσμίους,

2012 4552 2134 4614 ταῖς
2167 4549 2464 4620 ἁμαρτίαις
2488 4547 2831 4619 δεδεμένους·
2868 4551 2933 4603 ἂν
2957 4550 3055 4621 μὲν
3087 4544 3183 4602 οὖν
3234 4547 3435 4619 Παύλῳ
3487 4547 3689 4601 πειθὼ-

2018 4629 2179 4701 μεθα,
2226 4630 2288 4683 οὐ
2327 4629 2605 4699 δεδεμένοι
2657 4628 3033 4701 ἀπολλύμεθα,
3079 4629 3217 4684 ἀλλά
3269 4629 3367 4682 καὶ
3410 4627 3687 4699 λυόμεθα·

2015 4710 2286 4780 χαριεῖται
2318 4708 2415 4761 καὶ
2443 4709 2589 4779 ἡμᾶς
2619 4709 2821 4779 αὐτῷό
2867 4709 3022 4772 Θεός.
3072 4710 3143 4763 Ἦ
3192 4709 3293 4762 οὐκ
3335 4708 3440 4762 οίει
3490 4708 3692 4779 δεσμὸν

2015 4781 2152 4840 εἶναι
2184 4785 2422 4856 χαλεπὸν
2448 4786 2519 4839 :6
2546 4787 2920 4858 ἁμαρτήματα
2958 4788 3053 4841 καὶ
3084 4787 3154 4841 :6
3192 4786 3374 4858 πάθης
3399 4789 3462 4841 οὐ
3488 4787 3598 4859 769
3625 4786 3692 4860 δὴ

2013 4868 2195 4937 χεῖρες
2246 4865 2409 4936 μόνον
2452 4867 2563 4921 είσί.
2614 4866 2919 4938 δεδεμέναι,
2975 4867 3094 4921 ἀλλ’
3152 4868 3183 4921 6
3235 4870 3345 4932 πᾶς
3380 4868 3688 4939 ἄνθρωπος.

2010 4947 2151 5001 Είπὲ
2176 4947 2287 5019 γάρ
2310 4964 2424 5018 μοι,
2450 4948 2580 5001 ὅταν
2601 4964 2686 5011 τις
2728 4950 2989 5019 χρήματα
3030 4948 3202 5004 πολλά
3244 4949 3584 5022 κεκτημένος
3616 4947 3693 5021 μὴ

2014 5027 2280 5099 ἁναλίσκῃ
2316 5027 2451 5098 μηδὲ
2493 5027 2731 5099 δαπανᾷ,
2774 5028 2911 5082 ἀλλά
2952 5028 3182 5104 κατέχῃ,
3215 5029 3339 5100 οὐχὶ
3370 5028 3569 5092 παντὸς
3607 5027 3694 5080 δε·-

2016 5107 2178 5179 σμίου
2200 5104 2583 5178 χαλεπώτερον
2605 5108 2673 5178 τῇ
2707 5106 2971 5181 φειδωλία
2992 5109 3274 5178 δεσμεῑται
3307 5106 3492 5178 δεσμῷ
3517 5106 3691 5177 ἀρρα-

2013 5194 2137 5264 γείς
2178 5190 2244 5245 Τί
2294 5190 2404 5252 δαὶ,
2463 5189 2592 5244 ὅταν
2648 5207 2738 5266 τις
2785 5191 3099 5266 εἱμαρμένῃ
3136 5190 3332 5244 ἑαυτὸν
3388 5188 3687 5259 ὑποϐάλλῃ,

2012 5271 2137 5343 ούχὶ
2155 5270 2319 5324 πάλιν
2370 5270 2553 5334 ἄλλοις
2598 5265 2751 5335 06:0;
2796 5272 3020 5343 δεσμοῖς
3053 5265 3303 5338 δέδεται;
3336 5269 3402 5323 Τί
3425 5268 3536 5331 δαὶ,
3561 5269 3689 5324 ὅταν

2015 5351 2474 5423 παρατηρήσεσι;
2510 5349 2565 5403 τί
2610 5348 2720 5415 δαὶ,
2764 5351 2896 5405 ὅταν
2945 5349 3267 5422 συμϐόλοις;
3324 5348 3445 5418 οὐχὶ
3486 5344 3689 5412 παντὸς

2010 5429 2213 5501 δεσμοῦ
2272 5429 2446 5484 ταῦτα
2491 5428 2881 5501 χαλεπώτερας
2945 5429 3000 5482 τί
3057 5428 3185 5494 δαὶ,
3238 5428 3366 5481 ὅταν
3421 5425 3691 5498 ἐπιθυμίᾳ

2011 5511 2193 5583 ἀλόγῳ
2232 5512 2328 5565 καὶ
2360 5509 2563 5578 ἔρωτι;
2600 5508 2695 5574 Τίς
2721 5507 3249 5581 διαρῤήξειτούτους
3281 5507 3411 5576 ὑμῖν
3447 5505 3575 5568 τοὺς
3603 5505 3692 5583 δε-

2015 5580 2221 5661 σμούςς
2251 5590 2361 5643 Τοῦ
2390 5588 2526 5644 Θεοῦ
2555 5589 2715 5660 χρεία
2740 5580 2883 5641 ὥστε
2912 5585 3165 5656 λυθῆναι.
3203 5585 3316 5639 Καὶ
3340 5583 3401 5637 ἓν
3429 5583 3531 5655 μὲν
3559 5580 3687 5636 τού-

2012 5684 2120 5723 των
2142 5671 2307 5741 ἀρκεῖ
2331 5668 2577 5721 κίνδυνον
2625 5666 2959 5738 ἐμποιῆσαι·
2993 5666 3123 5719 ὅταν
3155 5664 3215 5718 δὲ
3242 5665 3337 5718 καὶ
3377 5661 3556 5734 δεσμά
3596 5663 3690 5716 καὶ

2012 5747 2241 5820 χειμὼν,
2273 5746 2525 5815 ἐννόησον
2567 5745 2693 5799 ὅσον
2727 5745 2788 5799 τὸ
2818 5744 2928 5798 τῶν
2981 5742 3265 5799 κινδύνων.
3332 5744 3398 5797 Τί
3432 5743 3541 5815 769
3588 5743 3688 5815 οὐχ

2074 5889 2099 5920 ι’
2120 5885 2248 5999 Hils".
2293 5886 2373 5935 καὶ
2425 5885 2598 5937 σκόπει
2653 5883 2798 5938 τοῦτο
2844 5884 3042 5937 ἐνταῦθα
3106 5886 3432 5950 γεγενημένον,
3506 5884 3679 5935 τοι·ρηί

2074 5962 2181 5999 mnu
2246 5986 2256 5998 .

2013 5962 2256 6002 ιιοιιιιιιιιι.
