4112 6444
427 445 616 502 ἰκανὸν
643 445 988 518 διαφθεῖραι;
1020 444 1118 516 οὐχ
1143 445 1171 498 ὁ
1195 444 1373 515 λιμὸς,
1401 447 1430 498 ὁ
1459 446 1690 515 χειμὼν,
1725 447 1757 518 ἡ
1791 446 1959 501 κακία
1994 447 2103 501 τῶν

423 533 790 602 ἐμπλεόντων,
829 535 892 586 τὸ
912 533 1008 587 τοῦ
1047 532 1243 603 καιροῦ
1301 533 1717 602 ἀνεπιτήδειον;
1766 533 1931 588 Ἀλλά
1965 535 2104 605 πρὸς

422 616 597 669 ταῦτα
620 615 796 670 πάντα
827 615 958 687 ἔστη
985 618 1019 686 ἠ
1073 614 1399 686 λαμπρότης
1446 613 1684 668 Παύλου.
1719 613 1880 668 Οῦτω
1913 615 1977 682 δὴ
2008 616 2104 670 καὶ

420 692 539 747 νῦν’
598 695 921 765 κατέχωμεν
961 695 1095 766 παρ’
1141 695 1358 756 ἑαυτοῖς
1411 695 1538 756 τοὺς
1587 693 1800 762 ἀγίους,
1854 694 1950 746 καὶ
2001 694 2104 747 οὐκ

421 773 577 827 ἔσται
602 772 832 844 χειμών·
869 774 1072 846 μᾶλλον
1101 773 1297 830 δέ.κᾶν
1403 771 1631 842 χειμὼν,
1662 772 1816 825 ἔσται
1838 772 1992 825 εὐδία
2009 773 2103 826 καί

424 852 632 924 γαλήνη
663 853 854 922 πολλὴ,
883 854 976 907 καὶ
1005 853 1294 923 ἀπαλλαγὴ
1321 851 1428 905 τῶν
1457 851 1746 905 κινδύνων·
1783 851 1976 923 ἐπειδὴ
2010 851 2102 904 τὸν

423 929 580 998 ἅγιον
610 924 724 1001 εἶχε
755 932 908 1000 φίλον
939 933 972 1002 ἠ
999 932 1142 1003 χήρα
1169 931 1371 1001 ἐκείνη,
1403 931 1496 983 καὶ
1521 933 1548 984 ό
1572 930 1804 994 θάνατος
1823 929 1985 999 ἐλύθη
2006 929 2101 984 τοῦ

423 1007 660 1066 παιδίου.
697 1009 900 1062 καὶτὸν
922 1011 1085 1064 παῖδα
1116 1008 1277 1063 πάλιν
1295 1008 1477 1073 ζῶντα
1499 1009 1907 1078 ἀπελάμϐανεν.
1934 1010 2102 1064 Ἔνθα

424 1085 586 1149 πόδες
633 1088 804 1156 ἁγίων
847 1089 1238 1152 ἐπιϐαίνουσιν,
1287 1088 1442 1142 οὐδὲν
1479 1089 1634 1142 ἔσται
1688 1088 1962 1161 λυπηρόν
1997 1089 2103 1143 κᾶν

423 1164 670 1236 γένηται,
697 1166 835 1237 πρὸς
865 1167 1095 1238 δοκιμὴν
1127 1168 1218 1220 καὶ
1237 1167 1372 1238 πρὸς
1398 1168 1622 1237 μείζονα
1643 1167 1800 1233 δόξαν
1822 1166 1917 1221 τοῦ
1939 1168 2099 1223 Θεοῦ.

426 1243 645 1298 ’Ἑθισον
682 1246 740 1298 τὸ
767 1246 960 1316 ἔδαφος
983 1248 1083 1317 τῆς
1114 1248 1291 1312 οἰκίας
1325 1247 1432 1301 ὐπὸ
1485 1248 1744 1302 τοιούτων
1805 1249 2102 1302 πατεῖσθαι

423 1323 619 1388 ποδῶν,
651 1325 745 1378 καί
775 1327 834 1378 οὐ
862 1327 1093 1395 πατήσει
1117 1325 1330 1398 δαίμων
1354 1329 1509 1380 ἐκεῖ·
1539 1328 1634 1382 καὶ
1661 1327 1807 1396 μάλα
1852 1327 2097 1391 εἰκότως.

424 1399 572 1474 [404]
598 1403 812 1476 Ὥσπερ
841 1406 952 1476 γὰρ
990 1405 1119 1459 ἔνθα
1152 1406 1218 1459 ἂν
1259 1406 1458 1460 εὐωδία
1501 1404 1564 1478 ᾗ,
1621 1407 1720 1477 οὐχ
1755 1407 1867 1471 ἕξει
1917 1405 2102 1478 χώραν

419 1479 653 1533 δυσωδία
674 1498 688 1512 ο
717 1481 860 1536 οὕτω
895 1484 990 1537 καὶ
1023 1484 1152 1537 ἔνθα
1176 1484 1346 1556 μύρον
1378 1487 1496 1539 ἐστί
1531 1487 1591 1539 τὸ
1633 1486 1809 1554 ἅγιον,
1863 1485 2101 1539 ἀποπνί-

419 1560 828 1632 γεταιδαίμων,
851 1561 1134 1634 εὐφραίνει
1163 1565 1290 1627 τοὺς
1341 1565 1622 1627 συνόντας,
1657 1564 1862 1635 διαχέει
1897 1563 2098 1636 ψυχὴν,

420 1638 654 1708 ἀνίησιν.
694 1639 862 1694 Ἔνθα
885 1641 1137 1702 ἄκανθαι,
1167 1644 1284 1694 ἐκεῖ
1301 1641 1464 1713 θηρία
1488 1659 1498 1674 ·
1527 1641 1656 1696 ἔνθα.
1690 1642 1982 1711 φιλοξενία,
2001 1643 2102 1696 οὐκ

420 1717 558 1768 εἰσὶν
607 1717 941 1790 ἄκανθαιοή
994 1718 1101 1791 γάρ
1153 1719 1491 1792 ἐλεημοσύνη
1548 1720 1868 1775 εἰσελθοῦσα
1897 1721 2098 1785 παντὸς

417 1795 689 1866 δρεπάνου
716 1798 1025 1870 τομώτερον
1063 1800 1276 1870 ἀναιρεῖ
1296 1800 1392 1863 τὰς
1412 1799 1675 1865 ἀκάνθας,
1706 1799 1906 1864 παντὸς
1932 1800 2103 1870 πυρὸς

421 1875 802 1947 σφοδρότερον.
833 1878 923 1949 Μὴ
954 1878 1233 1949 φοϐηθῇςο
1257 1879 1485 1933 αἰδεῖται
1507 1881 1575 1934 τὰ
1597 1881 1722 1952 ῐχνη
1746 1879 1857 1934 τῶν
1895 1880 2099 1947 ἁγίων,

417 1952 670 2025 καθάπερ
705 1956 929 2019 λέοντας
959 1957 1267 2022 ἀλώπεκες.
1321 1959 1559 2026 Δίκαιος
1602 1959 1734 2030 γὰρ,
1785 1958 1972 2030 φησὶν,
2019 1958 2102 2024 ὡς

414 2033 574 2090 λέων
601 2037 908 2093 πέποιθεν.
943 2041 1344 2112 Εἰσαγάγωμεν
1371 2041 1593 2103 τούτους
1615 2045 1742 2106 τοὺς
1769 2041 1988 2096 λέοντας
2017 2043 2101 2100 εἰς

1291 326 1348 383 S.
1391 326 1678 386 JOANNIS
1716 327 2092 385 ωιιὶγεοετι

2196 329 2210 385 Ι
2252 331 2578 390 ΔιιυΙ-ΙΙΕΡ.
2620 332 3166 392 ΕΟΝΞΤΑΝΤΙΝΟΡ.

3782 342 3890 399 574

2205 447 2302 520 τὴν
2321 453 2522 520 οἰκίαν,
2554 455 2647 508 καὶ
2684 457 2864 510 πάντα
2903 451 3361 522 φυγαδεύεταιτὰ
3397 452 3585 524 θηρία,
3617 454 3679 509 οὐ
3712 456 3883 527 βοών-

2205 544 2312 608 των
2340 530 2518 584 αὐτῶν
2558 533 2793 603 μεγάλα,
2843 533 2960 587 ἀλλ’
3009 532 3192 596 ἁπλῶς
3224 531 3632 602 φθεγγομένων.
3668 536 3746 586 Οὐ
3776 537 3891 608 γάρ

2207 605 2524 680 βρυχηθμὸς
2545 611 2759 676 λέοντος
2806 610 2949 665 οῦτω
2981 609 3276 680 φυγαδεύει
3306 609 3376 663 τά
3411 610 3598 682 θηρία,
3633 613 3711 677 ὡς
3752 617 3853 686 εὐχ

2202 687 2413 742 δικαίου
2447 691 2744 759 φυγαδεύει
2771 690 3070 762 δαίμονας⁶
3105 689 3172 743 ἂν
3199 688 3504 759 φθέγξηται
3542 691 3722 760 μόνον,
3757 687 3894 748 κατέ

2204 769 2494 838 επτήχασι.
2532 771 2642 823 Kal
2665 769 2769 822 ποῦ
2794 769 2888 822 νῦν
2908 767 3164 830 τοιοῦτοι,
3195 769 3352 836 φησὶ.
3378 768 3487 822 εἰσί
3507 785 3521 833 ;
3564 771 3849 841 Πανταχοῦ
3870 814 3886 835 .

2205 847 2271 900 ἂν
2304 849 2648 921 πιστεύωμεν
2672 852 2855 921 ἡμεῖς.
2881 849 2947 903 ἂν
2968 850 3242 919 ζητῶμεν,
3275 849 3342 901 ἂν
3367 849 3888 922 περιεργαξώμεθα.

2205 927 2316 982 Ποῦ
2349 928 2642 1000 ἐζήτησας,
2671 929 2796 982 εἰπέ
2840 945 2964 1000 μοι;
2997 929 3128 981 πότε
3161 927 3320 981 τοῦτο
3342 927 3504 998 ἔργον
3527 928 3686 999 ἔσχες
3713 947 3727 995 ;
3756 933 3888 988 πότε

2206 1008 2440 1078 πρᾶγμα
2464 1007 2622 1061 τοῦτο
2653 1007 2814 1071 ἔθους
2855 1007 2914 1060 1ῦί
2943 1008 3000 1060 δὲ
3025 1008 3086 1059 οὐ
3128 1007 3333 1077 ζητεῖς,
3355 1007 3428 1078 μὴ
3459 1007 3773 1081 θαυμάσῃς,
3803 1012 3890 1065 ὅτι

2203 1087 2303 1157 οὐχ
2335 1086 2609 1157 εὑρίσκεις
2631 1103 2642 1115 ·
2674 1087 2736 1142 '0
2759 1087 2867 1157 γὰρ
2884 1084 3074 1154 ζητῶν
3095 1089 3384 1156 εὑρίσκει,
3401 1088 3501 1158 οὐχ
3529 1089 3556 1140 ό
3590 1087 3664 1158 μὴ
3686 1087 3885 1158 ζητῶν.

2207 1167 2476 1219 Ἀκουσον
2502 1167 2627 1230 τούς
2649 1167 2705 1220 ἐν
2728 1169 2850 1229 ταῖς
2879 1166 3136 1238 ἐρημίαις
3161 1167 3320 1228 ὄντας
3346 1183 3358 1196 ·
3385 1167 3640 1234 ἀπάγαγε
3662 1169 3888 1237 χρυσίον

2204 1247 2297 1298 καὶ
2323 1246 2588 1318 ἀργύριον
2609 1262 2621 1276 ⁸
2657 1243 2936 1316 πανταχοῦ
2963 1246 3064 1316 τῆς
3098 1246 3428 1316 οἰκουμένης
3461 1246 3589 1299 εἰσί.
3644 1246 3767 1300 Κᾶν
3809 1249 3885 1320 μὴ

2204 1327 2262 1379 ἐν
2284 1329 2350 1397 τῇ
2369 1327 2516 1396 οἰκία
2547 1325 2696 1396 δέξῃ,
2733 1325 2934 1380 ἄπελθε
2986 1326 3050 1378 σύ
3103 1327 3240 1396 πρὸς
3269 1326 3452 1390 αὐτὸν,
3502 1325 3767 1394 συγγένου
3807 1329 3888 1398 τῷ

2204 1404 2380 1475 ἀνδρὶ,
2411 1403 2548 1474 πρὸς
2567 1404 2628 1457 τὸ
2664 1404 2876 1474 οίκημα
2926 1405 3086 1472 γένου
3126 1405 3188 1457 τὸ
3231 1403 3466 1469 ἐκείνου,
3505 1404 3595 1456 ἵνα
3647 1403 3887 1476 δυνηθῇς

2203 1485 2504 1553 ἐπιτυχεῖν,
2554 1484 2650 1538 καὶ
2697 1483 2798 1553 τῆς
2842 1483 2975 1554 παρ’
3018 1481 3186 1536 αὐτοῦ
3245 1482 3498 1550 εὐλογίας
3548 1481 3881 1537 ἀπολαῦσαι.

2202 1563 2431 1632 Μεγάλη
2457 1563 2567 1634 γὰρ
2603 1565 2634 1633 ή
2667 1562 2821 1634 παρὰ
2863 1562 2973 1615 τῶν
3022 1562 3196 1631 ἁγίων
3227 1562 3466 1630 εὐλογία,
3491 1558 3560 1633 ἦς
3589 1563 3887 1630 ἐπιτυγχά-

2203 1659 2314 1697 νειν
2346 1641 2763 1712 σπουδάζωμεν,
2798 1642 2885 1696 ἵνα
2905 1643 2993 1696 διὰ
3012 1642 3120 1694 τῶν
3145 1641 3322 1712 εὐχῶν
3347 1642 3552 1694 τούτων
3585 1639 3888 1711 βοηθούμε-

2205 1740 2306 1787 νοι,
2337 1722 2437 1792 τῆς
2455 1722 2602 1793 παρά
2628 1720 2722 1774 τοῦ
2747 1721 2944 1784 αὐτοὺς
2971 1721 3398 1790 ἐνδυναμοῦντος
3414 1719 3551 1772 Θεοῦ
3571 1719 3884 1790 φιλανθρω-

2205 1801 2336 1864 πίας
2367 1801 2995 1873 ἀπολαύσωμεν,χάριτι
3037 1801 3132 1854 καὶ
3180 1798 3559 1872 φιλανθρωπίᾳ
3591 1797 3683 1851 τοῦ
3727 1815 3884 1869 μονο-

2204 1882 2397 1950 γενοῦς
2453 1881 2620 1935 αὐτοῦ
2673 1880 2826 1945 Υίοῦ,
2871 1879 2991 1950 μεθ’
3022 1874 3082 1932 οὐ
3141 1879 3218 1950 τῷ
3251 1879 3424 1951 Πατρὶ
3463 1880 3580 1949 ἅμα
3627 1879 3706 1950 τῷ
3739 1879 3884 1949 ἁγίῳ

2205 1959 2483 2030 Πνεύματι
2503 1961 2652 2028 δόξα,
2686 1959 2908 2031 κράτος,
2938 1959 3094 2030 τιμὴ,
3119 1957 3216 2011 νῦν
3242 1959 3336 2012 καὶ
3373 1959 3480 2023 ἀεὶ,
3510 1959 3605 2012 καί
3636 1959 3717 2022 εἰς
3755 1958 3884 2022 τοὺς

2203 2040 2406 2104 αἰῶνας
2421 2040 2530 2095 τῶν
2559 2039 2795 2094 αἰώνων.
2839 2039 3032 2110 Ἀμήν.

1926 2291 2176 2345 OMIAIA
2213 2289 2339 2346 NA'.

419 2385 486 2438 Ol
511 2381 579 2435 δὲ
603 2382 893 2455 βάρϐαροι
933 2383 1220 2452 παρεῖχον
1259 2385 1332 2438 οὐ
1383 2382 1498 2453 τὴν
1530 2384 1844 2452 τυχοῦσαν
1880 2387 2093 2453 φιλαν-

487 2463 751 2530 θρωπίαν
779 2461 944 2530 ἡμῖν.
985 2461 1350 2530 Ἀνάψαντες
1373 2462 1485 2532 γὰρ
1534 2465 1753 2532 πιφὰν,
1795 2462 2096 2531 προσελά-

485 2544 659 2595 ϐοντο
687 2539 921 2606 πάντας
949 2539 1126 2610 ἡμᾶς.
1153 2539 1251 2595 διὰ
1275 2541 1382 2594 τὸν
1426 2543 1606 2597 ὑετὸν
1652 2542 1757 2596 τόν
1784 2541 2095 2610 ἐφεστῶτα

484 2624 583 2677 καὶ
620 2624 716 2677 διὰ
740 2623 805 2677 τὸ
825 2622 1046 2693 ψῦχος.
1081 2622 1549 2692 Συστρέψαντος
1587 2623 1656 2677 δὲ
1693 2623 1801 2677 τοῦ
1844 2625 2094 2678 Παύλου

481 2704 806 2774 φρυγάνων
834 2702 1090 2771 πλῆθος,
1127 2702 1226 2755 καὶ
1257 2703 1566 2770 ἐπιθέντος
1586 2702 1684 2756 έπί
1729 2701 1845 2769 τὴν
1871 2703 2091 2770 πυρὰν,

480 2781 690 2851 ἔχιδνα
711 2783 778 2836 ἐκ
805 2781 916 2847 τῆς
946 2782 1164 2853 θέρμης
1191 2781 1611 2848 διεξελθοῦσα,
1641 2781 1956 2850 καθήψατο
1983 2783 2094 2848 τῆς

483 2863 680 2932 χειρὸς
701 2863 911 2918 αὑτοῦ.

482 2965 554 3014 α’.
573 2972 600 3001 ι
633 2958 758 3024 Πῶς
778 2961 1042 3031 παρεῖχον
1062 2959 1160 3030 τὴν
1181 2958 1374 3029 φιλανθ
1385 2959 1598 3030 ρωπίαν
1626 2961 1675 3013 οί
1695 2959 1979 3032 βάρϐαροι,
2003 2961 2093 3029 ἐρ-

414 3038 662 3110 μηνεύειο
736 3038 1099 3106 Ἇνάψαντες
1151 3039 1280 3110 γὰρ,
1323 3038 1478 3109 φησί,
1519 3038 1738 3106 πυρὰν,
1789 3040 2091 3105 προσελά-

409 3121 588 3172 ϐοντο
609 3117 844 3183 πάντας
871 3116 1050 3186 ἡμᾶς.
1088 3116 1243 3171 Ἐπεὶ
1267 3118 1420 3170 οὐδὲν
1445 3116 1638 3186 ὄφελος
1672 3117 1966 3188 ἀλλαχόθεν
1991 3118 2092 3188 τῆς

413 3199 688 3270 σωτηρίας
720 3194 810 3270 ἦν,
841 3197 936 3251 τοῦ
977 3199 1248 3269 χειμῶνος
1280 3199 1565 3269 μέλλοντος
1609 3199 1807 3261 αὐτοὺς
1849 3198 2093 3268 διαφθείο

414 3293 550 3347 ρειν,
593 3277 896 3330 ἀνάπτουσι
921 3275 1019 3348 τὴν
1046 3277 1248 3350 πυράν.
1273 3273 1406 3330 Εἶτα
1440 3279 1467 3330 ὁ
1499 3277 1712 3342 Παῦλος
1739 3277 1923 3332 λαϐὼν
1949 3279 2090 3351 φρύ-

409 3377 549 3428 γανα
572 3360 811 3414 ἐπετίθει
831 3361 922 3413 ἐπὶ
937 3361 1035 3432 τήν
1054 3363 1252 3433 πυράνο
1269 3363 1297 3417 ὃ
1322 3363 1416 3416 καὶ
1435 3363 1608 3434 δηλῶν
1627 3364 1654 3403 b
1677 3363 1870 3432 ἐπάγει
1891 3365 2087 3433 λέγων’

411 3438 876 3510 Συστρέψαντος
906 3441 973 3495 δὲ
1006 3443 1114 3496 τοῦ
1157 3444 1400 3498 Παύλου
1453 3442 1779 3513 φρυγάνων
1831 3445 2088 3513 πλῆθος.

413 3520 555 3589 Ὅρα
587 3521 748 3574 αὐτὸν
769 3521 1120 3592 ἐνεργοῦντα,
1168 3522 1263 3576 καὶ
1299 3523 1535 3592 οὐδαμοῦ
1567 3523 2090 3594 θαυματουργοῦντα

406 3600 618 3666 ἁπλῶς,
647 3599 762 3654 ἀλλ’
793 3601 903 3655 ἀπὸ
935 3602 1158 3672 χρείας·
1184 3603 1280 3655 καὶ
1297 3603 1354 3655 ὲν
1374 3601 1453 3673 τῷ
1481 3602 1714 3673 χειμῶνι
1765 3603 1875 3674 γάρ
1905 3604 2090 3667 αἰτίας

406 3678 576 3750 οὔσης
621 3680 1050 3752 προεφήτευσεν,
1108 3681 1222 3735 ἀλλ’
1279 3683 1378 3754 οὐχ
1439 3683 1650 3749 ἁπλῶς,
1697 3685 1792 3737 καὶ
1854 3682 2092 3738 ἐνταῦθα

409 3757 571 3811 πάλιν
625 3758 880 3828 φρύγανα
909 3758 1156 3828 συλλέγει
1210 3761 1306 3814 καὶ
1360 3761 1692 3832 ἐπιτίθησιν.
1744 3758 1887 3832 Ὀρα
1937 3761 2091 3815 οὐδὲν

407 3837 792 3908 τετυφωμένον
823 3837 1083 3894 ποιοῦντα
1105 3839 1226 3893 οὐδέ
1260 3840 1544 3911 περιττὸν,
1576 3841 1692 3894 ἀλλ’
1722 3841 1862 3895 ὥστε
1892 3842 2090 3894 διασω-

408 3916 568 3987 θῆναι
593 3918 811 3982 αύτοὺς,
840 3918 938 3972 καὶ
969 3917 1183 3991 θέρμης
1211 3919 1357 3983 τινὸς
1383 3919 1712 3974 ἀπολαῦσαι.
1772 3919 1924 3993 [405]
1955 3916 2088 3975 Εἶτα

408 3997 594 4069 ἔχιδνα
645 3999 710 4051 ἐκ
743 3999 842 4068 τῆς
895 3997 1108 4071 θέρμης
1155 3999 1473 4066 ἐξελθοῦσα,
1525 4001 1624 4072 τῆς
1675 4001 1862 4072 χειρὸς
1922 4001 2089 4054 αὐτοῦ

408 4075 681 4129 ἅπτεταιο
721 4078 818 4130 καὶ
853 4076 934 4130 ὅτι
990 4076 1188 4147 ἥψατο,
1239 4075 1402 4146 δῆλον
1465 4083 1612 4132 ποιεῖ
1661 4080 1821 4133 τοῦτο
1877 4082 1943 4134 ἐκ
1990 4081 2092 4150 τῆς

407 4155 726 4224 ἐπαγωγῆς,
799 4155 1006 4225 λέγων·
1062 4157 1159 4222 Ὠς
1214 4156 1284 4210 δὲ
1337 4154 1504 4212 εἶδον
1541 4161 1596 4213 οὶ
1671 4159 1969 4230 ,ϐάρϐαροι
2023 4161 2091 4214 τὸ

407 4237 615 4305 θηρίον
649 4236 1024 4308 κρεμάμενον
1073 4237 1143 4291 ἐκ
1191 4237 1304 4308 τῆς
1361 4238 1564 4308 χειρὸς
1613 4241 1823 4306 αὐτοῦ,
1873 4240 2091 4311 ἔλεγον

405 4323 554 4392 πρὸς
578 4323 911 4392 ἀλλήλους·
962 4323 1212 4392 Πάντως
1249 4327 1474 4395 φονεύς
1516 4325 1691 4381 ἐστιν
1718 4331 1751 4382 ό
1775 4326 2086 4398 ἄνθρωπος

403 4406 604 4478 οὗτος.
638 4411 711 4466 ὃν
738 4412 1110 4468 διασωθέντα
1135 4413 1204 4468 ἐκ
1229 4411 1339 4482 τῆς
1373 4413 1699 4483 θαλάσσης
1732 4417 1769 4485 ή
1809 4416 1946 4486 δίκη
1981 4415 2091 4487 ζῇν

403 4499 516 4553 οὐκ
558 4501 746 4555 εῑασε.
813 4501 1010 4566 Καλῶς
1044 4501 1325 4556 καὶτοῦτο
1371 4503 1760 4576 συνεχωρήθη,
1805 4503 1948 4558 ὥστε
1995 4507 2091 4561 καὶ

407 4585 536 4639 ἰδεῖν
569 4587 767 4650 αὐτοὺς
794 4588 890 4642 καὶ
924 4587 1261 4658 φθέγξασθαι
1287 4589 1482 4654 ταῦτα,
1530 4590 1618 4645 ἵνα
1667 4593 1796 4646 ὅταν
1839 4592 2086 4665 γένηται,

403 4673 482 4746 μή
511 4674 806 4748 ἀπιστῆται
835 4676 896 4730 τὸ
929 4676 1134 4748 θαῦμα.
1171 4678 1314 4750 Ὅρα
1343 4679 1443 4750 τὴν
1467 4680 1705 4750 φυσικὴν
1734 4681 1917 4752 κρίσιν
1940 4681 2091 4754 διηρ-

401 4759 692 4833 θρωμένην
739 4763 834 4816 καὶ
867 4764 1018 4835 παρά
1055 4764 1373 4837 βαρϐάροις,
1416 4767 1514 4821 καὶ
1553 4767 1850 4839 αἰδεσίμως
1889 4769 2089 4835 αὐτοὺς

403 4849 540 4918 πρὸς
589 4851 855 4921 ἀλλήλους
902 4851 1162 4921 λέγοντας
1181 4891 1198 4915 ,
1235 4853 1332 4907 καὶ
1386 4854 1523 4926 μηδὲ
1572 4859 2087 4924 καταγινώσκοντας

399 4935 610 4999 ἁπλῶς.
640 4936 798 4992 Οὕτω
820 4938 917 4992 καὶ
948 4931 1094 4993 οῦτοι
1119 4940 1386 5013 πρότερον
1420 4941 1734 5011 βλέπουσιν,
1765 4943 1853 4997 ἴνα
1883 4945 2085 5016 μᾶλλον

398 5022 779 5094 θαυμάσωσιν.
825 5024 888 5078 '0
917 5025 1030 5094 μὲν
1066 5023 1182 5082 οὖν
1227 5029 1748 5101 άποτιναξάμενος
1779 5031 1846 5087 τὸ
1873 5035 2086 5102 θηρίον

397 5111 486 5175 εἰς
523 5111 590 5164 τὸ
627 5111 770 5180 πῦρ,
797 5111 1023 5168 ἔπαθεν
1047 5115 1231 5170 οὐδέν
1248 5119 1461 5172 κακόνο
1488 5122 1543 5173 οί
1579 5119 1651 5173 δὲ
1696 5121 2086 5189 προσεδόκων

395 5197 588 5253 αὐτόν
635 5198 892 5270 μέλλειν
927 5201 1304 5272 πίμπρασθαι
1329 5247 1343 5272 ,
1390 5205 1428 5275 ἢ
1476 5208 1872 5262 καταπίπτειν
1915 5210 2085 5280 ἄφνω

397 5289 637 5356 νεκρόν.
692 5288 826 5344 Ἐπὶ
878 5291 1035 5345 πολὺ
1081 5291 1149 5345 δὲ
1199 5293 1400 5349 αὐτῶν
1459 5295 1938 5365 προσδοκώντων
1984 5299 2082 5354 καί

397 5376 778 5446 θειοῳούντων
819 5377 1017 5448 μηδὲν
1070 5379 1301 5434 ἄτοπον
1349 5384 1436 5448 εἰς
1489 5383 1678 5437 αὐτὸν
1732 5385 2082 5454 γινόμενον,

391 5464 904 5537 μεταϐαλλόμενοι
938 5466 1152 5538 ἔλεγον
1181 5470 1321 5525 θεὸν
1354 5470 1544 5524 αὐτὸν
1582 5467 1754 5529 εἶναι,
1790 5475 1854 5528 Οἳ
1897 5477 2083 5542 ἐνόμ.-

397 5548 488 5612 ζον
527 5553 690 5607 αὐτὸν
730 5554 1107 5628 πίμπρασθαι,
1138 5557 1388 5611 τουτέστι
1445 5557 1908 5632 διαρῤήγνυσθαι,
1937 5558 2082 5619 οὗτοι

396 5634 748 5711 θεασάμενοι,
774 5644 857 5698 ὅτι
883 5644 1036 5698 οὐδὲν
1069 5644 1239 5700 κακὸν
1279 5645 1473 5713 ἔπαθε,
1527 5647 1812 5718 λέγουσιν,
1843 5652 1926 5706 ὅτι
1955 5653 2075 5718 θεός

456 5779 483 5862 ξ
511 5781 1131 5862 ρυξάεφλξὶεληοίρίμηοι]
1161 5795 1419 5862 Παρεῖχον,
1460 5799 1594 5862 φησί.
1633 5798 1689 5862 οὐ
1715 5800 1800 5856 τήν
1835 5800 2076 5862 τυχοῦσαν

397 5840 495 5925 se:
724 5840 970 5925 9229602;
989 5840 1261 5925 ίάνάφέιθέέε
1277 5840 1436 5920 asa»
1451 5840 1594 5908 πέςεέί
1844 5840 2070 5925 ἶῖεῖὲᾧόἆὶ

399 5905 707 6015 Fiam:
724 5905 798 5958 ἸΙΙ
861 5905 888 5952 5
918 5905 1295 5979 νὸςειιίδηλῶν,
1322 5905 1417 5979 ηἰιιι
1440 5905 2071 5983 θεῖτεῆι-έιῖἱίίξίίσὺῖῖῖξά.

2203 2384 2338 2438 ἐστι.
2376 2382 2546 2436 Πάλιν
2587 2382 2721 2454 ἄλλη
2765 2382 2972 2436 τούτων
3009 2380 3285 2452 ὑπερϐολή
3331 2381 3531 2452 τιμῆς,
3567 2380 3758 2454 ὥσπερ
3792 2385 3884 2438 καὶ

2201 2470 2310 2524 τῶν
2351 2470 2525 2541 ὄχλων
2556 2468 2663 2523 τῶν
2717 2471 2775 2523 ἐν
2826 2469 3121 2540 Λυκαονία.
3169 2469 3272 2522 Ἔν
3323 2467 3392 2522 δέ
3423 2469 3546 2536 τοῖς
3593 2469 3726 2538 περὶ
3776 2473 3886 2525 τὸν

2201 2553 2389 2606 τόπον
2411 2551 2648 2604 ἐκεῖνον
2680 2550 2865 2618 χωρία
2903 2549 3141 2618 ὑπῆρχε
3173 2549 3254 2617 τῷ
3295 2552 3500 2619 πρώτῳ
3527 2552 3637 2621 τῆς
3660 2552 3880 2621 νήσου,

2200 2633 2442 2702 ὀνόματι
2474 2635 2739 2700 Ποπλίῳ·
2771 2634 2839 2700 ὃς
2865 2633 3314 2702 ἀναδεξάμενος
3354 2635 3514 2704 ἡμᾶς
3553 2635 3708 2703 τρεῖς
3735 2636 3883 2707 ἡμέε-

2192 2733 2306 2785 ρας
2337 2719 2718 2786 φιλοφρόνως
2739 2717 3036 2782 ἐξένισεν.
3076 2718 3208 2771 Ἰδοὺ
3228 2720 3393 2774 πάλιν
3419 2721 3577 2784 ἄλλος
3605 2721 3884 2790 φιλόξενος

2197 2802 2227 2852 ό
2257 2801 2510 2863 Πόπλιος,
2543 2803 2637 2855 καὶ
2669 2800 2924 2864 πλούσιος
2955 2802 3048 2854 καὶ
3080 2802 3483 2874 εὐπορώτατος.
3527 2797 3696 2868 Οὗτος
3727 2804 3882 2858 οὐδὲν

2203 2881 2345 2947 ἰδὼν,
2380 2882 2496 2936 ἀλλ’
2539 2882 2646 2936 ἀπὸ
2687 2884 2787 2954 τῆς
2824 2885 3110 2954 συμφορᾶς
3156 2885 3325 2956 μόνης
3369 2884 3598 2956 ἐλεήσας
3640 2885 3878 2950 αὐτοὺς,

2199 2965 2492 3031 ὑπεδέξατο
2521 2967 2618 3020 καὶ
2659 2966 3046 3038 ἐθεράπευσεν.
3092 2966 3365 3037 Ἐγένετο
3406 2966 3475 3021 δὲ
3507 2969 3613 3021 τὸν
3652 2967 3882 3037 πατέρα

2200 3051 2307 3104 τοῦ
2330 3050 2599 3104 Ποπλίου
2625 3051 2903 3119 πυρετοῖς
2931 3052 3030 3106 καί
3067 3051 3422 3119 δυσεντερίᾳ
3465 3053 3884 3122 συνεχόμενον

2201 3135 2602 3188 κατακεῖσθαι·
2641 3134 2792 3203 πρὸς
2814 3134 2887 3188 δν
2918 3139 2951 3189 ό
2982 3135 3219 3201 Παῦλος
3245 3135 3537 3189 εἰσελθὼν
3568 3137 3665 3188 καὶ
3689 3149 3885 3202 προσ-

2197 3218 2549 3289 ευξάμενος.
2583 3219 2808 3285 ἐπιθεὶς
2839 3220 2945 3282 τὰς
2980 3218 3179 3288 χεῷας
3212 3217 3388 3282 αὐτῷ,
3422 3219 3633 3271 ἰάσατο
3663 3219 3874 3272 αὐτόν.

2201 3305 2364 3356 Ὥστε
2398 3301 2544 3366 ἄξιος
2573 3297 2640 3372 ἦν
2669 3301 2764 3354 τοῦ
2796 3301 2994 3355 παθεῖν
3019 3300 3216 3364 καλῶς’
3239 3301 3320 3354 διὸ
3345 3301 3440 3352 καὶ
3464 3299 3698 3368 ἀμοιϐὴν
3723 3299 3876 3368 αὐτῷ

2198 3384 2488 3447 ἀποδιδοὺς
2545 3384 2646 3454 τῆς
2703 3384 2977 3454 ἀποδοχῆς
3035 3383 3219 3436 ἰάσατο
3280 3383 3461 3438 αὐτόν.
3525 3381 3752 3436 Τούτου
3805 3382 3878 3435 δὲ

2199 3466 2550 3538 γενομένου,
2582 3467 2681 3522 καί
2715 3471 2768 3522 οἱ
2805 3467 3004 3522 λοιποί
3032 3470 3082 3522 al
3113 3468 3358 3535 ἔχοντες
3385 3465 3662 3532 ἀσθενεῖς
3700 3466 3772 3518 έν
3801 3464 3880 3535 τῇ

2197 3550 2388 3618 νήσῳ,
2420 3550 2842 3620 προσήρχοντο
2881 3552 2977 3606 καὶ
3012 3551 3462 3619 ἐθεραπεύοντο·
3498 3549 3554 3604 οἳ
3589 3549 3685 3603 καί
3725 3552 3880 3604 πολ-

2195 3635 2334 3702 λαῖς
2354 3637 2549 3706 τιμαῖς
2563 3637 2859 3707 ἐτίμησαν
2877 3635 3056 3703 ἡμᾶς,
3072 3635 3170 3689 καί
3185 3633 3577 3705 ἀναγομένοις
3596 3633 3880 3688 ἐπέθεντο

2194 3720 2267 3774 τὰ
2292 3722 2441 3789 πρὸς
2470 3720 2586 3790 τὴν
2613 3723 2842 3791 χρείανο
2872 3720 3142 3784 τουτέστι,
3172 3721 3265 3773 καὶ
3288 3721 3320 3788 ἡ
3331 3723 3423 3788 μίν
3447 3718 3652 3770 ἔδωκαν
3679 3718 3879 3784 ἀναγο-

2197 3801 2378 3871 μένοις
2404 3803 2472 3857 τὰ
2502 3802 2638 3874 πρὸς
2671 3803 2768 3874 τὴν
2793 3802 2982 3874 χρείαν
3013 3802 3109 3854 καὶ
3139 3804 3250 3865 τοῖς
3280 3801 3482 3864 ἄλλοις.
3511 3799 3650 3869 Ὅρα
3679 3799 3879 3862 αὐτοὺς

2191 3885 2314 3938 οὐδέ
2340 3886 2432 3940 τοῦ
2454 3887 2723 3958 χειμῶνος
2752 3885 3165 3953 ἀπαλλαγέντας
3189 3884 3453 3953 μένοντας
3475 3881 3873 3952 ἀτημελήτους,

2191 3968 2328 4022 ἀλλὰ
2357 3971 2450 4022 καὶ
2484 3970 2581 4041 τὴν
2608 3970 2878 4041 ὐποδοχὴν
2923 3968 3206 4038 φιλότιμον
3235 3966 3534 4037 γενομένην
3573 3964 3637 4017 δι’
3674 3963 3836 4018 αὐτόν
3859 3981 3873 3996 ·

2191 4059 2341 4127 τρεῖς
2371 4059 2480 4130 γὰρ
2514 4059 2690 4130 μῆνας
2721 4054 2862 4130 ἦσαν
2893 4057 3014 4110 ἐκεῖ
3041 4055 3368 4126 τρεφόμενοι
3396 4054 3615 4116 πάντες.
3647 4051 3758 4104 Καὶ
3793 4051 3876 4104 ὅτι

2191 4145 2449 4201 τοσοῦτον
2486 4146 2677 4217 χρόνον
2712 4146 2996 4216 ἐποίησαν,
3028 4144 3191 4198 ἄκουε
3223 4142 3339 4204 πῶς
3369 4140 3530 4195 τοῦτο
3558 4137 3876 4210 ἑρμηνεύων

2191 4233 2425 4302 ἐπάγειο
2461 4236 2625 4289 Μετὰ
2647 4233 2715 4287 δέ
2753 4233 2909 4302 τρεῖς
2948 4231 3152 4302 μῆνας
3194 4229 3544 4300 ἀνήχθημεν
3586 4229 3654 4281 ἐν
3683 4227 3877 4292 πλοίῳ

2194 4323 2731 4393 παρακεχειμακότι
2760 4321 2830 4374 έν
2858 4319 2935 4390 τῇ
2971 4319 3144 4388 νήσφ
3193 4316 3647 4387 Ἀλεξανδρίνῳ.
3683 4331 3875 4383 παραο

2189 4407 2367 4478 «τήμφ
2403 4409 2813 4477 Διοσκούροις.
2851 4407 2963 4463 Καὶ
3006 4405 3406 4475 καταχθέντες
3443 4407 3532 4469 εἰς
3565 4403 3871 4471 Συρακού-

2191 4510 2327 4564 σας,
2359 4497 2755 4568 ἐπεμείναμεν
2781 4495 3006 4567 ήμέρας
3037 4495 3211 4564 τρεῖς.
3247 4494 3425 4547 Ὅθεν
3455 4491 3872 4560 περιελθόντες

2190 4589 2656 4658 κατηντήσαμεν
2689 4590 2777 4652 εἰς
2823 4586 3080 4655 Ῥήγιον·
3130 4583 3232 4638 καὶ
3269 4582 3421 4652 μετὰ
3453 4581 3602 4650 μίαν
3640 4579 3872 4648 ἡμέραν

2189 4675 2618 4745 ἐπιγενομένου
2657 4675 2860 4735 νότου,
2907 4670 3235 4740 δευτεραῖοι
3271 4669 3536 4738 ἤλθομεν
3558 4669 3647 4732 εἰς
3662 4665 3871 4720 Ποτιό-

2185 4767 2357 4831 λους’
2406 4760 2478 4820 οὗ
2528 4765 2810 4832 εὑρόντες
2867 4759 3194 4829 ἀδελφοὺς.
3245 4756 3708 4825 παρεκλήθημεν
3775 4755 3872 4810 ἐπ’

2186 4851 2392 4917 αὐτοῖς
2430 4851 2727 4920 ἐπιμεῖναι
2770 4849 2998 4920 ἡμέρας
3039 4845 3224 4900 έπτά·
3272 4843 3372 4899 καί
3411 4843 3597 4909 οὕτως
3636 4845 3724 4907 εἰς
3757 4841 3872 4909 τὴν

2200 4938 2435 5010 Ῥώμην
2465 4939 2751 5008 ἤλθομεν.
2785 4936 3075 4993 Κάκεῖθεν
3111 4937 3166 4988 οι
3207 4932 3459 5002 ἀδελφοί
3493 4931 3870 4996 ἀκούσαντες

2187 5027 2261 5082 τὰ
2292 5027 2426 5096 περί
2453 5026 2643 5096 ἡμῶν,
2679 5023 2944 5094 ἐξῆλθον
2979 5027 3068 5090 εἰς
3105 5021 3454 5088 ἀπάντησιν
3492 5017 3666 5088 ἡμῖν,
3696 5017 3871 5087 άχρις

2199 5117 2446 5170 Ἀππίου
2490 5115 2701 5184 φόρου,
2745 5112 2846 5168 καί
2896 5110 3076 5180 Τριῶν
3116 5108 3435 5177 ταϐερνῶν.
3490 5105 3607 5172 οῦς
3657 5104 3799 5158 ἰδὼν
3835 5106 3870 5158 ό

2186 5205 2448 5270 Παῦλος,
2477 5202 2929 5273 εὐχαριστήσας
2953 5199 3033 5266 τῷ
3056 5198 3198 5266 Θεῷ,
3238 5198 3418 5252 ἔλαϐε
3447 5194 3692 5262 θάρσος.
3725 5194 3870 5264 Ὅρα

2183 5292 2276 5347 διὰ
2311 5292 2522 5347 Παῦλον
2545 5291 2726 5344 πάντα
2753 5290 3013 5360 γινόμενα
3034 5286 3228 5354 ταῦτα,
3258 5285 3398 5339 ὥστε
3426 5281 3713 5336 πιστεῦσαι
3741 5283 3867 5345 τοὺς

2183 5378 2488 5450 δεσμώτας,
2523 5379 2650 5441 τοῦς
2684 5375 3049 5447 στρατιώτας,
3081 5374 3173 5428 τὸν
3204 5372 3622 5442 ἑκατόνταρχον.
3656 5371 3718 5422 Εἰ
3756 5368 3868 5441 γάρ

2177 5467 2504 5524 αὐτολίθινοι
2532 5463 2693 5538 ἦσαν,
2732 5467 2826 5520 καὶ
2859 5466 2926 5518 δι’
2956 5458 3032 5519 ὧν
3064 5460 3567 5534 συμϐουλεύσαντος
3602 5457 3863 5528 ἥκουσαν,

2179 5555 2275 5610 καὶ
2307 5554 2374 5608 δι’
2410 5554 2558 5626 [406]
2589 5547 2664 5608 ὧν
2694 5553 3075 5625 προειπόντος,
3106 5551 3201 5603 καὶ
3237 5549 3306 5602 δι’
3336 5540 3412 5600 ὧν
3446 5543 3866 5616 θαυματουργή-

2186 5658 2396 5706 σαντος,
2433 5642 2530 5696 καὶ
2569 5641 2637 5694 δι’
2676 5636 2752 5696 ὦν
2805 5640 3107 5712 θρέψαντος
3159 5635 3497 5698 ἀπέλαυσαν,
3547 5631 3760 5702 μεγάλα
3798 5630 3865 5683 ἂν

2183 5729 2603 5800 ἑφαντάσθησαν
2629 5731 2757 5801 περί
2779 5727 2968 5782 αὐτοῦ.
2997 5727 3141 5798 Ὅρα
3168 5726 3297 5778 ὅταν
3321 5722 3456 5793 ὀρθὴ
3481 5720 3661 5791 κρίσις
3683 5713 3738 5792 ᾗ,
3768 5720 3865 5772 καὶ

2187 5818 2261 5888 μή
2298 5817 2821 5888 προκατειλημμένη
2857 5817 3021 5870 πάθει
3053 5814 3182 5878 τινὶ,
3216 5811 3334 5876 πῶς
3361 5810 3565 5872 εὐθέως
3591 5807 3864 5876 λαμϐάνει

2183 5906 2277 5967 τὰς
2319 5905 2528 5975 κρίσεις
2563 5905 2665 5968 τὰς
2709 5904 2877 5975 όρθάς
2920 5902 3144 5965 καὶτὰς
3185 5901 3399 5970 ψήφους
3433 5896 3859 5965 διεγνωσμένας.

2187 5992 2326 6051 Ἤδη
2369 5993 2462 6044 καὶ
2508 5992 2608 6052 τῆς
2651 5993 2900 6051 Σικελίας
2952 5991 3012 6045 τὸ
3053 5993 3319 6067 κήρυγμα
3352 5989 3563 6058 matr
3604 5982 3748 6036 οὕτω
3779 5983 3856 6035 διο
