4112 6472
335 369 480 425 5⁸⁸5

335 488 489 544 haec
525 483 677 540 vobis
708 481 916 538 vincula
961 481 1302 551 disrumpet?
1333 481 1442 536 Deo
1488 496 1623 550 opus
1653 491 1736 536 est
1766 491 1825 535 ut
1852 482 1964 536 sul-

335 591 589 635 vnntur.
622 579 683 633 Et
712 591 876 631 unum
904 575 1118 645 quidem
1147 573 1335 627 horum
1359 573 1554 628 sufﬁcit
1577 572 1644 627 ad
1673 574 1965 642 periculum

335 673 664 730 creandum
697 689 710 724 :
738 685 862 728 cum
907 677 1089 722 autem
1118 667 1326 721 vincula
1370 675 1424 721 et
1457 675 1764 736 tempestas,
1794 668 1966 737 cogita

336 777 572 840 quanta
605 766 711 822 sint
741 762 999 834 pericula.
1031 761 1168 828 Quid
1202 761 1344 816 enim
1389 775 1495 815 non
1529 761 1722 816 sufficit
1746 761 1813 816 ad
1845 778 1958 830 per-

338 859 646 915 dendum?
701 871 880 911 nonne
929 854 1125 909 sufﬁcit
1170 853 1384 908 fames?
1423 869 1602 908 nonne
1633 853 1968 923 tempestas?

345 967 559 1007 nonne
588 956 862 1004 vectorum
893 945 1168 1016 nequitia?
1200 960 1378 999 nonne
1410 953 1621 1014 tempus
1652 945 1965 1014 inopportu-

344 1042 542 1096 nuni?
568 1039 768 1094 Verum
793 1035 858 1090 ad
889 1038 1002 1090 haec
1031 1035 1210 1089 omnia
1232 1033 1378 1090 stetit
1398 1035 1727 1089 clarissimus
1749 1035 1964 1089 Paulus.

347 1134 438 1188 Ita
488 1143 542 1188 et
573 1145 716 1187 nunc
748 1149 761 1184 :
796 1129 1124 1185 retineamus
1173 1127 1452 1183 nobiseum
1495 1136 1732 1195 sanctos,
1765 1138 1819 1183 et
1859 1143 1964 1183 non

347 1228 474 1281 erit
506 1230 796 1293 tempestas
817 1239 830 1287 ;
855 1221 963 1275 imo
989 1221 1149 1276 etiam
1180 1219 1226 1275 si
1251 1220 1320 1275 sit
1350 1227 1659 1288 tempestas,
1693 1219 1794 1275 erit
1822 1235 1966 1275 sere-

353 1319 512 1372 nitas
534 1327 589 1372 et
613 1311 967 1383 tranquillitas
995 1325 1208 1381 magna,
1238 1325 1301 1364 ac
1329 1310 1573 1366 liberatio
1618 1325 1646 1363 a
1688 1311 1961 1382 periculis.

355 1408 584 1462 Etenim
617 1403 774 1458 vidua
807 1403 892 1457 illa
921 1410 1165 1456 sanetum
1209 1400 1438 1456 habebat
1460 1400 1714 1466 amicum,
1744 1409 1798 1455 et
1821 1416 1967 1456 mors

359 1497 470 1554 ﬁlii
516 1497 687 1554 soluta
731 1501 834 1560 est,
884 1507 1214 1564 puerumque
1240 1492 1536 1547 redivivum
1587 1493 1814 1562 accepit.
1861 1491 1966 1548 Ubi

362 1587 545 1659 pedes
567 1594 874 1644 sanctorum
904 1591 1205 1649 versantur,
1249 1583 1382 1637 nihil
1423 1581 1618 1638 accidit
1663 1584 1852 1638 triste:
1881 1585 1965 1639 sin

371 1677 610 1744 accidat,
637 1675 700 1732 ad
729 1676 1095 1746 probationem
1127 1687 1183 1730 et
1224 1675 1289 1729 ad
1321 1675 1581 1746 majorem
1617 1675 1711 1730 Dei
1739 1676 1962 1746 gloriam

374 1772 594 1828 accidit.
635 1769 741 1826 Fac
793 1781 848 1825 ut
893 1770 1084 1824 domus
1134 1769 1495 1839 pavimentum
1545 1770 1852 1841 frequenter
1897 1771 1966 1825 ab

379 1863 678 1935 hujusmodi
709 1864 949 1918 calcetur
977 1861 1220 1931 pedibus,
1255 1879 1352 1918 nec
1380 1863 1450 1917 ibi
1480 1863 1700 1918 calcabit
1730 1863 1961 1929 dzcmon;

371 1968 432 2014 et
461 1956 650 2012 merito
676 1955 913 2027 quidem.
942 1955 1090 2009 Sicut
1118 1954 1260 2008 enim
1292 1954 1382 2010 ubi
1415 1953 1724 2024 fragrantia,
1760 1953 1830 2008 ibi
1861 1953 1962 2008 fte-

368 2058 460 2106 tor
484 2051 658 2104 locum
697 2061 804 2102 non
851 2047 1047 2100 habet:
1079 2046 1157 2102 sic
1202 2046 1288 2102 ubi
1337 2057 1666 2115 unguentum
1695 2055 1962 2112 sanctum,

365 2141 445 2197 ibi
476 2140 768 2196 suffocatur
792 2137 1022 2204 daemon,
1048 2137 1206 2192 simul
1231 2148 1451 2208 agentes
1481 2138 1734 2202 lauiticat,
1758 2146 1967 2193 recreat

365 2233 627 2287 animam.
661 2229 764 2287 Ubi
809 2230 998 2299 spinae,
1041 2229 1111 2283 ibi
1150 2230 1276 2283 ferte
1308 2248 1322 2283 :
1355 2228 1444 2284 ubi
1498 2229 1852 2299 hospitalitas,
1894 2228 1965 2283 ibi

365 2325 540 2394 spinae
567 2338 673 2378 non
706 2329 830 2377 sunt
857 2339 869 2374 :
900 2336 1022 2376 nam
1052 2320 1290 2390 ingressa
1315 2320 1656 2390 eleemosyna
1688 2319 1823 2374 falce
1840 2333 1964 2373 acu-

369 2417 479 2472 tior
505 2415 688 2485 Spinas
724 2411 971 2476 Succidil,
1002 2421 1056 2466 et
1088 2412 1208 2481 igne
1239 2412 1611 2465 vehementius
1641 2410 1818 2466 exurit
1848 2426 1961 2464 eas.

1349 364 1413 421 ΙΝ
1450 365 1631 423 ACTA
1706 363 2230 423 APOSTOLORUM.
2276 367 2500 424 llOMIL.
2547 366 2679 427 LIV.

3563 382 3666 437 574

2075 482 2150 537 Nc
2177 482 2404 538 timeas:
2431 486 2622 540 timent
2664 493 2969 543 sanctorum
3003 493 3223 563 vestigia
3266 495 3404 550 sicut
3448 497 3657 552 leonem

2075 576 2278 645 vulpes.
2319 574 2498 631 Justus
2527 582 2680 646 enim,
2711 581 2898 648 inquit,
2943 592 2996 636 ut
3023 582 3100 638 leo
3124 587 3331 655 conﬁdit
3354 586 3534 659 (Prov.
3568 591 3661 646 28.

2076 667 2152 737 l).
2186 667 2294 724 llos
2325 668 2728 726 introducamus
2753 671 2935 728 leones
2967 675 3017 729 in
3048 676 3287 744 domum,
3313 690 3366 735 et
3394 679 3520 736 fera:
3546 698 3659 737 om-

2075 772 2170 812 nes
2215 757 2556 830 fugabuntur,
2592 778 2697 816 non
2734 762 2840 819 illis
2865 766 3284 824 occlamautibus
3315 771 3409 826 sed
3457 775 3665 846 simpli-

2073 850 2208 904 citer
2235 851 2596 920 loquentibus.
2627 854 2742 909 Non
2769 857 2911 910 enim
2936 857 3140 928 rugitus
3167 859 3332 916 leonis
3361 861 3556 920 bestias
3586 868 3666 923 sic

2075 937 2240 1010 fugat,
2284 949 2341 996 ut
2377 942 2506 1011 justi
2552 945 2790 1013 precatio
2831 946 3108 1004 dzcmonas
3145 967 3158 1003 :
3191 951 3235 1005 si
3266 951 3513 1022 loquatur
3540 965 3662 1010 tan-

2076 1041 2209 1101 tum,
2244 1034 2530 1090 formidant
2568 1036 2664 1091 illi.
2697 1039 2763 1093 Et
2809 1039 3048 1109 ubinam,
3090 1042 3320 1112 inquies,
3359 1062 3500 1102 nunc
3530 1049 3666 1103 tales

2076 1123 2318 1180 homines
2354 1129 2514 1181 sunt?
2545 1127 2772 1200 Ubique,
2816 1131 2860 1185 si
2912 1145 3010 1186 nos
3040 1133 3344 1203 credamus,
3386 1138 3428 1191 si
3459 1154 3667 1209 quau-a-

2075 1231 2217 1282 mus,
2247 1217 2291 1271 si
2325 1219 2536 1273 curiose
2564 1221 3008 1293 pervestigemus.
3046 1223 3146 1279 Ubi
3177 1227 3494 1296 quaesivisti,
3521 1248 3669 1301 quae-

2074 1308 2170 1362 so?
2200 1309 2538 1379 quandonam
2575 1311 2676 1367 hoc
2700 1313 2938 1369 curasti?
2967 1314 3022 1372 Si
3065 1333 3172 1372 non
3201 1335 3431 1388 qumras,
3468 1337 3536 1377 ne
3565 1323 3667 1378 mi-

2073 1403 2232 1468 reris,
2251 1403 2295 1456 si
2324 1418 2431 1458 non
2456 1405 2725 1475 reperias:
2751 1422 2873 1460 nam
2900 1407 2997 1474 Qui
3013 1411 3212 1480 quierit,
3237 1413 3423 1467 invenit
3445 1414 3660 1486 (Matth.

2074 1494 2126 1549 7.
2161 1494 2236 1563 7),
2270 1510 2377 1550 non
2409 1496 2498 1565 qui
2532 1511 2639 1550 non
2669 1497 2882 1566 quaerit.
2915 1500 3052 1555 Audi
3083 1515 3178 1557 eos
3205 1505 3293 1573 qui
3328 1506 3380 1558 in
3410 1506 3664 1560 solitudi-

2074 1585 2230 1641 nibus
2278 1595 2402 1641 sunt
2449 1604 2462 1640 :
2509 1587 2681 1658 abjiee
2739 1605 2928 1646 aurum
2980 1601 3034 1647 et
3093 1605 3408 1664 argentum;
3469 1599 3665 1668 ubique

2074 1688 2337 1732 terrarum
2366 1688 2511 1734 sunt.
2543 1681 2596 1734 Si
2630 1695 2737 1736 non
2765 1682 2908 1737 domi
2943 1685 3191 1754 recipias,
3224 1687 3370 1741 illum
3400 1689 3506 1755 adi,
3541 1706 3664 1744 cum

2073 1770 2163 1824 illo
2191 1785 2435 1836 versare,
2482 1771 2549 1825 ad
2578 1772 2695 1842 ejus
2734 1773 2954 1829 domum
3001 1777 3235 1843 accede,
3271 1791 3329 1834 ut
3371 1783 3543 1851 possis
3576 1784 3668 1838 illo

2074 1860 2174 1916 frui
2205 1862 2426 1934 ejusque
2456 1863 2851 1921 benedictione.
2899 1867 3085 1938 Magna
3115 1872 3313 1941 quippe
3342 1883 3424 1927 est
3453 1884 3670 1930 sancto-

2072 1969 2191 2008 rum
2238 1954 2560 2023 benedictio,
2604 1972 2761 2026 quam
2818 1961 3030 2030 assequi
3078 1976 3347 2030 curemus,
3381 1974 3437 2020 ut
3479 1982 3664 2022 eorum

2076 2045 2319 2114 precibus
2365 2045 2553 2116 adjuti,
2600 2047 2690 2102 Dei
2722 2046 2834 2121 [qui
2867 2049 2984 2105 illos
3016 2051 3253 2124 roborat]
3299 2055 3666 2113 misericordia

2075 2136 2332 2201 fruamur,
2390 2138 2563 2207 gratia
2612 2145 2668 2193 et
2721 2139 3046 2210 benignitate
3095 2142 3361 2214 Unigeniti
3408 2149 3524 2217 ejus
3552 2147 3667 2220 [Fis

2074 2225 2176 2299 lii},
2218 2227 2431 2297 quicum
2479 2227 2621 2283 Patri
2672 2239 2725 2284 et
2774 2229 2995 2301 Spiritui
3039 2243 3225 2289 saneto
3262 2237 3464 2306 gloria,
3495 2240 3668 2310 impe-

2073 2317 2232 2381 rium,
2254 2317 2447 2387 honor,
2470 2333 2611 2375 nunc
2627 2328 2679 2376 ct
2695 2337 2930 2392 semper,
2955 2333 3008 2379 et
3030 2324 3083 2379 in
3106 2327 3301 2382 sazcula
3324 2330 3665 2388 smculorum.

2073 2410 2268 2466 Amen.

1774 2616 2118 2679 HOMILIA
2151 2618 2311 2680 LIV.

371 2776 501 2833 Car.
526 2777 618 2831 28.
649 2792 700 2830 v.
740 2776 790 2830 l.
829 2772 1049 2828 Barbari
1082 2786 1197 2825 vero
1238 2767 1542 2840 prtestabunt
1583 2781 1683 2819 non
1711 2762 1964 2818 modicam

447 2869 810 2924 humanitatem
853 2866 1014 2921 nobis.
1059 2864 1115 2918 2.
1168 2864 1391 2916 Accensa
1414 2861 1546 2914 enim
1591 2874 1740 2929 pyra,
1771 2856 1968 2923 reficie-

448 2965 561 3019 bant
587 2980 679 3017 nos
705 2977 896 3026 omnes,
920 2968 1122 3030 propter
1143 2959 1349 3011 imbrem
1365 2955 1451 3026 qui
1473 2953 1784 3018 imminebat,
1805 2961 1851 3004 et
1871 2951 1966 3020 [ri-

449 3073 556 3127 gus.
589 3057 638 3110 5.
666 3054 793 3109 Cum
817 3061 1165 3124 congregasset
1189 3059 1354 3104 autent
1381 3048 1574 3102 Paulus
1596 3055 1968 3102 sarmentorum

453 3147 820 3201 multitudinem
860 3155 904 3198 et
933 3143 1253 3213 imposuisset
1282 3141 1333 3194 in
1375 3141 1562 3210 ignem,
1598 3139 1772 3208 uipera
1819 3152 1850 3189 a
1882 3152 1968 3189 ca-

454 3240 552 3295 lore
575 3255 690 3294 cum
713 3237 1055 3309 processisset,
1085 3233 1358 3288 momordit
1387 3248 1592 3286 manum
1622 3232 1755 3300 ejus.

448 3333 497 3388 ‘l.
531 3329 816 3400 Quomodo
854 3328 1238 3383 humanitatem
1271 3331 1587 3395 prmstarent
1612 3321 1845 3386 barbari,
1880 3320 1966 3374 in-

375 3430 704 3492 terpretatur
734 3439 747 3474 :
779 3422 1016 3481 Accensa,
1048 3419 1238 3488 inquit,
1268 3433 1396 3486 pyra
1415 3415 1706 3483 reﬁciebant
1727 3429 1816 3468 nos
1837 3411 1969 3485 [om-

378 3512 510 3584 nes].
539 3513 670 3580 Quia
693 3513 835 3567 enim
864 3510 1006 3565 nulla
1027 3525 1092 3564 ex
1122 3507 1372 3563 evasione
1395 3506 1591 3560 utilitas
1613 3504 1823 3570 fuisset,
1845 3517 1968 3558 cum

385 3603 551 3674 frigus
595 3603 714 3656 illos
741 3603 1180 3672 interempturum
1208 3607 1374 3663 esset,
1423 3595 1726 3655 accendunt
1757 3609 1962 3666 pyram.

386 3696 522 3753 llinc
552 3696 746 3750 Paulus
787 3704 1004 3766 acCcpta
1045 3699 1315 3750 sarmenta
1362 3691 1414 3744 in
1462 3703 1650 3758 rogum
1690 3685 1870 3750 infert,
1912 3693 1972 3740 ut

384 3788 475 3843 ille
501 3786 964 3858 subjunglt:Cum
1013 3789 1366 3856 congregasset
1408 3789 1574 3834 autem
1620 3778 1819 3833 Paulus
1859 3795 1972 3832 sar-

383 3891 662 3935 mentorum
684 3879 1081 3934 multitudinem.
1100 3876 1234 3931 Vide
1255 3874 1402 3929 illum
1421 3879 1754 3942 operantem;
1772 3881 1824 3925 et
1847 3885 1976 3924 nus-

381 3993 540 4048 quam
556 3977 752 4032 frustra
772 3975 1032 4031 mirabilia
1047 3991 1108 4046 pa
1119 3980 1368 4038 trantem,
1383 3970 1478 4027 sed
1493 3971 1562 4026 ob
1577 3968 1972 4024 necessitatem:

383 4085 504 4125 nam
525 4070 578 4124 in
603 4076 919 4139 tempestate
940 4083 1150 4137 quoque
1178 4081 1284 4120 non
1301 4065 1591 4119 sinecausa
1613 4057 1970 4132 prophetavit,

381 4173 439 4219 et
461 4164 548 4219 hic
567 4179 778 4218 rursum
807 4170 1072 4217 sarmenta
1095 4160 1296 4231 colligit
1320 4167 1374 4215 et
1400 4157 1644 4228 imponit.
1671 4155 1801 4210 Vide
1827 4154 1974 4209 illum

382 4272 492 4310 non
511 4256 577 4310 ad
601 4255 796 4310 fastum
817 4254 896 4309 vel
923 4253 1192 4324 superflue
1209 4259 1476 4322 agentem,
1502 4247 1594 4304 sed
1619 4255 1676 4302 ut
1699 4246 1772 4301 illi
1789 4259 1976 4300 serva-

383 4358 572 4405 rentur
583 4347 764 4404 calore
779 4347 1010 4418 quodam
1030 4345 1284 4400 fruentes.
1300 4341 1504 4399 Deinde
1519 4341 1701 4409 vipera
1719 4354 1784 4393 ex
1797 4337 1978 4392 calore

383 4454 602 4511 egressa
625 4453 841 4494 manum
864 4438 980 4508 ejus
1003 4437 1197 4492 invasit
1221 4453 1233 4490 :
1258 4445 1309 4491 et
1336 4433 1476 4505 quod
1502 4431 1776 4497 invaserit,
1801 4429 1977 4501 palam

387 4540 476 4586 est
501 4545 566 4585 ex
603 4529 976 4600 sequentibus.
1007 4529 1062 4584 4.
1097 4528 1166 4585 Ut
1209 4543 1326 4582 vero
1362 4526 1593 4580 viderunt
1630 4523 1833 4578 barbari
1860 4539 1980 4592 pen-

387 4622 590 4676 dentem
619 4621 828 4676 bestiam
849 4623 912 4675 de
937 4637 1090 4674 manu
1113 4622 1241 4692 ejus,
1259 4619 1389 4673 inter
1408 4635 1462 4672 se
1489 4616 1762 4671 dicebant:
1788 4613 1975 4682 Utique

387 4713 647 4767 homicida
677 4723 750 4767 est
795 4713 944 4766 homo
974 4713 1055 4766 hic
1078 4753 1092 4776 ,
1133 4728 1280 4782 quem
1309 4719 1561 4765 meatum
1601 4708 1664 4762 de
1689 4708 1818 4760 mari
1857 4706 1982 4760 ultio

389 4821 496 4859 non
518 4805 638 4858 sinit
667 4805 846 4859 vivere.
877 4804 1021 4859 Bene
1047 4804 1148 4859 hoc
1173 4803 1488 4874 permissum
1521 4807 1622 4865 est,
1650 4810 1704 4854 ut
1734 4799 1856 4854 talia
1906 4798 1981 4853 illi

388 4895 636 4952 viderent
657 4905 709 4953 et
733 4897 1094 4966 loquerentur,
1127 4907 1183 4951 ut
1205 4895 1383 4951 futuro
1409 4895 1667 4950 miraculo
1695 4893 1851 4948 tidem
1877 4908 1983 4948 non

390 4999 674 5060 negarent.
707 4988 840 5043 Vide
882 4988 1128 5044 naturale
1168 4989 1427 5060 judicium
1459 5003 1487 5042 a
1521 4987 1762 5043 barbaris
1802 4985 1986 5058 prola-

390 5089 508 5136 tum
531 5123 546 5148 ,
583 5083 834 5151 ipsosque
872 5081 1098 5136 honeste
1125 5083 1263 5137 inter
1288 5097 1351 5137 se
1388 5081 1669 5152 loquentes
1691 5123 1705 5146 ,
1735 5095 1833 5136 nec
1858 5080 1986 5135 sim-

393 5172 606 5243 pliciter
647 5173 984 5228 damnantes.
1029 5173 1104 5228 Ita
1145 5173 1232 5229 hic
1274 5175 1420 5244 prius
1460 5173 1662 5241 vident,
1711 5181 1768 5228 ut
1820 5174 1988 5242 magis

392 5265 678 5320 mirentur.
709 5266 762 5321 5.
800 5283 819 5318 ι
867 5267 936 5321 At
965 5265 1056 5321 ille
1079 5280 1300 5322 excussa
1327 5266 1491 5321 bestia
1521 5268 1572 5322 in
1612 5267 1789 5336 ignem
1813 5308 1828 5332 ,
1859 5265 1987 5320 nihil

393 5356 524 5410 mali
556 5371 743 5428 passus
771 5366 854 5413 est
879 5359 969 5414 :6.
999 5357 1073 5413 illi
1093 5372 1224 5415 vero
1253 5356 1633 5413 existimabant
1662 5371 1785 5412 eum
1815 5357 1869 5410 in
1902 5365 1986 5410 tu—

395 5462 604 5502 morem
655 5448 1079 5504 convertendum
1105 5458 1160 5504 et
1196 5449 1373 5504 subito
1401 5462 1650 5504 casurum
1694 5457 1983 5502 mortuum.

400 5540 500 5592 Diu
528 5551 707 5594 autem
731 5541 834 5596 illis
861 5541 1286 5610 expectantibus,
1315 5551 1370 5596 et
1401 5539 1705 5594 videntibus
1750 5538 1881 5594 nihil
1908 5539 1988 5594 illi

399 5631 526 5684 mali
552 5631 818 5699 accidere,
853 5642 1052 5687 mutata
1083 5632 1369 5698 sententia,
1397 5630 1647 5686 dicebant
1677 5630 1848 5701 ipsum
1871 5645 1990 5687 esse

400 5722 582 5776 deum.
626 5741 644 5774 ι
676 5723 775 5790 Qui
818 5723 1194 5780 existimabant
1223 5724 1368 5779 illum
1400 5721 1466 5775 In
1502 5731 1751 5776 tumorem
1784 5736 1990 5776 conver-

405 5814 634 5882 tendum,
663 5813 712 5868 id
741 5823 841 5882 est,
869 5814 1280 5884 dirumpcndum
1309 5832 1320 5868 :
1350 5812 1587 5870 videntes
1615 5811 1666 5864 hi
1710 5824 1833 5868 eum
1857 5809 1988 5866 nihil

2079 2763 2205 2818 mali
2229 2778 2464 2834 passum,
2488 2766 2670 2822 dicunt
2695 2784 2816 2826 esse
2836 2770 3016 2827 deum.
3037 2774 3242 2831 Rursus
3267 2791 3428 2847 supra
3451 2778 3666 2833 modum
3761 2818 3766 2822 ι

2075 2857 2221 2912 illum
2256 2859 2539 2926 honorant,
2566 2875 2622 2918 ut
2646 2867 2814 2921 turba:
2845 2868 2950 2922 illa:
2973 2871 3026 2924 in
3050 2871 3336 2943 Lycaonia.
3366 2873 3418 2928 7.
3455 2873 3519 2928 In
3541 2876 3666 2930 locis

2074 2959 2244 3004 autem
2287 2954 2462 3008 uicinis
2508 2967 2650 3010 erant
2703 2959 2897 3027 praedia
2943 2963 3186 3034 principis
3233 2964 3419 3019 insqu
3469 2968 3670 3020 nomine

2077 3043 2286 3109 Publii;
2317 3049 2404 3116 qui
2433 3066 2524 3103 nos
2549 3053 2850 3123 suscipiens,
2883 3056 3051 3110 triduo
3079 3073 3169 3111 nos
3217 3059 3427 3128 benigne
3449 3060 3670 3129 hospitio

2075 3141 2285 3210 recepit.
2329 3141 2470 3197 Ecce
2499 3146 2689 3200 iterum
2717 3146 2854 3202 alius
2880 3148 3157 3219 l:05pitalis
3187 3151 3405 3205 Publius
3437 3153 3589 3207 dives
3617 3164 3672 3208 et

2076 3231 2404 3300 opulentus:
2435 3235 2524 3305 qui
2559 3252 2679 3290 cum
2711 3237 2842 3292 nihil
2868 3239 3088 3294 vidisset
3116 3282 3131 3307 ,
3164 3242 3256 3296 sed
3289 3243 3360 3297 ob
3381 3243 3548 3297 solum
3577 3260 3670 3298 ca-

2077 3322 2370 3380 lamitatem
2400 3327 2653 3382 misertus
2684 3329 2915 3395 illorum,
2945 3331 3176 3402 hospitio
3198 3336 3409 3405 excepit
3433 3345 3488 3390 et
3517 3335 3666 3390 fovit.

2077 3414 2131 3469 8.
2153 3415 2374 3487 Contigit
2402 3427 2588 3482 autem,
2609 3430 2804 3489 putrem
2833 3421 3008 3476 Publii
3029 3424 3247 3494 febribus
3273 3443 3334 3479 ac
3382 3427 3670 3499 dysenteria

2078 3520 2312 3562 vexatum
2341 3510 2638 3566 decumbere
2669 3528 2688 3565 :
2712 3514 2780 3566 ad
2805 3529 2950 3582 quem
2985 3514 3178 3570 Paulus
3201 3518 3458 3587 ingressus
3487 3522 3668 3585 oravit,

2077 3600 2427 3669 impositisque
2452 3603 2532 3656 illi
2553 3604 2783 3658 manibus
2806 3607 2998 3658 curavit
3019 3623 3152 3659 eum.
3183 3608 3312 3672 Quia
3341 3609 3532 3679 dignus
3557 3620 3673 3666 erat

2080 3691 2364 3757 beneficio,
2400 3693 2568 3747 vicem
2601 3693 2673 3747 illi
2702 3694 3082 3761 hospitalitatis
3105 3696 3426 3766 rependens,
3460 3701 3669 3754 curavit

2080 3791 2310 3852 patrem.
2341 3784 2394 3840 9.
2438 3784 2551 3852 Quo
2600 3788 2755 3855 facta,
2801 3803 2972 3840 omnes
3007 3788 3173 3858 quiin
3212 3789 3383 3842 insula
3423 3789 3672 3845 habtbant

2079 3875 2398 3941 inﬁrmitates
2421 3918 2436 3943 ,
2470 3878 2768 3932 accedebant
2817 3889 2862 3933 et
2906 3884 3217 3935 curabuntur
3246 3897 3264 3935 :
3296 3882 3379 3938 l0.
3411 3884 3497 3954 qui
3521 3885 3671 3938 etiam

2081 3968 2254 4022 multis
2280 3968 2556 4023 honoribus
2583 3987 2674 4025 nos
2695 3972 3072 4026 honorauerunt
3095 4013 3110 4039 ,
3157 3982 3201 4027 et
3235 3973 3543 4029 solventibus
3578 3975 3675 4028 int-

2083 4070 2358 4130 posuerunt
2384 4077 2498 4131 qua:
2526 4064 2808 4117 necessaria
2838 4074 2981 4118 erant
3013 4080 3030 4117 :
3058 4064 3108 4118 id
3147 4073 3231 4120 cst
3255 4106 3268 4128 ,
3296 4073 3352 4119 et
3379 4066 3532 4120 nobis
3560 4067 3674 4120 sol-

2083 4151 2328 4207 ventibus
2379 4156 2681 4210 necessaria
2718 4155 2984 4212 dederunt
3033 4165 3088 4212 et
3128 4158 3266 4212 aliis.
3318 4158 3451 4214 Vide
3483 4159 3602 4214 illos
3643 4175 3672 4214 a

2085 4251 2402 4314 tempestate
2422 4246 2696 4313 liberatos,
2727 4262 2832 4303 non
2865 4249 3027 4303 fuisse
3050 4249 3322 4320 neglectos
3349 4267 3364 4315 ;
3395 4250 3488 4305 sed
3510 4252 3672 4305 etiam

2085 4346 2305 4406 propter
2335 4336 2555 4391 Paulum
2581 4338 2788 4394 liberali
2827 4339 3061 4408 hospitio
3091 4351 3370 4409 susceptos
3402 4361 3415 4398 :
3447 4356 3539 4412 per
3567 4351 3677 4396 tres

2084 4429 2229 4483 enim
2247 4444 2460 4484 menses
2474 4431 2727 4486 alimenta
2743 4433 2991 4487 omnibus
3008 4434 3345 4504 suppeditata
3360 4444 3501 4490 sunt.
3522 4435 3675 4504 Quod

2086 4521 2229 4576 enim
2275 4529 2477 4576 tantum
2509 4524 2764 4593 temporis
2794 4525 2865 4580 ibi
2895 4526 3227 4593 manserint,
3255 4527 3376 4581 audi
3409 4527 3678 4597 quomodo

2086 4622 2271 4684 postea
2301 4625 2483 4669 narret
2511 4631 2527 4669 :
2557 4617 2616 4670 ll
2635 4658 2647 4670 .
2685 4633 2704 4668 ι
2742 4615 2870 4671 Post
2901 4632 3118 4672 menses
3145 4628 3321 4672 autem
3363 4627 3471 4672 tres
3491 4661 3506 4678 .
3531 4619 3678 4673 nati-

2087 4705 2328 4775 gavimus
2356 4705 2407 4759 in
2441 4707 2564 4759 navi
2595 4706 2953 4762 Alexandrina
2979 4751 2995 4776 ,
3024 4725 3142 4779 qum
3171 4710 3222 4763 in
3266 4709 3438 4764 insula
3468 4709 3675 4766 hiema-

2089 4805 2259 4863 verat,
2290 4796 2374 4850 cui
2403 4806 2519 4851 erat
2559 4797 2768 4868 insigne
2787 4800 2976 4854 Castor
3007 4810 3058 4856 et
3089 4800 3297 4856 Pollux.
3328 4801 3417 4856 i2.
3455 4801 3521 4856 Et
3548 4818 3671 4858 cum

2089 4889 2426 4944 venissemus
2449 4889 2764 4961 Syracusas,
2785 4893 3080 4948 mansimus
3109 4893 3177 4948 ibi
3209 4895 3402 4951 triduo.
3434 4895 3522 4950 l3.
3553 4895 3684 4951 Inde

2091 4981 2538 5052 circumlegcntes
2582 4981 2899 5039 devenimus
2938 4983 3203 5055 Rhegium
3237 5001 3252 5036 :
3282 4996 3335 5040 ct
3368 4995 3488 5056 post
3518 5003 3684 5042 unum

2093 5073 2234 5129 diem
2261 5072 2425 5130 ﬂante
2451 5085 2635 5129 austro
2661 5119 2676 5141 ,
2707 5075 2942 5131 secunda
2970 5077 3060 5132 die
3101 5080 3346 5133 venimus
3385 5080 3635 5134 Puteolos
3667 5096 3680 5131 :

2095 5167 2182 5222 14.
2215 5167 2304 5221 ubi
2334 5167 2566 5222 inventis
2593 5167 2857 5233 fratribus,
2891 5170 3057 5239 rogati
3085 5184 3270 5224 sumus
3298 5184 3514 5224 manere
3537 5166 3677 5238 apud

2093 5275 2188 5316 eos
2219 5268 2424 5329 septem
2450 5259 2596 5324 dics;
2623 5269 2676 5315 et
2705 5260 2782 5314 sic
2804 5261 3044 5316 venimus
3074 5261 3319 5316 Romam.
3355 5262 3441 5316 l5.
3470 5261 3530 5313 Et
3561 5261 3684 5314 inde

2095 5365 2214 5406 cum
2247 5351 2522 5406 audissent
2566 5349 2759 5406 fratres
2784 5392 2797 5414 ,
2831 5359 3187 5407 occurrerunt
3226 5349 3380 5405 nobis
3411 5364 3580 5420 usque
3614 5348 3682 5403 ad

2097 5443 2255 5515 Appii
2304 5444 2476 5498 forum
2522 5453 2574 5498 et
2615 5444 2751 5498 Tres
2800 5443 3072 5499 tabernas.
3105 5443 3251 5510 Quos
3296 5456 3417 5496 cum
3465 5442 3685 5497 vidisset

2096 5534 2314 5602 Paulus,
2341 5549 2505 5604 agens
2533 5535 2732 5604 gratias
2757 5535 2866 5588 Deo
2887 5575 2901 5598 ,
2947 5535 3156 5622 accep;
3184 5532 3452 5586 fiduciam.
3496 5551 3514 5584 ι
3549 5529 3686 5587 Vide

2095 5627 2366 5698 quomodo
2389 5636 2608 5697 propter
2631 5626 2852 5681 Paulum
2886 5625 3000 5680 lucc
3021 5624 3200 5679 omnia
3232 5624 3381 5690 fiant,
3415 5632 3471 5678 ut
3494 5624 3686 5679 crede-

2096 5729 2216 5775 rent
2248 5719 2432 5783 vineti,
2474 5718 2672 5773 milites
2693 5760 2706 5782 ,
2739 5718 3004 5772 centurio.
3033 5717 3166 5773 Nam
3194 5717 3292 5771 etsi
3323 5716 3515 5789 lapidci
3558 5717 3687 5771 fuis-

2098 5822 2216 5868 sent
2242 5853 2255 5880 ,
2290 5820 2342 5866 et
2388 5825 2480 5880 per
2510 5825 2570 5864 ca
2598 5826 2716 5879 quae
2752 5809 3129 5864 consulentem
3155 5807 3432 5864 audierant
3461 5851 3473 5876 ,
3507 5819 3559 5863 et
3592 5827 3687 5880 j-er
