4112 6452
436 337 542 393 ‘575
1142 332 1202 392 S.
1241 328 1519 388 JOANNIS
1556 317 2033 384 CHRYSOSTUMI
2079 318 2398 379 ARClllEP.
2437 325 2972 383 CONSTANTINOP.
3624 324 3730 383 376

430 466 493 506 ea
518 469 629 522 qua
669 449 991 522 prtedixcrat
1014 488 1030 515 ,
1060 461 1265 518 perque
1308 441 1565 499 miracula
1595 456 1713 513 qua:
1745 447 1982 511 patrarat
2003 476 2021 503 ,

430 556 486 599 et
511 560 577 600 ex
605 543 873 599 alimentis
899 540 1003 597 sibi
1031 537 1403 610 suppeditatis,
1434 550 1629 605 magna
1665 532 1735 589 de
1768 532 1862 588 illo
1882 546 2018 586 con-

432 637 720 705 cepissent.
778 633 909 688 Vide
965 630 1180 703 quando
1228 638 1434 685 rectum
1468 626 1728 698 judicium
1778 635 1882 689 est,
1927 638 2029 679 nec

434 727 628 783 aﬁ'ectu
681 733 1132 797 praeoccupatum,
1182 721 1452 794 quomodo
1502 720 1683 775 statim
1738 728 1912 773 rectas
1969 729 2026 772 et

434 819 687 891 probatas
715 819 1012 875 sententias
1040 814 1285 885 accipiat.
1333 812 1450 867 Jam
1483 812 1535 865 in
1573 808 1809 866 Siciliam
1838 823 2025 878 perve-

436 922 586 967 nerat
610 909 919 981 prtedicatio
943 925 958 975 ;
984 907 1095 978 jam
1118 920 1287 975 usque
1311 903 1565 958 Puteolos
1597 903 1900 971 pertigerat,
1936 899 2023 953 ubi

434 1004 665 1073 repertis
711 1000 1026 1072 quibusdam
1084 997 1337 1053 fratribus
1391 994 1530 1065 apud
1603 993 1721 1047 illos
1783 1000 2023 1046 manent.

436 1093 639 1150 Deinde
671 1091 784 1157 alii,
806 1091 943 1144 fama
972 1088 1225 1162 permoti,
1256 1086 1387 1156 ipsis
1420 1091 1773 1141 occurrerunt
1803 1100 1816 1136 :
1848 1090 2027 1136 tantus

434 1193 550 1239 erat
595 1182 818 1238 fratrum
866 1180 1108 1244 allectus,
1158 1177 1248 1249 qui
1290 1192 1397 1231 non
1448 1175 1649 1230 turbati
1695 1182 1842 1241 sunt,
1883 1172 2025 1242 quod

434 1274 630 1329 Paulus
657 1282 803 1329 esset
828 1272 882 1328 in
908 1270 1160 1336 vinculis,
1193 1268 1288 1325 sed
1331 1268 1546 1324 obviam
1569 1272 1855 1322 venerunt.
1890 1264 2023 1319 Vide

438 1374 617 1419 autem
650 1365 797 1419 illum
829 1360 1418 1432 humanum'quidpiam
1450 1374 1664 1430 passum
1691 1372 1833 1414 esse.
1857 1356 2027 1410 Fidu-

430 1456 582 1523 ciam,
613 1454 805 1526 inquit,
834 1454 1027 1525 accepit
1047 1453 1221 1507 videns
1242 1453 1444 1523 fratres.
1469 1451 1725 1517 Quamvis
1773 1457 1850 1503 tot
1875 1448 2024 1518 signa

436 1549 673 1613 fecisset,
702 1547 910 1617 accepit
951 1554 1132 1600 tamen
1164 1560 1229 1600 ex
1285 1552 1509 1614 aspectu
1540 1543 1746 1597 ﬁducia:
1772 1556 2027 1612 augmen-

435 1652 568 1696 tum.
606 1640 739 1695 llinc
763 1640 1019 1695 discimus
1049 1639 1197 1693 illum
1218 1638 1453 1692 humano
1473 1636 1633 1691 etiam
1663 1649 1812 1690 more
1828 1648 2025 1689 conso-

435 1734 693 1789 lationem
719 1733 992 1803 accepisse
1014 1773 1031 1799 ,
1062 1740 1117 1786 et
1146 1739 1357 1785 contra.
1384 1728 1472 1783 16.
1512 1728 1640 1782 Cum
1669 1738 1834 1780 autem
1862 1728 2027 1781 venis-

434 1843 601 1881 semus
630 1827 845 1880 Romam
873 1864 891 1892 ,
922 1825 1222 1893 permissum
1249 1831 1321 1876 est
1353 1818 1523 1874 Paulo
1564 1835 1767 1873 manere
1799 1835 2023 1873 seorsum

436 1936 551 1972 cum
577 1918 735 1971 milite
772 1934 824 1970 se
851 1915 1180 1971 custodiente.
1209 1912 1442 1969 Viden‘?
1470 1912 1790 1981 permissum
1812 1920 1897 1967 est
1924 1912 2025 1979 illi,

434 2018 493 2065 ut
513 2009 737 2064 seorsim
760 2017 1022 2064 maneret.
1052 2008 1167 2063 Non
1199 2021 1419 2077 parvum
1446 2013 1530 2061 est
1550 2013 1605 2059 et
1626 2004 1729 2060 hoc
1749 2019 2026 2076 argumen-

433 2112 543 2160 tum
569 2103 718 2158 illum
739 2104 792 2157 in
810 2118 998 2173 magna
1014 2101 1369 2157 admiratione
1386 2099 1553 2155 fuisse
1574 2117 1588 2153 :
1612 2114 1717 2161 non
1740 2098 1883 2153 enim
1902 2112 2024 2153 cum

434 2196 555 2250 aliis
582 2196 755 2262 ipsum
783 2193 1231 2249 annmnerabant.
1277 2190 1405 2245 Post
1446 2200 1544 2245 tres
1569 2197 1737 2243 autem
1767 2188 1875 2243 dies
1898 2206 2024 2243 con-

430 2286 622 2340 vocavit
649 2284 1173 2355 primosJudteorum.
1205 2283 1333 2337 Post
1353 2281 1585 2337 triduum
1613 2281 1803 2337 accivit
1821 2281 2024 2351 primos

431 2377 737 2434 Judmorum
764 2419 779 2442 ,
815 2393 882 2432 ne
908 2392 1069 2433 aures
1115 2377 1331 2431 illorum
1375 2381 1904 2444 prmoccuparentur.
1956 2372 2024 2428 Et

431 2470 559 2540 quid
599 2486 884 2526 commune
913 2485 1033 2525 cum
1066 2469 1173 2524 illis
1196 2468 1421 2524 habuit?
1450 2482 1556 2522 non
1585 2468 1727 2522 enim
1757 2467 1833 2522 illi
1860 2482 2022 2523 accu-

430 2561 596 2615 saturi
631 2563 802 2632 ipsum
830 2570 1004 2617 erant.
1039 2563 1107 2616 At
1135 2560 1224 2616 ille
1252 2576 1357 2615 non
1386 2560 1488 2615 hoc
1513 2560 1769 2625 curabat,
1792 2559 1887 2616 sed
1920 2560 2024 2617 hoc

429 2652 625 2709 docere
655 2654 887 2721 volebat,
920 2664 976 2709 ut
1001 2670 1069 2709 ne
1099 2670 1162 2709 ex
1194 2653 1354 2709 dictis
1382 2653 1801 2709 oil‘enderentur.

498 2746 555 2799 2.
587 2744 755 2799 ,Ιυάίιιὶ
784 2760 916 2816 ergo
948 2754 1023 2800 tot
1048 2745 1292 2800 videntes
1322 2744 1600 2810 miracula,
1632 2744 2024 2815 persequeban-

430 2844 535 2902 tur,
569 2836 882 2905 pellebant;
913 2836 1127 2892 barbari
1158 2851 1286 2891 vero
1307 2876 1323 2901 ,
1351 2836 1441 2906 qui
1473 2834 1606 2889 nihil
1635 2834 1917 2902 viderant,
1954 2851 2024 2891 ex

429 2928 543 2981 sola
576 2928 880 2983 calamitate
918 2927 1295 2983 misericordes
1324 2935 1500 2982 erant.
1539 2926 1783 2993 Omnino,
1811 2925 2022 2995 inquie-

431 3019 582 3083 bant,
600 3018 854 3072 homicida
880 3028 954 3072 est
986 3019 1067 3072 hic
1095 3019 1265 3072 homo.
1295 3017 1409 3072 Non
1439 3016 1755 3085 simpliciter
1786 3032 2023 3086 pronun-

428 3111 564 3165 tiant
587 3152 602 3175 ,
635 3111 728 3165 sed
753 3151 770 3177 ,
803 3110 1048 3179 Omnino,
1080 3110 1306 3176 dicunt;
1335 3108 1391 3164 id
1419 3117 1501 3164 est
1524 3147 1542 3175 ,
1573 3116 1631 3163 ut
1660 3108 1844 3164 videre
1872 3108 2019 3165 licet.

435 3203 498 3256 Et
527 3204 653 3258 ultio
672 3245 687 3271 ,
720 3203 1001 3274 inquiunt,
1032 3204 1199 3272 ipsum
1230 3203 1390 3257 vivere
1414 3218 1516 3256 non
1543 3202 1683 3256 sinit.
1724 3201 1866 3272 Ergo
1896 3217 2023 3271 pro-

431 3294 683 3350 videntiae
727 3295 991 3349 rationem
1041 3295 1347 3361 habebant,
1396 3302 1451 3349 et
1496 3293 1664 3364 magis
1721 3293 2024 3364 pltilOSOphi

431 3393 579 3438 erant
602 3424 620 3450 ,
656 3400 817 3454 quam
861 3385 959 3455 ipsi
1006 3384 1329 3454 philuSOphi.
1376 3384 1438 3439 lli
1465 3385 1611 3439 enim
1634 3400 1699 3439 ea
1726 3426 1741 3450 ,
1774 3400 1893 3455 qua:
1924 3384 2035 3440 sub-

432 3475 555 3529 luna
589 3474 744 3539 ﬁunt,
770 3474 1101 3545 providentia
1132 3476 1229 3529 frui
1262 3491 1366 3531 non
1394 3480 1616 3531 sinunt:
1647 3476 1721 3531 illi
1751 3491 1882 3532 vero
1911 3476 2028 3531 ubi-

428 3580 530 3634 que
562 3566 817 3635 putabant
847 3566 1014 3621 Deum
1056 3580 1177 3621 esse
1208 3574 1528 3636 pnesentem
1554 3608 1571 3635 ,
1617 3575 1671 3623 et
1713 3567 1858 3638 quod
1900 3567 2027 3623 licet

430 3656 596 3711 multa
627 3656 747 3725 quis
774 3656 1044 3728 effugerit,
1076 3673 1182 3712 non
1213 3673 1382 3728 usque
1409 3658 1461 3714 in
1492 3657 1652 3714 ﬁnem
1684 3667 1861 3713 tamen
1890 3658 2025 3715 effu-

430 3748 559 3815 giet.
595 3746 666 3801 Et
696 3746 839 3815 vide,
869 3747 1141 3818 quomodo
1163 3763 1268 3802 non
1299 3748 1577 3819 insurgant
1604 3749 1658 3804 in
1685 3747 1834 3803 illum
1860 3748 2028 3803 omni.

432 3854 541 3904 no,
588 3838 682 3893 sed
728 3847 948 3908 propter
978 3840 1339 3894 calamitatem
1382 3840 1597 3895 interim
1643 3848 2024 3906 revereantur;

435 3946 609 3999 neque
640 3930 729 3985 illa
769 3931 1080 4001 divulgant,
1112 3930 1204 3985 sed
1239 3932 1378 3986 inter
1403 3946 1463 3987 se
1496 3931 1718 3986 dicunt:
1753 3947 1874 3986 nam
1907 3933 2026 3987 vin-

431 4020 551 4075 cula
576 4020 713 4076 hanc
736 4020 1044 4090 injiciebant
1068 4021 1429 4092 suspicionem
1456 4038 1471 4074 :
1497 4022 1658 4077 vincti
1686 4021 1829 4077 enim
1851 4032 2024 4077 erant.

434 4110 769 4166 Erubescant
798 4112 831 4166 ii
862 4112 953 4182 qui
980 4113 1194 4178 dicunt,
1226 4112 1303 4167 Ne
1348 4112 1653 4168 benefacias
1688 4112 1766 4167 eis
1789 4153 1806 4179 ,
1852 4114 1942 4183 qui
1974 4114 2025 4167 in

431 4204 743 4259 carceribus
786 4213 945 4271 sunt;
996 4204 1260 4276 pudorem
1305 4205 1462 4261 nobis
1500 4202 1726 4262 atl'erant
1768 4206 2025 4263 barbari:

438 4310 543 4351 non
573 4299 715 4352 enim
743 4297 985 4354 sciebant
1009 4298 1227 4369 quinam
1253 4298 1330 4352 illi
1358 4308 1559 4364 essent,
1590 4299 1685 4355 sed
1715 4314 1780 4354 ex
1811 4300 2030 4355 calami-

435 4395 545 4442 tate
574 4387 715 4456 ipsos
736 4402 858 4444 esse
883 4388 1132 4445 homines
1161 4388 1498 4456 didicerunt;
1528 4390 1755 4461 ideoque
1781 4406 1901 4446 cum
1924 4391 2027 4446 bu-

438 4478 691 4532 tnanilate
719 4479 841 4533 illos
869 4489 1219 4549 exceperunt.
1256 4480 1481 4534 Mullum
1521 4491 1688 4535 autem
1716 4482 1819 4536 illis
1845 4499 2027 4554 exspe-

435 4571 729 4636 ctantibus,
779 4573 994 4642 inquit;
1048 4573 1101 4627 id
1150 4581 1274 4641 est,
1325 4573 1416 4629 diu
1468 4574 1854 4645 exspectabant
1903 4591 2026 4631 eum

440 4662 783 4717 moriturum.
831 4662 925 4719 llle
953 4679 1079 4719 vero
1107 4663 1334 4719 bestiam
1362 4666 1598 4721 excussit
1629 4666 1680 4721 in
1713 4666 1889 4737 ignem
1913 4708 1930 4733 ,
1974 4675 2030 4722 et

436 4768 651 4807 manum
683 4753 813 4808 nihil
845 4769 1055 4824 passam
1087 4757 1421 4811 monstravit.
1475 4757 1587 4812 lloc
1627 4757 1867 4814 videntes
1911 4768 2027 4813 stu-

440 4841 634 4912 pefacti
662 4853 715 4898 et
739 4845 914 4900 mirati
944 4857 1086 4900 sunt.
1113 4845 1293 4917 Neque
1318 4847 1497 4901 statim
1523 4847 1918 4918 deprehensum
1946 4858 2030 4905 est

435 4933 646 5002 signum
672 4976 687 5000 ,
733 4936 827 4991 sed
856 4937 1183 5007 aliquamdiu
1215 4948 1601 5010 exspectarent
1630 4940 1873 4997 homines
1895 4982 1913 5010 ,
1959 4957 2027 4998 ne

438 5021 711 5099 videretur
740 5026 1020 5096 phantasia
1047 5042 1168 5083 esse
1197 5045 1211 5081 :
1244 5030 1323 5083 sic
1354 5044 1461 5083 non
1493 5038 1610 5085 erat
1638 5030 1842 5086 fallacia
1868 5072 1884 5098 ,
1916 5048 2025 5089 non

436 5114 602 5172 fraus.
644 5115 712 5171 In
740 5118 917 5173 vicinis
943 5130 1112 5175 autem
1141 5120 1268 5174 locis
1296 5128 1441 5174 erant
1467 5122 1662 5190 praedia
1691 5124 1844 5193 primi
1884 5124 2029 5178 insu-

436 5206 519 5271 lar,
560 5210 764 5264 nomine
793 5208 1007 5265 Publii:
1034 5216 1119 5282 qui
1159 5228 1250 5267 nos
1288 5213 1594 5281 suscipiens,
1625 5213 1836 5286 benigne
1862 5217 2029 5286 hospi-

434 5298 505 5351 tio
547 5305 763 5369 excepit.
800 5301 942 5355 Bene
982 5304 1062 5357 sic
1108 5303 1343 5374 loquitur
1379 5320 1393 5357 :
1446 5303 1787 5376 benignitatis
1829 5307 2026 5379 quippe

437 5406 646 5462 magna:
685 5403 767 5447 est
793 5393 1051 5450 ducentas
1073 5396 1411 5466 septuaginta
1436 5397 1642 5453 animas
1668 5398 1899 5467 hospitio
1928 5415 2021 5455 ex-

432 5481 838 5552 cipere.Cogita
863 5495 1118 5553 quantum
1145 5486 1215 5540 sit
1245 5485 1626 5553 hospitalitatis
1656 5488 1883 5542 lucrum.
1907 5488 2023 5544 Non

434 5570 577 5638 quod
609 5587 711 5627 nec
741 5574 1035 5629 necessitas
1064 5585 1226 5642 esset,
1260 5590 1435 5644 neque
1461 5578 1604 5648 quod
1634 5578 1829 5632 invitus
1864 5591 2021 5649 agat,

436 5660 532 5711 sed
557 5662 701 5727 quod
733 5663 940 5717 lucrum
972 5674 1158 5735 putet,
1203 5682 1300 5737 per
1329 5675 1438 5720 tres
1478 5668 1594 5723 dies
1632 5668 1865 5738 hospitio
1905 5672 2025 5726 illos

438 5750 666 5816 excepit.
717 5752 948 5824 Ideoque
992 5758 1109 5812 talis
1150 5757 1531 5829 hospitalitatis
1562 5761 1864 5819 mercedem
1902 5763 2025 5834 jure

2129 440 2359 507 accipit,
2390 436 2500 495 imo
2523 440 2682 510 longe
2706 440 2854 497 dono
2879 440 3140 513 majorem
3168 461 3184 498 :
3225 458 3350 499 nam
3378 452 3584 515 patrem
3610 450 3730 516 ejus

2126 537 2331 584 curata
2352 531 2659 602 dysenteria
2683 532 2825 588 male
2848 533 3137 602 patientem
3161 548 3181 600 ;
3217 548 3318 589 nec
3339 534 3500 590 modo
3528 537 3730 606 ipsum,

2132 620 2227 677 sed
2259 622 2458 677 multos
2481 624 2643 679 etiam
2672 626 2808 681 alios
2828 626 3070 682 inﬁrmos
3090 636 3273 694 curat,
3303 630 3393 699 qui
3425 629 3593 686 vicem
3636 647 3728 687 reo

2131 709 2371 780 pendunt
2392 712 2709 780 honoribus,
2731 726 3037 772 commeatu
3061 734 3078 775 :
3106 718 3248 788 quod
3279 720 3363 774 hic
3387 720 3723 777 declaratur:

2133 800 2234 865 Qui
2262 802 2432 857 multis
2460 804 2736 861 honoribus
2760 823 2853 862 nos
2891 810 3189 879 prosequuti
3213 821 3363 875 sunt,
3411 822 3457 865 et
3490 812 3727 868 solventi-

2131 894 2222 948 bus
2247 896 2594 967 imposuerunt
2619 915 2733 970 qua
2757 902 3041 956 necessaria
3065 912 3229 957 erant.
3266 903 3383 958 Non
3422 906 3725 962 mercedem

2130 984 2369 1059 recepit,
2415 989 2594 1056 absit;
2627 991 2724 1047 sed
2756 992 3011 1063 impletur
3040 993 3090 1048 id
3122 994 3264 1064 quod
3303 998 3562 1067 scriptum
3601 1009 3723 1054 est:

2130 1077 2335 1150 Dignus
2360 1090 2432 1135 est
2460 1083 2727 1152 operarius
2751 1084 2863 1139 cibo
2886 1101 2981 1139 suo
3010 1084 3224 1157 (Matth.
3267 1088 3355 1143 l0.
3395 1087 3511 1159 10).
3539 1089 3725 1146 Palam

2129 1181 2308 1227 autem
2351 1182 2434 1230 est
2462 1190 2597 1243 eos,
2645 1176 2735 1247 qui
2774 1177 2854 1233 sic
2896 1177 3045 1232 illum
3085 1189 3455 1250 exceperunt,
3496 1181 3722 1239 verbum

2132 1264 2526 1333 praedicationis
2570 1268 2843 1338 accepisse
2871 1286 2887 1324 :
2915 1284 3090 1341 neque
3126 1272 3268 1325 enim
3302 1272 3562 1327 trimestri
3590 1284 3724 1328 tem-

2130 1370 2263 1425 pore
2292 1356 2669 1423 disseruisset,
2712 1360 2815 1415 nisi
2855 1359 2931 1414 illi
2960 1376 3085 1416 vere
3111 1361 3468 1418 credidissent
3511 1374 3565 1419 et
3610 1365 3722 1420 fru.

2128 1458 2273 1503 ctum
2298 1449 2691 1505 exhibuissent.
2711 1452 2891 1522 Itaque
2915 1451 3039 1507 hinc
3062 1454 3316 1509 indicium
3342 1465 3444 1519 est,
3470 1470 3720 1526 magnum

2130 1539 2297 1594 fuisse
2325 1541 2662 1602 credentium
2691 1559 2995 1599 numerum.
3030 1542 3095 1598 Et
3119 1545 3394 1611 solvimus,
3429 1548 3629 1616 inquit,
3666 1548 3720 1601 iu

2129 1633 2246 1687 navi
2285 1632 2677 1701 Alexandrina,
2720 1652 2835 1706 qua:
2877 1636 3183 1690 hiemaverat
3226 1636 3281 1691 in
3318 1637 3521 1704 insula,
3572 1640 3719 1707 cujus

2129 1724 2325 1796 insigne
2354 1724 2640 1779 Castorum.
2673 1726 2729 1780 Id
2757 1725 2985 1782 fortasse
3016 1726 3070 1782 in
3100 1727 3189 1782 illa
3219 1728 3420 1798 pictum
3460 1738 3613 1791 erat;
3647 1728 3717 1782 ita

2128 1823 2287 1869 erant
2320 1815 2481 1871 idolis
2518 1816 2708 1871 dediti.
2754 1816 2890 1872 Vide
2929 1817 3051 1873 illos
3088 1832 3267 1873 moras
3307 1818 3614 1884 trahentes,
3664 1829 3719 1874 et

2130 1923 2341 1963 rursum
2374 1907 2710 1966 festinantes.
2744 1908 2913 1964 Paulo
2939 1919 3106 1965 autem
3133 1910 3432 1981 permissum
3457 1911 3554 1980 fuit
3580 1927 3717 1965 seor-

2128 2018 2241 2055 sum
2280 2018 2508 2058 manere.
2538 2002 2764 2057 Demum
2797 2002 2868 2057 ita
2898 2002 3222 2059 venerabilis
3249 2012 3366 2058 erat
3396 2003 3588 2058 Paulus
3610 2045 3626 2069 ,
3658 2012 3713 2059 ut

2127 2108 2372 2149 seorsum
2402 2109 2623 2150 manere
2653 2094 3076 2165 permitteretur.
3094 2094 3277 2165 Neque
3306 2094 3357 2150 id
3383 2096 3574 2151 mirum
3598 2104 3713 2151 est:

2128 2200 2250 2238 nam
2278 2185 2323 2238 si
2349 2185 2578 2240 antehac
2610 2185 2839 2255 benigne
2866 2185 3012 2241 illutn
3039 2193 3385 2256 exceperunt,
3415 2187 3582 2241 multo
3600 2202 3717 2241 ma-

2125 2274 2206 2345 gis
2233 2291 2398 2331 nunc.
2442 2274 2510 2329 Et
2547 2277 2705 2347 ﬂante
2734 2287 2907 2331 austro
2929 2316 2947 2342 ,
2980 2276 3192 2348 inquit,
3224 2277 3468 2345 postridie
3491 2280 3716 2334 venimus

2131 2368 2407 2433 Puteolos,
2454 2370 2540 2423 ubi
2579 2370 2795 2424 inventis
2838 2369 3117 2441 fratribus,
3157 2371 3325 2443 rogati
3361 2388 3535 2426 sumus
3574 2371 3717 2441 apud

2124 2462 2240 2516 illos
2269 2478 2474 2516 manere
2498 2472 2685 2533 septem
2713 2462 2886 2517 diebus
2910 2477 2930 2517 :
2957 2473 3002 2515 et
3031 2464 3103 2517 sic
3130 2460 3352 2516 Romam
3376 2463 3617 2518 venimus.
3647 2462 3715 2516 Et

2123 2554 2242 2609 inde
2266 2564 2320 2608 ut
2348 2558 2530 2625 fratres
2554 2554 2827 2608 audierunt
2856 2556 2919 2610 de
2934 2555 3096 2619 nobis,
3120 2555 3348 2609 exierunt
3372 2556 3424 2610 in
3451 2572 3715 2610 occursum

2124 2646 2267 2700 nobis
2294 2662 2452 2717 usque
2477 2646 2547 2699 ad
2568 2645 2726 2717 Appii
2751 2650 2920 2719 forum
2944 2656 2990 2701 et
3014 2645 3141 2701 Tres
3169 2647 3421 2702 tabernas.
3450 2646 3601 2713 Quod
3627 2663 3716 2717 pec

2123 2738 2352 2793 riculum
2396 2746 2698 2794 metuentes
2742 2739 3009 2804 exierint,
3054 2739 3137 2794 vel
3174 2738 3277 2796 hoc
3313 2740 3443 2796 Satis
3484 2754 3583 2811 pro
3609 2740 3715 2795 illis

2123 2830 2375 2900 spondet.
2409 2829 2544 2885 Vide
2568 2829 2840 2901 quomodo
2868 2830 2919 2885 in
2951 2839 3097 2885 tanta
3129 2832 3465 2903 navigatione
3498 2830 3568 2887 ad
3594 2832 3715 2887 nul-

2124 2923 2230 2980 lam
2262 2924 2541 2994 appellunt
2568 2925 2862 2990 civitatem,
2896 2925 2989 2981 sed
3020 2925 3086 2981 ad
3114 2928 3377 2994 insulam;
3401 2935 3456 2983 et
3481 2925 3714 2985 hiemem

2125 3023 2292 3071 totam
2317 3018 2619 3088 transigunt
2646 3017 2698 3072 in
2724 3018 3063 3088 navigatione
3087 3036 3100 3073 :
3134 3017 3219 3073 his
3244 3020 3314 3075 ita
3338 3019 3634 3090 dispositis,
3658 3028 3716 3075 ut

2125 3109 2214 3177 qui
2245 3107 2405 3162 simul
2436 3109 2797 3179 navigabant,
2829 3110 2895 3164 ad
2929 3109 3088 3165 ﬁdem
3116 3109 3528 3167 deducerentur.
3577 3110 3713 3167 Per-

2125 3200 2334 3253 missum
2361 3208 2431 3254 est
2460 3200 2539 3268 ei,
2571 3202 2781 3273 inquit,
2822 3212 2875 3255 ut
2903 3211 3216 3274 permaneret
3241 3203 3381 3258 solus
3405 3219 3521 3258 cum
3550 3204 3712 3258 milite

2124 3292 2293 3361 ipsum
2316 3293 2648 3350 custodiente.
2690 3294 2757 3348 Et
2785 3304 3085 3363 opportune
3110 3304 3287 3359 certe,
3314 3302 3372 3348 ut
3400 3293 3597 3348 nemini
3640 3294 3707 3347 li-

2124 3393 2270 3438 ceret
2296 3384 2470 3453 ipsum
2494 3384 2700 3440 insidiis
2720 3395 3013 3456 appetere:
3041 3399 3212 3455 neque
3235 3384 3378 3440 enim
3406 3385 3562 3439 isthic
3583 3386 3712 3440 lice-

2126 3474 2219 3530 bat
2244 3474 2541 3532 seditiones
2572 3491 2811 3532 movere.
2843 3477 3025 3547 Itaque
3049 3491 3153 3531 non
3182 3477 3328 3531 illum
3352 3475 3713 3543 custodiebat,

2126 3566 2220 3621 sed
2246 3567 2492 3634 curabat,
2526 3582 2595 3623 ne
2627 3567 2703 3623 illi
2734 3568 2933 3638 aliquid
2962 3567 3243 3623 molestum
3272 3566 3537 3623 accideret
3566 3584 3581 3621 :
3608 3582 3717 3622 non

2126 3658 2269 3713 enim
2310 3659 2507 3715 licebat
2552 3660 2605 3715 in
2651 3668 2795 3715 tanta
2824 3661 3071 3727 civitate,
3105 3658 3193 3714 ubi
3236 3658 3530 3730 Imperator
3565 3667 3717 3726 erat,

2126 3765 2284 3820 quem
2329 3751 2697 3821 appellaverat
2734 3751 2933 3806 Paulus
2955 3792 2972 3818 ,
3017 3751 3216 3821 aliquid
3254 3760 3447 3821 praeter
3471 3750 3716 3805 ordinem

2128 3841 2263 3896 ﬁeri.
2312 3842 2389 3896 lta
2434 3857 2652 3912 semper
2696 3858 2792 3912 per
2817 3858 2916 3907 ea,
2959 3858 3078 3913 qua:
3118 3841 3367 3898 videntur
3393 3851 3580 3897 contra
3621 3856 3721 3896 nos

2128 3947 2269 4000 esse,
2297 3948 2395 4003 pro
2419 3932 2576 3988 nobis
2606 3934 2786 3988 omnia
2817 3934 2950 3989 ﬁunt
2975 3951 2991 3988 :
3014 3943 3197 3990 custos
3226 3934 3368 3989 enim
3396 3933 3561 3989 Paulo
3581 3942 3717 3989 erat.

2128 4023 2195 4077 Et
2223 4024 2539 4079 convocatis
2570 4025 2756 4093 primis
2786 4023 3094 4081 Juda-orum
3120 4067 3135 4092 ,
3162 4039 3284 4080 cum
3316 4025 3422 4079 illis
3458 4024 3674 4081 disserit
3700 4041 3719 4081 :

2127 4114 2217 4184 qui
2249 4124 2304 4170 ct
2329 4115 2700 4171 contradicere
2726 4126 3002 4183 verentur,
3030 4126 3191 4187 atque
3218 4115 3285 4171 ab
3316 4116 3408 4172 illo
3436 4116 3718 4187 increpano

2140 4215 2226 4259 tur
2253 4216 2309 4261 et
2357 4206 2489 4261 nihil
2519 4207 2718 4263 audent
2760 4207 2974 4275 dicere;
3007 4207 3139 4263 nihil
3189 4208 3334 4263 enim
3382 4207 3494 4278 jam
3533 4217 3720 4263 contra

2130 4295 2278 4350 illum
2312 4305 2519 4354 tentare
2571 4297 2767 4353 licebat
2796 4298 2920 4353 illis.
2968 4298 3083 4354 lloc
3117 4298 3261 4354 enim
3309 4298 3553 4354 mirabile
3599 4305 3715 4363 est,

2129 4387 2272 4458 quod
2322 4404 2428 4443 non
2489 4404 2585 4458 per
2646 4404 2743 4457 ea,
2785 4404 2904 4460 qua:
2958 4388 3209 4461 videntur
3250 4388 3317 4444 ad
3380 4391 3718 4445 securitatem

2128 4480 2398 4546 conferre,
2438 4481 2535 4537 sed
2583 4497 2679 4553 per
2724 4483 2991 4539 contraria
3037 4499 3134 4554 pro
3173 4482 3329 4539 nobis
3364 4483 3540 4538 omnia
3571 4482 3717 4537 ﬁant.

2129 4571 2281 4639 Quod
2337 4584 2396 4628 ut
2450 4574 2655 4640 discas,
2728 4574 2853 4630 hinc
2905 4575 3204 4647 perpende.
3273 4576 3443 4632 Jussit
3514 4575 3724 4631 Pharao

2131 4680 2330 4736 pueros
2362 4666 2414 4720 in
2445 4664 2643 4721 ﬁumen
2670 4666 2886 4737 conjici.
2909 4666 3019 4722 Nisi
3045 4668 3268 4738 projecti
3297 4668 3521 4722 fuissent
3548 4665 3722 4737 pueri,

2129 4757 2230 4812 nisi
2263 4757 2316 4812 id
2338 4757 2590 4827 jussissct
2614 4758 2844 4824 Pharao,
2872 4774 2978 4814 non
3005 4768 3251 4815 servatus
3280 4758 3468 4814 fuisset
3492 4758 3721 4829 Moyses,

2130 4864 2236 4905 non
2260 4850 2314 4905 in
2336 4852 2481 4922 regia
2494 4850 2773 4906 educatus.
2804 4851 2939 4906 Cum
2957 4852 3295 4919 servabatur,
3327 4868 3431 4907 non
3447 4852 3497 4906 in
3522 4851 3727 4907 honore

2128 4948 2278 5006 erat;
2308 4956 2427 4996 cum
2459 4942 2735 5011 expositus
2768 4943 2900 5009 fuit,
2941 4952 3052 4998 tum
3095 4944 3147 4997 in
3191 4942 3402 4999 honore
3447 4943 3565 4998 fuit.
3613 4942 3726 5000 Hoc

2129 5047 2262 5087 vero
2310 5031 2542 5087 faciebat
2586 5034 2730 5089 Deus
2754 5076 2768 5099 ,
2816 5045 2872 5089 ut
2903 5046 2959 5090 et
2992 5036 3283 5106 potentiam
3314 5044 3370 5091 et
3409 5036 3723 5105 sapientiam

2129 5137 2282 5178 suam
2324 5124 2653 5180 ostenderet.
2680 5125 2907 5182 Minatus
2934 5136 3016 5182 est
3044 5126 3263 5183 Judams
3282 5169 3297 5194 ,
3327 5126 3511 5182 dicens
3539 5142 3553 5179 :
3586 5126 3727 5180 Num

2129 5215 2358 5270 occidere
2385 5232 2463 5270 me
2487 5216 2560 5271 vis
2591 5215 2785 5288 (Exod.
2816 5218 2871 5272 2.
2902 5218 3032 5289 ll)?
3057 5229 3112 5275 et
3140 5217 3244 5273 hoc
3272 5219 3344 5273 illi
3375 5218 3592 5291 profuit.
3627 5219 3728 5274 ita-

2129 5326 2232 5381 que
2277 5326 2346 5366 ex
2394 5309 2733 5381 providentia
2782 5312 2979 5368 factum
3026 5321 3150 5379 est,
3193 5322 3253 5367 ut
3287 5312 3549 5376 visionem
3581 5313 3722 5367 illam

2131 5402 2335 5457 videret
2374 5401 2428 5456 in
2469 5400 2716 5468 deserto,
2760 5413 2820 5456 ut
2861 5412 3072 5474 tempus
3112 5418 3417 5474 congruens
3472 5403 3725 5474 implere-

2129 5502 2237 5558 tur,
2273 5503 2327 5548 ut
2357 5492 2829 5563 philosopharetur
2858 5496 2911 5551 in
2943 5496 3256 5561 solitudine.
3285 5505 3341 5550 et
3365 5509 3558 5552 secure
3581 5497 3726 5551 vive-

2127 5594 2230 5641 ret.
2252 5583 2322 5639 Et
2349 5585 2401 5639 in
2425 5583 2676 5639 omnibus
2696 5600 2817 5655 quae
2842 5602 2872 5642 a
2896 5586 3099 5643 Judaris
3116 5588 3217 5659 ipsi
3240 5596 3497 5659 parantur
3520 5586 3736 5645 insidiis

2130 5675 2361 5747 idipsum
2395 5675 2491 5730 ﬁt:
2542 5683 2670 5731 tunc
2698 5677 2898 5733 clarior
2922 5678 3193 5735 efﬁcitur:
3228 5688 3287 5736 ut
3324 5683 3487 5737 e:iam
3526 5680 3724 5735 Aaroni

2128 5767 2377 5840 contigit.
2408 5766 2828 5825 lusurrexerunt
2859 5770 2913 5825 in
2947 5770 3120 5841 illum,
3149 5782 3202 5827 et
3228 5772 3511 5831 clariorem
3541 5769 3725 5829 reddi-
