4112 6444
238 390 344 444 575

227 506 432 576 έδραμε
461 501 563 556 καὶ
605 501 662 554 ἐν
689 499 987 566 Ποτιόλοις,
1009 498 1138 554 ἔνθα
1163 501 1258 554 καί
1278 501 1541 570 ἀδελφούς
1569 505 1922 577 τιναςεὺρόν·

227 605 317 652 τες
346 588 675 657 ἐπιμένουσι
707 583 838 656 παρ’
865 584 1072 647 αὐτοῖς.
1099 580 1232 638 Εἶτα
1253 587 1350 639 καὶ
1381 585 1529 640 ἄλλοι
1553 589 1692 642 κατὰ
1729 591 1918 660 φήμην

228 673 412 734 αὐτοῖς
449 667 760 721 ἀπαντῶσι⁸
785 666 1022 739 τοσαύτη
1045 665 1114 739 ἦν
1140 669 1174 739 ή
1200 670 1480 740 προθυμία
1509 671 1619 724 τῶν
1647 673 1914 747 ἀδελφῶν,

228 757 308 808 ὅτι
337 755 440 808 ούκ
475 751 816 824 ἐθορύϐησεν
841 751 1039 814 αὐτοὺς
1058 753 1118 803 τὺ
1148 754 1206 806 ἐν
1229 752 1450 823 δεσμοῖς
1475 749 1616 808 εἶναι
1645 756 1736 808 τὸν
1766 757 1919 810 Παῦ-

228 838 316 892 λον
339 851 389 900 ⁸,
434 835 557 889 ἀλλ’
588 834 812 907 ἐξῆλθον
845 836 925 898 εἰς
969 834 1298 904 ἀπάντησιν.
1347 836 1492 906 Ὅρα
1529 836 1585 889 δέ
1619 854 1711 907 μοι
1755 836 1918 890 αὑτὸν

230 923 322 975 καὶ
343 918 694 990 ἀνθρώπινόν
715 935 766 970 τι
792 917 1054 971 παθόντα.
1085 917 1323 985 Θάρσος
1337 919 1468 988 γὰρ,
1492 920 1679 989 φησὶν,
1701 919 1920 972 ἐλαϐεν

235 1003 372 1059 ἰδὼν
418 1002 570 1067 τοὺς
613 1000 938 1069 ἀδελφούς.
977 999 1169 1052 Καίτοι
1213 999 1454 1054 τοσαῦτα
1503 1003 1706 1071 σημεῖα
1750 1002 1918 1070 ἐργα-

236 1088 490 1157 σάμενος,
537 1085 654 1142 ἀλλ’
682 1085 834 1155 ὅμως
874 1083 1034 1137 ἐλαϐε
1066 1083 1161 1136 καὶ
1197 1083 1308 1137 ἀπὸ
1333 1085 1435 1154 τῆς
1461 1083 1637 1152 ὅψεως
1672 1083 1918 1155 προσθή-

237 1187 353 1243 κην.
420 1168 563 1222 Ἀπὸ
613 1168 806 1220 τούτου
857 1165 1234 1238 μανθάνομεν,
1283 1165 1364 1218 ὃτι
1411 1165 1770 1236 ἀνθρωπίνως
1825 1167 1920 1218 καί

238 1250 622 1322 παρεκαλεῖτο,
645 1249 740 1303 καὶ
766 1249 1096 1304 τούναντίον.
1125 1249 1263 1301 Ὅτε
1283 1247 1353 1301 δὲ
1377 1248 1646 1318 ἤλθομεν
1666 1251 1754 1314 είς
1787 1247 1920 1302 Ῥώ-

237 1353 374 1406 μην,
424 1332 736 1401 ἐπετράπη
779 1331 861 1398 τῷ
899 1333 1119 1398 Παύλῳ
1146 1331 1356 1401 μένειν
1389 1331 1519 1386 καθ’
1548 1331 1768 1386 ἑαυτὸν
1796 1333 1920 1386 σὺν

241 1419 317 1484 τῷ
335 1417 722 1488 φυλάσσοντι
743 1415 930 1469 αὐτὸν
949 1414 1300 1482 στρατιώτῃ.
1338 1417 1536 1486 Ὀρᾷς;
1563 1416 1917 1490 συνεχωρήθη

245 1500 386 1570 αὐτῷ
405 1499 530 1553 καθ’
551 1497 745 1553 ἐαυτὸν
775 1498 976 1568 μένειν.
1001 1499 1074 1551 Ού
1097 1497 1294 1568 μικρὸν
1323 1498 1418 1552 καὶ
1440 1499 1601 1552 τοῦτο
1620 1501 1920 1570 τεκμήριον

245 1583 334 1636 τοῦ
367 1583 508 1636 πάνυ
545 1580 926 1652 θαυμασθῆναι
958 1581 1142 1633 αὐτόν·
1186 1581 1248 1634 οὐ
1281 1580 1392 1651 γὰρ
1420 1581 1486 1652 δὴ
1517 1583 1656 1652 μετά
1688 1583 1795 1635 τῶν
1823 1583 1921 1637 ἀλ-

249 1665 354 1720 λων
389 1665 653 1736 ήρίθμουν
689 1663 874 1720 αὐτόν.
923 1662 1196 1731 Ἐγένετο
1225 1662 1294 1715 δὲ
1325 1665 1476 1731 μετὰ
1508 1663 1664 1730 τρεῖς
1697 1664 1922 1732 ἡμέρας

255 1745 736 1817 συγκαλέσασθαι
787 1744 976 1798 αὐτὸν
1013 1745 1157 1810 τοὺς
1201 1743 1382 1809 ὄντας
1431 1742 1551 1798 τῶν
1617 1745 1924 1804 Ἰουδαίων

263 1831 536 1900 πρώτους.
574 1828 730 1882 Μετὰ
766 1830 916 1898 τρεῖς
958 1827 1176 1898 ἡμέρας
1216 1826 1447 1880 ἐκάλεσε
1494 1827 1626 1890 τοὺς
1674 1827 1922 1899 πρώτους

260 1916 365 1968 τῶν
404 1911 682 1974 Ἰουδαίων,
715 1910 856 1964 ὥστε
892 1910 966 1981 μὴ
994 1910 1372 1982 προληφθῆναι
1401 1909 1579 1963 αὐτῶν
1607 1908 1706 1972 τὰς
1731 1908 1920 1971 ἀκοάς.

258 1997 362 2048 Καὶ
401 1995 452 2048 τί
496 1994 674 2047 κοινὸν
708 1993 846 2065 πρὸς
893 1993 1134 2056 ἐκείνους
1177 1989 1360 2061 εἷχεν;
1391 1991 1453 2044 ού
1502 1991 1610 2062 γὰρ
1647 1992 1714 2045 ἂν
1765 1991 1924 2043 αύτοί

256 2078 467 2150 ἔμελλον
518 2079 922 2148 κατηγορήσειν
971 2077 1159 2130 αὐτοῦ.
1229 2075 1369 2128 Ἀλλ’
1427 2077 1577 2146 ὅμως
1623 2076 1684 2129 οὐ
1732 2075 1922 2128 τούτου

258 2160 580 2232 ἐφρόντιζεν,
603 2158 741 2213 ἀλλά
773 2159 932 2213 τοῦτο
957 2158 1166 2224 διδάξαι
1189 2158 1287 2212 καὶ
1313 2157 1388 2230 μὴ
1419 2157 1721 2230 προστῆναι
1741 2157 1926 2214 αὐτοῖς

257 2244 321 2298 τὰ
343 2244 627 2312 λεγόμενα.

322 2331 382 2401 β’.
419 2333 482 2384 Ol
526 2330 627 2400 μὲν
662 2324 756 2382 οὗν
803 2327 1052 2383 Ἰουδαῖοι
1087 2329 1324 2385 τοσαῦτα
1367 2328 1603 2400 δρῶντες
1643 2327 1920 2398 θαύματα,

258 2419 491 2485 ἐδίωκον,
521 2417 754 2489 ἤλαυνον
775 2433 786 2446 ’
813 2417 861 2470 οἰ
890 2417 946 2470 δέ
970 2416 1238 2488 βάρϐαροι
1257 2417 1411 2470 οὐδὲν
1435 2415 1787 2486 θεασάμενοι,
1819 2416 1926 2468 ἀπὸ

261 2502 416 2573 μόνης
442 2503 540 2572 τῆς
572 2501 859 2572 συμφορᾶς
889 2499 1260 2571 φιλάνθρωποι
1283 2495 1445 2571 ἦσαν.
1475 2497 1742 2564 Πάντως,
1769 2497 1922 2567 φησί,

257 2590 467 2658 φονεύς
507 2589 680 2641 ἐστιν
727 2589 760 2641 ό
797 2586 1110 2656 ἄνθρωπος
1159 2583 1358 2652 οὗτος.
1401 2587 1516 2656 Ούχ
1549 2584 1738 2648 ἀπλῶς
1787 2575 1926 2638 ἀπο-

259 2678 556 2746 φαίνονται,
594 2675 750 2739 ἀλλὰ,
779 2675 1042 2742 πάντως,
1067 2674 1233 2743 φασί·
1265 2674 1568 2736 τουτέστιν,
1609 2673 1685 2735 ὡς
1715 2671 1926 2724 ένεστιν

261 2765 398 2815 ἰδεῖν.
428 2762 538 2816 Καὶ
572 2763 609 2829 ἡ
643 2750 804 2827 δίκη,
837 2760 992 2831 φησί,
1028 2759 1138 2828 ζῇν
1173 2761 1286 2814 οὐκ
1317 2759 1490 2814 ειασε
1521 2758 1728 2812 αὐτόν.
1781 2759 1927 2827 Ἀρα

257 2849 453 2903 καὶτὸν
479 2839 546 2901 πε
556 2849 608 2918 ρί
642 2847 900 2918 προνοίας
926 2847 1083 2915 λόγον
1117 2843 1284 2918 εἶχον,
1315 2849 1410 2900 καὶ
1433 2845 1613 2916 πολλῷ
1639 2846 1748 2898 τῶν
1778 2845 1927 2914 φιλο-

261 2939 433 3006 σόφων
461 2935 604 2992 οὗτοι
636 2939 686 2990 οἱ
716 2936 981 3008 βάρϐαροι
1017 2936 1444 3007 φιλοσοφώτεροι
1473 2935 1788 3004 ἐτύγχανον.
1816 2933 1926 2987 Αὐ-

259 3027 340 3080 τοὶ
367 3029 462 3097 μὲν
489 3027 598 3098 γὰρ
625 3027 727 3080 οὐκ
755 3028 951 3096 ἀφιᾶσι
988 3025 1248 3097 προνοίας
1287 3024 1586 3078 ἀπολαύειν
1612 3024 1681 3076 τὰ
1703 3023 1808 3076 ὑπὸ
1839 3039 1928 3074 σε-

261 3112 442 3184 λήνην⁸
473 3117 522 3167 οἰ
551 3115 608 3168 δὲ
638 3113 917 3184 πανταχοῦ
949 3113 1229 3184 νομίζουσι
1261 3115 1518 3185 παρεῖναι
1541 3111 1630 3168 τὸν
1661 3110 1814 3174 Θεὸν,
1837 3111 1933 3163 καὶ

266 3202 366 3265 ὅτι,
395 3202 490 3256 κᾶν
523 3202 694 3256 πολλά
720 3219 804 3264 τις
834 3200 1073 3272 διαφύγῃ
1099 3243 1114 3266 ,
1149 3201 1209 3253 οὐ
1253 3199 1603 3268 διαφεύξεται
1637 3199 1719 3261 εἰς
1753 3197 1928 3260 τέλος.

267 3290 373 3344 Καὶ
413 3291 526 3361 δρα,
567 3291 687 3356 πῶς
737 3290 838 3342 οὐκ
875 3289 1209 3342 ἐπιτίθενται
1257 3289 1452 3351 διόλου,
1497 3287 1612 3341 ἀλλ’
1660 3285 1932 3340 αἰδοῦνται

261 3376 395 3440 τέως
419 3377 503 3431 διὰ
526 3378 626 3448 τὴν
653 3375 941 3447 συμφοράν
960 3389 972 3402 ’
997 3376 1120 3429 ούδέ
1143 3375 1608 3446 ἐκπομπεύουσιν,
1636 3374 1771 3428 ἀλλὰ
1796 3373 1934 3443 πρὸς

257 3463 517 3533 ἀλλήλους
546 3465 799 3534 λέγουσι·
835 3463 904 3516 τά
946 3464 1056 3535 γάρ
1092 3463 1269 3534 δεσμά
1294 3463 1454 3516 τοῦτο
1484 3463 1767 3515 ἐδίδασκεν
1803 3462 1936 3513 ὑπο-

258 3552 509 3608 πτεύειν·
543 3552 722 3605 καίτοι
761 3550 1039 3621 δεσμῶται
1075 3546 1236 3621 ἦσαν.
1281 3548 1735 3619 Αίσχυνέσθωσαν
1766 3548 1817 3600 οἱ
1848 3546 1934 3600 λέ-

257 3657 474 3708 γοντες,
502 3640 596 3708 Μὴ
615 3635 673 3692 εὖ
697 3638 836 3692 ποίει
863 3639 990 3702 τοὺς
1012 3639 1072 3690 ἐν
1093 3640 1216 3701 ταῖς
1240 3637 1529 3705 φυλακαῖς
1556 3633 1937 3704 αἰσχυνθῶμεν

254 3727 388 3791 τοὺς
418 3725 749 3797 βαρϐάρους⁸
779 3725 837 3779 οὐ
860 3725 970 3798 γάρ
998 3725 1198 3796 ᾔδεσαν
1225 3724 1370 3794 τίνες
1397 3719 1538 3798 ἦσαν
1567 3724 1788 3784 ἐκεῖνοι,
1819 3719 1934 3773 ἀλλ’

255 3815 369 3870 ἀπὸ
391 3815 492 3884 τῆς
525 3815 810 3885 συμφοράς
831 3813 988 3877 τέως,
1015 3813 1096 3866 ὅτι
1119 3811 1395 3882 ἄνθρωποι
1415 3805 1578 3882 ἦσαν,
1609 3807 1934 3878 ἐμάνθανον*

258 3903 340 3960 διὸ
371 3903 465 3958 καὶ
496 3901 906 3972 φιλανθρωπίας
935 3900 1175 3970 ἠξίωσαν
1218 3898 1436 3962 αὐτούς.
1490 3897 1617 3951 Ἐπί
1652 3895 1811 3950 πολὺ
1846 3895 1936 3958 δὲ,

261 3990 417 4062 φησί,
450 3987 926 4060 προσδοκώντων
949 3987 1168 4051 αὐτῶν,
1195 3987 1497 4048 τουτέστιν,
1523 3985 1596 4048 ὡς
1620 3982 1786 4036 πολὺν
1807 3983 1938 4053 χρό-

260 4098 350 4133 νον
380 4079 646 4151 ἀνέμενον
679 4078 1090 4133 ἀποθανεῖσθαι.
1130 4079 1188 4131 '0
1210 4078 1268 4129 δὲ
1302 4077 1364 4130 τό
1393 4093 1451 4129 τε
1483 4075 1671 4147 θηρίον
1703 4075 1940 4139 ἐξετίνα-

262 4167 353 4232 ξεν
388 4169 468 4232 εἰς
492 4166 552 4220 τὸ
587 4165 723 4238 πῦρ,
772 4166 868 4220 καί⁵
905 4166 1004 4238 τὴν
1034 4168 1191 4237 χεῖρα
1230 4164 1399 4229 ἔδειξε
1433 4163 1709 4218 παθοῦσαν
1751 4161 1937 4232 μηδέν.

261 4254 436 4311 Τοῦτο
489 4253 689 4318 ἰδόντες
727 4253 824 4307 καὶ
874 4253 1257 4323 ἐξεπλάγησαν
1305 4252 1398 4304 καί
1438 4249 1779 4319 ἐθαύμασαν.
1827 4248 1944 4302 Ούκ

261 4344 484 4413 ἐγένετο
516 4342 573 4396 δέ
600 4341 662 4396 τὸ
697 4344 926 4413 σημεῖον
980 4341 1165 4404 εὐθὺς,
1197 4339 1332 4394 ἀλλὰ
1365 4337 1442 4408 τῷ
1472 4336 1648 4408 χρόνῳ
1681 4335 1943 4405 ἐνδιέτρι-

259 4430 370 4501 ψαν
391 4430 444 4484 οἰ
473 4429 772 4500 ἀνθρωποι,
800 4426 943 4481 ὥστε
982 4428 1057 4497 μὴ
1088 4425 1238 4490 δόξαι
1267 4423 1570 4496 φαντασίας
1601 4420 1751 4493 [4071
1781 4417 1940 4473 εἶναι’

258 4517 440 4582 οὕτως
469 4517 571 4570 οὐκ
607 4511 676 4588 ἦν
706 4516 912 4584 ἀπάτη,
959 4515 1062 4567 οὐκ
1087 4509 1155 4584 ἦν
1191 4513 1538 4580 συναρπαγή.
1586 4510 1688 4564 Ἐν
1718 4507 1787 4561 δὲ
1819 4506 1945 4570 τοῖς

257 4605 398 4673 περί
425 4603 534 4657 τὸν
563 4605 751 4658 τόπον
773 4602 1010 4656 ἐκεῖνον
1030 4599 1268 4669 ὑπῆρχε
1293 4598 1475 4668 χωρία
1501 4596 1582 4661 τῷ
1603 4595 1810 4663 πρώτῳ
1835 4592 1944 4661 τῆς

257 4694 488 4763 νήσου,
537 4691 782 4760 ὀνόματι
838 4688 1113 4752 Ποπλίῳ·
1163 4688 1232 4754 ὃς
1292 4683 1741 4752 ἀναδεξάμενος
1784 4680 1945 4751 ἡμᾶς

259 4780 648 4851 φιλοφρόνως
665 4778 923 4844 ἐξένισε.
948 4774 1145 4838 Καλῶς
1171 4773 1344 4836 οὕτως
1369 4768 1513 4824 εἷπε·
1543 4768 1943 4840 φιλοφροσύνης

259 4868 372 4940 γὰρ
407 4865 673 4938 μεγάλης,
705 4865 988 4930 διακοσίας
1016 4863 1392 4934 ἐϐδομήκοντα
1421 4859 1484 4912 τὸ
1511 4857 1716 4922 ξενίσαι
1743 4857 1942 4927 ψυχάς.

271 4954 564 5024 Ἐννόησον
586 4953 684 5022 τῆς
705 4951 1008 5022 φιλοξενίας
1029 4953 1154 5004 ὅσον
1175 4949 1236 5003 τὸ
1255 4947 1463 5018 κέρδος·
1488 4946 1587 5016 οὐχ
1605 4944 1680 5008 ὡς
1700 4945 1946 5014 ἀνάγκης

258 5041 435 5111 οῦσης
465 5041 587 5094 ούδέ
615 5041 690 5104 ὡς
727 5041 898 5105 ἄκων,
930 5038 1044 5091 ἀλλ’
1090 5038 1166 5099 ὡς
1201 5036 1393 5107 κέρδος
1437 5033 1753 5104 τιθέμενος,
1798 5035 1948 5104 τρεῖς

259 5131 483 5201 ἡμέρας
518 5127 754 5192 ἐξένισεν
785 5126 1001 5190 αύτούς.
1047 5125 1139 5178 Διὸ
1177 5126 1270 5177 καὶ
1299 5121 1534 5194 ἀμοιϐὴν
1560 5123 1657 5192 τῆς
1692 5120 1950 5190 τοιαύτης

261 5203 577 5280 φιλοξενίας
597 5210 821 5274 εἰκότως
842 5208 1131 5280 λαμϐάνει,
1146 5207 1238 5261 καὶ
1261 5204 1439 5276 πολλῷ
1459 5203 1732 5276 μείζοναῆ
1756 5203 1944 5256 ἔδωκε·

259 5300 358 5354 τὸν
386 5298 500 5370 γὰρ
523 5299 736 5371 πατέρα
756 5296 922 5350 αὑτοῦ
943 5293 1237 5365 θεραπεύει
1258 5293 1363 5346 ὑπὸ
1384 5291 1734 5361 δυσεντερίας
1761 5290 1949 5351 κακῶς

261 5367 675 5456 πάσχονταθού
699 5385 860 5455 μόνον
887 5383 945 5438 δὲ
979 5382 1162 5442 αὑτὸν,
1181 5380 1320 5435 ἀλλὰ
1343 5379 1440 5434 καὶ
1470 5379 1700 5440 πολλοὺς
1727 5375 1950 5446 ἐχοντας

261 5473 558 5536 ἀσθενείας
587 5474 698 5526 τῶν
726 5472 907 5525 αὐτῶν
935 5471 1103 5538 ἀξιῶ·
1135 5469 1196 5522 δν
1223 5469 1319 5523 καί
1356 5466 1734 5538 ἀμειϐόμενοι,
1764 5465 1950 5532 τιμαῖς

261 5563 435 5617 αὐτὸν
479 5561 575 5615 καί⁸
605 5561 895 5632 χορηγίαις
924 5558 1247 5630 δωροῦνται.
1296 5556 1470 5610 Τοῦτο
1503 5555 1561 5608 δέ
1593 5553 1752 5624 δῆλον
1781 5552 1951 5605 ποιῶν

266 5647 470 5718 ἐπάγει
494 5665 510 5679 ο
545 5648 613 5702 οῖ
645 5648 745 5702 καί
784 5646 1048 5712 πολλαῖς
1073 5645 1268 5716 τιμαῖς
1303 5644 1600 5712 ἐτίμησαν
1626 5639 1786 5710 ἡμᾶς
1805 5679 1820 5704 ,
1851 5637 1952 5691 καί

265 5735 674 5808 ἀναγομένοις
719 5735 1005 5790 ἐπέθεντο
1050 5735 1122 5787 τὰ
1175 5731 1327 5802 πρὸς
1365 5729 1481 5799 τὴν
1524 5727 1753 5798 χρείαν.
1809 5723 1945 5795 Οὐχὶ

337 6008 364 6037 ⁸
387 6001 585 6062 Verbis,
626 5999 856 6053 αὐτοὺς...
885 5997 1096 6057 Παῦλον,
1118 5995 1319 6046 carebat
1343 5990 1515 6044 Morel.

613 6091 885 6149 ΡΑτιιοι..
932 6086 1050 6148 Gn.
1097 6083 1222 6144 LX.

1273 382 1338 440 IN
1380 383 1561 442 ACTA
1625 381 2178 443 APOSTOLORUM.
2235 387 2471 445 HOMIL.
2515 389 2643 446 LIV.

3607 393 3710 449 5'6

2036 503 2229 572 μισθὸν
2243 504 2427 568 ἔλαϐε,
2454 507 2530 577 μὴ
2553 507 2764 574 γένοιτο
2784 524 2796 536 ·
2820 507 2958 562 ἀλλὰ
2979 506 3040 561 τὸ
3057 506 3445 579 γεγραμμένον
3471 508 3576 579 πλη
3586 509 3710 578 ροῦ-

2027 603 2149 640 ταιο
2187 589 2381 656 Ἄξιος
2406 593 2438 643 ό
2463 588 2716 659 ἐργάτης
2741 589 2849 658 τῆς
2888 590 3116 660 τροφῆς
3136 591 3325 645 αὑτοῦ
3348 591 3538 644 ἐστιν.
3567 593 3628 643 Οἰ
3655 591 3711 643 δὲ
3797 621 3802 627 -

2023 669 2200 738 οὕτως
2234 672 2436 736 αὐτοὺς
2465 673 2880 742 ὑποδεξάμενοι,
2922 672 3144 744 εὔδηλον
3171 674 3252 726 ὃτι
3292 674 3387 726 καὶ
3426 672 3516 728 τὸν
3553 674 3715 741 λόγον

2019 753 2267 818 ἐδέξαντο
2292 753 2386 808 τοῦ
2411 755 2789 827 κηρύγματοςο
2809 757 2872 808 ού
2892 755 3003 826 γάρ
3027 756 3092 808 ἂν
3115 757 3171 808 ἐν
3193 757 3444 827 τριμήνῳ
3469 755 3710 808 τοσαῦτα

2015 836 2295 907 διελέχθη,
2330 837 2405 908 μὴ
2449 838 2656 909 σφόδρα
2682 838 2861 891 αὐτῶν
2893 841 3304 893 πιστευσάντων
3333 840 3427 892 καὶ
3459 835 3706 910 καρποὺς

2015 919 2444 990 ἐπιδειξαμένων
2467 936 2482 951 ⁶
2533 921 2675 976 ὥστε
2723 922 2838 976 ἀπὸ
2873 921 3067 976 τούτου
3094 923 3392 992 τεκμήριον
3427 921 3570 991 μέγα
3612 919 3708 972 τοῦ

2015 1001 2252 1071 πλήθους
2274 1001 2382 1055 τῶν
2406 1019 2596 1056 πιστευ
2608 1004 2814 1058 πάντων
2838 1003 2986 1059 ἐστιν
3017 1005 3169 1061 ἰδεῖν.
3194 1004 3303 1058 Καὶ
3330 1004 3702 1072 ἀνήχθημεν.

2017 1084 2172 1153 φησί,
2215 1085 2286 1137 ἐν
2311 1087 2501 1151 πλοίῳ
2539 1087 2973 1158 Ἀλεξανδρίνῳ
2991 1091 3528 1159 παρακεχειμακότι
3545 1087 3615 1139 ἐν
3636 1085 3708 1155 τῇ

2017 1167 2210 1235 νήσῳ,
2236 1169 2574 1238 παρασήμῳ
2591 1171 3170 1238 Διοσκούροις.“1σως
3187 1170 3350 1224 τοῦτο
3371 1165 3440 1239 ἦν
3465 1186 3708 1242 γεγραμ-

2021 1251 2186 1320 μένον
2220 1252 2276 1305 ἐν
2303 1251 2472 1322 αύτῷ·
2512 1253 2688 1313 οὕτως
2714 1250 2855 1324 ἦσαν
2886 1252 3224 1310 κατείδωλοι.
3258 1254 3404 1326 Ὅρα
3439 1251 3710 1323 ἐνδιατρί-

2019 1331 2232 1397 ϐοντας,
2257 1335 2350 1385 καὶ
2368 1334 2528 1387 πάλιν
2553 1334 2880 1399 σπεύδοντας
2902 1336 2950 1388 b.
2977 1334 3060 1399 Τῷ
3072 1334 3140 1387 δὲ
3164 1335 3384 1399 Παύλῳ
3399 1335 3706 1402 ἐπετράπη

2019 1415 2224 1480 μένειν
2253 1417 2383 1469 καθ’
2412 1417 2651 1471 ἑαυτὸν.
2679 1418 2879 1470 Λοιπὸν
2906 1418 3181 1488 αἰδέσιμος
3213 1417 3386 1481 οὕτως
3408 1413 3476 1488 ἦν
3501 1419 3528 1469 6
3557 1417 3707 1471 Παῦ-

2019 1497 2132 1560 λος,
2162 1499 2239 1562 ὼς
2270 1501 2366 1552 καὶ
2397 1500 2809 1570 συγχωρεῖσθαι
2844 1500 2966 1554 καθ’
3000 1502 3192 1554 ἐαυτὸν
3219 1496 3379 1555 εἶναι.
3417 1502 3527 1554 Καὶ
3557 1500 3706 1564 ξένον

2018 1580 2207 1634 οὐδέν’
2245 1583 2293 1634 εἰ
2321 1582 2431 1653 γὰρ
2466 1583 2560 1636 καὶ
2602 1583 2710 1655 πρὸ
2741 1583 2932 1637 τούτου
2972 1582 3368 1654 φιλανθρώπως
3404 1583 3706 1652 ἐχρήσαντο

2020 1661 2189 1733 αὐτῷ,
2246 1664 2430 1735 πολλῷ
2474 1666 2680 1736 μᾶλλον
2725 1665 2842 1719 νῦν.
2899 1665 3008 1718 Καὶ
3041 1665 3508 1734 ἐπιγενομένου,
3549 1667 3708 1736 φησὶ,

2019 1747 2229 1810 νότου,
2285 1748 2614 1824 δευτεραῖοι
2655 1747 2922 1817 ἤλθομεν
2969 1751 3057 1814 είς
3102 1753 3454 1816 Ποτιόλους,
3488 1745 3558 1804 οὗ
3605 1752 3708 1804 εὐ-

2017 1830 2228 1899 ρόντες
2273 1830 2611 1899 ἀδελφοὺς,
2665 1832 3137 1901 παρεκλήθημεν
3184 1832 3280 1885 ἐπ’
3323 1832 3531 1898 αὐτοῖς
3575 1832 3709 1886 hu-

2017 1913 2217 1981 μεῖναι
2270 1914 2495 1983 ἡμέρας
2547 1913 2726 1967 ἐπτάο
2773 1914 2871 1967 καί
2925 1915 3113 1980 οὕτως
3155 1916 3245 1980 είς
3289 1913 3406 1982 τὴν
3477 1915 3708 1984 Ῥώμην

2023 2002 2311 2072 ἤλθομεν.
2347 2002 2633 2058 Κάκεῖθεν
2671 2005 2726 2056 οί
2762 2002 3015 2071 ἀδελφοί
3047 2003 3434 2068 ἀκούσαντες
3464 2004 3536 2056 τὰ
3568 2004 3704 2071 περὶ

2023 2089 2222 2159 ἡμῶν,
2249 2089 2516 2159 ἐξῆλθον
2541 2092 2628 2156 εἰς
2658 2089 3005 2157 ἀπάντησιν
3045 2089 3193 2158 ἡμῖν
3218 2089 3395 2160 ἄχρις
3451 2090 3706 2144 Ἀππίου

2022 2179 2213 2246 φόρου
2270 2178 2370 2232 καί
2435 2176 2616 2246 Τριῶν
2668 2175 2989 2246 ταϐερνῶν.
3055 2178 3177 2230 Ὅτι
3233 2176 3566 2246 φοϐηθέντες
3613 2177 3706 2230 τὸν

2023 2264 2267 2317 κίνδυνον
2285 2263 2528 2333 ἐξῆλθον,
2549 2264 2640 2318 καὶ
2661 2264 2834 2318 ταῦτα
2860 2264 3020 2318 ἱκανά
3040 2264 3281 2327 ἐκείνους
3305 2263 3705 2318 πιστώσασθαι.

2025 2351 2169 2421 Ὀρα
2216 2352 2334 2414 πῶς
2366 2353 2604 2423 οὐδαμοῦ
2651 2354 2802 2407 πόλει
2842 2353 3152 2424 παρέϐαλον
3188 2354 3246 2406 ἐν
3291 2352 3535 2425 τοσούτῳ
3569 2352 3705 2423 πλῷ,

2023 2440 2160 2493 ἀλλὰ
2189 2441 2356 2510 νήσῳ,
2388 2441 2483 2494 καὶ
2507 2441 2596 2494 τὸν
2623 2441 2869 2512 χειμῶνα
2902 2441 3194 2512 ὀλόκληρον
3223 2441 3486 2512 διήγαγον
3521 2441 3710 2494 πλέον⁹

2023 2543 2139 2591 τες,
2190 2529 2420 2580 ἐκείνων
2457 2527 2876 2598 ῥυθμιζομένων
2926 2531 3007 2591 εἰς
3045 2529 3146 2598 τὴν
3181 2527 3365 2580 πίστιν
3411 2527 3521 2579 τῶν
3572 2544 3712 2598 συμ-

2025 2613 2400 2678 πλευσάντων,
2429 2613 2594 2682 λέγω.
2638 2615 2978 2685 Ἐπετράπη,
3015 2615 3170 2682 φησί,
3204 2615 3389 2684 μένειν
3419 2614 3541 2667 καθ’
3577 2615 3706 2666 ἐαυ-

2022 2701 2115 2754 τὸν
2140 2701 2237 2754 σὺν
2268 2700 2344 2771 τῷ
2374 2701 2704 2769 φυλάσσοντι
2732 2702 2896 2753 αὐτὸν
2918 2700 3248 2770 στρατιώτῃ.
3273 2700 3437 2754 Μάλα
3455 2701 3702 2767 εἰκότως,

2023 2787 2166 2841 ὥστε
2204 2788 2278 2857 μὴ
2314 2787 2512 2852 ἐξεῖναι
2549 2788 2686 2858 μηδὲ
2732 2790 2851 2841 ἐκεῖ
2879 2787 3174 2857 ἐπιϐουλήν
3201 2804 3324 2840 τινα
3368 2787 3529 2841 αὑτὸν
3566 2787 3696 2841 ὑπο-

2027 2878 2238 2946 στῆναι·
2269 2875 2330 2928 ού
2356 2875 2466 2944 γὰρ
2494 2875 2620 2946 ἐνῆν
2641 2875 2928 2928 στασιάσαι
2957 2875 3164 2928 λοιπόν.
3187 2875 3350 2926 Ὥστε
3375 2875 3474 2927 ούκ
3501 2876 3708 2928 ἐκεῖνον

2026 2963 2368 3031 ἐφύλασσεν,
2401 2962 2515 3014 ἀλλ’
2551 2961 2694 3015 ὥστε
2730 2963 2805 3032 μὴ
2855 2961 3112 3030 γενέσθαι
3159 2978 3212 3015 τι
3243 2962 3352 3015 τῶν
3382 2961 3597 3032 ἀηδῶν·
3644 2964 3706 3016 ού

2025 3053 2135 3119 γὰρ
2161 3050 2286 3120 ἐξῆν
2312 3049 2496 3103 λοιπὸν
2521 3051 2616 3102 καί
2651 3049 2858 3112 πόλεως
2895 3047 3061 3118 οῦσης
3091 3053 3384 3120 τοσαύτης,
3415 3049 3510 3102 καί
3549 3049 3707 3119 βασι-

2027 3139 2164 3202 λέως
2192 3139 2346 3202 ὄντος
2367 3179 2382 3201 ,
2416 3137 2513 3191 καὶ
2551 3137 2791 3206 ἐφέσεως
2822 3137 2989 3206 οῦσης
3010 3177 3024 3196 ,
3057 3136 3313 3205 γενέσθαι
3346 3154 3397 3190 τι
3427 3137 3579 3208 παρά
3609 3137 3708 3208 τὴν

2030 3220 2368 3275 ἀκολουθίαν.
2421 3219 2608 3283 υῦτως
2649 3219 2736 3273 ἀεὶ
2782 3219 2870 3273 διὰ
2913 3220 3021 3272 τῶν
3059 3219 3357 3273 δοκούντων
3401 3215 3538 3272 εἶναι
3585 3221 3708 3272 καθ’

2029 3308 2223 3377 ἡμῶν,
2254 3307 2396 3377 ὑπὲρ
2443 3306 2600 3376 ἡμῶν
2647 3307 2824 3359 πάντα
2862 3306 3090 3374 γίνεται⁹
3135 3305 3312 3374 φύλαξ
3347 3306 3455 3375 γὰρ
3500 3302 3568 3377 ἦν
3613 3306 3708 3363 τοῦ

2032 3395 2269 3448 Παύλου.
2305 3395 2415 3448 Καὶ
2447 3393 2789 3462 συγκαλέσας
2821 3394 2948 3457 τοὺς
2979 3393 3228 3463 πρώτους
3258 3393 3369 3445 τῶν
3412 3393 3708 3454 Ἰουδαίων,

2031 3481 2340 3548 διαλέγεται
2381 3481 2603 3542 αὐτοῖς’
2645 3479 2694 3532 οἳ
2739 3481 2830 3532 καὶ
2871 3478 3246 3546 ἀντιλέγοντες
3270 3489 3291 3516 ο
3333 3478 3708 3549 ἀναχωροῦσι,

2033 3568 2130 3621 καὶ
2157 3567 2472 3638 ὑϐρίζονται
2503 3567 2631 3634 παρ’
2670 3564 2857 3627 αὑτοῦ,
2894 3565 2988 3616 καί
3020 3565 3172 3617 οὐδὲν
3200 3564 3477 3634 τολμῶσιν
3511 3567 3708 3618 εἰπεῖν’

2032 3662 2095 3713 ού
2127 3659 2235 3729 γάρ
2265 3655 2418 3729 [408]
2446 3659 2514 3728 τῇ
2549 3655 2770 3726 ἐξουσίᾳ
2813 3654 2995 3707 αὐτῶν
3046 3653 3385 3723 ἐπετρέπετο
3429 3654 3614 3706 λοιπὸν
3644 3653 3715 3706 τὰ

2035 3747 2156 3801 κατ’
2184 3745 2370 3799 αὐτόν.
2406 3743 2481 3796 Τὸ
2521 3742 2631 3814 γὰρ
2660 3741 2972 3812 θαυμαστὸν
3001 3740 3160 3794 τοῦτό
3193 3742 3364 3804 ἐστιν,
3396 3741 3478 3793 ὄτι
3520 3740 3582 3792 ού
3625 3739 3716 3793 διὰ
3791 3805 3798 3809 _

2035 3832 2144 3888 τῶν
2169 3831 2471 3888 δοκούντων
2501 3827 2642 3884 εἷναι
2671 3829 2810 3900 πρὸς
2839 3829 3160 3897 ἀσφάλειαν,
3192 3827 3327 3882 ἀλλά
3363 3829 3453 3882 καί
3485 3828 3574 3881 διὰ
3604 3829 3714 3881 τῶν

2036 3919 2295 3975 ἐναντίων
2349 3919 2528 3972 πάντα
2571 3917 2714 3988 ὑπὲρ
2752 3915 2908 3987 ήμῶν
2953 3915 3184 3983 γίνεται.
3227 3917 3340 3969 Καὶ
3384 3916 3474 3970 ἴνα
3515 3917 3715 3987 μάθῃς.

2040 4008 2232 4062 σκόπει
2267 4005 2539 4062 ἐντεῦθεν.
2580 4004 2896 4058 Ἐκέλευσεν
2923 4003 2950 4054 ὁ
2976 4001 3178 4074 Φαραὼ
3211 4002 3498 4074 ῥίπτεσθαι
3526 4005 3603 4065 εἰς
3626 4003 3718 4056 τὸν

2040 4095 2284 4166 ποταμὸν
2324 4094 2394 4148 τὰ
2421 4093 2617 4164 βρέφη.
2663 4093 2724 4144 Εἰ
2762 4091 2840 4161 μὴ
2879 4090 3080 4161 ἐρρίφη
3125 4090 3193 4142 τὰ
3231 4090 3442 4161 βρέφη,
3478 4092 3526 4142 εἰ
3567 4090 3643 4159 μὴ
3681 4092 3717 4160 ή

2044 4184 2342 4256 πρόσταξις
2368 4182 2460 4235 τοῦ
2488 4179 2685 4248 Φαραὼ
2713 4181 2930 4247 ἐγένετο
2954 4178 3003 4244 ³,
3030 4179 3132 4238 οὐκ
3156 4179 3221 4231 ἂν
3244 4175 3424 4246 ἐσώθη
3450 4177 3715 4247 Μωῡσῆς,

2039 4272 2140 4326 οὐκ
2173 4271 2238 4324 ἂν
2268 4273 2322 4322 ἐν
2357 4268 2648 4338 βασιλείοις
2683 4267 2913 4336 ἐτράφη.
2959 4266 3091 4319 Ὅτε
3131 4264 3384 4327 ἐσώζετο,
3418 4265 3520 4317 οὐκ
3553 4260 3620 4335 ἦν
3660 4266 3717 4316 ἐν

2039 4360 2195 4428 τιμῇ”
2229 4357 2316 4410 ὅτε
2339 4355 2585 4425 ἐξετέθη,
2607 4352 2730 4406 τότε
2751 4353 2970 4421 ἐγένετο
2997 4354 3054 4405 ἐν
3081 4354 3238 4423 τιμῇ.
3268 4351 3438 4404 Τοῦτο
3460 4351 3516 4404 δέ
3542 4351 3720 4406 ἐποίει

2039 4450 2070 4500 ὀ
2088 4446 2240 4510 Θεὸς,
2267 4444 2328 4498 τδ
2353 4443 2584 4515 εὔπορον
2615 4441 2780 4495 αὑτοῦ
2807 4441 3022 4504 δεικνὺς
3049 4441 3142 4493 καὶ
3167 4440 3494 4512 εὐμήχανον.
3535 4439 3722 4492 Ἠπεί-

2038 4534 2204 4604 λησεν
2255 4530 2406 4602 αὐτῷ
2452 4533 2480 4584 ὁ
2535 4529 2788 4592 Ἰουδαῖος
2831 4528 3040 4596 λέγων’
3092 4527 3188 4596 Μὴ
3229 4527 3476 4583 ἀνελεῖν
3518 4544 3595 4598 με
3635 4529 3720 4582 σὺ

2043 4620 2275 4686 θέλεις;
2303 4619 2398 4672 καὶ
2427 4617 2584 4671 τοῦτο
2614 4616 2778 4671 αὐτὸν
2802 4615 3032 4685 ὤνησεν.
3069 4615 3214 4686 ’Ἄρα
3243 4615 3601 4684 οἰκονομικῶς
3625 4616 3720 4683 γέ-

2042 4725 2220 4778 γονεν,
2269 4706 2413 4759 ὥστε
2455 4704 2554 4772 τὴν
2601 4704 2722 4773 ὄψιν
2768 4703 2930 4756 αὐτὸν
2973 4703 3191 4772 ἐκείνην
3234 4701 3363 4754 ἰδεῖν
3401 4700 3498 4772 τὴν
3548 4703 3606 4754 ἐν
3652 4705 3718 4773 τῇ

2044 4796 2259 4866 ἐρήμῳ,
2285 4792 2426 4845 ὥστε
2451 4791 2543 4844 τὸν
2571 4792 2918 4862 προσήκοντα
2942 4791 3134 4860 χρόνον
3162 4787 3545 4859 πληρωθῆναι,
3575 4786 3721 4840 ῶστε

2044 4883 2208 4937 αὑτὸν
2251 4879 2685 4951 ἐμφιλοσοφῆσαι
2714 4881 2780 4949 τῇ
2816 4879 3027 4950 ἐρήμῳ,
3063 4877 3159 4930 καὶ
3195 4878 3253 4929 ἐν
3284 4876 3556 4948 ἀσφαλείᾳ
3599 4875 3720 4948 ζῇν.

2048 4971 2158 5024 Καὶ
2184 4970 2241 5022 ἐν
2269 4968 2471 5030 πάσαις
2493 4969 2609 5029 ταῖς
2633 4965 2754 5018 κατ’
2785 4963 2948 5018 αὑτοῦ
2975 4963 3085 5017 τῶν
3117 4962 3389 5016 Ἰουδαίων
3409 4963 3724 5026 ἐπιϐουλαῖς

2046 5057 2240 5111 ταυτὸν
2271 5056 2504 5126 γίνεται⁸
2545 5055 2667 5107 τότε
2701 5053 3084 5124 λαμπρότερος
3113 5051 3458 5116 καθίσταται,
3491 5045 3601 5104 οἷον
3624 5050 3721 5102 καὶ

2045 5147 2141 5199 ἐπὶ
2167 5143 2262 5197 τοῦ
2307 5142 2520 5212 Ἀαρών
2545 5155 2559 5169 ’
2593 5139 2971 5210 ἐπανέστησαν
2997 5137 3146 5208 αύτῷ
3165 5177 3180 5202 ,
3211 5138 3307 5191 καί
3339 5137 3719 5206 λαμπρότερον

2046 5230 2209 5284 αὐτὸν
2247 5226 2541 5296 ἐποίησαν·
2582 5222 2833 5278 ἐντεῦθεν
2870 5224 2979 5294 γὰρ
3011 5220 3161 5292 αὐτῷ
3206 5221 3302 5273 καὶ
3351 5219 3412 5271 τὸ
3449 5217 3722 5290 ἱερατικὸν

2049 5314 2384 5372 ποικίλλεται
2421 5312 2646 5382 ἔνδυμα,
2686 5311 2782 5364 καὶ
2823 5309 2856 5379 ή
2898 5309 3111 5379 κίδαρις
3142 5305 3517 5378 περιτίθεται,
3562 5303 3659 5354 καὶ
3694 5304 3724 5354 δ

2047 5402 2232 5466 λοιπὸς
2264 5403 2360 5472 τῆς
2386 5400 2580 5470 στολῆς
2607 5400 2832 5468 κόσμος,
2861 5396 3003 5449 ὥστε
3023 5392 3510 5463 ἀναμφισϐήτητον
3533 5400 3556 5429 ο
3581 5385 3722 5441 εἶναι

2047 5492 2150 5562 τὴν
2179 5489 2539 5562 χειροτονίαν,
2563 5486 2704 5540 ὥστε
2731 5486 2826 5540 καὶ
2846 5485 2926 5546 εἰς
2954 5481 3016 5535 τὸ
3045 5480 3169 5550 ἐξῆς
3203 5477 3583 5548 θαυμάζεσθαι
3611 5474 3725 5530 ἀπὸ

2048 5579 2159 5633 τῶν
2187 5578 2436 5632 πετάλων
2459 5575 2554 5628 τοῦ
2581 5572 2804 5644 χαλκοῦ.
2830 5573 2974 5624 Ἴστε
2995 5569 3210 5631 πάντως
3231 5566 3330 5636 τὴν
3355 5563 3616 5636 ἱστορίανο
3642 5562 3727 5617 διὸ

2050 5668 2147 5722 καὶ
2192 5664 2522 5737 παρατρέχω
2566 5662 2629 5715 τὸ
2663 5661 2927 5730 διήγημα.
2987 5657 3098 5712 Kc}.
3144 5657 3195 5710 εἰ
3242 5653 3516 5725 βούλεσθε,
3559 5652 3726 5707 πάλιν

2121 5829 2136 5867 ι
2169 5807 2350 5864 Verba,
2375 5806 2456 5854 καὶ
2482 5803 2648 5867 πάλιὶ
2665 5800 2972 5867 σπεύδοντας,
2994 5863 3001 5867 .
3021 5799 3164 5848 nobis
3205 5799 3453 5867 dngrup}
3493 5797 3649 5867 Sayi}.
3672 5789 3728 5867 εξ

2058 5845 2166 5921 ιτὲε
2185 5845 2490 5919 ἰἶὶεέῗίῗῶίι
2561 5867 2582 5893 ε
2608 5845 3180 5922 Μοτρ1,’ᾆιάι”’ἇ.έγὸνὲὲξ.
3210 5845 3449 5908 Ἶιθηιιιιὶ
3477 5845 3661 5922 vbybis,
3685 5845 3726 5894 εἰ

2060 5919 2205 5994 μή.ξ..
2223 5931 2444 5994 ἐγένετοη
2469 5931 2656 5994 τετειιι.
2730 5935 2752 5962 θ
2790 5923 2928 5994 [Agnus
2953 5919 3095 5973 αὑτὸν
3114 5921 3362 5982 ἐποίησαν,
3385 5922 3512 5970 ὥστε
3529 5919 3729 5979 έναμφιο

2065 5986 2323 6050 “arma,
2349 5987 2542 6039 omissis
2567 5986 2898 6036 intcrmediis.

3120 6067 3202 6127 2t
