4112 6470
383 410 492 467 577
1105 406 1163 462 S.
1198 405 1486 463 JOANNIS
1524 402 2009 463 CHRYSOSTOMI
2046 401 2369 465 ARCHIEP.
2410 406 2962 467 CONS‘I‘ANTINOP.
3195 447 3225 462 ..

378 522 586 577 ἀνωθεν
609 520 677 575 τὰ
698 520 838 576 αὐτὰ
857 519 1197 591 ἐπέλθωμεν.
1228 521 1288 576 '0
1308 519 1448 576 Καῖν
1472 521 1563 575 τὸν
1585 519 1813 591 ἀδελφὺν
1832 518 2061 581 ἀνεῖλεν,

316 616 319 617 ⁷
380 620 516 675 άλλά
568 622 740 691 ταύτῃ
796 619 996 690 μᾶλλον
1035 619 1337 689 ὠφέλησεν·
1385 619 1619 673 ἄκουσον
1650 617 1761 690 γάρ
1797 617 1851 671 τί
1893 630 2062 683 φησι·

380 719 553 786 Φωνὴ
588 719 835 788 αἵματος
866 718 974 773 τοῦ
1011 717 1283 788 ἀδελφοῦ
1326 734 1445 775 σου
1477 715 1602 786 ,βοᾷ
1642 719 1793 786 πρός
1826 727 1936 786 με·
1975 714 2066 769 καὶ

381 818 543 873 πάλιν
567 818 827 890 ἀλλαχοῦ,
857 818 1091 888 Αἵματι,
1115 819 1271 888 φησὶ,
1302 816 1576 886 κρεῖττον
1592 815 1888 871 λαλοῦντι
1908 813 2070 882 παρὰ

381 914 491 968 τὸν
522 915 726 969 Ἅϐελ.
771 913 1109 983 Ἀπήλλαξεν
1137 914 1301 969 αὑτὸν
1327 914 1426 985 τῆς
1454 911 1679 984 ἀδηλίας
1709 909 1807 965 τοῦ
1843 909 2068 982 μέλλονο

377 1026 493 1074 τος,
522 1010 615 1065 τὸν
645 1010 843 1082 μισθὸν
869 1010 1076 1082 ηὔξησε
1101 1028 1115 1042 ·
1150 1010 1250 1082 τὴν
1278 1009 1504 1081 ἀγάπην
1533 1008 1814 1080 ἐμάθομεν
1842 1006 2066 1071 πάντες,

375 1105 446 1176 ἣν
475 1107 504 1160 6
528 1105 657 1172 Θεὸς,
690 1115 816 1178 ἐσχε
847 1107 985 1177 πρὸς
1009 1106 1195 1162 αὐτόν.
1229 1106 1297 1161 Τί
1324 1108 1435 1178 γάρ
1465 1106 1742 1178 ἠδίκηται,
1771 1103 2070 1174 δεξάμενος

376 1201 568 1274 τάχιον
589 1203 687 1275 τὴν
708 1203 998 1276 τελευτήν;
1023 1202 1190 1258 Οὐδέν
1210 1221 1224 1234 ·
1256 1203 1313 1257 τί
1337 1203 1467 1275 γάρ,
1489 1202 1613 1256 είπέ
1638 1220 1748 1274 μοι,
1776 1204 1824 1255 οί
1852 1200 2068 1273 βράδιον

377 1297 737 1363 τελευτῶντες
771 1298 1185 1371 κερδαίνουσιν;
1230 1298 1399 1353 Οὐδέν
1424 1316 1438 1330 ·
1481 1282 1604 1353 οὒδέ
1648 1296 1761 1371 γὰρ
1810 1296 1964 1369 παρά
2005 1295 2071 1348 τὸ

377 1394 549 1449 πολλὰ
589 1394 690 1466 ζῇν
735 1394 830 1466 ἐτη
860 1394 893 1466 ἢ
934 1394 1093 1462 όλίγα
1126 1396 1161 1467 ὴ
1199 1394 1494 1467 εὐημερία,
1526 1393 1668 1449 ἀλλά
1708 1392 1862 1466 παρά
1896 1392 1958 1447 τὸ
1987 1394 2068 1457 είς

375 1489 490 1543 δέον
538 1489 842 1561 κεχρῆσθαι
874 1492 941 1562 τῇ
974 1489 1114 1562 ζωῇ.
1157 1491 1223 1545 Οἱ
1268 1493 1419 1562 τρεῖς
1462 1491 1653 1554 παῖδες
1697 1487 2068 1560 ἐνεϐλήθησαν

377 1587 458 1649 είς
493 1585 758 1654 κάμινον,
792 1588 887 1640 καὶ
919 1587 1008 1641 διὰ
1053 1585 1247 1642 τούτου
1296 1588 1556 1656 γεγόνασι
1599 1585 2004 1657 λαμπρότεροι·
2037 1584 2067 1637 6

377 1679 575 1750 Δανιὴλ
648 1683 728 1744 είς
801 1680 1047 1747 λάκκον,
1111 1684 1207 1737 καὶ
1267 1681 1520 1737 ἐντεῦθεν
1601 1680 2066 1753 περιφανέστερος

379 1776 645 1847 κατέστη.

442 1916 519 1979 γ’.
542 1911 716 1984 ,Ὁρᾷς
733 1912 1012 1984 πανταχοῦ
1032 1914 1160 1978 τοὺς
1180 1914 1522 1986 πειρασμοὺς
1546 1914 1759 1984 μεγάλα
1779 1912 2065 1977 τίκτοντας

373 2006 554 2076 ἀγαθά
600 2009 696 2063 καὶ
724 2009 995 2075 ἐνταῦθα,
1032 2012 1165 2082 μήτι
1197 2028 1263 2081 γε
1296 2012 1444 2065 ἐκεῖ·
1490 2012 1585 2066 ἐπὶ
1621 2011 1682 2065 δέ
1717 2014 1820 2083 τῆς
1865 2012 2065 2077 κακίας

371 2105 571 2158 ταυτὸν
597 2105 844 2174 γίνεται,
873 2100 1082 2175 οἷον,ἀν
1111 2107 1166 2162 εῐ
1190 2123 1277 2170 τις
1311 2106 1561 2177 κάλαμον
1595 2107 1736 2180 ἔχων
1775 2108 2063 2180 παρατάτ-

371 2215 518 2254 τοιτο
547 2200 687 2272 1:96;
717 2201 853 2272 πῦρ·
887 2203 917 2257 6
957 2202 1070 2274 γὰρ
1103 2202 1347 2267 τοιοῦτος
1377 2203 1526 2257 δοκεῖ
1564 2203 1664 2274 μὲν
1700 2202 1960 2274 πλήττειν
2002 2204 2065 2258 τὸ

372 2292 507 2368 πῦρ,
535 2297 667 2352 αὐτὸ
693 2297 751 2351 δέ
779 2298 1165 2372 λαμπρότερον
1194 2304 1360 2365 ποιεῖ,
1399 2301 1494 2354 καὶ
1528 2300 1720 2355 ἑαυτὸν
1752 2300 2058 2357 ἀναλίσκει.

373 2391 561 2463 Τροφὴ
593 2394 703 2465 γάρ
732 2393 943 2465 γίνεται
969 2398 1003 2467 ἡ
1038 2397 1208 2450 κακία
1276 2398 1368 2450 καὶ
1396 2397 1654 2463 ὑπόθεσις
1677 2396 2063 2471 λαμπρότητος

369 2489 440 2559 τῇ
470 2487 662 2561 ἀρετῇ·
688 2492 754 2561 τῇ
782 2489 890 2562 γάρ
920 2491 1105 2564 ἀδικίᾳ
1129 2493 1210 2556 είς
1226 2491 1346 2546 δέον
1368 2492 1462 2546 τοῦ
1491 2492 1628 2547 Θεοῦ
1649 2494 1960 2567 χρωμένου.
1990 2494 2061 2549 τὰ

371 2580 618 2653 ἡμέτερα
647 2583 854 2656 λάμπει
887 2585 1111 2657 μᾶλλον.
1138 2586 1308 2642 Πάλιν
1333 2589 1361 2642 6
1388 2584 1637 2653 διάϐολος
1662 2589 1791 2643 ὅταν
1821 2590 2062 2662 ἐργάζη-

367 2678 462 2731 ταί
489 2696 541 2731 τι
570 2679 843 2748 τοιοῦτον,
879 2682 1297 2756 λαμπροτέρους
1333 2690 1478 2741 ποιεῖ
1503 2688 1633 2753 τοὺς
1662 2687 2058 2760 ὑπομένοντας.

367 2773 434 2827 Τί
475 2771 604 2842 οὖν,
646 2778 850 2848 φησὶν,
880 2779 973 2833 ἐπὶ
1008 2779 1105 2833 τοῦ
1164 2780 1340 2853 Ἀδάμ
1375 2782 1437 2836 οὐ
1477 2783 1672 2853 γέγονε
1711 2784 1892 2851 τοῦτο,
1942 2785 2059 2840 ἀλλ’

366 2870 696 2943 ἀτιμότερος
731 2873 968 2943 γέγονε;
1007 2876 1261 2932 Μάλιστα
1302 2878 1404 2949 μὲν
1438 2882 1678 2953 κάκείνῳ
1724 2883 1753 2936 6
1800 2883 1934 2948 Θεὸς
1978 2884 2060 2947 είς

365 2968 488 3023 δέον
521 2973 799 3045 ἐχρήσατο
819 2990 833 3006 ·
869 2977 918 3029 εί
943 2975 1001 3030 δέ
1029 2976 1133 3030 πού
1164 2995 1218 3032 τι
1258 2977 1484 3043 ἔπαθεν,
1520 2982 1687 3046 αὐτὸς
1713 2984 1907 3038 ἐαυτὸν
1939 2984 2058 3055 ἡδί-

365 3081 539 3137 κησε·
587 3068 657 3123 τά
713 3070 814 3140 μὲν
863 3071 976 3146 γάρ
1034 3073 1167 3146 παρ’
1222 3075 1429 3148 ἐτέρων
1475 3078 1556 3141 εἰς
1603 3080 1755 3150 ἡμᾶς
1796 3080 2058 3152 γινόμενα

367 3163 624 3234 μεγάλων
651 3166 785 3237 ἡμῖν
818 3166 1040 3236 ἀγαθῶν
1067 3170 1217 3224 αἴτια
1255 3171 1500 3240 γίνεται,
1529 3174 1598 3229 τά
1630 3175 1688 3229 δέ
1728 3177 1860 3248 παρ’
1895 3180 1929 3250 ὴ
1940 3180 2058 3250 μῶν

370 3256 555 3312 αὐτῶν
578 3259 784 3315 οὐκέτι.
824 3262 1045 3335 Ἐπειδὴ
1066 3265 1176 3338 γὰρ
1200 3266 1549 3339 ἀδικούμενοι
1582 3270 1680 3341 μέν
1703 3273 1795 3342 ὑφ’
1826 3273 2054 3348 ἐτέρων,

365 3350 662 3425 ἀλγοῦμεν,
703 3355 809 3410 ὑπὸ
835 3356 892 3411 δὲ
917 3358 1075 3430 ἡμῶν
1101 3361 1285 3416 αὐτῶν
1313 3363 1519 3431 οὐκέτι,
1543 3365 1816 3422 δείκνυσιν
1849 3370 1879 3424 ὀ
1900 3370 2054 3438 Θεὸς,

366 3444 449 3498 ὅτι
490 3446 519 3497 6
552 3447 652 3517 μὲν
682 3449 815 3521 παρ’
858 3451 1048 3523 ἐτέρου
1092 3452 1289 3519 ἀδίκως
1324 3456 1572 3529 πάσχων,
1606 3460 1907 3534 εὐδοκιμεῖ,
1940 3465 1969 3519 6
1996 3465 2056 3521 δὲ

368 3536 521 3614 [409]
566 3541 759 3597 ἑαυτὸν
796 3544 1020 3613 ἀδικῶν,
1069 3547 1391 3619 βλάπτεται·
1419 3554 1514 3608 καὶ
1558 3555 1706 3626 μάλα
1747 3558 1973 3624 εἰκότως
1998 3572 2052 3629 ι,

366 3636 455 3691 ἵνα
500 3638 677 3694 ἐκεῖνο
728 3640 830 3711 μὲν
871 3644 1137 3711 γενναίως
1180 3647 1462 3721 φέρωμεν,
1509 3650 1670 3706 τοῦτο
1715 3653 1774 3708 δέ
1818 3656 2049 3728 μηκέτι·

363 3730 541 3797 άλλως
567 3751 629 3787 τε
659 3735 721 3789 τὸ
755 3737 866 3790 πᾶν
907 3738 1026 3792 ἐκεῖ
1054 3739 1151 3793 τοῦ
1214 3742 1389 3815 ’Λδάμ
1432 3745 1650 3815 γέγονε.
1702 3749 1803 3803 Διά
1839 3751 1894 3805 τί
1940 3751 2053 3824 γὰρ

363 3828 586 3883 ἐπείθου
614 3833 682 3903 τῇ
707 3833 932 3900 γυναικί
951 3851 966 3901 ;
986 3835 1077 3889 διὰ
1103 3836 1156 3890 τί
1184 3836 1294 3910 γάρ
1321 3840 1543 3896 ἐναντία
1568 3844 2051 3916 συμϐουλεύουσαν

360 3926 464 3979 οὐκ
489 3925 848 3998 ἀπεκρούσω;
888 3931 962 3984 Σὺ
992 3931 1212 3997 πάντως
1241 3935 1474 4004 γέγονας
1499 3940 1693 4006 αἴτιος,
1726 3942 1915 4016 ἐπειδὴ
1944 3947 1993 4000 εί
2019 3946 2049 3999 6

360 4019 604 4085 διάϐολος
644 4018 746 4093 ἦν,
774 4022 882 4077 ἔδει
922 4026 1064 4080 κατά
1091 4028 1250 4082 τοῦτο
1286 4032 1412 4096 τοὺς
1442 4034 1875 4108 πειραζομένους
1909 4041 2045 4095 πάν-

358 4136 460 4184 τας
483 4119 841 4176 ἀπόλλυσθαι·
860 4125 909 4176 εί
927 4123 982 4177 δὲ
1009 4126 1084 4196 μὴ
1106 4126 1461 4194 ἀπόλλυνται,
1492 4134 1625 4206 παρ’
1646 4135 1795 4209 ἡμᾶς
1816 4140 1848 4211 ὴ
1872 4140 2041 4195 αίτία.

369 4215 509 4269 Ἀλλ’
530 4216 660 4281 ἔδει,
680 4219 843 4291 φησὶξ
860 4220 1072 4285 πάντας
1098 4225 1225 4289 τοὺς
1258 4228 1691 4302 πειραζομένους
1715 4237 2040 4308 κατορθοῦν,

272 4360 275 4361 ,
355 4311 393 4381 ἢ
419 4313 467 4366 εί
485 4316 615 4384 παρ’
633 4315 780 4384 ἡμᾶς
803 4316 834 4386 ἡ
859 4317 1029 4381 αίτία,
1051 4318 1160 4373 ἔδει
1187 4322 1282 4376 καὶ
1304 4325 1475 4395 χωρὶς
1493 4326 1587 4380 τοῦ
1612 4327 1861 4385 διαϐόλου
1882 4333 2045 4388 ἀπόλ-

355 4410 584 4477 λυσθαι;
612 4411 785 4466 Τοῦτο
800 4414 1156 4483 καὶγίνεται·
1179 4421 1276 4475 καὶ
1299 4421 1408 4493 γάρ
1430 4424 1617 4480 πολλοὶ
1639 4429 1733 4482 καὶ
1754 4431 1925 4502 χωρὶς
1945 4433 2041 4487 τοῦ

354 4505 600 4559 διαϐόλου
615 4506 963 4563 ἀπόλλυνται·
977 4512 1037 4564 οὺ
1052 4511 1161 4585 γάρ
1172 4514 1238 4586 δὴ
1250 4515 1428 4571 πάντα
1441 4519 1603 4584 αὐτὸς
1617 4529 2036 4593 κατασκευάζει,

353 4600 490 4695 ἀλλὰ
516 4600 683 4656 πολλὰ
709 4605 801 4658 καί
822 4606 931 4659 ἀπὸ
965 4608 1135 4680 μόνης
1160 4610 1370 4678 γίνεται
1395 4615 1494 4685 τῆς
1532 4616 1762 4683 νωθείας
1784 4621 1884 4693 τῆς
1909 4625 2040 4695 ἠμε-

351 4693 532 4766 τέρας·
547 4699 597 4750 εί
617 4697 674 4751 δέ
691 4716 794 4752 που
819 4702 1071 4768 κάκεῖνος
1089 4706 1282 4772 αἴτιος,
1302 4709 1335 4779 ἡ
1343 4708 1461 4779 μῶν
1476 4711 1577 4782 τὴν
1593 4713 1767 4786 ἀρχὴν
1780 4693 2040 4789 παρεχόν-

349 4806 478 4843 των.
494 4791 629 4845 Εἰπέ
644 4794 753 4866 γάρ
768 4813 879 4865 μοι,
899 4799 1030 4852 πότε
1046 4802 1074 4853 6
1091 4800 1337 4867 διάϐολος
1353 4803 1574 4874 ἴσχυσεν
1596 4809 1688 4863 ἐπὶ
1703 4811 1799 4866 τοῦ
1829 4814 1997 4868 Ἰούδα
2016 4833 2031 4885 ;

353 4884 483 4937 Ὅτε
509 4888 751 4959 εἰσῆλθε,
793 4894 978 4963 φησιν,
1006 4897 1087 4959 είς
1116 4898 1281 4953 αὐτὸν
1315 4901 1344 4953 6
1365 4901 1630 4968 Σατανᾶς.
1681 4907 1820 4961 Ἀλλ’
1867 4910 2032 4967 ἄκου-

350 4994 444 5076 σον
498 4980 597 5052 τὴν
641 4984 843 5037 αἰτίαν·
906 4987 984 5040 ὅτι
1039 4990 1282 5064 κλέπτης
1334 4991 1422 5067 ἦν,
1467 5000 1561 5052 καὶ
1603 5000 1672 5054 τὰ
1722 5003 2030 5076 βαλλόμενα

347 5074 669 5174 ἐϐάσταζεν.
721 5082 892 5147 Αὐτὸς
937 5085 1137 5142 ἔδωκεν
1176 5092 1325 5164 αὐτῷ
1375 5095 1719 5171 εὐρυχωρίαν
1771 5104 1870 5174 τῆς
1895 5074 2025 5159 Vela--

343 5170 498 5271 όδου·
530 5173 669 5229 ὥστε
718 5180 816 5250 οὐχ
853 5181 881 5234 ό
925 5183 1173 5251 διάϐολος
1203 5189 1303 5259 τὴν
1336 5189 1512 5264 ἀρχὴν
1555 5170 1854 5271 ἐντίθησιν,
1911 5204 2030 5258 ἀλλ’

343 5269 506 5338 ἡμεῖς
536 5272 699 5328 αὑτὸν
714 5274 997 5370 δεχόμεθα
1029 5283 1125 5336 καὶ
1162 5286 1457 5359 καλοῦμεν.
1505 5291 1647 5346 Ἀλλ’
1680 5269 1739 5350 εί
1773 5299 1850 5370 μὴ
1881 5301 2027 5356 ἐκεῖ-

341 5380 452 5429 119;,
482 5369 669 5437 φησὶν,
709 5366 798 5443 ἦν,
835 5374 934 5429 οὐκ
968 5376 1034 5432 ἂν
1066 5380 1278 5449 μεγάλα
1308 5384 1526 5453 ἐγένετο
1567 5388 1634 5443 τά
1666 5366 1848 5449 δεινά.-
1885 5396 2027 5452 Ἀλλ’

340 5459 719 5563 ἀπαραίτητος
747 5469 880 5540 ἡμῖν
899 5471 1126 5544 ἔμελλεν
1143 5472 1285 5533 εἶναι
1308 5481 1341 5551 ἡ
1369 5481 1616 5547 κόλασις·
1644 5485 1739 5541 νῦν
1764 5488 1866 5558 μὲν
1889 5492 2021 5563 γὰρ,

340 5555 615 5653 ἀγαπητέ,
646 5564 717 5617 τὰ
751 5564 855 5635 τῆς
897 5569 1175 5636 κολάσεως
1204 5575 1338 5646 ἡμῖν
1374 5578 1736 5653 ήμερώτερα,
1767 5555 1831 5640 ἐί
1858 5555 1915 5642 δέ
1954 5555 2024 5644 δι’

584 5658 956 5757 είργαζόμεθα
983 5667 1052 5719 τά
1081 5666 1250 5735 δεινά,
1281 5646 1557 5747 ἀφόρητος
1689 5680 1721 5750 ἡ
1752 5685 2018 5757 τιμωρία.

339 5739 607 5849 ξίπέ-γάρ
632 5766 744 5820 μοι,
768 5755 815 5808 εί
839 5756 1032 5826 ταῦτα,
1056 5760 1091 5816 δι
1118 5739 1366 5837 ἥμαρτεν
1448 5739 1649 5844 ζΑδδιμ,
1678 5739 1852 5849 χωρίς

339 5835 534 5913 anuli;
578 5845 816 5917 ἥμαρτε,
849 5855 931 5918 τίς
965 5858 1130 5913 αὐτὸν
1162 5835 1535 5938 ἂννέξήρπασε
1570 5835 2017 5941 τῶνηκίνδῦνωνς

406 6022 431 6050 ⁸³
460 6021 595 6080 Haec.
614 6026 693 6074 καὶ
717 6028 842 6089 μάλα
862 6035 1056 6094 εἰκότως
1080 6048 1131 6090 cl
1156 6024 1264 6093 mox
1294 6048 1408 6109 ἐκεῖ,
1433 6052 1612 6107 desunt
1652 6072 1699 6107 In
1737 6071 1838 6111 uno

2327 266 2351 297 ἢ

3751 405 3865 461 578

2187 521 2328 577 Ἀλλ’
2358 524 2459 577 οὐκ
2493 523 2559 577 ἀν
2586 525 2828 597 ἥμαρτε,
2855 522 3010 595 φησί.
3036 521 3209 576 Πόθεν
3240 538 3331 594 μοι
3358 516 3518 578 τοῦτο
3543 522 3758 595 λέγειςς
3798 526 3867 581 '0

2172 617 2283 690 γάρ
2306 619 2451 677 οὕτω
2477 620 2677 692 χαῦνος
2707 621 2802 675 καὶ
2828 620 3075 693 ῥᾴθυμος
3099 619 3197 674 καὶ
3226 620 3364 693 1:96;
3388 621 3576 675 ἀνοιαν
3605 623 3862 696 ἕτοιμος,

2169 716 2310 771 ὥστε
2341 716 2598 782 δέξασθαι
2628 719 2889 788 τοιαύτην
2920 716 3232 789 συμϐουλὴν
3255 754 3272 781 ,
3299 716 3485 789 πολλῷ
3516 718 3717 789 μᾶλλον
3762 730 3867 775 και

2166 812 2337 884 χωρὶς
2370 812 2564 868 τούτου
2588 813 2751 869 τοῦτο
2777 814 3002 883 γέγονεν
3031 812 3120 869 ἄν.
3148 814 3312 877 Ποῖος
3332 813 3581 877 διάϐολος
3609 817 3737 882 τοὺς
3761 817 3863 873 τοῦ

2178 910 2379 982 Ἰωσὴφ
2415 910 2679 982 ἀδελφοὺς
2731 911 2814 973 είς
2862 909 3061 981 φθόνον
3109 908 3402 977 ἐνέϐαλεν;
3443 913 3545 966 Ἂν
3593 916 3863 987 νήφωμεν

2165 1006 2370 1077 τοίνυν,
2402 1008 2703 1080 ἀγαπητοὶ,
2735 1008 2831 1061 καὶ
2872 1006 3282 1079 εὐδοκιμήσεως
3309 1008 3445 1079 ἡμῖν
3473 1009 3648 1075 αἴτιος
3679 1012 3709 1066 6
3738 1012 3860 1067 διά-

2166 1100 2326 1166 ϐολος
2348 1102 2585 1171 γίνεται.
2613 1101 2681 1155 Τί
2709 1101 2822 1174 γάρ
2843 1100 3045 1171 ἔϐλαψε
3068 1101 3163 1155 τὸν
3207 1101 3330 1156 Ἰὼϐ
3356 1104 3393 1174 ἡ
3415 1103 3655 1177 τοσαύτη
3686 1107 3859 1161 αὐτοῦ

2168 1199 2387 1271 μηχανή
2411 1197 2474 1263 δς
2504 1198 2596 1270 Μὴ
2629 1199 2810 1270 εἴπης,
2842 1197 3000 1269 φησὶ,
3032 1196 3213 1265 τοῦτο,
3241 1197 3357 1251 ἀλλ’
3388 1200 3417 1252 6
3452 1198 3688 1273 ἀσθενὴς
3722 1201 3855 1272 βλάο

2167 1313 2385 1352 πτεται.
2427 1295 2569 1351 Ἀλλ’
2599 1297 2628 1350 6
2646 1294 2901 1368 ἀσθενὴς,
2930 1294 3036 1350 κάν
3067 1294 3146 1368 μὴ
3169 1294 3418 1361 διάϐολος
3438 1292 3497 1369 ᾗ,
3526 1296 3855 1369 βλάπτεται.

2179 1393 2342 1447 ’Δλλά
2397 1393 2664 1466 μειζόνως
2683 1432 2700 1458 ,
2737 1392 2906 1466 φησὶ,
2955 1392 3096 1466 μετά
3141 1392 3242 1465 τῆς
3289 1392 3502 1448 ἐκείνου
3548 1395 3855 1468 ἐνεργείας.

2176 1489 2318 1544 Ἀλλ’
2344 1489 2588 1554 ἔλαττον,
2616 1491 2745 1544 ὅταν
2776 1488 2918 1562 μετά
2940 1489 3041 1562 τῆς
3066 1488 3276 1544 ἐκείνου
3294 1489 3580 1562 ἐνεργείας
3603 1492 3855 1567 ἁμάρτῃ,

2163 1585 2475 1652 κολάζεται·
2507 1587 2570 1639 ού
2608 1585 2719 1658 γὰρ
2749 1586 2970 1641 πάντων
2996 1586 3110 1639 τῶν
3141 1585 3563 1659 ἁμαρτημάτων
3591 1589 3651 1642 αί
3684 1590 3856 1645 αὐταὶ

2161 1682 2446 1755 τιμωρίαι.
2477 1681 2565 1755 Μὴ
2588 1681 2890 1753 ἀπατῶμεν
2912 1680 3141 1746 ἑαυτούς
3158 1697 3174 1716 ·
3209 1681 3311 1736 οῦκ
3339 1680 3489 1737 ἐστιν
3513 1685 3646 1755 ἡμῖν
3678 1685 3707 1739 6
3732 1685 3852 1741 διά-

2161 1779 2317 1845 ϐολος
2351 1780 2548 1846 αῖτιος,
2590 1779 2687 1833 ἐὰν
2726 1780 3023 1852 νήφωμεν·
3059 1779 3268 1844 ἐκεῖνος
3315 1780 3465 1851 ἡμᾶς
3501 1780 3705 1853 μᾶλλον
3740 1784 3851 1855 ἀφ-

2162 1877 2403 1944 υπνίζει,
2440 1880 2651 1944 ἐκεῖνος
2696 1879 2847 1951 ἡμᾶς
2893 1878 3174 1950 διεγείρει.
3208 1878 3347 1933 Εἰπὲ
3387 1879 3498 1952 γάρ
3548 1896 3639 1952 μοι
3670 1879 3850 1954 (τέως

2160 1976 2338 2031 ταῦτα
2369 1974 2766 2049 ἐξετάσωμεν),
2798 1977 2875 2049 μὴ
2908 1974 3051 2031 ἐστω
3079 1974 3265 2049 θηρία,
3297 1974 3375 2049 μὴ
3394 1976 3535 2032 ἔστω
3561 1977 3847 2050 ἀνωμαλία

2160 2074 2365 2146 ἀέρων,
2400 2074 2477 2146 μὴ
2507 2073 2684 2139 νόσος,
2730 2072 2805 2145 μὴ
2838 2073 3034 2138 λῦπαι,
3070 2071 3146 2145 μὴ
3179 2071 3434 2146 ἀθυμίαι,
3465 2073 3544 2147 μὴ
3579 2072 3762 2147 ἔτερόν
3787 2093 3843 2130 τι

2159 2169 2270 2225 τῶν
2316 2169 2596 2224 τοιούτων·
2635 2169 2691 2223 τί
2720 2170 2822 2223 οὐκ
2857 2168 2926 2225 ἂν
2966 2169 3188 2239 ἐγένετο
3226 2169 3258 2224 6
3289 2168 3616 2243 ἀνθρωποςς
3650 2172 3845 2244 Χοῖρος

2163 2268 2366 2340 μᾶλλον
2403 2268 2438 2341 ἢ
2483 2268 2793 2341 ἄνθρωπος,
2822 2266 2967 2323 δοκῶ
3002 2284 3117 2340 μοι,
3150 2267 3376 2338 γέγονεν
3413 2267 3480 2324 ἂν
3502 2309 3518 2335 ,
3549 2269 3847 2342 γαστριζό-

2163 2383 2323 2438 μενος
2361 2367 2457 2420 καὶ
2497 2365 2736 2434 μεθύων,
2768 2365 2864 2421 καὶ
2895 2365 3002 2420 61:6
3033 2364 3265 2438 μηδενδς
3289 2364 3496 2422 τούτων
3521 2366 3846 2439 ἐνοχλούμε-

2157 2480 2267 2526 νος.
2297 2462 2412 2517 Νῦν
2445 2462 2502 2519 δὲ
2530 2464 2589 2519 αἱ
2614 2462 2897 2535 φροντίδες
2917 2462 3010 2517 καὶ
3033 2463 3091 2518 αί
3120 2462 3387 2536 μέριμναι
3408 2463 3713 2535 γυμνάσιόν
3738 2465 3845 2519 είσι

2158 2561 2480 2632 φιλοσοφίας
2543 2563 2640 2616 καὶ
2705 2561 3081 2618 διδασκάλειον
3100 2600 3116 2628 ,
3175 2563 3273 2617 καὶ
3329 2561 3523 2635 ἀγωγὴ
3594 2561 3847 2628 παιδείας

2157 2663 2410 2734 ἀρίστης.
2453 2662 2658 2717 Σκόπει
2687 2661 2745 2716 δέ
2774 2661 2872 2717 καὶ
2900 2660 3078 2725 άλλως
3101 2674 3117 2691 ·
3151 2658 3440 2732 τρεφέσθω
3467 2676 3555 2725 τις
3595 2660 3656 2714 ἐν
3690 2659 3848 2732 βασι-

2155 2756 2323 2823 λείοις
2347 2759 2487 2830 μήτε
2511 2757 2854 2829 λυπούμενος
2874 2758 3015 2829 μήτε
3037 2756 3343 2829 φροντίζων
3373 2757 3512 2829 μήτε
3536 2756 3846 2830 μεριμνῶν,

2156 2854 2251 2908 καὶ
2288 2855 2428 2925 μήτε
2455 2853 2631 2925 ὀργῆς
2665 2853 2806 2924 ἔχων
2851 2852 3127 2926 πρόφασιν
3159 2853 3299 2925 μήτε
3340 2851 3674 2925 ἀποτυχίας,
3705 2852 3844 2908 ἀλλά

2156 2953 2358 3015 πάντα,
2390 2951 2537 3023 άπερ
2559 2951 2626 3007 ἂν
2651 2950 2990 3022 ἐπιθυμήσῃ,
3014 2949 3260 3016 ποιείτω,
3285 2949 3383 3004 καὶ
3409 2949 3855 3021 ἐπιτυγχανέτω,ε

2154 3049 2252 3104 καὶ
2283 3049 2493 3114 πάντας
2525 3049 2700 3122 ἐχέτω
2732 3048 3113 3113 ὑπακούοντας
3132 3065 3148 3082 ·
3181 3048 3249 3103 ἀν
3292 3048 3368 3121 μὴ
3409 3048 3615 3115 παντὸς
3647 3047 3843 3121 θηρίου

2153 3147 2494 3221 ἀλογώτερος
2518 3150 2742 3220 γένηται
2782 3150 2811 3203 6
2839 3147 3081 3213 τοιοῦτος
3101 3154 3163 3216 ος

2225 3263 2380 3340 [410]
2414 3265 2531 3320 Νῦν
2558 3266 2615 3320 δέ
2640 3265 2834 3339 ὥσπερ
2863 3265 3033 3336 ἀκόνη
3061 3263 3210 3320 ἐστὶν
3234 3260 3563 3337 ἐκτρίϐουσα
3593 3264 3746 3336 ἡμᾶς
3768 3263 3840 3318 τά

2151 3363 2263 3417 τῶν
2291 3364 2691 3436 περιστάσεων,
2721 3365 2791 3419 τά
2810 3363 2921 3419 τῶν
2942 3361 3192 3432 θλίψεων.
3221 3360 3325 3415 Διά
3348 3358 3503 3414 τοῦτο
3533 3360 3645 3413 τῶν
3669 3359 3836 3413 πλου-

2149 3461 2391 3517 τούντων
2416 3463 2467 3517 ot
2495 3462 2729 3535 πένητες
2753 3462 2829 3526 ὡς
2849 3456 2943 3517 ἐπὶ
2965 3460 3026 3517 τὸ
3047 3457 3296 3515 πλεῖστόν
3316 3461 3425 3514 εἰσι
3447 3458 3833 3533 συνετώτεροι,

2150 3561 2410 3634 καθάπερ
2459 3558 2680 3623 πολλοῖς
2718 3558 3176 3633 περικρουόμενοι
3214 3556 3314 3612 καὶ
3347 3555 3837 3629 περιαντλούμενοι

2149 3656 2383 3729 κύμασι.
2422 3657 2535 3712 Καὶ
2585 3655 2698 3727 γὰρ
2747 3657 2909 3728 σῶμα
2937 3655 2999 3710 1:6
3057 3655 3158 3727 μὲν
3206 3651 3378 3727 ἀργδν
3434 3653 3531 3708 καὶ
3578 3654 3847 3729 ἀκίνητον

2147 3752 2379 3816 νοσῶδες
2412 3752 2508 3806 καὶ
2558 3751 2755 3823 ἀηδὲς,
2790 3751 2853 3805 1:6
2889 3751 2945 3805 δέ
2980 3750 3308 3822 κινούμενον
3348 3749 3446 3804 καὶ
3488 3748 3697 3821 κάμνον
3738 3744 3839 3806 καὶ

2144 3846 2668 3920 ταλαιπωρούμενον
2709 3846 3045 3921 ὡραιότερον
3092 3848 3189 3903 καὶ⁸
3222 3846 3591 3919 ὑγιεινότερον
3616 3863 3634 3881 ·
3674 3845 3847 3907 τοῦτο,

2145 3945 2203 4000 δέ
2235 3945 2327 4000 ἐπὶ
2363 3944 2544 4017 ψυχῆς
2594 3942 2745 4017 εὖροι
2775 3960 2863 4009 τις
2900 3942 2986 3999 ἀν.
3023 3942 3138 3996 Καὶ
3175 3942 3395 4015 σίδηρος
3433 3944 3688 4013 κείμενος
3732 3941 3835 4015 μὲν

2142 4040 2542 4114 διαφθείρεται,
2559 4040 2933 4112 ἐργαζόμενος
2954 4040 3012 4094 δέ
3030 4038 3260 4111 λάμπει·
3287 4039 3547 4111 καὶψυχὴ
3567 4038 3835 4104 ὡσαύτως

2142 4137 2438 4208 κινουμένη
2458 4153 2473 4166 ·
2496 4136 2712 4208 κίνησις
2739 4136 2798 4191 δὲ
2821 4135 3002 4208 ψυχῆς
3033 4136 3089 4189 αἱ
3128 4137 3483 4206 περιστάσεις
3511 4127 3692 4190 αὗται.
3715 4136 3831 4190 Καὶ

2141 4233 2329 4305 τέχναι
2362 4231 2727 4299 ἀπόλλυνται,
2759 4232 2835 4304 μὴ
2880 4230 3211 4302 κινουμένης
3242 4229 3422 4302 ψυχῆς
3445 4246 3459 4262 ·
3501 4232 3734 4286 κινεῖται
3770 4229 3832 4285 δέ

2138 4329 2270 4385 ὅταν
2301 4328 2378 4401 μὴ
2405 4328 2585 4384 πάντα
2608 4323 2866 4403 εὐθέα·
2898 4330 3133 4386 κινεῖται
3153 4327 3264 4399 γὰρ
3285 4328 3391 4382 ὑπὸ
3414 4327 3521 4383 τῶν
3541 4328 3827 4384 ἐναντίων.

2136 4425 2203 4480 El
2225 4424 2301 4498 μὴ
2328 4426 2413 4498 είη
2437 4424 2675 4490 ἐναντία,
2701 4424 2856 4480 οὐδὲν
2882 4423 2949 4480 ἂν
2978 4425 3064 4496 εῖη
3087 4424 3149 4479 1:6
3169 4424 3374 4480 κινοῦν·
3406 4420 3540 4493 οἷον,
3572 4425 3622 4478 εί
3644 4424 3831 4480 πάντα

2135 4516 2205 4594 ἦν
2242 4521 2585 4594 εἰργασμένα
2612 4521 2797 4586 καλῶς
2815 4560 2832 4585 ,
2855 4520 2958 4575 οὐκ
2987 4520 3056 4575 ἂν
3081 4514 3241 4595 εῦρεν
3270 4522 3305 4592 ἡ
3333 4520 3498 4594 τέχνη
3528 4520 3825 4578 κινεῖσθαι.

2136 4614 2295 4671 Οὕτω
2313 4617 2431 4680 καὶ,
2458 4616 2530 4690 [εί
2559 4616 2742 4671 πάντα
2767 4611 2835 4687 ἦν
2863 4615 3005 4671 κατὰ
3032 4614 3160 4670 νοῦν
3182 4617 3334 4688 ἡμῖν,
3363 4618 3465 4672 οὐκ
3494 4616 3560 4672 ἂν
3597 4611 3759 4689 εὗρεν
3785 4618 3828 4690 ἡ

2133 4710 2281 4784 ψυχὴ
2321 4711 2594 4765 κινεῖσθαι
2614 4710 2656 4782 ο]
2696 4712 2745 4765 εί
2772 4709 3057 4781 πανταχοῦ
3091 4710 3495 4777 διεϐαστάζετο,
3529 4710 3702 4783 ἀηδὴς
3726 4705 3820 4782 ἦν.

2133 4809 2246 4879 οὐχ
2275 4809 2428 4880 ὁρᾷς,
2458 4809 2542 4862 ὅτι
2569 4808 2665 4862 καὶ
2692 4810 2917 4877 τροφοῖς
2942 4807 3459 4879 παρακελευόμεθα,
3496 4808 3572 4879 μὴ
3594 4808 3826 4863 διαπαν-

2129 4907 2224 4971 1:6;
2260 4906 2550 4977 βαστάζειν
2580 4905 2649 4959 τά
2680 4903 2873 4959 παιδία
2893 4944 2908 4967 ,
2945 4903 3087 4958 ὥστε
3117 4902 3193 4976 μὴ
3231 4905 3312 4969 εἰς
3358 4904 3480 4969 ἐθος
3511 4904 3651 4959 αὐτά
3684 4904 3823 4959 καθ-

2133 4994 2308 5073 ιστᾷν,
2361 5001 2498 5072 μήτε
2547 4998 2768 5071 ἐξίτηλα
2823 4998 2964 5054 αὐτά
3017 5002 3229 5068 ποιεῖν;
3262 5000 3361 5054 Διά
3404 4999 3565 5053 τοῦτο
3608 4999 3677 5054 τά
3727 4992 3833 5054 61:"-

2129 5090 2313 5173 ὕψεσιν
2333 5096 2747 5168 ἀνατρεφόμενα
2777 5095 2886 5150 τῶν
2915 5094 3146 5165 γονέων,
3184 5096 3556 5170 ἀσθενέστερα
3582 5098 3813 5167 γίνεται,

2129 5184 2226 5264 τῆς
2255 5192 2471 5262 φειδοῦς
2500 5193 2599 5263 τῆς
2639 5192 2871 5263 ἀκαίρου
2913 5209 2973 5245 τε
3015 5192 3111 5246 καὶ
3133 5191 3376 5265 ἀμέτρου
3408 5190 3813 5264 λυμαινομένης

2124 5287 2308 5342 αὐτῶν
2330 5288 2430 5359 τὴν
2460 5286 2696 5356 ὑγίειαν.
2733 5286 2914 5342 Καλὸν
2955 5288 3053 5343 καὶ
3083 5286 3230 5360 λύπη
3264 5288 3582 5361 σύμμετρος
3602 5327 3619 5353 ,
3649 5287 3814 5343 καλὸν

2122 5385 2220 5439 καὶ
2248 5384 2491 5456 φροντὶς,
2525 5382 2691 5438 καλὸν
2719 5385 2814 5439 καὶ
2836 5384 3034 5440 ἔνδεια·
3073 5388 3332 5459 ἰσχυροὺς
3356 5387 3468 5459 γὰρ
3493 5387 3641 5459 ημᾶς
3669 5387 3817 5442 ποιεῖ

2124 5480 2266 5537 καλά
2301 5481 2394 5536 καὶ
2420 5481 2489 5534 τά
2517 5481 2738 5534 ἐναντία
2759 5498 2771 5511 ο
2812 5481 3045 5538 ἕκαστον
3078 5486 3190 5556 γὰρ
3218 5484 3399 5540 αὐτῶν
3438 5484 3678 5556 ἄμετρον
3719 5499 3814 5554 γε-

2122 5574 2348 5649 νόμενον
2372 5576 2659 5642 ἀπόλλυσι,
2683 5576 2860 5632 καὶτὸ
2882 5578 2984 5650 μὲν
3010 5582 3218 5652 χαυνοῖ,
3234 5580 3296 5634 τὸ
3318 5580 3375 5635 δὲ
3397 5580 3810 5652 διαρῥήγνυσιν.

2121 5676 2238 5748 οὐχ
2262 5676 2413 5748 ὁρᾷς,
2448 5675 2531 5729 ὅτι
2555 5673 2800 5740 καὶτοὺς
2825 5675 2992 5731 αὐτοῦ
3028 5676 3278 5749 μαθητάς
3313 5679 3342 5731 6
3372 5677 3607 5749 Χριστὸς
3636 5660 3811 5741 οὕτως

2119 5771 2340 5843 ἐνάγει;
2383 5770 2448 5825 El
2493 5771 2693 5823 ἐκεῖνοι
2735 5769 2792 5824 δέ
2835 5771 3041 5826 τούτων
3092 5773 3339 5843 ἐδέοντο,
3382 5773 3562 5846 πολλῷ
3609 5773 3810 5844 μᾶλλον

2116 5871 2300 5942 ἡμεῖς.
2324 5870 2388 5922 Et
2414 5869 2471 5923 δέ
2495 5866 2749 5939 δεόμεθα,
2777 5869 2853 5941 μὴ
2877 5870 3299 5945 ἀγανακτῶμεν,
3328 5874 3462 5929 ἀλλά
3485 5873 3580 5929 καὶ
3606 5873 3810 5947 χαίρω-

2117 6073 2149 6122 h
2177 6009 2209 6122 ἰ
2235 6007 2373 6117 Usus
2409 6002 2556 6056 αὐτοῦ
2611 6005 2868 6075 ἀμηχανία.
2957 6011 2981 6043 ⁸
3020 6008 3082 6061 Ὅ
3127 6010 3343 6070 τοιοῦτος
3389 6013 3488 6064 duo
3521 6011 3662 6064 codd.
3701 6024 3804 6065 non

2151 6086 2179 6121 a
2214 6082 2276 6121 cn
2304 6097 2315 6111 -

2151 6082 2315 6121 auem.
