  <div class='ocr_page' id='page_1' title='image "/cluster/home/n/w/nwhite01/storage/ocr_20150623/60:no.9/coo.31924054869601/382.png"; bbox 0 0 4112 6410; ppageno 0'>
   <div class='ocr_carea' id='block_1_1' title="bbox 364 419 472 474">
    <p class='ocr_par' dir='ltr' id='par_1_1' title="bbox 364 419 472 474">
     <span class='ocr_line' id='line_1_1' title="bbox 364 419 472 474; baseline -0.037 1"><span class='ocrx_word' id='word_1_1' title='bbox 364 419 472 474; x_wconf 76' lang='lat'><strong>5&#39;77</strong></span> 
     </span>
    </p>
   </div>
   <div class='ocr_carea' id='block_1_2' title="bbox 363 511 1968 593">
    <p class='ocr_par' dir='ltr' id='par_1_2' title="bbox 363 511 1968 593">
     <span class='ocr_line' id='line_1_2' title="bbox 363 511 1968 593; baseline -0.02 -4"><span class='ocrx_word' id='word_1_2' title='bbox 363 537 563 589; x_wconf 88' lang='lat' dir='ltr'><strong>derunt</strong></span> <span class='ocrx_word' id='word_1_3' title='bbox 590 541 606 593; x_wconf 87' lang='lat'><strong>;</strong></span> <span class='ocrx_word' id='word_1_4' title='bbox 657 527 783 583; x_wconf 88' lang='lat' dir='ltr'><strong>hinc</strong></span> <span class='ocrx_word' id='word_1_5' title='bbox 820 523 966 579; x_wconf 91' lang='lat' dir='ltr'><strong>enim</strong></span> <span class='ocrx_word' id='word_1_6' title='bbox 997 519 1072 574; x_wconf 84' lang='lat' dir='ltr'><strong>illi</strong></span> <span class='ocrx_word' id='word_1_7' title='bbox 1103 513 1438 572; x_wconf 82' lang='lat' dir='ltr'><strong>sacerdotale</strong></span> <span class='ocrx_word' id='word_1_8' title='bbox 1468 511 1842 566; x_wconf 74' lang='lat' dir='ltr'><strong>indumentum</strong></span> <span class='ocrx_word' id='word_1_9' title='bbox 1870 519 1968 575; x_wconf 86' lang='lat' dir='ltr'><strong>pa-</strong></span> 
     </span>
    </p>
   </div>
   <div class='ocr_carea' id='block_1_3' title="bbox 364 603 1968 688">
    <p class='ocr_par' dir='ltr' id='par_1_3' title="bbox 364 603 1968 688">
     <span class='ocr_line' id='line_1_3' title="bbox 364 603 1968 688; baseline -0.017 -8"><span class='ocrx_word' id='word_1_10' title='bbox 364 633 543 688; x_wconf 92' lang='lat' dir='ltr'><strong>ratur,</strong></span> <span class='ocrx_word' id='word_1_11' title='bbox 576 623 712 675; x_wconf 92' lang='lat' dir='ltr'><strong>tiara</strong></span> <span class='ocrx_word' id='word_1_12' title='bbox 742 614 1057 686; x_wconf 90' lang='lat' dir='ltr'><strong>imponitur,</strong></span> <span class='ocrx_word' id='word_1_13' title='bbox 1087 620 1140 666; x_wconf 92' lang='lat' dir='ltr'><strong>et</strong></span> <span class='ocrx_word' id='word_1_14' title='bbox 1171 609 1413 678; x_wconf 89' lang='lat' dir='ltr'><strong>reliquus</strong></span> <span class='ocrx_word' id='word_1_15' title='bbox 1442 603 1670 658; x_wconf 85' lang='lat' dir='ltr'><strong>vestium</strong></span> <span class='ocrx_word' id='word_1_16' title='bbox 1709 609 1930 654; x_wconf 87' lang='lat' dir='ltr'><strong>ornatus</strong></span> <span class='ocrx_word' id='word_1_17' title='bbox 1952 637 1968 663; x_wconf 95' lang='lat'><strong>,</strong></span> 
     </span>
    </p>
   </div>
   <div class='ocr_carea' id='block_1_4' title="bbox 366 687 1971 778">
    <p class='ocr_par' dir='ltr' id='par_1_4' title="bbox 366 687 1971 778">
     <span class='ocr_line' id='line_1_4' title="bbox 366 687 1971 778; baseline -0.02 -5"><span class='ocrx_word' id='word_1_18' title='bbox 366 727 424 772; x_wconf 88' lang='lat' dir='ltr'><strong>ut</strong></span> <span class='ocrx_word' id='word_1_19' title='bbox 465 687 739 769; x_wconf 89' lang='lat' dir='ltr'><strong>ordinatio</strong></span> <span class='ocrx_word' id='word_1_20' title='bbox 764 708 882 778; x_wconf 86' lang='lat' dir='ltr'><strong>ejus</strong></span> <span class='ocrx_word' id='word_1_21' title='bbox 906 706 1024 760; x_wconf 90' lang='lat' dir='ltr'><strong>sine</strong></span> <span class='ocrx_word' id='word_1_22' title='bbox 1054 701 1216 757; x_wconf 91' lang='lat' dir='ltr'><strong>dubio</strong></span> <span class='ocrx_word' id='word_1_23' title='bbox 1239 697 1312 754; x_wconf 87' lang='lat' dir='ltr'><strong>sit</strong></span> <span class='ocrx_word' id='word_1_24' title='bbox 1333 697 1349 729; x_wconf 88' lang='grc'>¹</span> <span class='ocrx_word' id='word_1_25' title='bbox 1375 713 1392 763; x_wconf 95' lang='lat'><strong>;</strong></span> <span class='ocrx_word' id='word_1_26' title='bbox 1434 703 1494 751; x_wconf 89' lang='lat' dir='ltr'><strong>ut</strong></span> <span class='ocrx_word' id='word_1_27' title='bbox 1519 693 1772 762; x_wconf 86' lang='lat' dir='ltr'><strong>deinceps</strong></span> <span class='ocrx_word' id='word_1_28' title='bbox 1799 687 1971 744; x_wconf 84' lang='lat' dir='ltr'><strong>admi-</strong></span> 
     </span>
    </p>
   </div>
   <div class='ocr_carea' id='block_1_5' title="bbox 365 783 1969 864">
    <p class='ocr_par' dir='ltr' id='par_1_5' title="bbox 365 783 1969 864">
     <span class='ocr_line' id='line_1_5' title="bbox 365 783 1969 864; baseline -0.018 0"><span class='ocrx_word' id='word_1_29' title='bbox 365 807 568 864; x_wconf 80' lang='lat' dir='ltr'><strong>rationi</strong></span> <span class='ocrx_word' id='word_1_30' title='bbox 604 804 869 858; x_wconf 76' lang='lat' dir='ltr'><strong>habeatur</strong></span> <span class='ocrx_word' id='word_1_31' title='bbox 897 814 925 851; x_wconf 93' lang='lat' dir='ltr'><strong>a</strong></span> <span class='ocrx_word' id='word_1_32' title='bbox 960 797 1158 851; x_wconf 86' lang='lat' dir='ltr'><strong>lamina</strong></span> <span class='ocrx_word' id='word_1_33' title='bbox 1187 806 1347 848; x_wconf 78' lang='lat' dir='ltr'><strong>:nrea.</strong></span> <span class='ocrx_word' id='word_1_34' title='bbox 1395 789 1560 845; x_wconf 84' lang='lat' dir='ltr'><strong>Scitis</strong></span> <span class='ocrx_word' id='word_1_35' title='bbox 1589 787 1758 857; x_wconf 88' lang='lat' dir='ltr'><strong>probe</strong></span> <span class='ocrx_word' id='word_1_36' title='bbox 1797 783 1969 837; x_wconf 89' lang='lat' dir='ltr'><strong>histo-</strong></span> 
     </span>
    </p>
   </div>
   <div class='ocr_carea' id='block_1_6' title="bbox 365 873 1971 964">
    <p class='ocr_par' dir='ltr' id='par_1_6' title="bbox 365 873 1971 964">
     <span class='ocr_line' id='line_1_6' title="bbox 365 873 1971 964; baseline -0.017 -9"><span class='ocrx_word' id='word_1_37' title='bbox 365 903 501 955; x_wconf 68' lang='lat' dir='ltr'><strong>riam</strong></span> <span class='ocrx_word' id='word_1_38' title='bbox 534 916 547 952; x_wconf 93' lang='lat'><strong>:</strong></span> <span class='ocrx_word' id='word_1_39' title='bbox 573 895 800 964; x_wconf 79' lang='lat' dir='ltr'><strong>ideoque</strong></span> <span class='ocrx_word' id='word_1_40' title='bbox 826 899 1210 962; x_wconf 71' lang='lat' dir='ltr'><strong>praetercnrro.</strong></span> <span class='ocrx_word' id='word_1_41' title='bbox 1237 883 1302 938; x_wconf 85' lang='lat' dir='ltr'><strong>Et</strong></span> <span class='ocrx_word' id='word_1_42' title='bbox 1326 882 1370 938; x_wconf 90' lang='lat' dir='ltr'><strong>si</strong></span> <span class='ocrx_word' id='word_1_43' title='bbox 1401 881 1583 946; x_wconf 81' lang='lat' dir='ltr'><strong>vultis,</strong></span> <span class='ocrx_word' id='word_1_44' title='bbox 1615 878 1787 950; x_wconf 88' lang='lat' dir='ltr'><strong>prisca</strong></span> <span class='ocrx_word' id='word_1_45' title='bbox 1818 890 1880 930; x_wconf 91' lang='lat' dir='ltr'><strong>ea</strong></span> <span class='ocrx_word' id='word_1_46' title='bbox 1902 873 1971 929; x_wconf 90' lang='lat' dir='ltr'><strong>de</strong></span> 
     </span>
    </p>
   </div>
   <div class='ocr_carea' id='block_1_7' title="bbox 366 967 1972 1050">
    <p class='ocr_par' dir='ltr' id='par_1_7' title="bbox 366 967 1972 1050">
     <span class='ocr_line' id='line_1_7' title="bbox 366 967 1972 1050; baseline -0.018 0"><span class='ocrx_word' id='word_1_47' title='bbox 366 1011 425 1050; x_wconf 85' lang='lat' dir='ltr'><strong>re</strong></span> <span class='ocrx_word' id='word_1_48' title='bbox 453 992 735 1046; x_wconf 86' lang='lat' dir='ltr'><strong>adeamus.</strong></span> <span class='ocrx_word' id='word_1_49' title='bbox 765 985 894 1040; x_wconf 87' lang='lat' dir='ltr'><strong>Cain</strong></span> <span class='ocrx_word' id='word_1_50' title='bbox 926 984 1146 1038; x_wconf 83' lang='lat' dir='ltr'><strong>fratrem</strong></span> <span class='ocrx_word' id='word_1_51' title='bbox 1176 975 1404 1038; x_wconf 90' lang='lat' dir='ltr'><strong>occidit;</strong></span> <span class='ocrx_word' id='word_1_52' title='bbox 1446 972 1542 1029; x_wconf 90' lang='lat' dir='ltr'><strong>sed</strong></span> <span class='ocrx_word' id='word_1_53' title='bbox 1580 972 1657 1027; x_wconf 80' lang='lat' dir='ltr'><strong>sic</strong></span> <span class='ocrx_word' id='word_1_54' title='bbox 1699 969 1772 1025; x_wconf 90' lang='lat' dir='ltr'><strong>illi</strong></span> <span class='ocrx_word' id='word_1_55' title='bbox 1803 967 1972 1038; x_wconf 88' lang='lat' dir='ltr'><strong>magis</strong></span> 
     </span>
    </p>
   </div>
   <div class='ocr_carea' id='block_1_8' title="bbox 367 1055 1970 1154">
    <p class='ocr_par' dir='ltr' id='par_1_8' title="bbox 367 1055 1970 1154">
     <span class='ocr_line' id='line_1_8' title="bbox 367 1055 1970 1154; baseline -0.017 -17"><span class='ocrx_word' id='word_1_56' title='bbox 367 1081 572 1154; x_wconf 78' lang='lat' dir='ltr'><strong>proluit</strong></span> <span class='ocrx_word' id='word_1_57' title='bbox 598 1097 612 1132; x_wconf 94' lang='lat'><strong>:</strong></span> <span class='ocrx_word' id='word_1_58' title='bbox 656 1075 780 1132; x_wconf 90' lang='lat' dir='ltr'><strong>audi</strong></span> <span class='ocrx_word' id='word_1_59' title='bbox 811 1074 953 1128; x_wconf 92' lang='lat' dir='ltr'><strong>enim</strong></span> <span class='ocrx_word' id='word_1_60' title='bbox 993 1069 1120 1141; x_wconf 89' lang='lat' dir='ltr'><strong>quid</strong></span> <span class='ocrx_word' id='word_1_61' title='bbox 1151 1068 1292 1124; x_wconf 89' lang='lat' dir='ltr'><strong>dicat</strong></span> <span class='ocrx_word' id='word_1_62' title='bbox 1317 1085 1330 1122; x_wconf 97' lang='lat'><strong>:</strong></span> <span class='ocrx_word' id='word_1_63' title='bbox 1369 1064 1480 1120; x_wconf 73' lang='lat' dir='ltr'><strong>Vox</strong></span> <span class='ocrx_word' id='word_1_64' title='bbox 1502 1061 1764 1154; x_wconf 72' lang='lat' dir='ltr'><strong>sanguinis</strong></span> <span class='ocrx_word' id='word_1_65' title='bbox 1791 1055 1970 1154; x_wconf 58' lang='lat' dir='ltr'><strong>fratris</strong></span> 
     </span>
    </p>
   </div>
   <div class='ocr_carea' id='block_1_9' title="bbox 367 1148 1967 1235">
    <p class='ocr_par' dir='ltr' id='par_1_9' title="bbox 367 1148 1967 1235">
     <span class='ocr_line' id='line_1_9' title="bbox 367 1148 1967 1235; baseline -0.018 -8"><span class='ocrx_word' id='word_1_66' title='bbox 367 1148 441 1229; x_wconf 72' lang='lat' dir='ltr'><strong>fui</strong></span> <span class='ocrx_word' id='word_1_67' title='bbox 475 1173 666 1226; x_wconf 84' lang='lat' dir='ltr'><strong>clamat</strong></span> <span class='ocrx_word' id='word_1_68' title='bbox 693 1167 760 1221; x_wconf 83' lang='lat' dir='ltr'><strong>ad</strong></span> <span class='ocrx_word' id='word_1_69' title='bbox 792 1183 870 1219; x_wconf 79' lang='lat' dir='ltr'><strong>me</strong></span> <span class='ocrx_word' id='word_1_70' title='bbox 903 1162 1053 1235; x_wconf 81' lang='lat' dir='ltr'><strong>(Gen.</strong></span> <span class='ocrx_word' id='word_1_71' title='bbox 1084 1162 1138 1216; x_wconf 69' lang='grc' dir='ltr'><strong>ι.</strong></span> <span class='ocrx_word' id='word_1_72' title='bbox 1171 1159 1294 1229; x_wconf 76' lang='grc'><strong>10);</strong></span> <span class='ocrx_word' id='word_1_73' title='bbox 1324 1167 1378 1212; x_wconf 91' lang='lat' dir='ltr'><strong>et</strong></span> <span class='ocrx_word' id='word_1_74' title='bbox 1407 1169 1595 1210; x_wconf 89' lang='lat' dir='ltr'><strong>rursus</strong></span> <span class='ocrx_word' id='word_1_75' title='bbox 1624 1151 1781 1206; x_wconf 85' lang='lat' dir='ltr'><strong>alibi:</strong></span> <span class='ocrx_word' id='word_1_76' title='bbox 1827 1148 1967 1204; x_wconf 79' lang='lat' dir='ltr'><strong>San-</strong></span> 
     </span>
    </p>
   </div>
   <div class='ocr_carea' id='block_1_10' title="bbox 369 1237 1970 1336">
    <p class='ocr_par' dir='ltr' id='par_1_10' title="bbox 369 1237 1970 1336">
     <span class='ocr_line' id='line_1_10' title="bbox 369 1237 1970 1336; baseline -0.019 -16"><span class='ocrx_word' id='word_1_77' title='bbox 369 1265 524 1336; x_wconf 72' lang='lat' dir='ltr'><strong>guine</strong></span> <span class='ocrx_word' id='word_1_78' title='bbox 551 1261 734 1316; x_wconf 72' lang='lat' dir='ltr'><strong>melius</strong></span> <span class='ocrx_word' id='word_1_79' title='bbox 762 1258 994 1322; x_wconf 79' lang='lat' dir='ltr'><strong>loquente</strong></span> <span class='ocrx_word' id='word_1_80' title='bbox 1019 1269 1172 1324; x_wconf 80' lang='lat' dir='ltr'><strong>quam</strong></span> <span class='ocrx_word' id='word_1_81' title='bbox 1197 1249 1320 1304; x_wconf 82' lang='lat' dir='ltr'><strong>Abel</strong></span> <span class='ocrx_word' id='word_1_82' title='bbox 1347 1247 1366 1319; x_wconf 90' lang='lat'>(</span> <span class='ocrx_word' id='word_1_83' title='bbox 1392 1245 1548 1300; x_wconf 83' lang='lat' dir='ltr'><strong>Hebr.</strong></span> <span class='ocrx_word' id='word_1_84' title='bbox 1590 1242 1676 1336; x_wconf 54' lang='lat'><strong>12.</strong></span> <span class='ocrx_word' id='word_1_85' title='bbox 1712 1240 1836 1310; x_wconf 66' lang='lat'><strong>‘24).</strong></span> <span class='ocrx_word' id='word_1_86' title='bbox 1882 1237 1970 1336; x_wconf 51' lang='grc' dir='ltr'><strong>ξεῖ-</strong></span> 
     </span>
    </p>
   </div>
   <div class='ocr_carea' id='block_1_11' title="bbox 373 1332 1964 1412">
    <p class='ocr_par' dir='ltr' id='par_1_11' title="bbox 373 1332 1964 1412">
     <span class='ocr_line' id='line_1_11' title="bbox 373 1332 1964 1412; baseline -0.018 -1"><span class='ocrx_word' id='word_1_87' title='bbox 373 1332 582 1412; x_wconf 80' lang='lat' dir='ltr'><strong>beravit</strong></span> <span class='ocrx_word' id='word_1_88' title='bbox 629 1353 778 1404; x_wconf 80' lang='grc' dir='ltr'><strong>ἰΙΙιηιι</strong></span> <span class='ocrx_word' id='word_1_89' title='bbox 821 1348 890 1401; x_wconf 89' lang='lat' dir='ltr'><strong>ab</strong></span> <span class='ocrx_word' id='word_1_90' title='bbox 935 1348 1141 1399; x_wconf 86' lang='lat' dir='ltr'><strong>incerto</strong></span> <span class='ocrx_word' id='word_1_91' title='bbox 1183 1339 1339 1394; x_wconf 90' lang='lat' dir='ltr'><strong>futuri</strong></span> <span class='ocrx_word' id='word_1_92' title='bbox 1366 1379 1380 1400; x_wconf 91' lang='lat'><strong>,</strong></span> <span class='ocrx_word' id='word_1_93' title='bbox 1424 1334 1727 1391; x_wconf 88' lang='lat' dir='ltr'><strong>mercedem</strong></span> <span class='ocrx_word' id='word_1_94' title='bbox 1772 1332 1964 1383; x_wconf 80' lang='lat' dir='ltr'><strong>auxit:</strong></span> 
     </span>
    </p>
   </div>
   <div class='ocr_carea' id='block_1_12' title="bbox 375 1422 1966 1501">
    <p class='ocr_par' dir='ltr' id='par_1_12' title="bbox 375 1422 1966 1501">
     <span class='ocr_line' id='line_1_12' title="bbox 375 1422 1966 1501; baseline -0.018 0"><span class='ocrx_word' id='word_1_95' title='bbox 375 1447 624 1501; x_wconf 84' lang='lat' dir='ltr'><strong>novimus</strong></span> <span class='ocrx_word' id='word_1_96' title='bbox 648 1454 837 1496; x_wconf 92' lang='lat' dir='ltr'><strong>omnes</strong></span> <span class='ocrx_word' id='word_1_97' title='bbox 862 1437 1247 1496; x_wconf 90' lang='lat' dir='ltr'><strong>dilectionem,</strong></span> <span class='ocrx_word' id='word_1_98' title='bbox 1288 1444 1447 1498; x_wconf 88' lang='lat' dir='ltr'><strong>quam</strong></span> <span class='ocrx_word' id='word_1_99' title='bbox 1494 1428 1631 1480; x_wconf 89' lang='lat' dir='ltr'><strong>Deus</strong></span> <span class='ocrx_word' id='word_1_100' title='bbox 1659 1439 1782 1491; x_wconf 83' lang='lat' dir='ltr'><strong>erga</strong></span> <span class='ocrx_word' id='word_1_101' title='bbox 1818 1422 1966 1474; x_wconf 89' lang='lat' dir='ltr'><strong>illnnt</strong></span> 
     </span>
    </p>
   </div>
   <div class='ocr_carea' id='block_1_13' title="bbox 377 1511 1967 1600">
    <p class='ocr_par' dir='ltr' id='par_1_13' title="bbox 377 1511 1967 1600">
     <span class='ocr_line' id='line_1_13' title="bbox 377 1511 1967 1600; baseline -0.019 -7"><span class='ocrx_word' id='word_1_102' title='bbox 377 1537 576 1593; x_wconf 79' lang='lat' dir='ltr'><strong>habuit.</strong></span> <span class='ocrx_word' id='word_1_103' title='bbox 627 1534 683 1588; x_wconf 92' lang='lat' dir='ltr'><strong>ln</strong></span> <span class='ocrx_word' id='word_1_104' title='bbox 715 1545 821 1600; x_wconf 87' lang='lat' dir='ltr'><strong>quo</strong></span> <span class='ocrx_word' id='word_1_105' title='bbox 849 1529 1010 1583; x_wconf 73' lang='lat' dir='ltr'><strong>hesns</strong></span> <span class='ocrx_word' id='word_1_106' title='bbox 1035 1534 1151 1588; x_wconf 88' lang='lat' dir='ltr'><strong>est,</strong></span> <span class='ocrx_word' id='word_1_107' title='bbox 1185 1521 1341 1577; x_wconf 89' lang='lat' dir='ltr'><strong>citius</strong></span> <span class='ocrx_word' id='word_1_108' title='bbox 1370 1530 1543 1574; x_wconf 89' lang='lat' dir='ltr'><strong>morte</strong></span> <span class='ocrx_word' id='word_1_109' title='bbox 1577 1513 1862 1570; x_wconf 85' lang='lat' dir='ltr'><strong>sublatus?</strong></span> <span class='ocrx_word' id='word_1_110' title='bbox 1914 1511 1967 1564; x_wconf 91' lang='lat' dir='ltr'><strong>ln</strong></span> 
     </span>
    </p>
   </div>
   <div class='ocr_carea' id='block_1_14' title="bbox 386 1602 1969 1694">
    <p class='ocr_par' dir='ltr' id='par_1_14' title="bbox 386 1602 1969 1694">
     <span class='ocr_line' id='line_1_14' title="bbox 386 1602 1969 1694; baseline -0.016 -12"><span class='ocrx_word' id='word_1_111' title='bbox 386 1628 572 1682; x_wconf 91' lang='lat' dir='ltr'><strong>nullo:</strong></span> <span class='ocrx_word' id='word_1_112' title='bbox 611 1621 738 1694; x_wconf 87' lang='lat' dir='ltr'><strong>quid</strong></span> <span class='ocrx_word' id='word_1_113' title='bbox 776 1620 954 1684; x_wconf 90' lang='lat' dir='ltr'><strong>enim,</strong></span> <span class='ocrx_word' id='word_1_114' title='bbox 993 1631 1199 1687; x_wconf 61' lang='lat' dir='ltr'><strong>quatso,</strong></span> <span class='ocrx_word' id='word_1_115' title='bbox 1241 1613 1515 1666; x_wconf 91' lang='lat' dir='ltr'><strong>lucrantur</strong></span> <span class='ocrx_word' id='word_1_116' title='bbox 1557 1608 1588 1662; x_wconf 92' lang='lat' dir='ltr'><strong>ii</strong></span> <span class='ocrx_word' id='word_1_117' title='bbox 1637 1605 1726 1672; x_wconf 80' lang='lat' dir='ltr'><strong>qui</strong></span> <span class='ocrx_word' id='word_1_118' title='bbox 1768 1602 1969 1656; x_wconf 83' lang='lat' dir='ltr'><strong>tardius</strong></span> 
     </span>
    </p>
   </div>
   <div class='ocr_carea' id='block_1_15' title="bbox 390 1693 1964 1777">
    <p class='ocr_par' dir='ltr' id='par_1_15' title="bbox 390 1693 1964 1777">
     <span class='ocr_line' id='line_1_15' title="bbox 390 1693 1964 1777; baseline -0.017 -5"><span class='ocrx_word' id='word_1_119' title='bbox 390 1693 723 1772; x_wconf 83' lang='lat' dir='ltr'><strong>moriuntur?</strong></span> <span class='ocrx_word' id='word_1_120' title='bbox 764 1702 950 1767; x_wconf 73' lang='lat' dir='ltr'><strong>Nihil:</strong></span> <span class='ocrx_word' id='word_1_121' title='bbox 985 1722 1158 1777; x_wconf 89' lang='lat' dir='ltr'><strong>neque</strong></span> <span class='ocrx_word' id='word_1_122' title='bbox 1186 1704 1328 1759; x_wconf 89' lang='lat' dir='ltr'><strong>enim</strong></span> <span class='ocrx_word' id='word_1_123' title='bbox 1361 1700 1586 1756; x_wconf 82' lang='lat' dir='ltr'><strong>felicitas</strong></span> <span class='ocrx_word' id='word_1_124' title='bbox 1629 1713 1694 1752; x_wconf 81' lang='lat' dir='ltr'><strong>ex</strong></span> <span class='ocrx_word' id='word_1_125' title='bbox 1737 1703 1843 1750; x_wconf 75' lang='lat' dir='ltr'><strong>VlL‘l</strong></span> <span class='ocrx_word' id='word_1_126' title='bbox 1883 1693 1964 1748; x_wconf 92' lang='lat' dir='ltr'><strong>vel</strong></span> 
     </span>
    </p>
   </div>
   <div class='ocr_carea' id='block_1_16' title="bbox 393 1787 1966 1882">
    <p class='ocr_par' dir='ltr' id='par_1_16' title="bbox 393 1787 1966 1882">
     <span class='ocr_line' id='line_1_16' title="bbox 393 1787 1966 1882; baseline -0.017 -16"><span class='ocrx_word' id='word_1_127' title='bbox 393 1811 542 1882; x_wconf 83' lang='lat' dir='ltr'><strong>longa</strong></span> <span class='ocrx_word' id='word_1_128' title='bbox 569 1807 652 1864; x_wconf 86' lang='lat' dir='ltr'><strong>vel</strong></span> <span class='ocrx_word' id='word_1_129' title='bbox 688 1802 842 1861; x_wconf 92' lang='lat' dir='ltr'><strong>brevi</strong></span> <span class='ocrx_word' id='word_1_130' title='bbox 873 1799 1099 1872; x_wconf 90' lang='lat' dir='ltr'><strong>pendet,</strong></span> <span class='ocrx_word' id='word_1_131' title='bbox 1129 1796 1221 1851; x_wconf 90' lang='lat' dir='ltr'><strong>sed</strong></span> <span class='ocrx_word' id='word_1_132' title='bbox 1258 1811 1325 1850; x_wconf 86' lang='lat' dir='ltr'><strong>ex</strong></span> <span class='ocrx_word' id='word_1_133' title='bbox 1366 1808 1468 1858; x_wconf 90' lang='lat' dir='ltr'><strong>eo,</strong></span> <span class='ocrx_word' id='word_1_134' title='bbox 1495 1789 1638 1861; x_wconf 89' lang='lat' dir='ltr'><strong>quod</strong></span> <span class='ocrx_word' id='word_1_135' title='bbox 1677 1788 1784 1843; x_wconf 88' lang='lat' dir='ltr'><strong>vita</strong></span> <span class='ocrx_word' id='word_1_136' title='bbox 1830 1787 1966 1882; x_wconf 87' lang='lat' dir='ltr'><strong>bene</strong></span> 
     </span>
    </p>
   </div>
   <div class='ocr_carea' id='block_1_17' title="bbox 388 1881 1972 1965">
    <p class='ocr_par' dir='ltr' id='par_1_17' title="bbox 388 1881 1972 1965">
     <span class='ocr_line' id='line_1_17' title="bbox 388 1881 1972 1965; baseline -0.012 -9"><span class='ocrx_word' id='word_1_137' title='bbox 388 1881 613 1956; x_wconf 84' lang='lat' dir='ltr'><strong>utamur.</strong></span> <span class='ocrx_word' id='word_1_138' title='bbox 637 1898 772 1953; x_wconf 86' lang='lat' dir='ltr'><strong>Tres</strong></span> <span class='ocrx_word' id='word_1_139' title='bbox 801 1894 948 1965; x_wconf 92' lang='lat' dir='ltr'><strong>pueri</strong></span> <span class='ocrx_word' id='word_1_140' title='bbox 983 1891 1160 1960; x_wconf 84' lang='lat' dir='ltr'><strong>injceti</strong></span> <span class='ocrx_word' id='word_1_141' title='bbox 1192 1897 1319 1944; x_wconf 91' lang='lat' dir='ltr'><strong>sunt</strong></span> <span class='ocrx_word' id='word_1_142' title='bbox 1347 1889 1399 1941; x_wconf 93' lang='lat' dir='ltr'><strong>in</strong></span> <span class='ocrx_word' id='word_1_143' title='bbox 1429 1887 1700 1939; x_wconf 90' lang='lat' dir='ltr'><strong>fornacem</strong></span> <span class='ocrx_word' id='word_1_144' title='bbox 1725 1924 1738 1943; x_wconf 90' lang='lat'><strong>,</strong></span> <span class='ocrx_word' id='word_1_145' title='bbox 1763 1889 1819 1936; x_wconf 91' lang='lat' dir='ltr'><strong>et</strong></span> <span class='ocrx_word' id='word_1_146' title='bbox 1847 1881 1972 1937; x_wconf 84' lang='lat' dir='ltr'><strong>hinc</strong></span> 
     </span>
    </p>
   </div>
   <div class='ocr_carea' id='block_1_18' title="bbox 380 1972 1971 2050">
    <p class='ocr_par' dir='ltr' id='par_1_18' title="bbox 380 1972 1971 2050">
     <span class='ocr_line' id='line_1_18' title="bbox 380 1972 1971 2050; baseline -0.016 0"><span class='ocrx_word' id='word_1_147' title='bbox 380 1993 634 2050; x_wconf 83' lang='lat' dir='ltr'><strong>clariores</strong></span> <span class='ocrx_word' id='word_1_148' title='bbox 659 1987 834 2044; x_wconf 78' lang='lat' dir='ltr'><strong>eﬂ&#39;ecti</strong></span> <span class='ocrx_word' id='word_1_149' title='bbox 861 1995 986 2041; x_wconf 90' lang='lat' dir='ltr'><strong>sunt</strong></span> <span class='ocrx_word' id='word_1_150' title='bbox 1011 2001 1025 2038; x_wconf 93' lang='lat'><strong>:</strong></span> <span class='ocrx_word' id='word_1_151' title='bbox 1058 1980 1239 2036; x_wconf 85' lang='lat' dir='ltr'><strong>Daniel</strong></span> <span class='ocrx_word' id='word_1_152' title='bbox 1263 1980 1314 2033; x_wconf 87' lang='lat' dir='ltr'><strong>itt</strong></span> <span class='ocrx_word' id='word_1_153' title='bbox 1339 1978 1532 2042; x_wconf 90' lang='lat' dir='ltr'><strong>lacum,</strong></span> <span class='ocrx_word' id='word_1_154' title='bbox 1563 1985 1618 2030; x_wconf 88' lang='lat' dir='ltr'><strong>et</strong></span> <span class='ocrx_word' id='word_1_155' title='bbox 1643 1973 1766 2028; x_wconf 88' lang='lat' dir='ltr'><strong>inde</strong></span> <span class='ocrx_word' id='word_1_156' title='bbox 1793 1972 1971 2042; x_wconf 88' lang='lat' dir='ltr'><strong>splen-</strong></span> 
     </span>
    </p>
   </div>
   <div class='ocr_carea' id='block_1_19' title="bbox 378 2080 843 2142">
    <p class='ocr_par' dir='ltr' id='par_1_19' title="bbox 378 2080 843 2142">
     <span class='ocr_line' id='line_1_19' title="bbox 378 2080 843 2142; baseline -0.015 0"><span class='ocrx_word' id='word_1_157' title='bbox 378 2084 553 2142; x_wconf 91' lang='lat' dir='ltr'><strong>didior</strong></span> <span class='ocrx_word' id='word_1_158' title='bbox 579 2080 843 2137; x_wconf 88' lang='lat' dir='ltr'><strong>ascendit.</strong></span> 
     </span>
    </p>
   </div>
   <div class='ocr_carea' id='block_1_20' title="bbox 444 2156 1970 2240">
    <p class='ocr_par' dir='ltr' id='par_1_20' title="bbox 444 2156 1970 2240">
     <span class='ocr_line' id='line_1_20' title="bbox 444 2156 1970 2240; baseline -0.016 -8"><span class='ocrx_word' id='word_1_159' title='bbox 444 2177 498 2232; x_wconf 79' lang='grc'><strong>5.</strong></span> <span class='ocrx_word' id='word_1_160' title='bbox 545 2173 865 2228; x_wconf 76' lang='lat' dir='ltr'><strong>Tentationcs</strong></span> <span class='ocrx_word' id='word_1_161' title='bbox 888 2186 1071 2240; x_wconf 82' lang='lat' dir='ltr'><strong>magna</strong></span> <span class='ocrx_word' id='word_1_162' title='bbox 1093 2165 1294 2238; x_wconf 83' lang='lat' dir='ltr'><strong>pariunt</strong></span> <span class='ocrx_word' id='word_1_163' title='bbox 1316 2162 1466 2216; x_wconf 80' lang='lat' dir='ltr'><strong>bona.</strong></span> <span class='ocrx_word' id='word_1_164' title='bbox 1496 2189 1565 2199; x_wconf 94' lang='lat'>—</span> <span class='ocrx_word' id='word_1_165' title='bbox 1586 2157 1747 2212; x_wconf 68' lang='lat' dir='ltr'><strong>Vides</strong></span> <span class='ocrx_word' id='word_1_166' title='bbox 1773 2156 1970 2226; x_wconf 87' lang='lat' dir='ltr'><strong>ubique</strong></span> 
     </span>
    </p>
   </div>
   <div class='ocr_carea' id='block_1_21' title="bbox 378 2249 1970 2331">
    <p class='ocr_par' dir='ltr' id='par_1_21' title="bbox 378 2249 1970 2331">
     <span class='ocr_line' id='line_1_21' title="bbox 378 2249 1970 2331; baseline -0.014 -9"><span class='ocrx_word' id='word_1_167' title='bbox 378 2266 704 2323; x_wconf 82' lang='lat' dir='ltr'><strong>tentationes</strong></span> <span class='ocrx_word' id='word_1_168' title='bbox 745 2276 934 2331; x_wconf 88' lang='lat' dir='ltr'><strong>magna</strong></span> <span class='ocrx_word' id='word_1_169' title='bbox 967 2273 1155 2329; x_wconf 80' lang='lat' dir='ltr'><strong>parere</strong></span> <span class='ocrx_word' id='word_1_170' title='bbox 1186 2256 1357 2318; x_wconf 89' lang='lat' dir='ltr'><strong>bona,</strong></span> <span class='ocrx_word' id='word_1_171' title='bbox 1396 2252 1556 2308; x_wconf 90' lang='lat' dir='ltr'><strong>etiam</strong></span> <span class='ocrx_word' id='word_1_172' title='bbox 1603 2249 1688 2304; x_wconf 90' lang='lat' dir='ltr'><strong>hic</strong></span> <span class='ocrx_word' id='word_1_173' title='bbox 1711 2289 1727 2315; x_wconf 90' lang='lat'><strong>,</strong></span> <span class='ocrx_word' id='word_1_174' title='bbox 1772 2257 1970 2318; x_wconf 90' lang='lat' dir='ltr'><strong>quanto</strong></span> 
     </span>
    </p>
   </div>
   <div class='ocr_carea' id='block_1_22' title="bbox 377 2339 1970 2428">
    <p class='ocr_par' dir='ltr' id='par_1_22' title="bbox 377 2339 1970 2428">
     <span class='ocr_line' id='line_1_22' title="bbox 377 2339 1970 2428; baseline -0.013 -15"><span class='ocrx_word' id='word_1_175' title='bbox 377 2357 546 2428; x_wconf 86' lang='lat' dir='ltr'><strong>magis</strong></span> <span class='ocrx_word' id='word_1_176' title='bbox 576 2355 723 2410; x_wconf 84' lang='lat' dir='ltr'><strong>illic!</strong></span> <span class='ocrx_word' id='word_1_177' title='bbox 759 2353 814 2408; x_wconf 92' lang='lat' dir='ltr'><strong>In</strong></span> <span class='ocrx_word' id='word_1_178' title='bbox 847 2351 1045 2406; x_wconf 88' lang='lat' dir='ltr'><strong>malitia</strong></span> <span class='ocrx_word' id='word_1_179' title='bbox 1074 2358 1252 2402; x_wconf 89' lang='lat' dir='ltr'><strong>autem</strong></span> <span class='ocrx_word' id='word_1_180' title='bbox 1281 2346 1420 2399; x_wconf 81' lang='lat' dir='ltr'><strong>idem</strong></span> <span class='ocrx_word' id='word_1_181' title='bbox 1452 2343 1661 2406; x_wconf 88' lang='lat' dir='ltr'><strong>evenit,</strong></span> <span class='ocrx_word' id='word_1_182' title='bbox 1691 2355 1752 2394; x_wconf 89' lang='lat' dir='ltr'><strong>ac</strong></span> <span class='ocrx_word' id='word_1_183' title='bbox 1780 2341 1822 2392; x_wconf 92' lang='lat' dir='ltr'><strong>si</strong></span> <span class='ocrx_word' id='word_1_184' title='bbox 1850 2339 1970 2408; x_wconf 82' lang='lat' dir='ltr'><strong>quis</strong></span> 
     </span>
    </p>
   </div>
   <div class='ocr_carea' id='block_1_23' title="bbox 377 2433 1969 2512">
    <p class='ocr_par' dir='ltr' id='par_1_23' title="bbox 377 2433 1969 2512">
     <span class='ocr_line' id='line_1_23' title="bbox 377 2433 1969 2512; baseline -0.016 -5"><span class='ocrx_word' id='word_1_185' title='bbox 377 2451 637 2507; x_wconf 80' lang='lat' dir='ltr'><strong>calamum</strong></span> <span class='ocrx_word' id='word_1_186' title='bbox 680 2445 920 2507; x_wconf 82' lang='lat' dir='ltr'><strong>habens,</strong></span> <span class='ocrx_word' id='word_1_187' title='bbox 954 2443 1228 2512; x_wconf 72' lang='lat' dir='ltr'><strong>prwlietur</strong></span> <span class='ocrx_word' id='word_1_188' title='bbox 1270 2447 1456 2494; x_wconf 89' lang='lat' dir='ltr'><strong>contra</strong></span> <span class='ocrx_word' id='word_1_189' title='bbox 1497 2436 1714 2505; x_wconf 93' lang='lat' dir='ltr'><strong>ignem:</strong></span> <span class='ocrx_word' id='word_1_190' title='bbox 1759 2433 1969 2498; x_wconf 88' lang='lat' dir='ltr'><strong>videtur</strong></span> 
     </span>
    </p>
   </div>
   <div class='ocr_carea' id='block_1_24' title="bbox 377 2527 1969 2613">
    <p class='ocr_par' dir='ltr' id='par_1_24' title="bbox 377 2527 1969 2613">
     <span class='ocr_line' id='line_1_24' title="bbox 377 2527 1969 2613; baseline -0.013 -14"><span class='ocrx_word' id='word_1_191' title='bbox 377 2545 518 2600; x_wconf 90' lang='lat' dir='ltr'><strong>enim</strong></span> <span class='ocrx_word' id='word_1_192' title='bbox 553 2544 729 2613; x_wconf 86' lang='lat' dir='ltr'><strong>ignem</strong></span> <span class='ocrx_word' id='word_1_193' title='bbox 761 2548 1066 2610; x_wconf 79' lang='lat' dir='ltr'><strong>percutere,</strong></span> <span class='ocrx_word' id='word_1_194' title='bbox 1096 2545 1149 2590; x_wconf 93' lang='lat' dir='ltr'><strong>et</strong></span> <span class='ocrx_word' id='word_1_195' title='bbox 1177 2535 1350 2603; x_wconf 90' lang='lat' dir='ltr'><strong>ipsum</strong></span> <span class='ocrx_word' id='word_1_196' title='bbox 1377 2530 1718 2601; x_wconf 87' lang='lat' dir='ltr'><strong>fulgidiorem</strong></span> <span class='ocrx_word' id='word_1_197' title='bbox 1749 2527 1890 2592; x_wconf 88' lang='lat' dir='ltr'><strong>facit,</strong></span> <span class='ocrx_word' id='word_1_198' title='bbox 1915 2536 1969 2580; x_wconf 92' lang='lat' dir='ltr'><strong>et</strong></span> 
     </span>
    </p>
   </div>
   <div class='ocr_carea' id='block_1_25' title="bbox 376 2622 1966 2707">
    <p class='ocr_par' dir='ltr' id='par_1_25' title="bbox 376 2622 1966 2707">
     <span class='ocr_line' id='line_1_25' title="bbox 376 2622 1966 2707; baseline -0.01 -17"><span class='ocrx_word' id='word_1_199' title='bbox 376 2636 610 2707; x_wconf 86' lang='lat' dir='ltr'><strong>seipsum</strong></span> <span class='ocrx_word' id='word_1_200' title='bbox 640 2631 929 2687; x_wconf 84' lang='lat' dir='ltr'><strong>consumit.</strong></span> <span class='ocrx_word' id='word_1_201' title='bbox 953 2628 1152 2684; x_wconf 79' lang='lat' dir='ltr'><strong>Malitia</strong></span> <span class='ocrx_word' id='word_1_202' title='bbox 1185 2639 1416 2695; x_wconf 87' lang='lat' dir='ltr'><strong>namque</strong></span> <span class='ocrx_word' id='word_1_203' title='bbox 1444 2622 1623 2677; x_wconf 86' lang='lat' dir='ltr'><strong>virtuti</strong></span> <span class='ocrx_word' id='word_1_204' title='bbox 1655 2622 1966 2674; x_wconf 86' lang='lat' dir='ltr'><strong>alimentum</strong></span> 
     </span>
    </p>
   </div>
   <div class='ocr_carea' id='block_1_26' title="bbox 376 2716 1968 2797">
    <p class='ocr_par' dir='ltr' id='par_1_26' title="bbox 376 2716 1968 2797">
     <span class='ocr_line' id='line_1_26' title="bbox 376 2716 1968 2797; baseline -0.012 -12"><span class='ocrx_word' id='word_1_205' title='bbox 376 2740 430 2785; x_wconf 92' lang='lat' dir='ltr'><strong>et</strong></span> <span class='ocrx_word' id='word_1_206' title='bbox 462 2725 763 2797; x_wconf 87' lang='lat' dir='ltr'><strong>splendoris</strong></span> <span class='ocrx_word' id='word_1_207' title='bbox 783 2723 996 2779; x_wconf 89' lang='lat' dir='ltr'><strong>occasio</strong></span> <span class='ocrx_word' id='word_1_208' title='bbox 1021 2731 1104 2777; x_wconf 87' lang='lat' dir='ltr'><strong>est</strong></span> <span class='ocrx_word' id='word_1_209' title='bbox 1131 2737 1146 2774; x_wconf 95' lang='lat'><strong>:</strong></span> <span class='ocrx_word' id='word_1_210' title='bbox 1181 2734 1304 2773; x_wconf 92' lang='lat' dir='ltr'><strong>nam</strong></span> <span class='ocrx_word' id='word_1_211' title='bbox 1332 2718 1441 2773; x_wconf 88' lang='lat' dir='ltr'><strong>Deo</strong></span> <span class='ocrx_word' id='word_1_212' title='bbox 1468 2716 1724 2785; x_wconf 88' lang='lat' dir='ltr'><strong>iujustitia</strong></span> <span class='ocrx_word' id='word_1_213' title='bbox 1754 2723 1810 2767; x_wconf 90' lang='lat' dir='ltr'><strong>ut</strong></span> <span class='ocrx_word' id='word_1_214' title='bbox 1832 2728 1968 2782; x_wconf 78' lang='lat' dir='ltr'><strong>Opus</strong></span> 
     </span>
    </p>
   </div>
   <div class='ocr_carea' id='block_1_27' title="bbox 377 2807 1964 2883">
    <p class='ocr_par' dir='ltr' id='par_1_27' title="bbox 377 2807 1964 2883">
     <span class='ocr_line' id='line_1_27' title="bbox 377 2807 1964 2883; baseline -0.012 -6"><span class='ocrx_word' id='word_1_215' title='bbox 377 2829 458 2877; x_wconf 85' lang='lat' dir='ltr'><strong>est</strong></span> <span class='ocrx_word' id='word_1_216' title='bbox 494 2827 706 2883; x_wconf 83' lang='lat' dir='ltr'><strong>utente,</strong></span> <span class='ocrx_word' id='word_1_217' title='bbox 752 2831 839 2872; x_wconf 91' lang='lat' dir='ltr'><strong>res</strong></span> <span class='ocrx_word' id='word_1_218' title='bbox 869 2823 1068 2869; x_wconf 57' lang='lat' dir='ltr'><strong>nostra:</strong></span> <span class='ocrx_word' id='word_1_219' title='bbox 1108 2813 1277 2882; x_wconf 88' lang='lat' dir='ltr'><strong>magis</strong></span> <span class='ocrx_word' id='word_1_220' title='bbox 1311 2811 1531 2881; x_wconf 86' lang='lat' dir='ltr'><strong>fulgent.</strong></span> <span class='ocrx_word' id='word_1_221' title='bbox 1580 2809 1811 2862; x_wconf 80' lang='lat' dir='ltr'><strong>Rursum</strong></span> <span class='ocrx_word' id='word_1_222' title='bbox 1854 2807 1964 2859; x_wconf 83' lang='lat' dir='ltr'><strong>dia-</strong></span> 
     </span>
    </p>
   </div>
   <div class='ocr_carea' id='block_1_28' title="bbox 382 2898 1968 2977">
    <p class='ocr_par' dir='ltr' id='par_1_28' title="bbox 382 2898 1968 2977">
     <span class='ocr_line' id='line_1_28' title="bbox 382 2898 1968 2977; baseline -0.009 -12"><span class='ocrx_word' id='word_1_223' title='bbox 382 2911 531 2966; x_wconf 90' lang='lat' dir='ltr'><strong>bolus</strong></span> <span class='ocrx_word' id='word_1_224' title='bbox 561 2924 685 2964; x_wconf 89' lang='lat' dir='ltr'><strong>cum</strong></span> <span class='ocrx_word' id='word_1_225' title='bbox 716 2909 821 2962; x_wconf 89' lang='lat' dir='ltr'><strong>tale</strong></span> <span class='ocrx_word' id='word_1_226' title='bbox 848 2905 1120 2977; x_wconf 86' lang='lat' dir='ltr'><strong>quidpiam</strong></span> <span class='ocrx_word' id='word_1_227' title='bbox 1152 2911 1426 2974; x_wconf 86' lang='lat' dir='ltr'><strong>operatur,</strong></span> <span class='ocrx_word' id='word_1_228' title='bbox 1453 2916 1548 2955; x_wconf 88' lang='lat' dir='ltr'><strong>eos</strong></span> <span class='ocrx_word' id='word_1_229' title='bbox 1577 2900 1666 2969; x_wconf 91' lang='lat' dir='ltr'><strong>qui</strong></span> <span class='ocrx_word' id='word_1_230' title='bbox 1697 2898 1968 2968; x_wconf 90' lang='lat' dir='ltr'><strong>patiuntur</strong></span> 
     </span>
    </p>
   </div>
   <div class='ocr_carea' id='block_1_29' title="bbox 379 2989 1968 3072">
    <p class='ocr_par' dir='ltr' id='par_1_29' title="bbox 379 2989 1968 3072">
     <span class='ocr_line' id='line_1_29' title="bbox 379 2989 1968 3072; baseline -0.009 -16"><span class='ocrx_word' id='word_1_231' title='bbox 379 3001 772 3072; x_wconf 81' lang='lat' dir='ltr'><strong>splendidiores</strong></span> <span class='ocrx_word' id='word_1_232' title='bbox 801 2997 994 3053; x_wconf 88' lang='lat' dir='ltr'><strong>reddit.</strong></span> <span class='ocrx_word' id='word_1_233' title='bbox 1029 2997 1139 3051; x_wconf 83' lang='lat' dir='ltr'><strong>Cur</strong></span> <span class='ocrx_word' id='word_1_234' title='bbox 1163 3010 1292 3066; x_wconf 92' lang='lat' dir='ltr'><strong>ergo</strong></span> <span class='ocrx_word' id='word_1_235' title='bbox 1313 3033 1329 3060; x_wconf 90' lang='lat'><strong>,</strong></span> <span class='ocrx_word' id='word_1_236' title='bbox 1373 2992 1584 3062; x_wconf 88' lang='lat' dir='ltr'><strong>inquies</strong></span> <span class='ocrx_word' id='word_1_237' title='bbox 1610 3032 1626 3056; x_wconf 90' lang='lat'><strong>,</strong></span> <span class='ocrx_word' id='word_1_238' title='bbox 1670 2990 1723 3044; x_wconf 94' lang='lat' dir='ltr'><strong>in</strong></span> <span class='ocrx_word' id='word_1_239' title='bbox 1763 2989 1968 3043; x_wconf 79' lang='lat' dir='ltr'><strong>Adamo</strong></span> 
     </span>
    </p>
   </div>
   <div class='ocr_carea' id='block_1_30' title="bbox 386 3081 1968 3161">
    <p class='ocr_par' dir='ltr' id='par_1_30' title="bbox 386 3081 1968 3161">
     <span class='ocr_line' id='line_1_30' title="bbox 386 3081 1968 3161; baseline -0.008 -14"><span class='ocrx_word' id='word_1_240' title='bbox 386 3109 484 3147; x_wconf 94' lang='lat' dir='ltr'><strong>non</strong></span> <span class='ocrx_word' id='word_1_241' title='bbox 518 3093 624 3147; x_wconf 88' lang='lat' dir='ltr'><strong>tale</strong></span> <span class='ocrx_word' id='word_1_242' title='bbox 652 3090 926 3161; x_wconf 84' lang='lat' dir='ltr'><strong>quidpiam</strong></span> <span class='ocrx_word' id='word_1_243' title='bbox 953 3090 1147 3141; x_wconf 85' lang='lat' dir='ltr'><strong>factum</strong></span> <span class='ocrx_word' id='word_1_244' title='bbox 1188 3095 1291 3153; x_wconf 92' lang='lat' dir='ltr'><strong>est,</strong></span> <span class='ocrx_word' id='word_1_245' title='bbox 1323 3084 1416 3140; x_wconf 91' lang='lat' dir='ltr'><strong>sed</strong></span> <span class='ocrx_word' id='word_1_246' title='bbox 1448 3083 1539 3138; x_wconf 90' lang='lat' dir='ltr'><strong>ille</strong></span> <span class='ocrx_word' id='word_1_247' title='bbox 1565 3081 1968 3152; x_wconf 87' lang='lat' dir='ltr'><strong>ignominiosior</strong></span> 
     </span>
    </p>
   </div>
   <div class='ocr_carea' id='block_1_31' title="bbox 385 3174 1966 3251">
    <p class='ocr_par' dir='ltr' id='par_1_31' title="bbox 385 3174 1966 3251">
     <span class='ocr_line' id='line_1_31' title="bbox 385 3174 1966 3251; baseline -0.009 -10"><span class='ocrx_word' id='word_1_248' title='bbox 385 3196 462 3240; x_wconf 88' lang='lat' dir='ltr'><strong>est</strong></span> <span class='ocrx_word' id='word_1_249' title='bbox 487 3185 768 3241; x_wconf 90' lang='lat' dir='ltr'><strong>redditus?</strong></span> <span class='ocrx_word' id='word_1_250' title='bbox 793 3184 962 3238; x_wconf 86' lang='lat' dir='ltr'><strong>Etiam</strong></span> <span class='ocrx_word' id='word_1_251' title='bbox 996 3181 1086 3236; x_wconf 91' lang='lat' dir='ltr'><strong>illo</strong></span> <span class='ocrx_word' id='word_1_252' title='bbox 1116 3189 1173 3234; x_wconf 94' lang='lat' dir='ltr'><strong>ut</strong></span> <span class='ocrx_word' id='word_1_253' title='bbox 1192 3195 1289 3251; x_wconf 90' lang='lat' dir='ltr'><strong>par</strong></span> <span class='ocrx_word' id='word_1_254' title='bbox 1309 3186 1426 3232; x_wconf 90' lang='lat' dir='ltr'><strong>erat</strong></span> <span class='ocrx_word' id='word_1_255' title='bbox 1457 3192 1584 3231; x_wconf 92' lang='lat' dir='ltr'><strong>usus</strong></span> <span class='ocrx_word' id='word_1_256' title='bbox 1609 3185 1691 3231; x_wconf 90' lang='lat' dir='ltr'><strong>est</strong></span> <span class='ocrx_word' id='word_1_257' title='bbox 1718 3174 1860 3229; x_wconf 87' lang='lat' dir='ltr'><strong>Deus</strong></span> <span class='ocrx_word' id='word_1_258' title='bbox 1884 3189 1898 3239; x_wconf 89' lang='lat'><strong>;</strong></span> <span class='ocrx_word' id='word_1_259' title='bbox 1923 3174 1966 3228; x_wconf 82' lang='lat' dir='ltr'><strong>si</strong></span> 
     </span>
    </p>
   </div>
   <div class='ocr_carea' id='block_1_32' title="bbox 384 3266 1969 3348">
    <p class='ocr_par' dir='ltr' id='par_1_32' title="bbox 384 3266 1969 3348">
     <span class='ocr_line' id='line_1_32' title="bbox 384 3266 1969 3348; baseline -0.006 -20"><span class='ocrx_word' id='word_1_260' title='bbox 384 3292 502 3332; x_wconf 90' lang='lat' dir='ltr'><strong>vero</strong></span> <span class='ocrx_word' id='word_1_261' title='bbox 528 3277 656 3348; x_wconf 91' lang='lat' dir='ltr'><strong>quid</strong></span> <span class='ocrx_word' id='word_1_262' title='bbox 681 3289 869 3346; x_wconf 87' lang='lat' dir='ltr'><strong>passus</strong></span> <span class='ocrx_word' id='word_1_263' title='bbox 890 3273 981 3337; x_wconf 85' lang='lat' dir='ltr'><strong>sit,</strong></span> <span class='ocrx_word' id='word_1_264' title='bbox 1008 3275 1120 3342; x_wconf 87' lang='lat' dir='ltr'><strong>ipse</strong></span> <span class='ocrx_word' id='word_1_265' title='bbox 1140 3271 1378 3342; x_wconf 85' lang='lat' dir='ltr'><strong>seipsum</strong></span> <span class='ocrx_word' id='word_1_266' title='bbox 1418 3268 1556 3322; x_wconf 66' lang='lat' dir='ltr'><strong>laesit</strong></span> <span class='ocrx_word' id='word_1_267' title='bbox 1585 3285 1597 3320; x_wconf 92' lang='lat'><strong>:</strong></span> <span class='ocrx_word' id='word_1_268' title='bbox 1624 3283 1744 3321; x_wconf 89' lang='lat' dir='ltr'><strong>nam</strong></span> <span class='ocrx_word' id='word_1_269' title='bbox 1767 3283 1884 3336; x_wconf 70' lang='lat' dir='ltr'><strong>quae</strong></span> <span class='ocrx_word' id='word_1_270' title='bbox 1900 3266 1969 3318; x_wconf 86' lang='lat' dir='ltr'><strong>ab</strong></span> 
     </span>
    </p>
   </div>
   <div class='ocr_carea' id='block_1_33' title="bbox 377 3359 1967 3434">
    <p class='ocr_par' dir='ltr' id='par_1_33' title="bbox 377 3359 1967 3434">
     <span class='ocr_line' id='line_1_33' title="bbox 377 3359 1967 3434; baseline -0.008 -12"><span class='ocrx_word' id='word_1_271' title='bbox 377 3369 491 3425; x_wconf 88' lang='lat' dir='ltr'><strong>aliis</strong></span> <span class='ocrx_word' id='word_1_272' title='bbox 532 3369 690 3424; x_wconf 88' lang='lat' dir='ltr'><strong>nobis</strong></span> <span class='ocrx_word' id='word_1_273' title='bbox 747 3367 1088 3431; x_wconf 85' lang='lat' dir='ltr'><strong>inferuntur,</strong></span> <span class='ocrx_word' id='word_1_274' title='bbox 1134 3377 1450 3434; x_wconf 90' lang='lat' dir='ltr'><strong>magnorum</strong></span> <span class='ocrx_word' id='word_1_275' title='bbox 1500 3359 1655 3414; x_wconf 86' lang='lat' dir='ltr'><strong>nobis</strong></span> <span class='ocrx_word' id='word_1_276' title='bbox 1707 3359 1967 3413; x_wconf 87' lang='lat' dir='ltr'><strong>bonorum</strong></span> 
     </span>
    </p>
   </div>
   <div class='ocr_carea' id='block_1_34' title="bbox 377 3453 1963 3530">
    <p class='ocr_par' dir='ltr' id='par_1_34' title="bbox 377 3453 1963 3530">
     <span class='ocr_line' id='line_1_34' title="bbox 377 3453 1963 3530; baseline -0.008 -14"><span class='ocrx_word' id='word_1_277' title='bbox 377 3475 556 3517; x_wconf 69' lang='lat' dir='ltr'><strong>causte</strong></span> <span class='ocrx_word' id='word_1_278' title='bbox 593 3469 754 3523; x_wconf 85' lang='lat' dir='ltr'><strong>sunt;</strong></span> <span class='ocrx_word' id='word_1_279' title='bbox 796 3475 916 3530; x_wconf 75' lang='lat' dir='ltr'><strong>qua:</strong></span> <span class='ocrx_word' id='word_1_280' title='bbox 956 3470 1134 3513; x_wconf 71' lang='lat' dir='ltr'><strong>autem</strong></span> <span class='ocrx_word' id='word_1_281' title='bbox 1175 3473 1203 3511; x_wconf 91' lang='lat' dir='ltr'><strong>a</strong></span> <span class='ocrx_word' id='word_1_282' title='bbox 1236 3456 1390 3510; x_wconf 91' lang='lat' dir='ltr'><strong>nobis</strong></span> <span class='ocrx_word' id='word_1_283' title='bbox 1432 3454 1562 3526; x_wconf 90' lang='lat' dir='ltr'><strong>ipsis</strong></span> <span class='ocrx_word' id='word_1_284' title='bbox 1590 3493 1606 3518; x_wconf 91' lang='lat'><strong>,</strong></span> <span class='ocrx_word' id='word_1_285' title='bbox 1659 3469 1764 3506; x_wconf 91' lang='lat' dir='ltr'><strong>non</strong></span> <span class='ocrx_word' id='word_1_286' title='bbox 1817 3453 1963 3505; x_wconf 89' lang='lat' dir='ltr'><strong>item.</strong></span> 
     </span>
    </p>
   </div>
   <div class='ocr_carea' id='block_1_35' title="bbox 380 3546 1964 3621">
    <p class='ocr_par' dir='ltr' id='par_1_35' title="bbox 380 3546 1964 3621">
     <span class='ocr_line' id='line_1_35' title="bbox 380 3546 1964 3621; baseline -0.004 -18"><span class='ocrx_word' id='word_1_287' title='bbox 380 3551 516 3621; x_wconf 84' lang='lat' dir='ltr'><strong>Quia</strong></span> <span class='ocrx_word' id='word_1_288' title='bbox 553 3553 698 3608; x_wconf 88' lang='lat' dir='ltr'><strong>enim</strong></span> <span class='ocrx_word' id='word_1_289' title='bbox 735 3552 804 3608; x_wconf 83' lang='lat' dir='ltr'><strong>ab</strong></span> <span class='ocrx_word' id='word_1_290' title='bbox 844 3551 965 3606; x_wconf 86' lang='lat' dir='ltr'><strong>aliis</strong></span> <span class='ocrx_word' id='word_1_291' title='bbox 1005 3551 1119 3606; x_wconf 75' lang='lat' dir='ltr'><strong>laesi</strong></span> <span class='ocrx_word' id='word_1_292' title='bbox 1163 3549 1452 3612; x_wconf 88' lang='lat' dir='ltr'><strong>dolemus,</strong></span> <span class='ocrx_word' id='word_1_293' title='bbox 1506 3563 1536 3600; x_wconf 89' lang='lat' dir='ltr'><strong>a</strong></span> <span class='ocrx_word' id='word_1_294' title='bbox 1586 3546 1738 3600; x_wconf 90' lang='lat' dir='ltr'><strong>nobis</strong></span> <span class='ocrx_word' id='word_1_295' title='bbox 1787 3557 1964 3599; x_wconf 90' lang='lat' dir='ltr'><strong>autem</strong></span> 
     </span>
    </p>
   </div>
   <div class='ocr_carea' id='block_1_36' title="bbox 386 3636 1967 3711">
    <p class='ocr_par' dir='ltr' id='par_1_36' title="bbox 386 3636 1967 3711">
     <span class='ocr_line' id='line_1_36' title="bbox 386 3636 1967 3711; baseline -0.004 -13"><span class='ocrx_word' id='word_1_296' title='bbox 386 3641 513 3711; x_wconf 89' lang='lat' dir='ltr'><strong>ipsis</strong></span> <span class='ocrx_word' id='word_1_297' title='bbox 541 3658 642 3698; x_wconf 94' lang='lat' dir='ltr'><strong>non</strong></span> <span class='ocrx_word' id='word_1_298' title='bbox 674 3643 821 3710; x_wconf 88' lang='lat' dir='ltr'><strong>item,</strong></span> <span class='ocrx_word' id='word_1_299' title='bbox 850 3643 1084 3697; x_wconf 81' lang='lat' dir='ltr'><strong>oStendit</strong></span> <span class='ocrx_word' id='word_1_300' title='bbox 1115 3642 1251 3696; x_wconf 90' lang='lat' dir='ltr'><strong>Deus</strong></span> <span class='ocrx_word' id='word_1_301' title='bbox 1269 3638 1518 3708; x_wconf 86' lang='lat' dir='ltr'><strong>eum,qui</strong></span> <span class='ocrx_word' id='word_1_302' title='bbox 1547 3637 1614 3691; x_wconf 85' lang='lat' dir='ltr'><strong>ab</strong></span> <span class='ocrx_word' id='word_1_303' title='bbox 1639 3637 1745 3690; x_wconf 91' lang='lat' dir='ltr'><strong>alio</strong></span> <span class='ocrx_word' id='word_1_304' title='bbox 1775 3636 1967 3704; x_wconf 81' lang='lat' dir='ltr'><strong>injuSte</strong></span> 
     </span>
    </p>
   </div>
   <div class='ocr_carea' id='block_1_37' title="bbox 387 3727 1963 3803">
    <p class='ocr_par' dir='ltr' id='par_1_37' title="bbox 387 3727 1963 3803">
     <span class='ocr_line' id='line_1_37' title="bbox 387 3727 1963 3803; baseline -0.003 -19"><span class='ocrx_word' id='word_1_305' title='bbox 387 3735 579 3803; x_wconf 89' lang='lat' dir='ltr'><strong>patitur</strong></span> <span class='ocrx_word' id='word_1_306' title='bbox 598 3773 614 3799; x_wconf 90' lang='lat'><strong>,</strong></span> <span class='ocrx_word' id='word_1_307' title='bbox 641 3734 841 3788; x_wconf 90' lang='lat' dir='ltr'><strong>clarum</strong></span> <span class='ocrx_word' id='word_1_308' title='bbox 870 3747 990 3789; x_wconf 85' lang='lat' dir='ltr'><strong>esse</strong></span> <span class='ocrx_word' id='word_1_309' title='bbox 1013 3774 1028 3799; x_wconf 92' lang='lat'><strong>,</strong></span> <span class='ocrx_word' id='word_1_310' title='bbox 1056 3747 1178 3787; x_wconf 91' lang='lat' dir='ltr'><strong>cum</strong></span> <span class='ocrx_word' id='word_1_311' title='bbox 1211 3745 1370 3794; x_wconf 91' lang='lat' dir='ltr'><strong>vero,</strong></span> <span class='ocrx_word' id='word_1_312' title='bbox 1400 3729 1487 3798; x_wconf 92' lang='lat' dir='ltr'><strong>qui</strong></span> <span class='ocrx_word' id='word_1_313' title='bbox 1519 3728 1752 3797; x_wconf 89' lang='lat' dir='ltr'><strong>seipsmn</strong></span> <span class='ocrx_word' id='word_1_314' title='bbox 1783 3727 1927 3780; x_wconf 67' lang='lat' dir='ltr'><strong>laedit</strong></span> <span class='ocrx_word' id='word_1_315' title='bbox 1949 3765 1963 3789; x_wconf 92' lang='lat'><strong>,</strong></span> 
     </span>
    </p>
   </div>
   <div class='ocr_carea' id='block_1_38' title="bbox 379 3819 1967 3894">
    <p class='ocr_par' dir='ltr' id='par_1_38' title="bbox 379 3819 1967 3894">
     <span class='ocr_line' id='line_1_38' title="bbox 379 3819 1967 3894; baseline -0.005 -16"><span class='ocrx_word' id='word_1_316' title='bbox 379 3825 629 3880; x_wconf 88' lang='lat' dir='ltr'><strong>damnum</strong></span> <span class='ocrx_word' id='word_1_317' title='bbox 655 3825 797 3880; x_wconf 77' lang='lat' dir='ltr'><strong>furre</strong></span> <span class='ocrx_word' id='word_1_318' title='bbox 823 3845 836 3880; x_wconf 92' lang='lat'><strong>:</strong></span> <span class='ocrx_word' id='word_1_319' title='bbox 865 3835 920 3880; x_wconf 92' lang='lat' dir='ltr'><strong>et</strong></span> <span class='ocrx_word' id='word_1_320' title='bbox 939 3827 1063 3894; x_wconf 92' lang='lat' dir='ltr'><strong>jure</strong></span> <span class='ocrx_word' id='word_1_321' title='bbox 1087 3823 1326 3893; x_wconf 86' lang='lat' dir='ltr'><strong>quidem,</strong></span> <span class='ocrx_word' id='word_1_322' title='bbox 1354 3829 1414 3875; x_wconf 92' lang='lat' dir='ltr'><strong>ut</strong></span> <span class='ocrx_word' id='word_1_323' title='bbox 1441 3820 1569 3875; x_wconf 89' lang='lat' dir='ltr'><strong>illud</strong></span> <span class='ocrx_word' id='word_1_324' title='bbox 1600 3819 1806 3874; x_wconf 80' lang='lat' dir='ltr'><strong>fortiter</strong></span> <span class='ocrx_word' id='word_1_325' title='bbox 1833 3819 1967 3872; x_wconf 79' lang='lat' dir='ltr'><strong>fem—</strong></span> 
     </span>
    </p>
   </div>
   <div class='ocr_carea' id='block_1_39' title="bbox 381 3912 1964 3986">
    <p class='ocr_par' dir='ltr' id='par_1_39' title="bbox 381 3912 1964 3986">
     <span class='ocr_line' id='line_1_39' title="bbox 381 3912 1964 3986; baseline -0.006 -14"><span class='ocrx_word' id='word_1_326' title='bbox 381 3934 517 3983; x_wconf 91' lang='lat' dir='ltr'><strong>nms,</strong></span> <span class='ocrx_word' id='word_1_327' title='bbox 545 3930 598 3973; x_wconf 92' lang='lat' dir='ltr'><strong>et</strong></span> <span class='ocrx_word' id='word_1_328' title='bbox 629 3934 735 3972; x_wconf 90' lang='lat' dir='ltr'><strong>non</strong></span> <span class='ocrx_word' id='word_1_329' title='bbox 764 3918 865 3972; x_wconf 89' lang='lat' dir='ltr'><strong>hoc</strong></span> <span class='ocrx_word' id='word_1_330' title='bbox 889 3935 902 3970; x_wconf 90' lang='lat'><strong>:</strong></span> <span class='ocrx_word' id='word_1_331' title='bbox 929 3917 1166 3986; x_wconf 88' lang='lat' dir='ltr'><strong>alioquin</strong></span> <span class='ocrx_word' id='word_1_332' title='bbox 1192 3930 1322 3970; x_wconf 88' lang='lat' dir='ltr'><strong>vero</strong></span> <span class='ocrx_word' id='word_1_333' title='bbox 1344 3923 1511 3968; x_wconf 93' lang='lat' dir='ltr'><strong>totum</strong></span> <span class='ocrx_word' id='word_1_334' title='bbox 1535 3913 1605 3967; x_wconf 94' lang='lat' dir='ltr'><strong>ibi</strong></span> <span class='ocrx_word' id='word_1_335' title='bbox 1630 3913 1728 3966; x_wconf 90' lang='lat' dir='ltr'><strong>fuit</strong></span> <span class='ocrx_word' id='word_1_336' title='bbox 1754 3912 1964 3966; x_wconf 82' lang='lat' dir='ltr'><strong>Adami.</strong></span> 
     </span>
    </p>
   </div>
   <div class='ocr_carea' id='block_1_40' title="bbox 379 4003 1965 4066">
    <p class='ocr_par' dir='ltr' id='par_1_40' title="bbox 379 4003 1965 4066">
     <span class='ocr_line' id='line_1_40' title="bbox 379 4003 1965 4066; baseline -0.006 -2"><span class='ocrx_word' id='word_1_337' title='bbox 379 4009 484 4064; x_wconf 90' lang='lat' dir='ltr'><strong>Cur</strong></span> <span class='ocrx_word' id='word_1_338' title='bbox 511 4010 654 4066; x_wconf 93' lang='lat' dir='ltr'><strong>enim</strong></span> <span class='ocrx_word' id='word_1_339' title='bbox 681 4009 943 4064; x_wconf 87' lang='lat' dir='ltr'><strong>credebas</strong></span> <span class='ocrx_word' id='word_1_340' title='bbox 971 4007 1226 4062; x_wconf 84' lang='lat' dir='ltr'><strong>mulieri?</strong></span> <span class='ocrx_word' id='word_1_341' title='bbox 1251 4003 1582 4060; x_wconf 87' lang='lat' dir='ltr'><strong>curadversa</strong></span> <span class='ocrx_word' id='word_1_342' title='bbox 1601 4004 1965 4058; x_wconf 89' lang='lat' dir='ltr'><strong>consulentem</strong></span> 
     </span>
    </p>
   </div>
   <div class='ocr_carea' id='block_1_41' title="bbox 379 4093 1966 4169">
    <p class='ocr_par' dir='ltr' id='par_1_41' title="bbox 379 4093 1966 4169">
     <span class='ocr_line' id='line_1_41' title="bbox 379 4093 1966 4169; baseline -0.005 -16"><span class='ocrx_word' id='word_1_343' title='bbox 379 4114 482 4154; x_wconf 89' lang='lat' dir='ltr'><strong>non</strong></span> <span class='ocrx_word' id='word_1_344' title='bbox 517 4099 805 4169; x_wconf 87' lang='lat' dir='ltr'><strong>repulisti?</strong></span> <span class='ocrx_word' id='word_1_345' title='bbox 849 4098 928 4152; x_wconf 89' lang='lat' dir='ltr'><strong>Tu</strong></span> <span class='ocrx_word' id='word_1_346' title='bbox 974 4098 1196 4151; x_wconf 88' lang='lat' dir='ltr'><strong>omnino</strong></span> <span class='ocrx_word' id='word_1_347' title='bbox 1227 4097 1278 4150; x_wconf 93' lang='lat' dir='ltr'><strong>in</strong></span> <span class='ocrx_word' id='word_1_348' title='bbox 1321 4111 1481 4150; x_wconf 86' lang='lat' dir='ltr'><strong>causa</strong></span> <span class='ocrx_word' id='word_1_349' title='bbox 1524 4095 1708 4149; x_wconf 84' lang='lat' dir='ltr'><strong>fuisti:</strong></span> <span class='ocrx_word' id='word_1_350' title='bbox 1758 4109 1878 4148; x_wconf 90' lang='lat' dir='ltr'><strong>nam</strong></span> <span class='ocrx_word' id='word_1_351' title='bbox 1923 4093 1966 4146; x_wconf 90' lang='lat' dir='ltr'><strong>si</strong></span> 
     </span>
    </p>
   </div>
   <div class='ocr_carea' id='block_1_42' title="bbox 378 4184 1971 4256">
    <p class='ocr_par' dir='ltr' id='par_1_42' title="bbox 378 4184 1971 4256">
     <span class='ocr_line' id='line_1_42' title="bbox 378 4184 1971 4256; baseline -0.005 -12"><span class='ocrx_word' id='word_1_352' title='bbox 378 4191 627 4244; x_wconf 65' lang='lat' dir='ltr'><strong>diabolus</strong></span> <span class='ocrx_word' id='word_1_353' title='bbox 660 4191 713 4243; x_wconf 93' lang='lat' dir='ltr'><strong>in</strong></span> <span class='ocrx_word' id='word_1_354' title='bbox 745 4204 907 4244; x_wconf 88' lang='lat' dir='ltr'><strong>causa</strong></span> <span class='ocrx_word' id='word_1_355' title='bbox 940 4199 1107 4253; x_wconf 81' lang='lat' dir='ltr'><strong>esset,</strong></span> <span class='ocrx_word' id='word_1_356' title='bbox 1137 4194 1412 4256; x_wconf 90' lang='lat' dir='ltr'><strong>oporteret</strong></span> <span class='ocrx_word' id='word_1_357' title='bbox 1435 4200 1626 4239; x_wconf 89' lang='lat' dir='ltr'><strong>onmes</strong></span> <span class='ocrx_word' id='word_1_358' title='bbox 1649 4184 1736 4254; x_wconf 92' lang='lat' dir='ltr'><strong>qui</strong></span> <span class='ocrx_word' id='word_1_359' title='bbox 1764 4193 1971 4238; x_wconf 79' lang='lat' dir='ltr'><strong>tentan-</strong></span> 
     </span>
    </p>
   </div>
   <div class='ocr_carea' id='block_1_43' title="bbox 381 4277 1966 4350">
    <p class='ocr_par' dir='ltr' id='par_1_43' title="bbox 381 4277 1966 4350">
     <span class='ocr_line' id='line_1_43' title="bbox 381 4277 1966 4350; baseline -0.004 -14"><span class='ocrx_word' id='word_1_360' title='bbox 381 4293 463 4337; x_wconf 91' lang='lat' dir='ltr'><strong>tur</strong></span> <span class='ocrx_word' id='word_1_361' title='bbox 493 4283 668 4350; x_wconf 90' lang='lat' dir='ltr'><strong>perire</strong></span> <span class='ocrx_word' id='word_1_362' title='bbox 697 4299 710 4336; x_wconf 95' lang='lat'><strong>:</strong></span> <span class='ocrx_word' id='word_1_363' title='bbox 741 4280 884 4350; x_wconf 89' lang='lat' dir='ltr'><strong>quod</strong></span> <span class='ocrx_word' id='word_1_364' title='bbox 912 4280 954 4335; x_wconf 90' lang='lat' dir='ltr'><strong>si</strong></span> <span class='ocrx_word' id='word_1_365' title='bbox 989 4295 1093 4334; x_wconf 94' lang='lat' dir='ltr'><strong>non</strong></span> <span class='ocrx_word' id='word_1_366' title='bbox 1123 4287 1384 4350; x_wconf 89' lang='lat' dir='ltr'><strong>pereunt,</strong></span> <span class='ocrx_word' id='word_1_367' title='bbox 1421 4278 1472 4331; x_wconf 94' lang='lat' dir='ltr'><strong>in</strong></span> <span class='ocrx_word' id='word_1_368' title='bbox 1503 4277 1656 4331; x_wconf 92' lang='lat' dir='ltr'><strong>nobis</strong></span> <span class='ocrx_word' id='word_1_369' title='bbox 1681 4291 1839 4331; x_wconf 88' lang='lat' dir='ltr'><strong>causa</strong></span> <span class='ocrx_word' id='word_1_370' title='bbox 1866 4286 1966 4331; x_wconf 89' lang='lat' dir='ltr'><strong>est.</strong></span> 
     </span>
    </p>
   </div>
   <div class='ocr_carea' id='block_1_44' title="bbox 378 4370 1967 4442">
    <p class='ocr_par' dir='ltr' id='par_1_44' title="bbox 378 4370 1967 4442">
     <span class='ocr_line' id='line_1_44' title="bbox 378 4370 1967 4442; baseline -0.006 -14"><span class='ocrx_word' id='word_1_371' title='bbox 378 4378 442 4428; x_wconf 79' lang='lat' dir='ltr'><strong>At</strong></span> <span class='ocrx_word' id='word_1_372' title='bbox 464 4380 756 4442; x_wconf 82' lang='lat' dir='ltr'><strong>oporteret.</strong></span> <span class='ocrx_word' id='word_1_373' title='bbox 778 4371 1006 4442; x_wconf 89' lang='lat' dir='ltr'><strong>inquies,</strong></span> <span class='ocrx_word' id='word_1_374' title='bbox 1023 4385 1213 4425; x_wconf 90' lang='lat' dir='ltr'><strong>omnes</strong></span> <span class='ocrx_word' id='word_1_375' title='bbox 1229 4370 1315 4438; x_wconf 87' lang='lat' dir='ltr'><strong>qui</strong></span> <span class='ocrx_word' id='word_1_376' title='bbox 1337 4377 1610 4424; x_wconf 88' lang='lat' dir='ltr'><strong>tentantur</strong></span> <span class='ocrx_word' id='word_1_377' title='bbox 1627 4376 1771 4421; x_wconf 90' lang='lat' dir='ltr'><strong>recte</strong></span> <span class='ocrx_word' id='word_1_378' title='bbox 1789 4383 1967 4438; x_wconf 78' lang='lat' dir='ltr'><strong>agere;</strong></span> 
     </span>
    </p>
   </div>
   <div class='ocr_carea' id='block_1_45' title="bbox 376 4459 1973 4528">
    <p class='ocr_par' dir='ltr' id='par_1_45' title="bbox 376 4459 1973 4528">
     <span class='ocr_line' id='line_1_45' title="bbox 376 4459 1973 4528; baseline -0.006 -9"><span class='ocrx_word' id='word_1_379' title='bbox 376 4463 482 4528; x_wconf 88' lang='lat' dir='ltr'><strong>vel,</strong></span> <span class='ocrx_word' id='word_1_380' title='bbox 511 4463 558 4517; x_wconf 90' lang='lat' dir='ltr'><strong>si</strong></span> <span class='ocrx_word' id='word_1_381' title='bbox 584 4478 681 4516; x_wconf 93' lang='lat' dir='ltr'><strong>nos</strong></span> <span class='ocrx_word' id='word_1_382' title='bbox 707 4463 760 4516; x_wconf 89' lang='lat' dir='ltr'><strong>itt</strong></span> <span class='ocrx_word' id='word_1_383' title='bbox 791 4477 951 4516; x_wconf 89' lang='lat' dir='ltr'><strong>causa</strong></span> <span class='ocrx_word' id='word_1_384' title='bbox 978 4475 1188 4527; x_wconf 91' lang='lat' dir='ltr'><strong>sumus,</strong></span> <span class='ocrx_word' id='word_1_385' title='bbox 1221 4461 1381 4515; x_wconf 88' lang='lat' dir='ltr'><strong>etiam</strong></span> <span class='ocrx_word' id='word_1_386' title='bbox 1414 4461 1616 4528; x_wconf 80' lang='lat' dir='ltr'><strong>absque</strong></span> <span class='ocrx_word' id='word_1_387' title='bbox 1642 4459 1854 4512; x_wconf 87' lang='lat' dir='ltr'><strong>diabolo</strong></span> <span class='ocrx_word' id='word_1_388' title='bbox 1881 4475 1973 4528; x_wconf 82' lang='lat' dir='ltr'><strong>pe-</strong></span> 
     </span>
    </p>
   </div>
   <div class='ocr_carea' id='block_1_46' title="bbox 377 4550 1972 4619">
    <p class='ocr_par' dir='ltr' id='par_1_46' title="bbox 377 4550 1972 4619">
     <span class='ocr_line' id='line_1_46' title="bbox 377 4550 1972 4619; baseline -0.002 -12"><span class='ocrx_word' id='word_1_389' title='bbox 377 4554 536 4607; x_wconf 80' lang='lat' dir='ltr'><strong>rire?</strong></span> <span class='ocrx_word' id='word_1_390' title='bbox 584 4553 694 4607; x_wconf 88' lang='lat' dir='ltr'><strong>Iloc</strong></span> <span class='ocrx_word' id='word_1_391' title='bbox 735 4553 897 4608; x_wconf 87' lang='lat' dir='ltr'><strong>etiam</strong></span> <span class='ocrx_word' id='word_1_392' title='bbox 942 4554 1156 4617; x_wconf 87' lang='lat' dir='ltr'><strong>evenit;</strong></span> <span class='ocrx_word' id='word_1_393' title='bbox 1203 4568 1326 4606; x_wconf 90' lang='lat' dir='ltr'><strong>nam</strong></span> <span class='ocrx_word' id='word_1_394' title='bbox 1371 4550 1522 4604; x_wconf 88' lang='lat' dir='ltr'><strong>nmlti</strong></span> <span class='ocrx_word' id='word_1_395' title='bbox 1568 4551 1726 4604; x_wconf 89' lang='lat' dir='ltr'><strong>etiam</strong></span> <span class='ocrx_word' id='word_1_396' title='bbox 1771 4550 1972 4619; x_wconf 88' lang='lat' dir='ltr'><strong>absque</strong></span> 
     </span>
    </p>
   </div>
   <div class='ocr_carea' id='block_1_47' title="bbox 377 4642 1970 4716">
    <p class='ocr_par' dir='ltr' id='par_1_47' title="bbox 377 4642 1970 4716">
     <span class='ocr_line' id='line_1_47' title="bbox 377 4642 1970 4716; baseline -0.003 -15"><span class='ocrx_word' id='word_1_397' title='bbox 377 4644 595 4701; x_wconf 90' lang='lat' dir='ltr'><strong>diabolo</strong></span> <span class='ocrx_word' id='word_1_398' title='bbox 636 4659 900 4715; x_wconf 87' lang='lat' dir='ltr'><strong>pereunt:</strong></span> <span class='ocrx_word' id='word_1_399' title='bbox 946 4661 1118 4716; x_wconf 91' lang='lat' dir='ltr'><strong>neque</strong></span> <span class='ocrx_word' id='word_1_400' title='bbox 1159 4646 1302 4700; x_wconf 86' lang='lat' dir='ltr'><strong>enim</strong></span> <span class='ocrx_word' id='word_1_401' title='bbox 1331 4644 1423 4698; x_wconf 89' lang='lat' dir='ltr'><strong>ille</strong></span> <span class='ocrx_word' id='word_1_402' title='bbox 1448 4643 1627 4697; x_wconf 89' lang='lat' dir='ltr'><strong>omnia</strong></span> <span class='ocrx_word' id='word_1_403' title='bbox 1653 4643 1851 4708; x_wconf 88' lang='lat' dir='ltr'><strong>efficit,</strong></span> <span class='ocrx_word' id='word_1_404' title='bbox 1879 4642 1970 4697; x_wconf 91' lang='lat' dir='ltr'><strong>sed</strong></span> 
     </span>
    </p>
   </div>
   <div class='ocr_carea' id='block_1_48' title="bbox 377 4733 1972 4806">
    <p class='ocr_par' dir='ltr' id='par_1_48' title="bbox 377 4733 1972 4806">
     <span class='ocr_line' id='line_1_48' title="bbox 377 4733 1972 4806; baseline -0.003 -15"><span class='ocrx_word' id='word_1_405' title='bbox 377 4738 540 4791; x_wconf 91' lang='lat' dir='ltr'><strong>etiam</strong></span> <span class='ocrx_word' id='word_1_406' title='bbox 585 4738 750 4791; x_wconf 90' lang='lat' dir='ltr'><strong>multa</strong></span> <span class='ocrx_word' id='word_1_407' title='bbox 783 4737 914 4791; x_wconf 91' lang='lat' dir='ltr'><strong>fiunt</strong></span> <span class='ocrx_word' id='word_1_408' title='bbox 951 4753 1017 4792; x_wconf 82' lang='lat' dir='ltr'><strong>ex</strong></span> <span class='ocrx_word' id='word_1_409' title='bbox 1055 4737 1260 4806; x_wconf 76' lang='lat' dir='ltr'><strong>ignavia</strong></span> <span class='ocrx_word' id='word_1_410' title='bbox 1291 4741 1473 4788; x_wconf 91' lang='lat' dir='ltr'><strong>nostra</strong></span> <span class='ocrx_word' id='word_1_411' title='bbox 1502 4752 1515 4788; x_wconf 94' lang='lat'><strong>:</strong></span> <span class='ocrx_word' id='word_1_412' title='bbox 1544 4733 1685 4804; x_wconf 90' lang='lat' dir='ltr'><strong>quod</strong></span> <span class='ocrx_word' id='word_1_413' title='bbox 1712 4733 1755 4787; x_wconf 91' lang='lat' dir='ltr'><strong>si</strong></span> <span class='ocrx_word' id='word_1_414' title='bbox 1789 4733 1878 4788; x_wconf 92' lang='lat' dir='ltr'><strong>ille</strong></span> <span class='ocrx_word' id='word_1_415' title='bbox 1920 4733 1972 4787; x_wconf 92' lang='lat' dir='ltr'><strong>in</strong></span> 
     </span>
    </p>
   </div>
   <div class='ocr_carea' id='block_1_49' title="bbox 378 4825 1973 4898">
    <p class='ocr_par' dir='ltr' id='par_1_49' title="bbox 378 4825 1973 4898">
     <span class='ocr_line' id='line_1_49' title="bbox 378 4825 1973 4898; baseline -0.003 -16"><span class='ocrx_word' id='word_1_416' title='bbox 378 4843 541 4882; x_wconf 85' lang='lat' dir='ltr'><strong>causa</strong></span> <span class='ocrx_word' id='word_1_417' title='bbox 571 4830 660 4888; x_wconf 87' lang='lat' dir='ltr'><strong>sit.</strong></span> <span class='ocrx_word' id='word_1_418' title='bbox 693 4829 848 4882; x_wconf 75' lang='lat' dir='ltr'><strong>nabis</strong></span> <span class='ocrx_word' id='word_1_419' title='bbox 875 4828 1060 4898; x_wconf 87' lang='lat' dir='ltr'><strong>utique</strong></span> <span class='ocrx_word' id='word_1_420' title='bbox 1087 4843 1272 4880; x_wconf 84' lang='lat' dir='ltr'><strong>ansam</strong></span> <span class='ocrx_word' id='word_1_421' title='bbox 1302 4825 1681 4895; x_wconf 61' lang='lat' dir='ltr'><strong>praebentibus.</strong></span> <span class='ocrx_word' id='word_1_422' title='bbox 1713 4825 1805 4877; x_wconf 89' lang='lat' dir='ltr'><strong>Dic</strong></span> <span class='ocrx_word' id='word_1_423' title='bbox 1831 4825 1973 4878; x_wconf 89' lang='lat' dir='ltr'><strong>enim</strong></span> 
     </span>
    </p>
   </div>
   <div class='ocr_carea' id='block_1_50' title="bbox 384 4917 1976 4989">
    <p class='ocr_par' dir='ltr' id='par_1_50' title="bbox 384 4917 1976 4989">
     <span class='ocr_line' id='line_1_50' title="bbox 384 4917 1976 4989; baseline -0.002 -17"><span class='ocrx_word' id='word_1_424' title='bbox 384 4920 887 4989; x_wconf 84' lang='lat' dir='ltr'><strong>tuilti,quand0t-tam</strong></span> <span class='ocrx_word' id='word_1_425' title='bbox 918 4919 1168 4974; x_wconf 88' lang='lat' dir='ltr'><strong>diabolus</strong></span> <span class='ocrx_word' id='word_1_426' title='bbox 1199 4928 1403 4973; x_wconf 87' lang='lat' dir='ltr'><strong>tantum</strong></span> <span class='ocrx_word' id='word_1_427' title='bbox 1442 4917 1610 4972; x_wconf 84' lang='lat' dir='ltr'><strong>valuit</strong></span> <span class='ocrx_word' id='word_1_428' title='bbox 1649 4919 1700 4971; x_wconf 92' lang='lat' dir='ltr'><strong>in</strong></span> <span class='ocrx_word' id='word_1_429' title='bbox 1743 4917 1976 4972; x_wconf 71' lang='lat' dir='ltr'><strong>ludam?</strong></span> 
     </span>
    </p>
   </div>
   <div class='ocr_carea' id='block_1_51' title="bbox 381 5011 1976 5093">
    <p class='ocr_par' dir='ltr' id='par_1_51' title="bbox 381 5011 1976 5093">
     <span class='ocr_line' id='line_1_51' title="bbox 381 5011 1976 5093; baseline -0.001 -26"><span class='ocrx_word' id='word_1_430' title='bbox 381 5014 606 5080; x_wconf 84' lang='lat' dir='ltr'><strong>Quando</strong></span> <span class='ocrx_word' id='word_1_431' title='bbox 635 5016 907 5082; x_wconf 78' lang='lat' dir='ltr'><strong>ingressus</strong></span> <span class='ocrx_word' id='word_1_432' title='bbox 934 5025 1016 5093; x_wconf 80' lang='lat' dir='ltr'><strong>est</strong></span> <span class='ocrx_word' id='word_1_433' title='bbox 1035 5053 1050 5076; x_wconf 90' lang='lat'><strong>,</strong></span> <span class='ocrx_word' id='word_1_434' title='bbox 1083 5013 1323 5082; x_wconf 87' lang='lat' dir='ltr'><strong>inquies,</strong></span> <span class='ocrx_word' id='word_1_435' title='bbox 1354 5011 1407 5066; x_wconf 95' lang='lat' dir='ltr'><strong>in</strong></span> <span class='ocrx_word' id='word_1_436' title='bbox 1435 5027 1557 5068; x_wconf 90' lang='lat' dir='ltr'><strong>eum</strong></span> <span class='ocrx_word' id='word_1_437' title='bbox 1586 5021 1824 5067; x_wconf 90' lang='lat' dir='ltr'><strong>satanas.</strong></span> <span class='ocrx_word' id='word_1_438' title='bbox 1870 5011 1976 5066; x_wconf 89' lang='lat' dir='ltr'><strong>Sed</strong></span> 
     </span>
    </p>
   </div>
   <div class='ocr_carea' id='block_1_52' title="bbox 386 5105 1978 5176">
    <p class='ocr_par' dir='ltr' id='par_1_52' title="bbox 386 5105 1978 5176">
     <span class='ocr_line' id='line_1_52' title="bbox 386 5105 1978 5176; baseline -0.002 -16"><span class='ocrx_word' id='word_1_439' title='bbox 386 5106 506 5160; x_wconf 84' lang='lat' dir='ltr'><strong>audi</strong></span> <span class='ocrx_word' id='word_1_440' title='bbox 534 5120 750 5160; x_wconf 86' lang='lat' dir='ltr'><strong>causam</strong></span> <span class='ocrx_word' id='word_1_441' title='bbox 782 5124 794 5160; x_wconf 93' lang='lat'><strong>:</strong></span> <span class='ocrx_word' id='word_1_442' title='bbox 826 5107 949 5176; x_wconf 89' lang='lat' dir='ltr'><strong>quia</strong></span> <span class='ocrx_word' id='word_1_443' title='bbox 983 5105 1064 5158; x_wconf 91' lang='lat' dir='ltr'><strong>fur</strong></span> <span class='ocrx_word' id='word_1_444' title='bbox 1092 5114 1208 5160; x_wconf 89' lang='lat' dir='ltr'><strong>erat</strong></span> <span class='ocrx_word' id='word_1_445' title='bbox 1233 5146 1249 5171; x_wconf 90' lang='lat'><strong>,</strong></span> <span class='ocrx_word' id='word_1_446' title='bbox 1298 5113 1354 5160; x_wconf 92' lang='lat' dir='ltr'><strong>ct</strong></span> <span class='ocrx_word' id='word_1_447' title='bbox 1395 5121 1515 5174; x_wconf 74' lang='lat' dir='ltr'><strong>qua:</strong></span> <span class='ocrx_word' id='word_1_448' title='bbox 1555 5105 1978 5160; x_wconf 85' lang='lat' dir='ltr'><strong>immittebantur</strong></span> 
     </span>
    </p>
   </div>
   <div class='ocr_carea' id='block_1_53' title="bbox 386 5198 1975 5271">
    <p class='ocr_par' dir='ltr' id='par_1_53' title="bbox 386 5198 1975 5271">
     <span class='ocr_line' id='line_1_53' title="bbox 386 5198 1975 5271; baseline 0 -21"><span class='ocrx_word' id='word_1_449' title='bbox 386 5201 651 5271; x_wconf 81' lang='lat' dir='ltr'><strong>portabat.</strong></span> <span class='ocrx_word' id='word_1_450' title='bbox 683 5200 801 5270; x_wconf 84' lang='lat' dir='ltr'><strong>Ipse</strong></span> <span class='ocrx_word' id='word_1_451' title='bbox 840 5199 990 5254; x_wconf 88' lang='lat' dir='ltr'><strong>dedit</strong></span> <span class='ocrx_word' id='word_1_452' title='bbox 1031 5200 1104 5254; x_wconf 91' lang='lat' dir='ltr'><strong>illi</strong></span> <span class='ocrx_word' id='word_1_453' title='bbox 1147 5200 1310 5254; x_wconf 90' lang='lat' dir='ltr'><strong>latum</strong></span> <span class='ocrx_word' id='word_1_454' title='bbox 1344 5198 1675 5268; x_wconf 86' lang='lat' dir='ltr'><strong>ingrediendi</strong></span> <span class='ocrx_word' id='word_1_455' title='bbox 1703 5199 1931 5268; x_wconf 88' lang='lat' dir='ltr'><strong>spatium</strong></span> <span class='ocrx_word' id='word_1_456' title='bbox 1961 5213 1975 5250; x_wconf 93' lang='lat'><strong>:</strong></span> 
     </span>
    </p>
   </div>
   <div class='ocr_carea' id='block_1_54' title="bbox 384 5288 1983 5356">
    <p class='ocr_par' dir='ltr' id='par_1_54' title="bbox 384 5288 1983 5356">
     <span class='ocr_line' id='line_1_54' title="bbox 384 5288 1983 5356; baseline -0.004 -10"><span class='ocrx_word' id='word_1_457' title='bbox 384 5303 436 5346; x_wconf 87' lang='lat' dir='ltr'><strong>et</strong></span> <span class='ocrx_word' id='word_1_458' title='bbox 468 5293 537 5345; x_wconf 91' lang='lat' dir='ltr'><strong>ita</strong></span> <span class='ocrx_word' id='word_1_459' title='bbox 563 5307 669 5345; x_wconf 86' lang='lat' dir='ltr'><strong>non</strong></span> <span class='ocrx_word' id='word_1_460' title='bbox 697 5290 947 5346; x_wconf 83' lang='lat' dir='ltr'><strong>diabolus</strong></span> <span class='ocrx_word' id='word_1_461' title='bbox 975 5292 1182 5344; x_wconf 91' lang='lat' dir='ltr'><strong>initium</strong></span> <span class='ocrx_word' id='word_1_462' title='bbox 1215 5291 1335 5352; x_wconf 85' lang='lat' dir='ltr'><strong>dat,</strong></span> <span class='ocrx_word' id='word_1_463' title='bbox 1365 5289 1459 5343; x_wconf 89' lang='lat' dir='ltr'><strong>sed</strong></span> <span class='ocrx_word' id='word_1_464' title='bbox 1488 5304 1583 5343; x_wconf 93' lang='lat' dir='ltr'><strong>nos</strong></span> <span class='ocrx_word' id='word_1_465' title='bbox 1611 5289 1759 5342; x_wconf 77' lang='lat' dir='ltr'><strong>illum</strong></span> <span class='ocrx_word' id='word_1_466' title='bbox 1789 5288 1983 5356; x_wconf 87' lang='lat' dir='ltr'><strong>reeipi-</strong></span> 
     </span>
    </p>
   </div>
   <div class='ocr_carea' id='block_1_55' title="bbox 385 5379 1977 5450">
    <p class='ocr_par' dir='ltr' id='par_1_55' title="bbox 385 5379 1977 5450">
     <span class='ocr_line' id='line_1_55' title="bbox 385 5379 1977 5450; baseline -0.004 -13"><span class='ocrx_word' id='word_1_467' title='bbox 385 5399 506 5437; x_wconf 88' lang='lat' dir='ltr'><strong>mns</strong></span> <span class='ocrx_word' id='word_1_468' title='bbox 547 5393 602 5437; x_wconf 91' lang='lat' dir='ltr'><strong>et</strong></span> <span class='ocrx_word' id='word_1_469' title='bbox 642 5397 919 5437; x_wconf 88' lang='lat' dir='ltr'><strong>vocamus.</strong></span> <span class='ocrx_word' id='word_1_470' title='bbox 968 5382 1163 5438; x_wconf 75' lang='lat' dir='ltr'><strong>Verum</strong></span> <span class='ocrx_word' id='word_1_471' title='bbox 1185 5424 1201 5448; x_wconf 93' lang='lat'><strong>,</strong></span> <span class='ocrx_word' id='word_1_472' title='bbox 1234 5380 1461 5450; x_wconf 87' lang='lat' dir='ltr'><strong>inquies,</strong></span> <span class='ocrx_word' id='word_1_473' title='bbox 1497 5381 1539 5433; x_wconf 91' lang='lat' dir='ltr'><strong>si</strong></span> <span class='ocrx_word' id='word_1_474' title='bbox 1569 5379 1654 5434; x_wconf 89' lang='lat' dir='ltr'><strong>ille</strong></span> <span class='ocrx_word' id='word_1_475' title='bbox 1680 5395 1784 5433; x_wconf 95' lang='lat' dir='ltr'><strong>non</strong></span> <span class='ocrx_word' id='word_1_476' title='bbox 1813 5388 1977 5445; x_wconf 87' lang='lat' dir='ltr'><strong>esset,</strong></span> 
     </span>
    </p>
   </div>
   <div class='ocr_carea' id='block_1_56' title="bbox 385 5470 1980 5542">
    <p class='ocr_par' dir='ltr' id='par_1_56' title="bbox 385 5470 1980 5542">
     <span class='ocr_line' id='line_1_56' title="bbox 385 5470 1980 5542; baseline -0.001 -18"><span class='ocrx_word' id='word_1_477' title='bbox 385 5491 490 5527; x_wconf 90' lang='lat' dir='ltr'><strong>non</strong></span> <span class='ocrx_word' id='word_1_478' title='bbox 519 5472 699 5542; x_wconf 77' lang='lat' dir='ltr'><strong>gravia</strong></span> <span class='ocrx_word' id='word_1_479' title='bbox 728 5483 910 5528; x_wconf 84' lang='lat' dir='ltr'><strong>essent</strong></span> <span class='ocrx_word' id='word_1_480' title='bbox 938 5473 1096 5527; x_wconf 90' lang='lat' dir='ltr'><strong>mala.</strong></span> <span class='ocrx_word' id='word_1_481' title='bbox 1140 5472 1244 5528; x_wconf 89' lang='lat' dir='ltr'><strong>Sed</strong></span> <span class='ocrx_word' id='word_1_482' title='bbox 1291 5470 1596 5526; x_wconf 84' lang='lat' dir='ltr'><strong>inevitabile</strong></span> <span class='ocrx_word' id='word_1_483' title='bbox 1633 5485 1730 5523; x_wconf 91' lang='lat' dir='ltr'><strong>nos</strong></span> <span class='ocrx_word' id='word_1_484' title='bbox 1774 5470 1980 5539; x_wconf 85' lang='lat' dir='ltr'><strong>suppli-</strong></span> 
     </span>
    </p>
   </div>
   <div class='ocr_carea' id='block_1_57' title="bbox 383 5559 1982 5628">
    <p class='ocr_par' dir='ltr' id='par_1_57' title="bbox 383 5559 1982 5628">
     <span class='ocr_line' id='line_1_57' title="bbox 383 5559 1982 5628; baseline -0.002 -12"><span class='ocrx_word' id='word_1_485' title='bbox 383 5565 524 5616; x_wconf 91' lang='lat' dir='ltr'><strong>cium</strong></span> <span class='ocrx_word' id='word_1_486' title='bbox 555 5572 796 5616; x_wconf 88' lang='lat' dir='ltr'><strong>maneret</strong></span> <span class='ocrx_word' id='word_1_487' title='bbox 821 5580 833 5616; x_wconf 89' lang='lat'><strong>:</strong></span> <span class='ocrx_word' id='word_1_488' title='bbox 863 5579 1002 5616; x_wconf 90' lang='lat' dir='ltr'><strong>nunc</strong></span> <span class='ocrx_word' id='word_1_489' title='bbox 1029 5561 1193 5627; x_wconf 88' lang='lat' dir='ltr'><strong>enim,</strong></span> <span class='ocrx_word' id='word_1_490' title='bbox 1221 5561 1437 5623; x_wconf 88' lang='lat' dir='ltr'><strong>dilecte,</strong></span> <span class='ocrx_word' id='word_1_491' title='bbox 1458 5574 1612 5628; x_wconf 70' lang='lat' dir='ltr'><strong>pmna</strong></span> <span class='ocrx_word' id='word_1_492' title='bbox 1637 5559 1791 5614; x_wconf 91' lang='lat' dir='ltr'><strong>nobis</strong></span> <span class='ocrx_word' id='word_1_493' title='bbox 1816 5559 1982 5613; x_wconf 88' lang='lat' dir='ltr'><strong>levior</strong></span> 
     </span>
    </p>
   </div>
   <div class='ocr_carea' id='block_1_58' title="bbox 385 5650 1983 5723">
    <p class='ocr_par' dir='ltr' id='par_1_58' title="bbox 385 5650 1983 5723">
     <span class='ocr_line' id='line_1_58' title="bbox 385 5650 1983 5723; baseline -0.003 -14"><span class='ocrx_word' id='word_1_494' title='bbox 385 5670 508 5719; x_wconf 62' lang='lat' dir='ltr'><strong>est;</strong></span> <span class='ocrx_word' id='word_1_495' title='bbox 553 5653 597 5708; x_wconf 92' lang='lat' dir='ltr'><strong>si</strong></span> <span class='ocrx_word' id='word_1_496' title='bbox 641 5669 772 5708; x_wconf 90' lang='lat' dir='ltr'><strong>vero</strong></span> <span class='ocrx_word' id='word_1_497' title='bbox 797 5669 864 5708; x_wconf 83' lang='lat' dir='ltr'><strong>ex</strong></span> <span class='ocrx_word' id='word_1_498' title='bbox 899 5654 1051 5708; x_wconf 88' lang='lat' dir='ltr'><strong>nobis</strong></span> <span class='ocrx_word' id='word_1_499' title='bbox 1078 5653 1206 5723; x_wconf 89' lang='lat' dir='ltr'><strong>ipsis</strong></span> <span class='ocrx_word' id='word_1_500' title='bbox 1232 5650 1413 5723; x_wconf 79' lang='lat' dir='ltr'><strong>gravia</strong></span> <span class='ocrx_word' id='word_1_501' title='bbox 1443 5660 1776 5723; x_wconf 84' lang='lat' dir='ltr'><strong>patraremus</strong></span> <span class='ocrx_word' id='word_1_502' title='bbox 1798 5691 1814 5718; x_wconf 90' lang='lat'><strong>,</strong></span> <span class='ocrx_word' id='word_1_503' title='bbox 1844 5650 1983 5705; x_wconf 84' lang='lat' dir='ltr'><strong>into-</strong></span> 
     </span>
    </p>
   </div>
   <div class='ocr_carea' id='block_1_59' title="bbox 451 5797 1976 5869">
    <p class='ocr_par' dir='ltr' id='par_1_59' title="bbox 451 5797 1976 5869">
     <span class='ocr_line' id='line_1_59' title="bbox 451 5797 1976 5869; baseline 0.001 -14"><span class='ocrx_word' id='word_1_504' title='bbox 451 5809 471 5844; x_wconf 80' lang='grc' dir='ltr'><strong><em>ι</em></strong></span> <span class='ocrx_word' id='word_1_505' title='bbox 507 5813 635 5857; x_wconf 77' lang='lat' dir='ltr'><strong>Unus</strong></span> <span class='ocrx_word' id='word_1_506' title='bbox 653 5807 904 5856; x_wconf 80' lang='lat' dir='ltr'><strong>habet.....</strong></span> <span class='ocrx_word' id='word_1_507' title='bbox 931 5805 1276 5869; x_wconf 80' lang='lat' dir='ltr'><strong>reddiderunt,</strong></span> <span class='ocrx_word' id='word_1_508' title='bbox 1300 5811 1350 5857; x_wconf 82' lang='lat' dir='ltr'><strong>ut</strong></span> <span class='ocrx_word' id='word_1_509' title='bbox 1368 5804 1612 5856; x_wconf 81' lang='lat' dir='ltr'><strong>ordinatio</strong></span> <span class='ocrx_word' id='word_1_510' title='bbox 1625 5797 1731 5868; x_wconf 77' lang='lat' dir='ltr'><strong>ejus</strong></span> <span class='ocrx_word' id='word_1_511' title='bbox 1758 5815 1859 5857; x_wconf 69' lang='lat' dir='ltr'><strong>sine</strong></span> <span class='ocrx_word' id='word_1_512' title='bbox 1886 5807 1976 5857; x_wconf 79' lang='lat' dir='ltr'><strong>du-</strong></span> 
     </span>
    </p>
   </div>
   <div class='ocr_carea' id='block_1_60' title="bbox 392 5868 1137 5929">
    <p class='ocr_par' dir='ltr' id='par_1_60' title="bbox 392 5868 1137 5929">
     <span class='ocr_line' id='line_1_60' title="bbox 392 5868 1137 5929; baseline -0.007 -11"><span class='ocrx_word' id='word_1_513' title='bbox 392 5868 466 5920; x_wconf 67' lang='lat' dir='ltr'><strong>bii.</strong></span> <span class='ocrx_word' id='word_1_514' title='bbox 487 5869 566 5929; x_wconf 70' lang='lat' dir='ltr'><strong>ait.</strong></span> <span class='ocrx_word' id='word_1_515' title='bbox 586 5871 781 5919; x_wconf 74' lang='lat' dir='ltr'><strong>omissis</strong></span> <span class='ocrx_word' id='word_1_516' title='bbox 804 5870 1137 5918; x_wconf 60' lang='lat' dir='ltr'><strong>internis-diis.</strong></span> 
     </span>
    </p>
   </div>
   <div class='ocr_carea' id='block_1_61' title="bbox 1369 386 2658 453">
    <p class='ocr_par' dir='ltr' id='par_1_61' title="bbox 1369 386 2658 453">
     <span class='ocr_line' id='line_1_61' title="bbox 1369 386 2658 453; baseline -0.004 0"><span class='ocrx_word' id='word_1_517' title='bbox 1369 397 1435 453; x_wconf 81' lang='lat' dir='ltr'><strong>IN</strong></span> <span class='ocrx_word' id='word_1_518' title='bbox 1474 393 1650 452; x_wconf 75' lang='lat' dir='ltr'><strong>ACTA</strong></span> <span class='ocrx_word' id='word_1_519' title='bbox 1692 388 2213 446; x_wconf 73' lang='lat' dir='ltr'><strong>APOSTOLORUM.</strong></span> <span class='ocrx_word' id='word_1_520' title='bbox 2256 389 2482 447; x_wconf 65' lang='lat' dir='ltr'><strong>IlOlllL.</strong></span> <span class='ocrx_word' id='word_1_521' title='bbox 2527 386 2658 448; x_wconf 65' lang='grc' dir='ltr'><strong>[ΛΥ.</strong></span> 
     </span>
    </p>
   </div>
   <div class='ocr_carea' id='block_1_62' title="bbox 3572 390 3670 445">
    <p class='ocr_par' dir='ltr' id='par_1_62' title="bbox 3572 390 3670 445">
     <span class='ocr_line' id='line_1_62' title="bbox 3572 390 3670 445; baseline 0.02 -3"><span class='ocrx_word' id='word_1_522' title='bbox 3572 390 3670 445; x_wconf 71' lang='grc'><strong>51⁷8</strong></span> 
     </span>
    </p>
   </div>
   <div class='ocr_carea' id='block_1_63' title="bbox 2075 503 3672 575">
    <p class='ocr_par' dir='ltr' id='par_1_63' title="bbox 2075 503 3672 575">
     <span class='ocr_line' id='line_1_63' title="bbox 2075 503 3672 575; baseline -0.001 -17"><span class='ocrx_word' id='word_1_523' title='bbox 2075 503 2301 559; x_wconf 82' lang='lat' dir='ltr'><strong>lcrabtte</strong></span> <span class='ocrx_word' id='word_1_524' title='bbox 2325 515 2470 560; x_wconf 73' lang='lat' dir='ltr'><strong>esse;</strong></span> <span class='ocrx_word' id='word_1_525' title='bbox 2495 504 2838 575; x_wconf 83' lang='lat' dir='ltr'><strong>supplicium.</strong></span> <span class='ocrx_word' id='word_1_526' title='bbox 2877 504 2967 558; x_wconf 80' lang='lat' dir='ltr'><strong>Dic</strong></span> <span class='ocrx_word' id='word_1_527' title='bbox 2998 506 3142 559; x_wconf 92' lang='lat' dir='ltr'><strong>enim</strong></span> <span class='ocrx_word' id='word_1_528' title='bbox 3163 544 3178 570; x_wconf 89' lang='lat'><strong>,</strong></span> <span class='ocrx_word' id='word_1_529' title='bbox 3210 517 3326 567; x_wconf 87' lang='lat' dir='ltr'><strong>oro,</strong></span> <span class='ocrx_word' id='word_1_530' title='bbox 3354 504 3400 558; x_wconf 88' lang='lat' dir='ltr'><strong>si</strong></span> <span class='ocrx_word' id='word_1_531' title='bbox 3425 519 3488 558; x_wconf 86' lang='lat' dir='ltr'><strong>ea</strong></span> <span class='ocrx_word' id='word_1_532' title='bbox 3509 545 3524 569; x_wconf 96' lang='lat'><strong>,</strong></span> <span class='ocrx_word' id='word_1_533' title='bbox 3553 519 3672 574; x_wconf 80' lang='lat' dir='ltr'><strong>qua:</strong></span> 
     </span>
    </p>
   </div>
   <div class='ocr_carea' id='block_1_64' title="bbox 2075 597 3671 674">
    <p class='ocr_par' dir='ltr' id='par_1_64' title="bbox 2075 597 3671 674">
     <span class='ocr_line' id='line_1_64' title="bbox 2075 597 3671 674; baseline 0 -22"><span class='ocrx_word' id='word_1_534' title='bbox 2075 599 2318 666; x_wconf 87' lang='lat' dir='ltr'><strong>peccavit</strong></span> <span class='ocrx_word' id='word_1_535' title='bbox 2344 598 2535 663; x_wconf 86' lang='lat' dir='ltr'><strong>Adam,</strong></span> <span class='ocrx_word' id='word_1_536' title='bbox 2567 598 2768 668; x_wconf 82' lang='lat' dir='ltr'><strong>absque</strong></span> <span class='ocrx_word' id='word_1_537' title='bbox 2795 599 3021 653; x_wconf 88' lang='lat' dir='ltr'><strong>consilio</strong></span> <span class='ocrx_word' id='word_1_538' title='bbox 3048 611 3344 669; x_wconf 86' lang='lat' dir='ltr'><strong>peccasset,</strong></span> <span class='ocrx_word' id='word_1_539' title='bbox 3375 598 3497 674; x_wconf 84' lang='lat' dir='ltr'><strong>quis</strong></span> <span class='ocrx_word' id='word_1_540' title='bbox 3523 597 3671 652; x_wconf 85' lang='lat' dir='ltr'><strong>illum</strong></span> 
     </span>
    </p>
   </div>
   <div class='ocr_carea' id='block_1_65' title="bbox 2075 691 3663 764">
    <p class='ocr_par' dir='ltr' id='par_1_65' title="bbox 2075 691 3663 764">
     <span class='ocr_line' id='line_1_65' title="bbox 2075 691 3663 764; baseline 0 -19"><span class='ocrx_word' id='word_1_541' title='bbox 2075 707 2138 745; x_wconf 85' lang='lat' dir='ltr'><strong>ex</strong></span> <span class='ocrx_word' id='word_1_542' title='bbox 2168 691 2420 762; x_wconf 80' lang='lat' dir='ltr'><strong>periculis</strong></span> <span class='ocrx_word' id='word_1_543' title='bbox 2447 691 2778 760; x_wconf 84' lang='lat' dir='ltr'><strong>eripuisset?</strong></span> <span class='ocrx_word' id='word_1_544' title='bbox 2805 691 2937 754; x_wconf 84' lang='lat' dir='ltr'><strong>Sed.</strong></span> <span class='ocrx_word' id='word_1_545' title='bbox 2967 693 3196 762; x_wconf 88' lang='lat' dir='ltr'><strong>inquies,</strong></span> <span class='ocrx_word' id='word_1_546' title='bbox 3228 709 3334 747; x_wconf 92' lang='lat' dir='ltr'><strong>non</strong></span> <span class='ocrx_word' id='word_1_547' title='bbox 3363 701 3663 764; x_wconf 84' lang='lat' dir='ltr'><strong>peccasset.</strong></span> 
     </span>
    </p>
   </div>
   <div class='ocr_carea' id='block_1_66' title="bbox 2078 781 3673 851">
    <p class='ocr_par' dir='ltr' id='par_1_66' title="bbox 2078 781 3673 851">
     <span class='ocr_line' id='line_1_66' title="bbox 2078 781 3673 851; baseline -0.001 -13"><span class='ocrx_word' id='word_1_548' title='bbox 2078 781 2354 838; x_wconf 90' lang='lat' dir='ltr'><strong>Undenam</strong></span> <span class='ocrx_word' id='word_1_549' title='bbox 2393 783 2495 838; x_wconf 87' lang='lat' dir='ltr'><strong>hoc</strong></span> <span class='ocrx_word' id='word_1_550' title='bbox 2527 783 2656 838; x_wconf 90' lang='lat' dir='ltr'><strong>mihi</strong></span> <span class='ocrx_word' id='word_1_551' title='bbox 2686 783 2864 838; x_wconf 88' lang='lat' dir='ltr'><strong>dicis?</strong></span> <span class='ocrx_word' id='word_1_552' title='bbox 2893 784 2993 851; x_wconf 90' lang='lat' dir='ltr'><strong>Qui</strong></span> <span class='ocrx_word' id='word_1_553' title='bbox 3034 785 3179 838; x_wconf 92' lang='lat' dir='ltr'><strong>enim</strong></span> <span class='ocrx_word' id='word_1_554' title='bbox 3220 785 3292 839; x_wconf 89' lang='lat' dir='ltr'><strong>ita</strong></span> <span class='ocrx_word' id='word_1_555' title='bbox 3333 785 3514 839; x_wconf 90' lang='lat' dir='ltr'><strong>mollis</strong></span> <span class='ocrx_word' id='word_1_556' title='bbox 3555 795 3673 839; x_wconf 89' lang='lat' dir='ltr'><strong>erat</strong></span> 
     </span>
    </p>
   </div>
   <div class='ocr_carea' id='block_1_67' title="bbox 2072 873 3670 946">
    <p class='ocr_par' dir='ltr' id='par_1_67' title="bbox 2072 873 3670 946">
     <span class='ocr_line' id='line_1_67' title="bbox 2072 873 3670 946; baseline -0.001 -18"><span class='ocrx_word' id='word_1_557' title='bbox 2072 883 2124 928; x_wconf 93' lang='lat' dir='ltr'><strong>et</strong></span> <span class='ocrx_word' id='word_1_558' title='bbox 2172 873 2425 946; x_wconf 89' lang='lat' dir='ltr'><strong>ignavus,</strong></span> <span class='ocrx_word' id='word_1_559' title='bbox 2470 885 2632 945; x_wconf 88' lang='lat' dir='ltr'><strong>atque</strong></span> <span class='ocrx_word' id='word_1_560' title='bbox 2669 875 2737 930; x_wconf 90' lang='lat' dir='ltr'><strong>ad</strong></span> <span class='ocrx_word' id='word_1_561' title='bbox 2780 875 3140 946; x_wconf 89' lang='lat' dir='ltr'><strong>insipientiam</strong></span> <span class='ocrx_word' id='word_1_562' title='bbox 3184 890 3382 944; x_wconf 81' lang='lat' dir='ltr'><strong>pronus</strong></span> <span class='ocrx_word' id='word_1_563' title='bbox 3410 917 3424 943; x_wconf 92' lang='lat'><strong>,</strong></span> <span class='ocrx_word' id='word_1_564' title='bbox 3470 886 3526 930; x_wconf 79' lang='lat' dir='ltr'><strong>ut</strong></span> <span class='ocrx_word' id='word_1_565' title='bbox 3567 878 3670 929; x_wconf 76' lang='lat' dir='ltr'><strong>tate.</strong></span> 
     </span>
    </p>
   </div>
   <div class='ocr_carea' id='block_1_68' title="bbox 2072 964 3669 1039">
    <p class='ocr_par' dir='ltr' id='par_1_68' title="bbox 2072 964 3669 1039">
     <span class='ocr_line' id='line_1_68' title="bbox 2072 964 3669 1039; baseline 0 -19"><span class='ocrx_word' id='word_1_566' title='bbox 2072 967 2354 1021; x_wconf 89' lang='lat' dir='ltr'><strong>consilium</strong></span> <span class='ocrx_word' id='word_1_567' title='bbox 2382 968 2672 1037; x_wconf 90' lang='lat' dir='ltr'><strong>acciperet,</strong></span> <span class='ocrx_word' id='word_1_568' title='bbox 2701 969 2873 1023; x_wconf 91' lang='lat' dir='ltr'><strong>multo</strong></span> <span class='ocrx_word' id='word_1_569' title='bbox 2898 969 3068 1039; x_wconf 86' lang='lat' dir='ltr'><strong>magis</strong></span> <span class='ocrx_word' id='word_1_570' title='bbox 3098 969 3258 1022; x_wconf 90' lang='lat' dir='ltr'><strong>etiam</strong></span> <span class='ocrx_word' id='word_1_571' title='bbox 3299 983 3369 1022; x_wconf 76' lang='lat' dir='ltr'><strong>ex</strong></span> <span class='ocrx_word' id='word_1_572' title='bbox 3415 981 3474 1020; x_wconf 91' lang='lat' dir='ltr'><strong>se</strong></span> <span class='ocrx_word' id='word_1_573' title='bbox 3514 964 3669 1020; x_wconf 72' lang='lat' dir='ltr'><strong>fecis-</strong></span> 
     </span>
    </p>
   </div>
   <div class='ocr_carea' id='block_1_69' title="bbox 2071 1059 3672 1130">
    <p class='ocr_par' dir='ltr' id='par_1_69' title="bbox 2071 1059 3672 1130">
     <span class='ocr_line' id='line_1_69' title="bbox 2071 1059 3672 1130; baseline 0.001 -19"><span class='ocrx_word' id='word_1_574' title='bbox 2071 1067 2172 1112; x_wconf 88' lang='lat' dir='ltr'><strong>set.</strong></span> <span class='ocrx_word' id='word_1_575' title='bbox 2218 1059 2348 1124; x_wconf 85' lang='lat' dir='ltr'><strong>Quis</strong></span> <span class='ocrx_word' id='word_1_576' title='bbox 2376 1059 2625 1115; x_wconf 88' lang='lat' dir='ltr'><strong>diabolus</strong></span> <span class='ocrx_word' id='word_1_577' title='bbox 2649 1059 2872 1130; x_wconf 82' lang='lat' dir='ltr'><strong>Josephi</strong></span> <span class='ocrx_word' id='word_1_578' title='bbox 2898 1059 3092 1116; x_wconf 89' lang='lat' dir='ltr'><strong>fratres</strong></span> <span class='ocrx_word' id='word_1_579' title='bbox 3131 1061 3184 1114; x_wconf 91' lang='lat' dir='ltr'><strong>in</strong></span> <span class='ocrx_word' id='word_1_580' title='bbox 3214 1060 3464 1114; x_wconf 81' lang='lat' dir='ltr'><strong>invidiam</strong></span> <span class='ocrx_word' id='word_1_581' title='bbox 3490 1059 3672 1130; x_wconf 78' lang='lat' dir='ltr'><strong>conje-</strong></span> 
     </span>
    </p>
   </div>
   <div class='ocr_carea' id='block_1_70' title="bbox 2072 1149 3672 1224">
    <p class='ocr_par' dir='ltr' id='par_1_70' title="bbox 2072 1149 3672 1224">
     <span class='ocr_line' id='line_1_70' title="bbox 2072 1149 3672 1224; baseline 0.001 -20"><span class='ocrx_word' id='word_1_582' title='bbox 2072 1150 2184 1204; x_wconf 85' lang='lat' dir='ltr'><strong>cit?</strong></span> <span class='ocrx_word' id='word_1_583' title='bbox 2209 1149 2264 1206; x_wconf 91' lang='lat' dir='ltr'><strong>Si</strong></span> <span class='ocrx_word' id='word_1_584' title='bbox 2293 1151 2571 1220; x_wconf 79' lang='lat' dir='ltr'><strong>vigilemus</strong></span> <span class='ocrx_word' id='word_1_585' title='bbox 2595 1167 2725 1224; x_wconf 87' lang='lat' dir='ltr'><strong>ergo</strong></span> <span class='ocrx_word' id='word_1_586' title='bbox 2743 1191 2760 1218; x_wconf 90' lang='lat'><strong>,</strong></span> <span class='ocrx_word' id='word_1_587' title='bbox 2787 1153 2967 1207; x_wconf 89' lang='lat' dir='ltr'><strong>dilecti</strong></span> <span class='ocrx_word' id='word_1_588' title='bbox 2991 1191 3007 1218; x_wconf 93' lang='lat'><strong>,</strong></span> <span class='ocrx_word' id='word_1_589' title='bbox 3037 1152 3191 1206; x_wconf 91' lang='lat' dir='ltr'><strong>nobis</strong></span> <span class='ocrx_word' id='word_1_590' title='bbox 3215 1152 3462 1206; x_wconf 91' lang='lat' dir='ltr'><strong>diabolus</strong></span> <span class='ocrx_word' id='word_1_591' title='bbox 3486 1152 3672 1222; x_wconf 70' lang='lat' dir='ltr'><strong>gloriae</strong></span> 
     </span>
    </p>
   </div>
   <div class='ocr_carea' id='block_1_71' title="bbox 2073 1243 3670 1310">
    <p class='ocr_par' dir='ltr' id='par_1_71' title="bbox 2073 1243 3670 1310">
     <span class='ocr_line' id='line_1_71' title="bbox 2073 1243 3670 1310; baseline 0.002 -17"><span class='ocrx_word' id='word_1_592' title='bbox 2073 1249 2262 1295; x_wconf 90' lang='lat' dir='ltr'><strong>auctor</strong></span> <span class='ocrx_word' id='word_1_593' title='bbox 2303 1244 2428 1296; x_wconf 88' lang='lat' dir='ltr'><strong>erit.</strong></span> <span class='ocrx_word' id='word_1_594' title='bbox 2471 1243 2609 1310; x_wconf 86' lang='lat' dir='ltr'><strong>Quid</strong></span> <span class='ocrx_word' id='word_1_595' title='bbox 2639 1245 2783 1298; x_wconf 91' lang='lat' dir='ltr'><strong>enim</strong></span> <span class='ocrx_word' id='word_1_596' title='bbox 2810 1243 2947 1298; x_wconf 85' lang='lat' dir='ltr'><strong>Jobo</strong></span> <span class='ocrx_word' id='word_1_597' title='bbox 2975 1245 3160 1297; x_wconf 92' lang='lat' dir='ltr'><strong>nocuit</strong></span> <span class='ocrx_word' id='word_1_598' title='bbox 3186 1253 3390 1297; x_wconf 91' lang='lat' dir='ltr'><strong>tantum</strong></span> <span class='ocrx_word' id='word_1_599' title='bbox 3419 1244 3558 1298; x_wconf 92' lang='lat' dir='ltr'><strong>illius</strong></span> <span class='ocrx_word' id='word_1_600' title='bbox 3584 1259 3670 1296; x_wconf 86' lang='lat' dir='ltr'><strong>ar-</strong></span> 
     </span>
    </p>
   </div>
   <div class='ocr_carea' id='block_1_72' title="bbox 2075 1331 3671 1404">
    <p class='ocr_par' dir='ltr' id='par_1_72' title="bbox 2075 1331 3671 1404">
     <span class='ocr_line' id='line_1_72' title="bbox 2075 1331 3671 1404; baseline 0 -20"><span class='ocrx_word' id='word_1_601' title='bbox 2075 1331 2341 1386; x_wconf 86' lang='lat' dir='ltr'><strong>tificium?</strong></span> <span class='ocrx_word' id='word_1_602' title='bbox 2374 1332 2450 1388; x_wconf 82' lang='lat' dir='ltr'><strong>Ne</strong></span> <span class='ocrx_word' id='word_1_603' title='bbox 2483 1334 2602 1398; x_wconf 92' lang='lat' dir='ltr'><strong>hoc,</strong></span> <span class='ocrx_word' id='word_1_604' title='bbox 2635 1335 2864 1404; x_wconf 91' lang='lat' dir='ltr'><strong>inquies,</strong></span> <span class='ocrx_word' id='word_1_605' title='bbox 2893 1335 3130 1398; x_wconf 81' lang='lat' dir='ltr'><strong>dixeris;</strong></span> <span class='ocrx_word' id='word_1_606' title='bbox 3175 1334 3268 1389; x_wconf 92' lang='lat' dir='ltr'><strong>sed</strong></span> <span class='ocrx_word' id='word_1_607' title='bbox 3308 1335 3396 1404; x_wconf 92' lang='lat' dir='ltr'><strong>qui</strong></span> <span class='ocrx_word' id='word_1_608' title='bbox 3428 1335 3671 1388; x_wconf 78' lang='lat' dir='ltr'><strong>infirmus</strong></span> 
     </span>
    </p>
   </div>
   <div class='ocr_carea' id='block_1_73' title="bbox 2073 1425 3667 1492">
    <p class='ocr_par' dir='ltr' id='par_1_73' title="bbox 2073 1425 3667 1492">
     <span class='ocr_line' id='line_1_73' title="bbox 2073 1425 3667 1492; baseline 0.001 -14"><span class='ocrx_word' id='word_1_609' title='bbox 2073 1436 2152 1479; x_wconf 85' lang='lat' dir='ltr'><strong>est</strong></span> <span class='ocrx_word' id='word_1_610' title='bbox 2181 1425 2417 1479; x_wconf 70' lang='lat' dir='ltr'><strong>lzeditur.</strong></span> <span class='ocrx_word' id='word_1_611' title='bbox 2447 1427 2518 1480; x_wconf 85' lang='grc' dir='ltr'><strong>Αι</strong></span> <span class='ocrx_word' id='word_1_612' title='bbox 2549 1427 2814 1492; x_wconf 91' lang='lat' dir='ltr'><strong>infirmus,</strong></span> <span class='ocrx_word' id='word_1_613' title='bbox 2843 1429 3052 1482; x_wconf 88' lang='lat' dir='ltr'><strong>etiamsi</strong></span> <span class='ocrx_word' id='word_1_614' title='bbox 3082 1428 3328 1482; x_wconf 86' lang='lat' dir='ltr'><strong>diabolus</strong></span> <span class='ocrx_word' id='word_1_615' title='bbox 3356 1443 3459 1481; x_wconf 93' lang='lat' dir='ltr'><strong>non</strong></span> <span class='ocrx_word' id='word_1_616' title='bbox 3487 1438 3628 1481; x_wconf 86' lang='lat' dir='ltr'><strong>esset</strong></span> <span class='ocrx_word' id='word_1_617' title='bbox 3654 1469 3667 1487; x_wconf 82' lang='grc'>,</span> 
     </span>
    </p>
   </div>
   <div class='ocr_carea' id='block_1_74' title="bbox 2073 1517 3671 1592">
    <p class='ocr_par' dir='ltr' id='par_1_74' title="bbox 2073 1517 3671 1592">
     <span class='ocr_line' id='line_1_74' title="bbox 2073 1517 3671 1592; baseline 0.001 -20"><span class='ocrx_word' id='word_1_618' title='bbox 2073 1517 2296 1587; x_wconf 77' lang='lat' dir='ltr'><strong>perinde</strong></span> <span class='ocrx_word' id='word_1_619' title='bbox 2327 1518 2562 1574; x_wconf 72' lang='lat' dir='ltr'><strong>laeditur.</strong></span> <span class='ocrx_word' id='word_1_620' title='bbox 2595 1520 2794 1576; x_wconf 79' lang='lat' dir='ltr'><strong>Verum</strong></span> <span class='ocrx_word' id='word_1_621' title='bbox 2845 1537 3112 1592; x_wconf 84' lang='lat' dir='ltr'><strong>repones,</strong></span> <span class='ocrx_word' id='word_1_622' title='bbox 3155 1522 3324 1592; x_wconf 86' lang='lat' dir='ltr'><strong>magis</strong></span> <span class='ocrx_word' id='word_1_623' title='bbox 3361 1537 3484 1576; x_wconf 91' lang='lat' dir='ltr'><strong>cum</strong></span> <span class='ocrx_word' id='word_1_624' title='bbox 3527 1521 3671 1575; x_wconf 85' lang='lat' dir='ltr'><strong>illius</strong></span> 
     </span>
    </p>
   </div>
   <div class='ocr_carea' id='block_1_75' title="bbox 2072 1598 3672 1682">
    <p class='ocr_par' dir='ltr' id='par_1_75' title="bbox 2072 1598 3672 1682">
     <span class='ocr_line' id='line_1_75' title="bbox 2072 1598 3672 1682; baseline 0.004 -22"><span class='ocrx_word' id='word_1_625' title='bbox 2072 1610 2388 1679; x_wconf 85' lang='lat' dir='ltr'><strong>operatione</strong></span> <span class='ocrx_word' id='word_1_626' title='bbox 2415 1598 2648 1665; x_wconf 35' lang='lat' dir='ltr'><strong>l.rditu&#39;r.</strong></span> <span class='ocrx_word' id='word_1_627' title='bbox 2694 1612 2800 1667; x_wconf 91' lang='lat' dir='ltr'><strong>Sed</strong></span> <span class='ocrx_word' id='word_1_628' title='bbox 2828 1613 2872 1667; x_wconf 92' lang='lat' dir='ltr'><strong>si</strong></span> <span class='ocrx_word' id='word_1_629' title='bbox 2901 1628 3022 1667; x_wconf 91' lang='lat' dir='ltr'><strong>cum</strong></span> <span class='ocrx_word' id='word_1_630' title='bbox 3047 1613 3190 1666; x_wconf 78' lang='lat' dir='ltr'><strong>illius</strong></span> <span class='ocrx_word' id='word_1_631' title='bbox 3212 1612 3522 1682; x_wconf 86' lang='lat' dir='ltr'><strong>operatione</strong></span> <span class='ocrx_word' id='word_1_632' title='bbox 3549 1627 3672 1681; x_wconf 87' lang='lat' dir='ltr'><strong>pec-</strong></span> 
     </span>
    </p>
   </div>
   <div class='ocr_carea' id='block_1_76' title="bbox 2072 1702 3674 1774">
    <p class='ocr_par' dir='ltr' id='par_1_76' title="bbox 2072 1702 3674 1774">
     <span class='ocr_line' id='line_1_76' title="bbox 2072 1702 3674 1774; baseline 0.001 -19"><span class='ocrx_word' id='word_1_633' title='bbox 2072 1702 2306 1766; x_wconf 89' lang='lat' dir='ltr'><strong>caverit,</strong></span> <span class='ocrx_word' id='word_1_634' title='bbox 2335 1703 2514 1758; x_wconf 89' lang='lat' dir='ltr'><strong>minus</strong></span> <span class='ocrx_word' id='word_1_635' title='bbox 2541 1705 2761 1772; x_wconf 88' lang='lat' dir='ltr'><strong>punitur</strong></span> <span class='ocrx_word' id='word_1_636' title='bbox 2785 1721 2798 1758; x_wconf 95' lang='lat'><strong>:</strong></span> <span class='ocrx_word' id='word_1_637' title='bbox 2843 1720 3016 1774; x_wconf 89' lang='lat' dir='ltr'><strong>neque</strong></span> <span class='ocrx_word' id='word_1_638' title='bbox 3042 1705 3187 1760; x_wconf 89' lang='lat' dir='ltr'><strong>enim</strong></span> <span class='ocrx_word' id='word_1_639' title='bbox 3214 1705 3453 1760; x_wconf 91' lang='lat' dir='ltr'><strong>omnium</strong></span> <span class='ocrx_word' id='word_1_640' title='bbox 3485 1718 3674 1774; x_wconf 89' lang='lat' dir='ltr'><strong>pecca-</strong></span> 
     </span>
    </p>
   </div>
   <div class='ocr_carea' id='block_1_77' title="bbox 2075 1796 3666 1867">
    <p class='ocr_par' dir='ltr' id='par_1_77' title="bbox 2075 1796 3666 1867">
     <span class='ocr_line' id='line_1_77' title="bbox 2075 1796 3666 1867; baseline 0.003 -19"><span class='ocrx_word' id='word_1_641' title='bbox 2075 1805 2247 1848; x_wconf 91' lang='lat' dir='ltr'><strong>torum</strong></span> <span class='ocrx_word' id='word_1_642' title='bbox 2278 1809 2434 1863; x_wconf 89' lang='lat' dir='ltr'><strong>pares</strong></span> <span class='ocrx_word' id='word_1_643' title='bbox 2461 1806 2584 1850; x_wconf 91' lang='lat' dir='ltr'><strong>sunt</strong></span> <span class='ocrx_word' id='word_1_644' title='bbox 2612 1811 2805 1866; x_wconf 77' lang='lat' dir='ltr'><strong>poenae.</strong></span> <span class='ocrx_word' id='word_1_645' title='bbox 2852 1796 2929 1852; x_wconf 83' lang='lat' dir='ltr'><strong>Ne</strong></span> <span class='ocrx_word' id='word_1_646' title='bbox 2975 1813 3073 1852; x_wconf 91' lang='lat' dir='ltr'><strong>nos</strong></span> <span class='ocrx_word' id='word_1_647' title='bbox 3113 1797 3258 1867; x_wconf 85' lang='lat' dir='ltr'><strong>ipsos</strong></span> <span class='ocrx_word' id='word_1_648' title='bbox 3298 1797 3666 1866; x_wconf 87' lang='lat' dir='ltr'><strong>deeipianms:</strong></span> 
     </span>
    </p>
   </div>
   <div class='ocr_carea' id='block_1_78' title="bbox 2074 1888 3672 1960">
    <p class='ocr_par' dir='ltr' id='par_1_78' title="bbox 2074 1888 3672 1960">
     <span class='ocr_line' id='line_1_78' title="bbox 2074 1888 3672 1960; baseline 0.002 -20"><span class='ocrx_word' id='word_1_649' title='bbox 2074 1903 2178 1942; x_wconf 94' lang='lat' dir='ltr'><strong>non</strong></span> <span class='ocrx_word' id='word_1_650' title='bbox 2207 1897 2290 1942; x_wconf 89' lang='lat' dir='ltr'><strong>est</strong></span> <span class='ocrx_word' id='word_1_651' title='bbox 2329 1888 2484 1944; x_wconf 92' lang='lat' dir='ltr'><strong>nobis</strong></span> <span class='ocrx_word' id='word_1_652' title='bbox 2511 1889 2564 1942; x_wconf 91' lang='lat' dir='ltr'><strong>in</strong></span> <span class='ocrx_word' id='word_1_653' title='bbox 2602 1904 2765 1944; x_wconf 90' lang='lat' dir='ltr'><strong>causa</strong></span> <span class='ocrx_word' id='word_1_654' title='bbox 2803 1889 3086 1953; x_wconf 87' lang='lat' dir='ltr'><strong>diabolus,</strong></span> <span class='ocrx_word' id='word_1_655' title='bbox 3123 1891 3168 1945; x_wconf 92' lang='lat' dir='ltr'><strong>si</strong></span> <span class='ocrx_word' id='word_1_656' title='bbox 3211 1889 3535 1960; x_wconf 80' lang='lat' dir='ltr'><strong>vigilemus:</strong></span> <span class='ocrx_word' id='word_1_657' title='bbox 3581 1889 3672 1943; x_wconf 89' lang='lat' dir='ltr'><strong>ille</strong></span> 
     </span>
    </p>
   </div>
   <div class='ocr_carea' id='block_1_79' title="bbox 2075 1979 3670 2052">
    <p class='ocr_par' dir='ltr' id='par_1_79' title="bbox 2075 1979 3670 2052">
     <span class='ocr_line' id='line_1_79' title="bbox 2075 1979 3670 2052; baseline 0.003 -20"><span class='ocrx_word' id='word_1_658' title='bbox 2075 1994 2171 2034; x_wconf 91' lang='lat' dir='ltr'><strong>nos</strong></span> <span class='ocrx_word' id='word_1_659' title='bbox 2197 1979 2364 2050; x_wconf 86' lang='lat' dir='ltr'><strong>magis</strong></span> <span class='ocrx_word' id='word_1_660' title='bbox 2388 1982 2759 2036; x_wconf 88' lang='lat' dir='ltr'><strong>somnoleutos</strong></span> <span class='ocrx_word' id='word_1_661' title='bbox 2787 1983 3006 2037; x_wconf 78' lang='lat' dir='ltr'><strong>excitat.</strong></span> <span class='ocrx_word' id='word_1_662' title='bbox 3039 1983 3132 2037; x_wconf 92' lang='lat' dir='ltr'><strong>Dic</strong></span> <span class='ocrx_word' id='word_1_663' title='bbox 3157 1983 3299 2037; x_wconf 87' lang='lat' dir='ltr'><strong>enim</strong></span> <span class='ocrx_word' id='word_1_664' title='bbox 3329 1982 3460 2036; x_wconf 88' lang='lat' dir='ltr'><strong>mihi</strong></span> <span class='ocrx_word' id='word_1_665' title='bbox 3487 1983 3506 2052; x_wconf 94' lang='lat'>(</span> <span class='ocrx_word' id='word_1_666' title='bbox 3531 1983 3670 2037; x_wconf 80' lang='lat' dir='ltr'><strong>inte-</strong></span> 
     </span>
    </p>
   </div>
   <div class='ocr_carea' id='block_1_80' title="bbox 2076 2071 3671 2142">
    <p class='ocr_par' dir='ltr' id='par_1_80' title="bbox 2076 2071 3671 2142">
     <span class='ocr_line' id='line_1_80' title="bbox 2076 2071 3671 2142; baseline 0.002 -19"><span class='ocrx_word' id='word_1_667' title='bbox 2076 2071 2174 2124; x_wconf 92' lang='lat' dir='ltr'><strong>rim</strong></span> <span class='ocrx_word' id='word_1_668' title='bbox 2221 2071 2335 2126; x_wconf 76' lang='lat' dir='ltr'><strong>lucc</strong></span> <span class='ocrx_word' id='word_1_669' title='bbox 2361 2073 2772 2142; x_wconf 91' lang='lat' dir='ltr'><strong>cxamincmus)</strong></span> <span class='ocrx_word' id='word_1_670' title='bbox 2798 2090 2811 2126; x_wconf 92' lang='lat'><strong>:</strong></span> <span class='ocrx_word' id='word_1_671' title='bbox 2842 2089 2948 2128; x_wconf 92' lang='lat' dir='ltr'><strong>non</strong></span> <span class='ocrx_word' id='word_1_672' title='bbox 2978 2074 3085 2128; x_wconf 90' lang='lat' dir='ltr'><strong>sint</strong></span> <span class='ocrx_word' id='word_1_673' title='bbox 3109 2072 3268 2140; x_wconf 73' lang='lat' dir='ltr'><strong>ferm,</strong></span> <span class='ocrx_word' id='word_1_674' title='bbox 3299 2087 3406 2128; x_wconf 93' lang='lat' dir='ltr'><strong>non</strong></span> <span class='ocrx_word' id='word_1_675' title='bbox 3435 2073 3506 2127; x_wconf 93' lang='lat' dir='ltr'><strong>sit</strong></span> <span class='ocrx_word' id='word_1_676' title='bbox 3529 2074 3671 2128; x_wconf 91' lang='lat' dir='ltr'><strong>acris</strong></span> 
     </span>
    </p>
   </div>
   <div class='ocr_carea' id='block_1_81' title="bbox 2075 2162 3670 2231">
    <p class='ocr_par' dir='ltr' id='par_1_81' title="bbox 2075 2162 3670 2231">
     <span class='ocr_line' id='line_1_81' title="bbox 2075 2162 3670 2231; baseline 0 -16"><span class='ocrx_word' id='word_1_677' title='bbox 2075 2162 2418 2231; x_wconf 90' lang='lat' dir='ltr'><strong>intemperies</strong></span> <span class='ocrx_word' id='word_1_678' title='bbox 2441 2203 2457 2227; x_wconf 91' lang='lat'><strong>,</strong></span> <span class='ocrx_word' id='word_1_679' title='bbox 2491 2179 2598 2218; x_wconf 94' lang='lat' dir='ltr'><strong>non</strong></span> <span class='ocrx_word' id='word_1_680' title='bbox 2623 2163 2842 2218; x_wconf 90' lang='lat' dir='ltr'><strong>morbus</strong></span> <span class='ocrx_word' id='word_1_681' title='bbox 2867 2204 2882 2227; x_wconf 97' lang='lat'><strong>,</strong></span> <span class='ocrx_word' id='word_1_682' title='bbox 2913 2179 3017 2217; x_wconf 93' lang='lat' dir='ltr'><strong>non</strong></span> <span class='ocrx_word' id='word_1_683' title='bbox 3045 2164 3263 2218; x_wconf 89' lang='lat' dir='ltr'><strong>dolores</strong></span> <span class='ocrx_word' id='word_1_684' title='bbox 3290 2203 3305 2229; x_wconf 91' lang='lat'><strong>,</strong></span> <span class='ocrx_word' id='word_1_685' title='bbox 3334 2179 3439 2217; x_wconf 93' lang='lat' dir='ltr'><strong>non</strong></span> <span class='ocrx_word' id='word_1_686' title='bbox 3468 2177 3670 2217; x_wconf 77' lang='lat' dir='ltr'><strong>mmro-</strong></span> 
     </span>
    </p>
   </div>
   <div class='ocr_carea' id='block_1_82' title="bbox 2075 2253 3673 2325">
    <p class='ocr_par' dir='ltr' id='par_1_82' title="bbox 2075 2253 3673 2325">
     <span class='ocr_line' id='line_1_82' title="bbox 2075 2253 3673 2325; baseline 0.001 -19"><span class='ocrx_word' id='word_1_687' title='bbox 2075 2267 2198 2316; x_wconf 80' lang='lat' dir='ltr'><strong>res,</strong></span> <span class='ocrx_word' id='word_1_688' title='bbox 2229 2268 2328 2308; x_wconf 90' lang='lat' dir='ltr'><strong>nec</strong></span> <span class='ocrx_word' id='word_1_689' title='bbox 2357 2253 2485 2324; x_wconf 91' lang='lat' dir='ltr'><strong>quid</strong></span> <span class='ocrx_word' id='word_1_690' title='bbox 2526 2255 2743 2310; x_wconf 89' lang='lat' dir='ltr'><strong>simile:</strong></span> <span class='ocrx_word' id='word_1_691' title='bbox 2794 2256 2885 2325; x_wconf 88' lang='lat' dir='ltr'><strong>qui</strong></span> <span class='ocrx_word' id='word_1_692' title='bbox 2929 2271 3033 2311; x_wconf 93' lang='lat' dir='ltr'><strong>non</strong></span> <span class='ocrx_word' id='word_1_693' title='bbox 3069 2255 3238 2311; x_wconf 74' lang='lat' dir='ltr'><strong>factus</strong></span> <span class='ocrx_word' id='word_1_694' title='bbox 3281 2266 3425 2311; x_wconf 90' lang='lat' dir='ltr'><strong>esset</strong></span> <span class='ocrx_word' id='word_1_695' title='bbox 3465 2257 3673 2310; x_wconf 88' lang='lat' dir='ltr'><strong>homo?</strong></span> 
     </span>
    </p>
   </div>
   <div class='ocr_carea' id='block_1_83' title="bbox 2077 2346 3669 2418">
    <p class='ocr_par' dir='ltr' id='par_1_83' title="bbox 2077 2346 3669 2418">
     <span class='ocr_line' id='line_1_83' title="bbox 2077 2346 3669 2418; baseline 0.003 -18"><span class='ocrx_word' id='word_1_696' title='bbox 2077 2346 2277 2400; x_wconf 83' lang='lat' dir='ltr'><strong>Porcus</strong></span> <span class='ocrx_word' id='word_1_697' title='bbox 2305 2347 2476 2417; x_wconf 88' lang='lat' dir='ltr'><strong>magis</strong></span> <span class='ocrx_word' id='word_1_698' title='bbox 2500 2364 2661 2418; x_wconf 88' lang='lat' dir='ltr'><strong>qttam</strong></span> <span class='ocrx_word' id='word_1_699' title='bbox 2690 2349 2852 2404; x_wconf 84' lang='lat' dir='ltr'><strong>homo</strong></span> <span class='ocrx_word' id='word_1_700' title='bbox 2870 2392 2885 2416; x_wconf 96' lang='lat'><strong>,</strong></span> <span class='ocrx_word' id='word_1_701' title='bbox 2917 2361 2976 2403; x_wconf 93' lang='lat' dir='ltr'><strong>ut</strong></span> <span class='ocrx_word' id='word_1_702' title='bbox 3003 2349 3213 2404; x_wconf 90' lang='lat' dir='ltr'><strong>videtur</strong></span> <span class='ocrx_word' id='word_1_703' title='bbox 3240 2350 3368 2404; x_wconf 89' lang='lat' dir='ltr'><strong>mihi</strong></span> <span class='ocrx_word' id='word_1_704' title='bbox 3389 2389 3406 2416; x_wconf 92' lang='lat'><strong>,</strong></span> <span class='ocrx_word' id='word_1_705' title='bbox 3451 2349 3669 2415; x_wconf 89' lang='lat' dir='ltr'><strong>fuisset,</strong></span> 
     </span>
    </p>
   </div>
   <div class='ocr_carea' id='block_1_84' title="bbox 2071 2437 3671 2505">
    <p class='ocr_par' dir='ltr' id='par_1_84' title="bbox 2071 2437 3671 2505">
     <span class='ocr_line' id='line_1_84' title="bbox 2071 2437 3671 2505; baseline 0.003 -16"><span class='ocrx_word' id='word_1_706' title='bbox 2071 2437 2209 2505; x_wconf 75' lang='lat' dir='ltr'><strong>gulae</strong></span> <span class='ocrx_word' id='word_1_707' title='bbox 2239 2446 2292 2491; x_wconf 93' lang='lat' dir='ltr'><strong>et</strong></span> <span class='ocrx_word' id='word_1_708' title='bbox 2333 2438 2582 2493; x_wconf 90' lang='lat' dir='ltr'><strong>ebrietati</strong></span> <span class='ocrx_word' id='word_1_709' title='bbox 2621 2454 2683 2494; x_wconf 93' lang='lat' dir='ltr'><strong>se</strong></span> <span class='ocrx_word' id='word_1_710' title='bbox 2724 2439 2929 2495; x_wconf 89' lang='lat' dir='ltr'><strong>dedens</strong></span> <span class='ocrx_word' id='word_1_711' title='bbox 2955 2483 2968 2504; x_wconf 93' lang='lat'><strong>,</strong></span> <span class='ocrx_word' id='word_1_712' title='bbox 3010 2450 3065 2496; x_wconf 89' lang='lat' dir='ltr'><strong>et</strong></span> <span class='ocrx_word' id='word_1_713' title='bbox 3105 2456 3133 2495; x_wconf 90' lang='lat' dir='ltr'><strong>a</strong></span> <span class='ocrx_word' id='word_1_714' title='bbox 3178 2443 3327 2495; x_wconf 91' lang='lat' dir='ltr'><strong>nullo</strong></span> <span class='ocrx_word' id='word_1_715' title='bbox 3367 2457 3553 2496; x_wconf 90' lang='lat' dir='ltr'><strong>eorum</strong></span> <span class='ocrx_word' id='word_1_716' title='bbox 3594 2442 3671 2494; x_wconf 93' lang='lat' dir='ltr'><strong>in-</strong></span> 
     </span>
    </p>
   </div>
   <div class='ocr_carea' id='block_1_85' title="bbox 2074 2529 3666 2604">
    <p class='ocr_par' dir='ltr' id='par_1_85' title="bbox 2074 2529 3666 2604">
     <span class='ocr_line' id='line_1_85' title="bbox 2074 2529 3666 2604; baseline 0.004 -21"><span class='ocrx_word' id='word_1_717' title='bbox 2074 2529 2481 2584; x_wconf 87' lang='lat' dir='ltr'><strong>terturbaretur.</strong></span> <span class='ocrx_word' id='word_1_718' title='bbox 2509 2529 2660 2586; x_wconf 86' lang='lat' dir='ltr'><strong>Nunc</strong></span> <span class='ocrx_word' id='word_1_719' title='bbox 2703 2547 2831 2586; x_wconf 86' lang='lat' dir='ltr'><strong>vero</strong></span> <span class='ocrx_word' id='word_1_720' title='bbox 2872 2549 3015 2586; x_wconf 57' lang='lat' dir='ltr'><strong>cuine</strong></span> <span class='ocrx_word' id='word_1_721' title='bbox 3043 2543 3099 2587; x_wconf 92' lang='lat' dir='ltr'><strong>et</strong></span> <span class='ocrx_word' id='word_1_722' title='bbox 3139 2534 3547 2598; x_wconf 76' lang='lat' dir='ltr'><strong>sollicitudines,</strong></span> <span class='ocrx_word' id='word_1_723' title='bbox 3569 2549 3666 2604; x_wconf 83' lang='lat' dir='ltr'><strong>gy-</strong></span> 
     </span>
    </p>
   </div>
   <div class='ocr_carea' id='block_1_86' title="bbox 2072 2620 3667 2694">
    <p class='ocr_par' dir='ltr' id='par_1_86' title="bbox 2072 2620 3667 2694">
     <span class='ocr_line' id='line_1_86' title="bbox 2072 2620 3667 2694; baseline 0.004 -22"><span class='ocrx_word' id='word_1_724' title='bbox 2072 2620 2338 2674; x_wconf 88' lang='lat' dir='ltr'><strong>mnasium</strong></span> <span class='ocrx_word' id='word_1_725' title='bbox 2379 2629 2434 2676; x_wconf 90' lang='lat' dir='ltr'><strong>et</strong></span> <span class='ocrx_word' id='word_1_726' title='bbox 2473 2621 2657 2676; x_wconf 89' lang='lat' dir='ltr'><strong>schola</strong></span> <span class='ocrx_word' id='word_1_727' title='bbox 2683 2622 3038 2692; x_wconf 79' lang='lat' dir='ltr'><strong>philosophiae</strong></span> <span class='ocrx_word' id='word_1_728' title='bbox 3067 2634 3193 2678; x_wconf 89' lang='lat' dir='ltr'><strong>sunt</strong></span> <span class='ocrx_word' id='word_1_729' title='bbox 3225 2625 3337 2690; x_wconf 92' lang='lat' dir='ltr'><strong>illi,</strong></span> <span class='ocrx_word' id='word_1_730' title='bbox 3379 2634 3540 2694; x_wconf 88' lang='lat' dir='ltr'><strong>atque</strong></span> <span class='ocrx_word' id='word_1_731' title='bbox 3581 2624 3667 2678; x_wconf 86' lang='lat' dir='ltr'><strong>itt-</strong></span> 
     </span>
    </p>
   </div>
   <div class='ocr_carea' id='block_1_87' title="bbox 2070 2711 3666 2784">
    <p class='ocr_par' dir='ltr' id='par_1_87' title="bbox 2070 2711 3666 2784">
     <span class='ocr_line' id='line_1_87' title="bbox 2070 2711 3666 2784; baseline 0.002 -20"><span class='ocrx_word' id='word_1_732' title='bbox 2070 2711 2280 2764; x_wconf 91' lang='lat' dir='ltr'><strong>stitutio</strong></span> <span class='ocrx_word' id='word_1_733' title='bbox 2303 2712 2526 2781; x_wconf 81' lang='lat' dir='ltr'><strong>Optima.</strong></span> <span class='ocrx_word' id='word_1_734' title='bbox 2547 2711 2660 2767; x_wconf 81' lang='lat' dir='ltr'><strong>Hoc</strong></span> <span class='ocrx_word' id='word_1_735' title='bbox 2689 2712 2814 2767; x_wconf 91' lang='lat' dir='ltr'><strong>item</strong></span> <span class='ocrx_word' id='word_1_736' title='bbox 2845 2713 3118 2782; x_wconf 89' lang='lat' dir='ltr'><strong>perpende</strong></span> <span class='ocrx_word' id='word_1_737' title='bbox 3142 2732 3154 2766; x_wconf 93' lang='lat'><strong>:</strong></span> <span class='ocrx_word' id='word_1_738' title='bbox 3184 2714 3443 2768; x_wconf 90' lang='lat' dir='ltr'><strong>educetur</strong></span> <span class='ocrx_word' id='word_1_739' title='bbox 3467 2715 3588 2784; x_wconf 90' lang='lat' dir='ltr'><strong>quis</strong></span> <span class='ocrx_word' id='word_1_740' title='bbox 3615 2715 3666 2768; x_wconf 93' lang='lat' dir='ltr'><strong>in</strong></span> 
     </span>
    </p>
   </div>
   <div class='ocr_carea' id='block_1_88' title="bbox 2070 2803 3668 2875">
    <p class='ocr_par' dir='ltr' id='par_1_88' title="bbox 2070 2803 3668 2875">
     <span class='ocr_line' id='line_1_88' title="bbox 2070 2803 3668 2875; baseline 0.003 -19"><span class='ocrx_word' id='word_1_741' title='bbox 2070 2804 2214 2873; x_wconf 81' lang='lat' dir='ltr'><strong>regia</strong></span> <span class='ocrx_word' id='word_1_742' title='bbox 2243 2803 2360 2858; x_wconf 89' lang='lat' dir='ltr'><strong>sine</strong></span> <span class='ocrx_word' id='word_1_743' title='bbox 2395 2803 2583 2859; x_wconf 87' lang='lat' dir='ltr'><strong>dolore</strong></span> <span class='ocrx_word' id='word_1_744' title='bbox 2619 2820 2719 2860; x_wconf 91' lang='lat' dir='ltr'><strong>nec</strong></span> <span class='ocrx_word' id='word_1_745' title='bbox 2757 2820 2884 2859; x_wconf 88' lang='lat' dir='ltr'><strong>cura</strong></span> <span class='ocrx_word' id='word_1_746' title='bbox 2923 2806 3006 2860; x_wconf 90' lang='lat' dir='ltr'><strong>vel</strong></span> <span class='ocrx_word' id='word_1_747' title='bbox 3055 2806 3414 2863; x_wconf 89' lang='lat' dir='ltr'><strong>sollicitudine</strong></span> <span class='ocrx_word' id='word_1_748' title='bbox 3437 2848 3451 2872; x_wconf 95' lang='lat'><strong>,</strong></span> <span class='ocrx_word' id='word_1_749' title='bbox 3495 2822 3668 2875; x_wconf 87' lang='lat' dir='ltr'><strong>neque</strong></span> 
     </span>
    </p>
   </div>
   <div class='ocr_carea' id='block_1_89' title="bbox 2071 2895 3664 2964">
    <p class='ocr_par' dir='ltr' id='par_1_89' title="bbox 2071 2895 3664 2964">
     <span class='ocr_line' id='line_1_89' title="bbox 2071 2895 3664 2964; baseline 0.002 -17"><span class='ocrx_word' id='word_1_750' title='bbox 2071 2895 2164 2949; x_wconf 70' lang='lat' dir='ltr'><strong>inn</strong></span> <span class='ocrx_word' id='word_1_751' title='bbox 2208 2895 2293 2949; x_wconf 88' lang='lat' dir='ltr'><strong>vel</strong></span> <span class='ocrx_word' id='word_1_752' title='bbox 2340 2896 2617 2950; x_wconf 73' lang='lat' dir='ltr'><strong>infortunii</strong></span> <span class='ocrx_word' id='word_1_753' title='bbox 2659 2897 3004 2952; x_wconf 80' lang='lat' dir='ltr'><strong>occnsionem</strong></span> <span class='ocrx_word' id='word_1_754' title='bbox 3050 2895 3284 2964; x_wconf 85' lang='lat' dir='ltr'><strong>habeat,</strong></span> <span class='ocrx_word' id='word_1_755' title='bbox 3335 2898 3432 2952; x_wconf 90' lang='lat' dir='ltr'><strong>sed</strong></span> <span class='ocrx_word' id='word_1_756' title='bbox 3486 2899 3664 2952; x_wconf 88' lang='lat' dir='ltr'><strong>omnia</strong></span> 
     </span>
    </p>
   </div>
   <div class='ocr_carea' id='block_1_90' title="bbox 2070 2986 3667 3058">
    <p class='ocr_par' dir='ltr' id='par_1_90' title="bbox 2070 2986 3667 3058">
     <span class='ocr_line' id='line_1_90' title="bbox 2070 2986 3667 3058; baseline 0.003 -19"><span class='ocrx_word' id='word_1_757' title='bbox 2070 3002 2186 3056; x_wconf 77' lang='lat' dir='ltr'><strong>qua:</strong></span> <span class='ocrx_word' id='word_1_758' title='bbox 2208 2987 2577 3054; x_wconf 91' lang='lat' dir='ltr'><strong>concupiverit</strong></span> <span class='ocrx_word' id='word_1_759' title='bbox 2597 2986 2758 3042; x_wconf 83' lang='lat' dir='ltr'><strong>faciat</strong></span> <span class='ocrx_word' id='word_1_760' title='bbox 2794 2998 2849 3043; x_wconf 90' lang='lat' dir='ltr'><strong>et</strong></span> <span class='ocrx_word' id='word_1_761' title='bbox 2887 2999 3226 3058; x_wconf 89' lang='lat' dir='ltr'><strong>assequatur,</strong></span> <span class='ocrx_word' id='word_1_762' title='bbox 3249 3004 3544 3058; x_wconf 88' lang='lat' dir='ltr'><strong>omnesque</strong></span> <span class='ocrx_word' id='word_1_763' title='bbox 3571 2990 3667 3043; x_wconf 82' lang='lat' dir='ltr'><strong>lia-</strong></span> 
     </span>
    </p>
   </div>
   <div class='ocr_carea' id='block_1_91' title="bbox 2077 3081 3664 3151">
    <p class='ocr_par' dir='ltr' id='par_1_91' title="bbox 2077 3081 3664 3151">
     <span class='ocr_line' id='line_1_91' title="bbox 2077 3081 3664 3151; baseline 0.002 -17"><span class='ocrx_word' id='word_1_764' title='bbox 2077 3081 2199 3136; x_wconf 89' lang='lat' dir='ltr'><strong>bcat</strong></span> <span class='ocrx_word' id='word_1_765' title='bbox 2225 3082 2328 3136; x_wconf 91' lang='lat' dir='ltr'><strong>sibi</strong></span> <span class='ocrx_word' id='word_1_766' title='bbox 2357 3082 2760 3151; x_wconf 84' lang='lat' dir='ltr'><strong>obsequentes:</strong></span> <span class='ocrx_word' id='word_1_767' title='bbox 2807 3097 2985 3136; x_wconf 89' lang='lat' dir='ltr'><strong>annon</strong></span> <span class='ocrx_word' id='word_1_768' title='bbox 3013 3083 3139 3138; x_wconf 80' lang='lat' dir='ltr'><strong>talis</strong></span> <span class='ocrx_word' id='word_1_769' title='bbox 3179 3082 3343 3138; x_wconf 90' lang='lat' dir='ltr'><strong>homo</strong></span> <span class='ocrx_word' id='word_1_770' title='bbox 3369 3086 3513 3138; x_wconf 92' lang='lat' dir='ltr'><strong>omni</strong></span> <span class='ocrx_word' id='word_1_771' title='bbox 3555 3084 3664 3137; x_wconf 87' lang='lat' dir='ltr'><strong>fera</strong></span> 
     </span>
    </p>
   </div>
   <div class='ocr_carea' id='block_1_92' title="bbox 2073 3175 2659 3230">
    <p class='ocr_par' dir='ltr' id='par_1_92' title="bbox 2073 3175 2659 3230">
     <span class='ocr_line' id='line_1_92' title="bbox 2073 3175 2659 3230; baseline 0.005 -2"><span class='ocrx_word' id='word_1_772' title='bbox 2073 3175 2493 3230; x_wconf 83' lang='lat' dir='ltr'><strong>irrationabilior</strong></span> <span class='ocrx_word' id='word_1_773' title='bbox 2521 3176 2613 3230; x_wconf 79' lang='lat' dir='ltr'><strong>fiet</strong></span> <span class='ocrx_word' id='word_1_774' title='bbox 2635 3175 2659 3230; x_wconf 83' lang='lat'><strong>?</strong></span> 
     </span>
    </p>
   </div>
   <div class='ocr_carea' id='block_1_93' title="bbox 2143 3272 3668 3328">
    <p class='ocr_par' dir='ltr' id='par_1_93' title="bbox 2143 3272 3668 3328">
     <span class='ocr_line' id='line_1_93' title="bbox 2143 3272 3668 3328; baseline 0 -2"><span class='ocrx_word' id='word_1_775' title='bbox 2143 3273 2506 3327; x_wconf 82' lang='lat' dir='ltr'><strong>Cafamitatum</strong></span> <span class='ocrx_word' id='word_1_776' title='bbox 2532 3273 2746 3328; x_wconf 73' lang='lat' dir='ltr'><strong>utilitas.</strong></span> <span class='ocrx_word' id='word_1_777' title='bbox 2766 3302 2835 3312; x_wconf 94' lang='lat'><strong>—</strong></span> <span class='ocrx_word' id='word_1_778' title='bbox 2853 3272 3004 3328; x_wconf 91' lang='lat' dir='ltr'><strong>Nunc</strong></span> <span class='ocrx_word' id='word_1_779' title='bbox 3031 3287 3160 3328; x_wconf 83' lang='lat' dir='ltr'><strong>vero</strong></span> <span class='ocrx_word' id='word_1_780' title='bbox 3184 3273 3321 3327; x_wconf 83' lang='lat' dir='ltr'><strong>sicut</strong></span> <span class='ocrx_word' id='word_1_781' title='bbox 3349 3287 3442 3326; x_wconf 88' lang='lat' dir='ltr'><strong>cos</strong></span> <span class='ocrx_word' id='word_1_782' title='bbox 3469 3287 3668 3327; x_wconf 89' lang='lat' dir='ltr'><strong>acuens</strong></span> 
     </span>
    </p>
   </div>
   <div class='ocr_carea' id='block_1_94' title="bbox 2073 3363 3668 3433">
    <p class='ocr_par' dir='ltr' id='par_1_94' title="bbox 2073 3363 3668 3433">
     <span class='ocr_line' id='line_1_94' title="bbox 2073 3363 3668 3433; baseline -0.001 -16"><span class='ocrx_word' id='word_1_783' title='bbox 2073 3377 2170 3418; x_wconf 85' lang='lat' dir='ltr'><strong>nos</strong></span> <span class='ocrx_word' id='word_1_784' title='bbox 2200 3372 2329 3418; x_wconf 88' lang='lat' dir='ltr'><strong>sunt</strong></span> <span class='ocrx_word' id='word_1_785' title='bbox 2367 3365 2740 3418; x_wconf 89' lang='lat' dir='ltr'><strong>calamitates:</strong></span> <span class='ocrx_word' id='word_1_786' title='bbox 2789 3363 2912 3417; x_wconf 87' lang='lat' dir='ltr'><strong>ideo</strong></span> <span class='ocrx_word' id='word_1_787' title='bbox 2943 3378 3205 3433; x_wconf 89' lang='lat' dir='ltr'><strong>pauperes</strong></span> <span class='ocrx_word' id='word_1_788' title='bbox 3243 3364 3499 3418; x_wconf 88' lang='lat' dir='ltr'><strong>divitibus</strong></span> <span class='ocrx_word' id='word_1_789' title='bbox 3543 3373 3668 3418; x_wconf 91' lang='lat' dir='ltr'><strong>sunt</strong></span> 
     </span>
    </p>
   </div>
   <div class='ocr_carea' id='block_1_95' title="bbox 2072 3455 3667 3525">
    <p class='ocr_par' dir='ltr' id='par_1_95' title="bbox 2072 3455 3667 3525">
     <span class='ocr_line' id='line_1_95' title="bbox 2072 3455 3667 3525; baseline 0.001 -17"><span class='ocrx_word' id='word_1_790' title='bbox 2072 3465 2128 3509; x_wconf 81' lang='grc' dir='ltr'>ιιι</span> <span class='ocrx_word' id='word_1_791' title='bbox 2177 3456 2465 3524; x_wconf 89' lang='lat' dir='ltr'><strong>plurimum</strong></span> <span class='ocrx_word' id='word_1_792' title='bbox 2515 3455 2911 3523; x_wconf 85' lang='lat' dir='ltr'><strong>sapientiores,</strong></span> <span class='ocrx_word' id='word_1_793' title='bbox 2964 3465 3149 3525; x_wconf 89' lang='lat' dir='ltr'><strong>utpote</strong></span> <span class='ocrx_word' id='word_1_794' title='bbox 3193 3456 3373 3508; x_wconf 89' lang='lat' dir='ltr'><strong>multis</strong></span> <span class='ocrx_word' id='word_1_795' title='bbox 3418 3456 3667 3510; x_wconf 86' lang='lat' dir='ltr'><strong>fluetibus</strong></span> 
     </span>
    </p>
   </div>
   <div class='ocr_carea' id='block_1_96' title="bbox 2070 3547 3663 3616">
    <p class='ocr_par' dir='ltr' id='par_1_96' title="bbox 2070 3547 3663 3616">
     <span class='ocr_line' id='line_1_96' title="bbox 2070 3547 3663 3616; baseline 0 -15"><span class='ocrx_word' id='word_1_796' title='bbox 2070 3549 2243 3602; x_wconf 83' lang='lat' dir='ltr'><strong>vexati</strong></span> <span class='ocrx_word' id='word_1_797' title='bbox 2274 3557 2327 3604; x_wconf 86' lang='lat' dir='ltr'><strong>et</strong></span> <span class='ocrx_word' id='word_1_798' title='bbox 2368 3549 2667 3604; x_wconf 89' lang='lat' dir='ltr'><strong>exercitati.</strong></span> <span class='ocrx_word' id='word_1_799' title='bbox 2712 3547 2844 3602; x_wconf 87' lang='lat' dir='ltr'><strong>Nam</strong></span> <span class='ocrx_word' id='word_1_800' title='bbox 2885 3563 3081 3616; x_wconf 89' lang='lat' dir='ltr'><strong>corpus</strong></span> <span class='ocrx_word' id='word_1_801' title='bbox 3110 3549 3344 3602; x_wconf 90' lang='lat' dir='ltr'><strong>otiosum</strong></span> <span class='ocrx_word' id='word_1_802' title='bbox 3374 3558 3429 3601; x_wconf 91' lang='lat' dir='ltr'><strong>ct</strong></span> <span class='ocrx_word' id='word_1_803' title='bbox 3468 3549 3663 3602; x_wconf 91' lang='lat' dir='ltr'><strong>immo-</strong></span> 
     </span>
    </p>
   </div>
   <div class='ocr_carea' id='block_1_97' title="bbox 2071 3639 3662 3709">
    <p class='ocr_par' dir='ltr' id='par_1_97' title="bbox 2071 3639 3662 3709">
     <span class='ocr_line' id='line_1_97' title="bbox 2071 3639 3662 3709; baseline -0.001 -15"><span class='ocrx_word' id='word_1_804' title='bbox 2071 3650 2180 3694; x_wconf 92' lang='lat' dir='ltr'><strong>tum</strong></span> <span class='ocrx_word' id='word_1_805' title='bbox 2207 3681 2222 3706; x_wconf 94' lang='lat'><strong>,</strong></span> <span class='ocrx_word' id='word_1_806' title='bbox 2253 3640 2457 3694; x_wconf 88' lang='lat' dir='ltr'><strong>morbis</strong></span> <span class='ocrx_word' id='word_1_807' title='bbox 2483 3640 2774 3694; x_wconf 88' lang='lat' dir='ltr'><strong>obnoxium</strong></span> <span class='ocrx_word' id='word_1_808' title='bbox 2803 3648 2888 3694; x_wconf 93' lang='lat' dir='ltr'><strong>est</strong></span> <span class='ocrx_word' id='word_1_809' title='bbox 2916 3649 2970 3692; x_wconf 89' lang='lat' dir='ltr'><strong>et</strong></span> <span class='ocrx_word' id='word_1_810' title='bbox 2998 3639 3238 3693; x_wconf 89' lang='lat' dir='ltr'><strong>deforme</strong></span> <span class='ocrx_word' id='word_1_811' title='bbox 3263 3655 3278 3703; x_wconf 89' lang='lat'><strong>;</strong></span> <span class='ocrx_word' id='word_1_812' title='bbox 3311 3639 3452 3709; x_wconf 91' lang='lat' dir='ltr'><strong>quod</strong></span> <span class='ocrx_word' id='word_1_813' title='bbox 3485 3648 3662 3693; x_wconf 87' lang='lat' dir='ltr'><strong>autem</strong></span> 
     </span>
    </p>
   </div>
   <div class='ocr_carea' id='block_1_98' title="bbox 2070 3729 3667 3800">
    <p class='ocr_par' dir='ltr' id='par_1_98' title="bbox 2070 3729 3667 3800">
     <span class='ocr_line' id='line_1_98' title="bbox 2070 3729 3667 3800; baseline -0.001 -15"><span class='ocrx_word' id='word_1_814' title='bbox 2070 3740 2322 3787; x_wconf 91' lang='lat' dir='ltr'><strong>movetur</strong></span> <span class='ocrx_word' id='word_1_815' title='bbox 2365 3740 2420 3786; x_wconf 92' lang='lat' dir='ltr'><strong>et</strong></span> <span class='ocrx_word' id='word_1_816' title='bbox 2463 3729 2674 3784; x_wconf 87' lang='lat' dir='ltr'><strong>laborat</strong></span> <span class='ocrx_word' id='word_1_817' title='bbox 2715 3729 3072 3800; x_wconf 85' lang='lat' dir='ltr'><strong>affligiturque</strong></span> <span class='ocrx_word' id='word_1_818' title='bbox 3097 3772 3112 3796; x_wconf 95' lang='lat'><strong>,</strong></span> <span class='ocrx_word' id='word_1_819' title='bbox 3156 3730 3440 3784; x_wconf 85' lang='lat' dir='ltr'><strong>formosius</strong></span> <span class='ocrx_word' id='word_1_820' title='bbox 3485 3739 3567 3784; x_wconf 89' lang='lat' dir='ltr'><strong>est</strong></span> <span class='ocrx_word' id='word_1_821' title='bbox 3609 3740 3667 3784; x_wconf 92' lang='lat' dir='ltr'><strong>et</strong></span> 
     </span>
    </p>
   </div>
   <div class='ocr_carea' id='block_1_99' title="bbox 2069 3823 3664 3892">
    <p class='ocr_par' dir='ltr' id='par_1_99' title="bbox 2069 3823 3664 3892">
     <span class='ocr_line' id='line_1_99' title="bbox 2069 3823 3664 3892; baseline -0.003 -12"><span class='ocrx_word' id='word_1_822' title='bbox 2069 3827 2292 3880; x_wconf 89' lang='lat' dir='ltr'><strong>sanius:</strong></span> <span class='ocrx_word' id='word_1_823' title='bbox 2330 3824 2432 3880; x_wconf 90' lang='lat' dir='ltr'><strong>hoc</strong></span> <span class='ocrx_word' id='word_1_824' title='bbox 2459 3824 2618 3878; x_wconf 89' lang='lat' dir='ltr'><strong>etiam</strong></span> <span class='ocrx_word' id='word_1_825' title='bbox 2652 3825 2704 3879; x_wconf 93' lang='lat' dir='ltr'><strong>in</strong></span> <span class='ocrx_word' id='word_1_826' title='bbox 2742 3825 2920 3878; x_wconf 88' lang='lat' dir='ltr'><strong>anima</strong></span> <span class='ocrx_word' id='word_1_827' title='bbox 2954 3825 3190 3892; x_wconf 91' lang='lat' dir='ltr'><strong>reperire</strong></span> <span class='ocrx_word' id='word_1_828' title='bbox 3220 3834 3322 3878; x_wconf 89' lang='lat' dir='ltr'><strong>est.</strong></span> <span class='ocrx_word' id='word_1_829' title='bbox 3370 3824 3434 3878; x_wconf 84' lang='lat' dir='ltr'><strong>Et</strong></span> <span class='ocrx_word' id='word_1_830' title='bbox 3467 3823 3664 3877; x_wconf 87' lang='lat' dir='ltr'><strong>ferrum</strong></span> 
     </span>
    </p>
   </div>
   <div class='ocr_carea' id='block_1_100' title="bbox 2071 3916 3665 3988">
    <p class='ocr_par' dir='ltr' id='par_1_100' title="bbox 2071 3916 3665 3988">
     <span class='ocr_line' id='line_1_100' title="bbox 2071 3916 3665 3988; baseline -0.003 -15"><span class='ocrx_word' id='word_1_831' title='bbox 2071 3919 2113 3973; x_wconf 90' lang='lat' dir='ltr'><strong>si</strong></span> <span class='ocrx_word' id='word_1_832' title='bbox 2141 3918 2344 3988; x_wconf 89' lang='lat' dir='ltr'><strong>jaceat,</strong></span> <span class='ocrx_word' id='word_1_833' title='bbox 2374 3917 2676 3988; x_wconf 83' lang='lat' dir='ltr'><strong>rubiginem</strong></span> <span class='ocrx_word' id='word_1_834' title='bbox 2705 3917 2975 3972; x_wconf 85' lang='lat' dir='ltr'><strong>contrahit</strong></span> <span class='ocrx_word' id='word_1_835' title='bbox 3002 3932 3017 3978; x_wconf 90' lang='lat'><strong>;</strong></span> <span class='ocrx_word' id='word_1_836' title='bbox 3049 3916 3094 3971; x_wconf 92' lang='lat' dir='ltr'><strong>si</strong></span> <span class='ocrx_word' id='word_1_837' title='bbox 3123 3925 3439 3971; x_wconf 79' lang='lat' dir='ltr'><strong>exerceatur</strong></span> <span class='ocrx_word' id='word_1_838' title='bbox 3465 3925 3665 3977; x_wconf 85' lang='lat' dir='ltr'><strong>autem,</strong></span> 
     </span>
    </p>
   </div>
   <div class='ocr_carea' id='block_1_101' title="bbox 2071 4008 3669 4080">
    <p class='ocr_par' dir='ltr' id='par_1_101' title="bbox 2071 4008 3669 4080">
     <span class='ocr_line' id='line_1_101' title="bbox 2071 4008 3669 4080; baseline -0.003 -15"><span class='ocrx_word' id='word_1_839' title='bbox 2071 4011 2362 4080; x_wconf 85' lang='lat' dir='ltr'><strong>splendet:</strong></span> <span class='ocrx_word' id='word_1_840' title='bbox 2410 4009 2766 4079; x_wconf 88' lang='lat' dir='ltr'><strong>similiterque</strong></span> <span class='ocrx_word' id='word_1_841' title='bbox 2798 4010 2975 4064; x_wconf 88' lang='lat' dir='ltr'><strong>anima</strong></span> <span class='ocrx_word' id='word_1_842' title='bbox 3017 4025 3137 4078; x_wconf 69' lang='lat' dir='ltr'><strong>qua:</strong></span> <span class='ocrx_word' id='word_1_843' title='bbox 3179 4017 3456 4071; x_wconf 88' lang='lat' dir='ltr'><strong>movetur;</strong></span> <span class='ocrx_word' id='word_1_844' title='bbox 3504 4008 3669 4061; x_wconf 89' lang='lat' dir='ltr'><strong>motio</strong></span> 
     </span>
    </p>
   </div>
   <div class='ocr_carea' id='block_1_102' title="bbox 2070 4099 3665 4169">
    <p class='ocr_par' dir='ltr' id='par_1_102' title="bbox 2070 4099 3665 4169">
     <span class='ocr_line' id='line_1_102' title="bbox 2070 4099 3665 4169; baseline -0.001 -13"><span class='ocrx_word' id='word_1_845' title='bbox 2070 4111 2248 4157; x_wconf 89' lang='lat' dir='ltr'><strong>autem</strong></span> <span class='ocrx_word' id='word_1_846' title='bbox 2288 4103 2480 4156; x_wconf 70' lang='lat' dir='ltr'><strong>anima:</strong></span> <span class='ocrx_word' id='word_1_847' title='bbox 2521 4111 2646 4155; x_wconf 91' lang='lat' dir='ltr'><strong>sunt</strong></span> <span class='ocrx_word' id='word_1_848' title='bbox 2688 4099 3066 4155; x_wconf 89' lang='lat' dir='ltr'><strong>calamitates:</strong></span> <span class='ocrx_word' id='word_1_849' title='bbox 3105 4109 3357 4168; x_wconf 89' lang='lat' dir='ltr'><strong>artesque</strong></span> <span class='ocrx_word' id='word_1_850' title='bbox 3403 4111 3665 4169; x_wconf 88' lang='lat' dir='ltr'><strong>pereunt,</strong></span> 
     </span>
    </p>
   </div>
   <div class='ocr_carea' id='block_1_103' title="bbox 2073 4193 3666 4257">
    <p class='ocr_par' dir='ltr' id='par_1_103' title="bbox 2073 4193 3666 4257">
     <span class='ocr_line' id='line_1_103' title="bbox 2073 4193 3666 4257; baseline -0.003 -8"><span class='ocrx_word' id='word_1_851' title='bbox 2073 4195 2116 4250; x_wconf 89' lang='lat' dir='ltr'><strong>si</strong></span> <span class='ocrx_word' id='word_1_852' title='bbox 2161 4211 2267 4248; x_wconf 90' lang='lat' dir='ltr'><strong>non</strong></span> <span class='ocrx_word' id='word_1_853' title='bbox 2302 4202 2586 4248; x_wconf 92' lang='lat' dir='ltr'><strong>moveatur</strong></span> <span class='ocrx_word' id='word_1_854' title='bbox 2627 4193 2842 4257; x_wconf 86' lang='lat' dir='ltr'><strong>anima;</strong></span> <span class='ocrx_word' id='word_1_855' title='bbox 2875 4203 3124 4246; x_wconf 87' lang='lat' dir='ltr'><strong>movetur</strong></span> <span class='ocrx_word' id='word_1_856' title='bbox 3154 4199 3334 4245; x_wconf 91' lang='lat' dir='ltr'><strong>autem</strong></span> <span class='ocrx_word' id='word_1_857' title='bbox 3361 4231 3376 4256; x_wconf 92' lang='lat'><strong>,</strong></span> <span class='ocrx_word' id='word_1_858' title='bbox 3408 4205 3528 4244; x_wconf 90' lang='lat' dir='ltr'><strong>cum</strong></span> <span class='ocrx_word' id='word_1_859' title='bbox 3561 4206 3666 4244; x_wconf 91' lang='lat' dir='ltr'><strong>non</strong></span> 
     </span>
    </p>
   </div>
   <div class='ocr_carea' id='block_1_104' title="bbox 2072 4281 3668 4354">
    <p class='ocr_par' dir='ltr' id='par_1_104' title="bbox 2072 4281 3668 4354">
     <span class='ocr_line' id='line_1_104' title="bbox 2072 4281 3668 4354; baseline -0.001 -16"><span class='ocrx_word' id='word_1_860' title='bbox 2072 4285 2250 4340; x_wconf 82' lang='lat' dir='ltr'><strong>omnia</strong></span> <span class='ocrx_word' id='word_1_861' title='bbox 2284 4285 2440 4354; x_wconf 89' lang='lat' dir='ltr'><strong>plana</strong></span> <span class='ocrx_word' id='word_1_862' title='bbox 2482 4293 2644 4338; x_wconf 90' lang='lat' dir='ltr'><strong>sunt:</strong></span> <span class='ocrx_word' id='word_1_863' title='bbox 2678 4291 2926 4337; x_wconf 85' lang='lat' dir='ltr'><strong>movetur</strong></span> <span class='ocrx_word' id='word_1_864' title='bbox 2954 4281 3096 4337; x_wconf 92' lang='lat' dir='ltr'><strong>enim</strong></span> <span class='ocrx_word' id='word_1_865' title='bbox 3142 4296 3172 4334; x_wconf 90' lang='lat' dir='ltr'><strong>a</strong></span> <span class='ocrx_word' id='word_1_866' title='bbox 3211 4281 3515 4335; x_wconf 87' lang='lat' dir='ltr'><strong>contrariis.</strong></span> <span class='ocrx_word' id='word_1_867' title='bbox 3558 4281 3668 4336; x_wconf 87' lang='lat' dir='ltr'><strong>Nisi</strong></span> 
     </span>
    </p>
   </div>
   <div class='ocr_carea' id='block_1_105' title="bbox 2073 4371 3668 4444">
    <p class='ocr_par' dir='ltr' id='par_1_105' title="bbox 2073 4371 3668 4444">
     <span class='ocr_line' id='line_1_105' title="bbox 2073 4371 3668 4444; baseline -0.004 -12"><span class='ocrx_word' id='word_1_868' title='bbox 2073 4377 2340 4432; x_wconf 88' lang='lat' dir='ltr'><strong>contraria</strong></span> <span class='ocrx_word' id='word_1_869' title='bbox 2362 4377 2490 4439; x_wconf 90' lang='lat' dir='ltr'><strong>sint,</strong></span> <span class='ocrx_word' id='word_1_870' title='bbox 2520 4376 2653 4430; x_wconf 92' lang='lat' dir='ltr'><strong>nihil</strong></span> <span class='ocrx_word' id='word_1_871' title='bbox 2673 4382 2758 4430; x_wconf 90' lang='lat' dir='ltr'><strong>est</strong></span> <span class='ocrx_word' id='word_1_872' title='bbox 2781 4374 2926 4444; x_wconf 90' lang='lat' dir='ltr'><strong>quod</strong></span> <span class='ocrx_word' id='word_1_873' title='bbox 2949 4381 3196 4427; x_wconf 90' lang='lat' dir='ltr'><strong>moveat:</strong></span> <span class='ocrx_word' id='word_1_874' title='bbox 3227 4371 3456 4442; x_wconf 85' lang='lat' dir='ltr'><strong>exempli</strong></span> <span class='ocrx_word' id='word_1_875' title='bbox 3485 4388 3668 4434; x_wconf 83' lang='lat' dir='ltr'><strong>causa,</strong></span> 
     </span>
    </p>
   </div>
   <div class='ocr_carea' id='block_1_106' title="bbox 2075 4467 3670 4538">
    <p class='ocr_par' dir='ltr' id='par_1_106' title="bbox 2075 4467 3670 4538">
     <span class='ocr_line' id='line_1_106' title="bbox 2075 4467 3670 4538; baseline -0.003 -12"><span class='ocrx_word' id='word_1_876' title='bbox 2075 4473 2118 4526; x_wconf 92' lang='lat' dir='ltr'><strong>si</strong></span> <span class='ocrx_word' id='word_1_877' title='bbox 2149 4471 2331 4526; x_wconf 90' lang='lat' dir='ltr'><strong>omnia</strong></span> <span class='ocrx_word' id='word_1_878' title='bbox 2373 4479 2558 4525; x_wconf 86' lang='lat' dir='ltr'><strong>essent</strong></span> <span class='ocrx_word' id='word_1_879' title='bbox 2585 4467 2808 4538; x_wconf 90' lang='lat' dir='ltr'><strong>pulchre</strong></span> <span class='ocrx_word' id='word_1_880' title='bbox 2838 4467 2972 4523; x_wconf 88' lang='lat' dir='ltr'><strong>facta</strong></span> <span class='ocrx_word' id='word_1_881' title='bbox 2999 4508 3012 4527; x_wconf 85' lang='lat'><strong>.</strong></span> <span class='ocrx_word' id='word_1_882' title='bbox 3044 4481 3148 4520; x_wconf 92' lang='lat' dir='ltr'><strong>non</strong></span> <span class='ocrx_word' id='word_1_883' title='bbox 3181 4467 3445 4522; x_wconf 88' lang='lat' dir='ltr'><strong>inveniret</strong></span> <span class='ocrx_word' id='word_1_884' title='bbox 3483 4483 3576 4523; x_wconf 89' lang='lat' dir='ltr'><strong>ars</strong></span> <span class='ocrx_word' id='word_1_885' title='bbox 3620 4469 3670 4522; x_wconf 94' lang='lat' dir='ltr'><strong>in</strong></span> 
     </span>
    </p>
   </div>
   <div class='ocr_carea' id='block_1_107' title="bbox 2075 4558 3670 4634">
    <p class='ocr_par' dir='ltr' id='par_1_107' title="bbox 2075 4558 3670 4634">
     <span class='ocr_line' id='line_1_107' title="bbox 2075 4558 3670 4634; baseline -0.001 -18"><span class='ocrx_word' id='word_1_886' title='bbox 2075 4579 2181 4634; x_wconf 89' lang='lat' dir='ltr'><strong>quo</strong></span> <span class='ocrx_word' id='word_1_887' title='bbox 2210 4571 2536 4617; x_wconf 89' lang='lat' dir='ltr'><strong>moveretur.</strong></span> <span class='ocrx_word' id='word_1_888' title='bbox 2568 4560 2659 4615; x_wconf 93' lang='lat' dir='ltr'><strong>Sic</strong></span> <span class='ocrx_word' id='word_1_889' title='bbox 2689 4561 2771 4629; x_wconf 87' lang='lat' dir='ltr'><strong>(a)</strong></span> <span class='ocrx_word' id='word_1_890' title='bbox 2804 4558 2871 4632; x_wconf 90' lang='lat' dir='ltr'><strong>[si</strong></span> <span class='ocrx_word' id='word_1_891' title='bbox 2908 4559 3086 4612; x_wconf 90' lang='lat' dir='ltr'><strong>omnia</strong></span> <span class='ocrx_word' id='word_1_892' title='bbox 3113 4568 3292 4612; x_wconf 89' lang='lat' dir='ltr'><strong>essent</strong></span> <span class='ocrx_word' id='word_1_893' title='bbox 3324 4559 3482 4614; x_wconf 90' lang='lat' dir='ltr'><strong>nobis</strong></span> <span class='ocrx_word' id='word_1_894' title='bbox 3519 4559 3670 4627; x_wconf 77' lang='lat' dir='ltr'><strong>juxta</strong></span> 
     </span>
    </p>
   </div>
   <div class='ocr_carea' id='block_1_108' title="bbox 2075 4649 3673 4716">
    <p class='ocr_par' dir='ltr' id='par_1_108' title="bbox 2075 4649 3673 4716">
     <span class='ocr_line' id='line_1_108' title="bbox 2075 4649 3673 4716; baseline -0.002 -8"><span class='ocrx_word' id='word_1_895' title='bbox 2075 4656 2405 4709; x_wconf 80' lang='lat' dir='ltr'><strong>voluntatem</strong></span> <span class='ocrx_word' id='word_1_896' title='bbox 2437 4661 2698 4716; x_wconf 88' lang='lat' dir='ltr'><strong>nostram,</strong></span> <span class='ocrx_word' id='word_1_897' title='bbox 2728 4667 2834 4706; x_wconf 93' lang='lat' dir='ltr'><strong>non</strong></span> <span class='ocrx_word' id='word_1_898' title='bbox 2865 4649 3133 4705; x_wconf 88' lang='lat' dir='ltr'><strong>inveniret</strong></span> <span class='ocrx_word' id='word_1_899' title='bbox 3161 4650 3359 4716; x_wconf 88' lang='lat' dir='ltr'><strong>anima,</strong></span> <span class='ocrx_word' id='word_1_900' title='bbox 3386 4650 3528 4705; x_wconf 88' lang='lat' dir='ltr'><strong>unde</strong></span> <span class='ocrx_word' id='word_1_901' title='bbox 3559 4666 3673 4706; x_wconf 82' lang='lat' dir='ltr'><strong>mo-</strong></span> 
     </span>
    </p>
   </div>
   <div class='ocr_carea' id='block_1_109' title="bbox 2079 4744 3671 4818">
    <p class='ocr_par' dir='ltr' id='par_1_109' title="bbox 2079 4744 3671 4818">
     <span class='ocr_line' id='line_1_109' title="bbox 2079 4744 3671 4818; baseline -0.001 -18"><span class='ocrx_word' id='word_1_902' title='bbox 2079 4758 2293 4803; x_wconf 90' lang='lat' dir='ltr'><strong>veretur</strong></span> <span class='ocrx_word' id='word_1_903' title='bbox 2323 4766 2336 4801; x_wconf 94' lang='lat'><strong>:</strong></span> <span class='ocrx_word' id='word_1_904' title='bbox 2361 4746 2383 4818; x_wconf 92' lang='lat'>]</span> <span class='ocrx_word' id='word_1_905' title='bbox 2412 4747 2456 4800; x_wconf 94' lang='lat' dir='ltr'><strong>si</strong></span> <span class='ocrx_word' id='word_1_906' title='bbox 2490 4747 2686 4815; x_wconf 87' lang='lat' dir='ltr'><strong>ubique</strong></span> <span class='ocrx_word' id='word_1_907' title='bbox 2716 4754 3039 4814; x_wconf 78' lang='lat' dir='ltr'><strong>gestaretur,</strong></span> <span class='ocrx_word' id='word_1_908' title='bbox 3088 4745 3293 4812; x_wconf 85' lang='lat' dir='ltr'><strong>ingrata</strong></span> <span class='ocrx_word' id='word_1_909' title='bbox 3335 4753 3501 4800; x_wconf 84' lang='lat' dir='ltr'><strong>esset.</strong></span> <span class='ocrx_word' id='word_1_910' title='bbox 3554 4744 3671 4799; x_wconf 89' lang='lat' dir='ltr'><strong>Non</strong></span> 
     </span>
    </p>
   </div>
   <div class='ocr_carea' id='block_1_110' title="bbox 2081 4834 3678 4906">
    <p class='ocr_par' dir='ltr' id='par_1_110' title="bbox 2081 4834 3678 4906">
     <span class='ocr_line' id='line_1_110' title="bbox 2081 4834 3678 4906; baseline -0.003 -12"><span class='ocrx_word' id='word_1_911' title='bbox 2081 4839 2230 4896; x_wconf 84' lang='lat' dir='ltr'><strong>vides</strong></span> <span class='ocrx_word' id='word_1_912' title='bbox 2255 4853 2353 4894; x_wconf 91' lang='lat' dir='ltr'><strong>nos</strong></span> <span class='ocrx_word' id='word_1_913' title='bbox 2382 4837 2619 4892; x_wconf 89' lang='lat' dir='ltr'><strong>nutrices</strong></span> <span class='ocrx_word' id='word_1_914' title='bbox 2643 4835 2834 4904; x_wconf 87' lang='lat' dir='ltr'><strong>jubere</strong></span> <span class='ocrx_word' id='word_1_915' title='bbox 2865 4851 2970 4888; x_wconf 93' lang='lat' dir='ltr'><strong>non</strong></span> <span class='ocrx_word' id='word_1_916' title='bbox 2999 4850 3212 4904; x_wconf 78' lang='lat' dir='ltr'><strong>semper</strong></span> <span class='ocrx_word' id='word_1_917' title='bbox 3241 4834 3471 4890; x_wconf 89' lang='lat' dir='ltr'><strong>infantes</strong></span> <span class='ocrx_word' id='word_1_918' title='bbox 3498 4848 3678 4906; x_wconf 82' lang='lat' dir='ltr'><strong>gesta-</strong></span> 
     </span>
    </p>
   </div>
   <div class='ocr_carea' id='block_1_111' title="bbox 2079 4926 3669 4998">
    <p class='ocr_par' dir='ltr' id='par_1_111' title="bbox 2079 4926 3669 4998">
     <span class='ocr_line' id='line_1_111' title="bbox 2079 4926 3669 4998; baseline -0.004 -12"><span class='ocrx_word' id='word_1_919' title='bbox 2079 4947 2161 4998; x_wconf 85' lang='lat' dir='ltr'><strong>re,</strong></span> <span class='ocrx_word' id='word_1_920' title='bbox 2192 4946 2262 4986; x_wconf 87' lang='lat' dir='ltr'><strong>ne</strong></span> <span class='ocrx_word' id='word_1_921' title='bbox 2293 4931 2343 4984; x_wconf 90' lang='lat' dir='ltr'><strong>in</strong></span> <span class='ocrx_word' id='word_1_922' title='bbox 2378 4930 2514 4984; x_wconf 73' lang='lat' dir='ltr'><strong>lianc</strong></span> <span class='ocrx_word' id='word_1_923' title='bbox 2559 4927 3004 4982; x_wconf 84' lang='lat' dir='ltr'><strong>consuetudinem</strong></span> <span class='ocrx_word' id='word_1_924' title='bbox 3054 4926 3352 4988; x_wconf 80' lang='lat' dir='ltr'><strong>deducant,</strong></span> <span class='ocrx_word' id='word_1_925' title='bbox 3397 4942 3532 4982; x_wconf 85' lang='lat' dir='ltr'><strong>neve</strong></span> <span class='ocrx_word' id='word_1_926' title='bbox 3577 4929 3669 4981; x_wconf 84' lang='lat' dir='ltr'><strong>int-</strong></span> 
     </span>
    </p>
   </div>
   <div class='ocr_carea' id='block_1_112' title="bbox 2083 5017 3664 5088">
    <p class='ocr_par' dir='ltr' id='par_1_112' title="bbox 2083 5017 3664 5088">
     <span class='ocr_line' id='line_1_112' title="bbox 2083 5017 3664 5088; baseline -0.003 -12"><span class='ocrx_word' id='word_1_927' title='bbox 2083 5022 2306 5077; x_wconf 87' lang='lat' dir='ltr'><strong>becilles</strong></span> <span class='ocrx_word' id='word_1_928' title='bbox 2339 5020 2507 5074; x_wconf 88' lang='lat' dir='ltr'><strong>fiant?</strong></span> <span class='ocrx_word' id='word_1_929' title='bbox 2538 5018 2662 5074; x_wconf 90' lang='lat' dir='ltr'><strong>Ideo</strong></span> <span class='ocrx_word' id='word_1_930' title='bbox 2687 5017 2779 5088; x_wconf 87' lang='lat' dir='ltr'><strong>qui</strong></span> <span class='ocrx_word' id='word_1_931' title='bbox 2819 5018 2873 5072; x_wconf 91' lang='lat' dir='ltr'><strong>in</strong></span> <span class='ocrx_word' id='word_1_932' title='bbox 2913 5026 3204 5086; x_wconf 83' lang='lat' dir='ltr'><strong>c0n5pectu</strong></span> <span class='ocrx_word' id='word_1_933' title='bbox 3234 5028 3512 5086; x_wconf 90' lang='lat' dir='ltr'><strong>parentum</strong></span> <span class='ocrx_word' id='word_1_934' title='bbox 3540 5017 3664 5071; x_wconf 88' lang='lat' dir='ltr'><strong>edu-</strong></span> 
     </span>
    </p>
   </div>
   <div class='ocr_carea' id='block_1_113' title="bbox 2082 5108 3680 5178">
    <p class='ocr_par' dir='ltr' id='par_1_113' title="bbox 2082 5108 3680 5178">
     <span class='ocr_line' id='line_1_113' title="bbox 2082 5108 3680 5178; baseline -0.005 -9"><span class='ocrx_word' id='word_1_935' title='bbox 2082 5123 2305 5178; x_wconf 89' lang='lat' dir='ltr'><strong>cantur,</strong></span> <span class='ocrx_word' id='word_1_936' title='bbox 2349 5111 2672 5165; x_wconf 86' lang='lat' dir='ltr'><strong>infirmiores</strong></span> <span class='ocrx_word' id='word_1_937' title='bbox 2701 5117 2864 5174; x_wconf 86' lang='lat' dir='ltr'><strong>sunt,</strong></span> <span class='ocrx_word' id='word_1_938' title='bbox 2913 5124 2979 5164; x_wconf 92' lang='lat' dir='ltr'><strong>eo</strong></span> <span class='ocrx_word' id='word_1_939' title='bbox 3021 5108 3163 5178; x_wconf 91' lang='lat' dir='ltr'><strong>quod</strong></span> <span class='ocrx_word' id='word_1_940' title='bbox 3212 5108 3582 5176; x_wconf 86' lang='lat' dir='ltr'><strong>intempestiva</strong></span> <span class='ocrx_word' id='word_1_941' title='bbox 3622 5118 3680 5161; x_wconf 87' lang='lat' dir='ltr'><strong>et</strong></span> 
     </span>
    </p>
   </div>
   <div class='ocr_carea' id='block_1_114' title="bbox 2086 5198 3668 5268">
    <p class='ocr_par' dir='ltr' id='par_1_114' title="bbox 2086 5198 3668 5268">
     <span class='ocr_line' id='line_1_114' title="bbox 2086 5198 3668 5268; baseline -0.006 -8"><span class='ocrx_word' id='word_1_942' title='bbox 2086 5204 2436 5260; x_wconf 90' lang='lat' dir='ltr'><strong>immoderata</strong></span> <span class='ocrx_word' id='word_1_943' title='bbox 2485 5218 2613 5257; x_wconf 91' lang='lat' dir='ltr'><strong>cura</strong></span> <span class='ocrx_word' id='word_1_944' title='bbox 2664 5202 2875 5256; x_wconf 91' lang='lat' dir='ltr'><strong>illorum</strong></span> <span class='ocrx_word' id='word_1_945' title='bbox 2924 5200 3285 5256; x_wconf 84' lang='lat' dir='ltr'><strong>valetudinem</strong></span> <span class='ocrx_word' id='word_1_946' title='bbox 3341 5198 3668 5268; x_wconf 85' lang='lat' dir='ltr'><strong>pessumdet.</strong></span> 
     </span>
    </p>
   </div>
   <div class='ocr_carea' id='block_1_115' title="bbox 2086 5291 3676 5359">
    <p class='ocr_par' dir='ltr' id='par_1_115' title="bbox 2086 5291 3676 5359">
     <span class='ocr_line' id='line_1_115' title="bbox 2086 5291 3676 5359; baseline -0.004 -7"><span class='ocrx_word' id='word_1_947' title='bbox 2086 5297 2266 5352; x_wconf 89' lang='lat' dir='ltr'><strong>Bonus</strong></span> <span class='ocrx_word' id='word_1_948' title='bbox 2293 5305 2374 5352; x_wconf 90' lang='lat' dir='ltr'><strong>est</strong></span> <span class='ocrx_word' id='word_1_949' title='bbox 2403 5295 2559 5350; x_wconf 94' lang='lat' dir='ltr'><strong>dolor</strong></span> <span class='ocrx_word' id='word_1_950' title='bbox 2601 5294 2914 5350; x_wconf 88' lang='lat' dir='ltr'><strong>moderatus</strong></span> <span class='ocrx_word' id='word_1_951' title='bbox 2937 5335 2954 5359; x_wconf 94' lang='lat'><strong>,</strong></span> <span class='ocrx_word' id='word_1_952' title='bbox 2998 5293 3136 5347; x_wconf 90' lang='lat' dir='ltr'><strong>bona</strong></span> <span class='ocrx_word' id='word_1_953' title='bbox 3161 5307 3286 5346; x_wconf 90' lang='lat' dir='ltr'><strong>cura</strong></span> <span class='ocrx_word' id='word_1_954' title='bbox 3313 5331 3330 5357; x_wconf 93' lang='lat'><strong>,</strong></span> <span class='ocrx_word' id='word_1_955' title='bbox 3372 5291 3506 5344; x_wconf 89' lang='lat' dir='ltr'><strong>bona</strong></span> <span class='ocrx_word' id='word_1_956' title='bbox 3555 5291 3676 5346; x_wconf 86' lang='lat' dir='ltr'><strong>talis</strong></span> 
     </span>
    </p>
   </div>
   <div class='ocr_carea' id='block_1_116' title="bbox 2085 5382 3677 5460">
    <p class='ocr_par' dir='ltr' id='par_1_116' title="bbox 2085 5382 3677 5460">
     <span class='ocr_line' id='line_1_116' title="bbox 2085 5382 3677 5460; baseline -0.005 -16"><span class='ocrx_word' id='word_1_957' title='bbox 2085 5396 2335 5460; x_wconf 86' lang='lat' dir='ltr'><strong>egestas:</strong></span> <span class='ocrx_word' id='word_1_958' title='bbox 2383 5387 2550 5442; x_wconf 86' lang='lat' dir='ltr'><strong>fortes</strong></span> <span class='ocrx_word' id='word_1_959' title='bbox 2576 5387 2719 5440; x_wconf 89' lang='lat' dir='ltr'><strong>enim</strong></span> <span class='ocrx_word' id='word_1_960' title='bbox 2753 5400 2850 5439; x_wconf 91' lang='lat' dir='ltr'><strong>nos</strong></span> <span class='ocrx_word' id='word_1_961' title='bbox 2874 5384 3104 5439; x_wconf 91' lang='lat' dir='ltr'><strong>reddunt</strong></span> <span class='ocrx_word' id='word_1_962' title='bbox 3134 5398 3254 5452; x_wconf 74' lang='lat' dir='ltr'><strong>qua:</strong></span> <span class='ocrx_word' id='word_1_963' title='bbox 3292 5382 3427 5435; x_wconf 89' lang='lat' dir='ltr'><strong>bona</strong></span> <span class='ocrx_word' id='word_1_964' title='bbox 3459 5392 3513 5436; x_wconf 90' lang='lat' dir='ltr'><strong>ct</strong></span> <span class='ocrx_word' id='word_1_965' title='bbox 3549 5397 3677 5438; x_wconf 81' lang='lat' dir='ltr'><strong>cou-</strong></span> 
     </span>
    </p>
   </div>
   <div class='ocr_carea' id='block_1_117' title="bbox 2088 5474 3677 5545">
    <p class='ocr_par' dir='ltr' id='par_1_117' title="bbox 2088 5474 3677 5545">
     <span class='ocr_line' id='line_1_117' title="bbox 2088 5474 3677 5545; baseline -0.003 -12"><span class='ocrx_word' id='word_1_966' title='bbox 2088 5479 2252 5534; x_wconf 89' lang='lat' dir='ltr'><strong>traria</strong></span> <span class='ocrx_word' id='word_1_967' title='bbox 2282 5487 2446 5542; x_wconf 88' lang='lat' dir='ltr'><strong>sunt;</strong></span> <span class='ocrx_word' id='word_1_968' title='bbox 2480 5477 2577 5533; x_wconf 90' lang='lat' dir='ltr'><strong>scd</strong></span> <span class='ocrx_word' id='word_1_969' title='bbox 2612 5493 2799 5532; x_wconf 89' lang='lat' dir='ltr'><strong>eorum</strong></span> <span class='ocrx_word' id='word_1_970' title='bbox 2832 5475 3040 5545; x_wconf 89' lang='lat' dir='ltr'><strong>singula</strong></span> <span class='ocrx_word' id='word_1_971' title='bbox 3070 5476 3114 5528; x_wconf 90' lang='lat' dir='ltr'><strong>si</strong></span> <span class='ocrx_word' id='word_1_972' title='bbox 3143 5474 3489 5528; x_wconf 87' lang='lat' dir='ltr'><strong>immoderata</strong></span> <span class='ocrx_word' id='word_1_973' title='bbox 3531 5475 3638 5529; x_wconf 89' lang='lat' dir='ltr'><strong>siut</strong></span> <span class='ocrx_word' id='word_1_974' title='bbox 3662 5517 3677 5538; x_wconf 90' lang='lat'><strong>,</strong></span> 
     </span>
    </p>
   </div>
   <div class='ocr_carea' id='block_1_118' title="bbox 2090 5565 3680 5639">
    <p class='ocr_par' dir='ltr' id='par_1_118' title="bbox 2090 5565 3680 5639">
     <span class='ocr_line' id='line_1_118' title="bbox 2090 5565 3680 5639; baseline -0.003 -14"><span class='ocrx_word' id='word_1_975' title='bbox 2090 5569 2357 5639; x_wconf 87' lang='lat' dir='ltr'><strong>perdunt,</strong></span> <span class='ocrx_word' id='word_1_976' title='bbox 2403 5569 2654 5639; x_wconf 89' lang='lat' dir='ltr'><strong>aliudque</strong></span> <span class='ocrx_word' id='word_1_977' title='bbox 2696 5568 2941 5631; x_wconf 87' lang='lat' dir='ltr'><strong>emollit,</strong></span> <span class='ocrx_word' id='word_1_978' title='bbox 2984 5566 3127 5621; x_wconf 92' lang='lat' dir='ltr'><strong>aliud</strong></span> <span class='ocrx_word' id='word_1_979' title='bbox 3174 5565 3448 5634; x_wconf 89' lang='lat' dir='ltr'><strong>dirumpit.</strong></span> <span class='ocrx_word' id='word_1_980' title='bbox 3491 5567 3680 5622; x_wconf 73' lang='lat' dir='ltr'><strong>Nonne</strong></span> 
     </span>
    </p>
   </div>
   <div class='ocr_carea' id='block_1_119' title="bbox 2089 5659 3679 5731">
    <p class='ocr_par' dir='ltr' id='par_1_119' title="bbox 2089 5659 3679 5731">
     <span class='ocr_line' id='line_1_119' title="bbox 2089 5659 3679 5731; baseline -0.004 -11"><span class='ocrx_word' id='word_1_981' title='bbox 2089 5665 2238 5720; x_wconf 90' lang='lat' dir='ltr'><strong>vides</strong></span> <span class='ocrx_word' id='word_1_982' title='bbox 2265 5663 2540 5718; x_wconf 86' lang='lat' dir='ltr'><strong>Christum</strong></span> <span class='ocrx_word' id='word_1_983' title='bbox 2569 5661 2864 5731; x_wconf 86' lang='lat' dir='ltr'><strong>discipulos</strong></span> <span class='ocrx_word' id='word_1_984' title='bbox 2888 5673 3014 5714; x_wconf 88' lang='lat' dir='ltr'><strong>suos</strong></span> <span class='ocrx_word' id='word_1_985' title='bbox 3043 5659 3122 5715; x_wconf 91' lang='lat' dir='ltr'><strong>sic</strong></span> <span class='ocrx_word' id='word_1_986' title='bbox 3151 5659 3432 5714; x_wconf 90' lang='lat' dir='ltr'><strong>instituere</strong></span> <span class='ocrx_word' id='word_1_987' title='bbox 3453 5661 3479 5714; x_wconf 67' lang='grc' dir='ltr'><strong>ἒν</strong></span> <span class='ocrx_word' id='word_1_988' title='bbox 3521 5659 3578 5716; x_wconf 91' lang='lat' dir='ltr'><strong>Si</strong></span> <span class='ocrx_word' id='word_1_989' title='bbox 3610 5661 3679 5714; x_wconf 89' lang='lat' dir='ltr'><strong>illi</strong></span> 
     </span>
    </p>
   </div>
   <div class='ocr_carea' id='block_1_120' title="bbox 2155 5797 3682 5866">
    <p class='ocr_par' dir='ltr' id='par_1_120' title="bbox 2155 5797 3682 5866">
     <span class='ocr_line' id='line_1_120' title="bbox 2155 5797 3682 5866; baseline -0.005 -12"><span class='ocrx_word' id='word_1_990' title='bbox 2155 5806 2227 5865; x_wconf 83' lang='grc' dir='ltr'><strong>(α)</strong></span> <span class='ocrx_word' id='word_1_991' title='bbox 2244 5813 2358 5863; x_wconf 67' lang='lat' dir='ltr'><strong>Quae</strong></span> <span class='ocrx_word' id='word_1_992' title='bbox 2383 5803 2513 5866; x_wconf 74' lang='lat' dir='ltr'><strong>inter</strong></span> <span class='ocrx_word' id='word_1_993' title='bbox 2537 5801 2747 5866; x_wconf 78' lang='lat' dir='ltr'><strong>uncinos</strong></span> <span class='ocrx_word' id='word_1_994' title='bbox 2761 5799 3068 5866; x_wconf 78' lang='lat' dir='ltr'><strong>clauduntur,</strong></span> <span class='ocrx_word' id='word_1_995' title='bbox 3083 5814 3177 5851; x_wconf 91' lang='lat' dir='ltr'><strong>non</strong></span> <span class='ocrx_word' id='word_1_996' title='bbox 3191 5797 3425 5866; x_wconf 80' lang='lat' dir='ltr'><strong>leguntur</strong></span> <span class='ocrx_word' id='word_1_997' title='bbox 3438 5801 3485 5849; x_wconf 77' lang='lat' dir='ltr'><strong>in</strong></span> <span class='ocrx_word' id='word_1_998' title='bbox 3501 5800 3682 5862; x_wconf 55' lang='lat' dir='ltr'><strong>atomi,</strong></span> 
     </span>
    </p>
   </div>
   <div class='ocr_carea' id='block_1_121' title="bbox 2087 5861 3009 5928">
    <p class='ocr_par' dir='ltr' id='par_1_121' title="bbox 2087 5861 3009 5928">
     <span class='ocr_line' id='line_1_121' title="bbox 2087 5861 3009 5928; baseline -0.008 -12"><span class='ocrx_word' id='word_1_999' title='bbox 2087 5861 2300 5928; x_wconf 71' lang='lat' dir='ltr'><strong>suntque</strong></span> <span class='ocrx_word' id='word_1_1000' title='bbox 2325 5863 2547 5926; x_wconf 80' lang='lat' dir='ltr'><strong>suppleta</strong></span> <span class='ocrx_word' id='word_1_1001' title='bbox 2574 5879 2602 5913; x_wconf 88' lang='lat' dir='ltr'><strong>e</strong></span> <span class='ocrx_word' id='word_1_1002' title='bbox 2625 5863 2770 5912; x_wconf 66' lang='lat' dir='ltr'><strong>Codd.</strong></span> <span class='ocrx_word' id='word_1_1003' title='bbox 2799 5870 2850 5912; x_wconf 89' lang='lat' dir='ltr'><strong>et</strong></span> <span class='ocrx_word' id='word_1_1004' title='bbox 2867 5861 3009 5910; x_wconf 76' lang='lat' dir='ltr'><strong>savii.</strong></span> 
     </span>
    </p>
   </div>
  </div>
