4112 6422
358 439 464 498 εει

359 570 436 611 ne
472 551 704 622 cuipiam
737 552 923 608 liceret
963 566 1050 607 me
1087 565 1361 616 accusare,
1393 561 1446 606 et
1478 565 1597 620 qua:
1625 549 1677 604 in
1715 554 1950 602 mentem

356 635 616 702 venerint
644 644 828 700 dicere
857 661 872 698 :
901 644 1022 713 quia
1049 658 1238 697 manus
1261 658 1445 697 eorum
1467 641 1648 711 ell‘ugi,
1681 650 1733 696 et
1759 640 1823 694 ad
1852 639 1953 693 hoc

354 737 508 791 veni.
561 734 677 790 Non
731 743 788 786 ut
827 733 948 786 aliis
985 734 1121 787 mala
1159 733 1432 799 inferrem,
1465 731 1558 786 sed
1589 741 1645 785 ut
1673 731 1786 800 ipse
1815 729 1952 783 tnala

349 828 678 897 eﬂ'tigerem,
715 827 857 880 veni.
903 825 982 879 Illi
1031 840 1159 879 vero
1203 837 1472 895 reponunt
1505 842 1518 878 :
1555 825 1812 894 Rogamus
1848 840 1878 875 a
1909 831 1955 875 te

306 916 542 991 incidire
580 935 695 988 qua:
732 919 906 972 sentis.
944 916 1075 972 Vide
1119 917 1240 972 illos
1285 918 1615 972 mansuetius
1647 919 1951 986 loquentes.

362 1009 648 1080 Rogamus,
676 1008 942 1078 inquiunt,
966 1017 1027 1063 et
1051 1011 1235 1062 volunt
1259 1010 1416 1063 etiam
1444 1024 1539 1077 pro
1567 1008 1670 1061 illis
1692 1009 1952 1061 rationem

351 1102 591 1160 .reddere
628 1120 647 1156 :
690 1101 814 1156 ideo
849 1101 1148 1155 constituta
1193 1102 1280 1155 die
1322 1110 1607 1155 venerunt.
1671 1100 1783 1154 lloc
1826 1114 1954 1153 vero

357 1208 616 1264 magnum
661 1201 778 1246 erat
811 1202 1206 1261 argumentum,
1257 1191 1399 1262 quod
1425 1207 1482 1246 se
1514 1191 1612 1261 ipsi
1642 1190 1957 1245 damnarent

358 1300 536 1353 neque
583 1283 684 1336 sibi
739 1282 985 1337 fiderent.
1013 1283 1145 1336 Nam
1193 1284 1236 1338 si
1279 1282 1555 1348 lidissent,
1607 1283 1796 1336 saltem
1825 1297 1955 1335 con-

360 1377 661 1434 venissent,
691 1382 749 1428 ut
776 1374 948 1443 ipsum
981 1389 1165 1429 secum
1201 1375 1573 1438 attraherent;
1605 1387 1746 1428 nunc
1775 1383 1952 1428 autem

359 1481 481 1521 cum
525 1481 631 1519 non
684 1463 948 1529 fiderent,
1015 1464 1148 1534 pigri
1204 1465 1420 1519 fuerunt
1468 1464 1533 1518 ad
1590 1465 1950 1520 veniendum:

364 1557 598 1628 alioquin
627 1572 756 1610 vero
783 1557 967 1620 etiam,
1012 1557 1154 1625 quod
1201 1571 1347 1624 smpe
1379 1557 1721 1621 tentaverint,
1768 1566 1952 1610 osten-

369 1649 560 1704 derunt
591 1664 648 1702 se
675 1647 924 1702 fiduciam
960 1663 1064 1701 non
1100 1647 1314 1701 habere.
1351 1646 1416 1700 Et
1455 1648 1545 1699 alii
1579 1647 1780 1716 quidem
1805 1646 1953 1700 dictis

375 1741 649 1804 credebant,
684 1739 877 1809 inquit,
905 1739 996 1791 alii
1025 1755 1124 1792 non
1154 1737 1443 1804 credebant,
1480 1747 1528 1792 et
1566 1754 1679 1790 cum
1707 1755 1807 1791 non
1834 1755 1954 1791 con-

373 1831 538 1884 cordes
579 1840 768 1896 essent,
798 1829 1160 1893 discedebant;
1207 1829 1258 1882 id
1285 1838 1388 1895 est,
1419 1845 1528 1883 non
1559 1829 1843 1883 credentes
1871 1845 1952 1883 re-

369 1921 644 1976 cedebant.
681 1919 814 1975 Vide
840 1920 1111 1991 quomodo
1159 1935 1300 1974 nunc
1342 1936 1449 1974 non
1483 1920 1535 1974 in
1565 1920 1713 1974 illum
1746 1931 1954 1976 struant

365 2015 615 2078 insidias;
649 2012 744 2067 sed
775 2013 826 2066 in
853 2011 1058 2076 Judasa,
1087 2012 1176 2066 ubi
1202 2012 1354 2081 quasi
1379 2012 1430 2066 in
1467 2011 1748 2082 tyrannide
1777 2022 1950 2066 erant.

362 2107 468 2162 Cur
495 2121 624 2176 ergo
647 2106 786 2160 Deus
815 2103 1050 2175 providit
1118 2112 1176 2158 ut
1231 2104 1322 2157 illo
1373 2103 1948 2174 migraret,tlixitquc:

364 2199 596 2266 Festina,
625 2199 704 2252 exi
743 2215 806 2251 ea;
841 2197 1127 2250 Jerusalem
1182 2197 1319 2266 (Act.
1348 2196 1436 2250 2'2.
1484 2197 1614 2268 18)?
1657 2197 1725 2254 Ut
1765 2215 1950 2252 eorum

363 2296 596 2364 nequitia
645 2294 1058 2357 ostemleretur,
1115 2308 1323 2346 necnon
1395 2293 1590 2346 veritas
1654 2292 1952 2362 prophetia:

363 2385 578 2450 Christi,
609 2385 751 2456 quod
783 2402 886 2440 non
938 2385 1282 2439 sustinebunt
1308 2401 1323 2438 :
1353 2393 1516 2453 utque
1551 2399 1738 2438 omnes
1779 2384 1950 2438 disce-

366 2487 504 2543 rent,
546 2481 719 2549 ipsum
768 2478 834 2532 ad
885 2477 1194 2547 patiendum
1241 2491 1364 2532 esse
1400 2485 1665 2546 paratum,
1697 2476 1854 2546 idque
1883 2475 1950 2530 ad

360 2573 776 2630 consolationem
805 2581 1050 2642 vergeret
1075 2585 1263 2625 eorum
1284 2612 1297 2633 ,
1329 2570 1416 2637 qui
1448 2577 1605 2622 erant
1633 2570 1683 2622 in
1712 2567 1896 2623 Judtca
1933 2585 1948 2623 ε

363 2683 480 2722 nam
501 2675 557 2721 et
593 2666 664 2719 ibi
711 2665 874 2719 multa
903 2665 1040 2718 mala
1082 2678 1273 2734 passus
1322 2671 1426 2717 est.
1469 2662 1522 2716 Si
1557 2677 1684 2716 vero
1728 2661 1950 2718 Judaica

361 2759 681 2828 praedicans,
727 2767 871 2811 tanta
901 2771 1093 2826 passus
1127 2758 1229 2817 sit,
1275 2756 1319 2808 si
1362 2754 1706 2824 praedicasset
1753 2754 1954 2810 Christi

362 2851 613 2921 gloriam,
659 2848 929 2918 quomodo
961 2848 1012 2901 id
1049 2847 1330 2902 tulissent?
1373 2846 1507 2900 Cum
1537 2861 1596 2900 se
1620 2847 1948 2916 purilicarct,

364 2959 464 2996 non
487 2951 602 2998 erat
630 2940 948 3004 tolerabilis,
977 2939 1248 3010 quomodo
1268 2949 1446 2993 autem
1477 2938 1773 3007 praedicans
1816 2939 1950 2994 toleo

365 3033 544 3089 rabilis
564 3032 787 3088 fuisset?
813 3033 920 3088 Cur
946 3032 1210 3087 accusatis
1238 3030 1380 3086 nos?
1418 3029 1544 3101 quid
1570 3030 1832 3085 audistis?
1859 3029 1951 3085 Ni-

366 3125 437 3181 hil
470 3126 573 3181 tale
599 3126 755 3180 dixit.
792 3125 949 3179 Visus
978 3133 1080 3191 est,
1112 3132 1165 3179 et
1193 3139 1381 3179 omnes
1410 3124 1772 3195 exasperavit.
1821 3123 1950 3180 Iure

332 3251 339 3256 -
367 3232 484 3289 ergo
503 3219 750 3289 gentibus
794 3217 940 3273 salus
969 3232 1227 3273 concessa
1256 3227 1358 3282 est,
1388 3217 1511 3287 jure
1539 3217 1726 3288 procul
1751 3219 1950 3273 missus

361 3320 469 3374 εει,
520 3310 630 3364 illic
671 3309 919 3379 gentibus
965 3308 1371 3379 praedicaturus.
1426 3308 1705 3379 Perpende
1740 3319 1944 3376 autem,

360 3402 558 3470 primos
586 3399 802 3455 Judzeos
837 3399 1095 3466 advocat;
1143 3410 1360 3468 postea,
1411 3407 1468 3452 ut
1515 3414 1601 3453 res
1647 3400 1751 3454 illis
1796 3415 1950 3454 mon-

360 3492 569 3556 stravit,
611 3499 738 3544 tunc
781 3489 849 3544 ad
899 3500 1089 3560 gentes
1147 3490 1311 3544 venit.
1360 3490 1513 3557 Quod
1555 3505 1686 3544 vero
1727 3489 1948 3556 dixerit,

369 3579 505 3635 Dixit
537 3581 782 3649 Spiritus,
810 3581 942 3636 nihil
974 3582 1168 3636 mirum
1203 3599 1226 3635 ε-
1253 3597 1374 3635 nam
1414 3581 1636 3650 angelus
1663 3581 1858 3636 dicitur
1886 3597 1949 3637 ea

363 3671 562 3732 dicere,
612 3686 730 3740 quae
779 3672 1037 3727 Dominus
1090 3671 1346 3743 loquitur.
1389 3671 1524 3726 Bene
1565 3672 1712 3733 dixit,
1758 3672 1947 3742 inquit,

363 3762 589 3832 Spiritu:
651 3773 874 3817 seruatus.
912 3763 1017 3819 Sed
1063 3763 1149 3817 hic
1194 3764 1290 3828 sic,
1327 3764 1436 3818 illic
1471 3779 1577 3818 non
1615 3765 1764 3818 item.
1799 3765 1952 3819 Alio-

359 3856 484 3922 quin
517 3870 642 3910 vero
668 3871 789 3910 cum
811 3859 878 3911 de
908 3857 1226 3926 quibusdam
1260 3857 1328 3910 ab
1356 3857 1548 3926 angelo
1583 3857 1741 3914 dictis
1774 3857 1950 3929 loqui-

360 3963 496 4014 mur,
523 3962 627 4001 non
658 3947 902 4010 dicimus,
933 3949 1075 4004 Bene
1106 3949 1238 4003 dixit
1281 3949 1540 4018 angelus;
1572 3949 1664 4004 sed
1697 3949 1842 4005 Bene
1873 3950 1953 4005 di-

358 4042 434 4095 xit
456 4042 732 4103 Dominus,
767 4041 910 4096 Bene
939 4041 1071 4096 dixit
1098 4042 1361 4112 Spiritus;
1391 4057 1454 4096 ac
1481 4043 1524 4096 si
1557 4042 1802 4098 diceret:
1833 4042 1950 4098 Non

357 4133 487 4186 mihi
539 4132 696 4187 iidem
741 4133 966 4202 negatis,
1016 4133 1110 4188 sed
1154 4133 1395 4203 Spiritui.
1449 4133 1630 4204 Itaque
1670 4134 1775 4190 hoc
1822 4134 1952 4190 olim

359 4226 500 4280 Deus
528 4225 865 4295 prazviderat.
903 4225 1003 4292 Qui
1028 4242 1142 4279 cum
1169 4226 1567 4289 examinassent,
1597 4225 1790 4295 inquit,
1819 4227 1951 4280 vole-

356 4318 583 4372 bantme
607 4317 894 4381 dimittere;
944 4317 996 4372 id
1037 4328 1139 4379 est,
1173 4317 1305 4371 nihil
1345 4317 1693 4373 damnatione
1733 4319 1954 4389 dignum

359 4410 696 4465 invenientes
738 4410 788 4464 in
839 4425 948 4477 me,
989 4410 1273 4465 absolvere
1302 4409 1570 4464 volebant.
1615 4409 1830 4464 Etcum
1861 4409 1954 4465 de-

356 4502 601 4556 buissent
630 4502 777 4556 illum
809 4502 1038 4572 eripere,
1070 4501 1408 4556 tradiderunt
1437 4501 1488 4554 in
1521 4515 1714 4555 manus
1750 4501 1953 4555 Roma-

358 4609 594 4658 norum;
627 4603 682 4647 et
713 4602 855 4646 tanta
885 4602 1002 4648 erat
1033 4593 1293 4648 libertatis
1321 4592 1671 4658 abundantia,
1703 4601 1760 4646 nt
1792 4594 1954 4647 etiam

358 4685 459 4754 ipsi
487 4684 852 4738 condemnare
880 4698 985 4736 non
1015 4691 1258 4753 possent,
1309 4683 1404 4738 sed
1436 4683 1671 4737 vinctum
1716 4681 1953 4738 tradide—

359 4783 505 4830 runt.
555 4773 770 4830 Coactus
809 4791 944 4841 sum,
998 4775 1189 4845 inquit,
1237 4775 1499 4844 appellare
1529 4775 1816 4840 Casarem;
1854 4791 1955 4829 non

355 4869 505 4940 quasi
539 4868 752 4922 habeam
795 4868 859 4922 de
894 4885 992 4934 quo
1039 4879 1237 4939 gentem
1270 4883 1434 4921 meam
1474 4883 1741 4932 accusem;
1772 4867 1822 4922 id
1850 4877 1958 4935 est,

361 4978 468 5016 non
499 4969 555 5015 ut
586 4960 726 5014 mala
753 4960 872 5014 aliis
894 4959 1146 5026 inferam,
1170 4959 1266 5014 sed
1289 4967 1346 5013 ut
1368 4974 1456 5013 me
1482 4975 1511 5012 a
1536 4959 1689 5013 malis
1707 4959 1960 5027 liberem,

364 5054 470 5106 hoc
499 5051 621 5115 feci,
649 5066 747 5107 nec
775 5051 986 5114 lubens,
1018 5050 1111 5104 sed
1141 5061 1378 5104 coactus.
1413 5049 1549 5104 Vide
1570 5059 1855 5105 verborum
1880 5063 1958 5104 ta-

360 5144 727 5199 miliaritatem
753 5160 766 5195 :
795 5157 900 5196 non
928 5157 987 5196 se
1015 5141 1271 5204 alienum,
1301 5139 1395 5194 sed
1438 5140 1712 5209 proprium
1749 5141 1854 5195 Illis
1883 5139 1960 5194 fa-

359 5237 456 5299 cit,
480 5251 606 5290 cum
632 5233 783 5297 dicit,
818 5232 993 5287 Gentis
1022 5247 1162 5286 mese.
1192 5232 1394 5286 Rursus
1423 5241 1600 5285 autem
1629 5232 1819 5302 dogma
1850 5232 1960 5286 dis-

364 5329 614 5384 seminat.
638 5327 749 5382 Nec
776 5327 932 5393 dixit,
963 5342 1068 5379 non
1095 5339 1326 5390 accuso;
1354 5323 1469 5388 sed,
1503 5323 1621 5378 Non
1646 5325 1802 5378 habeo
1823 5325 1960 5394 quod

365 5435 618 5484 accusem,
665 5418 768 5474 etsi
819 5428 924 5472 tam
970 5416 1152 5486 gravia
1197 5431 1408 5487 passus.
1439 5415 1580 5470 Nihil
1606 5431 1736 5487 ergo
1768 5418 1958 5470 horum

365 5513 516 5579 dicit,
545 5528 617 5569 ne
637 5527 904 5568 onerosus
927 5521 1072 5567 esset
1102 5529 1114 5565 :
1145 5527 1318 5580 neque
1344 5510 1408 5565 ad
1438 5511 1663 5581 gratiam
1710 5512 1839 5581 ipsis
1873 5517 1957 5567 lo-

365 5608 458 5678 qui
485 5606 716 5662 videtur.
751 5605 878 5661 Ideo
901 5620 1006 5660 non
1037 5614 1223 5674 aperte
1250 5603 1507 5672 loquitur,
1537 5604 1630 5658 sed
1659 5604 1963 5660 subindicat

367 5706 576 5754 tantum
616 5708 674 5754 et
717 5697 1084 5766 praetercurrit
1111 5715 1124 5750 :
1156 5695 1258 5750 hoc
1295 5695 1438 5750 enim
1474 5695 1685 5750 interim
1717 5697 1961 5751 studebat

368 5790 678 5858 ostendere,
701 5788 844 5860 quod
872 5788 1131 5844 Romanis
1153 5787 1300 5841 illum
1329 5787 1561 5840 vinctum
1593 5787 1954 5842 tradidissent.

373 5883 450 5941 Ilii
479 5899 611 5940 vero
638 5897 762 5938 cum
800 5881 926 5937 illos
950 5879 1206 5935 damnare
1235 5888 1289 5936 et
1315 5893 1572 5934 accusare
1613 5879 1958 5949 oportuisset,

1311 432 1379 490 ἸΝ
1419 432 1596 490 ACTA
1638 426 2159 488 APOSTOLORUM.
2200 429 2430 489 IiOMlL.
2473 435 2582 490 LV.

3548 445 3656 501 58‘!

2059 545 2235 614 potius
2265 547 2560 604 defendunt
2589 564 2680 606 eos
2708 568 2721 616 ;
2764 551 2857 607 scd
2893 567 2986 622 per
3015 568 3098 623 ca,
3128 555 3320 625 quibus
3352 559 3651 628 apologiam

2057 649 2368 703 contexunt,
2396 640 2540 709 ipsos
2566 653 2838 698 accusant.
2868 643 3059 698 Notum
3088 657 3160 699 est
3185 648 3348 710 nobis,
3382 650 3650 720 inquiunt,

2057 728 2193 795 quod
2216 730 2398 800 ubique
2424 734 2814 788 contradicitur.
2844 735 2950 790 Sed
2979 738 3186 792 etiamsi
3223 741 3323 794 hoc
3353 744 3572 812 couting
3592 755 3648 807 ct,

2058 829 2290 874 attamen
2322 823 2518 893 ubique
2541 827 2782 882 creditis.
2818 828 3013 894 Quibus
3042 834 3341 898 exponebat,
3389 835 3580 905 inquit,
3625 855 3654 886 (ι

2059 909 2167 978 lege
2191 921 2238 963 et
2265 914 2543 981 prapltetis.
2578 916 2709 970 Vide
2739 933 2926 973 rursus
2948 919 3100 973 illum
3128 938 3232 976 non
3266 939 3294 975 a
3337 924 3524 993 signis,
3559 927 3654 980 sed

2059 1015 2088 1054 a
2117 1001 2231 1071 h-ge
2279 1014 2331 1058 et
2372 1007 2646 1075 prophetis
2691 1024 2752 1064 os
2798 1011 2907 1066 illis
2947 1011 3218 1079 obturare,
3249 1023 3300 1068 et
3327 1016 3522 1084 ubique
3550 1019 3652 1070 hoc

2059 1105 2238 1160 agere,
2281 1095 2379 1149 etsi
2414 1096 2597 1152 liceret
2637 1100 2788 1168 signa
2839 1099 3052 1166 facere;
3103 1102 3198 1157 sed
3246 1104 3503 1175 deinceps
3548 1123 3652 1160 non

2061 1185 2183 1239 lidci
2228 1203 2314 1242 res
2354 1189 2539 1245 fuisset
2573 1209 2584 1244 :
2620 1208 2868 1263 magnum
2912 1196 3053 1248 enim
3087 1206 3203 1250 erat
3243 1197 3453 1268 signum
3483 1216 3508 1252 a
3542 1201 3655 1269 lege

2059 1287 2110 1330 et
2139 1278 2412 1347 prOphetis
2444 1281 2731 1338 disserere.
2766 1284 2997 1350 Deinde,
3043 1303 3110 1341 ne
3139 1297 3289 1355 putes
3318 1305 3428 1344 rem
3459 1307 3651 1344 novam

2058 1384 2200 1437 esse,
2249 1373 2388 1441 quod
2429 1375 2505 1428 illi
2545 1377 2806 1432 increduli
2835 1392 3135 1444 manerent,
3175 1383 3382 1438 inducit
3414 1388 3649 1455 pr0phe-

2060 1459 2186 1514 tiam
2217 1462 2484 1519 dicentem
2518 1483 2530 1521 τ
2563 1467 2700 1522 Aure
2724 1470 2961 1537 audietis,
2987 1482 3034 1525 et
3061 1489 3160 1527 non
3186 1474 3476 1547 intelligetis
3496 1496 3514 1543 ;
3534 1495 3648 1532 ma-

2057 1553 2136 1623 gis
2163 1569 2324 1620 nune,
2357 1557 2550 1627 inquit,
2581 1575 2740 1629 quam
2777 1570 2902 1617 tunc
2932 1581 2944 1617 :
2975 1573 3020 1617 et
3053 1565 3300 1633 videbitis,
3332 1579 3377 1621 et
3405 1586 3505 1623 non
3539 1588 3651 1638 per-

2056 1643 2295 1714 cipietis;
2328 1649 2497 1716 magis
2531 1665 2671 1704 nunc
2708 1667 2865 1721 quam
2919 1664 3066 1708 tunc.
3109 1654 3308 1712 Contra
3347 1659 3653 1716 incredulos

2057 1733 2178 1789 illos
2203 1735 2318 1790 haec
2353 1737 2492 1792 dicta
2528 1739 2761 1810 fuerant,
2807 1760 2926 1814 quae
2953 1761 3058 1801 non
3083 1748 3438 1806 conviciantis
3475 1765 3647 1812 erant.

2056 1828 2150 1882 sed
2177 1828 2558 1886 oﬂ‘cndiculum
2592 1835 2849 1890 tollentis.
2896 1837 3090 1893 Notum
3120 1858 3238 1911 ergo
3264 1844 3331 1896 sit
3369 1845 3527 1910 vobis,
3567 1848 3648 1900 in-

2056 1922 2190 1991 quit,
2219 1924 2353 1989 quod
2381 1925 2433 1977 in
2469 1935 2641 1995 gentes
2684 1945 2897 1983 missum
2937 1941 3010 1985 est
3049 1933 3276 1988 salutare
3310 1935 3406 1989 Dei
3434 1954 3452 1990 :
3478 1941 3567 2008 qui
3607 1951 3654 1992 et

2056 2015 2283 2070 audient.
2312 2015 2418 2070 Cur
2445 2033 2572 2088 ergo
2603 2020 2755 2074 nobis
2783 2021 3062 2092 loqueris?
3092 2040 3159 2079 an
3195 2027 3307 2081 haec
3336 2029 3654 2086 nesciebas?

2060 2106 2252 2173 Etiam,
2282 2109 2376 2162 sed
2402 2118 2458 2163 ut
2481 2111 2713 2165 credatis
2744 2113 3012 2169 rationem
3039 2116 3204 2172 reddo
3225 2160 3239 2184 ,
3283 2127 3337 2173 et
3367 2130 3423 2174 ut
3452 2123 3650 2176 nemini

2056 2197 2176 2252 dem
2206 2215 2411 2253 ansam.
2459 2201 2671 2270 Mansit,
2718 2205 2909 2276 inquit,
2946 2205 3147 2262 Paulus
3178 2219 3280 2263 toto
3309 2211 3528 2281 biennio,
3560 2217 3652 2267 do-

2054 2305 2170 2343 cens
2191 2306 2306 2344 cum
2336 2293 2474 2346 omni
2498 2295 2723 2362 ﬁducia,
2769 2299 2972 2352 nemine
3008 2302 3321 2369 prohibente.
3367 2305 3509 2360 Bene
3554 2307 3655 2361 hoc

2054 2381 2260 2437 addidit
2289 2402 2301 2438 :
2335 2387 2599 2458 contingit
2626 2390 2771 2444 enim
2812 2391 3100 2461 aliquando
3136 2393 3305 2452 libere
3345 2398 3649 2469 loquentem

2055 2474 2348 2544 prohiberi.
2391 2475 2662 2532 Fiduciam
2691 2494 2820 2549 ergo
2848 2481 2995 2536 Pauli
3027 2485 3159 2538 nihil
3193 2489 3505 2555 prohibuit,
3556 2493 3650 2545 sed

2053 2565 2212 2619 etiam
2242 2566 2456 2622 nomine
2484 2568 2802 2638 prohibente
2829 2572 2984 2627 dixit.
3015 2575 3208 2629 Mansit
3229 2589 3396 2632 autem
3425 2580 3646 2646 Paulus,

2052 2655 2244 2726 inquit,
2284 2656 2484 2713 biennio
2524 2670 2627 2714 toto
2667 2661 2721 2715 in
2763 2665 2973 2732 praprio
3002 2668 3289 2735 conducto;
3321 2670 3389 2724 ita
3423 2684 3533 2727 erat
3564 2690 3650 2729 se-

2052 2746 2246 2814 dulus;
2287 2748 2395 2802 imo
2423 2751 2493 2804 ita
2527 2753 2840 2822 magistrum
2868 2771 3024 2811 suum
3063 2758 3373 2815 imitabatur
3395 2764 3446 2817 in
3475 2767 3650 2821 omni-

2051 2840 2173 2908 bus,
2203 2851 2260 2896 ut
2285 2842 2446 2896 etiam
2473 2843 2802 2900 domicilium
2831 2846 3054 2904 haberet
3079 2865 3187 2905 non
3206 2869 3269 2907 ex
3293 2855 3482 2910 alienis
3511 2859 3651 2915 labo-

2051 2933 2232 3001 ribus,
2283 2936 2378 2990 scd
2422 2952 2488 2992 ex
2532 2938 2644 2994 suis
2674 2954 2694 2992 τ
2722 2939 2826 2996 hoc
2864 2941 3006 2997 enim
3056 2945 3320 3015 signiticat
3366 2949 3529 3018 illud,
3581 2952 3648 3007 In

2051 3027 2262 3097 proprio
2303 3030 2574 3086 conducto.
2608 3031 2762 3099 Quod
2788 3042 2965 3088 autem
3006 3035 3262 3094 Dominus
3288 3057 3500 3112 quoque
3529 3045 3649 3098 nul-

2052 3116 2157 3171 iam
2200 3117 2420 3176 haberet
2455 3121 2673 3177 domum
2695 3163 2711 3190 ,
2743 3125 2868 3180 audi
2903 3126 3050 3181 illum
3085 3139 3229 3184 recte
3257 3133 3524 3190 dicentem
3559 3139 3607 3192 ei
3631 3181 3647 3205 ,

2051 3213 2143 3282 qui
2173 3214 2273 3268 sibi
2301 3213 2517 3270 dixerat
2550 3233 2562 3269 :
2588 3218 2790 3288 Sequar
2819 3228 2886 3283 te,
2919 3236 3234 3293 quocumque
3261 3226 3378 3280 ieris
3407 3243 3426 3282 :
3461 3227 3651 3299 Vulpes

2052 3308 2223 3375 foveas
2253 3307 2460 3372 habent,
2489 3318 2536 3362 et
2568 3311 2794 3364 volucres
2822 3310 2934 3365 (teli
2958 3314 3142 3378 nidos;
3175 3314 3342 3371 Filius
3372 3330 3540 3374 autem
3569 3323 3655 3376 Ito.

2053 3400 2203 3452 minis
2242 3416 2346 3453 non
2382 3401 2552 3468 habet,
2597 3403 2684 3456 ubi
2714 3413 2870 3470 caput
2909 3423 3060 3459 suum
3101 3411 3308 3463 reclinet
3354 3412 3564 3483 (Matth.
3596 3417 3650 3471 8.

2051 3491 2167 3561 20).
2199 3492 2290 3546 Sic
2322 3507 2418 3562 per
2443 3508 2502 3549 se
2529 3493 2712 3549 docuit
2739 3496 2869 3551 nihil
2900 3513 3022 3553 esse
3051 3501 3456 3571 possidendum,
3480 3521 3654 3578 neque

2052 3583 2211 3637 rebus
2239 3585 2467 3639 terrenis
2495 3586 2806 3642 hmrendum
2838 3603 2977 3643 esse.
3014 3590 3081 3643 Et
3107 3594 3411 3663 excipiebat,
3445 3598 3650 3668 inquit,

2054 3672 2304 3727 venientes
2330 3674 2398 3726 ad
2423 3691 2497 3739 se,
2526 3677 2812 3745 prmdicans
2833 3694 3044 3748 regnum
3073 3679 3186 3734 Dei.
3235 3682 3367 3738 Vide
3395 3687 3542 3740 illum
3571 3690 3653 3742 ui-

2055 3763 2126 3817 hil
2151 3764 2628 3834 de-prresentibus,
2677 3767 2778 3822 sed
2813 3771 2988 3823 omnia
3013 3771 3082 3826 de
3110 3788 3275 3843 regno
3307 3775 3397 3830 Dei
3425 3777 3650 3848 loquen-

2056 3863 2184 3908 tem.
2226 3855 2414 3910 Viden’
2446 3857 2536 3912 Dei
2563 3858 2991 3926 providentiam?
3023 3863 3131 3919 llic
3175 3881 3483 3924 sermonem
3512 3872 3653 3927 sistit

2055 3957 2242 4001 auctor
2273 3948 2424 4015 libri,
2454 3963 2519 4004 ac
2547 3951 2803 4021 relinquit
2848 3953 3146 4010 auditorem
3184 3959 3474 4027 sitientem,
3507 3971 3561 4017 ut
3587 3980 3651 4020 ex

2058 4041 2240 4110 seipse
2269 4042 2523 4113 deinceps
2554 4045 2922 4102 ratiocinetur.
2973 4048 3085 4104 Hoc
3113 4061 3166 4105 et
3199 4055 3374 4108 exteri
3405 4055 3606 4111 faciunt
3636 4078 3652 4116 :

2057 4150 2181 4188 nam
2231 4136 2412 4189 omnia
2457 4137 2622 4203 scire,
2673 4138 2920 4208 ignavum
2959 4152 3015 4195 et
3058 4144 3415 4212 negligentem
3457 4148 3650 4202 reddit.

2056 4224 2169 4279 Hoc
2203 4235 2380 4279 autem
2425 4225 2569 4292 facit,
2622 4238 2676 4282 et
2718 4245 2837 4298 qua:
2881 4240 3104 4300 sequuta
3132 4243 3275 4295 sunt,
3310 4251 3414 4288 non
3450 4249 3651 4304 narrat,

2055 4317 2384 4386 superﬂuum
2429 4318 2478 4373 id
2529 4328 2724 4388 putans
2769 4321 2868 4385 iis,
2907 4324 2994 4391 qui
3021 4337 3083 4378 ea
3125 4340 3244 4394 qua:
3276 4328 3472 4396 scripta
3501 4341 3656 4385 erant

2056 4407 2315 4478 legerent,
2342 4419 2396 4464 et
2422 4408 2545 4464 hinc
2575 4411 2880 4466 ediscerent
2907 4428 3026 4483 qua:
3049 4413 3129 4468 his
3152 4415 3415 4473 adderent
3449 4437 3462 4473 :
3498 4421 3654 4489 plane

2054 4499 2197 4553 enim
2219 4501 2394 4571 qualia
2413 4501 2614 4570 priora,
2650 4503 2773 4555 talia
2801 4519 2921 4573 qum
2945 4515 3064 4574 post
3085 4517 3309 4576 sequuta
3341 4521 3486 4564 sunt.
3516 4514 3652 4567 Audi

2055 4605 2186 4645 vero
2210 4592 2386 4662 qualia
2409 4601 2594 4662 postea
2621 4593 2864 4649 scribens
2895 4597 2960 4650 ad
2992 4597 3281 4663 Romanos,
3312 4602 3456 4658 dicat
3488 4624 3500 4659 :
3529 4604 3655 4660 Cum

2057 4685 2353 4754 proﬁciscar
2373 4686 2424 4738 in
2446 4685 2783 4755 Hispaniam,
2807 4690 3002 4743 veniam
3031 4691 3097 4743 ad
3118 4707 3202 4745 vos
3231 4693 3405 4764 (Rom.
3440 4698 3651 4766 1521).

2128 4777 2182 4830 3.
2216 4775 2404 4831 Viden’
2435 4778 2702 4846 quomodo
2723 4781 2902 4834 omnia
2934 4783 3234 4851 prmvideat
3269 4800 3480 4843 sacrum
3523 4791 3654 4845 illud

2057 4875 2111 4922 et
2139 4867 2376 4922 divinum
2427 4878 2588 4937 caput
2614 4910 2628 4933 ,
2680 4869 2770 4923 ille
2802 4873 2889 4941 qui
2912 4873 3143 4928 animam
3178 4874 3340 4932 habet
3369 4881 3544 4933 tunnia
3577 4881 3652 4935 si-

2058 4960 2166 5014 mul
2197 4962 2666 5030 complementem,
2695 4962 2784 5032 qni
2814 4966 3015 5032 primas
3040 4977 3218 5036 partes
3241 4969 3487 5040 occupat,
3522 4971 3656 5026 Pau-

2061 5053 2183 5106 tus?
2204 5052 2356 5123 cujus
2383 5053 2556 5108 solum
2582 5069 2776 5108 nomen
2805 5057 3102 5113 scientibus
3124 5059 3322 5116 sufﬁcit
3339 5064 3403 5117 ad
3420 5064 3653 5118 animam

2059 5143 2416 5207 excitandam,
2436 5144 2501 5197 ad
2529 5144 2877 5214 vigilantiam,
2911 5147 2977 5201 ad
2995 5163 3244 5203 Somnum
3275 5153 3651 5207 esetitiendum

2062 5253 2300 5292 omnem.
2332 5238 2557 5308 Excepit
2580 5239 2730 5293 illum
2760 5239 2929 5295 Roma
2959 5242 3215 5307 vinctum,
3248 5258 3314 5297 es
3336 5244 3542 5297 marino
3573 5247 3660 5300 itt-

2067 5345 2198 5384 nere
2223 5329 2372 5383 littus
2399 5336 2742 5398 tangentem,
2774 5345 2804 5383 a
2833 5330 3109 5400 naufragio
3137 5341 3439 5399 servatum,
3485 5345 3540 5388 et
3590 5336 3655 5388 h-

2062 5421 2246 5475 berata
2292 5428 2376 5474 est
2407 5435 2441 5479 a
2477 5419 2754 5491 naufragio
2789 5421 3009 5475 erroris.
3058 5420 3208 5476 Sient
3240 5423 3382 5476 enim
3418 5439 3509 5479 rex
3541 5432 3655 5492 post

2066 5514 2308 5568 navalem
2352 5527 2582 5582 pugnam
2623 5523 2678 5568 et
2710 5513 2988 5568 victoriam
3012 5553 3033 5580 ,
3059 5515 3112 5567 in
3141 5515 3474 5583 splendidam
3515 5517 3652 5572 illam

2066 5606 2372 5674 regiamqne
2404 5604 2590 5658 urbem
2620 5603 2893 5673 ingressus
2923 5613 3023 5658 est.
3059 5605 3131 5660 De
3155 5606 3236 5660 his
3257 5605 3502 5661 scribens
3521 5649 3535 5670 .
3575 5610 3657 5664 di-

2067 5697 2225 5750 cebat
2250 5714 2261 5748 :
2300 5694 2539 5757 Veniam,
2569 5703 2621 5750 et
2651 5693 2924 5748 vobiscum
2954 5695 3224 5765 quiescam
3257 5697 3308 5750 in
3342 5699 3660 5770 plenitudine

2071 5786 2426 5843 benedictionis
2452 5779 2714 5856 Evangelii
2760 5785 2958 5859 (Rom.
3008 5787 3094 5843 15.
3137 5788 3284 5860 29);
3328 5801 3382 5846 ct
3437 5809 3655 5862 rursus,

2073 5881 2150 5935 Eo
2180 5879 2555 5933 ministraturus
2587 5877 2638 5932 in
2663 5875 2950 5932 Jerusalem
2986 5877 3197 5958 (Idne.
3238 5875 3358 5946 25).
3407 5881 3515 5937 lloc
3548 5897 3657 5949 est,
