2056 3215
216 256 288 292 quod
298 255 405 283 dicebat
418 263 426 282 :
443 253 625 288 Eleemosynas
639 254 754 287 [acturus
768 249 837 285 genti
852 255 925 281 metu,
936 249 1015 275 adue-

217 303 244 330 ηε
257 303 336 338 (Act.
352 302 398 329 24.
412 301 445 328 l7
458 299 480 335 ).
491 299 550 327 Jam
566 305 648 334 prope
658 302 716 326 erat
726 300 756 325 ut
768 303 896 325 coronam
911 294 1017 329 accipe-

219 355 261 377 ret
273 358 279 376 :
296 348 401 381 excepit
410 347 484 374 illum
493 346 579 373 Roma
591 345 722 377 vinctum,
730 343 850 377 viditque
857 345 1015 369 coronatum

218 402 245 424 ct
260 395 467 431 proclamatum.
491 393 548 421 Illic
565 391 700 419 Vobiscum
721 390 848 424 quiescam
859 387 954 423 (Rom.
970 385 1015 414 15.

217 442 253 469 52
266 443 288 477 ),
297 440 394 476 inquit.
406 439 497 467 lsthuc
511 438 592 471 vado,
603 435 803 464 ministraturus
816 434 842 461 in
853 432 1014 461 Jerusalem.

218 488 274 515 lloc
286 491 377 515 autem
392 485 497 513 initium
507 490 602 511 cursus
616 482 714 509 iterum
724 485 793 513 erat,
806 485 833 507 et
845 485 947 514 tropaea
962 482 1018 505 tro-

218 533 284 568 paeis
307 532 439 563 addebat,
462 527 675 564 inexpugnabilis
698 534 759 554 cum
774 529 857 553 esset.
871 522 1017 552 Corinthus

219 579 295 606 illum
309 577 423 605 detinuit
436 575 541 603 duobus
555 573 645 607 annis,
660 572 722 600 Asia
739 572 835 605 tribus,
847 570 932 598 Roma
947 570 1016 597 duo-

219 625 269 651 bus
280 644 288 657 ,
311 630 365 658 quo
388 621 506 649 secundo
521 620 612 652 venit,
625 617 735 654 quando
749 621 952 645 consummatus
964 621 1016 643 est.

218 669 252 697 In
265 669 351 704 prima
370 676 426 694 mea
445 666 609 701 defensione,
625 664 731 700 inquit,
747 664 835 691 nullus
850 663 913 690 mihi
930 662 1018 689 aderat

217 715 263 750 (2.
287 713 355 742 Tim.
380 713 408 741 ι.
429 712 463 740 i6
475 712 499 748 ).
520 711 566 739 Sic
586 718 657 738 nunc
680 709 788 746 eil‘ugit,
805 714 833 737 et
851 716 913 736 eum
932 713 1017 735 totum

220 760 359 796 implesset
373 759 466 787 orbem
475 778 482 791 ,
497 758 537 785 sic
549 757 630 784 vitam
655 755 753 783 ﬁnivit.
772 754 841 789 Quid
855 753 964 781 volebas
977 753 1018 781 di-

219 815 297 835 scere
322 814 382 842 qua:
408 804 578 840 sequuntur?
597 802 672 831 Talia
692 806 772 834 sunt,
795 800 883 836 qualia
908 799 1017 835 priora:

220 853 338 886 vincula,
354 857 498 884 tormenta,
514 857 610 885 pugnae
621 869 628 882 ,
644 855 767 876 carceres
777 867 785 881 ,
800 846 904 874 insidia:
916 866 924 879 ,
937 853 1018 881 syco-

221 899 355 933 phantiae,
377 897 540 933 quotidianaI
565 899 678 923 mortes.
694 893 790 921 Vidisti
815 893 886 920 illius
909 899 1018 927 parvam

222 944 348 980 partem?
362 943 407 972 Sic
420 942 522 978 cogites
536 941 639 976 reliqua
653 947 683 968 se
698 939 807 967 habere.
820 937 897 966 Sicut
911 938 938 965 in
952 938 1019 965 caelo

221 996 418 1027 quamcumque
429 988 530 1016 videris
545 990 661 1022 partem,
676 986 742 1013 tales
756 990 818 1012 sunt
831 984 892 1011 alia:
906 988 996 1018 partes
1009 991 1018 1016 ;

219 1038 243 1064 si
266 1036 338 1064 enim
358 1034 417 1062 caeli
431 1041 512 1061 unam
537 1037 640 1068 partem
665 1030 767 1064 videas,
783 1036 952 1065 quocumque
980 1028 1018 1056 ie-

221 1082 271 1115 ris,
292 1079 457 1109 tantumdem
479 1078 602 1106 videbis:
626 1076 670 1105 vel
684 1076 754 1104 sicut
768 1076 833 1104 solis
847 1075 937 1102 radios
950 1074 973 1101 si
986 1081 1019 1101 ex

221 1133 297 1163 parte
310 1127 420 1160 videris,
437 1127 499 1153 hinc
511 1124 623 1160 conjicis
636 1123 724 1159 qualis
737 1123 778 1150 sol
788 1122 824 1149 sit
836 1131 842 1149 :
855 1122 894 1149 sic
903 1121 937 1148 de
949 1121 1019 1148 Pau-

221 1176 249 1203 lo
270 1174 425 1203 dicendum.
450 1172 516 1208 Ejus
539 1177 598 1199 acta
614 1170 713 1206 partim
732 1169 822 1197 vidisti
838 1177 847 1196 :
862 1168 952 1196 omnia
968 1167 1020 1195 alia

220 1220 319 1248 similia
332 1223 414 1253 sunt,
428 1218 554 1254 periculis
574 1217 664 1253 plena.
682 1216 728 1243 Ille
739 1215 834 1243 cis-lum
853 1219 912 1242 erat
934 1214 1019 1241 soletn

220 1266 332 1302 iustitiae
345 1265 459 1297 habens,
470 1271 525 1291 non
537 1263 676 1299 vulgarem
688 1262 763 1290 illum
774 1270 781 1295 ;
796 1266 876 1294 atque
888 1261 956 1288 adeo
966 1268 1020 1288 cte-

220 1312 249 1341 lo
262 1312 357 1340 melior
372 1311 412 1338 vir
427 1311 472 1339 illc
483 1314 550 1338 erat.
565 1311 606 1337 An
619 1309 671 1337 hoc
682 1316 777 1344 parum
786 1315 847 1335 esse
857 1307 953 1343 putas?
963 1307 1021 1342 Ego

221 1358 328 1394 quidem
344 1365 397 1384 non
406 1356 542 1384 existimo.
553 1355 620 1383 Cum
630 1354 789 1390 Apostolum
802 1353 915 1386 dixeris,
929 1353 1020 1380 statim

221 1406 296 1433 illum
309 1412 405 1433 omnes
415 1403 587 1439 cogitabunt;
605 1406 634 1430 ut
644 1409 706 1430 cum
719 1401 866 1436 Baptistam
875 1400 953 1433 dicis,
966 1404 1021 1427 sta-

222 1451 270 1480 tim
285 1451 404 1479 Joannes
415 1450 557 1484 cogitatur.
574 1448 623 1475 Cui
636 1447 675 1474 rei
688 1447 749 1482 quis
763 1446 835 1474 illius
848 1446 932 1473 verba
946 1452 1022 1473 com-

222 1497 374 1533 paraverit!
388 1495 475 1529 mari,
490 1502 525 1522 an
540 1494 665 1522 Oceano?
678 1493 732 1521 Sed
753 1492 819 1520 nihil
839 1499 887 1527 par
902 1491 955 1519 illis
968 1495 1020 1519 est.

223 1542 308 1578 llujus
319 1541 407 1569 lliixus
418 1541 497 1576 longe
508 1544 572 1567 sunt
583 1539 695 1567 marinis
709 1538 916 1573 frequentiores,
929 1537 1022 1572 purio-

222 1595 268 1616 res
279 1609 287 1621 ,
302 1586 507 1622 profundiores;
531 1590 560 1612 ut
574 1592 628 1612 non
645 1584 811 1611 aberraverit
825 1584 871 1618 qui
884 1590 931 1611 cor
946 1583 1022 1611 Pauli

224 1642 299 1661 mare
321 1638 348 1661 et
365 1633 461 1661 caelum
479 1639 540 1660 esse
562 1632 659 1659 dixerit
675 1640 681 1658 :
697 1631 793 1658 caelum
810 1631 846 1659 ob
859 1630 1002 1666 puritatem
1013 1649 1021 1663 ,

226 1687 301 1707 mare
314 1680 348 1707 ob
361 1677 582 1714 profunditatem.
598 1677 672 1705 Mare
682 1681 734 1709 est,
747 1684 800 1704 non
812 1676 883 1711 quod
896 1676 1021 1711 navigan-

225 1729 265 1753 tes
278 1725 311 1752 ab
324 1724 391 1752 urbe
405 1724 431 1751 in
447 1722 541 1751 urbem
555 1722 645 1756 ducat,
660 1722 707 1750 sed
718 1729 733 1749 ιι
749 1727 819 1750 terra
832 1722 859 1749 in
869 1722 982 1750 caelum:
999 1722 1023 1749 si

224 1771 285 1806 quis
305 1770 356 1798 hoc
379 1777 455 1797 mare
472 1769 597 1804 naviget,
613 1767 730 1796 secunda
751 1775 817 1795 aura
831 1768 978 1803 navigabit.
992 1768 1023 1796 lu

226 1817 278 1845 hoc
290 1816 358 1845 mari
373 1824 427 1844 non
440 1815 513 1844 venti
527 1820 600 1848 sunt,
614 1814 662 1842 sed
682 1815 741 1843 vice
763 1814 835 1843 venti
849 1814 966 1850 Spiritus
980 1815 1023 1843 di-

227 1863 306 1891 vinus
318 1868 346 1890 et
368 1866 478 1890 sanctus
492 1862 648 1897 navigantes
662 1861 767 1888 animas
779 1860 853 1889 vehit
867 1869 874 1888 :
893 1868 947 1889 non
961 1865 1024 1889 sunt

228 1910 273 1937 hic
295 1909 401 1941 tinctus,
425 1916 479 1936 non
499 1912 542 1947 es}
562 1907 704 1942 scopulus,
724 1915 777 1935 non
796 1907 913 1935 bellum:
932 1907 1023 1935 omnia

227 1955 370 1990 tranquilla
384 1959 457 1982 sunt.
471 1954 543 1981 Mare
559 1958 601 1981 est
616 1957 694 1988 portu
705 1953 877 1988 tranquillius
888 1958 915 1981 et
928 1953 1022 1988 tutius,

229 2001 296 2029 nihil
310 2000 410 2029 salsum
427 2000 540 2034 habens,
555 1999 601 2027 sed
615 1999 715 2027 fontem
728 2007 836 2034 purum,
853 1999 1024 2029 dulcissimos

228 2047 321 2076 latices
346 2047 525 2080 emittentem,
550 2046 607 2074 sole
619 2045 788 2082 splendidius
801 2050 829 2074 et
845 2045 1004 2082 pellucidius
1014 2053 1022 2059 ·

573 198 603 227 S.
622 196 768 227 JOANNIS
785 195 1036 224 CHRYSOSTOMI
1053 195 1217 222 ABLHIBP.
1233 192 1511 222 CURS'IANTINOP.

1801 193 1852 222 584

1068 257 1141 276 mare
1154 253 1211 280 est,
1231 256 1283 275 non
1298 248 1399 282 lapides
1415 248 1517 274 habens
1533 246 1680 281 pretiosos,
1696 254 1746 275 nec
1759 255 1863 283 purpu-

1067 298 1122 317 ram
1139 312 1145 323 ,
1161 292 1207 318 sed
1224 292 1303 327 longe
1319 293 1359 319 his
1372 292 1495 320 meliora.
1512 292 1562 326 Qui
1575 293 1633 319 vult
1646 293 1673 320 in
1685 292 1737 320 hoc
1752 293 1863 327 pelagus

1065 336 1239 369 descendere,
1264 346 1316 364 non
1328 345 1394 372 opus
1416 338 1495 365 habet
1514 338 1694 365 urinatoribus
1718 338 1760 365 vel
1783 338 1862 373 oleo,

1066 383 1111 410 sed
1124 384 1292 419 philosophia
1308 385 1389 412 multa
1407 394 1413 411 :
1430 385 1548 411 inveniet
1563 385 1588 411 in
1601 385 1659 419 ipso
1673 385 1763 412 omnia
1780 384 1861 415 bona,

1065 437 1124 463 quae
1135 434 1196 456 sunt
1212 430 1236 456 in
1252 438 1335 464 regno
1349 431 1487 457 caelorum.
1502 430 1553 463 Qui
1565 430 1624 457 talis
1638 435 1691 463 est,
1704 430 1801 465 poterit
1815 438 1863 457 rex

1065 484 1125 503 esse
1137 498 1143 508 .
1155 482 1181 504 et
1198 482 1281 504 totum
1296 477 1425 504 mundum
1436 477 1558 511 accipere
1568 497 1575 509 ,
1591 485 1705 512 esseque
1720 477 1745 503 in
1760 477 1863 504 honore

1066 522 1183 549 tnaximo
1206 522 1264 558 (a):
1288 523 1333 557 qui
1358 523 1383 549 in
1407 523 1458 550 hoc
1480 523 1546 549 mari
1571 523 1694 557 navigat,
1717 530 1862 557 numquam

1066 568 1231 603 naufragium
1257 569 1353 601 faciet,
1370 568 1417 595 scd
1433 568 1523 595 omnia
1537 568 1604 596 bene
1615 569 1693 595 sciet.
1712 568 1809 596 Verum
1823 570 1862 596 si-

1065 620 1109 641 cut
1123 615 1150 646 ii,
1167 615 1211 649 qui
1228 615 1252 641 in
1269 614 1319 641 hoc
1334 614 1400 641 mari
1417 615 1552 648 navigant,
1565 614 1588 640 si
1605 613 1795 649 impcritisint,
1807 613 1862 641 suf-

1067 662 1188 688 focantnr
1202 670 1207 687 :
1233 662 1272 688 sic
1288 665 1314 688 et
1328 661 1354 687 in
1367 661 1411 687 illo
1427 660 1493 687 mari
1510 668 1517 687 :
1540 660 1566 687 id
1577 660 1647 695 quod
1662 659 1759 687 accidit
1774 660 1862 688 hatre-

1067 708 1126 734 ticis
1139 728 1145 740 ,
1162 708 1206 742 qui
1224 708 1282 742 plus
1292 715 1371 742 quam
1387 706 1473 734 ferant
1485 706 1556 733 vires
1569 726 1576 739 ,
1593 710 1736 733 attentam.
1751 706 1862 741 Oportet

1066 762 1129 788 ergo
1139 754 1346 788 profunditatem
1361 753 1420 788 ejus
1433 753 1513 785 scire,
1529 753 1571 780 vel
1585 760 1638 779 non
1654 757 1797 780 attentare.
1811 752 1862 779 Na-

1067 801 1178 835 \igaturi
1192 808 1256 835 ergo
1271 800 1321 826 hoc
1338 800 1464 835 pelagus,
1479 799 1548 826 bene
1561 799 1673 826 accincti
1687 799 1782 825 simus.
1801 798 1862 825 Non

1067 848 1147 882 polui,
1164 847 1259 882 inquit,
1275 847 1343 873 vobis
1356 846 1425 881 loqui
1439 851 1465 872 ut
1477 845 1663 880 spiritualibus,
1678 846 1722 872 sed
1734 851 1761 872 ut
1776 853 1863 872 carna-

1067 893 1132 919 libus
1148 893 1157 927 (
1174 894 1198 920 l.
1214 893 1272 920 Cor.
1290 894 1317 920 5.
1331 893 1343 919 l
1360 894 1380 926 ).
1396 893 1490 919 Nullus
1507 892 1649 926 impatiens
1663 891 1688 918 iu
1703 891 1754 919 hoc
1769 891 1862 926 pelago

1067 939 1182 973 naviget.
1200 940 1327 966 Parcmus
1340 939 1419 966 nobis
1435 946 1535 971 naves;
1550 938 1576 965 id
1588 943 1640 971 est,
1655 938 1773 965 studium
1784 958 1791 969 ,
1805 938 1862 965 ala-

1067 986 1199 1017 critatem,
1214 993 1317 1019 preces,
1328 990 1356 1012 ut
1370 993 1430 1012 cum
1444 985 1533 1020 quiete
1544 984 1607 1012 illud
1620 984 1798 1019 trajicianius:
1810 989 1861 1011 ete-

1068 1031 1120 1057 nim
1129 1030 1185 1057 h:cc
1196 1039 1263 1065 aqua
1274 1032 1366 1058 vivens
1382 1035 1432 1058 est.
1448 1031 1486 1057 Ac
1495 1031 1516 1057 si
1530 1030 1590 1065 quis
1602 1030 1741 1065 chalybem
1757 1030 1860 1064 igneum

1066 1077 1163 1112 capiat,
1179 1077 1218 1104 sic
1231 1077 1275 1112 qui
1293 1077 1404 1104 Paulum
1419 1077 1493 1104 novit
1505 1098 1513 1109 ,
1526 1081 1556 1103 ut
1570 1076 1683 1111 chalybs
1696 1076 1840 1103 roboratur
1854 1084 1861 1102 :

1066 1132 1098 1151 ac
1108 1124 1130 1150 si
1145 1124 1205 1158 quis
1215 1124 1332 1158 gladium
1345 1128 1453 1151 acutum
1467 1123 1573 1154 habeat,
1587 1124 1627 1150 sic
1640 1123 1700 1150 talis
1713 1122 1793 1156 homo
1804 1122 1864 1156 capi

1068 1178 1119 1197 non
1135 1171 1244 1205 poterit.
1265 1171 1351 1198 Etiam
1375 1172 1408 1198 ad
1428 1171 1599 1206 intelligenda
1616 1171 1690 1198 Pauli
1712 1179 1791 1198 sensa
1810 1171 1864 1198 vita

1067 1225 1132 1252 pura
1144 1222 1185 1244 est
1200 1225 1274 1252 opus.
1294 1217 1355 1244 ldeo
1366 1218 1473 1244 diccbat
1486 1227 1492 1244 :
1507 1217 1538 1243 In
1549 1217 1623 1244 lactis
1636 1217 1783 1244 necessitate
1793 1217 1862 1248 estis,

1066 1264 1127 1298 quia
1146 1264 1281 1290 imbecilles
1303 1263 1405 1290 auribus
1425 1264 1486 1299 facti
1503 1263 1561 1290 estis
1579 1262 1682 1299 (Hebr.
1695 1263 1721 1291 5.
1742 1263 1786 1290 1‘2.
1804 1263 1863 1296 ll).

1068 1310 1116 1336 Est
1129 1310 1210 1342 enim,
1226 1314 1277 1342 est,
1290 1310 1408 1344 inquam,
1421 1310 1563 1337 infirmitas
1575 1309 1693 1336 auditus.
1705 1309 1780 1336 Sicut
1792 1310 1863 1336 enim

1067 1355 1222 1382 stomachus
1237 1363 1317 1382 sanos
1333 1360 1360 1382 et
1375 1355 1492 1382 difficilis
1506 1355 1637 1382 coctionis
1648 1355 1723 1382 cibos
1735 1362 1787 1382 non
1803 1362 1864 1382 sus-

1067 1402 1143 1437 cipit,
1156 1403 1178 1429 si
1193 1403 1227 1429 sit
1241 1403 1364 1429 inﬁrmus
1381 1411 1387 1428 :
1405 1402 1445 1429 sic
1458 1406 1485 1429 et
1497 1401 1586 1428 anima
1602 1406 1708 1429 tumens
1721 1405 1747 1428 et
1763 1401 1863 1434 inﬂata,

1067 1449 1173 1476 enervis
1189 1449 1256 1476 facta
1272 1454 1299 1476 et
1309 1449 1449 1480 dissoluta,
1464 1456 1516 1475 non
1534 1452 1622 1483 potest
1631 1447 1797 1482 spiritualem
1808 1455 1867 1475 sero

1069 1502 1175 1522 monem
1185 1495 1316 1529 accipere.
1329 1495 1397 1521 Audi
1412 1494 1560 1528 discipulos
1573 1493 1694 1521 dicentes
1709 1503 1715 1519 :
1730 1493 1819 1521 Durus
1829 1498 1866 1521 est

1069 1542 1109 1567 llic
1123 1549 1224 1572 sermo;
1245 1542 1300 1576 quis
1314 1542 1405 1576 poterit
1426 1549 1483 1567 eum
1497 1541 1587 1567 audire
1601 1540 1701 1577 (lauit.
1715 1540 1742 1568 6.
1756 1540 1788 1567 61
1803 1538 1865 1575 )28ί

1069 1594 1133 1613 vero
1158 1587 1234 1613 fortis
1257 1591 1283 1614 et
1306 1594 1369 1613 sana
1393 1587 1445 1619 sit,
1467 1586 1556 1613 omnia
1572 1586 1658 1617 levia,
1673 1585 1763 1612 omnia
1779 1585 1864 1612 facilia
1888 1613 1891 1616 ,

1069 1637 1149 1666 sunt;
1163 1634 1295 1661 excelsior
1310 1633 1351 1659 illa
1367 1638 1393 1660 et
1410 1632 1494 1660 levior
1504 1632 1588 1667 magis
1599 1631 1722 1659 sublimis
1736 1630 1862 1663 efﬁcitur,

1070 1684 1097 1707 et
1115 1680 1140 1706 in
1165 1679 1247 1706 altum
1268 1679 1378 1705 tollitur.
1398 1678 1461 1705 Πωο
1483 1684 1546 1712 ergo
1556 1684 1615 1704 cum
1630 1675 1757 1707 sciamus,
1771 1681 1863 1702 sanam

1069 1726 1263 1753 constituamus
1278 1726 1396 1752 animam
1412 1712 1532 1751 nostram
1547 1732 1555 1750 :
1570 1723 1726 1750 aemulemur
1740 1722 1865 1754 Paulum,

1071 1772 1207 1799 imitemur
1227 1771 1322 1797 fortem
1339 1770 1409 1797 illam
1424 1775 1450 1797 et
1472 1768 1669 1796 adamantinam
1684 1768 1800 1795 animam
1814 1776 1822 1800 ;
1838 1771 1868 1794 ut

1070 1817 1128 1852 ejus
1142 1817 1203 1843 vitm
1218 1816 1328 1851 vestigia
1340 1820 1495 1850 sequentes,
1510 1814 1643 1849 possimus
1654 1813 1796 1849 praesentis
1807 1813 1869 1840 vita!

1070 1864 1182 1899 pelagus
1198 1864 1331 1897 trajicere,
1348 1868 1375 1890 et
1390 1862 1424 1889 ad
1441 1861 1613 1896 tranquillum
1628 1864 1734 1895 portum
1749 1859 1869 1895 appelle~

1072 1917 1100 1936 re
1113 1930 1120 1941 ,
1142 1917 1173 1936 ac
1194 1909 1325 1944 promissa
1348 1907 1519 1946 diligentibus
1542 1907 1625 1934 Deum
1639 1905 1707 1933 bona
1721 1905 1868 1940 consequi,

1071 1954 1155 1989 gratia
1176 1958 1203 1981 et
1224 1954 1390 1988 benignitate
1407 1952 1512 1979 Domini
1531 1951 1615 1979 nostri
1625 1950 1690 1979 Jesu
1703 1950 1812 1983 Christi,
1826 1950 1870 1977 cui

1071 1998 1156 2033 gloria
1170 2003 1198 2025 ct
1211 1999 1365 2033 imperium,
1375 2006 1446 2026 nunc
1454 2002 1480 2025 et
1494 2004 1611 2032 semper,
1624 2001 1651 2024 et
1663 1996 1690 2024 in
1707 1996 1804 2024 saecula
1818 2003 1870 2023 sm-

1072 2043 1204 2072 culorum.
1219 2044 1314 2072 Amen.
