4112 6426
235 392 345 449 583

233 498 304 575 ἦν
331 500 523 556 λοιπὸν
547 499 642 581 τοῦ
690 500 980 572 στεφάνουο
1020 500 1238 571 ἐδέξατο
1266 505 1432 562 αὐτὸν
1461 510 1496 581 ἡ
1546 507 1739 581 Ῥώμη
1768 510 1914 565 δεδε-

236 590 428 662 μένον,
455 583 552 644 καὶ
573 579 681 642 εἶδε
704 585 1116 658 στεφανωθέντα
1138 591 1230 644 καὶ
1251 579 1733 666 άνακηρύχθένταξ
1772 598 1918 651 Ἐκεῖ

233 676 794 744 Συναναπαύσομαι
840 673 1005 743 ὑμῖν,
1065 674 1192 747 ἔφη.
1257 679 1523 734 Ἐνταῦθα
1578 681 1913 754 πορεύομαι,

232 763 577 835 διακονήσων
619 764 703 826 εἰς
751 762 1125 835 Ἰερουσαλήμ.
1158 765 1233 818 Τὸ
1274 766 1331 820 δὲ
1377 768 1522 842 ἀρχὴ
1567 769 1665 823 τοῦ
1713 770 1921 841 δρόμου

234 855 406 909 πάλιν
429 850 521 925 ἦν,
553 854 650 908 καὶ
688 854 931 925 τρόπαια
955 856 1239 927 τροπαίοις
1268 859 1564 928 συνῆπτεν,
1600 860 1917 931 ἀκατάπλη-

236 960 368 1007 κτος
399 941 498 996 ὥν.
535 941 802 1014 Κόρινθος
834 942 999 996 αὐτὸν
1044 944 1283 1015 κατέσχε
1314 944 1408 998 δύο
1439 945 1558 1017 ἐτη,
1611 947 1708 1000 καὶ
1762 948 1921 1002 Ἀσία

238 1031 388 1101 τρία,
420 1030 515 1084 καὶ
541 1028 683 1099 αῦτη
715 1028 811 1083 δύο
841 1029 999 1096 τέως,
1027 1029 1167 1084 ὥστε
1194 1030 1446 1103 δεύτερον
1478 1033 1673 1104 ἐπέϐη,
1707 1034 1796 1087 ὅτε
1825 1036 1918 1088 καὶ

240 1118 552 1188 ἐτελειώθη.
601 1117 707 1171 Ἐν
735 1116 810 1185 τῇ
842 1116 1044 1187 πρώτῃ
1078 1136 1199 1187 μου
1228 1119 1547 1189 ἀπολογίᾳ,
1588 1120 1779 1193 φησὶν,
1815 1123 1918 1175 οὑ-
1965 1126 1971 1131 ’

239 1205 365 1272 δεῖς
392 1223 499 1275 μοι
529 1202 1036 1275 συμπαρεγένετο.
1067 1204 1226 1259 Οὕτω
1253 1206 1476 1276 διέφυγε
1503 1208 1656 1275 τότε,
1683 1209 1779 1262 καὶ
1808 1208 1918 1262 πᾶ-

242 1309 343 1347 σαν
371 1290 663 1362 ἐμπλήσας
686 1290 784 1363 τὴν
807 1291 1131 1363 οἰκουμένην
1154 1292 1250 1347 τοῦ
1284 1310 1353 1364 κη
1363 1292 1663 1365 ρύγματος,
1691 1294 1921 1348 κατέλυ-

246 1396 339 1433 σεν
358 1377 503 1432 οὕτω
525 1378 617 1431 τὸν
661 1377 796 1447 βίον.
847 1377 912 1431 Τί
947 1377 1170 1432 ἐϐούλου
1204 1379 1396 1450 μαθεῖν
1425 1381 1497 1435 τά
1531 1381 1671 1453 μετὰ
1705 1382 1914 1448 ταῦτα;

246 1464 483 1520 Τοιαῦτά
506 1466 623 1519 ἐστι
648 1466 897 1518 κάκεῖνα·
923 1465 1121 1536 δεσμά,
1151 1465 1400 1536 βάσανοι,
1434 1467 1628 1538 μάχαι,
1654 1468 1917 1537 φυλακαὶ,

248 1553 552 1617 ἐπιϐουλαὶ,
582 1552 961 1621 συκοφαντίαι,
994 1551 1217 1608 θάνατοι
1239 1554 1618 1626 καθημερινοί.
1646 1552 1805 1620 Εἶδες
1819 1557 1920 1610 αύ-

249 1639 345 1693 τοῦ
384 1638 577 1717 μικρὸν
615 1638 817 1711 μέρος;
843 1639 1098 1694 Τοιοῦτον
1126 1641 1238 1694 νόει
1261 1642 1356 1694 καὶ
1381 1641 1443 1694 τὸ
1466 1642 1675 1697 λοιπόν.
1706 1643 1920 1715 Ὠσπερ

253 1728 349 1780 ἐπὶ
372 1725 472 1780 τοῦ
499 1726 745 1797 ούρανοῦ,
773 1726 898 1780 ὅσον
922 1726 988 1781 ἂν
1021 1726 1136 1799 ῐδῃς
1167 1727 1356 1795 αὐτοῦ,
1392 1727 1646 1783 τοσοῦτόν
1673 1728 1791 1782 ἐστι
1824 1729 1921 1783 καὶ

258 1813 320 1867 τὸ
363 1812 525 1868 άλλονο
564 1811 794 1885 ούρανοῦ
848 1813 957 1884 γὰρ
1004 1812 1072 1867 ἂν
1122 1813 1290 1886 μέρος
1324 1812 1497 1887 θεάσῃ
1540 1813 1621 1879 ἐν,
1672 1816 1806 1869 ὅπου
1855 1814 1923 1869 ἂν

257 1898 510 1971 άπέλθῃς,
544 1898 783 1952 τοιοῦτον
807 1896 926 1969 ὕψει
958 1899 1054 1953 καὶ
1079 1899 1143 1953 τδ
1166 1900 1354 1954 λοιπόν
1374 1917 1390 1932 ·
1420 1899 1454 1973 ἢ
1481 1899 1736 1972 καθάπερ
1766 1900 1921 1971 ἡλίου

252 1987 351 2053 τάς
393 1987 621 2051 ἀκτῖνας
662 1986 770 2041 κᾶν
816 1987 881 2041 ὲκ
913 1987 1115 2058 μέρους
1151 1986 1303 2059 ῐδῃς,
1334 1987 1574 2060 στοχάζῃ
1620 1989 1686 2042 ὲκ
1717 1986 1924 2041 τούτων

251 2070 358 2138 οἷος
392 2074 425 2129 ό
453 2072 639 2143 ἥλιος,
665 2071 812 2127 οὕτω
840 2075 935 2127 καὶ
966 2073 1060 2127 ἐπὶ
1100 2073 1336 2127 Παύλου.
1372 2075 1484 2137 Τάς
1522 2072 1752 2146 πράξεις
1780 2070 1923 2138 εἶδες

252 2164 313 2216 ὲκ
337 2161 542 2234 μέρους
566 2159 760 2224 αὐτοῦ,
792 2163 966 2215 πᾶσαι
990 2160 1241 2215 τοιαῦται
1263 2162 1631 2232 τυγχάνουσι,
1663 2161 1923 2216 κινδύνων

251 2250 536 2321 γέμουσαι.
565 2245 810 2320 Οὐρανὸς
840 2244 910 2320 ἦν
940 2250 1147 2311 έκεῖνος
1183 2248 1337 2320 ἥλιον
1366 2248 1715 2320 δικαιοσύνης
1758 2249 1919 2320 ἔχων,

250 2338 308 2391 οὐ
335 2335 602 2403 τοιοῦτον,
633 2335 775 2391 ὥστε
805 2336 899 2389 καὶ
923 2334 1156 2408 ούρανοῦ
1189 2335 1414 2407 βελτίων
1444 2337 1475 2390 ὁ
1501 2335 1664 2407 άνήρ.
1709 2337 1921 2407 Μικρὸν

250 2424 348 2479 οἴει
370 2424 532 2480 τοῦτο
558 2422 697 2478 εἷναι
719 2441 735 2491 ;
766 2424 880 2478 Οὐκ
907 2422 1084 2493 ἔγωγε
1111 2421 1285 2495 οἶμαι.
1318 2423 1487 2478 Ὅταν
1518 2424 1814 2478 ἀπόστολον
1839 2425 1920 2478 ετ-

249 2529 378 2584 πῃς,
399 2510 605 2575 εὐθέως
641 2510 844 2575 πάντες
881 2509 1044 2563 αὑτὸν
1082 2508 1373 2563 ἐννοοῦσινο
1407 2509 1536 2563 ὅταν
1569 2507 1917 2580 Βαπτιστὴν,

249 2597 448 2663 εὐθέως
520 2594 615 2651 τὸν
689 2595 963 2668 Ἰωάννην.
1036 2596 1159 2650 Τίνι
1228 2596 1292 2650 ἄν
1353 2610 1437 2660 τις
1507 2595 1799 2669 παραϐάλῃ
1852 2597 1922 2651 τά

249 2686 459 2743 ἐκείνου
492 2685 761 2763 μρήματας
790 2683 1057 2756 θαλάσσῃ,
1100 2684 1135 2756 ἦ
1167 2683 1263 2737 καὶ
1291 2681 1552 2754 ὠκεανῷ;
1595 2683 1738 2737 Ἀλλ’
1766 2684 1921 2738 οὐδὲν

252 2774 384 2831 ἴσον.
408 2771 596 2844 Πολλῷ
631 2771 838 2845 ταύτης
872 2771 1232 2843 δαψιλέστερα
1264 2770 1335 2824 τά
1371 2769 1622 2843 ῥεύματα
1642 2783 1669 2812 ι
1701 2771 1774 2826 τά
1799 2772 1923 2826 τού-

248 2882 360 2929 του,
392 2860 757 2935 καθαρώτερα
776 2859 872 2912 καὶ
903 2858 1196 2931 βαθύτερα,
1223 2857 1365 2912 ῶστε
1400 2859 1497 2912 καὶ
1524 2857 1802 2913 θάλασσαν
1825 2860 1920 2914 καὶ

250 2946 478 3024 οὐρανὸν
501 2950 606 3004 οὐκ
628 2948 695 3003 ἄν
721 2964 805 3012 τις
833 2947 1069 3018 ἁμάρτοι
1100 2946 1199 3019 τὴν
1232 2945 1447 2999 Παύλου
1472 2945 1701 3018 καρδίαν
1723 2946 1922 3014 είπὼνς

250 3040 312 3094 τὸ
350 3038 455 3112 μιν
489 3037 579 3094 διὰ
620 3036 683 3090 τὸ
727 3035 989 3108 καθαρὸν,
1026 3035 1087 3088 τὺ
1126 3035 1183 3087 δὲ
1222 3034 1310 3088 διὰ
1351 3033 1411 3087 τὸ
1460 3033 1619 3104 βαθύ.
1661 3034 1920 3091 Θάλασσά

255 3129 430 3196 ἔστιν,
480 3127 581 3182 οὐκ
633 3125 744 3179 άπδ
800 3123 1005 3187 πόλεως
1046 3123 1127 3187 εἰς
1164 3122 1319 3177 πόλιν
1372 3123 1582 3192 ἄγουσα
1635 3122 1763 3186 τοὺς
1818 3125 1919 3192 ἒμ-

260 3214 534 3280 πλέοντας,
562 3212 681 3268 ἀλλ’
704 3211 813 3266 άπὸ
843 3213 947 3281 γῆς
969 3213 1050 3275 εἰς
1074 3209 1324 3282 οὐρανόνο
1353 3210 1408 3264 εἴ
1426 3228 1511 3275 τις
1537 3209 1741 3282 ταύτην
1768 3210 1920 3264 πλέοι

256 3303 353 3375 τὴν
400 3301 697 3366 θάλασσαν,
746 3299 807 3367 ἐξ
854 3298 1046 3370 οὐρίας
1102 3297 1422 3352 πλεύσεται.
1487 3298 1577 3352 Ἐν
1625 3297 1797 3371 ταύτῃ
1851 3300 1918 3371 τῇ

253 3390 495 3463 θαλάσσῃ
537 3389 643 3444 οὐκ
686 3387 899 3458 ἄνεμοι,
939 3385 1054 3440 ἀλλ’
1099 3386 1221 3440 ἀντὶ
1258 3385 1478 3457 ἀνέμων
1522 3382 1749 3456 Πνεῦμα
1775 3385 1921 3439 θεῖον

251 3479 404 3549 ἅγιον
433 3477 534 3541 τὰς
578 3473 928 3547 δμπλεούσας
971 3473 1333 3545 παραπέμπει
1378 3472 1581 3544 ψυχάς*
1624 3474 1726 3526 οὐκ
1771 3471 1922 3528 ἐστιν

249 3564 485 3621 ἐνταῦθα
520 3563 773 3634 κύματα,
817 3552 919 3615 ούκ
950 3559 1068 3614 ἐστι
1112 3561 1397 3627 σκόπελος,
1440 3560 1543 3614 οὐκ
1580 3559 1697 3613 ἔστι
1731 3558 1916 3631 θηρία·

249 3653 434 3708 πάντα
459 3648 692 3721 γαληνάι
737 3648 997 3704 Θάλασσά
1033 3649 1152 3703 ἐστι
1191 3648 1411 3719 λιμένος
1438 3647 1782 3718 γαληνοτέρα
1824 3648 1922 3702 καὶ

252 3732 832 3809 άσφαλεστέρα,οὖδὲν
853 3736 1097 3808 ἁλμυρὸν
1130 3735 1331 3807 ἔχουσα
1349 3775 1366 3801 ,
1397 3734 1538 3790 ἀλλὰ
1566 3735 1751 3806 πηγὴν
1788 3733 1919 3808 [κα.

251 3827 433 3900 θαράν
460 3822 579 3897 καὶ]
603 3824 797 3895 ἣδιστα
820 3823 1055 3895 ῥέουσαν
1083 3823 1301 3894 νάματα
1317 3863 1334 3888 ,
1356 3823 1509 3894 ἡλίου
1533 3822 1921 3894 λαμπροτέραν

252 3919 352 3973 καὶ
370 3912 753 3983 διειδεοτέραψ
772 3909 1019 3966 θάλασσά
1032 3912 1171 3978 ἐστι,
1184 3908 1246 3965 οὐ
1262 3910 1444 3975 λίθους
1468 3910 1668 3982 ἔχουσα
1685 3909 1922 3981 τιμίους,

250 4005 374 4061 οὐδὲ
404 3998 697 4073 ἁλουργίδα
724 3998 1010 4072 τοιαύτην,
1042 3998 1180 4052 ἀλλὰ
1213 3998 1473 4069 κτήματα
1503 3996 1685 4068 πολλῷ
1715 3996 1924 4052 τούτων

252 4090 469 4167 βελτίω.
526 4086 584 4142 '0
626 4084 948 4158 βουλόμενος
987 4085 1069 4150 είς
1099 4082 1258 4139 τοῦτο
1299 4080 1548 4139 καθεῖναι
1585 4081 1650 4138 τό
1686 4082 1925 4154 πέλαγος

313 4194 340 4224 ⁸
370 4190 456 4242 Sic
475 4185 627 4239 Savil.
652 4191 813 4238 recte.
850 4184 1022 4237 Morel.
1049 4183 1111 4234 τὰ
1133 4184 1342 4250 ῥήματα.

1350 381 1423 446 IN
1460 389 1647 447 ALTA
1675 389 2222 457 APOSTGLORUM.
2264 392 2502 452 HOKZL.
2531 393 2643 451 LV.

3573 391 3682 451 δεδι

2018 514 2234 580 ἑαυτὸν,
2264 513 2328 568 ού
2355 510 2714 585 κολυμϐητῶν
2739 511 2930 575 δεῖται,
2957 509 3061 565 οὐκ
3081 509 3284 577 έλαίου,
3313 509 3455 567 ἀλλὰ
3474 511 3694 581 φιλοσο-

2018 602 2145 670 φίας
2174 601 2393 672 πολλῆς·
2420 601 2644 671 εὑρήσει
2673 601 2730 651 έν
2759 596 2910 668 αὐτῷ
2931 598 3107 651 πάντα
3130 597 3201 650 τὰ
3228 596 3409 666 ἀγαθά
3435 597 3507 651 τά
3534 601 3591 651 ὲν
3622 601 3688 669 τῇ

2019 688 2270 760 βασιλεία
2298 689 2406 742 τῶν
2437 687 2702 759 οὐρανῶν.
2749 685 2807 739 '0
2840 684 3082 748 τοιοῦτος
3107 683 3255 756 [416]
3286 685 3379 738 καὶ
3406 685 3695 757 δυνήσεται

2015 775 2273 844 γενέσθαι
2301 775 2577 848 βασιλεὺς,
2609 774 2703 827 καὶ
2731 772 2913 826 πάντα
2934 772 3026 825 τὸν
3050 772 3255 842 κόσμον
3282 773 3488 839 λαϐεῖν,
3518 774 3611 828 καὶ
3634 775 3694 826 ὲν

2015 864 2151 935 τιμῇ
2177 859 2315 917 εἶναι
2357 861 2618 934 μεγίστῃ·
2651 861 2679 912 ὁ
2716 859 2921 930 ταύτην
2958 858 3143 912 πλέων
3168 857 3269 929 τὴν
3299 858 3573 913 θάλασσαν
3599 859 3692 911 ού-

2016 949 2209 1004 δέποτε
2225 954 2482 1018 ναυάγιον
2503 949 2891 1018 ύποστήσεται,
2910 945 3045 999 ἀλλὰ
3063 944 3242 998 πάντα
3257 943 3462 998 εἰσεται
3484 945 3690 1010 καλῶς.

2031 1037 2171 1090 Ἀλλ’
2193 1036 2378 1107 ὥσπερ
2400 1037 2452 1089 οἱ
2471 1033 2675 1104 ταύτης
2696 1034 2914 1104 ἄπειροι
2937 1033 3036 1102 τῆς
3062 1031 3340 1102 θαλάσσης
3363 1032 3692 1100 ἀποπνίγον-

2016 1140 2129 1187 ται,
2155 1121 2299 1177 οὕτω
2323 1122 2387 1191 δὴ
2413 1123 2507 1175 καὶ
2531 1120 2784 1174 ἐνταῦθα’
2808 1121 2946 1190 ὅπερ
2973 1118 3038 1188 δὴ
3069 1118 3339 1188 πάσχουσι
3363 1116 3461 1170 καὶ
3486 1117 3693 1187 αἱρετι-

2019 1210 2106 1265 κοὶ
2126 1211 2237 1272 τοῖς
2258 1209 2399 1281 ὑπὲρ
2422 1209 2651 1280 δύναμιν
2679 1206 3075 1278 ἐγχειροῦντες.
3098 1208 3192 1258 Δεῖ
3218 1205 3284 1273 δὴ
3309 1205 3370 1259 τδ
3395 1204 3558 1276 βάθος
3579 1204 3693 1256 τοί-

2017 1312 2113 1353 νυν
2135 1297 2356 1358 είδέναι,
2394 1296 2429 1366 ἢ
2464 1296 2539 1367 μὴ
2567 1294 2936 1366 κατατολμᾷν.
2983 1293 3082 1348 Ἂν
3121 1293 3408 1364 μέλλωμεν
3440 1292 3596 1344 πλεῖν
3632 1289 3697 1344 τὸ

2020 1385 2256 1453 πέλαγος
2278 1382 2456 1447 τοῦτο,
2481 1380 2706 1446 εὔζωνοι
2721 1380 3030 1451 γενώμεθα.
3057 1382 3178 1435 Οὐκ
3194 1379 3512 1449 ἠδυνήθην
3528 1378 3697 1447 ὑμῖν,

2018 1473 2174 1543 φησὶ,
2202 1469 2473 1539 λαλῆσαι
2497 1470 2578 1536 ὡς
2607 1467 3052 1537 πνευματικοῖς,
3083 1468 3222 1523 ἀλλ’
3254 1467 3336 1531 ὡς
3358 1464 3692 1532 σαρκικοῖς.

2019 1558 2223 1629 Μηδεὶς
2245 1557 2623 1628 ἀκαρτέρητος
2657 1553 2818 1608 τοῦτο
2857 1553 3063 1607 πλείτω
3090 1553 3152 1606 τὸ
3213 1552 3469 1620 πέλαγος.
3512 1553 3699 1604 Κατα-

2022 1645 2388 1714 σκευάσωμεν
2421 1644 2638 1706 ἑαυτοῖς
2665 1641 2852 1704 πλοῖα,
2878 1640 3161 1694 τουτέστιν
3177 1638 3414 1710 σπουδὴν
3431 1678 3448 1703 ,
3497 1637 3700 1710 προθυ-

2025 1733 2176 1804 μίαν,
2204 1730 2391 1801 εύχάς,
2417 1729 2559 1783 ὥστε
2591 1728 2842 1782 διανύσαι
2865 1727 2935 1781 τὸ
2967 1726 3207 1796 πέλαγος
3245 1728 3302 1779 ὲν
3333 1725 3558 1797 ἡσυχίᾳ·
3603 1726 3699 1779 καὶ

2021 1820 2130 1892 γὰρ
2155 1819 2218 1873 τὸ
2242 1818 2389 1891 ὕδωρ
2409 1816 2568 1870 τοῦτο
2590 1815 2698 1881 ζῶν
2720 1814 2856 1869 ἐστι.
2881 1813 3149 1886 Καθάπερ
3173 1812 3227 1867 εἰ
3241 1830 3329 1877 τις
3350 1810 3522 1886 πυρὸς
3540 1812 3698 1866 λάϐοι

2024 1907 2219 1979 στόμα,
2249 1905 2422 1969 οὕτως
2453 1905 2482 1958 ό
2518 1902 2731 1959 Παῦλον
2762 1901 2917 1967 εἰδὼς
2957 1901 3253 1968 στομοῦται
3279 1899 3332 1937 δ’
3366 1899 3617 1971 καθάπερ
3648 1896 3704 1952 ει

2021 2010 2105 2058 τις
2135 1993 2411 2063 μάχαιραν
2423 1991 2602 2059 ὀξεῖαν
2632 1991 2769 2062 ἔχοι,
2796 1990 2969 2053 οὕτως
2997 1991 3026 2043 ό
3060 1989 3303 2052 τοιοῦτος
3328 1987 3491 2042 πάλιν
3517 1985 3695 2041 ἀκάθ-

2023 2099 2183 2147 εκτος
2236 2082 2470 2151 γίνεται.
2505 2080 2617 2135 Καὶ
2650 2080 2787 2151 πρὸς
2820 2078 2882 2132 τὸ
2908 2079 3099 2148 νοῆσαι
3136 2077 3192 2131 δὲ
3230 2077 3299 2129 τὰ
3327 2075 3540 2130 Παύλου
3577 2075 3695 2145 βίου

2023 2170 2268 2242 καθαροῦ
2317 2169 2507 2223 δεῖται.
2558 2167 2658 2222 Διά
2701 2167 2859 2221 τοῦτο
2908 2167 3004 2219 καὶ
3046 2165 3225 2234 ἔλεγε·
3271 2163 3587 2228 Γάλακτος
3628 2162 3699 2215 ἐν·

2022 2260 2196 2329 χρείᾳ
2232 2258 2583 2324 κατέστητε,
2613 2256 2743 2309 ἐπεὶ
2777 2252 2989 2324 νωθροὶ
3012 2254 3292 2323 γεγόνατε
3314 2250 3441 2316 ταῖς
3468 2248 3695 2315 ἀκοαῖς.

2025 2344 2182 2401 Ἐστι
2225 2346 2357 2415 γὰρ,
2407 2345 2558 2398 ἐστιν
2594 2344 2849 2397 ἀσθένεια
2898 2342 2998 2412 τῆς
3041 2341 3231 2411 ἀκοῆς.
3281 2338 3550 2407 Καθάπερ
3589 2336 3699 2407 γὰρ

2023 2434 2297 2505 στόμαχος
2342 2432 2443 2486 οὐκ
2476 2432 2545 2487 ἂν
2578 2430 2793 2496 δέξαιτο
2841 2427 3058 2498 ὑγιεινὰ
3096 2428 3242 2480 σιτία
3281 2426 3378 2479 καὶ
3399 2422 3702 2493 δυσκατέρ-

2020 2539 2198 2592 γαστα
2219 2560 2233 2586 ,
2267 2519 2501 2591 ἀσθενὴς
2539 2517 2637 2584 ὢν,
2682 2517 2827 2571 οὕτω
2857 2517 2951 2570 καὶ
2986 2514 3133 2585 ψυχὴ
3164 2511 3502 2583 ὁγκωθεῖσα,
3528 2509 3699 2579 c0157-

2024 2611 2310 2682 μαίνουσα,
2340 2608 2529 2671 ἄτονος
2560 2605 2831 2675 γενομένη
2866 2604 2961 2657 καὶ
3002 2601 3248 2664 ἔκλυτος,
3305 2600 3407 2652 οὐκ
3439 2597 3506 2651 ἂν
3532 2597 3697 2666 δυνη-

2021 2698 2141 2769 θείη
2173 2694 2431 2760 δέξασθαι
2474 2693 2567 2747 τὸν
2600 2690 2972 2763 πνευματικὸν
3002 2688 3181 2756 λόγον.
3230 2684 3567 2769 Ἀκουεῌτῶν
3602 2700 3702 2752 μα-

2021 2767 2199 2856 θητῶν
2226 2782 2526 2851 λεγόντων·
2560 2779 2833 2848 Σκληρός
2872 2777 3043 2831 ἐστιν
3079 2778 3113 2829 ὁ
3159 2775 3344 2843 λόγος
3383 2767 3580 2836 οὗτος·
3608 2770 3702 2835 τίς

2019 2872 2268 2926 δύναται
2290 2868 2475 2925 ὰύτοῦ
2510 2867 2756 2922 ἀκούειν
2767 2881 2786 2930 ;
2817 2867 2914 2918 Ἂν
2946 2864 3003 2917 δὲ
3044 2861 3240 2932 ἰσχυρά
3337 2859 3431 2912 κα)⁸
3462 2857 3697 2926 ὑγιεινὴ.

2023 2960 2201 3014 πάντα
2237 2959 2446 3030 ῥᾷστα,
2489 2955 2667 3010 πάντα
2710 2952 2941 3014 εῦκολα,
2990 2947 3301 3020 ὑψηλοτέρα
3346 2946 3554 3015 γίνεται
3603 2942 3700 2996 καὶ

2024 3044 2352 3116 κουφοτέρα,
2386 3043 2588 3114 μᾶλλον
2624 3038 3015 3112 μετεωρίζεται
3051 3037 3145 3090 καὶ
3174 3037 3254 3098 εἰς
3286 3032 3418 3103 ὕψος
3461 3031 3697 3100 αἴρεται.

2024 3131 2213 3188 Ταῦτα
2251 3126 2345 3186 οὖν
2379 3130 2577 3194 εἰδότες
2609 3125 2849 3198 ὑγιεινὴν
2878 3124 3036 3196 ἡμῶν
3070 3120 3571 3188 κατασκευάσωμεν
3600 3116 3701 3188 τὴν

2022 3218 2224 3291 ψυχὴν,
2266 3218 2360 3271 καὶ
2402 3215 2738 3287 ζηλώσωμεν
2780 3214 2873 3267 τὸν
2918 3209 3155 3274 Παῦλον,
3190 3208 3284 3262 καὶ
3329 3202 3701 3291 μιμησώμεθα

2025 3289 2134 3379 τὴν
2152 3289 2410 3376 γενναίαν
2447 3301 2791 3375 ὲκείνην’καὶ
2819 3298 3188 3371 ἀδαμαντίνην
3217 3295 3416 3366 ψυχήν·
3455 3293 3544 3379 ἶνα
3578 3289 3699 3379 κατ’

2030 3376 2176 3467 ἴχνος
2196 3393 2305 3448 τῶν
2330 3392 2523 3462 ἐκείνῳ
2539 3391 2886 3463 βεϐιωμένων
2910 3385 3285 3459 πορευόμενοι,
3306 3378 3621 3452 δυνηθῶμεν
3641 3376 3705 3467 τὸ

2026 3466 2267 3550 πέλαγος
2315 3478 2411 3534 τοῦ
2457 3478 2727 3551 παρόντος
2773 3476 2891 3547 βίου
2930 3470 3266 3528 διαπλεῦσαι
3290 3507 3306 3532 ,
3350 3469 3447 3522 καὶ
3491 3467 3569 3529 είς
3608 3466 3703 3518 τὸν

2025 3568 2340 3640 ἀκύμαντον
2370 3566 2570 3638 λιμένα
2600 3564 2970 3633 καταντῆσαι,
3006 3558 3103 3613 καὶ
3133 3558 3243 3611 τῶν
3273 3552 3703 3625 ἐπηγγελμένων

2025 3655 2250 3725 ἀγαθῶν
2268 3657 2381 3718 τοῖς
2401 3653 2571 3718 ἀξίως
2588 3651 2683 3705 τοῦ
2706 3648 2945 3721 Χριστοῦ
2965 3645 3172 3719 βιοῦσιν
3192 3644 3492 3713 ἐπιτυχεῖν,
3515 3640 3702 3725 χάριτι

2026 3723 2121 3796 καὶ
2158 3739 2544 3812 φιλανθρωπίᾳ
2599 3735 2696 3792 τοῦ
2739 3734 2949 3808 Κυρίου
2991 3729 3155 3804 ἡμῶν
3204 3728 3382 3801 Ἰησοῦ
3426 3723 3700 3798 Χριστοῦ,

2029 3830 2150 3902 μεθ’
2181 3823 2244 3886 οὗ
2267 3828 2347 3898 τῷ
2379 3828 2560 3899 Πατρὶ
2583 3825 2702 3898 ἅμα
2726 3822 2804 3896 τῷ
2826 3822 2970 3895 άγίῳ
2992 3820 3272 3892 Πνεύματι
3295 3816 3446 3882 δόξα,
3473 3812 3699 3885 κράτος,

2021 3920 2183 3991 τιμὴ,
2212 3918 2309 3975 νῦν
2353 3919 2450 3974 καὶ
2490 3916 2613 3984 ad,
2647 3916 2744 3969 καὶ
2778 3915 2860 3978 εἰς
2899 3915 3028 3978 τοὺς
3077 3909 3284 3973 αἰῶνας
3317 3905 3428 3961 τῶν
3463 3903 3698 3959 αἰώνων.

2036 4010 2234 4081 ’Δμήν.

2088 4110 2119 4152 δ
2152 4109 2339 4161 Omnes
2364 4108 2472 4158 fere
2492 4120 2630 4163 mss..
2652 4107 2805 4162 οὕτως
2838 4107 2868 4154 δ
2888 4101 3086 4154 Παῦλον
3106 4101 3245 4158 εἰδὼς
3261 4093 3544 4160 στομοῦται.
3568 4088 3701 4143 Εάίίῖ

2026 4174 2055 4223 ό
2078 4169 2276 4227 Παῦλος
2297 4170 2422 4227 εἶδος
2442 4168 2727 4233 στομοῦται,
2750 4166 2955 4219 obscura
2974 4163 3145 4214 dictio.
