4112 6454
456 406 570 465 εδδ
1902 391 2280 452 PBAEFATIO
3644 396 3751 453 ass

469 540 3745 590 Μ

1544 771 2663 931 PBZEFATIO

1846 1071 1957 1134 AD
2013 1070 2382 1134 HOMILIAS

928 1288 1084 1401 IN
1172 1283 2076 1399 EPISTOLAM
2186 1284 2388 1397 AD
2500 1281 3281 1398 ROMANOS.

1782 1546 2472 1581 M90..—

540 1771 689 1828 lnter
708 1770 1068 1843 elegantiores
1089 1758 1647 1851 et'praestantissimas
1675 1766 2049 1840 Chrysostomi
2081 1766 2376 1823 conciones
2404 1763 2653 1820 Humilia:
2693 1765 2749 1820 in
2782 1764 3078 1835 Epistulam
3108 1765 3179 1822 ad
3204 1767 3482 1824 Romanos
3514 1782 3759 1826 censen-

469 1876 581 1922 tur.
637 1865 730 1923 llis
776 1868 922 1921 enim
973 1866 1285 1922 accuratius
1342 1864 1738 1921 concinnandis
1786 1879 2010 1934 operam
2069 1862 2226 1918 Dedit
2264 1861 2455 1916 doctor
2508 1868 2717 1922 noster,
2753 1859 2882 1930 quia
2924 1859 2979 1913 in
3016 1859 3119 1915 hac
3154 1860 3382 1931 epistola
3420 1878 3519 1917 sua
3558 1862 3762 1919 Paulus

463 1960 700 2015 obscura
760 1960 1170 2029 humanumque
1219 1960 1566 2016 ratiocinium
1618 1957 2007 2029 exsuperantia
2048 1958 2220 2013 multa
2261 1955 2650 2019 admiscuerat,
2682 1968 2805 2023 quae
2854 1954 3141 2025 ingenioso
3183 1970 3249 2010 ac
3304 1965 3532 2012 strenuo
3581 1957 3755 2013 inter-

465 2059 623 2121 prete
648 2067 787 2121 opus
813 2053 1038 2108 habent.
1071 2051 1423 2125 Explicandis
1450 2049 1666 2105 arcanis
1695 2049 1801 2103 illis
1831 2049 2126 2119 mysteriis,
2150 2063 2272 2119 quae
2301 2050 2502 2118 passim
2529 2050 2584 2105 in
2616 2052 2718 2107 hac
2745 2052 2897 2108 Pauli
2929 2052 3158 2122 epistola
3196 2062 3517 2120 occurrunt,
3549 2060 3755 2109 tantam

464 2138 708 2200 Joannes
762 2153 952 2202 noster
996 2144 1254 2200 adhibuit
1303 2158 1551 2213 Operam,
1607 2150 1664 2196 ut
1717 2139 1805 2195 vix
1853 2155 2042 2211 parem
2098 2140 2155 2195 in
2204 2139 2423 2211 scriptis
2474 2141 2597 2212 ejus
2645 2142 3049 2213 deprehendas.
3096 2144 3166 2199 Et
3196 2152 3348 2199 certe
3382 2143 3549 2199 multa
3581 2144 3636 2198 in
3668 2131 3757 2198 illa

470 2240 746 2297 habentur
774 2238 922 2294 circa
949 2239 1180 2309 gratiam
1235 2245 1293 2291 et
1332 2232 1890 2305 priedestinationem,
1927 2250 2051 2304 quae
2092 2233 2550 2305 peritissimorum
2597 2234 2816 2307 ingenia
2860 2244 3173 2301 exerceant,
3206 2251 3437 2307 qumque
3487 2252 3598 2291 non
3638 2238 3764 2292 sine

467 2333 696 2389 errandi
730 2331 977 2403 periculo
1006 2329 1229 2385 tractari
1259 2336 1514 2399 possunt,
1536 2327 1644 2382 nisi
1670 2342 1866 2399 magna
1897 2326 2080 2382 cautio
2107 2326 2455 2383 adhibeatur.
2482 2326 2676 2382 Mirum
2717 2336 2985 2398 quantum
3020 2328 3271 2385 homilias
3309 2330 3473 2385 hasce
3523 2329 3766 2386 Isidorus

470 2427 746 2484 Pelusiota
777 2426 1161 2489 celebraverit,
1191 2426 1283 2495 qui
1316 2425 1396 2479 sic
1426 2424 1591 2479 habet
1611 2423 1707 2478 lib.
1740 2423 1774 2478 5
1796 2425 1850 2477 in
1876 2421 2094 2493 Epistol:

2145 2422 2216 2478 52
2242 2423 2308 2478 ad
2340 2421 2609 2478 Isidorum
2644 2423 2937 2478 diaconum
2966 2443 2982 2480 :
3014 2424 3102 2478 Ἐν
3131 2428 3197 2496 τῇ
3228 2425 3495 2499 ἑρμηνείᾳ
3522 2428 3590 2497 τῇ
3624 2441 3763 2497 προς

479 2518 789 2590 Ῥωμαίους
834 2519 1069 2589 μάλιστα
1099 2519 1132 2589 ἡ
1168 2517 1419 2571 Ἰωάννου
1448 2515 1540 2570 τοῦ
1577 2514 1856 2584 ππνσόςρου
1894 2514 2058 2584 σοφία
2091 2513 2543 2586 τεθησαύρισται·
2590 2511 2744 2586 οἶμαι
2771 2515 2903 2588 γὰρ,
2931 2516 3027 2571 καὶ
3061 2517 3137 2588 μή
3177 2535 3261 2581 τις
3293 2516 3433 2588 πρὸς
3480 2518 3643 2590 χάριν
3671 2518 3764 2572 λε-

468 2629 595 2684 γειν
643 2609 933 2684 νομιζέτω,
968 2611 1052 2664 ὅτι
1097 2612 1147 2665 sl
1190 2609 1220 2662 ὁ
1276 2606 1491 2672 Παῦλος
1554 2611 1582 2660 ὁ
1632 2606 1921 2667 θεσπέσιος
1972 2605 2227 2676 Ἀττικὴν
2276 2605 2468 2676 εζληφε
2513 2605 2786 2674 γλῶτταν,
2832 2605 2976 2660 ὥστε
3022 2607 3214 2661 ἑαυτὸν
3252 2607 3612 2681 ἑρμηνεῦσαι.
3662 2611 3767 2665 οὐκ

472 2707 543 2761 ἃν
573 2706 747 2771 ἄλλως
776 2705 1148 2778 ήρμήνευσεν,
1184 2702 1218 2775 ἢ
1249 2703 1326 2767 ὡς
1357 2704 1385 2755 ὁ
1416 2701 1817 2772 προειρημένος
1839 2698 2089 2770 ἀοίδιμος
2128 2700 2301 2771 ἀνήρ’
2328 2698 2475 2753 οὕτω
2507 2698 2603 2753 καὶ
2636 2700 2844 2771 ὲνθυμή
2855 2718 3010 2771 μασι,
3049 2701 3142 2755 καὶ⁵
3178 2701 3366 2756 κάλλει
3388 2703 3482 2756 καὶ
3516 2703 3770 2773 κυριολε-

474 2797 566 2871 ξξᾳ
594 2798 936 2870 κεκόσμηται
958 2798 992 2868 ἡ
1023 2795 1313 2869 ἑρμηνεία.
1342 2795 1401 2849 Id
1428 2804 1513 2849 est
1539 2813 1551 2848 :
1593 2793 1659 2848 In
1688 2795 2070 2847 commentario

2144 2795 2333 2847 taxime
2368 2795 2423 2847 in
2454 2792 2755 2871 Epistolam
2783 2795 2855 2847 ad
2886 2793 3152 2849 Romanos
3180 2795 3515 2866 sagacissimi
3540 2795 3768 2851 Joannis

469 2890 752 2960 sapientia:
799 2888 1036 2945 thesauri
1090 2887 1574 2956 deprehenduntur.
1635 2885 1773 2939 Puto
1828 2885 2011 2951 enim;
2060 2901 2125 2938 ac
2170 2901 2233 2938 ne
2290 2886 2407 2956 quis
2462 2902 2544 2939 me
2598 2888 2671 2940 ad
2726 2887 2962 2958 gratiam
3021 2886 3164 2958 loqui
3222 2891 3544 2945 existimet:
3580 2907 3627 2944 ss
3683 2889 3771 2944 di.

471 2987 627 3040 vinus
678 2981 878 3038 Paulus
934 2982 1114 3036 Attica
1170 2998 1296 3035 usus
1339 2980 1522 3051 lingua
1575 2980 1915 3048 semetipsum
1974 2978 2353 3049 interpretatus
2404 2979 2612 3047 fuisset,
2669 2995 2771 3033 non
2817 2979 2927 3033 alio
2976 2982 3131 3034 modo
3177 2983 3538 3051 expositurum
3585 2984 3770 3054 fuisse,

476 3091 642 3150 quam
686 3081 1010 3128 memoratas
1052 3072 1362 3142 conspicuus
1384 3070 1462 3124 vir
1490 3086 1510 3125 :
1535 3071 1611 3123 ita
1649 3085 1834 3137 nempe
1866 3085 2042 3135 sensu,
2072 3070 2338 3140 elegantia
2370 3080 2417 3124 et
2453 3070 2731 3127 verborum
2758 3072 3085 3142 proprietate
3110 3073 3225 3143 ejus
3254 3075 3626 3145 interpretatio
3673 3096 3772 3134 ον-

478 3179 667 3228 natur.
3311 3214 3317 3218 .

548 3259 652 3316 Alii
685 3272 904 3328 quoque
928 3256 1073 3313 docti
1096 3255 1196 3311 viri
1227 3255 1476 3312 eamdem
1519 3256 1588 3312 de
1624 3255 1775 3311 hisce
1800 3256 2162 3312 conciunibus
2190 3254 2522 3311 sententiam
2553 3258 2861 3329 proferunt.
2897 3260 3102 3317 Omnes
3128 3261 3363 3332 denique
3390 3263 3482 3320 hic
3510 3279 3767 3336 magnam

481 3357 686 3434 ingenii
718 3353 1100 3420 subtilitatem,
1134 3355 1330 3411 orandi
1361 3356 1471 3410 vim
1502 3363 1558 3411 et
1586 3353 1911 3426 elegantiam
1939 3352 2386 3423 deprehendunt,
2411 3359 2581 3423 atque
2609 3354 2852 3410 nativam
2886 3356 3005 3427 ejus
3039 3355 3425 3426 eloquentiam,
3450 3357 3763 3429 stylumquo

476 3451 696 3509 ceteris
721 3448 1099 3518 Chrysostomi
1136 3448 1394 3518 operibus
1416 3448 1497 3503 sic
1526 3447 1767 3511 alIinem,
1798 3455 1857 3500 ut
1877 3462 1987 3501 non
2016 3445 2086 3501 sit
2110 3461 2274 3501 ovum
2301 3460 2407 3502 ovo
2440 3447 2673 3503 similius
2710 3460 2727 3502 :
2758 3449 2833 3504 ita
2861 3459 2922 3505 ut
2949 3464 3019 3506 ne
3043 3465 3186 3506 unus
3219 3450 3442 3522 quidem
3472 3452 3772 3511 dubitave-

481 3544 576 3611 rit,
613 3540 745 3613 quin
775 3538 881 3592 hoc
901 3536 974 3590 sit
1001 3552 1193 3592 verum
1216 3547 1273 3594 et
1294 3554 1618 3611 germanum
1641 3536 2021 3609 Chrysostomi
2052 3551 2216 3605 opus.
3232 3523 3246 3536 ’

554 3637 672 3692 Non
700 3654 799 3710 par
825 3648 1133 3693 consensus
1164 3632 1494 3703 scriptorum
1525 3640 1609 3688 est
1640 3632 1785 3685 circa
1817 3629 2020 3697 locum,
2052 3629 2144 3685 ubi
2174 3630 2338 3685 hasce
2369 3631 2665 3687 conciones
2695 3631 2886 3688 habuit
2912 3632 3354 3704 Chrysostomus.
3390 3634 3541 3710 [H8]
3561 3635 3774 3703 Queri-

480 3736 574 3785 tur
604 3729 772 3793 enim,
800 3727 1180 3787 Antiochiatne
1205 3742 1275 3781 an
1310 3725 1784 3795 Constantinopoli
1819 3723 1937 3778 haec
1960 3723 2356 3792 pmdicaverit.
2394 3723 2630 3781 Savilius
2660 3727 2964 3782 Antiochia:
2990 3727 3166 3784 dictas
3190 3728 3455 3785 Homilias
3483 3730 3549 3786 ad
3573 3732 3775 3787 Roma.

481 3834 586 3874 nos
615 3819 787 3875 fuisse
811 3819 1095 3890 opinatur,
1128 3816 1458 3873 auctoritate
1483 3817 1683 3871 ductus
1710 3814 1913 3879 Pbotii,
1938 3813 2029 3884 qui
2064 3814 2142 3871 ait
2167 3814 2541 3872 Antiochenas
2577 3817 2952 3890 Chrysostomi
2984 3819 3236 3875 homilias
3262 3821 3771 3897 ConstantinOpoli-

483 3911 632 3969 tauis
652 3911 897 3981 ejusdem
936 3924 1060 3966 esse
1085 3908 1473 3980 elegantiores.
1500 3906 1639 3964 Cum
1670 3907 1883 3962 videret
1910 3922 2042 3978 ergo
2065 3905 2302 3961 Savilius
2332 3908 2432 3963 bas
2461 3909 2756 3964 conciones
2786 3918 3050 3979 praestare
3071 3909 3298 3977 salibus,
3331 3915 3515 3971 nervis
3558 3924 3614 3971 et
3655 3918 3774 3973 elo-

480 4004 728 4076 quentia,
765 4001 1071 4057 Antiochiae
1099 3999 1458 4056 concinnatas
1502 4007 1558 4054 et
1592 3997 1810 4053 habitas
1826 3992 2011 4052 luisse
2041 3996 2443 4066 pronuntiavit.
2469 3996 2672 4053 Verum
2710 3999 2826 4054 haec
2856 3998 3037 4055 Photii
3073 4007 3202 4055 nota
3230 4002 3442 4066 critica,
3476 4021 3599 4077 qua:
3626 4022 3777 4079 sape

482 4114 613 4155 vera
642 4112 766 4153 esse
808 4097 1220 4167 comprobatur,
1256 4093 1551 4151 nonnullas
1590 4092 1757 4147 habet
1783 4091 2157 4160 exceptiones.
2198 4091 2506 4160 Aliquando
2542 4093 2689 4146 enim
2735 4091 3362 4167 Constantinopolitante
3393 4097 3771 4175 Chrysostomi

482 4191 779 4249 conciones
806 4190 1054 4262 quaedam
1088 4187 1329 4243 homiliis
1354 4186 1563 4257 aliquot
1592 4184 1953 4239 Antiochenis
1976 4184 2244 4256 elegantia
2281 4194 2411 4239 sunt
2432 4186 2857 4255 anteponendas.

555 4281 938 4338 'l‘illemontius
961 4281 1218 4357 νει-ο,ηυί
1245 4279 1436 4351 maiori
1467 4280 1820 4334 accuratione
1848 4287 1906 4335 et
1927 4276 2225 4346 sagacitate
2253 4295 2341 4333 res
2366 4288 2600 4334 tractare
2627 4279 2786 4344 solet,
2810 4280 2988 4336 allatis
3012 4281 3140 4338 hinc
3164 4291 3221 4338 et
3245 4282 3377 4340 inde
3395 4283 3772 4359 Chrysostomi

482 4369 640 4436 locis,
666 4378 724 4426 et
750 4369 995 4426 excussis
1019 4369 1276 4438 utrinque
1301 4366 1627 4433 rationibus,
1655 4382 1957 4438 suspensus
1988 4368 2180 4433 haeret,
2207 4383 2313 4423 nec
2335 4367 2607 4424 atlirmare
2637 4369 2822 4435 audet,
2861 4378 2983 4426 utra
3010 4373 3066 4426 in
3092 4372 3317 4433 civitate
3361 4377 3446 4435 hae
3474 4382 3774 4440 conciones

476 4466 645 4523 dictae
668 4464 892 4519 fuerint.
922 4461 1127 4517 Verum
1155 4460 1583 4532 Chrysostomus
1618 4468 1810 4529 aperte
1855 4458 1991 4515 dicit
2017 4467 2075 4514 et
2108 4473 2168 4513 se
2193 4468 2247 4514 et
2283 4459 2564 4515 auditores
2606 4473 2736 4515 suos
2778 4469 3054 4530 pastorem
3086 4462 3312 4534 habere,
3344 4468 3534 4539 utique
3560 4471 3778 4528 Flaviae

483 4573 642 4624 num,
673 4556 831 4628 queis
860 4553 1132 4623 signiﬁcat
1161 4567 1220 4608 se
1258 4552 1639 4624 presbyterum
1668 4551 1977 4608 Antiochia:
1999 4551 2355 4608 concionare.
2384 4551 2468 4606 En
2501 4552 2624 4622 ejus
2656 4552 2821 4608 verba
2849 4552 3072 4609 homilia
3113 4565 3304 4613 octava
3341 4560 3468 4631 (col.
3496 4564 3624 4635 464)
3655 4583 3670 4620 :
3705 4567 3777 4622 Τε

482 4652 696 4720 λέγειςς
748 4651 882 4722 ὁρᾷς
929 4647 1141 4712 πάντας
1194 4648 1343 4719 ἡμᾶς
1393 4646 1501 4700 ὑπὸ
1550 4648 1664 4709 τοῖς
1697 4648 1883 4712 αὐτοῖς
1918 4648 2158 4718 τείχεσιν
2198 4648 2380 4711 ὄντας,
2418 4646 2526 4701 ὑπὸ
2571 4647 2665 4701 τὸν
2707 4648 2875 4703 αὐτὸν
2916 4652 3017 4721 τῆς
3066 4651 3369 4724 ἐκκλησίας
3421 4660 3612 4730 σηκὸν,
3667 4663 3780 4719 aut;

480 4745 586 4817 τὴν
615 4744 789 4816 αὐτὴν
821 4743 1064 4814 μάνδραν
1102 4741 1224 4814 μεθ’
1242 4741 1499 4812 ὁμονοίας
1532 4741 1800 4807 ἑστῶτας,
1831 4741 2023 4796 οὐδένα
2053 4742 2388 4813 μαχόμενον,
2418 4741 2524 4795 ὑπὸ
2553 4741 2633 4813 τῷ
2667 4741 2820 4812 αὐτῷ
2854 4742 3097 4813 ποιμένι,
3126 4749 3281 4818 κοινῇ
3320 4747 3585 4819 βοῶντας.
3618 4756 3774 4829 κοινῇ

481 4839 592 4893 τῶν
633 4837 953 4918 λεγομένων
994 4836 1405 4908 ἀκροωμένους,
1443 4839 1599 4908 κοινῇ
1631 4837 1731 4901 τὰς
1758 4836 1925 4905 εὐχὰς
1956 4835 2408 4909 ἀναπέμποντας,
2441 4836 2539 4891 καὶ
2568 4835 2754 4908 μάχης
2797 4835 3077 4908 μέμνησαι
3118 4837 3216 4892 καὶ
3248 4840 3530 4911 στάσεως;
3575 4845 3776 4918 nam;

487 4916 798 5002 μέμνημαι,
833 4929 930 4983 καὶ
970 4928 1034 4981 οὐ
1076 4927 1345 4999 μαίνομαι
1387 4926 1509 4981 οὐδὲ
1546 4928 1838 4998 ἐξέστηκα.
1888 4927 2033 4999 ὀρῶ
2072 4928 2175 4999 μὲν
2211 4927 2317 4998 γὰρ
2348 4927 2385 4982 ἃ
2414 4927 2545 5000 ὁρῶ,
2586 4929 2680 4982 καὶ
2710 4922 2849 4995 οἶδα,
2887 4928 2971 4982 ὅτι
3011 4928 3119 4983 ὑπὸ
3149 4930 3242 4983 τὸν
3273 4931 3441 5003 σηκὸν
3484 4933 3579 4988 τὸν
3608 4916 3776 4993 αυτόν

480 5023 653 5094 ἐσμεν
681 5022 777 5076 καὶ
804 5022 896 5076 τὸν
923 5021 1177 5092 ποιμένα.
1209 5021 1269 5077 Id
1299 5030 1386 5078 est
1415 5038 1428 5074 :
1459 5018 1598 5088 Quid
1628 5022 1709 5075 ais
1731 5021 1757 5075 .7
1790 5038 1882 5077 nos
1907 5037 2086 5077 omnes

2149 5020 2430 5105 idesgintra
2457 5022 2664 5076 eosdem
2694 5022 2944 5089 parietes,
2974 5022 3031 5076 in
3075 5038 3181 5076 uno
3227 5025 3513 5097 eodemque
3542 5027 3773 5085 ecclesia

480 5126 653 5186 septo,
679 5117 736 5170 in
775 5117 951 5170 eodem
980 5115 1106 5170 ovili
1141 5116 1547 5171 concordissime
1570 5126 1860 5182 versantes,
1887 5118 2149 5171 neminem
2181 5125 2527 5188 pugnantem,
2564 5115 2658 5170 sub
2680 5117 2862 5187 eodem
2891 5125 3125 5186 pastore,
3164 5116 3330 5189 simul
3356 5117 3666 5187 clamantes,
3698 5122 3774 5177 si-

483 5209 598 5264 mul
623 5210 767 5264 dicta
799 5211 1095 5277 audientes,
1126 5210 1287 5264 simul
1314 5227 1493 5280 preces
1526 5211 1840 5274 emittentes,
1875 5220 1924 5264 et
1954 5227 2189 5283 pugnant
2217 5211 2630 5280 seditionemque
2664 5210 2972 5264 memoras?
3002 5206 3252 5281 Pngnam
3278 5227 3531 5277 memoro,
3567 5228 3660 5266 nec
3683 5213 3771 5266 in-

478 5303 655 5366 sanio,
692 5319 785 5357 nec
814 5312 985 5357 mente
1022 5312 1209 5372 captus
1247 5320 1389 5358 sum.
1423 5303 1580 5359 Video
1606 5305 1745 5358 enim
1779 5304 1874 5357 illa
1909 5320 2026 5372 qua:
2062 5305 2231 5371 uideo,
2253 5303 2464 5373 scioque
2493 5319 2586 5356 nos
2609 5302 2703 5356 sub
2737 5303 2919 5357 eodem
2954 5312 3101 5372 septo
3128 5320 3237 5358 esse
3272 5312 3321 5358 et
3360 5313 3592 5375 pastore.
3625 5304 3770 5371 Quid

479 5394 727 5452 clarius?
752 5395 1123 5451 Concionator
1149 5396 1266 5467 ipse
1304 5393 1733 5467 Cbrysostomus
1757 5397 1987 5467 perinde
2016 5405 2182 5467 atque
2210 5396 2446 5468 populus
2480 5395 2583 5451 sub
2609 5404 2831 5466 pastore
2856 5404 2960 5463 est,
2990 5411 3193 5466 nempe
3232 5397 3336 5453 sub
3365 5394 3628 5453 Flaviano
3651 5397 3771 5469 epi-

478 5500 673 5557 scopo,
703 5484 1048 5556 proindeque
1078 5485 1459 5541 Antiochcnos
1482 5487 1795 5556 alloquitur,
1820 5501 1932 5540 non
1961 5494 2146 5542 autem
2174 5487 2839 5557 Constantinopolitanos,
2868 5503 3103 5558 quorum
3136 5487 3274 5560 ipse,
3301 5488 3432 5545 dum
3454 5487 3771 5546 Constanti-

478 5578 663 5647 nopoli
696 5588 866 5644 esset,
895 5588 1082 5650 pastor
1105 5579 1416 5651 praecipuus
1450 5589 1508 5635 et
1529 5581 1821 5651 episcopus
1848 5596 2066 5651 semper
2089 5581 2209 5637 fuit.
2240 5581 2301 5636 In
2336 5581 2524 5637 multis
2553 5582 2792 5637 antehac
2828 5582 3085 5647 homiliis,
3121 5582 3214 5637 ubi
3250 5590 3529 5652 pastorem
3575 5596 3771 5652 supre-

482 5679 633 5722 mum
664 5668 957 5724 memorari
987 5668 1498 5733 animadvertimus,
1522 5669 1708 5726 statim
1740 5669 2062 5727 concionem
2091 5671 2397 5728 Antiochia:
2421 5671 2661 5729 habitam
2695 5670 2866 5731 fuisse
2890 5688 3016 5728 cum
3048 5671 3403 5730 Tillemontio
3441 5670 3771 5744 pronuntia-

483 5768 687 5812 minus.

553 5846 715 5913 Quid,
753 5848 898 5919 quod
961 5847 1124 5904 etiam
1180 5865 1242 5906 sc
1295 5847 1599 5910 Antiochiae
1654 5853 2073 5911 concionantcm
2129 5871 2250 5914 esse
2296 5871 2399 5913 nec
2443 5856 2677 5914 obscure
2727 5855 2836 5912 alio
2879 5855 2933 5911 in
2979 5857 3101 5914 loco
3144 5854 3460 5928 signiﬁcat?
3516 5856 3575 5914 ld
3614 5863 3768 5913 certe
