  <div class='ocr_page' id='page_1' title='image "/cluster/home/n/w/nwhite01/storage/ocr_20150623/60:no.9/coo.31924054869601/390.png"; bbox 0 0 4112 6470; ppageno 0'>
   <div class='ocr_carea' id='block_1_1' title="bbox 297 410 3619 489">
    <p class='ocr_par' dir='ltr' id='par_1_1' title="bbox 297 410 3619 489">
     <span class='ocr_line' id='line_1_1' title="bbox 297 410 3619 489; baseline -0.001 -14"><span class='ocrx_word' id='word_1_1' title='bbox 297 423 424 480; x_wconf 70' lang='grc'><strong>387</strong></span> <span class='ocrx_word' id='word_1_2' title='bbox 1411 415 1504 470; x_wconf 81' lang='lat' dir='ltr'><strong>AD</strong></span> <span class='ocrx_word' id='word_1_3' title='bbox 1543 413 1779 473; x_wconf 76' lang='lat' dir='ltr'><strong>HOMIL.</strong></span> <span class='ocrx_word' id='word_1_4' title='bbox 1825 415 1895 471; x_wconf 78' lang='grc' dir='ltr'><strong>ΙΝ</strong></span> <span class='ocrx_word' id='word_1_5' title='bbox 1936 415 2157 474; x_wconf 84' lang='lat' dir='ltr'><strong>EPIST.</strong></span> <span class='ocrx_word' id='word_1_6' title='bbox 2196 420 2286 474; x_wconf 81' lang='lat' dir='ltr'><strong>AD</strong></span> <span class='ocrx_word' id='word_1_7' title='bbox 2325 419 2491 489; x_wconf 79' lang='lat' dir='ltr'><strong>ROM,</strong></span> <span class='ocrx_word' id='word_1_8' title='bbox 3500 410 3619 472; x_wconf 32' lang='lat'><strong>588‘</strong></span> 
     </span>
    </p>
   </div>
   <div class='ocr_carea' id='block_1_2' title="bbox 286 526 3611 607">
    <p class='ocr_par' dir='ltr' id='par_1_2' title="bbox 286 526 3611 607">
     <span class='ocr_line' id='line_1_2' title="bbox 286 526 3611 607; baseline -0.001 -15"><span class='ocrx_word' id='word_1_9' title='bbox 286 536 434 607; x_wconf 79' lang='lat' dir='ltr'><strong>ipso</strong></span> <span class='ocrx_word' id='word_1_10' title='bbox 461 531 819 587; x_wconf 84' lang='lat' dir='ltr'><strong>Tillemoutio</strong></span> <span class='ocrx_word' id='word_1_11' title='bbox 854 531 994 586; x_wconf 87' lang='lat' dir='ltr'><strong>duce</strong></span> <span class='ocrx_word' id='word_1_12' title='bbox 1039 527 1549 593; x_wconf 72' lang='lat' dir='ltr'><strong>animadvertimus,</strong></span> <span class='ocrx_word' id='word_1_13' title='bbox 1584 528 1805 583; x_wconf 86' lang='lat' dir='ltr'><strong>homilia</strong></span> <span class='ocrx_word' id='word_1_14' title='bbox 1833 542 2034 597; x_wconf 87' lang='lat' dir='ltr'><strong>nempe</strong></span> <span class='ocrx_word' id='word_1_15' title='bbox 2064 528 2338 598; x_wconf 77' lang='lat' dir='ltr'><strong>trigesima</strong></span> <span class='ocrx_word' id='word_1_16' title='bbox 2369 527 2498 598; x_wconf 84' lang='lat' dir='ltr'><strong>(col.</strong></span> <span class='ocrx_word' id='word_1_17' title='bbox 2531 526 2681 598; x_wconf 87' lang='lat'><strong>666),</strong></span> <span class='ocrx_word' id='word_1_18' title='bbox 2715 527 2807 582; x_wconf 87' lang='lat' dir='ltr'><strong>ubi</strong></span> <span class='ocrx_word' id='word_1_19' title='bbox 2851 529 2932 584; x_wconf 88' lang='lat' dir='ltr'><strong>sic</strong></span> <span class='ocrx_word' id='word_1_20' title='bbox 2959 527 3223 599; x_wconf 83' lang='lat' dir='ltr'><strong>populum</strong></span> <span class='ocrx_word' id='word_1_21' title='bbox 3269 527 3569 600; x_wconf 71' lang='lat' dir='ltr'><strong>alloquitur</strong></span> <span class='ocrx_word' id='word_1_22' title='bbox 3590 547 3611 588; x_wconf 84' lang='lat'><strong><em>:</em></strong></span> 
     </span>
    </p>
   </div>
   <div class='ocr_carea' id='block_1_3' title="bbox 285 618 3608 701">
    <p class='ocr_par' dir='ltr' id='par_1_3' title="bbox 285 618 3608 701">
     <span class='ocr_line' id='line_1_3' title="bbox 285 618 3608 701; baseline -0.002 -17"><span class='ocrx_word' id='word_1_23' title='bbox 285 634 350 685; x_wconf 80' lang='grc' dir='ltr'><strong>ει</strong></span> <span class='ocrx_word' id='word_1_24' title='bbox 401 630 515 701; x_wconf 83' lang='grc' dir='ltr'><strong>γὰρ</strong></span> <span class='ocrx_word' id='word_1_25' title='bbox 559 628 704 698; x_wconf 71' lang='grc' dir='ltr'>μετὰ</span> <span class='ocrx_word' id='word_1_26' title='bbox 744 623 1001 678; x_wconf 82' lang='grc' dir='ltr'>τοσοῦτον</span> <span class='ocrx_word' id='word_1_27' title='bbox 1035 622 1229 694; x_wconf 85' lang='grc' dir='ltr'>χρόνον</span> <span class='ocrx_word' id='word_1_28' title='bbox 1263 623 1549 687; x_wconf 73' lang='grc' dir='ltr'><strong>εἰσιόντες,</strong></span> <span class='ocrx_word' id='word_1_29' title='bbox 1580 621 1710 675; x_wconf 69' lang='grc' dir='ltr'>ἔνθα</span> <span class='ocrx_word' id='word_1_30' title='bbox 1741 620 1926 690; x_wconf 71' lang='grc' dir='ltr'>ἔμεινε</span> <span class='ocrx_word' id='word_1_31' title='bbox 1962 618 2199 686; x_wconf 80' lang='grc' dir='ltr'><strong>Παῦλος,</strong></span> <span class='ocrx_word' id='word_1_32' title='bbox 2242 620 2373 674; x_wconf 70' lang='grc' dir='ltr'>ἔνθα</span> <span class='ocrx_word' id='word_1_33' title='bbox 2418 620 2599 692; x_wconf 71' lang='grc' dir='ltr'>ιδὲθη,</span> <span class='ocrx_word' id='word_1_34' title='bbox 2645 619 2777 675; x_wconf 74' lang='grc' dir='ltr'>ἔνθα</span> <span class='ocrx_word' id='word_1_35' title='bbox 2817 622 3140 676; x_wconf 84' lang='grc' dir='ltr'>συνεκάθισε</span> <span class='ocrx_word' id='word_1_36' title='bbox 3186 624 3285 676; x_wconf 77' lang='grc' dir='ltr'><strong>καὶ</strong></span> <span class='ocrx_word' id='word_1_37' title='bbox 3336 621 3608 698; x_wconf 71' lang='grc' dir='ltr'>διελέχθη,</span> 
     </span>
    </p>
   </div>
   <div class='ocr_carea' id='block_1_4' title="bbox 285 711 3613 791">
    <p class='ocr_par' dir='ltr' id='par_1_4' title="bbox 285 711 3613 791">
     <span class='ocr_line' id='line_1_4' title="bbox 285 711 3613 791; baseline -0.002 -15"><span class='ocrx_word' id='word_1_38' title='bbox 285 718 694 791; x_wconf 77' lang='grc' dir='ltr'>πτερούμεθα,</span> <span class='ocrx_word' id='word_1_39' title='bbox 746 717 841 772; x_wconf 72' lang='grc' dir='ltr'><strong>καὶ</strong></span> <span class='ocrx_word' id='word_1_40' title='bbox 893 716 1033 787; x_wconf 77' lang='grc' dir='ltr'>πρὸς</span> <span class='ocrx_word' id='word_1_41' title='bbox 1078 714 1181 787; x_wconf 83' lang='grc' dir='ltr'>τὴν</span> <span class='ocrx_word' id='word_1_42' title='bbox 1235 716 1459 786; x_wconf 83' lang='grc' dir='ltr'><strong>μνήμην</strong></span> <span class='ocrx_word' id='word_1_43' title='bbox 1505 714 1608 784; x_wconf 80' lang='grc' dir='ltr'>τῆς</span> <span class='ocrx_word' id='word_1_44' title='bbox 1646 715 1867 784; x_wconf 81' lang='grc' dir='ltr'>ἡμέρας</span> <span class='ocrx_word' id='word_1_45' title='bbox 1922 711 2033 766; x_wconf 79' lang='grc' dir='ltr'><strong>ἀπὸ</strong></span> <span class='ocrx_word' id='word_1_46' title='bbox 2079 712 2191 766; x_wconf 84' lang='grc' dir='ltr'><strong>τῶν</strong></span> <span class='ocrx_word' id='word_1_47' title='bbox 2233 713 2417 766; x_wconf 87' lang='grc' dir='ltr'>τόπων</span> <span class='ocrx_word' id='word_1_48' title='bbox 2461 713 2975 784; x_wconf 78' lang='grc' dir='ltr'>παραπεμπόμεθαο</span> <span class='ocrx_word' id='word_1_49' title='bbox 3031 713 3113 766; x_wconf 80' lang='grc' dir='ltr'>ἔτι</span> <span class='ocrx_word' id='word_1_50' title='bbox 3161 714 3446 786; x_wconf 83' lang='grc' dir='ltr'><strong>νεωτέρων</strong></span> <span class='ocrx_word' id='word_1_51' title='bbox 3500 718 3613 771; x_wconf 82' lang='grc' dir='ltr'><strong>τῶν</strong></span> 
     </span>
    </p>
   </div>
   <div class='ocr_carea' id='block_1_5' title="bbox 286 808 1910 888">
    <p class='ocr_par' dir='ltr' id='par_1_5' title="bbox 286 809 1910 888">
     <span class='ocr_line' id='line_1_5' title="bbox 286 809 1910 888; baseline -0.007 -18"><span class='ocrx_word' id='word_1_52' title='bbox 286 817 668 888; x_wconf 77' lang='grc' dir='ltr'><strong>πραγμάτων</strong></span> <span class='ocrx_word' id='word_1_53' title='bbox 705 814 898 876; x_wconf 75' lang='grc' dir='ltr'>ὄντων,</span> <span class='ocrx_word' id='word_1_54' title='bbox 919 812 973 865; x_wconf 80' lang='grc' dir='ltr'><strong>τι</strong></span> <span class='ocrx_word' id='word_1_55' title='bbox 1001 811 1234 882; x_wconf 78' lang='grc' dir='ltr'><strong>πάσχειν</strong></span> <span class='ocrx_word' id='word_1_56' title='bbox 1267 811 1415 876; x_wconf 75' lang='grc' dir='ltr'>εἰκὸς</span> <span class='ocrx_word' id='word_1_57' title='bbox 1453 811 1583 875; x_wconf 81' lang='grc' dir='ltr'>τοὺς</span> <span class='ocrx_word' id='word_1_58' title='bbox 1614 810 1732 882; x_wconf 84' lang='grc' dir='ltr'>μετ’</span> <span class='ocrx_word' id='word_1_59' title='bbox 1766 809 1910 863; x_wconf 63' lang='grc' dir='ltr'>εὐλαί</span> 
     </span>
    </p>
   </div>
   <div class='ocr_carea' id='block_1_6' title="bbox 1984 808 3608 888">
    <p class='ocr_par' dir='ltr' id='par_1_6' title="bbox 1984 808 3608 881">
     <span class='ocr_line' id='line_1_6' title="bbox 1984 808 3608 881; baseline 0.004 -20"><span class='ocrx_word' id='word_1_60' title='bbox 1984 812 2054 874; x_wconf 78' lang='grc' dir='ltr'><strong>ας</strong></span> <span class='ocrx_word' id='word_1_61' title='bbox 2081 808 2524 880; x_wconf 72' lang='grc' dir='ltr'>ξενοδοκοῦνταςς</span> <span class='ocrx_word' id='word_1_62' title='bbox 2565 809 2624 866; x_wconf 82' lang='lat' dir='ltr'><strong>Id</strong></span> <span class='ocrx_word' id='word_1_63' title='bbox 2655 820 2782 866; x_wconf 85' lang='lat' dir='ltr'><strong>est:</strong></span> <span class='ocrx_word' id='word_1_64' title='bbox 2825 812 2968 865; x_wconf 86' lang='lat' dir='ltr'><strong>Nam</strong></span> <span class='ocrx_word' id='word_1_65' title='bbox 3015 811 3062 864; x_wconf 87' lang='lat' dir='ltr'><strong>si</strong></span> <span class='ocrx_word' id='word_1_66' title='bbox 3092 827 3185 865; x_wconf 88' lang='lat' dir='ltr'><strong>nos</strong></span> <span class='ocrx_word' id='word_1_67' title='bbox 3224 822 3344 881; x_wconf 88' lang='lat' dir='ltr'><strong>post</strong></span> <span class='ocrx_word' id='word_1_68' title='bbox 3395 822 3608 868; x_wconf 83' lang='lat' dir='ltr'><strong>tantum</strong></span> 
     </span>
    </p>
   </div>
   <div class='ocr_carea' id='block_1_7' title="bbox 287 902 3606 982">
    <p class='ocr_par' dir='ltr' id='par_1_7' title="bbox 287 902 3606 982">
     <span class='ocr_line' id='line_1_7' title="bbox 287 902 3606 982; baseline -0.002 -15"><span class='ocrx_word' id='word_1_69' title='bbox 287 911 568 982; x_wconf 81' lang='lat' dir='ltr'><strong>temporis</strong></span> <span class='ocrx_word' id='word_1_70' title='bbox 593 909 831 978; x_wconf 89' lang='lat' dir='ltr'><strong>spatium</strong></span> <span class='ocrx_word' id='word_1_71' title='bbox 856 906 949 961; x_wconf 91' lang='lat' dir='ltr'><strong>illo</strong></span> <span class='ocrx_word' id='word_1_72' title='bbox 973 906 1218 977; x_wconf 86' lang='lat' dir='ltr'><strong>ingressi,</strong></span> <span class='ocrx_word' id='word_1_73' title='bbox 1247 904 1338 959; x_wconf 87' lang='lat' dir='ltr'><strong>ubi</strong></span> <span class='ocrx_word' id='word_1_74' title='bbox 1360 904 1572 959; x_wconf 83' lang='lat' dir='ltr'><strong>Paulus</strong></span> <span class='ocrx_word' id='word_1_75' title='bbox 1600 904 1870 963; x_wconf 87' lang='lat' dir='ltr'><strong>manebat.</strong></span> <span class='ocrx_word' id='word_1_76' title='bbox 1906 903 1995 956; x_wconf 86' lang='lat' dir='ltr'><strong>ubi</strong></span> <span class='ocrx_word' id='word_1_77' title='bbox 2020 902 2218 973; x_wconf 86' lang='lat' dir='ltr'><strong>ligatus</strong></span> <span class='ocrx_word' id='word_1_78' title='bbox 2253 912 2351 969; x_wconf 89' lang='lat' dir='ltr'><strong>est,</strong></span> <span class='ocrx_word' id='word_1_79' title='bbox 2379 903 2471 957; x_wconf 89' lang='lat' dir='ltr'><strong>ubi</strong></span> <span class='ocrx_word' id='word_1_80' title='bbox 2489 904 2626 958; x_wconf 89' lang='lat' dir='ltr'><strong>sedit</strong></span> <span class='ocrx_word' id='word_1_81' title='bbox 2650 913 2700 958; x_wconf 89' lang='lat' dir='ltr'><strong>et</strong></span> <span class='ocrx_word' id='word_1_82' title='bbox 2743 904 3012 968; x_wconf 85' lang='lat' dir='ltr'><strong>disseruit,</strong></span> <span class='ocrx_word' id='word_1_83' title='bbox 3049 905 3205 974; x_wconf 89' lang='lat' dir='ltr'><strong>quasi</strong></span> <span class='ocrx_word' id='word_1_84' title='bbox 3232 905 3334 959; x_wconf 88' lang='lat' dir='ltr'><strong>alis</strong></span> <span class='ocrx_word' id='word_1_85' title='bbox 3362 907 3606 960; x_wconf 80' lang='lat' dir='ltr'><strong>assumtis</strong></span> 
     </span>
    </p>
   </div>
   <div class='ocr_carea' id='block_1_8' title="bbox 289 996 3614 1078">
    <p class='ocr_par' dir='ltr' id='par_1_8' title="bbox 289 996 3614 1078">
     <span class='ocr_line' id='line_1_8' title="bbox 289 996 3614 1078; baseline -0.003 -15"><span class='ocrx_word' id='word_1_86' title='bbox 289 1008 596 1078; x_wconf 74' lang='lat' dir='ltr'><strong>erigimur,</strong></span> <span class='ocrx_word' id='word_1_87' title='bbox 628 1013 677 1058; x_wconf 85' lang='lat' dir='ltr'><strong>et</strong></span> <span class='ocrx_word' id='word_1_88' title='bbox 701 1005 773 1057; x_wconf 84' lang='lat' dir='ltr'><strong>ad</strong></span> <span class='ocrx_word' id='word_1_89' title='bbox 803 1003 910 1056; x_wconf 89' lang='lat' dir='ltr'><strong>diei</strong></span> <span class='ocrx_word' id='word_1_90' title='bbox 949 1000 1095 1055; x_wconf 88' lang='lat' dir='ltr'><strong>illius</strong></span> <span class='ocrx_word' id='word_1_91' title='bbox 1133 1000 1550 1054; x_wconf 76' lang='lat' dir='ltr'><strong>recordationem</strong></span> <span class='ocrx_word' id='word_1_92' title='bbox 1584 1015 1650 1052; x_wconf 79' lang='lat' dir='ltr'><strong>ea:</strong></span> <span class='ocrx_word' id='word_1_93' title='bbox 1682 998 1810 1052; x_wconf 86' lang='lat' dir='ltr'><strong>locis</strong></span> <span class='ocrx_word' id='word_1_94' title='bbox 1843 1000 1972 1067; x_wconf 88' lang='lat' dir='ltr'><strong>ipsis</strong></span> <span class='ocrx_word' id='word_1_95' title='bbox 2001 999 2324 1052; x_wconf 86' lang='lat' dir='ltr'><strong>remittimur</strong></span> <span class='ocrx_word' id='word_1_96' title='bbox 2354 1013 2374 1050; x_wconf 92' lang='lat'><strong><em>:</em></strong></span> <span class='ocrx_word' id='word_1_97' title='bbox 2399 1014 2519 1051; x_wconf 90' lang='lat' dir='ltr'><strong>cum</strong></span> <span class='ocrx_word' id='word_1_98' title='bbox 2549 1012 2631 1051; x_wconf 90' lang='lat' dir='ltr'><strong>res</strong></span> <span class='ocrx_word' id='word_1_99' title='bbox 2660 997 2789 1066; x_wconf 71' lang='lat' dir='ltr'><strong>ipsa:</strong></span> <span class='ocrx_word' id='word_1_100' title='bbox 2821 996 3088 1061; x_wconf 76' lang='lat' dir='ltr'><strong>adessent,</strong></span> <span class='ocrx_word' id='word_1_101' title='bbox 3121 1014 3225 1067; x_wconf 90' lang='lat' dir='ltr'><strong>quo</strong></span> <span class='ocrx_word' id='word_1_102' title='bbox 3261 1014 3367 1052; x_wconf 88' lang='lat' dir='ltr'><strong>non</strong></span> <span class='ocrx_word' id='word_1_103' title='bbox 3422 1000 3614 1069; x_wconf 64' lang='grc' dir='ltr'><strong>σῇσι-ιτς</strong></span> 
     </span>
    </p>
   </div>
   <div class='ocr_carea' id='block_1_9' title="bbox 294 1087 3613 1165">
    <p class='ocr_par' dir='ltr' id='par_1_9' title="bbox 294 1087 3613 1165">
     <span class='ocr_line' id='line_1_9' title="bbox 294 1087 3613 1165; baseline -0.002 -10"><span class='ocrx_word' id='word_1_104' title='bbox 294 1098 666 1156; x_wconf 75' lang='lat' dir='ltr'><strong>movebantur</strong></span> <span class='ocrx_word' id='word_1_105' title='bbox 684 1095 787 1158; x_wconf 89' lang='lat' dir='ltr'><strong>illi,</strong></span> <span class='ocrx_word' id='word_1_106' title='bbox 818 1095 910 1165; x_wconf 96' lang='lat' dir='ltr'><strong>qui</strong></span> <span class='ocrx_word' id='word_1_107' title='bbox 935 1110 1054 1147; x_wconf 88' lang='lat' dir='ltr'><strong>cum</strong></span> <span class='ocrx_word' id='word_1_108' title='bbox 1083 1093 1284 1161; x_wconf 76' lang='lat' dir='ltr'><strong>pietate</strong></span> <span class='ocrx_word' id='word_1_109' title='bbox 1313 1091 1469 1145; x_wconf 87' lang='lat' dir='ltr'><strong>illum</strong></span> <span class='ocrx_word' id='word_1_110' title='bbox 1495 1090 1868 1147; x_wconf 76' lang='lat' dir='ltr'><strong>excipiebant?</strong></span> <span class='ocrx_word' id='word_1_111' title='bbox 1896 1089 1958 1144; x_wconf 84' lang='lat' dir='ltr'><strong>In</strong></span> <span class='ocrx_word' id='word_1_112' title='bbox 1991 1089 2079 1144; x_wconf 87' lang='lat' dir='ltr'><strong>illa</strong></span> <span class='ocrx_word' id='word_1_113' title='bbox 2111 1089 2277 1161; x_wconf 75' lang='lat' dir='ltr'><strong>igitur</strong></span> <span class='ocrx_word' id='word_1_114' title='bbox 2304 1088 2523 1144; x_wconf 73' lang='lat' dir='ltr'><strong>civitate</strong></span> <span class='ocrx_word' id='word_1_115' title='bbox 2558 1087 2909 1159; x_wconf 64' lang='lat' dir='ltr'><strong>praedicabat,</strong></span> <span class='ocrx_word' id='word_1_116' title='bbox 2951 1088 3043 1144; x_wconf 89' lang='lat' dir='ltr'><strong>ubi</strong></span> <span class='ocrx_word' id='word_1_117' title='bbox 3077 1088 3279 1145; x_wconf 81' lang='lat' dir='ltr'><strong>Paulus</strong></span> <span class='ocrx_word' id='word_1_118' title='bbox 3307 1101 3613 1157; x_wconf 82' lang='lat' dir='ltr'><strong>manserat,</strong></span> 
     </span>
    </p>
   </div>
   <div class='ocr_carea' id='block_1_10' title="bbox 296 1184 3617 1261">
    <p class='ocr_par' dir='ltr' id='par_1_10' title="bbox 296 1184 3617 1261">
     <span class='ocr_line' id='line_1_10' title="bbox 296 1184 3617 1261; baseline -0.004 -7"><span class='ocrx_word' id='word_1_119' title='bbox 296 1198 407 1254; x_wconf 83' lang='lat' dir='ltr'><strong>ubi</strong></span> <span class='ocrx_word' id='word_1_120' title='bbox 460 1211 521 1252; x_wconf 83' lang='lat' dir='ltr'><strong>se</strong></span> <span class='ocrx_word' id='word_1_121' title='bbox 570 1195 841 1250; x_wconf 81' lang='lat' dir='ltr'><strong>adeuntes</strong></span> <span class='ocrx_word' id='word_1_122' title='bbox 887 1190 1289 1261; x_wconf 88' lang='lat' dir='ltr'><strong>alloquebatur,</strong></span> <span class='ocrx_word' id='word_1_123' title='bbox 1329 1188 1476 1243; x_wconf 89' lang='lat' dir='ltr'><strong>unde</strong></span> <span class='ocrx_word' id='word_1_124' title='bbox 1523 1186 1683 1243; x_wconf 81' lang='lat' dir='ltr'><strong>facile</strong></span> <span class='ocrx_word' id='word_1_125' title='bbox 1732 1187 2026 1242; x_wconf 87' lang='lat' dir='ltr'><strong>adibantur</strong></span> <span class='ocrx_word' id='word_1_126' title='bbox 2062 1187 2202 1251; x_wconf 86' lang='lat' dir='ltr'><strong>loca,</strong></span> <span class='ocrx_word' id='word_1_127' title='bbox 2234 1186 2325 1241; x_wconf 89' lang='lat' dir='ltr'><strong>ubi</strong></span> <span class='ocrx_word' id='word_1_128' title='bbox 2368 1186 2568 1242; x_wconf 87' lang='lat' dir='ltr'><strong>Paulus</strong></span> <span class='ocrx_word' id='word_1_129' title='bbox 2617 1185 2816 1258; x_wconf 79' lang='lat' dir='ltr'><strong>ligatus</strong></span> <span class='ocrx_word' id='word_1_130' title='bbox 2857 1184 3068 1250; x_wconf 82' lang='lat' dir='ltr'><strong>fuerat;</strong></span> <span class='ocrx_word' id='word_1_131' title='bbox 3115 1185 3167 1240; x_wconf 91' lang='lat' dir='ltr'><strong>in</strong></span> <span class='ocrx_word' id='word_1_132' title='bbox 3204 1184 3354 1258; x_wconf 76' lang='grc'><strong>[419]</strong></span> <span class='ocrx_word' id='word_1_133' title='bbox 3400 1187 3617 1243; x_wconf 86' lang='lat' dir='ltr'><strong>duabus</strong></span> 
     </span>
    </p>
   </div>
   <div class='ocr_carea' id='block_1_11' title="bbox 298 1279 3615 1352">
    <p class='ocr_par' dir='ltr' id='par_1_11' title="bbox 298 1279 3615 1352">
     <span class='ocr_line' id='line_1_11' title="bbox 298 1279 3615 1352; baseline -0.002 -7"><span class='ocrx_word' id='word_1_134' title='bbox 298 1298 506 1345; x_wconf 83' lang='lat' dir='ltr'><strong>autem</strong></span> <span class='ocrx_word' id='word_1_135' title='bbox 569 1293 782 1343; x_wconf 91' lang='lat' dir='ltr'><strong>tantum</strong></span> <span class='ocrx_word' id='word_1_136' title='bbox 831 1283 1147 1340; x_wconf 81' lang='lat' dir='ltr'><strong>civitatibus</strong></span> <span class='ocrx_word' id='word_1_137' title='bbox 1200 1281 1521 1352; x_wconf 75' lang='lat' dir='ltr'><strong>praedicavit</strong></span> <span class='ocrx_word' id='word_1_138' title='bbox 1566 1280 1810 1337; x_wconf 83' lang='lat' dir='ltr'><strong>Joannes</strong></span> <span class='ocrx_word' id='word_1_139' title='bbox 1862 1279 2318 1351; x_wconf 83' lang='lat' dir='ltr'><strong>Chrysostomus,</strong></span> <span class='ocrx_word' id='word_1_140' title='bbox 2365 1280 2670 1337; x_wconf 75' lang='lat' dir='ltr'><strong>Antiochia:</strong></span> <span class='ocrx_word' id='word_1_141' title='bbox 2724 1290 2781 1336; x_wconf 90' lang='lat' dir='ltr'><strong>et</strong></span> <span class='ocrx_word' id='word_1_142' title='bbox 2831 1281 3308 1352; x_wconf 82' lang='lat' dir='ltr'><strong>Constantinopoli</strong></span> <span class='ocrx_word' id='word_1_143' title='bbox 3363 1300 3379 1336; x_wconf 91' lang='lat'><strong>:</strong></span> <span class='ocrx_word' id='word_1_144' title='bbox 3430 1297 3615 1337; x_wconf 90' lang='lat' dir='ltr'><strong>annon</strong></span> 
     </span>
    </p>
   </div>
   <div class='ocr_carea' id='block_1_12' title="bbox 309 1373 3617 1451">
    <p class='ocr_par' dir='ltr' id='par_1_12' title="bbox 309 1373 3617 1451">
     <span class='ocr_line' id='line_1_12' title="bbox 309 1373 3617 1451; baseline -0.003 -13"><span class='ocrx_word' id='word_1_145' title='bbox 309 1380 690 1451; x_wconf 81' lang='lat' dir='ltr'><strong>conspicuum</strong></span> <span class='ocrx_word' id='word_1_146' title='bbox 718 1376 945 1434; x_wconf 88' lang='lat' dir='ltr'><strong>omnino</strong></span> <span class='ocrx_word' id='word_1_147' title='bbox 974 1383 1059 1433; x_wconf 89' lang='lat' dir='ltr'><strong>est</strong></span> <span class='ocrx_word' id='word_1_148' title='bbox 1094 1415 1110 1440; x_wconf 93' lang='lat'><strong>,</strong></span> <span class='ocrx_word' id='word_1_149' title='bbox 1148 1376 1240 1432; x_wconf 90' lang='lat' dir='ltr'><strong>hic</strong></span> <span class='ocrx_word' id='word_1_150' title='bbox 1264 1375 1335 1432; x_wconf 89' lang='lat' dir='ltr'><strong>de</strong></span> <span class='ocrx_word' id='word_1_151' title='bbox 1364 1373 1665 1431; x_wconf 83' lang='lat' dir='ltr'><strong>Antiochia</strong></span> <span class='ocrx_word' id='word_1_152' title='bbox 1692 1388 2008 1430; x_wconf 83' lang='lat' dir='ltr'><strong>sermonem</strong></span> <span class='ocrx_word' id='word_1_153' title='bbox 2043 1374 2277 1430; x_wconf 86' lang='lat' dir='ltr'><strong>haberi?</strong></span> <span class='ocrx_word' id='word_1_154' title='bbox 2303 1374 2437 1429; x_wconf 78' lang='lat' dir='ltr'><strong>Nam</strong></span> <span class='ocrx_word' id='word_1_155' title='bbox 2472 1373 2715 1445; x_wconf 76' lang='lat' dir='ltr'><strong>Byzantii</strong></span> <span class='ocrx_word' id='word_1_156' title='bbox 2747 1390 3029 1446; x_wconf 84' lang='lat' dir='ltr'><strong>nunquam</strong></span> <span class='ocrx_word' id='word_1_157' title='bbox 3059 1376 3221 1431; x_wconf 84' lang='lat' dir='ltr'><strong>sedes</strong></span> <span class='ocrx_word' id='word_1_158' title='bbox 3244 1374 3438 1431; x_wconf 85' lang='lat' dir='ltr'><strong>habuit</strong></span> <span class='ocrx_word' id='word_1_159' title='bbox 3464 1375 3617 1448; x_wconf 83' lang='lat' dir='ltr'><strong>Apo-</strong></span> 
     </span>
    </p>
   </div>
   <div class='ocr_carea' id='block_1_13' title="bbox 305 1474 517 1529">
    <p class='ocr_par' dir='ltr' id='par_1_13' title="bbox 305 1474 517 1529">
     <span class='ocr_line' id='line_1_13' title="bbox 305 1474 517 1529; baseline 0 -1"><span class='ocrx_word' id='word_1_160' title='bbox 305 1474 517 1529; x_wconf 84' lang='lat' dir='ltr'><strong>stolus.</strong></span> 
     </span>
    </p>
   </div>
   <div class='ocr_carea' id='block_1_14' title="bbox 393 1558 3615 1630">
    <p class='ocr_par' dir='ltr' id='par_1_14' title="bbox 393 1558 3615 1630">
     <span class='ocr_line' id='line_1_14' title="bbox 393 1558 3615 1630; baseline -0.001 -12"><span class='ocrx_word' id='word_1_161' title='bbox 393 1564 574 1620; x_wconf 67' lang='lat' dir='ltr'><strong>Haeret</strong></span> <span class='ocrx_word' id='word_1_162' title='bbox 608 1570 790 1618; x_wconf 90' lang='lat' dir='ltr'><strong>tamen</strong></span> <span class='ocrx_word' id='word_1_163' title='bbox 836 1560 1019 1617; x_wconf 90' lang='lat' dir='ltr'><strong>adhuc</strong></span> <span class='ocrx_word' id='word_1_164' title='bbox 1065 1558 1452 1616; x_wconf 86' lang='lat' dir='ltr'><strong>Tillemontius</strong></span> <span class='ocrx_word' id='word_1_165' title='bbox 1500 1569 1559 1616; x_wconf 88' lang='lat' dir='ltr'><strong>et</strong></span> <span class='ocrx_word' id='word_1_166' title='bbox 1589 1574 1812 1616; x_wconf 84' lang='lat' dir='ltr'><strong>causam</strong></span> <span class='ocrx_word' id='word_1_167' title='bbox 1862 1559 2107 1616; x_wconf 61' lang='lat' dir='ltr'><strong>haerendi</strong></span> <span class='ocrx_word' id='word_1_168' title='bbox 2143 1559 2354 1630; x_wconf 77' lang='lat' dir='ltr'><strong>profert</strong></span> <span class='ocrx_word' id='word_1_169' title='bbox 2403 1574 2470 1614; x_wconf 77' lang='lat' dir='ltr'><strong>ex</strong></span> <span class='ocrx_word' id='word_1_170' title='bbox 2514 1559 2621 1615; x_wconf 81' lang='lat' dir='ltr'><strong>line</strong></span> <span class='ocrx_word' id='word_1_171' title='bbox 2673 1559 2916 1615; x_wconf 75' lang='lat' dir='ltr'><strong>homilize</strong></span> <span class='ocrx_word' id='word_1_172' title='bbox 2953 1559 3229 1630; x_wconf 78' lang='lat' dir='ltr'><strong>vigesimae</strong></span> <span class='ocrx_word' id='word_1_173' title='bbox 3273 1575 3456 1626; x_wconf 57' lang='lat' dir='ltr'><strong>nonae,</strong></span> <span class='ocrx_word' id='word_1_174' title='bbox 3519 1559 3615 1617; x_wconf 87' lang='lat' dir='ltr'><strong>ubi</strong></span> 
     </span>
    </p>
   </div>
   <div class='ocr_carea' id='block_1_15' title="bbox 250 1652 3618 1729">
    <p class='ocr_par' dir='ltr' id='par_1_15' title="bbox 250 1652 3618 1729">
     <span class='ocr_line' id='line_1_15' title="bbox 250 1652 3618 1729; baseline -0.002 -16"><span class='ocrx_word' id='word_1_175' title='bbox 250 1661 257 1667; x_wconf 86' lang='grc'><strong>’</strong></span> <span class='ocrx_word' id='word_1_176' title='bbox 312 1658 746 1729; x_wconf 84' lang='lat' dir='ltr'><strong>Chrysostomus</strong></span> <span class='ocrx_word' id='word_1_177' title='bbox 811 1669 872 1710; x_wconf 88' lang='lat' dir='ltr'><strong>se</strong></span> <span class='ocrx_word' id='word_1_178' title='bbox 923 1662 1201 1725; x_wconf 86' lang='lat' dir='ltr'><strong>pastorem</strong></span> <span class='ocrx_word' id='word_1_179' title='bbox 1256 1652 1409 1720; x_wconf 88' lang='lat' dir='ltr'><strong>dicit,</strong></span> <span class='ocrx_word' id='word_1_180' title='bbox 1455 1662 1512 1709; x_wconf 93' lang='lat' dir='ltr'><strong>et</strong></span> <span class='ocrx_word' id='word_1_181' title='bbox 1564 1654 1802 1725; x_wconf 86' lang='lat' dir='ltr'><strong>pastoris</strong></span> <span class='ocrx_word' id='word_1_182' title='bbox 1851 1653 2029 1710; x_wconf 85' lang='lat' dir='ltr'><strong>ofﬁcia</strong></span> <span class='ocrx_word' id='word_1_183' title='bbox 2073 1669 2513 1709; x_wconf 84' lang='lat' dir='ltr'><strong>commemorans</strong></span> <span class='ocrx_word' id='word_1_184' title='bbox 2556 1653 2630 1708; x_wconf 88' lang='lat' dir='ltr'><strong>ita</strong></span> <span class='ocrx_word' id='word_1_185' title='bbox 2685 1654 2889 1709; x_wconf 89' lang='lat' dir='ltr'><strong>claudit</strong></span> <span class='ocrx_word' id='word_1_186' title='bbox 2933 1670 2946 1707; x_wconf 94' lang='lat'>:</span> <span class='ocrx_word' id='word_1_187' title='bbox 2991 1653 3176 1707; x_wconf 85' lang='grc' dir='ltr'>Ταῦτα</span> <span class='ocrx_word' id='word_1_188' title='bbox 3225 1652 3284 1706; x_wconf 70' lang='grc' dir='ltr'>δέ</span> <span class='ocrx_word' id='word_1_189' title='bbox 3341 1670 3432 1724; x_wconf 90' lang='grc' dir='ltr'><strong>μοι</strong></span> <span class='ocrx_word' id='word_1_190' title='bbox 3486 1654 3618 1724; x_wconf 79' lang='grc' dir='ltr'>περὶ</span> 
     </span>
    </p>
   </div>
   <div class='ocr_carea' id='block_1_16' title="bbox 317 1741 3618 1826">
    <p class='ocr_par' dir='ltr' id='par_1_16' title="bbox 317 1741 3618 1826">
     <span class='ocr_line' id='line_1_16' title="bbox 317 1741 3618 1826; baseline -0.003 -18"><span class='ocrx_word' id='word_1_191' title='bbox 317 1754 569 1826; x_wconf 77' lang='grc' dir='ltr'>ἀρίστων</span> <span class='ocrx_word' id='word_1_192' title='bbox 593 1751 810 1824; x_wconf 73' lang='grc' dir='ltr'>εἴρηται</span> <span class='ocrx_word' id='word_1_193' title='bbox 832 1748 1129 1821; x_wconf 80' lang='grc' dir='ltr'><strong>ποιμένων,</strong></span> <span class='ocrx_word' id='word_1_194' title='bbox 1157 1748 1221 1804; x_wconf 83' lang='grc' dir='ltr'>οὐ</span> <span class='ocrx_word' id='word_1_195' title='bbox 1255 1748 1386 1820; x_wconf 82' lang='grc' dir='ltr'>περὶ</span> <span class='ocrx_word' id='word_1_196' title='bbox 1408 1746 1650 1821; x_wconf 67' lang='grc' dir='ltr'>ἐμαυτοῦ</span> <span class='ocrx_word' id='word_1_197' title='bbox 1678 1749 1771 1804; x_wconf 78' lang='grc' dir='ltr'><strong>καὶ</strong></span> <span class='ocrx_word' id='word_1_198' title='bbox 1801 1748 1912 1803; x_wconf 83' lang='grc' dir='ltr'><strong>τῶν</strong></span> <span class='ocrx_word' id='word_1_199' title='bbox 1937 1749 2060 1804; x_wconf 81' lang='grc' dir='ltr'>καθ’</span> <span class='ocrx_word' id='word_1_200' title='bbox 2079 1750 2251 1821; x_wconf 75' lang='grc' dir='ltr'>ἡμᾶς,</span> <span class='ocrx_word' id='word_1_201' title='bbox 2282 1748 2398 1801; x_wconf 83' lang='grc' dir='ltr'>ἀλλ’</span> <span class='ocrx_word' id='word_1_202' title='bbox 2430 1749 2488 1801; x_wconf 71' lang='grc' dir='ltr'>εἴ</span> <span class='ocrx_word' id='word_1_203' title='bbox 2513 1765 2598 1812; x_wconf 87' lang='grc' dir='ltr'><strong>τις</strong></span> <span class='ocrx_word' id='word_1_204' title='bbox 2620 1746 2883 1811; x_wconf 77' lang='grc' dir='ltr'>τοιοῦτος,</span> <span class='ocrx_word' id='word_1_205' title='bbox 2908 1743 3019 1810; x_wconf 71' lang='grc' dir='ltr'>οἷος</span> <span class='ocrx_word' id='word_1_206' title='bbox 3051 1750 3080 1802; x_wconf 98' lang='lat'><strong>6</strong></span> <span class='ocrx_word' id='word_1_207' title='bbox 3119 1745 3331 1811; x_wconf 81' lang='grc' dir='ltr'><strong>Παῦλος</strong></span> <span class='ocrx_word' id='word_1_208' title='bbox 3369 1742 3459 1819; x_wconf 83' lang='grc' dir='ltr'>ἦν,</span> <span class='ocrx_word' id='word_1_209' title='bbox 3505 1741 3618 1811; x_wconf 73' lang='grc' dir='ltr'>οἷος</span> 
     </span>
    </p>
   </div>
   <div class='ocr_carea' id='block_1_17' title="bbox 320 1840 3624 1918">
    <p class='ocr_par' dir='ltr' id='par_1_17' title="bbox 320 1840 3624 1918">
     <span class='ocr_line' id='line_1_17' title="bbox 320 1840 3624 1918; baseline -0.002 -14"><span class='ocrx_word' id='word_1_210' title='bbox 320 1851 358 1904; x_wconf 78' lang='grc' dir='ltr'><strong>ὁ</strong></span> <span class='ocrx_word' id='word_1_211' title='bbox 415 1849 637 1918; x_wconf 81' lang='grc' dir='ltr'><strong>Πέτρος,</strong></span> <span class='ocrx_word' id='word_1_212' title='bbox 702 1840 814 1910; x_wconf 72' lang='grc' dir='ltr'>οἷος</span> <span class='ocrx_word' id='word_1_213' title='bbox 866 1845 896 1899; x_wconf 85' lang='lat'><strong>6</strong></span> <span class='ocrx_word' id='word_1_214' title='bbox 935 1844 1203 1916; x_wconf 79' lang='grc' dir='ltr'><strong>Μωῦσῆς.</strong></span> <span class='ocrx_word' id='word_1_215' title='bbox 1255 1843 1497 1910; x_wconf 81' lang='grc' dir='ltr'><strong>Τούτους</strong></span> <span class='ocrx_word' id='word_1_216' title='bbox 1547 1840 1642 1900; x_wconf 78' lang='grc' dir='ltr'>οὖν</span> <span class='ocrx_word' id='word_1_217' title='bbox 1688 1844 2067 1918; x_wconf 85' lang='grc' dir='ltr'>μιμησώμεθα</span> <span class='ocrx_word' id='word_1_218' title='bbox 2118 1844 2214 1899; x_wconf 77' lang='grc' dir='ltr'><strong>καὶ</strong></span> <span class='ocrx_word' id='word_1_219' title='bbox 2257 1845 2519 1916; x_wconf 81' lang='grc' dir='ltr'>ἄρχοντες</span> <span class='ocrx_word' id='word_1_220' title='bbox 2551 1842 2650 1898; x_wconf 79' lang='grc' dir='ltr'>καὶ</span> <span class='ocrx_word' id='word_1_221' title='bbox 2690 1842 3008 1914; x_wconf 84' lang='grc' dir='ltr'>ἀρχόμενοι.</span> <span class='ocrx_word' id='word_1_222' title='bbox 3051 1841 3111 1897; x_wconf 83' lang='lat' dir='ltr'><strong>Id</strong></span> <span class='ocrx_word' id='word_1_223' title='bbox 3141 1852 3224 1899; x_wconf 91' lang='lat' dir='ltr'><strong>est</strong></span> <span class='ocrx_word' id='word_1_224' title='bbox 3255 1862 3268 1897; x_wconf 91' lang='lat'>:</span> <span class='ocrx_word' id='word_1_225' title='bbox 3294 1846 3424 1898; x_wconf 69' lang='lat' dir='ltr'><strong>Hau:</strong></span> <span class='ocrx_word' id='word_1_226' title='bbox 3462 1860 3624 1915; x_wconf 86' lang='lat' dir='ltr'><strong>porro</strong></span> 
     </span>
    </p>
   </div>
   <div class='ocr_carea' id='block_1_18' title="bbox 320 1934 3623 2010">
    <p class='ocr_par' dir='ltr' id='par_1_18' title="bbox 320 1934 3623 2010">
     <span class='ocr_line' id='line_1_18' title="bbox 320 1934 3623 2010; baseline -0.001 -14"><span class='ocrx_word' id='word_1_227' title='bbox 320 1960 360 1996; x_wconf 79' lang='grc' dir='ltr'><strong>α</strong></span> <span class='ocrx_word' id='word_1_228' title='bbox 401 1958 482 1995; x_wconf 87' lang='lat' dir='ltr'><strong>me</strong></span> <span class='ocrx_word' id='word_1_229' title='bbox 512 1940 654 1993; x_wconf 90' lang='lat' dir='ltr'><strong>dicta</strong></span> <span class='ocrx_word' id='word_1_230' title='bbox 685 1947 806 1993; x_wconf 90' lang='lat' dir='ltr'><strong>sunt</strong></span> <span class='ocrx_word' id='word_1_231' title='bbox 843 1939 907 1992; x_wconf 90' lang='lat' dir='ltr'><strong>de</strong></span> <span class='ocrx_word' id='word_1_232' title='bbox 935 1939 1149 2008; x_wconf 79' lang='lat' dir='ltr'><strong>optimis</strong></span> <span class='ocrx_word' id='word_1_233' title='bbox 1184 1938 1508 2009; x_wconf 75' lang='lat' dir='ltr'><strong>pastoribus.</strong></span> <span class='ocrx_word' id='word_1_234' title='bbox 1543 1956 1648 1995; x_wconf 89' lang='lat' dir='ltr'><strong>non</strong></span> <span class='ocrx_word' id='word_1_235' title='bbox 1673 1940 1737 1994; x_wconf 91' lang='lat' dir='ltr'><strong>de</strong></span> <span class='ocrx_word' id='word_1_236' title='bbox 1768 1941 2031 2009; x_wconf 84' lang='lat' dir='ltr'><strong>meipso;</strong></span> <span class='ocrx_word' id='word_1_237' title='bbox 2065 1940 2157 1994; x_wconf 90' lang='lat' dir='ltr'><strong>sed</strong></span> <span class='ocrx_word' id='word_1_238' title='bbox 2186 1940 2234 1993; x_wconf 92' lang='lat' dir='ltr'><strong>si</strong></span> <span class='ocrx_word' id='word_1_239' title='bbox 2277 1939 2394 2010; x_wconf 88' lang='lat' dir='ltr'><strong><em>quis</em></strong></span> <span class='ocrx_word' id='word_1_240' title='bbox 2421 1937 2546 1992; x_wconf 86' lang='lat' dir='ltr'><strong>talis</strong></span> <span class='ocrx_word' id='word_1_241' title='bbox 2580 1938 2648 1990; x_wconf 85' lang='lat' dir='ltr'><strong>sit</strong></span> <span class='ocrx_word' id='word_1_242' title='bbox 2682 1938 2857 2008; x_wconf 79' lang='lat' dir='ltr'><strong>qualis</strong></span> <span class='ocrx_word' id='word_1_243' title='bbox 2898 1934 3102 1991; x_wconf 84' lang='lat' dir='ltr'><strong>Paulus</strong></span> <span class='ocrx_word' id='word_1_244' title='bbox 3139 1946 3273 2001; x_wconf 89' lang='lat' dir='ltr'><strong>erat,</strong></span> <span class='ocrx_word' id='word_1_245' title='bbox 3310 1937 3486 2009; x_wconf 84' lang='lat' dir='ltr'><strong>qualis</strong></span> <span class='ocrx_word' id='word_1_246' title='bbox 3516 1936 3623 1992; x_wconf 81' lang='lat' dir='ltr'><strong>Pc-</strong></span> 
     </span>
    </p>
   </div>
   <div class='ocr_carea' id='block_1_19' title="bbox 316 2029 3622 2106">
    <p class='ocr_par' dir='ltr' id='par_1_19' title="bbox 316 2029 3622 2106">
     <span class='ocr_line' id='line_1_19' title="bbox 316 2029 3622 2106; baseline -0.002 -16"><span class='ocrx_word' id='word_1_247' title='bbox 316 2047 457 2096; x_wconf 84' lang='lat' dir='ltr'><strong>trus.</strong></span> <span class='ocrx_word' id='word_1_248' title='bbox 484 2034 661 2104; x_wconf 83' lang='lat' dir='ltr'><strong>qualis</strong></span> <span class='ocrx_word' id='word_1_249' title='bbox 684 2033 903 2103; x_wconf 78' lang='lat' dir='ltr'><strong>Moyses.</strong></span> <span class='ocrx_word' id='word_1_250' title='bbox 936 2033 1044 2087; x_wconf 82' lang='lat' dir='ltr'><strong>llos</strong></span> <span class='ocrx_word' id='word_1_251' title='bbox 1091 2033 1274 2104; x_wconf 83' lang='lat' dir='ltr'><strong>itaque</strong></span> <span class='ocrx_word' id='word_1_252' title='bbox 1328 2033 1604 2088; x_wconf 87' lang='lat' dir='ltr'><strong>imitemur</strong></span> <span class='ocrx_word' id='word_1_253' title='bbox 1646 2045 1695 2088; x_wconf 89' lang='lat' dir='ltr'><strong>et</strong></span> <span class='ocrx_word' id='word_1_254' title='bbox 1733 2035 1972 2106; x_wconf 73' lang='lat' dir='ltr'><strong>prwfecti</strong></span> <span class='ocrx_word' id='word_1_255' title='bbox 2020 2043 2068 2087; x_wconf 83' lang='lat' dir='ltr'><strong>et</strong></span> <span class='ocrx_word' id='word_1_256' title='bbox 2109 2034 2324 2087; x_wconf 79' lang='lat' dir='ltr'><strong>subditi.</strong></span> <span class='ocrx_word' id='word_1_257' title='bbox 2359 2030 2472 2086; x_wconf 85' lang='lat' dir='ltr'><strong>Hoc</strong></span> <span class='ocrx_word' id='word_1_258' title='bbox 2510 2047 2620 2085; x_wconf 89' lang='lat' dir='ltr'><strong>uno</strong></span> <span class='ocrx_word' id='word_1_259' title='bbox 2658 2031 2928 2086; x_wconf 87' lang='lat' dir='ltr'><strong>abductus</strong></span> <span class='ocrx_word' id='word_1_260' title='bbox 2972 2030 3291 2086; x_wconf 88' lang='lat' dir='ltr'><strong>testimonio</strong></span> <span class='ocrx_word' id='word_1_261' title='bbox 3320 2029 3622 2085; x_wconf 86' lang='lat' dir='ltr'><strong>Tillemon-</strong></span> 
     </span>
    </p>
   </div>
   <div class='ocr_carea' id='block_1_20' title="bbox 318 2124 3620 2202">
    <p class='ocr_par' dir='ltr' id='par_1_20' title="bbox 318 2124 3620 2202">
     <span class='ocr_line' id='line_1_20' title="bbox 318 2124 3620 2202; baseline -0.002 -15"><span class='ocrx_word' id='word_1_262' title='bbox 318 2130 435 2187; x_wconf 88' lang='lat' dir='ltr'><strong>tius</strong></span> <span class='ocrx_word' id='word_1_263' title='bbox 464 2145 496 2184; x_wconf 89' lang='lat' dir='ltr'><strong>a</strong></span> <span class='ocrx_word' id='word_1_264' title='bbox 532 2128 743 2202; x_wconf 85' lang='lat' dir='ltr'><strong>judicio</strong></span> <span class='ocrx_word' id='word_1_265' title='bbox 765 2127 992 2184; x_wconf 88' lang='lat' dir='ltr'><strong>ferendo</strong></span> <span class='ocrx_word' id='word_1_266' title='bbox 1018 2128 1306 2198; x_wconf 87' lang='lat' dir='ltr'><strong>abstinuit,</strong></span> <span class='ocrx_word' id='word_1_267' title='bbox 1343 2145 1448 2187; x_wconf 91' lang='lat' dir='ltr'><strong>nec</strong></span> <span class='ocrx_word' id='word_1_268' title='bbox 1477 2129 1779 2185; x_wconf 87' lang='lat' dir='ltr'><strong>decernere</strong></span> <span class='ocrx_word' id='word_1_269' title='bbox 1816 2129 1991 2187; x_wconf 85' lang='lat' dir='ltr'><strong>voluit</strong></span> <span class='ocrx_word' id='word_1_270' title='bbox 2018 2128 2399 2184; x_wconf 59' lang='lat' dir='ltr'><strong>Antiocliiaene</strong></span> <span class='ocrx_word' id='word_1_271' title='bbox 2426 2143 2496 2182; x_wconf 89' lang='lat' dir='ltr'><strong>an</strong></span> <span class='ocrx_word' id='word_1_272' title='bbox 2530 2124 3007 2197; x_wconf 89' lang='lat' dir='ltr'><strong>Constantinopoli</strong></span> <span class='ocrx_word' id='word_1_273' title='bbox 3050 2124 3150 2181; x_wconf 89' lang='lat' dir='ltr'><strong>has</strong></span> <span class='ocrx_word' id='word_1_274' title='bbox 3180 2125 3479 2182; x_wconf 90' lang='lat' dir='ltr'><strong>conciones</strong></span> <span class='ocrx_word' id='word_1_275' title='bbox 3517 2125 3620 2179; x_wconf 88' lang='lat' dir='ltr'><strong>ha-</strong></span> 
     </span>
    </p>
   </div>
   <div class='ocr_carea' id='block_1_21' title="bbox 318 2226 535 2281">
    <p class='ocr_par' dir='ltr' id='par_1_21' title="bbox 318 2226 535 2281">
     <span class='ocr_line' id='line_1_21' title="bbox 318 2226 535 2281; baseline -0.009 0"><span class='ocrx_word' id='word_1_276' title='bbox 318 2226 535 2281; x_wconf 75' lang='lat' dir='ltr'><strong>btterit.</strong></span> 
     </span>
    </p>
   </div>
   <div class='ocr_carea' id='block_1_22' title="bbox 402 2313 3624 2392">
    <p class='ocr_par' dir='ltr' id='par_1_22' title="bbox 402 2313 3624 2392">
     <span class='ocr_line' id='line_1_22' title="bbox 402 2313 3624 2392; baseline -0.003 -14"><span class='ocrx_word' id='word_1_277' title='bbox 402 2322 594 2378; x_wconf 85' lang='lat' dir='ltr'><strong>Laudo</strong></span> <span class='ocrx_word' id='word_1_278' title='bbox 616 2321 869 2392; x_wconf 75' lang='lat' dir='ltr'><strong>equidem</strong></span> <span class='ocrx_word' id='word_1_279' title='bbox 899 2319 1032 2376; x_wconf 90' lang='lat' dir='ltr'><strong>tanti</strong></span> <span class='ocrx_word' id='word_1_280' title='bbox 1062 2318 1163 2375; x_wconf 87' lang='lat' dir='ltr'><strong>viri</strong></span> <span class='ocrx_word' id='word_1_281' title='bbox 1198 2318 1607 2377; x_wconf 68' lang='lat' dir='ltr'><strong>consideratam,</strong></span> <span class='ocrx_word' id='word_1_282' title='bbox 1634 2317 1689 2372; x_wconf 92' lang='lat' dir='ltr'><strong>in</strong></span> <span class='ocrx_word' id='word_1_283' title='bbox 1711 2315 1921 2387; x_wconf 85' lang='lat' dir='ltr'><strong>judicio</strong></span> <span class='ocrx_word' id='word_1_284' title='bbox 1948 2316 2177 2372; x_wconf 87' lang='lat' dir='ltr'><strong>ferendo</strong></span> <span class='ocrx_word' id='word_1_285' title='bbox 2210 2318 2542 2384; x_wconf 84' lang='lat' dir='ltr'><strong>tarditatem,</strong></span> <span class='ocrx_word' id='word_1_286' title='bbox 2566 2333 2689 2386; x_wconf 74' lang='lat' dir='ltr'><strong>quae</strong></span> <span class='ocrx_word' id='word_1_287' title='bbox 2722 2316 2775 2371; x_wconf 92' lang='lat' dir='ltr'><strong>in</strong></span> <span class='ocrx_word' id='word_1_288' title='bbox 2801 2315 3022 2387; x_wconf 89' lang='lat' dir='ltr'><strong>scriptis</strong></span> <span class='ocrx_word' id='word_1_289' title='bbox 3060 2316 3176 2370; x_wconf 83' lang='lat' dir='ltr'><strong>suis</strong></span> <span class='ocrx_word' id='word_1_290' title='bbox 3206 2313 3260 2369; x_wconf 89' lang='lat' dir='ltr'><strong>in</strong></span> <span class='ocrx_word' id='word_1_291' title='bbox 3291 2314 3426 2370; x_wconf 86' lang='lat' dir='ltr'><strong>orbe</strong></span> <span class='ocrx_word' id='word_1_292' title='bbox 3461 2313 3624 2368; x_wconf 87' lang='lat' dir='ltr'><strong>Chri-</strong></span> 
     </span>
    </p>
   </div>
   <div class='ocr_carea' id='block_1_23' title="bbox 320 2408 3627 2483">
    <p class='ocr_par' dir='ltr' id='par_1_23' title="bbox 320 2408 3627 2483">
     <span class='ocr_line' id='line_1_23' title="bbox 320 2408 3627 2483; baseline -0.002 -12"><span class='ocrx_word' id='word_1_293' title='bbox 320 2416 509 2471; x_wconf 81' lang='lat' dir='ltr'><strong>stiano</strong></span> <span class='ocrx_word' id='word_1_294' title='bbox 544 2424 659 2470; x_wconf 88' lang='lat' dir='ltr'><strong>tam</strong></span> <span class='ocrx_word' id='word_1_295' title='bbox 681 2412 970 2468; x_wconf 82' lang='lat' dir='ltr'><strong>celebratis</strong></span> <span class='ocrx_word' id='word_1_296' title='bbox 996 2412 1205 2483; x_wconf 89' lang='lat' dir='ltr'><strong>passim</strong></span> <span class='ocrx_word' id='word_1_297' title='bbox 1233 2412 1707 2482; x_wconf 87' lang='lat' dir='ltr'><strong>deprehenditur;</strong></span> <span class='ocrx_word' id='word_1_298' title='bbox 1739 2419 1796 2465; x_wconf 89' lang='lat' dir='ltr'><strong>at</strong></span> <span class='ocrx_word' id='word_1_299' title='bbox 1832 2410 1922 2465; x_wconf 90' lang='lat' dir='ltr'><strong>hic</strong></span> <span class='ocrx_word' id='word_1_300' title='bbox 1940 2420 2091 2466; x_wconf 82' lang='lat' dir='ltr'><strong>certe</strong></span> <span class='ocrx_word' id='word_1_301' title='bbox 2115 2409 2332 2466; x_wconf 88' lang='lat' dir='ltr'><strong>videtur</strong></span> <span class='ocrx_word' id='word_1_302' title='bbox 2356 2412 2489 2466; x_wconf 91' lang='lat' dir='ltr'><strong>mihi</strong></span> <span class='ocrx_word' id='word_1_303' title='bbox 2523 2411 2749 2468; x_wconf 87' lang='lat' dir='ltr'><strong>nimiam</strong></span> <span class='ocrx_word' id='word_1_304' title='bbox 2783 2411 3049 2468; x_wconf 89' lang='lat' dir='ltr'><strong>adhibere</strong></span> <span class='ocrx_word' id='word_1_305' title='bbox 3095 2410 3431 2466; x_wconf 89' lang='lat' dir='ltr'><strong>cautionem.</strong></span> <span class='ocrx_word' id='word_1_306' title='bbox 3485 2408 3627 2463; x_wconf 90' lang='lat' dir='ltr'><strong>Dicit</strong></span> 
     </span>
    </p>
   </div>
   <div class='ocr_carea' id='block_1_24' title="bbox 322 2501 3627 2581">
    <p class='ocr_par' dir='ltr' id='par_1_24' title="bbox 322 2501 3627 2581">
     <span class='ocr_line' id='line_1_24' title="bbox 322 2501 3627 2581; baseline -0.002 -17"><span class='ocrx_word' id='word_1_307' title='bbox 322 2511 758 2581; x_wconf 75' lang='lat' dir='ltr'><strong>Chrysostomus</strong></span> <span class='ocrx_word' id='word_1_308' title='bbox 787 2523 846 2561; x_wconf 91' lang='lat' dir='ltr'><strong>se</strong></span> <span class='ocrx_word' id='word_1_309' title='bbox 872 2506 978 2561; x_wconf 90' lang='lat' dir='ltr'><strong>sub</strong></span> <span class='ocrx_word' id='word_1_310' title='bbox 1007 2514 1228 2577; x_wconf 90' lang='lat' dir='ltr'><strong>pastore</strong></span> <span class='ocrx_word' id='word_1_311' title='bbox 1263 2520 1406 2570; x_wconf 89' lang='lat' dir='ltr'><strong>esse,</strong></span> <span class='ocrx_word' id='word_1_312' title='bbox 1430 2505 1638 2560; x_wconf 87' lang='lat' dir='ltr'><strong>scilicet</strong></span> <span class='ocrx_word' id='word_1_313' title='bbox 1659 2506 1762 2560; x_wconf 90' lang='lat' dir='ltr'><strong>sub</strong></span> <span class='ocrx_word' id='word_1_314' title='bbox 1790 2504 2047 2559; x_wconf 85' lang='lat' dir='ltr'><strong>Flaviano</strong></span> <span class='ocrx_word' id='word_1_315' title='bbox 2075 2504 2385 2560; x_wconf 68' lang='lat' dir='ltr'><strong>Antiochiae</strong></span> <span class='ocrx_word' id='word_1_316' title='bbox 2406 2505 2702 2576; x_wconf 87' lang='lat' dir='ltr'><strong>episcopo;</strong></span> <span class='ocrx_word' id='word_1_317' title='bbox 2737 2522 2847 2561; x_wconf 89' lang='lat' dir='ltr'><strong>non</strong></span> <span class='ocrx_word' id='word_1_318' title='bbox 2877 2506 2985 2560; x_wconf 84' lang='lat' dir='ltr'><strong>alio</strong></span> <span class='ocrx_word' id='word_1_319' title='bbox 3021 2504 3226 2575; x_wconf 86' lang='lat' dir='ltr'><strong>quippe</strong></span> <span class='ocrx_word' id='word_1_320' title='bbox 3271 2502 3434 2559; x_wconf 89' lang='lat' dir='ltr'><strong>modo</strong></span> <span class='ocrx_word' id='word_1_321' title='bbox 3461 2501 3627 2559; x_wconf 90' lang='lat' dir='ltr'><strong>intel-</strong></span> 
     </span>
    </p>
   </div>
   <div class='ocr_carea' id='block_1_25' title="bbox 320 2594 3624 2674">
    <p class='ocr_par' dir='ltr' id='par_1_25' title="bbox 320 2594 3624 2674">
     <span class='ocr_line' id='line_1_25' title="bbox 320 2594 3624 2674; baseline -0.002 -18"><span class='ocrx_word' id='word_1_322' title='bbox 320 2601 419 2674; x_wconf 77' lang='lat' dir='ltr'><strong>ligi</strong></span> <span class='ocrx_word' id='word_1_323' title='bbox 453 2605 639 2670; x_wconf 89' lang='lat' dir='ltr'><strong>potest</strong></span> <span class='ocrx_word' id='word_1_324' title='bbox 670 2615 683 2650; x_wconf 91' lang='lat'><strong>:</strong></span> <span class='ocrx_word' id='word_1_325' title='bbox 714 2613 773 2653; x_wconf 84' lang='lat' dir='ltr'><strong>se</strong></span> <span class='ocrx_word' id='word_1_326' title='bbox 825 2597 881 2650; x_wconf 91' lang='lat' dir='ltr'><strong>in</strong></span> <span class='ocrx_word' id='word_1_327' title='bbox 923 2596 1057 2651; x_wconf 89' lang='lat' dir='ltr'><strong>urbe</strong></span> <span class='ocrx_word' id='word_1_328' title='bbox 1095 2594 1184 2651; x_wconf 89' lang='lat' dir='ltr'><strong>illa</strong></span> <span class='ocrx_word' id='word_1_329' title='bbox 1213 2610 1357 2659; x_wconf 87' lang='lat' dir='ltr'><strong>esse,</strong></span> <span class='ocrx_word' id='word_1_330' title='bbox 1391 2595 1483 2651; x_wconf 90' lang='lat' dir='ltr'><strong>ubi</strong></span> <span class='ocrx_word' id='word_1_331' title='bbox 1510 2594 1885 2649; x_wconf 84' lang='lat' dir='ltr'><strong>venerabundi</strong></span> <span class='ocrx_word' id='word_1_332' title='bbox 1923 2595 2071 2650; x_wconf 89' lang='lat' dir='ltr'><strong>cives</strong></span> <span class='ocrx_word' id='word_1_333' title='bbox 2108 2595 2228 2650; x_wconf 90' lang='lat' dir='ltr'><strong>loca</strong></span> <span class='ocrx_word' id='word_1_334' title='bbox 2259 2610 2355 2650; x_wconf 88' lang='lat' dir='ltr'><strong>seu</strong></span> <span class='ocrx_word' id='word_1_335' title='bbox 2379 2596 2547 2661; x_wconf 87' lang='lat' dir='ltr'><strong>aedes,</strong></span> <span class='ocrx_word' id='word_1_336' title='bbox 2582 2597 2635 2650; x_wconf 90' lang='lat' dir='ltr'><strong>in</strong></span> <span class='ocrx_word' id='word_1_337' title='bbox 2668 2597 2826 2666; x_wconf 90' lang='lat' dir='ltr'><strong>queis</strong></span> <span class='ocrx_word' id='word_1_338' title='bbox 2848 2596 3048 2652; x_wconf 79' lang='lat' dir='ltr'><strong>Paulus</strong></span> <span class='ocrx_word' id='word_1_339' title='bbox 3080 2604 3383 2664; x_wconf 89' lang='lat' dir='ltr'><strong>manserat,</strong></span> <span class='ocrx_word' id='word_1_340' title='bbox 3414 2597 3624 2651; x_wconf 87' lang='lat' dir='ltr'><strong>invise-</strong></span> 
     </span>
    </p>
   </div>
   <div class='ocr_carea' id='block_1_26' title="bbox 322 2688 3619 2762">
    <p class='ocr_par' dir='ltr' id='par_1_26' title="bbox 322 2688 3619 2762">
     <span class='ocr_line' id='line_1_26' title="bbox 322 2688 3619 2762; baseline -0.002 -11"><span class='ocrx_word' id='word_1_341' title='bbox 322 2697 483 2751; x_wconf 82' lang='lat' dir='ltr'><strong>bant.</strong></span> <span class='ocrx_word' id='word_1_342' title='bbox 506 2695 704 2747; x_wconf 81' lang='lat' dir='ltr'><strong>Annon</strong></span> <span class='ocrx_word' id='word_1_343' title='bbox 732 2691 970 2762; x_wconf 88' lang='lat' dir='ltr'><strong>idipsum</strong></span> <span class='ocrx_word' id='word_1_344' title='bbox 1002 2698 1141 2752; x_wconf 84' lang='lat' dir='ltr'><strong>erat,</strong></span> <span class='ocrx_word' id='word_1_345' title='bbox 1178 2705 1243 2745; x_wconf 89' lang='lat' dir='ltr'><strong>ac</strong></span> <span class='ocrx_word' id='word_1_346' title='bbox 1271 2689 1316 2744; x_wconf 91' lang='lat' dir='ltr'><strong>si</strong></span> <span class='ocrx_word' id='word_1_347' title='bbox 1338 2689 1567 2744; x_wconf 82' lang='lat' dir='ltr'><strong>dixisset</strong></span> <span class='ocrx_word' id='word_1_348' title='bbox 1588 2705 1647 2744; x_wconf 84' lang='lat' dir='ltr'><strong>se</strong></span> <span class='ocrx_word' id='word_1_349' title='bbox 1679 2688 1987 2744; x_wconf 65' lang='lat' dir='ltr'><strong>Antiochiae</strong></span> <span class='ocrx_word' id='word_1_350' title='bbox 2011 2689 2364 2744; x_wconf 87' lang='lat' dir='ltr'><strong>concionari?</strong></span> <span class='ocrx_word' id='word_1_351' title='bbox 2394 2690 2464 2745; x_wconf 87' lang='lat' dir='ltr'><strong>At</strong></span> <span class='ocrx_word' id='word_1_352' title='bbox 2503 2705 2624 2744; x_wconf 88' lang='lat' dir='ltr'><strong>sese</strong></span> <span class='ocrx_word' id='word_1_353' title='bbox 2667 2691 2785 2755; x_wconf 87' lang='lat' dir='ltr'><strong>ille,</strong></span> <span class='ocrx_word' id='word_1_354' title='bbox 2812 2689 3051 2762; x_wconf 87' lang='lat' dir='ltr'><strong>inquies,</strong></span> <span class='ocrx_word' id='word_1_355' title='bbox 3085 2692 3140 2746; x_wconf 91' lang='lat' dir='ltr'><strong>in</strong></span> <span class='ocrx_word' id='word_1_356' title='bbox 3168 2691 3270 2745; x_wconf 87' lang='lat' dir='ltr'><strong>alia</strong></span> <span class='ocrx_word' id='word_1_357' title='bbox 3304 2691 3359 2745; x_wconf 92' lang='lat' dir='ltr'><strong>in</strong></span> <span class='ocrx_word' id='word_1_358' title='bbox 3391 2689 3619 2760; x_wconf 86' lang='lat' dir='ltr'><strong>Episto-</strong></span> 
     </span>
    </p>
   </div>
   <div class='ocr_carea' id='block_1_27' title="bbox 321 2779 3622 2853">
    <p class='ocr_par' dir='ltr' id='par_1_27' title="bbox 321 2779 3622 2853">
     <span class='ocr_line' id='line_1_27' title="bbox 321 2779 3622 2853; baseline -0.003 -7"><span class='ocrx_word' id='word_1_359' title='bbox 321 2791 439 2845; x_wconf 83' lang='lat' dir='ltr'><strong>lam</strong></span> <span class='ocrx_word' id='word_1_360' title='bbox 469 2787 537 2843; x_wconf 88' lang='lat' dir='ltr'><strong>ad</strong></span> <span class='ocrx_word' id='word_1_361' title='bbox 562 2784 837 2839; x_wconf 76' lang='lat' dir='ltr'><strong>Romanos</strong></span> <span class='ocrx_word' id='word_1_362' title='bbox 862 2782 1131 2839; x_wconf 85' lang='lat' dir='ltr'><strong>concione</strong></span> <span class='ocrx_word' id='word_1_363' title='bbox 1161 2790 1436 2853; x_wconf 84' lang='lat' dir='ltr'><strong>pastorem</strong></span> <span class='ocrx_word' id='word_1_364' title='bbox 1461 2788 1638 2837; x_wconf 88' lang='lat' dir='ltr'><strong>vocat.</strong></span> <span class='ocrx_word' id='word_1_365' title='bbox 1675 2779 1821 2835; x_wconf 84' lang='lat' dir='ltr'><strong>Sane</strong></span> <span class='ocrx_word' id='word_1_366' title='bbox 1846 2789 2031 2835; x_wconf 88' lang='lat' dir='ltr'><strong>utrum</strong></span> <span class='ocrx_word' id='word_1_367' title='bbox 2063 2780 2117 2837; x_wconf 91' lang='lat' dir='ltr'><strong>in</strong></span> <span class='ocrx_word' id='word_1_368' title='bbox 2150 2797 2316 2851; x_wconf 88' lang='lat' dir='ltr'><strong>supra</strong></span> <span class='ocrx_word' id='word_1_369' title='bbox 2354 2793 2659 2837; x_wconf 88' lang='lat' dir='ltr'><strong>memorato</strong></span> <span class='ocrx_word' id='word_1_370' title='bbox 2696 2784 2817 2838; x_wconf 90' lang='lat' dir='ltr'><strong>loco</strong></span> <span class='ocrx_word' id='word_1_371' title='bbox 2859 2798 2982 2838; x_wconf 89' lang='lat' dir='ltr'><strong>sese</strong></span> <span class='ocrx_word' id='word_1_372' title='bbox 3018 2789 3294 2853; x_wconf 86' lang='lat' dir='ltr'><strong>pastorem</strong></span> <span class='ocrx_word' id='word_1_373' title='bbox 3318 2783 3622 2848; x_wconf 81' lang='lat' dir='ltr'><strong>vocaverit,</strong></span> 
     </span>
    </p>
   </div>
   <div class='ocr_carea' id='block_1_28' title="bbox 323 2872 3622 2957">
    <p class='ocr_par' dir='ltr' id='par_1_28' title="bbox 323 2872 3622 2957">
     <span class='ocr_line' id='line_1_28' title="bbox 323 2872 3622 2957; baseline -0.003 -16"><span class='ocrx_word' id='word_1_374' title='bbox 323 2891 523 2957; x_wconf 84' lang='lat' dir='ltr'><strong>posset</strong></span> <span class='ocrx_word' id='word_1_375' title='bbox 557 2882 789 2937; x_wconf 86' lang='lat' dir='ltr'><strong>fortasse</strong></span> <span class='ocrx_word' id='word_1_376' title='bbox 821 2878 875 2932; x_wconf 91' lang='lat' dir='ltr'><strong>in</strong></span> <span class='ocrx_word' id='word_1_377' title='bbox 908 2875 1342 2934; x_wconf 87' lang='lat' dir='ltr'><strong>controversiam</strong></span> <span class='ocrx_word' id='word_1_378' title='bbox 1374 2874 1591 2941; x_wconf 85' lang='lat' dir='ltr'><strong>vocari;</strong></span> <span class='ocrx_word' id='word_1_379' title='bbox 1622 2875 1718 2929; x_wconf 92' lang='lat' dir='ltr'><strong>sed</strong></span> <span class='ocrx_word' id='word_1_380' title='bbox 1739 2873 1956 2928; x_wconf 89' lang='lat' dir='ltr'><strong>etiamsi</strong></span> <span class='ocrx_word' id='word_1_381' title='bbox 1996 2889 2055 2928; x_wconf 89' lang='lat' dir='ltr'><strong>se</strong></span> <span class='ocrx_word' id='word_1_382' title='bbox 2095 2874 2255 2928; x_wconf 88' lang='lat' dir='ltr'><strong>talem</strong></span> <span class='ocrx_word' id='word_1_383' title='bbox 2287 2873 2507 2939; x_wconf 86' lang='lat' dir='ltr'><strong>dixerit,</strong></span> <span class='ocrx_word' id='word_1_384' title='bbox 2542 2872 2673 2943; x_wconf 92' lang='lat' dir='ltr'><strong>quid</strong></span> <span class='ocrx_word' id='word_1_385' title='bbox 2710 2882 2825 2928; x_wconf 89' lang='lat' dir='ltr'><strong>tum</strong></span> <span class='ocrx_word' id='word_1_386' title='bbox 2859 2875 3099 2944; x_wconf 89' lang='lat' dir='ltr'><strong>postea?</strong></span> <span class='ocrx_word' id='word_1_387' title='bbox 3140 2889 3326 2929; x_wconf 91' lang='lat' dir='ltr'><strong>annon</strong></span> <span class='ocrx_word' id='word_1_388' title='bbox 3360 2876 3622 2932; x_wconf 87' lang='lat' dir='ltr'><strong>sacerdo-</strong></span> 
     </span>
    </p>
   </div>
   <div class='ocr_carea' id='block_1_29' title="bbox 329 2964 3627 3040">
    <p class='ocr_par' dir='ltr' id='par_1_29' title="bbox 329 2964 3627 3040">
     <span class='ocr_line' id='line_1_29' title="bbox 329 2964 3627 3040; baseline -0.002 -10"><span class='ocrx_word' id='word_1_389' title='bbox 329 2984 418 3031; x_wconf 88' lang='lat' dir='ltr'><strong>tes</strong></span> <span class='ocrx_word' id='word_1_390' title='bbox 437 2974 551 3039; x_wconf 90' lang='lat' dir='ltr'><strong>alii,</strong></span> <span class='ocrx_word' id='word_1_391' title='bbox 582 2987 693 3028; x_wconf 85' lang='lat' dir='ltr'><strong>uon</strong></span> <span class='ocrx_word' id='word_1_392' title='bbox 728 2966 992 3040; x_wconf 89' lang='lat' dir='ltr'><strong>episcopi,</strong></span> <span class='ocrx_word' id='word_1_393' title='bbox 1027 2967 1120 3038; x_wconf 89' lang='lat' dir='ltr'><strong>qui</strong></span> <span class='ocrx_word' id='word_1_394' title='bbox 1148 2967 1333 3022; x_wconf 87' lang='lat' dir='ltr'><strong>ovium</strong></span> <span class='ocrx_word' id='word_1_395' title='bbox 1359 2964 1562 3020; x_wconf 82' lang='lat' dir='ltr'><strong>Christi</strong></span> <span class='ocrx_word' id='word_1_396' title='bbox 1594 2981 1782 3020; x_wconf 90' lang='lat' dir='ltr'><strong>curam</strong></span> <span class='ocrx_word' id='word_1_397' title='bbox 1817 2965 2042 3029; x_wconf 88' lang='lat' dir='ltr'><strong>habent,</strong></span> <span class='ocrx_word' id='word_1_398' title='bbox 2072 2973 2322 3035; x_wconf 86' lang='lat' dir='ltr'><strong>pastores</strong></span> <span class='ocrx_word' id='word_1_399' title='bbox 2354 2973 2483 3020; x_wconf 88' lang='lat' dir='ltr'><strong>sunt</strong></span> <span class='ocrx_word' id='word_1_400' title='bbox 2511 2974 2568 3020; x_wconf 91' lang='lat' dir='ltr'><strong>et</strong></span> <span class='ocrx_word' id='word_1_401' title='bbox 2600 2966 2915 3021; x_wconf 87' lang='lat' dir='ltr'><strong>vocantur?</strong></span> <span class='ocrx_word' id='word_1_402' title='bbox 2939 2966 3180 3022; x_wconf 80' lang='lat' dir='ltr'><strong>Joannes</strong></span> <span class='ocrx_word' id='word_1_403' title='bbox 3206 2983 3340 3023; x_wconf 84' lang='lat' dir='ltr'><strong>vero</strong></span> <span class='ocrx_word' id='word_1_404' title='bbox 3387 2968 3627 3040; x_wconf 86' lang='lat' dir='ltr'><strong>Chryso-</strong></span> 
     </span>
    </p>
   </div>
   <div class='ocr_carea' id='block_1_30' title="bbox 328 3057 3625 3132">
    <p class='ocr_par' dir='ltr' id='par_1_30' title="bbox 328 3057 3625 3132">
     <span class='ocr_line' id='line_1_30' title="bbox 328 3057 3625 3132; baseline -0.001 -11"><span class='ocrx_word' id='word_1_405' title='bbox 328 3077 543 3121; x_wconf 73' lang='lat' dir='ltr'><strong>atomus</strong></span> <span class='ocrx_word' id='word_1_406' title='bbox 573 3061 804 3117; x_wconf 86' lang='lat' dir='ltr'><strong>llomilia</strong></span> <span class='ocrx_word' id='word_1_407' title='bbox 836 3060 891 3114; x_wconf 92' lang='lat' dir='ltr'><strong>in</strong></span> <span class='ocrx_word' id='word_1_408' title='bbox 917 3059 1101 3114; x_wconf 79' lang='lat' dir='ltr'><strong>Terrae</strong></span> <span class='ocrx_word' id='word_1_409' title='bbox 1126 3066 1336 3114; x_wconf 89' lang='lat' dir='ltr'><strong>motum</strong></span> <span class='ocrx_word' id='word_1_410' title='bbox 1368 3067 1425 3114; x_wconf 88' lang='lat' dir='ltr'><strong>et</strong></span> <span class='ocrx_word' id='word_1_411' title='bbox 1452 3057 1717 3114; x_wconf 85' lang='lat' dir='ltr'><strong>Lazarum</strong></span> <span class='ocrx_word' id='word_1_412' title='bbox 1747 3071 1881 3113; x_wconf 86' lang='lat' dir='ltr'><strong>tom.</strong></span> <span class='ocrx_word' id='word_1_413' title='bbox 1913 3058 2087 3120; x_wconf 72' lang='lat' dir='ltr'><strong>lico].</strong></span> <span class='ocrx_word' id='word_1_414' title='bbox 2116 3058 2304 3125; x_wconf 71' lang='lat'><strong>1029),</strong></span> <span class='ocrx_word' id='word_1_415' title='bbox 2350 3073 2473 3126; x_wconf 75' lang='lat' dir='ltr'><strong>qua:</strong></span> <span class='ocrx_word' id='word_1_416' title='bbox 2520 3057 2665 3113; x_wconf 87' lang='lat' dir='ltr'><strong>haud</strong></span> <span class='ocrx_word' id='word_1_417' title='bbox 2712 3058 2878 3114; x_wconf 90' lang='lat' dir='ltr'><strong>dubie</strong></span> <span class='ocrx_word' id='word_1_418' title='bbox 2927 3058 3237 3116; x_wconf 72' lang='lat' dir='ltr'><strong>Antiochia:</strong></span> <span class='ocrx_word' id='word_1_419' title='bbox 3282 3060 3469 3117; x_wconf 88' lang='lat' dir='ltr'><strong>habita</strong></span> <span class='ocrx_word' id='word_1_420' title='bbox 3500 3062 3625 3132; x_wconf 81' lang='lat' dir='ltr'><strong>fuit,</strong></span> 
     </span>
    </p>
   </div>
   <div class='ocr_carea' id='block_1_31' title="bbox 333 3151 3091 3223">
    <p class='ocr_par' dir='ltr' id='par_1_31' title="bbox 333 3151 3091 3223">
     <span class='ocr_line' id='line_1_31' title="bbox 333 3151 3091 3223; baseline -0.001 -11"><span class='ocrx_word' id='word_1_421' title='bbox 333 3174 457 3212; x_wconf 82' lang='lat' dir='ltr'><strong>sese</strong></span> <span class='ocrx_word' id='word_1_422' title='bbox 484 3172 591 3211; x_wconf 92' lang='lat' dir='ltr'><strong>non</strong></span> <span class='ocrx_word' id='word_1_423' title='bbox 616 3155 852 3216; x_wconf 76' lang='lat' dir='ltr'><strong>obscure</strong></span> <span class='ocrx_word' id='word_1_424' title='bbox 874 3160 1151 3223; x_wconf 89' lang='lat' dir='ltr'><strong>pastorem</strong></span> <span class='ocrx_word' id='word_1_425' title='bbox 1181 3159 1238 3206; x_wconf 88' lang='lat' dir='ltr'><strong>et</strong></span> <span class='ocrx_word' id='word_1_426' title='bbox 1267 3151 1415 3206; x_wconf 89' lang='lat' dir='ltr'><strong>clare</strong></span> <span class='ocrx_word' id='word_1_427' title='bbox 1444 3159 1703 3218; x_wconf 86' lang='lat' dir='ltr'><strong>satorem,</strong></span> <span class='ocrx_word' id='word_1_428' title='bbox 1731 3151 2035 3215; x_wconf 86' lang='lat' dir='ltr'><strong>doctorem,</strong></span> <span class='ocrx_word' id='word_1_429' title='bbox 2070 3151 2341 3207; x_wconf 90' lang='lat' dir='ltr'><strong>medicum</strong></span> <span class='ocrx_word' id='word_1_430' title='bbox 2379 3160 2436 3207; x_wconf 89' lang='lat' dir='ltr'><strong>et</strong></span> <span class='ocrx_word' id='word_1_431' title='bbox 2473 3152 2875 3222; x_wconf 85' lang='lat' dir='ltr'><strong>speculatorem</strong></span> <span class='ocrx_word' id='word_1_432' title='bbox 2910 3162 3091 3209; x_wconf 83' lang='lat' dir='ltr'><strong>vocat.</strong></span> 
     </span>
    </p>
   </div>
   <div class='ocr_carea' id='block_1_32' title="bbox 411 3243 3628 3321">
    <p class='ocr_par' dir='ltr' id='par_1_32' title="bbox 411 3243 3628 3321">
     <span class='ocr_line' id='line_1_32' title="bbox 411 3243 3628 3321; baseline -0.001 -16"><span class='ocrx_word' id='word_1_433' title='bbox 411 3252 489 3305; x_wconf 85' lang='lat' dir='ltr'><strong>En</strong></span> <span class='ocrx_word' id='word_1_434' title='bbox 510 3250 655 3305; x_wconf 85' lang='lat' dir='ltr'><strong>illius</strong></span> <span class='ocrx_word' id='word_1_435' title='bbox 682 3247 890 3305; x_wconf 85' lang='lat' dir='ltr'><strong>verba:</strong></span> <span class='ocrx_word' id='word_1_436' title='bbox 931 3243 1071 3298; x_wconf 81' lang='grc' dir='ltr'>Ἀλλ’</span> <span class='ocrx_word' id='word_1_437' title='bbox 1102 3245 1248 3316; x_wconf 75' lang='grc' dir='ltr'>ἐρεῖς</span> <span class='ocrx_word' id='word_1_438' title='bbox 1285 3262 1396 3315; x_wconf 85' lang='grc' dir='ltr'>μοι,</span> <span class='ocrx_word' id='word_1_439' title='bbox 1438 3244 1534 3298; x_wconf 56' lang='grc' dir='ltr'><strong>καὶ⁸</strong></span> <span class='ocrx_word' id='word_1_440' title='bbox 1578 3244 1632 3298; x_wconf 73' lang='grc' dir='ltr'><strong>τί</strong></span> <span class='ocrx_word' id='word_1_441' title='bbox 1669 3244 1900 3313; x_wconf 77' lang='grc' dir='ltr'>ὠφελεῖς</span> <span class='ocrx_word' id='word_1_442' title='bbox 1941 3244 2147 3314; x_wconf 77' lang='grc' dir='ltr'>λέγωνς</span> <span class='ocrx_word' id='word_1_443' title='bbox 2196 3244 2427 3315; x_wconf 72' lang='grc' dir='ltr'>Ὠφελῶ,</span> <span class='ocrx_word' id='word_1_444' title='bbox 2460 3246 2556 3299; x_wconf 81' lang='grc' dir='ltr'><strong>ἐάν</strong></span> <span class='ocrx_word' id='word_1_445' title='bbox 2591 3245 2675 3310; x_wconf 75' lang='grc' dir='ltr'>τξς</span> <span class='ocrx_word' id='word_1_446' title='bbox 2722 3263 2825 3316; x_wconf 88' lang='grc' dir='ltr'><strong>μου</strong></span> <span class='ocrx_word' id='word_1_447' title='bbox 2858 3244 3055 3319; x_wconf 77' lang='grc' dir='ltr'><strong>ἀκούῃ.</strong></span> <span class='ocrx_word' id='word_1_448' title='bbox 3101 3246 3245 3316; x_wconf 81' lang='grc' dir='ltr'><strong>Ἐγὼ</strong></span> <span class='ocrx_word' id='word_1_449' title='bbox 3280 3248 3343 3302; x_wconf 81' lang='grc' dir='ltr'>τὸ</span> <span class='ocrx_word' id='word_1_450' title='bbox 3385 3246 3628 3321; x_wconf 70' lang='grc' dir='ltr'>ιμαυτοῦ</span> 
     </span>
    </p>
   </div>
   <div class='ocr_carea' id='block_1_33' title="bbox 332 3337 3624 3416">
    <p class='ocr_par' dir='ltr' id='par_1_33' title="bbox 332 3337 3624 3416">
     <span class='ocr_line' id='line_1_33' title="bbox 332 3337 3624 3416; baseline 0 -18"><span class='ocrx_word' id='word_1_451' title='bbox 332 3344 497 3398; x_wconf 82' lang='grc' dir='ltr'>ποιῶ·</span> <span class='ocrx_word' id='word_1_452' title='bbox 526 3346 556 3398; x_wconf 88' lang='lat'><strong>6</strong></span> <span class='ocrx_word' id='word_1_453' title='bbox 583 3342 829 3415; x_wconf 71' lang='grc' dir='ltr'>σπείρων</span> <span class='ocrx_word' id='word_1_454' title='bbox 864 3340 1104 3408; x_wconf 81' lang='grc' dir='ltr'><strong>σπείρει.</strong></span> <span class='ocrx_word' id='word_1_455' title='bbox 1141 3337 1398 3410; x_wconf 83' lang='grc' dir='ltr'>Ἐξῆλθεν</span> <span class='ocrx_word' id='word_1_456' title='bbox 1425 3337 1454 3390; x_wconf 84' lang='grc' dir='ltr'>ὁ</span> <span class='ocrx_word' id='word_1_457' title='bbox 1487 3339 1732 3409; x_wconf 86' lang='grc' dir='ltr'>σπείρων</span> <span class='ocrx_word' id='word_1_458' title='bbox 1759 3339 1853 3393; x_wconf 82' lang='grc' dir='ltr'>τοῦ</span> <span class='ocrx_word' id='word_1_459' title='bbox 1881 3342 2126 3410; x_wconf 68' lang='grc' dir='ltr'>σπεῖραν</span> <span class='ocrx_word' id='word_1_460' title='bbox 2155 3341 2250 3393; x_wconf 69' lang='grc' dir='ltr'><strong>καὶ</strong></span> <span class='ocrx_word' id='word_1_461' title='bbox 2281 3339 2351 3394; x_wconf 74' lang='grc' dir='ltr'>τὰ</span> <span class='ocrx_word' id='word_1_462' title='bbox 2384 3340 2484 3410; x_wconf 80' lang='grc' dir='ltr'>μὲν</span> <span class='ocrx_word' id='word_1_463' title='bbox 2517 3343 2681 3395; x_wconf 74' lang='grc' dir='ltr'>ἔπεσε</span> <span class='ocrx_word' id='word_1_464' title='bbox 2726 3341 2880 3414; x_wconf 79' lang='grc' dir='ltr'>παρὰ</span> <span class='ocrx_word' id='word_1_465' title='bbox 2915 3343 3016 3416; x_wconf 77' lang='grc' dir='ltr'>τὴν</span> <span class='ocrx_word' id='word_1_466' title='bbox 3045 3343 3189 3409; x_wconf 81' lang='grc' dir='ltr'>ὁδὸν,</span> <span class='ocrx_word' id='word_1_467' title='bbox 3222 3344 3289 3398; x_wconf 75' lang='grc' dir='ltr'><strong>τὰ</strong></span> <span class='ocrx_word' id='word_1_468' title='bbox 3314 3343 3370 3397; x_wconf 81' lang='grc' dir='ltr'>δὲ</span> <span class='ocrx_word' id='word_1_469' title='bbox 3401 3344 3496 3399; x_wconf 71' lang='grc' dir='ltr'><strong>ἐπὶ</strong></span> <span class='ocrx_word' id='word_1_470' title='bbox 3521 3343 3624 3415; x_wconf 79' lang='grc' dir='ltr'>τὴν</span> 
     </span>
    </p>
   </div>
   <div class='ocr_carea' id='block_1_34' title="bbox 331 3430 3631 3511">
    <p class='ocr_par' dir='ltr' id='par_1_34' title="bbox 331 3430 3631 3511">
     <span class='ocr_line' id='line_1_34' title="bbox 331 3430 3631 3511; baseline -0 -19"><span class='ocrx_word' id='word_1_471' title='bbox 331 3439 574 3511; x_wconf 75' lang='grc' dir='ltr'>πέτραν,</span> <span class='ocrx_word' id='word_1_472' title='bbox 611 3436 682 3492; x_wconf 76' lang='grc' dir='ltr'>τὰ</span> <span class='ocrx_word' id='word_1_473' title='bbox 719 3435 779 3489; x_wconf 79' lang='grc' dir='ltr'>δὲ</span> <span class='ocrx_word' id='word_1_474' title='bbox 819 3434 916 3488; x_wconf 72' lang='grc' dir='ltr'><strong>ἐπὶ</strong></span> <span class='ocrx_word' id='word_1_475' title='bbox 959 3433 1058 3497; x_wconf 85' lang='grc' dir='ltr'>τὰς</span> <span class='ocrx_word' id='word_1_476' title='bbox 1087 3433 1353 3497; x_wconf 78' lang='grc' dir='ltr'>ἀκάνθας,</span> <span class='ocrx_word' id='word_1_477' title='bbox 1390 3430 1459 3486; x_wconf 76' lang='grc' dir='ltr'>τὰ</span> <span class='ocrx_word' id='word_1_478' title='bbox 1483 3430 1542 3484; x_wconf 81' lang='grc' dir='ltr'>δὲ</span> <span class='ocrx_word' id='word_1_479' title='bbox 1571 3431 1667 3485; x_wconf 74' lang='grc' dir='ltr'><strong>ἐπὶ</strong></span> <span class='ocrx_word' id='word_1_480' title='bbox 1691 3431 1792 3501; x_wconf 80' lang='grc' dir='ltr'>τὴν</span> <span class='ocrx_word' id='word_1_481' title='bbox 1813 3431 1918 3502; x_wconf 62' lang='grc' dir='ltr'><strong>γῆν</strong></span> <span class='ocrx_word' id='word_1_482' title='bbox 1948 3430 2047 3503; x_wconf 83' lang='grc' dir='ltr'>τὴν</span> <span class='ocrx_word' id='word_1_483' title='bbox 2083 3430 2279 3502; x_wconf 73' lang='grc' dir='ltr'>καλήνσ</span> <span class='ocrx_word' id='word_1_484' title='bbox 2306 3431 2433 3504; x_wconf 84' lang='grc' dir='ltr'>τρία</span> <span class='ocrx_word' id='word_1_485' title='bbox 2466 3434 2610 3505; x_wconf 81' lang='grc' dir='ltr'>μέρη</span> <span class='ocrx_word' id='word_1_486' title='bbox 2645 3432 2919 3502; x_wconf 81' lang='grc' dir='ltr'><strong>ἀπώλετο,</strong></span> <span class='ocrx_word' id='word_1_487' title='bbox 2954 3435 3049 3488; x_wconf 72' lang='grc' dir='ltr'><strong>καὶ</strong></span> <span class='ocrx_word' id='word_1_488' title='bbox 3073 3434 3132 3489; x_wconf 83' lang='grc' dir='ltr'>ἓν</span> <span class='ocrx_word' id='word_1_489' title='bbox 3163 3435 3370 3508; x_wconf 74' lang='grc' dir='ltr'>ὲσὼθηο</span> <span class='ocrx_word' id='word_1_490' title='bbox 3400 3436 3495 3490; x_wconf 76' lang='grc' dir='ltr'><strong>καὶ</strong></span> <span class='ocrx_word' id='word_1_491' title='bbox 3527 3437 3631 3492; x_wconf 75' lang='grc' dir='ltr'>οὐκ</span> 
     </span>
    </p>
   </div>
   <div class='ocr_carea' id='block_1_35' title="bbox 327 3526 3630 3606">
    <p class='ocr_par' dir='ltr' id='par_1_35' title="bbox 327 3526 3630 3606">
     <span class='ocr_line' id='line_1_35' title="bbox 327 3526 3630 3606; baseline -0.001 -14"><span class='ocrx_word' id='word_1_492' title='bbox 327 3539 551 3606; x_wconf 79' lang='grc' dir='ltr'><strong>ἀπέστη</strong></span> <span class='ocrx_word' id='word_1_493' title='bbox 580 3535 679 3605; x_wconf 83' lang='grc' dir='ltr'>τῆς</span> <span class='ocrx_word' id='word_1_494' title='bbox 707 3530 1010 3603; x_wconf 82' lang='grc' dir='ltr'>γεωργίας,</span> <span class='ocrx_word' id='word_1_495' title='bbox 1033 3529 1149 3584; x_wconf 80' lang='grc' dir='ltr'>ἀλλ’</span> <span class='ocrx_word' id='word_1_496' title='bbox 1180 3528 1369 3599; x_wconf 82' lang='grc' dir='ltr'>ἐπειδὴ</span> <span class='ocrx_word' id='word_1_497' title='bbox 1410 3526 1470 3582; x_wconf 77' lang='grc' dir='ltr'>ἓν</span> <span class='ocrx_word' id='word_1_498' title='bbox 1506 3527 1838 3593; x_wconf 76' lang='grc' dir='ltr'>διεσώζετο,</span> <span class='ocrx_word' id='word_1_499' title='bbox 1875 3528 1976 3583; x_wconf 84' lang='grc' dir='ltr'><strong>οὐκ</strong></span> <span class='ocrx_word' id='word_1_500' title='bbox 2025 3528 2308 3582; x_wconf 74' lang='grc' dir='ltr'>ἐπαύσατο</span> <span class='ocrx_word' id='word_1_501' title='bbox 2347 3530 2445 3600; x_wconf 82' lang='grc' dir='ltr'><strong>τῆς</strong></span> <span class='ocrx_word' id='word_1_502' title='bbox 2495 3531 2785 3601; x_wconf 80' lang='grc' dir='ltr'>γηπονίας.</span> <span class='ocrx_word' id='word_1_503' title='bbox 2829 3575 2842 3588; x_wconf 95' lang='grc'><strong><em>.</em></strong></span> <span class='ocrx_word' id='word_1_504' title='bbox 2878 3572 2894 3587; x_wconf 91' lang='grc'><strong>.</strong></span> <span class='ocrx_word' id='word_1_505' title='bbox 2929 3572 2945 3588; x_wconf 90' lang='grc'><strong>.</strong></span> <span class='ocrx_word' id='word_1_506' title='bbox 2982 3575 2995 3589; x_wconf 91' lang='grc'><strong>.</strong></span> <span class='ocrx_word' id='word_1_507' title='bbox 3038 3532 3163 3587; x_wconf 75' lang='grc' dir='ltr'>ἐπεὶ</span> <span class='ocrx_word' id='word_1_508' title='bbox 3203 3532 3300 3586; x_wconf 70' lang='grc' dir='ltr'><strong>καὶ</strong></span> <span class='ocrx_word' id='word_1_509' title='bbox 3344 3534 3374 3588; x_wconf 88' lang='lat'><strong>6</strong></span> <span class='ocrx_word' id='word_1_510' title='bbox 3422 3532 3630 3605; x_wconf 68' lang='grc' dir='ltr'>ποιμὴν</span> 
     </span>
    </p>
   </div>
   <div class='ocr_carea' id='block_1_36' title="bbox 329 3620 3629 3699">
    <p class='ocr_par' dir='ltr' id='par_1_36' title="bbox 329 3620 3629 3699">
     <span class='ocr_line' id='line_1_36' title="bbox 329 3620 3629 3699; baseline -0.001 -15"><span class='ocrx_word' id='word_1_511' title='bbox 329 3632 545 3692; x_wconf 70' lang='grc' dir='ltr'>ἐκεῖνος</span> <span class='ocrx_word' id='word_1_512' title='bbox 580 3628 651 3682; x_wconf 82' lang='grc' dir='ltr'>τὰ</span> <span class='ocrx_word' id='word_1_513' title='bbox 692 3623 1213 3694; x_wconf 79' lang='grc' dir='ltr'>ὲννενηκονταεννέα</span> <span class='ocrx_word' id='word_1_514' title='bbox 1245 3621 1498 3695; x_wconf 74' lang='grc' dir='ltr'>πρόϐατα</span> <span class='ocrx_word' id='word_1_515' title='bbox 1538 3620 1882 3686; x_wconf 84' lang='grc' dir='ltr'>καταλιπὼν,</span> <span class='ocrx_word' id='word_1_516' title='bbox 1922 3623 2017 3676; x_wconf 73' lang='grc' dir='ltr'><strong>ἐπὶ</strong></span> <span class='ocrx_word' id='word_1_517' title='bbox 2069 3621 2132 3676; x_wconf 76' lang='grc' dir='ltr'><strong>τὸ</strong></span> <span class='ocrx_word' id='word_1_518' title='bbox 2171 3622 2229 3675; x_wconf 77' lang='grc' dir='ltr'>ἓν</span> <span class='ocrx_word' id='word_1_519' title='bbox 2283 3622 2347 3677; x_wconf 79' lang='grc' dir='ltr'>τὸ</span> <span class='ocrx_word' id='word_1_520' title='bbox 2395 3625 2817 3698; x_wconf 85' lang='grc' dir='ltr'>πεπλανημένον</span> <span class='ocrx_word' id='word_1_521' title='bbox 2866 3626 3123 3699; x_wconf 82' lang='grc' dir='ltr'>ἔδραμεν.</span> <span class='ocrx_word' id='word_1_522' title='bbox 3175 3626 3255 3683; x_wconf 81' lang='grc' dir='ltr'><strong>Οὐ</strong></span> <span class='ocrx_word' id='word_1_523' title='bbox 3296 3627 3629 3697; x_wconf 84' lang='grc' dir='ltr'>καταφρονῶ</span> 
     </span>
    </p>
   </div>
   <div class='ocr_carea' id='block_1_37' title="bbox 332 3713 1956 3795">
    <p class='ocr_par' dir='ltr' id='par_1_37' title="bbox 332 3713 1956 3794">
     <span class='ocr_line' id='line_1_37' title="bbox 332 3713 1956 3794; baseline -0.006 -16"><span class='ocrx_word' id='word_1_524' title='bbox 332 3721 655 3794; x_wconf 80' lang='grc' dir='ltr'>ἀνθρώπου·</span> <span class='ocrx_word' id='word_1_525' title='bbox 685 3718 789 3773; x_wconf 78' lang='grc' dir='ltr'>κᾶν</span> <span class='ocrx_word' id='word_1_526' title='bbox 808 3713 890 3784; x_wconf 79' lang='grc' dir='ltr'>εἷς</span> <span class='ocrx_word' id='word_1_527' title='bbox 914 3714 973 3794; x_wconf 78' lang='grc' dir='ltr'>ᾖ,</span> <span class='ocrx_word' id='word_1_528' title='bbox 995 3716 1287 3789; x_wconf 81' lang='grc' dir='ltr'>ἄνθρωπός</span> <span class='ocrx_word' id='word_1_529' title='bbox 1314 3716 1456 3781; x_wconf 70' lang='grc' dir='ltr'>ἐστι,</span> <span class='ocrx_word' id='word_1_530' title='bbox 1484 3714 1549 3769; x_wconf 81' lang='grc' dir='ltr'>τὸ</span> <span class='ocrx_word' id='word_1_531' title='bbox 1577 3715 1956 3786; x_wconf 83' lang='grc' dir='ltr'>περισπούδαο</span> 
     </span>
    </p>
   </div>
   <div class='ocr_carea' id='block_1_38' title="bbox 2003 3713 3627 3795">
    <p class='ocr_par' dir='ltr' id='par_1_38' title="bbox 2003 3714 3627 3795">
     <span class='ocr_line' id='line_1_38' title="bbox 2003 3714 3627 3795; baseline 0.006 -26"><span class='ocrx_word' id='word_1_532' title='bbox 2003 3733 2055 3769; x_wconf 80' lang='grc' dir='ltr'><strong>ον</strong></span> <span class='ocrx_word' id='word_1_533' title='bbox 2082 3715 2163 3786; x_wconf 80' lang='grc' dir='ltr'>τῷ</span> <span class='ocrx_word' id='word_1_534' title='bbox 2198 3714 2318 3785; x_wconf 86' lang='grc' dir='ltr'><strong>Θεῷ</strong></span> <span class='ocrx_word' id='word_1_535' title='bbox 2349 3716 2510 3781; x_wconf 76' lang='grc' dir='ltr'>ζῶον.</span> <span class='ocrx_word' id='word_1_536' title='bbox 2549 3717 2603 3775; x_wconf 90' lang='lat' dir='ltr'><strong>Id</strong></span> <span class='ocrx_word' id='word_1_537' title='bbox 2630 3728 2717 3775; x_wconf 88' lang='lat' dir='ltr'><strong>est</strong></span> <span class='ocrx_word' id='word_1_538' title='bbox 2744 3738 2757 3775; x_wconf 91' lang='lat'><strong>:</strong></span> <span class='ocrx_word' id='word_1_539' title='bbox 2789 3721 2859 3775; x_wconf 77' lang='lat' dir='ltr'><strong>At</strong></span> <span class='ocrx_word' id='word_1_540' title='bbox 2888 3721 3032 3795; x_wconf 75' lang='lat' dir='ltr'><strong>dices</strong></span> <span class='ocrx_word' id='word_1_541' title='bbox 3053 3722 3203 3786; x_wconf 84' lang='lat' dir='ltr'><strong>mihi,</strong></span> <span class='ocrx_word' id='word_1_542' title='bbox 3240 3720 3384 3788; x_wconf 82' lang='lat' dir='ltr'><strong>Quid</strong></span> <span class='ocrx_word' id='word_1_543' title='bbox 3406 3723 3627 3779; x_wconf 83' lang='lat' dir='ltr'><strong>dicendo</strong></span> 
     </span>
    </p>
   </div>
   <div class='ocr_carea' id='block_1_39' title="bbox 333 3807 3629 3888">
    <p class='ocr_par' dir='ltr' id='par_1_39' title="bbox 333 3807 3629 3888">
     <span class='ocr_line' id='line_1_39' title="bbox 333 3807 3629 3888; baseline 0.002 -20"><span class='ocrx_word' id='word_1_544' title='bbox 333 3814 591 3886; x_wconf 80' lang='lat' dir='ltr'><strong>proﬁcis?</strong></span> <span class='ocrx_word' id='word_1_545' title='bbox 618 3812 865 3881; x_wconf 79' lang='lat' dir='ltr'><strong>Proﬁcio,</strong></span> <span class='ocrx_word' id='word_1_546' title='bbox 891 3813 938 3867; x_wconf 90' lang='lat' dir='ltr'><strong>si</strong></span> <span class='ocrx_word' id='word_1_547' title='bbox 963 3812 1084 3883; x_wconf 86' lang='lat' dir='ltr'><strong>quis</strong></span> <span class='ocrx_word' id='word_1_548' title='bbox 1110 3827 1195 3865; x_wconf 85' lang='lat' dir='ltr'><strong>me</strong></span> <span class='ocrx_word' id='word_1_549' title='bbox 1222 3811 1432 3865; x_wconf 87' lang='lat' dir='ltr'><strong>audiat.</strong></span> <span class='ocrx_word' id='word_1_550' title='bbox 1459 3807 1574 3881; x_wconf 85' lang='lat' dir='ltr'><strong>Ego</strong></span> <span class='ocrx_word' id='word_1_551' title='bbox 1596 3809 1735 3881; x_wconf 91' lang='lat' dir='ltr'><strong>quod</strong></span> <span class='ocrx_word' id='word_1_552' title='bbox 1760 3810 1988 3880; x_wconf 74' lang='lat' dir='ltr'><strong>oﬁicium</strong></span> <span class='ocrx_word' id='word_1_553' title='bbox 2014 3828 2187 3866; x_wconf 85' lang='lat' dir='ltr'><strong>meum</strong></span> <span class='ocrx_word' id='word_1_554' title='bbox 2208 3823 2305 3879; x_wconf 88' lang='lat' dir='ltr'><strong>est,</strong></span> <span class='ocrx_word' id='word_1_555' title='bbox 2334 3814 2391 3868; x_wconf 88' lang='lat' dir='ltr'><strong>id</strong></span> <span class='ocrx_word' id='word_1_556' title='bbox 2419 3825 2648 3884; x_wconf 70' lang='lat' dir='ltr'><strong>praesto;</strong></span> <span class='ocrx_word' id='word_1_557' title='bbox 2675 3817 2970 3871; x_wconf 82' lang='lat' dir='ltr'><strong>seminator</strong></span> <span class='ocrx_word' id='word_1_558' title='bbox 2995 3817 3220 3871; x_wconf 87' lang='lat' dir='ltr'><strong>semina.</strong></span> <span class='ocrx_word' id='word_1_559' title='bbox 3255 3816 3400 3872; x_wconf 70' lang='lat' dir='ltr'><strong>Exiit</strong></span> <span class='ocrx_word' id='word_1_560' title='bbox 3431 3817 3525 3888; x_wconf 88' lang='lat' dir='ltr'><strong>qui</strong></span> <span class='ocrx_word' id='word_1_561' title='bbox 3545 3834 3629 3873; x_wconf 86' lang='lat' dir='ltr'><strong>se-</strong></span> 
     </span>
    </p>
   </div>
   <div class='ocr_carea' id='block_1_40' title="bbox 337 3903 3625 3982">
    <p class='ocr_par' dir='ltr' id='par_1_40' title="bbox 337 3903 3625 3982">
     <span class='ocr_line' id='line_1_40' title="bbox 337 3903 3625 3982; baseline 0.001 -20"><span class='ocrx_word' id='word_1_562' title='bbox 337 3908 516 3962; x_wconf 84' lang='lat' dir='ltr'><strong>minat</strong></span> <span class='ocrx_word' id='word_1_563' title='bbox 546 3906 618 3961; x_wconf 91' lang='lat' dir='ltr'><strong>ad</strong></span> <span class='ocrx_word' id='word_1_564' title='bbox 651 3905 1059 3969; x_wconf 88' lang='lat' dir='ltr'><strong>seminandum;</strong></span> <span class='ocrx_word' id='word_1_565' title='bbox 1084 3903 1329 3976; x_wconf 66' lang='lat' dir='ltr'><strong>quedam</strong></span> <span class='ocrx_word' id='word_1_566' title='bbox 1348 3903 1650 3958; x_wconf 82' lang='lat' dir='ltr'><strong>ceciderunt</strong></span> <span class='ocrx_word' id='word_1_567' title='bbox 1678 3920 1827 3959; x_wconf 86' lang='lat' dir='ltr'><strong>secus</strong></span> <span class='ocrx_word' id='word_1_568' title='bbox 1856 3903 2021 3968; x_wconf 81' lang='lat' dir='ltr'><strong>viam,</strong></span> <span class='ocrx_word' id='word_1_569' title='bbox 2044 3907 2287 3976; x_wconf 63' lang='lat' dir='ltr'><strong>quaedam</strong></span> <span class='ocrx_word' id='word_1_570' title='bbox 2326 3924 2490 3978; x_wconf 81' lang='lat' dir='ltr'><strong>supra</strong></span> <span class='ocrx_word' id='word_1_571' title='bbox 2520 3919 2748 3978; x_wconf 84' lang='lat' dir='ltr'><strong>petram,</strong></span> <span class='ocrx_word' id='word_1_572' title='bbox 2780 3909 3028 3980; x_wconf 64' lang='lat' dir='ltr'><strong>quaedam</strong></span> <span class='ocrx_word' id='word_1_573' title='bbox 3064 3926 3228 3980; x_wconf 86' lang='lat' dir='ltr'><strong>supra</strong></span> <span class='ocrx_word' id='word_1_574' title='bbox 3248 3911 3453 3980; x_wconf 86' lang='lat' dir='ltr'><strong>spinas,</strong></span> <span class='ocrx_word' id='word_1_575' title='bbox 3475 3926 3625 3982; x_wconf 75' lang='lat' dir='ltr'><strong>qua:-</strong></span> 
     </span>
    </p>
   </div>
   <div class='ocr_carea' id='block_1_41' title="bbox 335 3999 3627 4076">
    <p class='ocr_par' dir='ltr' id='par_1_41' title="bbox 335 3999 3627 4076">
     <span class='ocr_line' id='line_1_41' title="bbox 335 3999 3627 4076; baseline 0.001 -18"><span class='ocrx_word' id='word_1_576' title='bbox 335 4005 468 4059; x_wconf 78' lang='lat' dir='ltr'><strong>dam</strong></span> <span class='ocrx_word' id='word_1_577' title='bbox 495 4003 552 4056; x_wconf 88' lang='lat' dir='ltr'><strong>in</strong></span> <span class='ocrx_word' id='word_1_578' title='bbox 584 4011 783 4056; x_wconf 87' lang='lat' dir='ltr'><strong>terram</strong></span> <span class='ocrx_word' id='word_1_579' title='bbox 813 4000 1006 4054; x_wconf 88' lang='lat' dir='ltr'><strong>bonam</strong></span> <span class='ocrx_word' id='word_1_580' title='bbox 1037 4015 1055 4053; x_wconf 91' lang='lat'><strong><em>:</em></strong></span> <span class='ocrx_word' id='word_1_581' title='bbox 1086 4007 1192 4054; x_wconf 89' lang='lat' dir='ltr'><strong>tres</strong></span> <span class='ocrx_word' id='word_1_582' title='bbox 1228 4006 1410 4066; x_wconf 86' lang='lat' dir='ltr'><strong>partes</strong></span> <span class='ocrx_word' id='word_1_583' title='bbox 1435 3999 1728 4069; x_wconf 89' lang='lat' dir='ltr'><strong>perierunt,</strong></span> <span class='ocrx_word' id='word_1_584' title='bbox 1751 4007 1803 4053; x_wconf 89' lang='lat' dir='ltr'><strong>et</strong></span> <span class='ocrx_word' id='word_1_585' title='bbox 1834 4015 1942 4053; x_wconf 89' lang='lat' dir='ltr'><strong>una</strong></span> <span class='ocrx_word' id='word_1_586' title='bbox 1966 4010 2180 4055; x_wconf 82' lang='lat' dir='ltr'><strong>servata</strong></span> <span class='ocrx_word' id='word_1_587' title='bbox 2204 4011 2318 4067; x_wconf 88' lang='lat' dir='ltr'><strong>est;</strong></span> <span class='ocrx_word' id='word_1_588' title='bbox 2344 4019 2438 4056; x_wconf 89' lang='lat' dir='ltr'><strong>nec</strong></span> <span class='ocrx_word' id='word_1_589' title='bbox 2473 4013 2653 4058; x_wconf 90' lang='lat' dir='ltr'><strong>tamen</strong></span> <span class='ocrx_word' id='word_1_590' title='bbox 2682 4003 2748 4057; x_wconf 88' lang='lat' dir='ltr'><strong>ab</strong></span> <span class='ocrx_word' id='word_1_591' title='bbox 2775 4003 3106 4074; x_wconf 84' lang='lat' dir='ltr'><strong>agricultura</strong></span> <span class='ocrx_word' id='word_1_592' title='bbox 3129 4004 3349 4070; x_wconf 86' lang='lat' dir='ltr'><strong>destitit,</strong></span> <span class='ocrx_word' id='word_1_593' title='bbox 3381 4006 3472 4060; x_wconf 84' lang='lat' dir='ltr'><strong>sed</strong></span> <span class='ocrx_word' id='word_1_594' title='bbox 3494 4022 3627 4076; x_wconf 88' lang='lat' dir='ltr'><strong>quo-</strong></span> 
     </span>
    </p>
   </div>
   <div class='ocr_carea' id='block_1_42' title="bbox 334 4094 3624 4170">
    <p class='ocr_par' dir='ltr' id='par_1_42' title="bbox 334 4094 3624 4170">
     <span class='ocr_line' id='line_1_42' title="bbox 334 4094 3624 4170; baseline -0.001 -16"><span class='ocrx_word' id='word_1_595' title='bbox 334 4101 489 4154; x_wconf 86' lang='lat' dir='ltr'><strong>niam</strong></span> <span class='ocrx_word' id='word_1_596' title='bbox 516 4115 623 4153; x_wconf 90' lang='lat' dir='ltr'><strong>una</strong></span> <span class='ocrx_word' id='word_1_597' title='bbox 645 4106 956 4152; x_wconf 78' lang='lat' dir='ltr'><strong>conservata</strong></span> <span class='ocrx_word' id='word_1_598' title='bbox 978 4104 1075 4160; x_wconf 80' lang='lat' dir='ltr'><strong>est,</strong></span> <span class='ocrx_word' id='word_1_599' title='bbox 1109 4112 1299 4167; x_wconf 86' lang='lat' dir='ltr'><strong>agrum</strong></span> <span class='ocrx_word' id='word_1_600' title='bbox 1323 4094 1493 4150; x_wconf 89' lang='lat' dir='ltr'><strong>colere</strong></span> <span class='ocrx_word' id='word_1_601' title='bbox 1523 4112 1626 4149; x_wconf 89' lang='lat' dir='ltr'><strong>non</strong></span> <span class='ocrx_word' id='word_1_602' title='bbox 1649 4097 1892 4151; x_wconf 84' lang='lat' dir='ltr'><strong>cessavit.</strong></span> <span class='ocrx_word' id='word_1_603' title='bbox 1931 4134 1947 4151; x_wconf 93' lang='lat'><strong>.</strong></span> <span class='ocrx_word' id='word_1_604' title='bbox 1987 4135 2004 4151; x_wconf 91' lang='lat'><strong>.</strong></span> <span class='ocrx_word' id='word_1_605' title='bbox 2043 4135 2059 4151; x_wconf 93' lang='lat'><strong>.</strong></span> <span class='ocrx_word' id='word_1_606' title='bbox 2095 4136 2112 4151; x_wconf 94' lang='lat'><strong>.</strong></span> <span class='ocrx_word' id='word_1_607' title='bbox 2146 4096 2585 4170; x_wconf 83' lang='lat' dir='ltr'><strong>Quandoquidem</strong></span> <span class='ocrx_word' id='word_1_608' title='bbox 2605 4106 2653 4153; x_wconf 90' lang='lat' dir='ltr'><strong>et</strong></span> <span class='ocrx_word' id='word_1_609' title='bbox 2676 4098 2988 4169; x_wconf 88' lang='lat' dir='ltr'><strong>pastorille,</strong></span> <span class='ocrx_word' id='word_1_610' title='bbox 3017 4100 3110 4169; x_wconf 91' lang='lat' dir='ltr'><strong>qui</strong></span> <span class='ocrx_word' id='word_1_611' title='bbox 3130 4100 3420 4170; x_wconf 83' lang='lat' dir='ltr'><strong>nonaginta</strong></span> <span class='ocrx_word' id='word_1_612' title='bbox 3446 4115 3624 4153; x_wconf 73' lang='lat' dir='ltr'><strong>norem</strong></span> 
     </span>
    </p>
   </div>
   <div class='ocr_carea' id='block_1_43' title="bbox 336 4185 3628 4262">
    <p class='ocr_par' dir='ltr' id='par_1_43' title="bbox 336 4185 3628 4262">
     <span class='ocr_line' id='line_1_43' title="bbox 336 4185 3628 4262; baseline -0 -15"><span class='ocrx_word' id='word_1_613' title='bbox 336 4192 626 4262; x_wconf 84' lang='lat' dir='ltr'><strong>reliquerat</strong></span> <span class='ocrx_word' id='word_1_614' title='bbox 657 4206 794 4254; x_wconf 86' lang='lat' dir='ltr'><strong>oves,</strong></span> <span class='ocrx_word' id='word_1_615' title='bbox 827 4189 900 4243; x_wconf 89' lang='lat' dir='ltr'><strong>ad</strong></span> <span class='ocrx_word' id='word_1_616' title='bbox 928 4204 1094 4242; x_wconf 89' lang='lat' dir='ltr'><strong>unam</strong></span> <span class='ocrx_word' id='word_1_617' title='bbox 1126 4187 1379 4252; x_wconf 86' lang='lat' dir='ltr'><strong>cucurrit,</strong></span> <span class='ocrx_word' id='word_1_618' title='bbox 1422 4202 1542 4258; x_wconf 79' lang='lat' dir='ltr'><strong>qua:</strong></span> <span class='ocrx_word' id='word_1_619' title='bbox 1575 4187 1938 4241; x_wconf 81' lang='lat' dir='ltr'><strong>aberrauerat.</strong></span> <span class='ocrx_word' id='word_1_620' title='bbox 1992 4185 2277 4242; x_wconf 81' lang='lat' dir='ltr'><strong>Hominem</strong></span> <span class='ocrx_word' id='word_1_621' title='bbox 2320 4204 2424 4243; x_wconf 92' lang='lat' dir='ltr'><strong>non</strong></span> <span class='ocrx_word' id='word_1_622' title='bbox 2460 4198 2738 4243; x_wconf 86' lang='lat' dir='ltr'><strong>contemno</strong></span> <span class='ocrx_word' id='word_1_623' title='bbox 2760 4205 2781 4243; x_wconf 89' lang='lat'><strong><em>:</em></strong></span> <span class='ocrx_word' id='word_1_624' title='bbox 2805 4190 2925 4244; x_wconf 87' lang='lat' dir='ltr'><strong>licet</strong></span> <span class='ocrx_word' id='word_1_625' title='bbox 2957 4206 3092 4244; x_wconf 89' lang='lat' dir='ltr'><strong>unus</strong></span> <span class='ocrx_word' id='word_1_626' title='bbox 3118 4192 3207 4253; x_wconf 88' lang='lat' dir='ltr'><strong>sit,</strong></span> <span class='ocrx_word' id='word_1_627' title='bbox 3239 4191 3394 4244; x_wconf 84' lang='lat' dir='ltr'><strong>homo</strong></span> <span class='ocrx_word' id='word_1_628' title='bbox 3447 4200 3628 4246; x_wconf 77' lang='lat' dir='ltr'><strong>tanien</strong></span> 
     </span>
    </p>
   </div>
   <div class='ocr_carea' id='block_1_44' title="bbox 332 4275 3624 4351">
    <p class='ocr_par' dir='ltr' id='par_1_44' title="bbox 332 4275 3624 4351">
     <span class='ocr_line' id='line_1_44' title="bbox 332 4275 3624 4351; baseline 0 -13"><span class='ocrx_word' id='word_1_629' title='bbox 332 4293 413 4338; x_wconf 84' lang='lat' dir='ltr'><strong>est</strong></span> <span class='ocrx_word' id='word_1_630' title='bbox 461 4280 669 4338; x_wconf 89' lang='lat' dir='ltr'><strong>animal</strong></span> <span class='ocrx_word' id='word_1_631' title='bbox 701 4280 808 4337; x_wconf 88' lang='lat' dir='ltr'><strong>Deo</strong></span> <span class='ocrx_word' id='word_1_632' title='bbox 834 4279 1192 4334; x_wconf 88' lang='lat' dir='ltr'><strong>carissimum.</strong></span> <span class='ocrx_word' id='word_1_633' title='bbox 1230 4280 1312 4333; x_wconf 80' lang='lat' dir='ltr'><strong>An</strong></span> <span class='ocrx_word' id='word_1_634' title='bbox 1344 4275 1499 4349; x_wconf 70' lang='lat'><strong>[420]</strong></span> <span class='ocrx_word' id='word_1_635' title='bbox 1529 4292 1589 4332; x_wconf 88' lang='lat' dir='ltr'><strong>se</strong></span> <span class='ocrx_word' id='word_1_636' title='bbox 1613 4286 1890 4347; x_wconf 87' lang='lat' dir='ltr'><strong>pastorem</strong></span> <span class='ocrx_word' id='word_1_637' title='bbox 1913 4276 2096 4333; x_wconf 88' lang='lat' dir='ltr'><strong>dicere</strong></span> <span class='ocrx_word' id='word_1_638' title='bbox 2117 4294 2226 4333; x_wconf 91' lang='lat' dir='ltr'><strong>non</strong></span> <span class='ocrx_word' id='word_1_639' title='bbox 2256 4280 2457 4335; x_wconf 83' lang='lat' dir='ltr'><strong>audeat</strong></span> <span class='ocrx_word' id='word_1_640' title='bbox 2487 4278 2555 4346; x_wconf 91' lang='lat' dir='ltr'><strong>is,</strong></span> <span class='ocrx_word' id='word_1_641' title='bbox 2586 4280 2677 4350; x_wconf 91' lang='lat' dir='ltr'><strong>qui</strong></span> <span class='ocrx_word' id='word_1_642' title='bbox 2708 4280 2780 4336; x_wconf 90' lang='lat' dir='ltr'><strong>ita</strong></span> <span class='ocrx_word' id='word_1_643' title='bbox 2816 4280 3096 4351; x_wconf 87' lang='lat' dir='ltr'><strong>loquitur;</strong></span> <span class='ocrx_word' id='word_1_644' title='bbox 3130 4282 3243 4337; x_wconf 90' lang='lat' dir='ltr'><strong>imo</strong></span> <span class='ocrx_word' id='word_1_645' title='bbox 3284 4297 3412 4337; x_wconf 88' lang='lat' dir='ltr'><strong>vero</strong></span> <span class='ocrx_word' id='word_1_646' title='bbox 3440 4298 3624 4339; x_wconf 87' lang='lat' dir='ltr'><strong>annon</strong></span> 
     </span>
    </p>
   </div>
   <div class='ocr_carea' id='block_1_45' title="bbox 329 4369 1953 4445">
    <p class='ocr_par' dir='ltr' id='par_1_45' title="bbox 329 4369 1953 4444">
     <span class='ocr_line' id='line_1_45' title="bbox 329 4369 1953 4444; baseline -0.006 -10"><span class='ocrx_word' id='word_1_647' title='bbox 329 4394 394 4434; x_wconf 76' lang='lat' dir='ltr'><strong>se</strong></span> <span class='ocrx_word' id='word_1_648' title='bbox 424 4377 576 4431; x_wconf 88' lang='lat' dir='ltr'><strong>clare</strong></span> <span class='ocrx_word' id='word_1_649' title='bbox 606 4383 882 4444; x_wconf 87' lang='lat' dir='ltr'><strong>pastorem</strong></span> <span class='ocrx_word' id='word_1_650' title='bbox 910 4370 1044 4427; x_wconf 89' lang='lat' dir='ltr'><strong>dicit</strong></span> <span class='ocrx_word' id='word_1_651' title='bbox 1081 4371 1199 4427; x_wconf 85' lang='lat' dir='ltr'><strong>haec</strong></span> <span class='ocrx_word' id='word_1_652' title='bbox 1232 4369 1606 4442; x_wconf 83' lang='lat' dir='ltr'><strong>proferendo?</strong></span> <span class='ocrx_word' id='word_1_653' title='bbox 1647 4369 1815 4425; x_wconf 85' lang='lat' dir='ltr'><strong>Paulo</strong></span> <span class='ocrx_word' id='word_1_654' title='bbox 1845 4382 1953 4439; x_wconf 81' lang='lat' dir='ltr'><strong>pOSI</strong></span> 
     </span>
    </p>
   </div>
   <div class='ocr_carea' id='block_1_46' title="bbox 2001 4369 3625 4445">
    <p class='ocr_par' dir='ltr' id='par_1_46' title="bbox 2001 4372 3625 4445">
     <span class='ocr_line' id='line_1_46' title="bbox 2001 4372 3625 4445; baseline 0.004 -20"><span class='ocrx_word' id='word_1_655' title='bbox 2001 4380 2184 4426; x_wconf 85' lang='lat' dir='ltr'><strong>autem</strong></span> <span class='ocrx_word' id='word_1_656' title='bbox 2213 4372 2331 4427; x_wconf 70' lang='lat' dir='ltr'><strong>haec</strong></span> <span class='ocrx_word' id='word_1_657' title='bbox 2365 4373 2587 4442; x_wconf 84' lang='lat' dir='ltr'><strong>subjicit</strong></span> <span class='ocrx_word' id='word_1_658' title='bbox 2636 4391 2649 4427; x_wconf 87' lang='lat'><strong>:</strong></span> <span class='ocrx_word' id='word_1_659' title='bbox 2689 4375 2765 4427; x_wconf 76' lang='grc' dir='ltr'><strong>Οὐ</strong></span> <span class='ocrx_word' id='word_1_660' title='bbox 2797 4372 3081 4445; x_wconf 68' lang='grc' dir='ltr'>παύσομαι</span> <span class='ocrx_word' id='word_1_661' title='bbox 3129 4372 3312 4443; x_wconf 84' lang='grc' dir='ltr'>λέγειν</span> <span class='ocrx_word' id='word_1_662' title='bbox 3353 4375 3484 4444; x_wconf 83' lang='grc' dir='ltr'><strong>ἐγὼ,</strong></span> <span class='ocrx_word' id='word_1_663' title='bbox 3519 4377 3625 4431; x_wconf 70' lang='grc' dir='ltr'>κᾶν</span> 
     </span>
    </p>
   </div>
   <div class='ocr_carea' id='block_1_47' title="bbox 334 4461 3623 4544">
    <p class='ocr_par' dir='ltr' id='par_1_47' title="bbox 334 4461 3623 4544">
     <span class='ocr_line' id='line_1_47' title="bbox 334 4461 3623 4544; baseline 0.001 -20"><span class='ocrx_word' id='word_1_664' title='bbox 334 4468 538 4544; x_wconf 70' lang='grc' dir='ltr'>μηδεὶς</span> <span class='ocrx_word' id='word_1_665' title='bbox 637 4469 667 4520; x_wconf 88' lang='lat'><strong>6</strong></span> <span class='ocrx_word' id='word_1_666' title='bbox 699 4465 936 4521; x_wconf 74' lang='grc' dir='ltr'>ἀκούων·</span> <span class='ocrx_word' id='word_1_667' title='bbox 971 4465 1158 4538; x_wconf 76' lang='grc' dir='ltr'>ἰατρός</span> <span class='ocrx_word' id='word_1_668' title='bbox 1183 4466 1322 4533; x_wconf 84' lang='grc' dir='ltr'>εἰμι,</span> <span class='ocrx_word' id='word_1_669' title='bbox 1356 4461 1644 4533; x_wconf 70' lang='grc' dir='ltr'><strong>ἐπιτίθημι</strong></span> <span class='ocrx_word' id='word_1_670' title='bbox 1666 4463 1739 4516; x_wconf 81' lang='grc' dir='ltr'>τὰ</span> <span class='ocrx_word' id='word_1_671' title='bbox 1763 4462 2055 4533; x_wconf 84' lang='grc' dir='ltr'>φάρμακα·</span> <span class='ocrx_word' id='word_1_672' title='bbox 2086 4463 2407 4529; x_wconf 74' lang='grc' dir='ltr'>διδάσκαλός</span> <span class='ocrx_word' id='word_1_673' title='bbox 2435 4468 2573 4537; x_wconf 82' lang='grc' dir='ltr'>εἰμι,</span> <span class='ocrx_word' id='word_1_674' title='bbox 2610 4469 2901 4538; x_wconf 81' lang='grc' dir='ltr'>παραινεῖν</span> <span class='ocrx_word' id='word_1_675' title='bbox 2929 4468 3282 4542; x_wconf 76' lang='grc' dir='ltr'>ὲκελεύσθηνο</span> <span class='ocrx_word' id='word_1_676' title='bbox 3317 4470 3465 4540; x_wconf 81' lang='grc' dir='ltr'>λέγει</span> <span class='ocrx_word' id='word_1_677' title='bbox 3495 4474 3623 4544; x_wconf 77' lang='grc' dir='ltr'><strong>γάρ’</strong></span> 
     </span>
    </p>
   </div>
   <div class='ocr_carea' id='block_1_48' title="bbox 330 4554 1954 4637">
    <p class='ocr_par' dir='ltr' id='par_1_48' title="bbox 330 4554 1950 4627">
     <span class='ocr_line' id='line_1_48' title="bbox 330 4554 1950 4627; baseline -0.006 -7"><span class='ocrx_word' id='word_1_678' title='bbox 330 4561 555 4619; x_wconf 79' lang='grc' dir='ltr'>Σκοπὸν</span> <span class='ocrx_word' id='word_1_679' title='bbox 603 4558 819 4613; x_wconf 80' lang='grc' dir='ltr'>δέδωκά</span> <span class='ocrx_word' id='word_1_680' title='bbox 876 4575 937 4612; x_wconf 90' lang='grc' dir='ltr'><strong>σε</strong></span> <span class='ocrx_word' id='word_1_681' title='bbox 988 4556 1068 4627; x_wconf 85' lang='grc' dir='ltr'><strong>τῷ</strong></span> <span class='ocrx_word' id='word_1_682' title='bbox 1115 4556 1253 4627; x_wconf 85' lang='grc' dir='ltr'><strong>οῐκῳ</strong></span> <span class='ocrx_word' id='word_1_683' title='bbox 1285 4556 1526 4627; x_wconf 83' lang='grc' dir='ltr'>Ἰσραήλ.</span> <span class='ocrx_word' id='word_1_684' title='bbox 1580 4554 1645 4610; x_wconf 81' lang='lat' dir='ltr'><strong>ld</strong></span> <span class='ocrx_word' id='word_1_685' title='bbox 1691 4563 1819 4611; x_wconf 85' lang='lat' dir='ltr'><strong>est:</strong></span> <span class='ocrx_word' id='word_1_686' title='bbox 1862 4556 1950 4611; x_wconf 86' lang='lat' dir='ltr'><strong>No</strong></span> 
     </span>
    </p>
   </div>
   <div class='ocr_carea' id='block_1_49' title="bbox 2006 4554 3630 4637">
    <p class='ocr_par' dir='ltr' id='par_1_49' title="bbox 2039 4558 3630 4637">
     <span class='ocr_line' id='line_1_49' title="bbox 2039 4558 3630 4637; baseline 0.006 -25"><span class='ocrx_word' id='word_1_687' title='bbox 2039 4558 2249 4613; x_wconf 86' lang='lat' dir='ltr'><strong>dicendi</strong></span> <span class='ocrx_word' id='word_1_688' title='bbox 2295 4559 2456 4627; x_wconf 80' lang='lat' dir='ltr'><strong>ﬁnem</strong></span> <span class='ocrx_word' id='word_1_689' title='bbox 2511 4561 2733 4631; x_wconf 79' lang='lat' dir='ltr'><strong>faciam,</strong></span> <span class='ocrx_word' id='word_1_690' title='bbox 2783 4562 2994 4617; x_wconf 84' lang='lat' dir='ltr'><strong>etiamsi</strong></span> <span class='ocrx_word' id='word_1_691' title='bbox 3047 4563 3229 4620; x_wconf 86' lang='lat' dir='ltr'><strong>nullus</strong></span> <span class='ocrx_word' id='word_1_692' title='bbox 3275 4565 3342 4618; x_wconf 89' lang='lat' dir='ltr'><strong>sit</strong></span> <span class='ocrx_word' id='word_1_693' title='bbox 3391 4567 3484 4637; x_wconf 84' lang='lat' dir='ltr'><strong>qui</strong></span> <span class='ocrx_word' id='word_1_694' title='bbox 3530 4584 3630 4621; x_wconf 89' lang='lat' dir='ltr'><strong>au-</strong></span> 
     </span>
    </p>
   </div>
   <div class='ocr_carea' id='block_1_50' title="bbox 328 4633 3663 4728">
    <p class='ocr_par' dir='ltr' id='par_1_50' title="bbox 328 4633 3663 4728">
     <span class='ocr_line' id='line_1_50' title="bbox 328 4633 3663 4728; baseline 0 -13"><span class='ocrx_word' id='word_1_695' title='bbox 328 4660 459 4715; x_wconf 79' lang='lat' dir='ltr'><strong>diat</strong></span> <span class='ocrx_word' id='word_1_696' title='bbox 484 4676 504 4725; x_wconf 87' lang='lat'><strong>;</strong></span> <span class='ocrx_word' id='word_1_697' title='bbox 531 4656 765 4712; x_wconf 89' lang='lat' dir='ltr'><strong>medicus</strong></span> <span class='ocrx_word' id='word_1_698' title='bbox 793 4671 933 4721; x_wconf 87' lang='lat' dir='ltr'><strong>sum,</strong></span> <span class='ocrx_word' id='word_1_699' title='bbox 961 4654 1252 4724; x_wconf 76' lang='lat' dir='ltr'><strong>pharmace</strong></span> <span class='ocrx_word' id='word_1_700' title='bbox 1281 4652 1542 4717; x_wconf 89' lang='lat' dir='ltr'><strong>adhibeo;</strong></span> <span class='ocrx_word' id='word_1_701' title='bbox 1594 4651 1777 4707; x_wconf 91' lang='lat' dir='ltr'><strong>doctor</strong></span> <span class='ocrx_word' id='word_1_702' title='bbox 1807 4668 1947 4719; x_wconf 87' lang='lat' dir='ltr'><strong>sum,</strong></span> <span class='ocrx_word' id='word_1_703' title='bbox 1983 4662 2035 4708; x_wconf 88' lang='lat' dir='ltr'><strong>et</strong></span> <span class='ocrx_word' id='word_1_704' title='bbox 2085 4654 2346 4709; x_wconf 87' lang='lat' dir='ltr'><strong>admoneo</strong></span> <span class='ocrx_word' id='word_1_705' title='bbox 2372 4672 2388 4722; x_wconf 91' lang='lat'><strong>;</strong></span> <span class='ocrx_word' id='word_1_706' title='bbox 2436 4656 2692 4711; x_wconf 71' lang='lat' dir='ltr'><strong>aitcnim</strong></span> <span class='ocrx_word' id='word_1_707' title='bbox 2716 4672 2737 4711; x_wconf 90' lang='lat'><strong><em>:</em></strong></span> <span class='ocrx_word' id='word_1_708' title='bbox 2769 4656 3182 4728; x_wconf 82' lang='lat' dir='ltr'><strong>Speculatorem</strong></span> <span class='ocrx_word' id='word_1_709' title='bbox 3208 4659 3331 4715; x_wconf 87' lang='lat' dir='ltr'><strong>dedi</strong></span> <span class='ocrx_word' id='word_1_710' title='bbox 3358 4633 3413 4716; x_wconf 75' lang='lat' dir='ltr'><strong>te</strong></span> <span class='ocrx_word' id='word_1_711' title='bbox 3438 4661 3625 4717; x_wconf 85' lang='lat' dir='ltr'><strong>domui</strong></span> <span class='ocrx_word' id='word_1_712' title='bbox 3656 4633 3663 4669; x_wconf 32' lang='lat' dir='ltr'>g</span> 
     </span>
    </p>
   </div>
   <div class='ocr_carea' id='block_1_51' title="bbox 331 4753 532 4812">
    <p class='ocr_par' dir='ltr' id='par_1_51' title="bbox 331 4753 532 4812">
     <span class='ocr_line' id='line_1_51' title="bbox 331 4753 532 4812; baseline -0.03 0"><span class='ocrx_word' id='word_1_713' title='bbox 331 4753 532 4812; x_wconf 71' lang='lat' dir='ltr'><strong>Israel.</strong></span> 
     </span>
    </p>
   </div>
   <div class='ocr_carea' id='block_1_52' title="bbox 408 4838 3630 4924">
    <p class='ocr_par' dir='ltr' id='par_1_52' title="bbox 408 4838 3630 4924">
     <span class='ocr_line' id='line_1_52' title="bbox 408 4838 3630 4924; baseline 0.002 -21"><span class='ocrx_word' id='word_1_714' title='bbox 408 4847 477 4903; x_wconf 86' lang='lat' dir='ltr'><strong>In</strong></span> <span class='ocrx_word' id='word_1_715' title='bbox 508 4842 632 4902; x_wconf 88' lang='lat' dir='ltr'><strong>aliis</strong></span> <span class='ocrx_word' id='word_1_716' title='bbox 656 4857 876 4914; x_wconf 88' lang='lat' dir='ltr'><strong>quoque</strong></span> <span class='ocrx_word' id='word_1_717' title='bbox 899 4840 1139 4898; x_wconf 90' lang='lat' dir='ltr'><strong>homiliis</strong></span> <span class='ocrx_word' id='word_1_718' title='bbox 1168 4839 1471 4898; x_wconf 75' lang='lat' dir='ltr'><strong>Antiochiae</strong></span> <span class='ocrx_word' id='word_1_719' title='bbox 1493 4838 1715 4905; x_wconf 85' lang='lat' dir='ltr'><strong>habitis,</strong></span> <span class='ocrx_word' id='word_1_720' title='bbox 1734 4838 1823 4896; x_wconf 87' lang='lat' dir='ltr'><strong>illa</strong></span> <span class='ocrx_word' id='word_1_721' title='bbox 1851 4839 2036 4897; x_wconf 90' lang='lat' dir='ltr'><strong>munia</strong></span> <span class='ocrx_word' id='word_1_722' title='bbox 2058 4855 2119 4898; x_wconf 87' lang='lat' dir='ltr'><strong>se</strong></span> <span class='ocrx_word' id='word_1_723' title='bbox 2142 4855 2402 4900; x_wconf 81' lang='lat' dir='ltr'><strong>exercere</strong></span> <span class='ocrx_word' id='word_1_724' title='bbox 2423 4843 2576 4909; x_wconf 84' lang='lat' dir='ltr'><strong>dicit,</strong></span> <span class='ocrx_word' id='word_1_725' title='bbox 2598 4862 2720 4917; x_wconf 77' lang='lat' dir='ltr'><strong>qua:</strong></span> <span class='ocrx_word' id='word_1_726' title='bbox 2746 4847 3001 4903; x_wconf 85' lang='lat' dir='ltr'><strong>videntur</strong></span> <span class='ocrx_word' id='word_1_727' title='bbox 3028 4849 3094 4905; x_wconf 89' lang='lat' dir='ltr'><strong>ad</strong></span> <span class='ocrx_word' id='word_1_728' title='bbox 3117 4850 3388 4922; x_wconf 70' lang='lat' dir='ltr'><strong>praecipua</strong></span> <span class='ocrx_word' id='word_1_729' title='bbox 3411 4854 3630 4924; x_wconf 88' lang='lat' dir='ltr'><strong>episco-</strong></span> 
     </span>
    </p>
   </div>
   <div class='ocr_carea' id='block_1_53' title="bbox 335 4934 3630 5021">
    <p class='ocr_par' dir='ltr' id='par_1_53' title="bbox 335 4934 3630 5021">
     <span class='ocr_line' id='line_1_53' title="bbox 335 4934 3630 5021; baseline 0.002 -24"><span class='ocrx_word' id='word_1_730' title='bbox 335 4955 541 5012; x_wconf 88' lang='lat' dir='ltr'><strong>porum</strong></span> <span class='ocrx_word' id='word_1_731' title='bbox 576 4937 758 4995; x_wconf 81' lang='lat' dir='ltr'><strong>ofﬁcia</strong></span> <span class='ocrx_word' id='word_1_732' title='bbox 788 4935 1091 5009; x_wconf 87' lang='lat' dir='ltr'><strong>pertinere.</strong></span> <span class='ocrx_word' id='word_1_733' title='bbox 1123 4935 1215 4992; x_wconf 89' lang='lat' dir='ltr'><strong>Sic</strong></span> <span class='ocrx_word' id='word_1_734' title='bbox 1245 4935 1300 4989; x_wconf 92' lang='lat' dir='ltr'><strong>in</strong></span> <span class='ocrx_word' id='word_1_735' title='bbox 1326 4934 1584 5006; x_wconf 82' lang='lat' dir='ltr'><strong>vigesima</strong></span> <span class='ocrx_word' id='word_1_736' title='bbox 1613 4935 1836 4990; x_wconf 88' lang='lat' dir='ltr'><strong>homilia</strong></span> <span class='ocrx_word' id='word_1_737' title='bbox 1866 4936 1934 4992; x_wconf 91' lang='lat' dir='ltr'><strong>ad</strong></span> <span class='ocrx_word' id='word_1_738' title='bbox 1965 4937 2226 5007; x_wconf 90' lang='lat' dir='ltr'><strong>populum</strong></span> <span class='ocrx_word' id='word_1_739' title='bbox 2259 4937 2688 5004; x_wconf 86' lang='lat' dir='ltr'><strong>Antiochenum,</strong></span> <span class='ocrx_word' id='word_1_740' title='bbox 2724 4949 2856 4997; x_wconf 91' lang='lat' dir='ltr'><strong>tom.</strong></span> <span class='ocrx_word' id='word_1_741' title='bbox 2890 4943 2933 4999; x_wconf 87' lang='lat' dir='ltr'><strong>ll</strong></span> <span class='ocrx_word' id='word_1_742' title='bbox 2979 4946 3106 5013; x_wconf 88' lang='lat' dir='ltr'><strong>(col.</strong></span> <span class='ocrx_word' id='word_1_743' title='bbox 3133 4944 3259 5018; x_wconf 75' lang='lat' dir='ltr'><strong>2H)</strong></span> <span class='ocrx_word' id='word_1_744' title='bbox 3294 4965 3308 5001; x_wconf 87' lang='lat'><strong><em>:</em></strong></span> <span class='ocrx_word' id='word_1_745' title='bbox 3341 4949 3630 5021; x_wconf 80' lang='grc' dir='ltr'>Τεσσσρά-</span> 
     </span>
    </p>
   </div>
   <div class='ocr_carea' id='block_1_54' title="bbox 337 5026 3628 5110">
    <p class='ocr_par' dir='ltr' id='par_1_54' title="bbox 337 5026 3628 5110">
     <span class='ocr_line' id='line_1_54' title="bbox 337 5026 3628 5110; baseline 0.003 -22"><span class='ocrx_word' id='word_1_746' title='bbox 337 5050 513 5089; x_wconf 83' lang='grc' dir='ltr'>κοντα</span> <span class='ocrx_word' id='word_1_747' title='bbox 550 5028 741 5084; x_wconf 75' lang='grc' dir='ltr'>λοιπὸν</span> <span class='ocrx_word' id='word_1_748' title='bbox 777 5028 989 5101; x_wconf 74' lang='grc' dir='ltr'>ἡμέραι</span> <span class='ocrx_word' id='word_1_749' title='bbox 1020 5026 1322 5101; x_wconf 76' lang='grc' dir='ltr'>παρῆλθονο</span> <span class='ocrx_word' id='word_1_750' title='bbox 1372 5026 1442 5082; x_wconf 81' lang='grc' dir='ltr'>ἂν</span> <span class='ocrx_word' id='word_1_751' title='bbox 1480 5028 1661 5082; x_wconf 82' lang='grc' dir='ltr'>τοίνυν</span> <span class='ocrx_word' id='word_1_752' title='bbox 1689 5028 1750 5081; x_wconf 89' lang='grc' dir='ltr'>τὸ</span> <span class='ocrx_word' id='word_1_753' title='bbox 1783 5031 1971 5099; x_wconf 83' lang='grc' dir='ltr'>πάσχα</span> <span class='ocrx_word' id='word_1_754' title='bbox 2015 5030 2264 5102; x_wconf 76' lang='grc' dir='ltr'>παρέλθῃ</span> <span class='ocrx_word' id='word_1_755' title='bbox 2302 5032 2365 5085; x_wconf 78' lang='grc' dir='ltr'><strong>τὺ</strong></span> <span class='ocrx_word' id='word_1_756' title='bbox 2404 5033 2567 5104; x_wconf 82' lang='grc' dir='ltr'>ἱερὸν,</span> <span class='ocrx_word' id='word_1_757' title='bbox 2605 5034 2779 5089; x_wconf 72' lang='grc' dir='ltr'>οὐδενὶ</span> <span class='ocrx_word' id='word_1_758' title='bbox 2826 5037 3217 5110; x_wconf 82' lang='grc' dir='ltr'>συγγνώσομαι</span> <span class='ocrx_word' id='word_1_759' title='bbox 3259 5040 3467 5106; x_wconf 76' lang='grc' dir='ltr'>λοιπὸν,</span> <span class='ocrx_word' id='word_1_760' title='bbox 3502 5044 3628 5098; x_wconf 77' lang='grc' dir='ltr'>οὐδὲ</span> 
     </span>
    </p>
   </div>
   <div class='ocr_carea' id='block_1_55' title="bbox 339 5119 3629 5206">
    <p class='ocr_par' dir='ltr' id='par_1_55' title="bbox 339 5119 3629 5206">
     <span class='ocr_line' id='line_1_55' title="bbox 339 5119 3629 5206; baseline 0.004 -28"><span class='ocrx_word' id='word_1_761' title='bbox 339 5124 675 5199; x_wconf 77' lang='grc' dir='ltr'>παραίνεσιν</span> <span class='ocrx_word' id='word_1_762' title='bbox 717 5120 1003 5195; x_wconf 70' lang='grc' dir='ltr'>προσάεω,</span> <span class='ocrx_word' id='word_1_763' title='bbox 1040 5119 1159 5176; x_wconf 82' lang='grc' dir='ltr'>ἀλλ’</span> <span class='ocrx_word' id='word_1_764' title='bbox 1194 5119 1467 5192; x_wconf 75' lang='grc' dir='ltr'>ἐπιταγὴν</span> <span class='ocrx_word' id='word_1_765' title='bbox 1496 5121 1594 5175; x_wconf 74' lang='grc' dir='ltr'>καὶ</span> <span class='ocrx_word' id='word_1_766' title='bbox 1621 5122 1930 5193; x_wconf 61' lang='grc' dir='ltr'>ἀποτομίαν</span> <span class='ocrx_word' id='word_1_767' title='bbox 1966 5122 2446 5195; x_wconf 81' lang='grc' dir='ltr'>ἀκαταφρόνητον.</span> <span class='ocrx_word' id='word_1_768' title='bbox 2479 5164 2494 5180; x_wconf 92' lang='grc'><strong>.</strong></span> <span class='ocrx_word' id='word_1_769' title='bbox 2525 5166 2539 5181; x_wconf 92' lang='grc'><strong>.</strong></span> <span class='ocrx_word' id='word_1_770' title='bbox 2576 5166 2590 5181; x_wconf 92' lang='grc'><strong>.</strong></span> <span class='ocrx_word' id='word_1_771' title='bbox 2620 5167 2635 5180; x_wconf 91' lang='grc'>.</span> <span class='ocrx_word' id='word_1_772' title='bbox 2682 5130 2818 5183; x_wconf 75' lang='grc' dir='ltr'>πᾶσι</span> <span class='ocrx_word' id='word_1_773' title='bbox 2863 5129 3044 5187; x_wconf 77' lang='grc' dir='ltr'>τοίνυν</span> <span class='ocrx_word' id='word_1_774' title='bbox 3092 5134 3346 5206; x_wconf 74' lang='grc' dir='ltr'>προλέγω</span> <span class='ocrx_word' id='word_1_775' title='bbox 3383 5137 3478 5190; x_wconf 73' lang='grc' dir='ltr'><strong>κού⁸</strong></span> <span class='ocrx_word' id='word_1_776' title='bbox 3511 5136 3629 5192; x_wconf 88' lang='grc' dir='ltr'>δια-</span> 
     </span>
    </p>
   </div>
   <div class='ocr_carea' id='block_1_56' title="bbox 343 5212 3631 5295">
    <p class='ocr_par' dir='ltr' id='par_1_56' title="bbox 343 5212 3631 5295">
     <span class='ocr_line' id='line_1_56' title="bbox 343 5212 3631 5295; baseline 0.003 -22"><span class='ocrx_word' id='word_1_777' title='bbox 343 5218 765 5291; x_wconf 85' lang='grc' dir='ltr'>μαρτύρουμαι,</span> <span class='ocrx_word' id='word_1_778' title='bbox 797 5216 881 5271; x_wconf 81' lang='grc' dir='ltr'>ὅτι</span> <span class='ocrx_word' id='word_1_779' title='bbox 926 5212 995 5269; x_wconf 78' lang='grc' dir='ltr'>ἂν</span> <span class='ocrx_word' id='word_1_780' title='bbox 1045 5212 1448 5284; x_wconf 79' lang='grc' dir='ltr'>συγγενόμενος</span> <span class='ocrx_word' id='word_1_781' title='bbox 1495 5213 1628 5284; x_wconf 81' lang='grc' dir='ltr'>ὑμῖν</span> <span class='ocrx_word' id='word_1_782' title='bbox 1687 5213 1810 5269; x_wconf 83' lang='grc' dir='ltr'>κατ’</span> <span class='ocrx_word' id='word_1_783' title='bbox 1853 5214 2015 5282; x_wconf 77' lang='grc' dir='ltr'>ἰδίαν,</span> <span class='ocrx_word' id='word_1_784' title='bbox 2067 5216 2163 5272; x_wconf 77' lang='grc' dir='ltr'>καὶ</span> <span class='ocrx_word' id='word_1_785' title='bbox 2212 5216 2395 5274; x_wconf 79' lang='grc' dir='ltr'>λαϐὼν</span> <span class='ocrx_word' id='word_1_786' title='bbox 2448 5220 2763 5293; x_wconf 81' lang='grc' dir='ltr'>ἀπόπειραν</span> <span class='ocrx_word' id='word_1_787' title='bbox 2812 5222 3078 5295; x_wconf 72' lang='grc' dir='ltr'>(λήψομαι</span> <span class='ocrx_word' id='word_1_788' title='bbox 3115 5226 3174 5280; x_wconf 81' lang='grc' dir='ltr'>δὲ</span> <span class='ocrx_word' id='word_1_789' title='bbox 3216 5226 3481 5295; x_wconf 83' lang='grc' dir='ltr'>πάντως),</span> <span class='ocrx_word' id='word_1_790' title='bbox 3533 5230 3631 5281; x_wconf 77' lang='grc' dir='ltr'><strong>καὶ</strong></span> 
     </span>
    </p>
   </div>
   <div class='ocr_carea' id='block_1_57' title="bbox 342 5306 3628 5392">
    <p class='ocr_par' dir='ltr' id='par_1_57' title="bbox 342 5306 3628 5392">
     <span class='ocr_line' id='line_1_57' title="bbox 342 5306 3628 5392; baseline 0.002 -26"><span class='ocrx_word' id='word_1_791' title='bbox 342 5311 498 5386; x_wconf 77' lang='grc' dir='ltr'>εὕρω</span> <span class='ocrx_word' id='word_1_792' title='bbox 553 5311 708 5378; x_wconf 81' lang='grc' dir='ltr'>τινὰς</span> <span class='ocrx_word' id='word_1_793' title='bbox 775 5311 852 5384; x_wconf 81' lang='grc' dir='ltr'>μὴ</span> <span class='ocrx_word' id='word_1_794' title='bbox 896 5307 1307 5383; x_wconf 75' lang='grc' dir='ltr'>διορθώσαντας</span> <span class='ocrx_word' id='word_1_795' title='bbox 1356 5306 1418 5362; x_wconf 79' lang='grc' dir='ltr'>τὸ</span> <span class='ocrx_word' id='word_1_796' title='bbox 1464 5307 1779 5378; x_wconf 78' lang='grc' dir='ltr'>ἐλάττωμα.</span> <span class='ocrx_word' id='word_1_797' title='bbox 1831 5308 2130 5382; x_wconf 79' lang='grc' dir='ltr'>ἀπαιτήσω</span> <span class='ocrx_word' id='word_1_798' title='bbox 2177 5311 2360 5382; x_wconf 79' lang='grc' dir='ltr'>δίκην,</span> <span class='ocrx_word' id='word_1_799' title='bbox 2410 5313 2678 5381; x_wconf 81' lang='grc' dir='ltr'>κελεύσας</span> <span class='ocrx_word' id='word_1_800' title='bbox 2737 5316 2846 5384; x_wconf 75' lang='grc' dir='ltr'><strong>ἔξω</strong></span> <span class='ocrx_word' id='word_1_801' title='bbox 2900 5321 3086 5390; x_wconf 80' lang='grc' dir='ltr'>μένειν</span> <span class='ocrx_word' id='word_1_802' title='bbox 3144 5319 3256 5375; x_wconf 84' lang='grc' dir='ltr'><strong>τῶν</strong></span> <span class='ocrx_word' id='word_1_803' title='bbox 3309 5325 3628 5392; x_wconf 80' lang='grc' dir='ltr'>μυστηρίων</span> 
     </span>
    </p>
   </div>
   <div class='ocr_carea' id='block_1_58' title="bbox 339 5404 3629 5486">
    <p class='ocr_par' dir='ltr' id='par_1_58' title="bbox 339 5404 3629 5486">
     <span class='ocr_line' id='line_1_58' title="bbox 339 5404 3629 5486; baseline 0.005 -29"><span class='ocrx_word' id='word_1_804' title='bbox 339 5404 454 5461; x_wconf 82' lang='grc' dir='ltr'>τῶν</span> <span class='ocrx_word' id='word_1_805' title='bbox 484 5404 671 5478; x_wconf 75' lang='grc' dir='ltr'>ἱερῶν.</span> <span class='ocrx_word' id='word_1_806' title='bbox 700 5405 817 5461; x_wconf 80' lang='lat' dir='ltr'><strong>Hoc</strong></span> <span class='ocrx_word' id='word_1_807' title='bbox 845 5414 932 5462; x_wconf 84' lang='lat' dir='ltr'><strong>est</strong></span> <span class='ocrx_word' id='word_1_808' title='bbox 961 5421 977 5461; x_wconf 90' lang='lat'><strong>:</strong></span> <span class='ocrx_word' id='word_1_809' title='bbox 1007 5404 1379 5478; x_wconf 80' lang='lat' dir='ltr'><strong>Quadraginta</strong></span> <span class='ocrx_word' id='word_1_810' title='bbox 1429 5405 1540 5461; x_wconf 90' lang='lat' dir='ltr'><strong>dies</strong></span> <span class='ocrx_word' id='word_1_811' title='bbox 1565 5406 1687 5477; x_wconf 87' lang='lat' dir='ltr'><strong>jam</strong></span> <span class='ocrx_word' id='word_1_812' title='bbox 1715 5407 2090 5474; x_wconf 67' lang='lat' dir='ltr'><strong>prmterierunt</strong></span> <span class='ocrx_word' id='word_1_813' title='bbox 2119 5425 2141 5465; x_wconf 90' lang='lat'><strong><em>:</em></strong></span> <span class='ocrx_word' id='word_1_814' title='bbox 2162 5409 2211 5465; x_wconf 90' lang='lat' dir='ltr'><strong>si</strong></span> <span class='ocrx_word' id='word_1_815' title='bbox 2235 5409 2399 5481; x_wconf 83' lang='lat' dir='ltr'><strong>igitur</strong></span> <span class='ocrx_word' id='word_1_816' title='bbox 2438 5429 2650 5468; x_wconf 85' lang='lat' dir='ltr'><strong>sacrum</strong></span> <span class='ocrx_word' id='word_1_817' title='bbox 2681 5431 2885 5486; x_wconf 87' lang='lat' dir='ltr'><strong>quoque</strong></span> <span class='ocrx_word' id='word_1_818' title='bbox 2922 5416 3129 5471; x_wconf 77' lang='lat' dir='ltr'><strong>Pascha</strong></span> <span class='ocrx_word' id='word_1_819' title='bbox 3185 5426 3444 5485; x_wconf 86' lang='lat' dir='ltr'><strong>transeat,</strong></span> <span class='ocrx_word' id='word_1_820' title='bbox 3494 5421 3629 5475; x_wconf 83' lang='lat' dir='ltr'><strong>nulli</strong></span> 
     </span>
    </p>
   </div>
   <div class='ocr_carea' id='block_1_59' title="bbox 344 5497 3602 5567">
    <p class='ocr_par' dir='ltr' id='par_1_59' title="bbox 344 5497 3602 5567">
     <span class='ocr_line' id='line_1_59' title="bbox 344 5497 3602 5567; baseline 0.004 -14"><span class='ocrx_word' id='word_1_821' title='bbox 344 5499 492 5554; x_wconf 86' lang='lat' dir='ltr'><strong>ultra</strong></span> <span class='ocrx_word' id='word_1_822' title='bbox 516 5499 727 5554; x_wconf 77' lang='lat' dir='ltr'><strong>veniam</strong></span> <span class='ocrx_word' id='word_1_823' title='bbox 754 5499 913 5564; x_wconf 84' lang='lat' dir='ltr'><strong>dabo,</strong></span> <span class='ocrx_word' id='word_1_824' title='bbox 937 5515 1043 5553; x_wconf 86' lang='lat' dir='ltr'><strong>non</strong></span> <span class='ocrx_word' id='word_1_825' title='bbox 1080 5497 1512 5561; x_wconf 85' lang='lat' dir='ltr'><strong>admonitionem,</strong></span> <span class='ocrx_word' id='word_1_826' title='bbox 1546 5497 1636 5551; x_wconf 90' lang='lat' dir='ltr'><strong>sed</strong></span> <span class='ocrx_word' id='word_1_827' title='bbox 1664 5497 1768 5550; x_wconf 81' lang='lat' dir='ltr'><strong>vim</strong></span> <span class='ocrx_word' id='word_1_828' title='bbox 1808 5498 2019 5567; x_wconf 87' lang='lat' dir='ltr'><strong>imperii</strong></span> <span class='ocrx_word' id='word_1_829' title='bbox 2069 5508 2118 5553; x_wconf 90' lang='lat' dir='ltr'><strong>et</strong></span> <span class='ocrx_word' id='word_1_830' title='bbox 2158 5503 2491 5556; x_wconf 81' lang='lat' dir='ltr'><strong>severitatem</strong></span> <span class='ocrx_word' id='word_1_831' title='bbox 2527 5519 2630 5557; x_wconf 85' lang='lat' dir='ltr'><strong>non</strong></span> <span class='ocrx_word' id='word_1_832' title='bbox 2669 5507 3104 5561; x_wconf 82' lang='lat' dir='ltr'><strong>contemnendam</strong></span> <span class='ocrx_word' id='word_1_833' title='bbox 3128 5508 3399 5564; x_wconf 72' lang='lat' dir='ltr'><strong>adhibebo.</strong></span> <span class='ocrx_word' id='word_1_834' title='bbox 3436 5548 3452 5563; x_wconf 94' lang='lat'><strong>.</strong></span> <span class='ocrx_word' id='word_1_835' title='bbox 3488 5551 3505 5567; x_wconf 90' lang='lat'><strong>.</strong></span> <span class='ocrx_word' id='word_1_836' title='bbox 3537 5551 3554 5566; x_wconf 94' lang='lat'><strong>.</strong></span> <span class='ocrx_word' id='word_1_837' title='bbox 3586 5553 3602 5567; x_wconf 93' lang='lat'><strong>.</strong></span> 
     </span>
    </p>
   </div>
   <div class='ocr_carea' id='block_1_60' title="bbox 342 5589 3629 5673">
    <p class='ocr_par' dir='ltr' id='par_1_60' title="bbox 342 5589 3629 5673">
     <span class='ocr_line' id='line_1_60' title="bbox 342 5589 3629 5673; baseline 0.003 -27"><span class='ocrx_word' id='word_1_838' title='bbox 342 5590 602 5646; x_wconf 86' lang='lat' dir='ltr'><strong>Omnibus</strong></span> <span class='ocrx_word' id='word_1_839' title='bbox 638 5593 820 5664; x_wconf 77' lang='lat' dir='ltr'><strong>itaque</strong></span> <span class='ocrx_word' id='word_1_840' title='bbox 843 5592 1095 5647; x_wconf 88' lang='lat' dir='ltr'><strong>denuntio</strong></span> <span class='ocrx_word' id='word_1_841' title='bbox 1124 5601 1174 5646; x_wconf 87' lang='lat' dir='ltr'><strong>et</strong></span> <span class='ocrx_word' id='word_1_842' title='bbox 1199 5599 1492 5661; x_wconf 83' lang='lat' dir='ltr'><strong>protestor;</strong></span> <span class='ocrx_word' id='word_1_843' title='bbox 1523 5590 1662 5660; x_wconf 87' lang='lat' dir='ltr'><strong>quod</strong></span> <span class='ocrx_word' id='word_1_844' title='bbox 1688 5590 1734 5644; x_wconf 89' lang='lat' dir='ltr'><strong>si</strong></span> <span class='ocrx_word' id='word_1_845' title='bbox 1763 5606 1850 5645; x_wconf 78' lang='lat' dir='ltr'><strong>uas</strong></span> <span class='ocrx_word' id='word_1_846' title='bbox 1883 5589 2116 5662; x_wconf 82' lang='lat' dir='ltr'><strong>singulos</strong></span> <span class='ocrx_word' id='word_1_847' title='bbox 2162 5594 2491 5654; x_wconf 49' lang='lat' dir='ltr'><strong>ceditveniens.</strong></span> <span class='ocrx_word' id='word_1_848' title='bbox 2530 5604 2579 5650; x_wconf 86' lang='lat' dir='ltr'><strong>et</strong></span> <span class='ocrx_word' id='word_1_849' title='bbox 2610 5597 3025 5658; x_wconf 64' lang='lat' dir='ltr'><strong>experimentum</strong></span> <span class='ocrx_word' id='word_1_850' title='bbox 3062 5615 3272 5655; x_wconf 88' lang='lat' dir='ltr'><strong>sumens</strong></span> <span class='ocrx_word' id='word_1_851' title='bbox 3309 5603 3456 5673; x_wconf 87' lang='lat' dir='ltr'><strong>(nam</strong></span> <span class='ocrx_word' id='word_1_852' title='bbox 3482 5604 3629 5661; x_wconf 80' lang='lat' dir='ltr'><strong>haud</strong></span> 
     </span>
    </p>
   </div>
   <div class='ocr_carea' id='block_1_61' title="bbox 344 5683 3595 5765">
    <p class='ocr_par' dir='ltr' id='par_1_61' title="bbox 344 5683 3595 5765">
     <span class='ocr_line' id='line_1_61' title="bbox 344 5683 3595 5765; baseline 0.003 -25"><span class='ocrx_word' id='word_1_853' title='bbox 344 5687 502 5741; x_wconf 89' lang='lat' dir='ltr'><strong>dubie</strong></span> <span class='ocrx_word' id='word_1_854' title='bbox 528 5688 783 5756; x_wconf 85' lang='lat' dir='ltr'><strong>sumam),</strong></span> <span class='ocrx_word' id='word_1_855' title='bbox 815 5687 1201 5757; x_wconf 82' lang='lat' dir='ltr'><strong>deprehendero</strong></span> <span class='ocrx_word' id='word_1_856' title='bbox 1234 5685 1492 5756; x_wconf 89' lang='lat' dir='ltr'><strong>quosdam</strong></span> <span class='ocrx_word' id='word_1_857' title='bbox 1520 5684 1616 5738; x_wconf 83' lang='lat' dir='ltr'><strong>hoc</strong></span> <span class='ocrx_word' id='word_1_858' title='bbox 1649 5683 1837 5737; x_wconf 83' lang='lat' dir='ltr'><strong>vitium</strong></span> <span class='ocrx_word' id='word_1_859' title='bbox 1866 5700 1970 5738; x_wconf 87' lang='lat' dir='ltr'><strong>nan</strong></span> <span class='ocrx_word' id='word_1_860' title='bbox 1989 5687 2297 5752; x_wconf 60' lang='lat' dir='ltr'><strong>correxisse,</strong></span> <span class='ocrx_word' id='word_1_861' title='bbox 2329 5703 2539 5756; x_wconf 64' lang='lat' dir='ltr'><strong>prunam</strong></span> <span class='ocrx_word' id='word_1_862' title='bbox 2566 5689 2831 5759; x_wconf 83' lang='lat' dir='ltr'><strong>irrogabo,</strong></span> <span class='ocrx_word' id='word_1_863' title='bbox 2868 5691 3071 5745; x_wconf 85' lang='lat' dir='ltr'><strong>edicam</strong></span> <span class='ocrx_word' id='word_1_864' title='bbox 3098 5701 3153 5746; x_wconf 88' lang='lat' dir='ltr'><strong>ut</strong></span> <span class='ocrx_word' id='word_1_865' title='bbox 3192 5694 3322 5765; x_wconf 77' lang='lat' dir='ltr'><strong>foris</strong></span> <span class='ocrx_word' id='word_1_866' title='bbox 3350 5705 3503 5750; x_wconf 74' lang='lat' dir='ltr'><strong>extra</strong></span> <span class='ocrx_word' id='word_1_867' title='bbox 3533 5714 3595 5752; x_wconf 88' lang='lat' dir='ltr'><strong>sa</strong></span> 
     </span>
    </p>
   </div>
   <div class='ocr_carea' id='block_1_62' title="bbox 346 5780 3611 5858">
    <p class='ocr_par' dir='ltr' id='par_1_62' title="bbox 346 5780 3611 5858">
     <span class='ocr_line' id='line_1_62' title="bbox 346 5780 3611 5858; baseline 0.003 -25"><span class='ocrx_word' id='word_1_868' title='bbox 346 5795 440 5833; x_wconf 86' lang='lat' dir='ltr'><strong>cra</strong></span> <span class='ocrx_word' id='word_1_869' title='bbox 468 5783 719 5851; x_wconf 84' lang='lat' dir='ltr'><strong>mysteria</strong></span> <span class='ocrx_word' id='word_1_870' title='bbox 747 5783 1020 5836; x_wconf 77' lang='lat' dir='ltr'><strong>consistat.</strong></span> <span class='ocrx_word' id='word_1_871' title='bbox 1058 5780 1142 5836; x_wconf 84' lang='lat' dir='ltr'><strong>An</strong></span> <span class='ocrx_word' id='word_1_872' title='bbox 1187 5781 1423 5851; x_wconf 86' lang='lat' dir='ltr'><strong>pastoris</strong></span> <span class='ocrx_word' id='word_1_873' title='bbox 1459 5794 1662 5835; x_wconf 89' lang='lat' dir='ltr'><strong>nomen</strong></span> <span class='ocrx_word' id='word_1_874' title='bbox 1701 5794 1966 5849; x_wconf 88' lang='lat' dir='ltr'><strong>usurpare</strong></span> <span class='ocrx_word' id='word_1_875' title='bbox 1996 5794 2105 5835; x_wconf 90' lang='lat' dir='ltr'><strong>non</strong></span> <span class='ocrx_word' id='word_1_876' title='bbox 2146 5782 2345 5835; x_wconf 86' lang='lat' dir='ltr'><strong>audeat</strong></span> <span class='ocrx_word' id='word_1_877' title='bbox 2373 5780 2464 5850; x_wconf 91' lang='lat' dir='ltr'><strong>qui</strong></span> <span class='ocrx_word' id='word_1_878' title='bbox 2498 5782 2623 5837; x_wconf 76' lang='lat' dir='ltr'><strong>talia</strong></span> <span class='ocrx_word' id='word_1_879' title='bbox 2661 5781 2839 5838; x_wconf 82' lang='lat' dir='ltr'><strong>fatur?</strong></span> <span class='ocrx_word' id='word_1_880' title='bbox 2872 5782 3071 5839; x_wconf 87' lang='lat' dir='ltr'><strong>Verum</strong></span> <span class='ocrx_word' id='word_1_881' title='bbox 3109 5784 3224 5840; x_wconf 69' lang='lat' dir='ltr'><strong>haec</strong></span> <span class='ocrx_word' id='word_1_882' title='bbox 3254 5802 3284 5842; x_wconf 91' lang='lat' dir='ltr'><strong>a</strong></span> <span class='ocrx_word' id='word_1_883' title='bbox 3309 5787 3518 5858; x_wconf 89' lang='lat' dir='ltr'><strong>judicio</strong></span> <span class='ocrx_word' id='word_1_884' title='bbox 3545 5787 3611 5847; x_wconf 81' lang='lat' dir='ltr'><strong>lc-</strong></span> 
     </span>
    </p>
   </div>
   <div class='ocr_carea' id='block_1_63' title="bbox 349 5867 3629 5943">
    <p class='ocr_par' dir='ltr' id='par_1_63' title="bbox 349 5867 3629 5943">
     <span class='ocr_line' id='line_1_63' title="bbox 349 5867 3629 5943; baseline 0.003 -16"><span class='ocrx_word' id='word_1_885' title='bbox 349 5871 516 5929; x_wconf 50' lang='lat' dir='ltr'><strong>I&#39;endt.</strong></span> <span class='ocrx_word' id='word_1_886' title='bbox 536 5872 945 5928; x_wconf 86' lang='lat' dir='ltr'><strong>Tillcmontium</strong></span> <span class='ocrx_word' id='word_1_887' title='bbox 968 5873 1254 5928; x_wconf 85' lang='lat' dir='ltr'><strong>detinuere</strong></span> <span class='ocrx_word' id='word_1_888' title='bbox 1278 5886 1291 5923; x_wconf 91' lang='lat'><strong>:</strong></span> <span class='ocrx_word' id='word_1_889' title='bbox 1316 5881 1369 5927; x_wconf 91' lang='lat' dir='ltr'><strong>ct</strong></span> <span class='ocrx_word' id='word_1_890' title='bbox 1397 5869 1776 5927; x_wconf 58' lang='lat' dir='ltr'><strong>Antiochi-tene</strong></span> <span class='ocrx_word' id='word_1_891' title='bbox 1796 5886 1864 5926; x_wconf 86' lang='lat' dir='ltr'><strong>an</strong></span> <span class='ocrx_word' id='word_1_892' title='bbox 1880 5869 2354 5940; x_wconf 86' lang='lat' dir='ltr'><strong>Constantinopoli</strong></span> <span class='ocrx_word' id='word_1_893' title='bbox 2378 5867 2624 5928; x_wconf 68' lang='lat' dir='ltr'><strong>llomilia&#39;</strong></span> <span class='ocrx_word' id='word_1_894' title='bbox 2644 5870 2698 5928; x_wconf 88' lang='lat' dir='ltr'><strong>in</strong></span> <span class='ocrx_word' id='word_1_895' title='bbox 2722 5870 3015 5943; x_wconf 64' lang='lat' dir='ltr'><strong>Epistulam</strong></span> <span class='ocrx_word' id='word_1_896' title='bbox 3039 5875 3106 5931; x_wconf 87' lang='lat' dir='ltr'><strong>ad</strong></span> <span class='ocrx_word' id='word_1_897' title='bbox 3132 5874 3407 5935; x_wconf 77' lang='lat' dir='ltr'><strong>Romanos</strong></span> <span class='ocrx_word' id='word_1_898' title='bbox 3427 5878 3629 5937; x_wconf 63' lang='lat' dir='ltr'><strong>habita</strong></span> 
     </span>
    </p>
   </div>
  </div>
