4158 6462
513 375 638 433 Μ
1956 366 2155 425 ΡΜςιε

2195 366 2330 429 ιΤΙΟ
3696 373 3837 429 3‘30

515 495 741 555 fuerint,
766 489 997 547 delinire
1026 504 1137 546 non
1168 502 1337 545 ausus
1361 497 1465 544 est.
1498 486 1610 541 Nos
1640 495 1825 543 autem
1845 484 2006 556 quasi
2034 490 2248 541 eertum
2271 490 2328 538 et
2353 482 2695 553 exploratum
2719 484 3032 541 habendum
3058 495 3333 555 putamus,
3363 486 3481 543 illas
3502 486 3837 545 Antiochiae
3882 450 3899 523 ί

516 584 734 644 habitas
763 584 949 641 fuisse.
984 584 1318 641 Tillemontii
1345 586 1493 639 enim
1520 581 1758 652 obiectio
1780 596 1884 637 nos
1909 597 1941 636 a
1973 578 2067 640 tali
2104 577 2329 637 terenda
2361 578 2634 633 sententia
2660 578 2935 635 abducere
2958 596 3067 635 non
3096 589 3296 652 potest.
3318 582 3431 635 (iur
3457 583 3603 636 enim
3631 581 3838 652 Chrye

518 688 815 743 sostomos,
855 676 1064 733 fatente
1098 676 1466 741 Tillemontio,
1498 675 1585 730 bis
1617 674 1764 728 clare
1794 673 2005 734 indicet
2047 685 2109 725 se
2151 668 2460 725 Antiochire
2493 668 2831 733 concionari,
2869 669 3000 741 quid
3044 671 3185 727 ultra
3231 673 3580 743 quiet-anius?
3611 683 3668 728 et
3711 691 3835 731 cur

519 778 629 823 tam
654 769 756 823 levi
788 770 1109 839 coniectura
1145 786 1174 824 a
1207 767 1579 840 Chrysostomi
1605 765 1925 823 testimonio
1949 763 2232 836 sequendo
2258 761 2642 821 detineamur?

588 889 834 954 Annum,
882 902 993 959 quo
1027 889 1191 944 hasce
1222 888 1475 943 homilias
1504 886 1749 943 Joannes
1789 880 2083 941 adornavit
2124 890 2182 937 et
2223 880 2379 945 dixit,
2411 895 2483 936 ne
2514 880 2833 950 conjectura
2862 880 3084 951 quidem
3129 880 3348 952 assequi
3378 881 3625 943 valentius
3653 899 3669 939 :
3708 893 3837 942 hoc

518 995 693 1036 unum
722 981 843 1035 sine
864 982 1081 1036 errandi
1112 981 1358 1051 periculo
1386 981 1570 1037 dicere
1592 993 1906 1050 possumus,
1931 975 2155 1035 nonnisi
2178 982 2305 1047 post
2336 989 2543 1032 annum
2582 972 2689 1029 588
2719 972 2966 1045 potuisse
2988 972 3441 1045 Chrysostomum
3473 973 3561 1029 his
3586 989 3828 1030 manum

519 1084 575 1129 et
612 1087 835 1143 operam
857 1072 1151 1127 admovere
1193 1089 1207 1125 :
1240 1073 1402 1128 annis
1434 1086 1671 1143 namque
1702 1072 1811 1126 illis
1840 1070 2139 1143 prioribus,
2165 1067 2324 1140 queis
2347 1066 2756 1125 concionatoris
2785 1066 2966 1127 cilicio
2991 1066 3214 1127 functus
3237 1076 3341 1134 est,
3371 1074 3453 1125 tot
3474 1067 3649 1125 edidit
3675 1085 3827 1126 con—

518 1166 706 1221 ciones
734 1178 792 1220 et
819 1165 1091 1231 homilias,
1117 1175 1177 1221 ut
1204 1165 1337 1237 ipsis
1364 1166 1500 1221 alias
1531 1166 1774 1237 adjicere
1802 1178 1914 1219 non
1940 1161 2181 1218 licuerit.

587 1277 725 1334 Cum
756 1292 921 1346 porro
943 1274 1216 1344 Julianus,
1246 1278 1338 1348 qui
1366 1274 1565 1349 Pelagii
1591 1291 1809 1333 errores
1842 1274 2118 1339 tuebatur,
2149 1272 2216 1329 ad
2242 1281 2529 1344 peccatum
2559 1270 2823 1346 originale
2847 1272 3150 1330 tollendum
3172 1274 3550 1347 Chrysostomi
3578 1282 3824 1336 auctori.

519 1376 628 1424 tate
653 1384 788 1425 usus
816 1379 998 1437 esset;
1027 1372 1392 1441 Augustinus.
1419 1371 1511 1441 qui
1548 1371 1697 1426 hunc
1723 1371 1994 1425 haereseos
2023 1375 2485 1439 propugnatorem
2516 1367 2735 1439 egregie
2766 1366 2997 1437 depulit,
3036 1383 3103 1422 ex
3129 1369 3361 1424 homilia
3386 1370 3604 1429 decima
3637 1371 3814 1445 Chry-

516 1464 745 1519 sostomi
790 1464 963 1518 multa
993 1464 1284 1519 confertim
1315 1463 1499 1519 attulit
1532 1464 1670 1518 libro
1700 1465 1720 1518 1
1752 1470 1942 1517 contra
1967 1460 2273 1526 lulianum,
2302 1475 2478 1531 eaque
2503 1458 2699 1515 Latine
2737 1475 3023 1523 conversa,
3055 1476 3179 1531 qua:
3219 1462 3381 1517 nobis
3419 1463 3508 1519 hic
3533 1480 3824 1535 apponere

518 1555 697 1612 visum
729 1567 833 1623 est,
855 1560 1136 1615 annotatis
1160 1559 1215 1614 in
1249 1559 1498 1631 margine
1527 1557 1684 1624 locis,
1721 1556 1865 1613 unde
1888 1557 2006 1612 hinc
2032 1555 2310 1627 excerpsit
2339 1554 2703 1625 Augustinus.

588 1670 710 1745 [421
730 1718 746 1746 ,
783 1674 863 1746 (α)
895 1673 1031 1745 Lege
1056 1676 1218 1730 etiam
1244 1675 1690 1746 quemadmodum
1716 1673 1930 1742 exponit
1962 1671 2101 1726 idem
2144 1669 2257 1740 ipse
2299 1669 2382 1723 vir
2422 1675 2639 1723 sanctus
2690 1674 2931 1721 eumdem
2972 1667 3149 1737 ipsum
3203 1666 3443 1737 Apostoli
3482 1667 3674 1733 locum,
3725 1672 3814 1729 ubi.

517 1765 773 1833 scriptum
797 1776 872 1820 est
901 1781 919 1818 :
955 1767 1060 1822 Per
1085 1783 1252 1822 unum
1279 1766 1558 1822 hominem
1589 1776 1872 1837 peccatum
1905 1764 2133 1820 intravit
2160 1763 2215 1818 in
2237 1762 2504 1818 mundum
2540 1760 2716 1830 (Rom.
2748 1778 2800 1822 γ,
2841 1762 2945 1825 l2).
2982 1761 3059 1815 Ibi
3090 1762 3230 1816 enim
3256 1760 3371 1815 luce
3399 1761 3599 1816 clarius
3629 1763 3684 1817 in
3710 1766 3809 1817 Im-

508 1852 603 1922 jus
627 1853 750 1922 ﬁdei
778 1853 1063 1911 Catholica:
1097 1856 1318 1911 veritate
1346 1865 1609 1910 versatur.
1633 1854 1787 1921 Quod
1817 1864 1985 1909 totum
2004 1854 2131 1926 quia
2164 1853 2383 1922 tangunt
2409 1861 2484 1907 est
2514 1852 2636 1906 huic
2660 1853 2813 1922 operi
2832 1853 3084 1917 intexere,
3116 1851 3301 1923 paucis
3323 1852 3446 1906 inde
3471 1855 3771 1925 contingam
3790 1871 3813 1908 :

516 1942 883 2009 Manifestum,
916 1949 1109 2020 inquit,
1132 1948 1390 2019 quoniam
1413 1964 1521 2003 non
1555 1949 1736 2018 ipsum
1768 1956 2077 2019 peccatum,
2107 1945 2254 2017 quod
2284 1960 2347 2000 ex
2376 1945 2511 2017 legis
2543 1944 3001 2012 transgressione,
3025 1944 3125 2000 sed
3155 1943 3285 2000 illud
3324 1954 3624 2014 peccatum,
3657 1947 3811 2016 quod

517 2049 584 2088 ex
617 2034 747 2090 Adae
777 2036 1170 2100 inobrdientia,
1195 2038 1302 2093 hoc
1330 2048 1469 2103 erat,
1497 2038 1645 2108 quod
1676 2038 1859 2093 omnia
1891 2036 2303 2095 contaminavit.
2338 2033 2409 2089 Et
2439 2034 2601 2106 paulo
2635 2045 2753 2105 post
2781 2050 2800 2088 :
2835 2036 3125 2107 Regnavit,
3151 2036 3344 2107 inquit,
3378 2052 3526 2092 mors
3550 2038 3615 2093 ab
3636 2039 3812 2095 Adam

515 2143 691 2197 usque
713 2128 780 2182 ad
804 2126 1045 2200 Moysen,
1073 2137 1129 2183 et
1157 2129 1212 2183 in
1238 2145 1357 2192 eos,
1389 2130 1483 2198 qui
1518 2145 1626 2183 non
1653 2137 2039 2199 peccaverunt.
2064 2126 2350 2194 Quomodo
2384 2126 2668 2199 regnavit?
2696 2127 2755 2181 ln
2784 2127 3145 2183 similitudine
3179 2128 3627 2200 transgressionis
3648 2130 3794 2197 Adae,

516 2225 610 2296 qui
641 2236 727 2280 est
757 2223 931 2278 forma
966 2224 1134 2279 futuri
1169 2225 1351 2294 (Ibid,
1381 2225 1490 2293 14).
1524 2223 1820 2296 Propterea
1866 2233 1920 2279 et
1958 2224 2132 2278 forma
2169 2233 2255 2279 est
2287 2219 2490 2277 Christi
2526 2220 2718 2277 Adam.
2753 2221 3041 2289 Quomodo
3086 2221 3260 2279 forma
3302 2232 3407 2288 est,
3433 2220 3630 2279 aiunt?
3659 2223 3813 2292 Quo-

516 2317 665 2370 niam
715 2316 859 2371 sicut
902 2316 992 2371 ille
1041 2332 1107 2371 ex
1139 2318 1435 2387 semetipso
1467 2317 1845 2379 nascentibus,
1875 2316 2126 2387 quamvis
2173 2332 2284 2372 non
2312 2311 2765 2372 manducaverint
2790 2316 2859 2371 de
2882 2315 3048 2383 ligno.
3079 2315 3256 2370 factus
3283 2325 3367 2371 est
3403 2332 3567 2373 causa
3597 2321 3810 2386 mortis,

516 2423 640 2479 qua:
664 2423 762 2477 per
791 2406 974 2462 cibum
1008 2406 1228 2463 inducta
1256 2416 1340 2463 est
1373 2428 1386 2462 :
1423 2408 1495 2463 ita
1530 2419 1583 2464 et
1622 2408 1878 2465 Christus
1915 2408 2001 2473 iis,
2037 2408 2129 2478 qui
2161 2424 2228 2464 ex
2270 2407 2390 2479 ipso
2434 2415 2584 2470 sunt,
2616 2407 2831 2462 tametsi
2876 2405 3013 2462 nihil
3042 2407 3195 2477 juste
3229 2408 3462 2482 egerint,
3502 2408 3678 2466 factus
3725 2426 3820 2485 es.l

516 2500 768 2572 provisor
803 2499 1050 2570 iustitiae,
1092 2516 1256 2571 quam
1284 2517 1381 2571 per
1410 2517 1631 2556 crucem
1672 2500 1831 2555 nobis
1857 2500 2115 2555 omnibus
2144 2498 2475 2555 condonavit
2505 2498 2603 2569 (b).
2644 2497 2765 2555 Alio
2801 2499 2856 2552 iu
2894 2497 3007 2553 loco
3055 2506 3234 2554 eodem
3257 2517 3497 2556 sermone
3526 2520 3540 2556 :
3575 2502 3650 2559 Ut
3688 2519 3813 2559 cum

516 2596 616 2653 tibi
646 2596 846 2651 dixerit
868 2595 1111 2659 Judaeus,
1142 2594 1342 2665 inquit,
1367 2595 1655 2661 Quomodo
1680 2596 1844 2651 unius
1878 2596 2083 2651 virtute
2107 2594 2314 2651 Christi
2337 2595 2575 2651 mundus
2601 2592 2843 2661 salvatus
2864 2592 2991 2649 est?
3005 2592 3184 2664 possis
3211 2594 3260 2648 ei
3288 2593 3504 2650 dicere:
3531 2594 3809 2662 Quemad-

516 2685 740 2741 modum
772 2700 882 2738 uno
907 2684 1257 2739 inobcdicntc
1280 2684 1449 2739 Adam
1479 2686 1719 2740 mundus
1750 2686 2044 2740 damnatus
2070 2693 2176 2740 est.
2201 2684 2526 2755 Quanquam
2561 2700 2673 2738 non
2697 2684 2807 2739 sint
2837 2684 3086 2754 aequalia,
3110 2685 3278 2756 gratia
3306 2695 3471 2755 atque
3501 2700 3813 2758 peccatum,

514 2794 700 2850 neque
729 2778 880 2847 paria
903 2778 1016 2832 sint
1035 2793 1185 2832 mors
1213 2787 1380 2846 atque
1408 2777 1538 2841 vita,
1569 2793 1679 2833 non
1716 2777 1941 2848 a'qualis
1970 2776 2113 2832 Deus
2144 2792 2211 2831 ac
2241 2776 2492 2832 diabolus
2527 2774 2620 2845 (ε).
2662 2778 2802 2832 Item
2830 2784 2946 2845 post
2971 2775 3254 2846 pauhtlum
3281 2795 3296 2832 :
3328 2778 3443 2837 Sed
3473 2795 3585 2836 non
3623 2796 3825 2851 quem!

513 2871 809 2928 admodum
834 2870 1120 2936 delictum,
1151 2870 1345 2937 inquit,
1375 2870 1446 2924 ita
1473 2880 1529 2924 et
1557 2870 1751 2941 gratia.
1785 2870 1844 2926 Si
1872 2871 2021 2927 enim
2054 2870 2218 2925 unius
2242 2870 2444 2925 delicto
2476 2869 2632 2925 multi
2662 2870 2865 2925 mortui
2899 2879 3049 2936 sunt,
3076 2872 3250 2927 multo
3287 2874 3461 2946 magis
3497 2877 3669 2947 gratia
3712 2876 3814 2934 Dei

513 2975 573 3022 et
604 2966 809 3020 donum
835 2963 889 3025 in
913 2963 1085 3035 gratia
1116 2963 1283 3019 unius
1310 2962 1554 3018 hominis
1574 2960 1705 3019 Iesu
1727 2963 1933 3020 Christi
1964 2964 2021 3018 in
2056 2964 2257 3020 multos
2280 2962 2580 3019 abundavit
2611 2962 2770 3035 (Ibid.
2804 2963 2917 3033 l5).
2944 2962 3105 3033 Quod
3129 2966 3276 3023 enim
3304 2969 3459 3033 dicit,
3489 2971 3680 3042 inquit,
3711 2973 3821 3033 bus

514 3057 760 3131 jusmodi
790 3066 875 3112 est
910 3073 922 3109 :
956 3054 1011 3110 Si
1040 3062 1328 3126 peccatum
1353 3055 1544 3119 valuit,
1580 3064 1637 3109 et
1667 3065 1956 3125 peccatum
1990 3057 2155 3113 unius
2177 3056 2458 3123 hominis;
2489 3057 2662 3128 gratia
2703 3065 2760 3111 et
2806 3055 2902 3113 Dei
2949 3059 3144 3130 gratia,
3171 3068 3226 3115 et
3265 3076 3378 3115 non
3408 3060 3586 3121 solum
3613 3064 3816 3131 Patris,

514 3149 613 3203 sed
644 3148 811 3203 etiam
857 3146 1001 3212 Filii,
1032 3145 1495 3215 quemadmodum
1531 3161 1643 3199 non
1672 3146 1909 3216 amplius
1945 3146 2303 3216 praevalebit?
2345 3145 2514 3202 Multo
2559 3147 2708 3207 enim
2744 3148 2861 3203 hoc
2894 3149 3292 3207 rationabilius.
3340 3152 3477 3208 Nam
3515 3155 3683 3210 alium
3715 3173 3825 3228 pro

514 3240 628 3295 alio
656 3237 928 3301 damnari,
961 3253 1073 3291 non
1097 3237 1255 3293 valde
1281 3236 1500 3290 videtur
1534 3236 1737 3290 habere
1766 3237 2036 3292 rationem
2075 3255 2088 3290 :
2121 3236 2291 3292 alium
2320 3246 2505 3292 autem
2533 3253 2632 3307 pro
2666 3237 2776 3293 alio
2798 3238 3015 3302 salvari,
3047 3249 3105 3295 et
3125 3240 3409 3297 decentius
3431 3242 3603 3314 magis
3627 3253 3686 3299 et
3720 3261 3815 3301 ra-

518 3331 838 3389 tionabilius
870 3337 1120 3402 apparet.
1152 3328 1209 3385 Si
1233 3329 1398 3401 igitur
1420 3330 1552 3385 illud
1584 3330 1789 3384 factum
1819 3339 1923 3393 est,
1949 3331 2126 3386 multo
2157 3332 2330 3403 magis
2363 3331 2468 3385 hoc
2493 3330 2595 3401 (ά).
2637 3330 2877 3409 Itemque
2902 3330 3033 3387 alibi
3062 3333 3117 3386 in
3145 3334 3570 3402 consequentibus
3602 3351 3618 3401 ;
3651 3334 3813 3392 Iudi-

514 3430 683 3495 cium,
718 3427 911 3498 inquit,
938 3442 1003 3482 ex
1038 3440 1148 3480 uno
1174 3425 1229 3479 in
1258 3424 1800 3491 condemnationem,
1835 3424 2010 3494 gratia
2056 3431 2240 3480 autem
2286 3441 2353 3481 ex
2400 3423 2587 3479 multis
2636 3423 2856 3480 delictis
2907 3425 2963 3480 in
2991 3424 3439 3496 iustiﬁcationem
3469 3427 3654 3495 (Ibid.,
3697 3429 3812 3501 l6).

516 3522 636 3580 Hoc
666 3523 811 3579 idem
839 3529 944 3586 est,
970 3521 1166 3592 inquit,
1191 3519 1336 3590 quod
1367 3518 1589 3584 dicitur,
1629 3517 1887 3589 quoniam
1912 3517 2135 3588 quidem
2164 3527 2399 3574 mortem
2438 3525 2495 3573 et
2528 3518 2938 3575 damnationem
2971 3519 3151 3590 potuit
3190 3529 3475 3590 peccatum
3504 3522 3770 3581 inducere
3797 3541 3815 3593 ;

516 3617 689 3692 gratia
715 3623 900 3672 autem
924 3629 1034 3669 non
1069 3628 1238 3668 unum
1271 3612 1404 3667 illud
1436 3612 1819 3673 tantummodo
1859 3611 2137 3667 interfecit
2166 3619 2476 3683 peccatum,
2511 3612 2605 3666 sed
2645 3611 2811 3667 etiam
2861 3620 2983 3682 post
3014 3612 3146 3667 illud
3186 3612 3525 3669 introeuntia
3567 3624 3814 3684 peccata.

515 3710 587 3766 Et
612 3707 776 3779 paulo
802 3714 917 3777 post
939 3703 1004 3759 de
1027 3704 1124 3771 hoc
1151 3703 1304 3773 ipso:
1330 3702 1601 3768 Quoniam
1624 3717 1776 3773 ergo,
1800 3702 1994 3773 inquit,
2027 3703 2183 3772 plura
2210 3702 2518 3758 introducta
2540 3712 2671 3759 sunt
2697 3703 2866 3770 bona,
2893 3712 2951 3758 et
2978 3717 3087 3759 non
3109 3705 3284 3760 solum
3309 3705 3442 3762 illud
3464 3707 3824 3773 interfectum

515 3812 605 3861 est
632 3814 944 3875 peccatum,
977 3798 1074 3853 sed
1098 3799 1264 3853 etiam
1292 3797 1477 3853 omnia
1508 3798 1740 3868 reliqua,
1767 3798 2012 3853 ostendit
2033 3798 2225 3853 dicens
2252 3813 2268 3851 :
2296 3797 2482 3853 Gratia
2504 3806 2689 3853 autem
2720 3813 2788 3854 ex
2820 3799 3009 3853 multis
3027 3799 3243 3855 deiictis
3264 3798 3316 3853 in
3345 3799 3816 3870 justiticationem.

521 3900 589 3955 Et
612 3907 729 3969 post
750 3895 1034 3969 paululum
1057 3895 1135 3948 ait
1181 3911 1196 3948 :
1235 3892 1421 3950 Primo
1447 3893 1594 3949 enim
1625 3892 2095 3960 dixitzQuoniam
2139 3894 2184 3950 si
2231 3895 2396 3949 unius
2445 3902 2730 3964 peceatum
2769 3894 3044 3951 interfecit
3083 3909 3303 3961 omnes,
3339 3897 3515 3954 multo
3553 3899 3722 3971 magis
3759 3906 3823 3956 et

516 3992 685 4048 unius
717 3991 891 4063 gratia
920 3988 1125 4060 poterit
1156 3989 1387 4043 salvare.
1419 3987 1549 4043 Post
1582 3988 1699 4043 haec
1726 3995 1912 4065 autem
1943 3988 2206 4053 ostendit,
2243 3989 2438 4058 inquit,
2468 3988 2728 4059 quoniam
2776 4003 2886 4044 non
2930 3988 3061 4045 illud
3111 3991 3288 4046 solum
3334 3991 3687 4049 interfectum
3731 4003 3818 4050 est

514 4095 807 4158 peccatum
841 4099 939 4155 per
967 4083 1221 4155 gratiam,
1242 4082 1338 4138 sed
1358 4082 1524 4138 etiam
1552 4080 1737 4137 omnia
1762 4082 1971 4152 reliqua
2003 4099 2018 4136 :
2046 4090 2238 4137 etnon
2268 4082 2443 4137 solum
2476 4092 2698 4154 peccata
2726 4084 3012 4140 interfecta
3036 4092 3185 4154 sunt,
3213 4087 3308 4141 sed
3335 4087 3500 4142 etiam
3529 4098 3585 4143 et
3616 4088 3824 4149 tributa

518 4176 732 4249 iustitia
764 4185 850 4232 est
878 4193 892 4230 :
923 4182 980 4232 et
1010 4189 1124 4231 non
1155 4184 1371 4230 tantum
1400 4174 1578 4231 solum
1609 4174 1817 4246 profuit
1857 4174 2131 4239 Christus,
2153 4186 2418 4246 quantum
2457 4177 2644 4232 nocuit
2672 4179 2868 4245 Adam,
2899 4179 2995 4235 sed
3031 4179 3204 4235 multo
3233 4181 3469 4251 amplius
3500 4192 3664 4254 atque
3698 4199 3817 4239 ma-

528 4266 619 4338 gis
641 4263 739 4336 (ε).
782 4265 911 4321 Post
946 4265 1059 4320 haec
1096 4264 1153 4318 in
1177 4264 1362 4318 eodem
1392 4280 1513 4318 sunt
1537 4264 1604 4318 de
1642 4262 1904 4334 baptismo
1938 4272 2140 4335 ageret,
2173 4264 2488 4334 interposuit
2520 4265 2677 4321 verba
2706 4268 2965 4336 Apostoti,
2996 4269 3217 4324 dicentis
3249 4288 3263 4325 :
3294 4270 3378 4326 An
3408 4269 3689 4344 ignoratis,
3728 4275 3814 4329 in—

520 4357 660 4427 quit,
692 4355 911 4424 fratres,
935 4355 1196 4427 quoniam
1214 4355 1529 4427 quicunque
1565 4355 1619 4411 in
1654 4355 1878 4411 Christo
1903 4354 2163 4425 baptizati
2195 4371 2408 4422 sumus,
2435 4358 2492 4412 in
2538 4365 2716 4414 morte
2740 4359 2915 4430 ipsius
2940 4361 3196 4432 haptizati
3225 4364 3454 4420 sumus?
3489 4365 3817 4437 Consepulti

520 4467 656 4523 ergo
682 4466 877 4507 sumus
903 4450 978 4505 illi
1007 4466 1106 4522 per
1126 4449 1461 4521 baptismum
1494 4449 1551 4504 in
1584 4458 1785 4505 morte.
1835 4448 1980 4516 Quid
2003 4458 2089 4505 est
2118 4467 2134 4504 :
2166 4449 2224 4505 lu
2252 4459 2428 4506 morte
2460 4451 2582 4522 ejus
2613 4452 2870 4524 baptizati
2900 4457 3137 4511 sumus?
3160 4454 3231 4512 Ut
3261 4466 3319 4512 et
3362 4457 3463 4529 ipsi
3512 4462 3814 4519 moriamur

518 4547 669 4603 sicut
689 4555 747 4601 et
775 4545 886 4599 ille.
908 4544 1056 4600 Crux
1084 4543 1231 4600 enim
1253 4551 1339 4599 est
1364 4543 1655 4614 baptisma.
1684 4542 1842 4611 Quod
1863 4559 1999 4614 ergo
2026 4559 2157 4600 crux
2177 4544 2400 4600 Christo
2418 4555 2475 4600 et
2493 4547 2827 4618 sepulcrum,
2859 4548 2964 4605 hoc
2984 4549 3142 4604 nobis
3167 4550 3436 4621 baptisma
3469 4551 3669 4608 factum
3699 4566 3816 4623 est;

522 4636 743 4694 tametsi
766 4652 879 4692 non
906 4636 962 4691 in
992 4636 1202 4693 eisdem
1232 4636 1388 4707 ipsis.
1416 4636 1541 4707 lpse
1567 4651 1808 4707 namque
1825 4650 1993 4693 carne
2025 4646 2083 4692 et
2118 4648 2369 4693 mortuus
2394 4648 2482 4694 est
2500 4646 2557 4696 et
2577 4638 2861 4711 sepultus;
2892 4657 2996 4698 nos
3017 4650 3201 4713 autem
3231 4652 3457 4713 peccato
3483 4644 3536 4699 in
3562 4654 3816 4719 utroque.

517 4730 866 4801 Quapropter
893 4745 1005 4785 non
1036 4729 1208 4786 dixit:
1239 4730 1607 4800 Complantati
1631 4730 1794 4786 morti
1822 4747 1837 4796 ;
1867 4731 1986 4796 sed,
2013 4730 2378 4786 Similitudini
2403 4734 2616 4789 mortis.
2651 4734 2798 4790 Mors
2828 4750 3067 4805 namque
3090 4744 3148 4791 et
3176 4736 3284 4793 hoc
3317 4748 3375 4793 et
3401 4738 3553 4801 illud,
3584 4741 3680 4795 sed
3706 4757 3817 4795 non

516 4827 701 4883 eidem
742 4825 845 4896 ipsi
874 4826 1144 4898 subiacet,
1170 4826 1270 4883 sed
1306 4827 1425 4882 haec
1449 4826 1673 4898 quidem
1693 4826 1880 4883 carnis
1901 4826 2132 4892 Christi,
2159 4834 2347 4883 nostra
2377 4836 2564 4884 autem
2602 4820 2837 4901 peccati.
2871 4828 3347 4898 Quemadmodum
3385 4842 3518 4905 ergo
3540 4833 3629 4888 illa
3662 4850 3813 4903 vera,

519 4927 580 4975 et
612 4919 731 4974 haec
753 4921 841 4990 (ﬁ.
1932 4942 1935 4943 ν

596 5034 750 5107 [422]
793 5035 890 5091 His
929 5036 1170 5106 adjicere
1195 5034 1373 5093 visum
1404 5046 1490 5094 est
1517 5037 1627 5103 illa,
1657 5054 1780 5108 qua:
1806 5038 2046 5094 Savilius
2071 5041 2216 5096 circa
2246 5055 2402 5095 suam
2440 5040 2799 5096 llomiliarum
2843 5039 3218 5116 Chrysostomi
3266 5044 3321 5100 in
3350 5044 3621 5116 Epistolas
3651 5044 3805 5100 Pauli

519 5123 853 5190 Editionem,
884 5129 1030 5184 notis
1076 5128 1360 5199 praemisit.
1396 5129 1558 5187 Putat
1586 5131 1677 5188 ille
1707 5132 1969 5189 llomtlias
1999 5133 2378 5207 Chrysostomi
2410 5133 2465 5189 in
2495 5134 2793 5206 Epistolam
2830 5137 2900 5193 ad
2931 5136 3208 5196 Romanos
3248 5138 3557 5195 Antiochia:
3602 5139 3818 5194 habitas

517 5216 710 5286 fuisse,
741 5234 906 5289 quam
930 5235 1031 5276 nos
1054 5222 1386 5278 sententiam
1416 5222 1651 5296 amplexi
1684 5238 1898 5281 sumus.
1923 5225 2126 5282 Verum
2157 5226 2247 5284 ille
2273 5242 2383 5282 non
2415 5226 2609 5283 eodem
2639 5243 2751 5300 quo
2774 5242 2876 5286 nos
2900 5231 3173 5306 κριτηρίῳ
3204 5232 3272 5289 ad
3306 5233 3453 5290 illam
3475 5247 3820 5305 propugnan-

518 5309 647 5367 dam
686 5312 1018 5368 sententiam
1055 5328 1188 5369 usus
1218 5323 1324 5369 est.

582 5530 657 5595 (ᾳ)
684 5530 953 5595 Augustin.
984 5537 1154 5582 contra
1173 5529 1432 5595 Jutiauum
1457 5528 1551 5595 1.νι,
1576 5546 1621 5583 c.
1649 5533 1731 5595 27,
1751 5547 1802 5595 p.
1824 5533 1936 5582 5l3.

583 5532 635 5594 (α
684 5530 953 5595 Augustin.
984 5537 1154 5582 contra
1173 5530 1432 5582 lulianum
1457 5530 1491 5582 Ι.
1517 5546 1551 5592 t,
1576 5546 1621 5583 c.
1649 5533 1728 5589 27,
1787 5568 1802 5582 .
1824 5533 1936 5582 5l3.

583 5530 658 5828 {ig}
848 5595 1104 5655 Chrysost.
1131 5594 1305 5644 homll.
1332 5593 1393 5644 10
1416 5596 1466 5644 in
1492 5594 1651 5658 Epist.
1678 5594 1739 5645 ad
1751 5547 1923 5658 item,
1947 5595 2025 5647 col
2073 5593 2185 5648 475.

650 5716 666 5771 )
693 5713 819 5763 lbid.
843 5715 941 5765 col.
968 5714 1079 5764 4⁸16.

608 5773 659 5828 α)
687 5774 809 5824 Ibid.

650 5716 666 5787 _)
687 5713 819 5787 ista.
843 5715 941 5765 col.
968 5714 1079 5764 476.
