4158 6446
280 387 425 453 589⁸
1427 391 1509 444 SA
1523 387 1682 444 \'ll.il
1724 388 1790 444 ΙΝ
1835 385 1869 443 'l
1883 388 1922 443 0

1947 387 2084 443 ιιυΜ
2123 384 2461 444 TERTIUM.
3454 385 3589 448 ἴδηθ’

729 753 1334 887 SAVILII
1434 755 1597 881 IN
1693 754 2274 882 TOMUM
2379 757 3158 887 TERTIUM.

1729 1027 2168 1060 W—

360 1241 521 1315 [423]
554 1241 825 1296 Caeterum
855 1237 924 1292 de
950 1229 1094 1302 loco,
1121 1229 1213 1289 ubi
1244 1226 1462 1305 scriptze
1488 1227 1573 1290 vel
1603 1233 1762 1288 dicta:
1792 1233 1902 1288 sint
1936 1233 2022 1288 hae
2049 1231 2103 1286 in
2132 1231 2353 1286 beatum
2383 1232 2705 1302 Apostolum
2752 1251 2780 1290 a
2823 1234 3034 1292 Joanne
3076 1248 3268 1293 nostro
3298 1237 3594 1296 elaboralze

292 1335 681 1405 Expositiones
713 1340 770 1386 et
795 1331 1056 1391 homiliae,
1089 1345 1120 1383 a
1154 1327 1330 1383 doctis
1365 1327 1525 1382 video
1555 1326 1610 1380 in
1639 1326 1816 1380 varias
1843 1325 1976 1380 itum
2009 1340 2129 1379 esse
2165 1326 2485 1380 sententias.
2515 1327 2761 1383 Andreas
2796 1329 3063 1385 Dounzrus
3094 1330 3145 1386 in
3180 1331 3324 1389 notis
3352 1333 3466 1387 suis
3491 1336 3595 1390 do-

293 1426 559 1484 ctissimis
589 1425 657 1480 ad
681 1440 806 1479 eum
841 1424 1026 1478 locum
1056 1419 1450 1492 Chrysostomi,
1477 1418 1570 1488 qui
1601 1418 1874 1487 reperitur
1905 1427 1935 1472 ιι

1949 1434 2013 1470 »ιιι
2051 1413 2142 1481 IV,
2176 1432 2296 1488 pag.
2330 1419 2447 1483 ίὲϐ,
2478 1419 2544 1473 15
2575 1437 2586 1472 :
2615 1420 2990 1492 προσέκρουσε
3022 1423 3102 1494 τῷ
3133 1441 3263 1476 ποτε
3298 1427 3591 1496 κρατοῦντι

297 1522 333 1591 ἡ
355 1521 515 1582 πόλις
540 1519 575 1588 ἡ
606 1517 882 1588 ἡμετέρα,
910 1523 1042 1580 etc.,
1070 1512 1252 1568 omnia
1278 1513 1396 1567 haec
1421 1511 1475 1565 in
1506 1511 1726 1565 beatum
1752 1509 1977 1564 Paulum
2008 1509 2314 1563 Antiochiae
2341 1511 2540 1580 scripta
2570 1512 2784 1566 videtur
2810 1529 3056 1568 asserere
3089 1532 3101 1568 :
3136 1532 3258 1570 eum
3303 1525 3486 1572 tamen
3527 1518 3595 1571 de

299 1614 407 1669 illis
444 1613 580 1683 ipsis
609 1612 662 1666 in
694 1610 993 1680 Epistolam
1017 1609 1086 1677 ad
1106 1609 1461 1664 Colossenses
1487 1607 1852 1662 certissimum
1885 1605 1954 1660 sit
1985 1606 2216 1676 scriptas
2239 1607 2261 1660 ί
2265 1608 2410 1662 uisse
2437 1609 2517 1662 vel
2555 1609 2769 1664 habitas
2796 1610 3291 1681 Constantinopoli,
3327 1621 3385 1666 ut
3413 1629 3476 1667 ex
3508 1630 3596 1669 se-

305 1709 606 1784 quentibus
630 1705 878 1776 liquebit.
913 1703 1118 1759 Contra
1151 1702 1461 1774 βιογράφοι,
1491 1701 1584 1770 qui
1615 1701 1811 1756 bellam
1839 1701 1998 1754 nobis
2035 1702 2418 1772 excogiturnnt
2450 1703 2690 1758 fabulam
2729 1706 2874 1759 illam
2917 1708 2984 1762 de
3019 1707 3184 1762 Paulo
3214 1709 3265 1761 in
3299 1724 3486 1763 aurern
3517 1710 3600 1765 di-
3651 1687 3661 1692 ’

310 1810 494 1858 etante
521 1809 703 1854 nostro
727 1797 947 1860 Joanni,
973 1812 1095 1865 quae
1124 1795 1410 1861 scriberet,
1452 1809 1682 1864 eamque
1721 1807 1835 1847 rem
1861 1792 2049 1848 l’roclo
2081 1794 2192 1864 (qui
2223 1804 2335 1849 tum
2368 1795 2715 1851 ministrabat
2753 1798 3165 1869 Chrysostomo,
3201 1811 3256 1855 et
3303 1814 3490 1872 postea
3539 1804 3594 1858 in

309 1897 624 1967 episcopatu
651 1892 938 1963 successit)
969 1909 1069 1963 per
1092 1892 1260 1946 rimas
1293 1891 1489 1957 visam,
1520 1898 1716 1944 cuncta
1747 1889 2003 1943 videntur
2026 1889 2301 1944 vindicare
2340 1889 2838 1961 COIlSlallllllOpoil.
2872 1892 3082 1958 Neutri,
3107 1904 3166 1950 nt
3189 1895 3404 1965 Opinor,
3427 1913 3554 1950 vere
3582 1911 3597 1947 :

308 1991 613 2045 rectissime
644 1990 894 2052 Photius,
927 1988 1018 2059 qui
1059 2005 1182 2060 pag.
1215 1987 1312 2043 20l
1352 1987 1607 2044 editionis
1637 1985 1866 2058 August.
1913 1987 2146 2041 mediam
2181 1977 2525 2049 sccat'viam.
2577 1989 2662 2043 his
2697 1992 2876 2046 verbis
2908 2010 2921 2046 :
2955 1992 3095 2046 ἀλλὰ
3130 1993 3230 2056 τὰς
3267 1993 3368 2063 μὲν
3402 1996 3482 2056 είς
3508 1993 3601 2046 τὶν

321 2085 650 2140 ’Δτεόστολον
678 2084 1028 2155 συγγραφὰς,
1056 2083 1205 2135 ἔστιν
1235 2081 1294 2148 ἐξ
1329 2081 1509 2136 αὐτῶν
1534 2081 1760 2135 ἐκείνων
1784 2080 2102 2148 ἐπιγνῶναι,
2143 2079 2293 2133 ποῖαί
2322 2098 2382 2134 τε
2416 2082 2595 2136 αὐτῶν
2624 2084 2683 2137 ὲν
2717 2083 3019 2157 Ἀντιοχείᾳ
3042 2085 3373 2155 διατρίϐοντι
3411 2085 3602 2150 ἐξεπο-

309 2178 576 2250 νήθησαν,
607 2176 664 2230 αἳ
695 2177 788 2230 καὶ
817 2176 1020 2247 μᾶλλον
1051 2175 1466 2247 διηκρίϐωνται,
1497 2173 1594 2226 καὶ
1626 2176 1778 2226 ποῖαι
1807 2173 1951 2243 ἀρχιε

1959 2173 2254 2244 νρατεύοντι
2285 2175 2645 2246 ἐποιήθησαν.
2679 2178 2755 2232 Ex
2783 2179 2984 2246 quibus
3007 2179 3187 2235 verbis
3215 2179 3465 2250 quamvis
3499 2196 3601 2234 nec

311 2270 401 2335 ibi,
431 2286 539 2326 nec
569 2285 818 2342 usquam,
860 2269 1003 2339 quod
1039 2267 1227 2332 sciam,
1271 2265 1338 2318 ab
1371 2265 1486 2334 ipso
1517 2263 1719 2318 diserte
1754 2263 2113 2330 exprimatur,
2145 2278 2253 2334 quo
2273 2251 2517 2336 quaeque
2561 2267 2682 2320 loco
2731 2267 2935 2336 scripta
2987 2268 3211 2332 fuerint,
3265 2271 3370 2325 hoc
3421 2280 3604 2326 tamen

313 2365 578 2420 habemus
606 2361 1091 2417 Antiochenornm.
1108 2367 1164 2412 et
1191 2356 1931 2426 Constantinopolitanorurn

1964 2354 2266 2424 κριτήριον,
2299 2356 2558 2411 nimirum
2591 2357 2691 2430 τὴν
2717 2358 3024 2429 ἀκρίϐειαν.
3054 2361 3173 2426 Quo
3198 2370 3379 2419 tamen
3411 2378 3606 2433 κριτη-

318 2463 411 2536 ρίῳ
434 2463 639 2518 certius
669 2459 935 2514 habemus
967 2457 1112 2511 aliud
1135 2465 1184 2510 et
1213 2455 1396 2509 minus
1428 2453 1587 2507 fallax
1625 2452 1678 2506 in
1709 2449 2011 2514 nonnullis,
2043 2451 2282 2506 auctoris
2313 2453 2486 2521 ipsius
2509 2455 2698 2509 verba.
2730 2455 2831 2512 Ubi
2861 2465 3045 2513 autem
3093 2459 3196 2514 hoc
3239 2455 3608 2516 destituemur

314 2559 558 2617 subsidio
579 2558 778 2628 (neque
801 2553 946 2610 enim
975 2553 1028 2608 in
1057 2552 1314 2608 omnibus
1345 2551 1477 2606 illud
1503 2565 1568 2604 ex
1593 2549 1776 2606 verbis
1803 2547 2182 2621 Chrysostomi
2209 2551 2479 2619 apparet),
2500 2549 2930 2620 confugiendum
2956 2552 3062 2606 erit
3083 2553 3150 2606 ad
3174 2554 3325 2622 prius
3354 2554 3482 2610 illud
3507 2559 3609 2626 τῆς

316 2651 603 2724 ἀκριϐείας
629 2650 934 2719 κριτήριον,
976 2638 1080 2701 hoc
1106 2655 1212 2710 est,
1244 2660 1330 2700 res
1361 2645 1741 2716 probabilibus
1764 2646 1958 2715 conjec

1965 2645 2102 2700 turis
2128 2645 2504 2715 expendenda.
2524 2646 2614 2700 Λα
2635 2663 2704 2702 ne
2733 2646 2892 2718 longe
2910 2648 3191 2713 abeamus,
3224 2650 3292 2703 de
3327 2649 3504 2719 priore
3539 2652 3607 2704 ad

317 2745 628 2804 Corinthios
657 2757 974 2814 expressum
1000 2739 1268 2794 habemus
1296 2754 1362 2793 ex
1394 2739 1567 2808 ipsius
1595 2737 1967 2809 Chrysostomi
1995 2738 2179 2794 verbis
2203 2738 2602 2804 testimonium,
2634 2739 3050 2808 seriptasiuisse
3073 2741 3324 2797 homilias
3355 2743 3474 2797 illas
3499 2747 3611 2797 Au-

322 2845 552 2902 tiochiae.
591 2843 768 2897 Locus
800 2847 905 2903 est,
948 2836 1172 2892 homilia
1204 2834 1466 2907 vigesima
1496 2835 1670 2905 prima
1702 2851 1756 2906 p.
1789 2835 1917 2900 379,
1949 2835 1964 2888 Ἰ

1967 2836 1980 2888 l
2022 2855 2035 2890 :
2071 2833 2365 2889 καὶταῦτα
2395 2836 2452 2888 ὲν
2481 2835 2803 2906 Ἀντιοχείᾳ,
2826 2838 2884 2888 ὲν
2979 2835 3196 2908 πρῶτον
3228 2839 3609 2908 ἐχρημάτισαν

321 2935 656 3009 Χριστιανοί.
689 2932 756 2990 Et
781 2932 998 3004 quidem
1028 2927 1208 2985 Pbotii
1239 2930 1524 2999 κριτήριον
1555 2928 1683 2982 huic
1708 2928 1912 2998 scripto
1942 2945 1963 2999 ι

1969 2929 2182 2984 ιθώειΙθ
2212 2929 2490 2992 convenit,
2523 2944 2648 2982 cum
2675 2928 2813 2982 nihil
2842 2929 2916 2983 sit
2946 2929 3154 2998 uspiam
3185 2931 3254 2985 ab
3275 2931 3486 2986 Joanne
3511 2948 3611 2985 n0-

325 3040 434 3086 stro
461 3031 565 3085 illis
596 3027 945 3087 sermonibus
974 3027 1238 3097 scriptum
1271 3021 1603 3083 accuratius,
1627 3021 1766 3076 nihil
1795 3022 2060 3076 limatius.
2086 3021 2163 3077 De
2189 3021 2549 3076 Sermonibus
2576 3022 2630 3076 in
2659 3022 2954 3092 Epistolam
2977 3023 3044 3077 ad
3073 3022 3278 3089 Titum,
3303 3026 3423 3096 plus
3446 3043 3610 3098 quam

331 3131 597 3200 probabile
641 3138 726 3184 est
768 3127 985 3182 habitos
1040 3124 1226 3179 itidem
1279 3122 1447 3176 fuisse
1495 3120 1818 3175 Antiochiae.
1861 3119 1952 3174 Sic
2001 3121 2150 3174 en'im
2192 3119 2436 3188 loquitur
2479 3119 2701 3174 homilia
2759 3121 2938 3185 tertia,
2971 3136 3092 3192 pag.
3139 3122 3265 3186 392,
3310 3125 3378 3178 45
3414 3142 3429 3176 :
3462 3126 3614 3180 τίειν

336 3226 476 3277 εἴποι
505 3241 586 3286 τις
615 3223 746 3293 περὶ
771 3219 884 3276 τῶν
907 3223 987 3281 εἰς
1017 3217 1221 3278 τόπους
1248 3214 1646 3285 ἀπερχομένων
1672 3211 1902 3274 ἐκείνοις
1938 3212 2168 3281 (scilicet
2199 3211 2502 3281 Ἰουδαίοις)
2538 3212 2983 3284 ἀφιερωμένουΩ
3018 3214 3110 3268 τὸν
3139 3215 3198 3267 ἐν
3229 3216 3418 3289 Δάφνῃ
3444 3217 3612 3286 λέγω,

329 3321 388 3374 τὸ
411 3321 505 3391 τῆς
532 3319 846 3390 Ματρὼνης
872 3316 1167 3385 λεγόμενον
1199 3311 1467 3382 σπήλαιον
1502 3329 1516 3365 :
1550 3317 1633 3364 est
1680 3317 1865 3363 autem
1915 3307 1971 3363 D:

1969 3309 2141 3378 aphne
2183 3307 2530 3361 notissimum
2573 3307 2703 3361 illud
2752 3308 3128 3363 suburbanum
3184 3309 3611 3368 Antiochenum.

323 3415 439 3472 1am
490 3418 560 3472 de
615 3413 978 3470 Sermonibus
1032 3411 1087 3465 in
1151 3408 1450 3479 Epistolam
1504 3406 1569 3460 ad
1632 3406 2011 3470 Colosscnses,
2068 3402 2328 3474 quicquid
2402 3403 2550 3457 dicat
2612 3403 2968 3458 doctissimus
3032 3405 3326 3469 Dounazus,
3400 3416 3614 3460 certum

327 3520 410 3566 est
429 3507 902 3578 Constantinopoli
935 3505 1170 3575 scriptos
1195 3502 1368 3557 fuisse
1401 3502 1470 3555 ab
1493 3501 1685 3555 eodem
1719 3499 1825 3570 iam
1869 3499 2128 3568 episeopo
2167 3517 2176 3549 :
2211 3497 2264 3551 id
2288 3497 2432 3566 quod
2474 3513 2539 3550 ex
2568 3498 2755 3552 multis
2786 3498 2920 3552 locis
2961 3497 3025 3552 ad
3059 3498 3220 3552 linem
3256 3500 3426 3553 ethici
3471 3501 3617 3555 tertii

324 3605 448 3660 luce
493 3605 696 3659 clarius
738 3611 986 3673 apparet,
1020 3617 1145 3672 pag.
1187 3600 1308 3663 107,
1354 3597 1392 3651 l.
1424 3598 1492 3652 14
1533 3615 1546 3651 :
1595 3597 1669 3666 μὴ
1721 3597 1830 3666 γὰρ
1874 3594 1966 3662 ὲγιῖ

1975 3614 1986 3647 ›
2025 3594 2221 3665 δίδωμι
2263 3594 2362 3664 τὴν
2397 3594 2662 3664 εἰρήνηνς
2695 3594 2854 3663 Atqui
2899 3611 3062 3663 supra
3117 3596 3152 3648 l.
3188 3595 3222 3648 2
3269 3597 3372 3651 hoc
3404 3598 3617 3652 dixerat

327 3700 610 3773 preprium
636 3715 758 3755 esse
787 3698 882 3752 τοῦ
908 3697 1218 3767 ἐφεστῶτος
1237 3695 1338 3765 τῆς
1365 3692 1715 3763 Ἐκκλησίας.
1748 3692 1858 3744 Aut
1885 3690 1928 3744 si
1963 3708 1969 3760 ι

1972 3691 2247 3760 presbyter
2275 3689 2379 3743 dici
2409 3698 2596 3758 posset
2639 3687 2922 3758 προεστὼς
2945 3690 3046 3758 τῆς
3083 3691 3431 3761 Ἐκκλησία-ς,
3469 3691 3614 3760 quod

328 3812 441 3852 non
472 3807 626 3868 puto,
668 3794 726 3849 in
770 3795 904 3850 urbe
944 3792 1309 3864 episcopalem
1357 3790 1544 3844 sedem
1591 3788 1850 3849 habente,
1889 3802 1970 3840 cei

1973 3797 2037 3840 ‘te
2077 3785 2221 3855 quod
2279 3785 2528 3854 sequitur
2572 3785 2608 3838 l.
2643 3786 2704 3839 4|
2743 3801 2756 3836 :
2793 3784 2898 3848 ἕως
2949 3785 2995 3838 δ’
3032 3779 3098 3840 ἂν
3138 3787 3232 3840 ἐπὶ
3279 3786 3374 3840 τοῦ
3420 3787 3615 3858 Θρὸνου

328 3889 525 3944 τούτου
558 3887 872 3958 καθήμεθα,
903 3896 1031 3950 etc.,
1058 3886 1126 3941 de
1160 3885 1479 3956 presbytero
1503 3883 1608 3937 dici
1636 3897 1745 3936 non
1773 3889 1970 3952 potest.

1973 3921 1977 3933 .
2013 3879 2077 3934 Et
2105 3880 2236 3934 illud
2267 3897 2319 3950 p.
2358 3879 2480 3946 108,
2524 3880 2557 3930 5
2585 3896 2598 3931 :
2632 3879 2790 3932 τοῦτο
2809 3880 2920 3950 γάρ
2940 3883 3055 3934 ἐστι
3092 3881 3153 3934 τὸ
3183 3881 3280 3952 τῆς
3309 3883 3615 3953 ὲπισκοπῆς

329 3987 572 4059 ἀξίωμα,
598 3982 1046 4040 manifestissime
1075 3982 1357 4037 convincit
1384 3994 1573 4035 verum
1598 3994 1740 4045 esse,
1769 3977 1912 4047 quod
1939 3976 2174 4030 dicimus
2199 3977 2262 4030 de
2285 3976 2370 4031 his
2404 3977 2455 4029 in
2488 3975 2756 4048 Epistolas
2776 3977 2842 4031 ad
2879 3978 3236 4034 Colossenses
3260 3978 3527 4032 llomiliis.
3552 3979 3616 4033 ιη

331 4089 619 4148 utramque
648 4078 812 4132 etiam
843 4077 911 4132 ad
933 4074 1459 4131 Thessalonicenses
1483 4070 1858 4144 Chrysostomi
1887 4067 2151 4123 Homilias
2181 4069 2268 4122 aio
2289 4068 2523 4140 scriptas
2546 4069 2788 4124 dictasve
2803 4069 3297 4140 Constantinopoli.
3321 4070 3394 4125 De
3413 4073 3630 4142 priore,

331 4173 520 4230 hornil.
553 4173 866 4238 undecima,
893 4187 1017 4243 pag.
1045 4170 1174 4236 207,
1210 4171 1274 4224 l7
1306 4187 1320 4224 :
1357 4171 1406 4223 sl
1442 4169 1550 4241 γὰρ
1582 4166 1885 4230 ὑπεύθυνος
1914 4168 1973 4236 ὲγ

1973 4167 2187 4236 ἐνὸμην
2218 4167 2314 4235 τῆς
2344 4166 2567 4219 πάντων
2592 4165 2748 4236 ὑμῶν
2787 4167 3148 4234 προστασίας,
3183 4177 3291 4221 etc.
3327 4167 3403 4221 De
3433 4177 3615 4236 poste-

331 4266 497 4329 riore,
527 4264 719 4320 honiil.
743 4273 957 4335 quarta,
981 4280 1085 4338 pag
1106 4263 1234 4325 258,
1259 4263 1358 4317 lin.
1380 4261 1452 4316 ‘22
1479 4278 1494 4316 :
1525 4262 1588 4315 σὺ
1605 4261 1660 4314 δὲ
1692 4259 1866 4325 ἀξιοῖς
1888 4259 1973 4313 τὸν

1977 4278 1981 4301 ν
2005 4258 2134 4312 λαὸν
2160 4259 2298 4330 ὑπὲρ
2320 4259 2412 4311 τοῦ
2436 4260 2746 4331 ἡγουμένου
2770 4262 3143 4330 παρακαλείν;
3167 4270 3222 4315 et
3247 4277 3370 4315 mox
3399 4261 3494 4314 lin.
3514 4263 3619 4316 25:

329 4359 422 4417 τοῦ
476 4361 810 4432 κρατοῦντος
844 4377 859 4414 :
893 4377 1016 4430 qua:
1049 4376 1158 4416 non
1188 4359 1292 4415 nisi
1323 4359 1583 4430 episcopo
1614 4359 1912 4413 convenire
1944 4367 2193 4428 possunt.
2243 4355 2510 4413 Sermone
2552 4368 2750 4427 quarto
2787 4359 2842 4416 in
2892 4357 3188 4428 Epistulam
3228 4357 3295 4414 ad
3333 4357 3616 4423 ilebrteos,

330 4473 454 4530 pag.
489 4457 617 4521 454,
647 4456 887 4526 loquitur
919 4465 979 4511 ut
1007 4456 1314 4528 episcopus,
1351 4455 1421 4510 de
1453 4454 1518 4509 iis
1547 4470 1736 4524 agens,
1773 4455 1864 4524 qui
1901 4455 2144 4526 praelii-as
2180 4454 2247 4508 ad
2283 4455 2556 4522 planctum
2597 4455 2851 4510 ciendum
2903 4456 3217 4511 conducunt
3253 4474 3267 4510 :
3308 4455 3477 4509 πολὺν
3522 4457 3624 4520 0.33-

328 4551 460 4613 τοὺς
489 4549 704 4619 χρόνον,
743 4549 921 4619 inquit
949 4548 1046 4603 lin.
1081 4550 1172 4615 30,
1196 4549 1297 4620 τῆς
1321 4547 1617 4618 ἐκκλησίας
1650 4547 1917 4620 ἀπείρξω,
1949 4549 1970 4600 t1

1980 4566 2025 4612 ›ς
2058 4547 2148 4601 τὸν
2179 4549 2575 4620 εἱδωλολάτρην
2606 4570 2618 4605 :
2657 4560 2710 4604 et
2741 4550 2836 4604 lin.
2870 4550 2939 4606 58
2973 4568 2987 4603 :
3024 4553 3072 4605 εί
3107 4551 3164 4604 δὲ
3205 4549 3280 4620 μὴ
3333 4549 3622 4620 βούλεσθε,

301 4617 312 4680 ι
335 4647 494 4718 ἡμεῖς
512 4617 621 4700 οὐκ
643 4617 950 4718 ἁνεχόιλεθα
969 4647 1075 4719 ἤθη
1103 4617 1329 4700 τοιαῦτα
1357 4643 1579 4715 ὀλέθρια
1604 4647 1670 4716 τῇ
1698 4617 1943 4715 ἐκκλησίς

1988 4645 2402 4714 ἐπεισαγαγεῖν.
2422 4617 2567 4712 Quin
2590 4656 2647 4700 et
2668 4646 2720 4699 in
2741 4645 2858 4716 ipso
2879 4646 3038 4701 titulo
3058 4645 3189 4700 editi
3206 4617 3474 4702 dicuntur
3503 4661 3628 4699 ser-

333 4757 528 4798 mones
549 4741 624 4795 illi
659 4740 712 4794 in
744 4740 1047 4812 Epistolam
1074 4740 1140 4796 ad
1163 4741 1424 4796 Hebrazos
1455 4739 1594 4812 μετὰ
1625 4740 1726 4810 τὴν
1758 4737 1975 4808 κοίμησε

1985 4754 2018 4790 ,v
2047 4735 2238 4802 αὑτοῦ,
2274 4746 2331 4790 ιιι
2363 4737 2655 4791 verisimile
2685 4738 2754 4792 sit
2783 4738 3044 4793 extremis
3077 4738 3418 4808 temporibus
3447 4739 3627 4794 dictos

337 4838 527 4894 fuisse.
567 4839 644 4893 De
672 4837 976 4907 posteriore
1007 4839 1075 4893 ad
1105 4836 1424 4892 Corinthios
1457 4835 1813 4893 subdubitare
1844 4849 1933 4888 me
1966 4833 2112 4904 cogit
2133 4833 2322 4896 dictio,
2346 4849 2506 4904 quam
2525 4833 2598 4908 .in
2625 4835 2872 4904 proxime
2903 4836 3238 4899 memoratis,
3272 4837 3434 4905 paulo
3462 4839 3628 4904 ἀκρι-

331 4933 593 5003 ϐεστέρα.
627 4931 682 4986 Si
718 4941 900 4986 tamen
939 4934 1162 5005 γνήσιον
1208 4941 1290 4988 est
1337 4933 1557 4988 ethicon
1604 4931 1735 4986 illud
1777 4930 2052 5002 vigesima:
2096 4938 2283 4994 sextae,
2332 4929 2477 4998 quod
2509 4929 2655 4984 inter
2691 4931 2882 4988 doctos
2913 4931 3206 4999 disceptari
3246 4933 3424 5000 video,
3461 4935 3628 4990 verba

332 5037 485 5084 certe
513 5027 601 5080 illa
624 5042 746 5099 pag.
776 5027 904 5091 687,
925 5027 996 5082 28
1023 5043 1037 5079 :
1071 5026 1299 5098 καὶγὰρ
1321 5027 1420 5081 καὶ
1447 5026 1685 5082 ἐνταῦθα
1706 5028 1974 5080 Κωνσταν

1985 5025 2116 5076 πῖνον
2143 5023 2234 5076 τὸν
2268 5025 2465 5095 μέγαν,
2489 5035 2620 5090 etc.,
2646 5025 3161 5098 Constantinopolin
3186 5030 3333 5084 clare
3362 5030 3627 5088 indicant.

333 5128 515 5196 Atque
561 5124 678 5179 haec
719 5132 868 5192 sunt,
896 5140 1019 5195 quae
1049 5139 1113 5179 ex
1154 5122 1290 5194 ipsis
1325 5123 1701 5196 Chrysostomi
1750 5123 1954 5189 verbis,
1986 5129 2266 5190 utcunque
2293 5137 2393 5191 pro
2422 5129 2692 5192 tempore,
2734 5122 2934 5178 elicere
2972 5126 3270 5193 potuimus.
3306 5125 3386 5179 Ad
3423 5125 3630 5193 reliqua

335 5220 584 5277 adhibito
615 5220 793 5275 Photii
827 5219 1123 5291 κριτηρίῳ,
1147 5219 1293 5289 quod
1319 5221 1550 5276 alterum
1588 5235 1706 5286 nos,
1743 5219 1789 5274 si
1828 5228 1975 5274 recte
2001 5216 2312 5283 observavi,
2346 5217 2550 5273 dehinc
2575 5219 2905 5285 destituerit,
2946 5218 3195 5275 llomilia:
3235 5219 3289 5273 in
3331 5220 3628 5289 Epistolam

335 5320 403 5374 ad
442 5317 744 5380 Romanos,
789 5325 846 5371 et
881 5315 1162 5387 Expositio
1217 5316 1273 5370 in
1321 5315 1540 5372 Galatas
1588 5314 1949 5370 Antiochenis
1981 5315 2070 5367 διὰ
2116 5313 2218 5383 τὴν
2265 5314 2554 5385 ἀκρίϐειαν
2609 5315 2967 5370 aceensendae
3022 5331 3038 5367 :
3089 5314 3339 5369 ﬂomilia:
3395 5314 3449 5366 in
3499 5313 3630 5382 Epi-

336 5412 505 5466 stolas
539 5411 608 5466 ad
655 5410 944 5482 Ephesios,
981 5409 1387 5482 Pbilippenses,
1423 5420 1713 5481 utramque
1743 5410 1810 5464 ad
1842 5410 1978 5465 Timt

1983 5411 2194 5466 itheum
2231 5419 2289 5464 et
2327 5409 2708 5466 Philemonem
2748 5411 2837 5464 διὰ
2874 5409 2935 5463 τὸ
2963 5409 3098 5463 αὐτὸ
3142 5409 3488 5478 αὐτοσχέδιον
3525 5407 3625 5476 τῆς

339 5504 539 5568 λέξεως
560 5505 1207 5578 Constantinopolitanis.
1238 5508 1417 5576 Atque
1455 5505 1574 5560 haec
1597 5503 1817 5574 quidem
1849 5520 1950 5560 nos

1991 5502 2512 5575 κὺτοσχεδιάζοντες,
2553 5501 2783 5558 meliora
2821 5510 3134 5557 monentem
3180 5501 3322 5554 haud
3355 5499 3633 5555 illibentcr

338 5600 610 5662 secuturi.

1816 5769 2154 5785 ——*
