4158 6388
505 319 601 376 591

1199 309 1260 367 S.
1298 305 1589 364 JOANNIS
1625 299 2119 360 CllBYSUS’l‘OMI
2152 295 2473 352 ARCHIEP.
2513 290 3064 350 CONSTANTINOP.

512 431 3752 500 EMWm—m

1291 654 1770 746 SANCTI
1877 647 2367 740 PATRIS
2466 644 2969 738 NOSTBI

655 899 1678 1090 JOANNIS
1853 885 3516 1075 CHRYSOSTOM

1433 1210 1953 1270 ARCHIEPISCOP!
2005 1203 2813 1266 CONSTANTINOPOLITANI
2833 1245 2850 1270 ,
3411 1243 3418 1250 .

911 1400 1730 1488 COMMENTARIUS
1802 1401 1913 1478 IN
1991 1395 2573 1476 EPISTOLAM
2658 1397 2786 1471 AD
2857 1389 3370 1470 ROMANOS.

2015 1598 2273 1610 ——————-

1208 1777 1826 1844 ARGUMENTUM
1860 1773 1943 1855 (a)
1991 1773 2428 1836 EPISTOLxE
2469 1772 2580 1830 AD
2622 1766 3028 1832 ROMANOS
3056 1774 3095 1826 ί.
3151 1782 3160 1789 ’

576 1963 629 2017 1.
657 1962 790 2017 Dum
815 1960 1176 2031 Epistolarum
1202 1959 1261 2014 S.
1286 1957 1435 2012 Pauli
1459 1955 1745 2010 lectionem
1767 1951 2099 2022 frequenter,

503 2068 568 2108 ac
593 2069 735 2122 sanna
763 2063 846 2106 ter
869 2062 1125 2121 quaterve
1152 2064 1248 2120 per
1268 2046 1506 2117 singulas
1528 2043 1892 2100 hebdomadas
1919 2042 2102 2108 audio,

503 2145 716 2214 quando
747 2152 1054 2198 sanctorum
1079 2151 1376 2211 martyrum
1400 2137 1714 2193 memoriam
1741 2135 2102 2201 celebramus,

505 2237 716 2304 gaudeo
746 2244 801 2290 et
827 2236 1059 2299 exsulto,
1090 2233 1216 2287 tuba
1253 2233 1436 2287 fruens
1477 2229 1740 2301 spirituali
1759 2270 1773 2291 ,
1804 2227 2106 2283 desiderio-

505 2343 612 2397 que
632 2327 820 2392 ardeo,
845 2327 1218 2380 cumiamicam
1239 2323 1369 2378 mihi
1390 2336 1576 2378 vocem
1599 2321 1862 2388 ausculto,
1893 2319 2110 2388 fereque

508 2419 636 2472 mihi
667 2419 855 2473 videor
886 2418 1034 2472 illum
1068 2424 1385 2486 prmseutem
1422 2422 1478 2469 et
1501 2414 1858 2468 disserentem
1887 2410 2108 2481 conspi-

505 2529 666 2579 cere;
699 2514 791 2567 sed
821 2524 855 2564 a
879 2527 991 2582 igor
1017 2527 1079 2566 ac
1109 2509 1429 2574 discrucior,
1461 2507 1604 2578 quod
1635 2523 1740 2561 non
1772 2520 1962 2561 omnes
1995 2513 2113 2558 tan-

509 2614 620 2658 tum
650 2605 824 2658 virum
846 2613 903 2657 ut
937 2618 1030 2672 par
1049 2608 1197 2657 esset
1213 2606 1564 2670 cognoscant,
1584 2607 1639 2652 et
1655 2610 1826 2667 usque
1847 2594 1982 2649 adeo
2002 2595 2113 2664 qui-

509 2696 632 2750 dam
660 2691 940 2765 ignorent,
975 2703 1035 2747 ut
1063 2707 1163 2747 nec
1196 2705 1477 2745 numerum
1507 2687 1726 2758 quidem
1757 2685 2108 2756 epistolarqu

507 2786 626 2855 ejus
653 2786 849 2840 sciant.
878 2782 1012 2838 Illud
1045 2798 1172 2836 vero
1203 2797 1310 2835 non
1339 2779 1463 2834 hinc
1488 2779 1700 2844 evenit,
1727 2775 1872 2847 quod
1901 2776 2113 2830 discere

509 2893 615 2932 non
645 2878 893 2942 valeant,
939 2875 1034 2930 sed
1086 2873 1228 2945 quod
1261 2873 1434 2926 nolint
1459 2887 1582 2927 cum
1628 2881 1818 2926 sancto
1859 2870 1974 2925 viro
2004 2871 2113 2923 fre-

510 2977 738 3037 quenter
766 2966 988 3020 versari.
1018 2965 1202 3034 Neque
1231 2964 1374 3020 enim
1405 2979 1500 3016 nos
1531 2978 1650 3030 qua:
1677 2963 1904 3025 scimus,
1935 2961 1982 3014 si
2011 2976 2112 3029 qua

511 3068 690 3113 tamen
723 3057 962 3122 scimus,
992 3073 1058 3112 ex
1104 3055 1301 3124 ingenii
1344 3054 1639 3108 acrimonia
1688 3053 1970 3118 novimus,
2016 3053 2110 3107 sed

510 3148 653 3218 quod
684 3147 802 3216 ejus
833 3146 1032 3215 scripta
1060 3145 1277 3200 aSsidue
1299 3153 1608 3205 tractemus,
1635 3143 1894 3213 illumque
1915 3141 2114 3198 allecm

522 3239 758 3292 maximo
785 3238 1229 3303 complectamur.
1261 3234 1393 3288 Nam
1423 3233 1515 3304 qui
1549 3243 1734 3288 amant
1755 3272 1773 3298 ,
1813 3242 2114 3287 amatorum

513 3340 632 3383 acta
666 3330 782 3398 plus
813 3340 971 3397 quam
1000 3327 1092 3380 alii
1119 3341 1308 3380 omnes
1340 3337 1558 3386 norunt,
1592 3334 1777 3394 utpote
1801 3324 1893 3395 qui
1919 3324 1987 3379 de
2011 3325 2116 3378 illis

515 3421 730 3475 solliciti
763 3421 867 3474 sint
895 3437 908 3474 :
944 3420 994 3472 id
1026 3418 1166 3489 quod
1207 3419 1293 3470 hic
1324 3417 1402 3470 vir
1431 3417 1620 3472 beatus
1645 3415 1969 3478 ostendens,
2000 3415 2118 3470 Phi-

515 3512 848 3583 lippeusibus
877 3509 1007 3564 dicit
1037 3528 1049 3564 :
1086 3508 1234 3564 Sicut
1260 3508 1385 3561 mihi
1407 3509 1604 3577 justum
1632 3508 1822 3560 esthoc
1847 3506 2032 3560 sentire
2052 3505 2116 3558 de

514 3606 672 3670 vobis,
707 3621 764 3657 eo
786 3603 920 3670 quod
946 3619 1033 3655 vos
1060 3603 1112 3654 in
1138 3601 1293 3654 corde
1318 3600 1526 3653 habeam
1557 3600 1606 3652 in
1638 3599 1851 3652 vinculis
1879 3599 2002 3651 meis
2022 3639 2036 3661 ,
2070 3608 2115 3650 et

512 3703 566 3753 in
595 3679 888 3768 defeniione
913 3705 958 3749 et
988 3695 1375 3762 conﬁrmatione
1398 3692 1645 3762 evangelii
1672 3691 1932 3761 (Philipp.
1961 3693 2011 3744 1.
2033 3691 2113 3759 7).

517 3794 699 3862 itaque
727 3792 770 3844 si
795 3791 954 3844 vultis
978 3789 1192 3844 lectioni
1219 3788 1502 3856 diligenter
1522 3786 1820 3850 attendere,
1845 3801 1949 3840 non
1972 3784 2114 3840 :tiiud

519 3883 898 3952 requirendum
945 3880 1096 3932 vobis
1141 3879 1242 3932 erit
1274 3896 1287 3932 :
1322 3894 1508 3932 verum
1553 3877 1750 3947 quippe
1798 3885 1880 3931 est
1917 3876 2113 3932 Christi

515 3975 717 4028 dictum
752 3971 879 4026 illud
907 3990 920 4025 :
956 3971 1179 4038 Quwrite
1199 4011 1215 4036 ,
1245 3979 1294 4023 et
1322 3969 1622 4033 invenietis;
1665 3968 1891 4036 pulsate,
1922 3977 1969 4021 et
1994 3983 2117 4036 ape-

517 4069 674 4122 rietur
701 4065 836 4120 vobis
869 4064 1083 4138 (Matth.
1111 4065 1164 4118 7.
1189 4064 1267 4134 7).
1297 4061 1493 4117 Verum
1516 4062 1637 4130 quia
1667 4060 1908 4130 plerique
1932 4073 1998 4114 ex
2029 4059 2112 4125 iis,

517 4160 608 4229 qui
641 4159 743 4212 huc
771 4157 1048 4212 uobiscqu
1079 4169 1384 4209 convenere
1406 4195 1420 4216 ,
1453 4151 1680 4218 liberos,
1715 4165 1938 4206 uxorem
1968 4150 2118 4204 alen-

516 4250 676 4316 dam,
718 4249 968 4319 aedesqne
997 4247 1262 4302 curandas
1301 4261 1625 4316 suscepere,
1667 4259 1768 4299 uec
1796 4259 1917 4298 sese
1963 4252 2106 4296 totos

517 4343 644 4396 huic
665 4342 844 4396 studio
863 4341 994 4395 dare
1019 4348 1241 4410 possunt
1265 4356 1277 4392 :
1305 4339 1372 4392 ad
1395 4353 1480 4403 ea,
1504 4353 1624 4408 quae
1651 4337 1742 4390 alii
1761 4336 2113 4406 collegerunt,

517 4435 836 4504 excipienda
869 4449 964 4488 vos
992 4443 1320 4502 comparate,
1354 4442 1664 4501 tantumque
1689 4431 1926 4485 studium
1957 4431 2115 4484 dictis

519 4527 801 4582 audiendis
849 4526 1132 4592 adhibete,
1179 4533 1439 4595 quantum
1487 4521 1802 4592 colligendae
1852 4522 2111 4592 pecuniaa.

522 4622 635 4677 Etsi
666 4634 896 4690 namque
927 4627 1084 4689 turpe
1105 4628 1190 4673 est
1213 4616 1345 4672 nihil
1366 4631 1396 4671 a
1426 4617 1576 4671 vobis
1599 4616 1718 4684 plus
1745 4615 1988 4685 exigere,
2013 4615 2117 4668 uti-

519 4733 642 4770 nam
671 4714 753 4768 vel
783 4722 987 4768 tantum
1019 4709 1342 4767 adhibentis.
1827 4727 1834 4734 ·

592 4807 980 4876 Scripturarum
1018 4802 1308 4874 ignorantia
1349 4809 1540 4868 quanta
1567 4798 1732 4869 pariat
1772 4797 1928 4853 mala.
1973 4797 2116 4852 Ordo

517 4899 758 4971 temporis
788 4898 840 4950 in
866 4897 1080 4968 singulis
1107 4894 1334 4965 epistolis
1364 4892 1538 4946 Pauli.
1559 4921 1631 4932 —-
1652 4891 1782 4946 Nam
1811 4906 1840 4946 a
1868 4892 2114 4961 Scriptu-

518 5007 696 5045 rarum
718 4988 1016 5058 ignorantia
1037 4987 1315 5040 innumera
1336 4993 1450 5039 orta
1470 4992 1594 5038 sunt
1611 4984 1747 5037 mala
1769 5001 1782 5037 :
1807 4981 1930 5037 hinc
1949 4982 2115 5037 multa

514 5089 798 5144 Increscunt
843 5082 996 5146 lues,
1043 5079 1169 5134 hinc
1198 5080 1386 5149 ignava
1423 5077 1634 5132 vivendi
1674 5075 1816 5130 ratio
1855 5085 1908 5130 et
1940 5074 2112 5129 infru-

514 5176 686 5229 stuosi
719 5172 951 5228 labores.
985 5169 1139 5227 Sicut
1165 5170 1310 5224 enim
1341 5170 1431 5239 qui
1475 5169 1594 5222 luce
1636 5167 1934 5236 privantur,
1966 5174 2112 5220 recta

512 5266 772 5322 incedere
797 5271 1069 5334 nequeunt
1097 5279 1110 5315 :
1141 5261 1219 5316 sic
1241 5261 1329 5332 qui
1359 5260 1660 5315 divinarum
1683 5257 1848 5313 radiis
1875 5256 2114 5327 Scriptu-

513 5373 696 5412 rarum
749 5371 857 5410 non
903 5356 1177 5420 frtutntur,
1222 5353 1532 5408 necessario
1571 5358 1798 5421 peccant
1837 5360 1892 5404 et
1932 5359 2115 5405 errant

523 5448 846 5517 frequenter,
879 5457 1062 5516 utpote
1097 5445 1188 5515 qui
1221 5447 1273 5498 in
1297 5443 1631 5499 densissimis
1660 5441 1892 5496 tenebris
1921 5440 2111 5494 auibu-

581 5561 597 5590 ι
635 5566 765 5606 Unus
785 5559 936 5609 habet
963 5571 1027 5607 ex
1051 5557 1252 5613 Savilio,
1293 5565 1343 5604 In
1366 5570 1528 5607 omnes
1549 5554 1685 5606 Paul:
1708 5552 1930 5617 epistolas
1953 5555 2112 5616 prolo-

515 5629 625 5681 gus.
652 5619 798 5681 Initio
817 5619 1006 5681 prologi
1031 5620 1094 5681 de
1119 5619 1345 5681 omnibus
1369 5618 1491 5669 Pauli
1522 5616 1749 5681 Epistolis
1772 5616 1890 5677 agit.

580 5680 655 5736 (tt)
672 5675 908 5728 Collatum
933 5675 1042 5728 cum
1060 5679 1236 5728 Codice
1258 5685 1407 5743 Regio
1434 5675 1834 5730 maletmalet-1
1857 5694 1914 5725 :n)
1936 5675 2046 5726 995.

2211 1945 2341 2001 lent.
2389 1946 2442 2000 ld
2475 1961 2543 2001 ne
2572 1947 2825 2010 eveniat,
2866 1947 2932 2001 ad
2953 1946 3190 2016 Apostoli
3231 1946 3495 2001 dictorum
3540 1945 3805 2019 fulgorem

2210 2039 2395 2092 oculos
2438 2039 2740 2107 aperiamus
2774 2057 2786 2092 :
2821 2038 2939 2108 ejus
2977 2039 3174 2108 quippe
3205 2039 3380 2109 lingua
3415 2042 3684 2110 plusquam
3721 2043 3808 2097 sol

2214 2131 2372 2194 lucet,
2404 2139 2736 2201 czeterosque
2758 2145 2948 2185 omnes
2968 2131 3208 2186 doctrina
3232 2133 3380 2187 verbi
3405 2143 3642 2202 superat.
3671 2110 3812 2202 Quia

2212 2223 2353 2275 enim
2400 2223 2518 2291 plus
2559 2238 2717 2291 quam
2746 2223 2819 2277 illi
2851 2224 3144 2286 laboravit,
3190 2239 3434 2293 magnam
3464 2225 3562 2279 sibi
3593 2229 3816 2280 attraxit

2211 2313 2442 2382 Spiritus
2493 2313 2766 2384 gratiam:
2825 2315 2984 2383 idque
3027 2316 3131 2368 non
3183 2331 3249 2370 ex
3304 2317 3545 2386 epistolis
3604 2327 3812 2372 tantum

2213 2405 2360 2474 ejus,
2393 2407 2488 2460 sed
2511 2406 2671 2460 etiam
2703 2420 2768 2460 ex
2798 2407 2962 2474 gestis
2988 2407 3378 2462 contenderim.
3418 2409 3551 2464 Nam
3599 2412 3642 2466 si
3684 2428 3817 2466 con-

2213 2496 2462 2551 cionandi
2493 2506 2707 2567 tempus
2745 2507 2924 2563 esset,
2956 2499 3075 2552 illas
3102 2499 3200 2569 ipsi
3234 2508 3414 2570 partes
3447 2504 3642 2573 ubique
3683 2520 3817 2559 cou-

2215 2590 2480 2645 cedebant
2514 2606 2527 2641 :
2563 2589 2786 2660 ideoque
2829 2589 2970 2660 apud
3019 2591 3324 2648 incredulos
3354 2593 3649 2658 Mercurius
3691 2611 3814 2652 esse

2216 2680 2505 2750 putabatur
2551 2679 2686 2750 (Act.
2728 2681 2818 2736 H.
2858 2683 2972 2750 11),
3019 2682 3159 2753 quod
3210 2684 3263 2738 in
3317 2685 3623 2756 eloquentia
3669 2690 3815 2758 prin-

2216 2791 2342 2847 ecps
2393 2786 2560 2832 esset.
2622 2775 2678 2831 In
2738 2776 2874 2832 hanc
2925 2787 3102 2832 autem
3147 2779 3428 2848 epistolam
3481 2780 3814 2853 ingressuri,

2220 2883 2444 2923 necesse
2493 2878 2571 2923 est
2602 2879 2660 2922 ut
2710 2877 2956 2939 tempus,
3007 2883 3114 2938 quo
3156 2871 3351 2940 scripta
3398 2870 3533 2940 fuit,
3579 2874 3817 2945 assigne-

2219 2977 2358 3016 mus.
2406 2961 2522 3016 Non
2579 2963 2755 3024 enim,
2805 2974 2861 3017 ut
2917 2964 3068 3018 multi
3124 2967 3464 3034 existimant,
3504 2977 3628 3030 ante
3683 2971 3817 3024 alias

2219 3068 2410 3107 otnucs
2429 3054 2626 3123 scripta
2655 3053 2780 3116 fuit;
2810 3055 2901 3108 sed
2930 3057 3100 3125 prima
3123 3056 3336 3126 quidem
3363 3066 3446 3111 est
3467 3073 3674 3126 carum,
3695 3077 3819 3130 qum

2221 3145 2388 3199 Roma
2422 3147 2598 3200 missa:
2626 3146 2804 3214 fuere,
2834 3149 3075 3201 omnium
3097 3187 3113 3212 ,
3155 3157 3209 3202 at
3235 3149 3502 3217 posterior
3535 3151 3672 3215 aliis,
3711 3153 3813 3207 etsi

2224 3255 2328 3293 non
2357 3239 2627 3293 omnibus.
2663 3241 2871 3295 Etenim
2916 3241 3088 3294 amhm
3122 3240 3188 3293 ad
3221 3239 3526 3296 Corinthios
3567 3243 3810 3310 epistolae

2223 3329 2360 3384 hanc
2399 3341 2812 3399 praecesserunt.
2848 3331 2901 3386 ld
2950 3330 3199 3401 liquidum
3241 3339 3414 3384 estex
3463 3331 3557 3397 iis,
3589 3348 3708 3400 quae
3754 3334 3806 3387 iu

2224 3423 2327 3476 line
2353 3420 2511 3489 hujus
2537 3423 2753 3491 scripsit
2786 3422 2871 3477 bis
2899 3423 3076 3478 verbis
3101 3439 3114 3475 :
3147 3419 3297 3475 Nunc
3321 3432 3491 3475 autem
3518 3424 3814 3492 proﬁciscor

2219 3516 2623 3585 Jerosolymam,
2658 3517 2950 3570 ministram
2975 3516 3185 3570 sanctis.
3225 3514 3395 3569 Visum
3421 3524 3496 3568 est
3525 3515 3657 3570 enim
3698 3514 3814 3572 Ha:-

2220 3607 2447 3661 cetlonite
2475 3617 2522 3661 et
2553 3607 2761 3661 Achaia:
2784 3607 3290 3661 communicationem
3315 3605 3541 3676 aliquam
3566 3607 3733 3674 facere
3761 3607 3812 3662 in

2223 3717 2469 3769 pauperes
2489 3709 2778 3754 sanctorum
2794 3700 2878 3770 qui
2901 3710 3016 3752 sunt
3031 3697 3366 3769 Jerosolymis
3390 3697 3566 3767 (Rom.
3592 3700 3678 3755 l5.
3695 3699 3811 3769 26).

2220 3790 2516 3845 Corinthiis
2545 3799 2724 3845 autem
2752 3790 2994 3844 scribens
3022 3790 3097 3843 ait
3123 3806 3137 3841 :
3175 3788 3325 3856 Quod
3353 3789 3398 3843 si
3427 3789 3638 3860 dignum
3663 3792 3812 3859 fuerit

2221 3894 2276 3937 ut
2302 3894 2349 3938 et
2378 3901 2468 3954 ego
2508 3901 2620 3938 eam
2641 3926 2654 3948 ,
2687 3901 2879 3952 merum
2921 3884 3306 3954 proﬁciscentur
3336 3883 3413 3956 (1.
3445 3883 3565 3939 Cor.
3604 3884 3691 3940 16.
3719 3885 3808 3953 4);

2221 3977 2290 4033 de
2321 3979 2383 4034 iis
2415 3979 2640 4049 loquens
2660 4020 2674 4042 ,
2707 3979 2796 4049 qui
2829 3979 2954 4034 illuc
2986 3978 3240 4049 pecunias
3277 3977 3608 4045 deportaturi
3638 3988 3806 4032 erant.

2225 4069 2377 4126 Unde
2426 4071 2628 4141 liquet,
2681 4086 2804 4125 cum
2859 4071 3124 4126 scriberet
3170 4068 3499 4134 Corinthiis,
3553 4069 3806 4124 incertum

2223 4163 2388 4219 fuisse
2415 4179 2483 4218 an
2524 4179 2590 4220 eo
2630 4163 2972 4235 profecturus
2998 4171 3182 4229 esset;
3215 4177 3336 4217 cum
3369 4177 3497 4216 vero
3528 4161 3806 4227 Romanis,

2220 4271 2334 4312 rem
2357 4257 2700 4312 constitutam
2726 4267 2783 4312 et
2807 4265 3009 4312 certam
3028 4255 3212 4311 fuisse.
3234 4255 3346 4323 Qua
3373 4271 3432 4311 re
3446 4255 3805 4325 comprobata,

2221 4358 2428 4403 certum
2451 4359 2533 4404 est
2567 4349 2704 4403 hanc
2733 4359 2850 4418 post
2871 4349 2990 4403 illas
3017 4348 3270 4417 scriptam
3294 4347 3478 4402 fuisse.
3504 4347 3676 4402 Etiam
3699 4348 3806 4418 epi-

2221 4440 2358 4495 stola
2386 4439 2451 4494 ad
2489 4439 3002 4495 Thessalonicenses
3040 4438 3250 4494 videtur
3294 4438 3424 4493 mihi
3473 4439 3807 4507 processisse

2220 4533 2501 4602 epistolam
2545 4533 2612 4587 ad
2653 4533 2982 4587 Corinthios.
3024 4531 3157 4586 Nam
3199 4545 3323 4586 cum
3354 4531 3458 4585 illis
3501 4531 3646 4601 prius
3676 4531 3806 4585 scri-

2222 4622 2414 4692 psisset
2439 4623 2507 4678 de
2549 4623 2889 4694 elcemosyna
2919 4621 3004 4678 his
3034 4621 3246 4686 verbis,
3287 4619 3366 4675 De
3390 4625 3616 4692 fraterno
3639 4630 3805 4673 autent

2220 4737 2393 4774 amore
2414 4737 2514 4774 non
2543 4736 2670 4790 apns
2691 4730 2764 4774 est
2793 4730 2846 4773 ut
2874 4720 3154 4774 scribamus
3174 4717 3312 4772 vobis
3335 4733 3354 4772 :
3383 4734 3469 4772 vos
3495 4717 3624 4770 enim
3649 4732 3680 4767 a
3706 4713 3806 4768 1)εο

2220 4811 2356 4865 docti
2391 4813 2508 4865 estis
2537 4821 2592 4864 ut
2626 4811 2850 4882 diligatis
2885 4811 3097 4865 invicem
3123 4824 3142 4864 :
3166 4809 3346 4862 etenim
3376 4809 3470 4862 hoc
3498 4807 3663 4876 facitis
3691 4822 3805 4875 erga

2218 4910 2425 4956 cunctos
2441 4906 2625 4974 fratres
2648 4902 2722 4972 (Ι.
2749 4901 2924 4957 Thess.
2949 4902 3002 4956 4.
3030 4902 3081 4958 9.
3112 4900 3235 4970 i0);
3267 4909 3394 4955 tunc
3412 4898 3478 4953 ad
3502 4897 3804 4951 Corinthios

2219 4993 2468 5063 scripsit;
2501 4993 2552 5048 id
2583 4993 2723 5064 quod
2765 4994 2880 5063 ipse
2909 4994 3098 5063 probat
3137 4993 3362 5047 dicens:
3395 4990 3518 5046 Scio
3561 4990 3692 5043 enim
3719 5005 3802 5058 ego

2220 5095 2512 5155 promptum
2536 5086 2764 5138 animum
2795 5095 3014 5139 vestrum
3033 5125 3049 5152 ,
3092 5100 3186 5156 pro
3225 5099 3324 5153 quo
3359 5083 3424 5136 de
3461 5081 3597 5135 vobis
3623 5079 3803 5151 glorior

2219 5177 2358 5246 apud
2386 5176 2728 5243 Macedones;
2751 5178 2991 5246 quoniam
3015 5185 3061 5231 et
3086 5176 3280 5230 Achaia
3302 5183 3482 5244 parata
3503 5183 3575 5226 est
3595 5172 3656 5226 ab
3676 5186 3802 5224 anno

2222 5271 2474 5340 pid’lﬂ‘ilo
2499 5285 2516 5324 :
2546 5280 2591 5324 et
2621 5281 2784 5323 vestra
2821 5268 3081 5323 tmnulatio
3119 5268 3407 5339 provocavit
3446 5262 3782 5336 plurimos”

2221 5361 2336 5416 ﬂor.
2363 5361 2417 5416 ii.
2447 5362 2528 5430 ‘2).
2557 5360 2762 5428 Quibus
2788 5370 3177 5416 cununonstrat
3207 5374 3266 5413 se
3306 5358 3534 5427 primum
3577 5356 3681 5409 illis
3713 5353 3801 5407 hac

2219 5453 2286 5508 de
2314 5469 2372 5509 re
2403 5453 2681 5523 loquutum
2709 5467 2852 5508 esse.
2883 5452 3010 5508 Hate
3032 5454 3190 5523 igitur
3216 5450 3467 5521 epistola,
3498 5464 3617 5519 qua:
3643 5447 3799 5516 prima

2219 5558 2298 5602 est
2325 5563 2507 5602 earum
2525 5589 2540 5614 ,
2575 5563 2706 5618 quas
2734 5547 2920 5602 Roma:
2949 5546 3200 5618 scripsit,
3233 5544 3338 5598 illis
3363 5541 3609 5611 epistolis
3637 5546 3801 5608 poste-

2219 5641 2330 5693 rior
2357 5649 2457 5695 est.
2503 5639 2746 5695 Nondum
2779 5640 2920 5695 enim
2965 5637 3188 5693 Romam
3226 5643 3484 5699 venerat,
3525 5647 3646 5688 cum
3677 5631 3800 5684 halm
