2079 3152
729 137 765 166 ΙΝ
784 137 894 166 EPIST.
914 137 961 166 AD
981 138 1064 166 ROM.
1086 137 1204 166 HOMIL.
1230 138 1251 165 Ι.

1816 139 1873 171 σοι

551 302 665 345 ΤΟΥ
696 302 769 345 ΕΝ
802 301 982 345 ΑΓΙΟΙΣ
1018 302 1236 347 ΠΑΤΡΟΣ
1273 303 1434 347 ΗΜΩΝ

174 419 698 508 ῘΩΑΝΝΟΥ
719 421 940 507 ΤΟΥ
965 417 1825 511 ΧΡΥΣΟΣΤΟΜΟΥ

632 585 919 613 ΔΡΧῙΕΠΙΣΚΟΠΟΥ
935 585 1354 618 ΚΩΝΣΤΑΝΤΙΝΟΥΠΟΛΕΩΣ,

287 689 573 736 ΕΡΜΗΝΕΙΑ
601 689 688 733 ΕΙΣ
716 689 832 732 ΤΗΝ
858 689 1005 733 ΠΡΟΣ
1043 689 1330 733 ΡΩΜΑΙΟΥΣ
1377 692 1717 735 ΕΠΙΣΤΟΛΗΝ.

521 904 598 941 [HE]
623 905 810 933 ΥΠΟΘΕΣΙΣ
832 907 899 933 ΊΒΣ
919 908 1018 933 ΠΡΟΣ
1037 908 1221 935 ΡΩΜΑΙΟΥΣ
1239 909 1452 936 ΕΠΙΣΤΟΛΠΣ
1471 915 1494 936 ﬂ.
1538 918 1546 925 ‘

178 1019 212 1047 α’.
222 1017 347 1054 Συνεχῶς
355 1018 461 1045 ἀκούων
472 1017 735 1053 ἀναγινωσκομένων
744 1019 798 1045 τῶν
814 1019 979 1047 Ἐπιστολῶν

140 1061 188 1089 τοῦ
199 1062 335 1098 μακαρίου
350 1061 468 1094 Παύλου,
493 1062 542 1088 καὶ
555 1062 606 1088 καθ
616 1063 622 1072 ’
632 1062 751 1097 ἑκάστην
769 1063 904 1098 ἑϐδομάδα
927 1064 979 1096 δὶς,

142 1106 272 1137 πολλάκις
286 1105 314 1133 δὲ
325 1105 373 1132 καὶ
385 1106 445 1141 τρὶς
455 1105 503 1132 καὶ
521 1105 660 1141 τετράκις,
680 1106 761 1141 ἡνίκα
775 1106 808 1133 ἂν
832 1107 978 1142 μαρτύρων

142 1150 229 1183 ἁγίων
250 1149 361 1185 μνήμας
383 1149 563 1185 ἐπιτελῶμεν,
586 1150 675 1185 χαίρω
697 1150 746 1185 μὲν
762 1151 812 1185 τῆς
829 1151 981 1186 σάλπιγγος

142 1193 287 1220 ἀπολαύων
299 1193 349 1228 τῆς
366 1193 564 1228 πνευματικῆς,
590 1194 637 1220 καὶ
651 1194 837 1229 διανίσταμαι,
859 1196 906 1222 καὶ
920 1196 981 1232 θερ-

145 1237 276 1272 μαίνομαι
291 1236 331 1272 τῷ
346 1236 430 1272 πόθῳ,
442 1237 491 1272 τὴν
505 1237 566 1273 ἐμοὶ
581 1237 661 1272 φίλην
672 1238 862 1272 ἐπιγινώσκων
878 1240 981 1275 φωνὴν,

144 1281 190 1308 καὶ
204 1281 346 1316 μονονουχὶ
370 1280 492 1316 παρόντα
523 1281 605 1308 αὑτὸν
631 1281 702 1308 δοκῶ
726 1282 920 1316 φαντάζεσθαι,
935 1284 983 1310 καὶ

144 1324 331 1361 διαλεγόμενον
345 1325 411 1360 όρᾷν
422 1333 429 1339 ·
447 1324 523 1358 ἀλγῶ
533 1325 561 1351 δὲ
572 1325 619 1351 καὶ
629 1325 777 1360 ὀδυνῶμαι,
792 1328 833 1353 ὅτι
843 1327 889 1354 τὸν
899 1327 983 1363 ἄνδρα

145 1368 240 1396 τοῦτον
254 1368 303 1404 οὐχ
318 1369 437 1400 ἇπαντες
462 1368 562 1401 ῐσασιν,
584 1370 678 1405 ὥσπερ
702 1370 801 1397 είδέναι
827 1371 891 1406 χρὴ,
919 1371 983 1398 ἀλλ’

147 1411 217 1439 οὕτω
229 1412 302 1444 τινὲς
323 1412 404 1439 αὐτὸν
427 1412 582 1446 ἀγνοοῦσιν,
600 1413 639 1444 ὡς
655 1413 721 1448 μηδὲ
732 1414 786 1440 τῶν
818 1415 984 1441 Ἐπιστολῶν

147 1455 192 1481 τὸν
209 1455 326 1492 ἀριθμὸν
349 1455 450 1482 ειδέναι
474 1455 578 1491 σαφῶς.
601 1456 688 1483 Τοῦτο
702 1457 730 1483 δὲ
745 1458 848 1492 γίνεται
863 1459 894 1484 οὐ
910 1459 985 1494 παρά

149 1498 278 1534 ἀμαθίαν,
295 1499 364 1526 ἀλλὰ
378 1499 456 1534 παρὰ
473 1499 503 1526 τὸ
521 1500 559 1535 μὴ
583 1500 728 1535 βούλεσθαι
748 1502 866 1537 συνεχῶς
879 1502 985 1537 ὁμιλεῖν

150 1542 194 1576 τῷ,
217 1543 341 1579 μακαρίῳ
363 1542 462 1578 τούτῳ.
492 1544 559 1571 Οὐδὲ
581 1543 636 1579 γὰρ
664 1545 744 1579 ἡμεῖς
767 1545 873 1581 ὅσαπερ
895 1546 985 1581 ἴσμεν,

152 1584 231 1621 εἴπερ
244 1586 303 1613 τινὰ
313 1587 402 1622 ἴσμεν,
413 1586 447 1613 δι’
457 1587 573 1621 εὐφυΐαν
586 1589 632 1614 καὶ
652 1588 771 1623 ὀξύτητα
785 1588 905 1621 διανοίας
929 1591 987 1617 ἐπι-

151 1629 281 1663 στάμεθα,
295 1630 364 1657 ἀλλά
377 1630 424 1657 διὰ
437 1630 467 1656 τὸ
484 1631 604 1666 συνεχῶς
620 1631 729 1666 ἔχεσθαι
744 1632 792 1659 τοῦ
817 1634 923 1669 ἀνδρὸς,
940 1636 987 1661 καὶ

148 1672 250 1709 σφόδρα
265 1673 420 1701 διακεῖσθαι
436 1674 501 1710 περὶ
516 1675 608 1702 αὐτόν.
626 1674 666 1702 Τὰ
676 1676 730 1711 γὰρ
748 1677 803 1703 τῶν
817 1678 986 1713 φιλουμένων

148 1715 204 1751 πρὸ
215 1716 368 1744 τῶνᾶλλων
380 1718 510 1745 ἁπάντων
536 1718 562 1744 οί
588 1718 729 1753 φιλοῦντες
753 1721 853 1752 ἴσασιν,
882 1721 929 1748 ἅτε
953 1722 986 1756 δὴ

151 1760 338 1795 μεριμνῶντις
350 1760 450 1794 αὐτούς
462 1769 470 1777 '
485 1762 554 1797 ὅπερ
569 1763 616 1789 καὶ
631 1763 645 1789 ὀ
661 1763 796 1799 μακάριος
811 1761 888 1796 οὗτος
903 1765 986 1791 ἐνδει-

149 1802 294 1837 κνύμενος,
317 1803 394 1839 ελεγι
418 1805 610 1841 Φιλιππησίοις
626 1814 633 1821 ·
655 1806 758 1839 Καθὼς
782 1806 844 1841 ἐμοὶ
869 1807 988 1834 δίκαιόν

147 1846 215 1873 ἐστι
226 1847 314 1874 τοῦτο
323 1848 445 1882 φρονεῖν
459 1849 525 1882 περὶ
537 1849 629 1884 ὑμῶν,
645 1849 694 1877 διὰ
710 1849 742 1876 τὸ
757 1850 840 1885 ἔχειν
850 1859 888 1885 με
901 1851 935 1877 ἐν
949 1850 986 1885 τῇ

149 1890 259 1924 καρδίᾳ
272 1891 352 1926 ὑμᾶς
365 1891 401 1917 ἕν
411 1900 442 1919 τε
451 1892 513 1925 τοῖς
532 1892 656 1927 δεσμοῖς
672 1902 731 1928 μου
743 1895 790 1921 καί
808 1895 842 1920 ὲν
858 1894 896 1928 τῇ
912 1895 986 1922 ἀπο-

147 1934 238 1968 λογίᾳ
250 1935 298 1962 καί
307 1935 466 1967 βεϐαιώσει
479 1936 533 1963 τοῦ
546 1937 741 1971 Εὑαγγελίου.
754 1937 835 1964 Ὥστε
846 1939 893 1965 καὶ
908 1939 987 1974 ὑμεῖς

147 1978 173 2004 εί
189 1977 281 2004 θέλετε
296 1978 366 2014 μετὰ
381 1979 536 2014 προθυμίας
552 1980 697 2015 προσέχειν
711 1982 743 2016 τῇ
761 1982 922 2015 ἀναγνώσει,
942 1983 986 2009 οὺο

146 2019 223 2051 δενὺς
241 2020 334 2056 ἐτέρου
359 2019 525 2056 δεηθήσεσθε
536 2028 542 2036 ·
559 2021 678 2056 ἀψευδὴς
701 2023 756 2058 γὰρ
778 2024 792 2049 ὁ
805 2023 852 2050 τοῦ
867 2024 986 2059 Χριστοῦ

147 2062 238 2098 λόγος,
255 2063 340 2091 είπών
352 2073 359 2080 ’
372 2064 502 2098 Ζητεῖτε,
522 2065 572 2092 καὶ
585 2065 730 2099 εὑρήσετε
751 2075 758 2082 ·
776 2068 911 2101 κρούετε.
935 2069 985 2095 καί

148 2107 340 2142 ἀνοιγήσεται
360 2108 442 2142 ὑμῖν.
464 2107 540 2135 Ἀλλ’
569 2109 664 2145 ἐπειδὴ
691 2110 721 2137 τὸ
745 2111 826 2137 πλέον
851 2112 917 2147 ἡμῖν
933 2112 986 2139 τῶν

148 2151 268 2179 ἐνταῦθα
281 2152 486 2188 συλλεγομένων
509 2153 556 2180 καὶ
580 2154 775 2190 παιδοτροφίαν
790 2155 866 2191 [426]
881 2156 928 2182 καὶ
943 2164 987 2189 γυ-

148 2196 241 2227 ναικὸς
257 2196 414 2231 ἐπιμέλειαν
425 2196 473 2224 καὶ
496 2197 584 2229 οἰκίας
608 2198 737 2233 πρόνοιαν
753 2199 922 2231 ἀνεδέξαντο,
939 2199 987 2225 καὶ

149 2238 192 2266 διὰ
202 2239 284 2266 τοῦτο
301 2239 352 2266 ούκ
367 2239 400 2266 ἀν
424 2240 585 2276 ἀνάσχοιντο
597 2241 675 2273 ὅλους
697 2243 810 2274 ἑαυτοὺς
832 2243 925 2270 δοῦναι
946 2243 986 2279 τῷ

148 2281 220 2317 πόνῳ
230 2280 321 2316 τούτῳ
332 2288 339 2297 ·
355 2281 425 2316 πρὸς
438 2281 503 2316 γοῦν
517 2282 548 2308 τδ
557 2282 650 2310 λαϐεῖν
668 2283 702 2310 τὰ
722 2285 794 2319 παρ’
807 2285 908 2321 ἐτέρων
923 2285 986 2311 συλ-

148 2323 262 2359 λεγέντα
273 2324 446 2360 διανάστητε,
460 2325 508 2352 καὶ
520 2326 655 2361 τοσαύτην
675 2327 843 2362 ἀπονείματε
868 2329 986 2363 σπουδὴν

147 2369 180 2403 τῇ
201 2369 259 2396 τῶν
286 2368 441 2403 λεγομένων
464 2369 606 2404 ἀκροάσει,
629 2370 696 2406 ὅσην
714 2372 747 2406 τῇ
770 2371 825 2398 τῶν
839 2372 987 2407 χρημάτων

149 2413 279 2448 συλλογῇ.
298 2413 329 2439 Εἰ
346 2413 401 2448 γὰρ
417 2413 465 2440 καὶ
478 2414 590 2450 αἰσχρὸν
606 2414 743 2450 τοσαύτην
760 2416 911 2451 ἀπαιτῆσαι
923 2417 986 2453 παρ’

148 2456 225 2492 ὑμῶν
241 2457 337 2493 μόνην,
361 2457 431 2494 πλὴν
457 2457 521 2485 ἀλλ’
541 2458 696 2495 ἀγαπητὸν,
715 2459 751 2487 ἂν
771 2460 906 2497 τοσαύτην
921 2461 988 2495 γοῦν

148 2499 224 2530 δῶτε.

183 2545 242 2572 Καὶ
250 2544 305 2580 γὰρ
313 2544 437 2572 ἐντεῦθεν
443 2545 478 2573 τὰ
485 2545 570 2582 μυρία
577 2545 647 2581 ἐφύη
656 2546 739 2579 κακά,
746 2547 799 2574 ἀπὸ
806 2547 855 2582 τῆς
863 2548 916 2574 τῶν
922 2548 991 2583 Γρα-

149 2587 206 2621 φῶν
222 2588 335 2622 ἀγνοίας
346 2596 354 2604 ·
364 2588 488 2615 ἐντεῦθεν
498 2589 515 2625 ἡ
527 2589 612 2624 πολλὴ
624 2590 678 2616 τῶν
693 2590 826 2625 αίρέσεων
838 2590 989 2626 ἐϐλάστησε

149 2630 232 2668 λύμη,
249 2631 375 2659 ἐντεῦθεν
387 2633 413 2659 οἱ
425 2633 594 2668 ἠμελημένοι
612 2634 675 2668 βίοι,
693 2633 819 2661 ἐντεῦθεν
833 2635 989 2669 οίάκερδεῖς

149 2674 235 2704 πόνοι.
252 2675 360 2710 Ὠσπερ
377 2676 432 2711 γὰρ
448 2677 472 2703 οἱ
486 2677 533 2703 τοῦ
551 2677 640 2712 φωτὸς
657 2676 874 2713 ἀπεστερημίνοι
895 2677 989 2704 τούτου

150 2718 199 2745 οὐκ
212 2719 247 2747 ἂν
259 2719 327 2755 ὀρθὰ
337 2718 475 2754 βαδίσαιεν
485 2721 499 2740 ιι
511 2729 518 2736 ι
535 2721 622 2753 οὕτως
636 2722 661 2748 οἱ
674 2721 741 2753 πρὸς
756 2721 806 2756 τὴν
825 2721 922 2748 ἀκτῖνα
936 2723 990 2749 τῶν

151 2760 229 2790 θείων
245 2763 282 2799 μὴ
297 2763 442 2798 βλέποντες
458 2764 586 2799 Γραφῶν,
609 2764 695 2791 πολλὰ
716 2764 921 2798 ἀναγκάζονται
944 2767 987 2792 καλ

152 2809 271 2844 συνεχῶς
281 2809 461 2845 ἁμαρτάνειν,
478 2809 526 2835 ἆτε
538 2808 571 2845 δὴ
586 2810 614 2836 ἐν
635 2809 724 2845 σκότῳ
741 2810 927 2845 χαλεπωτάτῳ
941 2811 990 2846 βα-

183 2887 196 2925 ῗ
211 2888 288 2918 um“,
310 2889 434 2925 εἶεποὲξταε
446 2889 490 2925 τφῦ
507 2891 742 2925 Ησεύλοιιέῖτιστολάς
763 2893 886 2925 πρόλογος.
921 2894 934 2912 δ
948 2893 989 2918 Sic

153 2916 200 2943 duo
209 2925 266 2945 mss.
282 2916 319 2944 ἐι
331 2920 407 2946 Sam.
421 2916 497 2945 facte.
509 2921 575 2947 Ediu
596 2923 710 2955 βαδίσειν.

1031 1020 1159 1052 δίζοντεςτ
1173 1022 1262 1057 Ὀπερ
1273 1022 1315 1048 ἵνα
1327 1023 1363 1057 μὴ
1376 1023 1499 1057 γένηται,
1511 1022 1688 1058 διανοίξωμεν
1698 1023 1761 1055 τοὺς
1772 1022 1874 1057 ὀφθαλ-

1033 1065 1100 1099 μοὺς
1117 1065 1185 1100 πρὸς
1201 1065 1250 1101 τὴν
1266 1066 1426 1101 λαμπηδόνα
1442 1067 1497 1092 τῶν
1510 1066 1700 1093 ὰποστολικῶν
1712 1067 1846 1102 ῥημάτων
1860 1075 1870 1083 ”

1032 1110 1079 1135 καὶ
1097 1110 1153 1145 γὰρ
1168 1109 1239 1145 ὑπὲρ
1248 1110 1295 1136 τὸν
1315 1111 1391 1145 ἥλιον
1412 1111 1532 1145 ἔλαμψεν
1546 1111 1562 1145 ἠ
1576 1111 1673 1138 τούτου
1684 1111 1804 1144 γλῶττα,
1826 1111 1875 1137 καὶ

1031 1157 1086 1183 τῶν
1100 1157 1187 1183 ἄλλων
1198 1158 1326 1185 ἀπάντων
1342 1158 1540 1195 ἐπλεονέκτησε
1567 1159 1606 1194 τῷ
1627 1159 1677 1194 τῆς
1702 1158 1876 1189 διδασκαλίας

1032 1201 1104 1236 λόγῳ
1121 1210 1128 1217 ·
1150 1202 1243 1238 ἐπειδὴ
1260 1202 1314 1238 γὰρ
1329 1203 1524 1239 περισσότερον
1542 1203 1631 1229 αὐτῶν
1648 1203 1790 1233 ἐκοπίασε,
1809 1202 1876 1228 πολ-

1032 1245 1080 1280 λὴν
1094 1245 1141 1272 καὶ
1166 1245 1214 1280 τὴν
1244 1245 1291 1272 τοῦ
1323 1246 1483 1282 Πνιιύματος
1505 1246 1682 1273 ἐπεσπάσατο
1701 1247 1791 1282 χάριν.
1820 1247 1876 1272 Καὶ

1033 1290 1114 1315 τοῦτο
1121 1290 1170 1315 οὐκ
1181 1289 1234 1316 ἀπὸ
1248 1290 1302 1316 τῶν
1317 1290 1483 1317 Ἐπιστολῶν
1492 1289 1696 1326 διισχυρίζομαι
1706 1290 1797 1325 μόνον,
1807 1289 1876 1316 ἀλλὰ

1034 1334 1081 1359 καὶ
1091 1333 1145 1359 ἀπὺ
1155 1333 1209 1359 τῶν
1222 1333 1357 1368 πράξεων.
1368 1334 1399 1360 El
1409 1334 1464 1369 γάρ
1477 1342 1528 1360 που
1540 1333 1712 1369 δημηγορίας
1722 1330 1756 1369 ἢν
1767 1332 1875 1368 καιρὸς,

1034 1377 1110 1412 αὺτῴ
1143 1378 1280 1413 πανταχοῦ
1316 1378 1496 1413 παρεχώρουν
1519 1385 1527 1393 '
1548 1377 1588 1404 διὸ
1612 1378 1658 1405 καὶ
1676 1377 1780 1413 Ἐρμῆς
1805 1375 1877 1403 εῖναι

1036 1421 1176 1456 ἐνομίζετο
1193 1422 1268 1456 παρὰ
1282 1423 1339 1453 τοῖς
1358 1423 1493 1454 ἀπίστοις,
1514 1422 1557 1449 διὰ
1582 1422 1613 1448 τὸ
1633 1422 1681 1448 τοῦ
1707 1422 1787 1456 λόγου
1810 1429 1877 1448 κατ-

1036 1465 1168 1501 άρχειν.Μ
1173 1466 1297 1498 ἐλλοντας
1305 1466 1334 1493 δέ
1342 1467 1381 1498 είς
1395 1467 1443 1502 τὴν
1453 1466 1614 1500 Ἐπιστολὴν
1629 1466 1753 1493 κατιέναι
1762 1465 1876 1500 ταύτην,

1036 1510 1185 1544 ἀναγκαῖον
1201 1510 1249 1537 καὶ
1265 1510 1310 1537 τὸν
1321 1511 1416 1546 χρόνον
1431 1511 1530 1542 είπεῖν,
1547 1511 1607 1537 καθ’
1624 1510 1654 1536 ὃν
1673 1509 1792 1545 ἐγράφη.
1809 1509 1877 1535 Οὐδὲ

1036 1554 1100 1589 γὰρ,
1113 1554 1150 1585 ῶς
1166 1553 1258 1580 πολλοὶ
1273 1554 1424 1589 νομίζουσι,
1441 1554 1494 1590 πρὸ
1516 1554 1611 1581 πασῶν
1622 1554 1677 1581 τῶν
1691 1553 1778 1581 ἄλλων
1790 1552 1876 1585 ἐστὶν,

1037 1597 1105 1624 ἀλλὰ
1118 1597 1172 1623 τῶν
1187 1597 1236 1632 μὲν
1252 1598 1305 1624 ἀπὸ
1326 1597 1435 1634 Ῥώμης
1457 1598 1615 1633 γραφεισῶν
1634 1598 1755 1633 προτέρα
1769 1597 1877 1627 πασῶν.

1038 1641 1092 1667 τῶν
1115 1641 1144 1667 δὲ
1166 1641 1254 1668 ἀλλων
1281 1641 1393 1677 ὑστέρα,
1416 1643 1439 1668 εὶ
1468 1643 1515 1668 καὶ
1537 1641 1574 1677 μὴ
1590 1641 1705 1668 πασῶν·
1722 1641 1836 1676 καὶγὰρ
1851 1640 1879 1666 αἱ

1039 1685 1107 1719 πρὸς
1117 1685 1277 1720 Κορινθίους
1287 1685 1441 1721 ἀμφότεραι
1463 1685 1517 1720 πρὸ
1538 1685 1641 1721 ταύτης
1660 1685 1729 1712 εἰσὶν
1742 1684 1880 1711 ἀπεσταλ·

1040 1728 1129 1763 μέναι.
1164 1728 1219 1755 Καὶ
1245 1728 1325 1754 τοῦτο
1345 1728 1426 1763 δῆλον
1453 1728 1501 1763 ἀφ’
1518 1724 1556 1754 ῶν
1580 1729 1609 1754 ἐν
1633 1727 1674 1763 τῷ
1687 1727 1760 1754 τέλει
1773 1727 1878 1762 ταύτης

1038 1771 1167 1807 ἔγραφεν,
1189 1772 1261 1798 οὕτω
1278 1772 1366 1806 λέγων
1378 1781 1385 1788 υ
1399 1772 1474 1799 Νυνὶ
1489 1770 1523 1797 δὲ
1535 1771 1698 1805 πορεύομαι
1711 1771 1754 1804 εις
1768 1770 1880 1804 Ἰερου-

1037 1815 1140 1850 σαλὴμ
1150 1815 1299 1842 διακονῶν
1308 1815 1370 1848 τοῖς
1389 1815 1494 1850 ἁγίοις.
1513 1814 1696 1848 Εὺδόκησαν
1711 1815 1767 1848 γὰρ
1779 1815 1879 1840 Μακε-

1037 1861 1124 1888 δονία
1147 1860 1198 1887 και
1222 1861 1322 1895 Ἀχαΐα
1347 1860 1509 1887 κοινωνίαν
1534 1859 1600 1886 τινὰ
1626 1858 1812 1894 ποιήσασθαι
1834 1858 1879 1890 εἰς

1037 1905 1109 1938 τοὺς
1119 1904 1258 1939 πτωχοὺς
1274 1903 1333 1931 τῶν
1354 1905 1446 1939 ἁγίων
1465 1902 1525 1930 τῶν
1543 1903 1578 1930 ἐν
1597 1901 1808 1937 Ἰερουσαλήμ.
1822 1902 1878 1928 Κο-

1039 1949 1152 1984 ρινθίοις
1164 1949 1193 1976 δὲ
1212 1949 1376 1976 ἐπιστέλλων
1394 1948 1487 1982 ἔλεγεν
1501 1956 1508 1963 ·
1531 1948 1604 1975 Ἐὰν
1619 1945 1640 1982 ᾖ
1659 1947 1746 1979 ἄξιον
1757 1945 1811 1973 τοῦ
1827 1945 1877 1972 καὶ

1037 1993 1089 2028 ἐμὲ
1102 1993 1292 2027 πορεύεσθαι,
1321 1992 1383 2019 σὺν
1410 1991 1474 2026 ἐμοὶ
1503 1992 1714 2025 πορεύσονται,
1738 1990 1803 2026 περὶ
1824 1990 1880 2016 τῶν

1037 2037 1259 2073 ἁποκομιζόντων
1281 2037 1371 2063 ἐκεῖσε
1387 2036 1423 2063 τὰ
1439 2036 1568 2071 χρήματα
1584 2034 1671 2062 ταῦτα
1685 2034 1781 2068 λέγων.
1798 2033 1880 2060 Ὅθεν

1038 2082 1127 2118 δῆλον,
1142 2082 1184 2108 ὄτι
1208 2081 1289 2117 ἡνίκα
1305 2081 1355 2116 μὲν
1378 2080 1524 2107 ἐπέστελλε
1545 2078 1710 2115 Κορινθίοις,
1726 2077 1879 2113 ἀμφίϐολον

1036 2124 1071 2160 ἦν
1084 2126 1113 2152 τὸ
1127 2125 1177 2160 τῆς
1188 2125 1314 2159 τοιαύτης
1328 2124 1484 2160 ἀποδημίας
1502 2123 1585 2150 αὑτοῦ
1597 2131 1604 2137 ·
1619 2123 1665 2149 ὅτε
1679 2122 1708 2149 δὲ
1720 2121 1879 2156 Ῥωμαίοις,

1037 2172 1072 2210 ἦν
1086 2174 1278 2210 κεκυρωμένον
1289 2173 1393 2200 λοιπόν.
1410 2172 1513 2200 Τούτου
1529 2172 1558 2199 δὲ
1572 2170 1801 2207 ὁμολογουμένου,
1825 2170 1878 2196 κὰο

1038 2219 1112 2244 κεῖνο
1122 2218 1212 2252 δῆλον,
1228 2218 1269 2244 ὄτι
1289 2217 1359 2253 αὕτη
1393 2217 1452 2252 μετ’
1480 2216 1589 2247 ἐκείνας
1604 2216 1622 2250 ἡ
1643 2214 1799 2249 Ἐπιστολή.
1823 2213 1880 2240 Καὶ

1040 2263 1057 2298 ἡ
1071 2262 1140 2298 πρὸς
1149 2262 1356 2293 Θεσσαλονικείς
1378 2261 1407 2288 δὲ
1430 2261 1492 2296 ἐμοὶ
1517 2260 1590 2287 δοκεῖ
1602 2259 1724 2295 προτέρα
1741 2260 1790 2294 τῆς
1809 2258 1880 2293 πρὸς

1041 2306 1201 2342 Κορινθίους
1223 2305 1383 2340 Ἐπιστολῆς
1406 2302 1487 2331 εἶναι.
1513 2304 1567 2331 Καὶ
1581 2303 1636 2339 γὰρ
1651 2303 1766 2332 ἐκείνοις
1780 2302 1879 2337 πρότε-

1041 2358 1088 2385 ρον
1106 2349 1272 2381 ἐπιστείλας,
1297 2349 1400 2376 καὶτὸν
1424 2348 1475 2383 τῆς
1502 2347 1688 2383 ἐλεημοσύνης
1703 2346 1770 2382 πρὸς
1780 2346 1881 2377 αὐτοὺς

1042 2394 1156 2429 κινήσας
1179 2393 1268 2427 λόγον,
1292 2393 1338 2419 ὅτε
1361 2393 1438 2426 ἑλεγε
1451 2399 1459 2406 ⁸
1475 2392 1543 2425 Περὶ
1562 2391 1596 2418 δὲ
1612 2390 1667 2425 τῆς
1677 2389 1882 2425 φιλαδελφίας

1041 2439 1078 2464 οὺ
1097 2438 1202 2472 χρείαν
1219 2437 1330 2472 ἔχομεν
1348 2436 1475 2472 γράφειν
1493 2436 1566 2470 ὑμῖν
1586 2444 1594 2451 ·
1613 2435 1698 2462 αὐτοὶ
1725 2433 1779 2469 γὰρ
1795 2433 1881 2466 ὑμεῖς

1042 2481 1229 2509 θεοδίδακτοί
1242 2482 1313 2508 ἐστε
1325 2481 1368 2513 είς
1380 2480 1415 2507 τὸ
1428 2478 1548 2514 ἀγαπᾷν
1568 2479 1726 2513 ἀλλήλους
1741 2486 1748 2492 ·
1764 2478 1812 2505 καὶ
1825 2478 1880 2512 γὰρ

1042 2527 1153 2554 ποιεῖτε
1166 2526 1240 2553 αὐτὸ
1252 2527 1328 2560 πρὸς
1340 2527 1456 2559 πάντας
1469 2525 1540 2559 τοὺς
1555 2525 1709 2560 ἀδελφούς
1723 2532 1731 2540 ’
1745 2524 1806 2550 τότε
1826 2524 1881 2549 Κο-

1044 2571 1157 2607 ρινθίοις
1172 2569 1326 2597 ἐπέστελλε.
1344 2570 1399 2597 Καὶ
1419 2569 1499 2596 τοῦτο
1515 2569 1581 2596 αὐτὸ
1597 2569 1673 2604 δηλοῖ
1686 2567 1774 2601 λέγων
1787 2574 1794 2581 ·
1807 2564 1881 2593 οῖδα

1042 2614 1099 2649 γὰρ
1108 2614 1166 2649 ἐγὼ
1177 2613 1235 2648 τὴν
1245 2615 1416 2649 προθυμίαν
1439 2613 1534 2649 ὑμῶν,
1562 2612 1604 2647 ἣν
1619 2612 1695 2647 ὑπὲρ
1708 2611 1793 2646 ὑμῶν
1803 2610 1881 2647 [62η

1043 2658 1200 2693 καυχῶμαι
1223 2658 1406 2692 Μακεδόσιν,
1433 2659 1477 2685 ὅτι
1509 2658 1608 2692 Ἀχαΐα
1636 2656 1882 2691 παρεσκεύασται

1042 2702 1102 2730 ἀπὸ
1121 2702 1230 2737 πέρυσι
1247 2710 1254 2717 ·
1271 2702 1320 2728 καὶ
1339 2704 1355 2728 ὀ
1376 2703 1410 2733 ἐξ
1439 2701 1523 2736 ὑμῶν
1552 2701 1643 2735 ζῆλος
1664 2700 1784 2734 ἠρέθισε
1810 2698 1881 2732 τοὺς

1043 2747 1198 2779 πλείονας.
1213 2746 1260 2779 ἘΞ
1274 2743 1310 2772 ὧν
1332 2746 1443 2778 ἔδειξεν,
1463 2747 1505 2772 ὃτι
1531 2744 1650 2780 πρώτοις
1678 2743 1793 2776 ἐκείνοις
1816 2743 1882 2778 περὶ

1043 2791 1137 2818 τούτου
1153 2790 1286 2825 διελέχθη.
1299 2790 1408 2817 τούτων
1428 2789 1478 2824 μὲν
1496 2787 1542 2816 οὖν
1563 2789 1665 2824 ὑστέρα
1684 2788 1738 2814 τῶν
1753 2788 1880 2814 Ἐπιστο-

1043 2836 1096 2862 λῶν
1111 2835 1192 2870 αὕτη,
1204 2834 1259 2860 τῶν
1276 2834 1305 2860 δὲ
1325 2833 1379 2859 ἀπὸ
1397 2833 1508 2868 Ῥώμης
1524 2832 1619 2868 πρώτη
1633 2840 1640 2848 ·
1658 2831 1761 2858 οὐδέπω
1781 2831 1835 2867 γὰρ
1847 2829 1882 2866 ἦν

1044 2880 1093 2914 τῆς
1108 2878 1252 2913 Ῥωμαίων
1269 2877 1372 2907 πόλεως
1383 2877 1491 2909 ἐπιϐὰς,
1509 2877 1590 2912 ἡνίκα
1599 2876 1701 2911 ταύτην
1712 2876 1813 2911 ἔγραφε
1826 2875 1875 2908 τὴν

1051 2921 1212 2950 Ἐπιστολήν
1237 2929 1242 2936 ·
1262 2923 1308 2949 καὶ
1319 2921 1396 2948 τοῦτο
1407 2920 1484 2949 δηλοῖ
1511 2921 1598 2955 λέγων
1625 2930 1631 2937 ·
1651 2920 1796 2949 Ἐπιποοῶ
1825 2921 1882 2954 τὰρ
