4158 6428
307 577 542 649 scripsit
571 573 853 644 epistolam
881 589 894 634 ς
929 571 978 624 id
1020 567 1162 638 quod
1195 566 1278 620 bis
1305 566 1481 618 verbis
1513 563 1711 616 iudicat
1739 579 1751 612 :
1785 558 1922 612 Desi-

307 678 439 727 dero
464 670 610 724 enim
634 667 803 720 videre
831 679 936 722 vos,
968 673 1019 714 ut
1049 659 1243 730 aliquid
1269 657 1555 726 impertiam
1588 654 1723 707 vobis
1749 652 1932 722 gratia:

1459 449 1522 504 ΙΝ
1564 445 1777 504 EPIST.
1822 443 1912 498 AD
1955 441 2115 496 llOll.
2162 441 2387 497 ll0‘MlL.
2427 435 2466 496 1.

3516 445 3620 499 394

2036 553 2272 606 mtdieus
2297 563 2557 622 :egrotare
2595 553 2932 624 incipientes,
2976 552 3029 608 et
3055 569 3179 618 eos,
3213 570 3302 624 qm
3348 554 3562 608 demunt
3594 569 3619 602 a

2034 645 2224 697 morbo
2253 653 2566 698 recreantur
2590 661 2604 702 :
2633 659 2806 712 nequc
2833 644 3022 699 ductor
3052 649 3300 714 puerulos
3346 646 3503 699 simul
3525 686 3539 708 ,
3570 655 3621 698 et

307 760 616 825 spiritualis
649 757 825 826 (Rom.
855 754 907 808 l.
938 752 1044 820 ll).
1077 751 1248 805 Roma
1269 758 1445 803 autem
1469 748 1532 800 ad
1560 745 1928 814 Philippenscs
1956 770 1993 793 ,ρ
2032 753 2125 790 eos
2147 737 2234 803 qui
2262 735 2566 804 pertirctiori
2589 747 2748 804 egent
2783 736 3025 790 doctrina
3080 739 3188 805 pari
3220 738 3378 791 modo
3403 747 3616 791 curant.

308 854 547 923 Scripsit
579 871 592 907 :
629 851 750 903 ideo
777 849 851 900 ait
877 864 889 900 :
925 845 1167 900 Salutant
1194 859 1280 896 vos
1300 857 1474 894 omnes
1501 839 1684 900 sancti,
1710 839 1927 890 maaime

310 949 401 1017 qui
445 947 514 998 de
545 943 763 997 Ca'saris
791 939 942 993 domo
980 948 1094 992 sunt
1138 937 1395 1007 (Philipp.
1429 937 1484 989 4.
1520 931 1642 1000 22).
1691 930 1929 986 llehrzeis

313 1051 546 1107 quoque
577 1036 775 1088 isthinc
811 1031 1059 1099 scripsit,
1092 1030 1271 1098 aitque
1298 1028 1516 1082 salutari
1547 1028 1690 1096 ipsos
1721 1025 1788 1078 ab
1821 1025 1885 1077 iis
1913 1065 1927 1085 ,

319 1129 410 1197 qui
443 1129 498 1181 in
535 1125 688 1180 ltalia
716 1131 872 1177 erant
903 1121 1087 1193 (llebr.
1117 1122 1205 1176 l3.
1238 1119 1352 1191 9.4).
1388 1119 1678 1189 Epistulam
1711 1116 1834 1171 item
1863 1117 1928 1168 ad

321 1218 674 1273 Timotheum
701 1209 871 1270 Roma
902 1214 1108 1268 vinctus
1140 1213 1314 1274 misit,
1358 1225 1476 1281 qua!
1503 1218 1770 1279 postrema
1801 1206 1928 1259 mihi

327 1313 547 1367 videtur
570 1309 809 1363 omnium
840 1306 986 1360 Pauli
1015 1304 1382 1373 epistolarum,
1417 1311 1474 1354 ιιι
1499 1309 1562 1354 ex
1588 1301 1703 1366 ejus
1733 1299 1838 1352 line
1870 1297 1931 1350 ll~

328 1409 500 1471 (iuet:
541 1399 648 1469 Ego
670 1399 803 1452 enim
819 1398 933 1467 jam
965 1393 1221 1460 immolor,
1262 1393 1423 1462 inquit
1445 1434 1460 1456 ,
1493 1401 1538 1445 et
1564 1401 1758 1460 tempus
1795 1406 1915 1442 res'o

334 1492 550 1546 lutionis
575 1502 700 1543 mete
728 1489 881 1542 instat
925 1488 1002 1554 (Ξ.
1030 1485 1163 1542 Tim.
1191 1487 1245 1540 4.
1270 1485 1347 1554 6).
1397 1483 1550 1550 Quod
1591 1493 1768 1535 autem
1813 1481 1932 1534 istic

339 1586 505 1637 linem
537 1582 746 1634 vivendi
773 1579 978 1643 fecerit,
1007 1577 1202 1631 nemini
1226 1591 1328 1630 non
1358 1585 1539 1629 notum
1562 1585 1662 1628 est.
1694 1572 1930 1642 Epistula

344 1688 558 1743 quoque
593 1671 658 1725 ad
692 1670 1048 1724 Philemonem
1095 1669 1231 1723 inter
1259 1675 1552 1736 postremas
1583 1677 1692 1725 est;
1750 1667 1800 1719 in
1833 1680 1928 1718 ex-

349 1774 518 1818 trema
558 1763 694 1817 enim
731 1770 1006 1815 senectute
1037 1760 1252 1828 scripsit
1295 1759 1439 1812 illam
1468 1775 1480 1813 :
1515 1757 1636 1812 ideo
1669 1755 1881 1810 dicebat
1914 1773 1928 1808 :

355 1847 422 1910 Ut
448 1853 640 1907 Paulus
677 1869 856 1916 aeneas,
901 1867 1035 1904 nunc
1073 1861 1238 1904 autem
1277 1852 1470 1903 vinctus
1507 1850 1558 1902 in
1586 1848 1783 1902 Christo
1805 1846 1932 1900 Iesu

348 1945 590 2014 (Philem.
631 1943 709 2016 9).
745 1945 870 1999 llaec
901 1959 1060 2012 porro
1106 1944 1381 2011 pr:1:ceSsit
1415 1941 1693 2010 epistolam
1734 1939 1799 1992 ad
1829 1937 1934 1991 Coa

347 2039 610 2091 lossenses
631 2079 647 2104 ,
680 2045 737 2090 ut
765 2052 828 2090 ex
861 2037 978 2104 ejus
1010 2036 1113 2089 line
1139 2034 1400 2104 arguitur,
1432 2033 1516 2086 ubi
1550 2033 1628 2087 sic
1660 2031 1890 2101 loquitur
1916 2047 1930 2084 :

348 2130 596 2200 Tychicus
621 2130 792 2184 omnia
815 2128 950 2182 vobis
977 2128 1219 2190 narrabit,
1247 2144 1391 2197 quem
1414 2127 1529 2178 misi
1553 2142 1665 2178 cum
1697 2124 1933 2177 Onesimo

359 2223 490 2288 ﬁdeli
514 2232 556 2274 ct
580 2222 755 2275 dilecto
773 2224 929 2292 fratre
956 2220 1088 2290 (Col.
1109 2226 1161 2274 4.
1185 2223 1260 2288 7).
1287 2220 1572 2274 Onesimus
1593 2228 1770 2272 autem
1793 2226 1930 2283 erat,

359 2313 503 2381 Cujus
530 2317 692 2383 gratia
715 2313 779 2366 ad
808 2313 1171 2366 Philemonem
1201 2313 1414 2381 scripsit
1440 2310 1744 2378 epistolam.
1777 2309 1930 2375 Quod

356 2419 477 2457 vero
503 2420 610 2458 nan
640 2405 775 2458 alius
821 2414 965 2459 esset
1009 2405 1103 2473 ipsi
1145 2399 1512 2472 cognomlitis,
1563 2411 1703 2470 patet
1729 2416 1793 2454 ex
1832 2403 1932 2456 Ar-

352 2498 538 2566 chippo
565 2517 576 2549 :
610 2498 930 2566 quem'enim
961 2499 1010 2550 in
1043 2497 1265 2564 epistula
1292 2497 1356 2548 ad
1383 2495 1748 2548 Philemonem
1778 2493 1930 2562 adju-

352 2575 514 2641 torem
561 2589 769 2656 accepit
808 2589 872 2640 ad
920 2604 1030 2640 rem
1074 2602 1169 2656 pro
1213 2587 1465 2640 Uuesimo
1512 2586 1927 2653 impetrandam,

354 2678 488 2732 hunc
513 2683 729 2748 quoque
774 2679 825 2730 in
857 2677 1077 2747 epistula
1111 2677 1175 2728 ad
1216 2675 1562 2730 Colossenses
1605 2677 1803 2730 excitat
1848 2676 1929 2730 bis

352 2771 522 2824 verbis
549 2787 561 2822 :
594 2769 757 2822 Dicite
796 2770 1091 2838 Archippo:
1131 2766 1252 2820 Vide
1289 2767 1650 2831 ministerium,
1682 2768 1818 2833 quod
1845 2784 1932 2820 ac-

353 2862 551 2929 cepisti,
591 2872 646 2913 ut
683 2861 811 2914 illud
839 2863 1048 2923 impleas
1079 2859 1253 2932 (Ibid.
1288 2875 1334 2912 υ.
1367 2859 1476 2930 17).
1509 2860 1726 2913 Videtur
1749 2869 1928 2915 autem

356 2954 479 3008 mihi
505 2956 782 3024 epistolam
809 2957 872 3008 ad
896 2955 1110 3007 Galatas
1135 2969 1274 3017 eam,
1301 2969 1420 3023 quae
1443 2953 1506 3007 ad
1536 2954 1808 3009 llomauos
1827 2965 1927 3017 est,

357 3049 706 3114 pt':et'essisse.
739 3047 791 3100 Si
835 3055 1011 3099 autem
1060 3047 1109 3098 in
1154 3046 1301 3098 libris
1345 3047 1504 3098 alium
1553 3046 1751 3100 habent
1789 3047 1934 3101 ordi-

358 3153 493 3198 nem,
526 3139 655 3192 nihil
687 3139 877 3192 mirmu
906 3157 917 3191 :
948 3138 1374 3208 quamloquidem
1415 3149 1466 3192 et
1497 3137 1778 3193 duodecim
1811 3153 1932 3209 pro-

325 3299 328 3301 Δ
357 3229 522 3295 pheta:
553 3246 655 3283 non
687 3228 976 3282 secundum
1012 3231 1267 3298 temporis
1307 3229 1549 3283 ordinem
1571 3270 1586 3294 ,
1635 3230 1728 3284 sed
1775 3231 1930 3300 longe

351 3333 499 3377 n-tate
541 3325 832 3384 distantes,
877 3321 928 3375 in
975 3322 1158 3375 Bibliis
1200 3322 1447 3376 collocati
1491 3333 1632 3377 sunt.
1666 3326 1928 3394 Aggwus,

351 3412 632 3468 Zacharias
649 3425 703 3468 et
722 3415 808 3468 alii
833 3426 951 3484 post
977 3415 1308 3470 Ezechiele-tn
1331 3424 1384 3470 et
1408 3416 1684 3472 Dauielem
1705 3420 1933 3487 prOpbe-

355 3514 628 3571 tavcruut;
661 3517 715 3560 et
743 3508 892 3560 multi
943 3520 1060 3576 post
1090 3506 1279 3562 Jonam
1316 3519 1367 3561 et
1404 3508 1730 3577 SOphoitiam
1766 3521 1928 3565 cattc-

357 3610 546 3664 rosque
571 3615 776 3658 omnes,
810 3609 862 3653 et
891 3609 1062 3653 latucn
1093 3601 1194 3653 illis
1220 3600 1468 3653 omnibus
1489 3601 1758 3669 eunjuucti
1785 3614 1928 3667 sunt,

355 3704 381 3737 a
410 3691 601 3756 quibus
627 3700 769 3743 tanto
793 3694 1044 3759 temporis
1065 3694 1238 3761 spatio
1263 3703 1386 3746 sunt
1415 3693 1608 3748 dissiti.

420 3779 474 3831 ‘2.
495 3780 660 3834 Neam
691 3781 828 3836 lnmc
852 3783 1086 3837 laborem
1114 3794 1264 3837 extra
1293 3799 1404 3838 rem
1435 3799 1579 3851 esse,
1602 3801 1773 3856 neque
1796 3787 1931 3842 hanc

354 3872 782 3943 disquisitionem
798 3878 1115 3946 superﬂuam
1135 3884 1188 3930 ct
1207 3891 1272 3931 ex
1295 3876 1605 3932 curiositate
1630 3877 1739 3932 fieri
1761 3887 1927 3947 putet:

353 3978 473 4018 nam
520 3967 860 4037 epistularum
891 3978 1097 4036 tempus
1125 3981 1230 4020 non
1262 3983 1444 4036 parum
1474 3967 1539 4022 ad
1567 3969 1785 4037 quaesita
1822 3970 1931 4023 sol-

350 4059 518 4112 venda
548 4060 772 4113 etmlert.
806 4059 940 4112 Cum
975 4060 1118 4113 enim
1162 4059 1317 4112 \‘idcu
1344 4058 1562 4112 Paulum
1593 4058 1850 4113 Ilotnanis
1879 4070 1932 4114 et

346 4151 755 4206 Colosseusihus
801 4152 868 4206 de
899 4153 1084 4206 iisdem
1130 4153 1292 4207 rebus
1319 4153 1579 4217 scribere,
1632 4168 1804 4222 neque
1850 4163 1932 4206 ta-

350 4260 470 4300 men
503 4246 660 4300 simili
682 4245 861 4311 modo,
893 4245 985 4299 sed
1007 4247 1110 4298 illis
1140 4261 1260 4300 cum
1285 4245 1610 4315 indulgentia
1636 4261 1846 4314 magna,
1879 4257 1936 4299 ut

347 4352 466 4390 cmn
499 4338 648 4403 dicit,
691 4335 966 4406 lit/irinum
1007 4353 1123 4390 vero
1149 4338 1201 4390 in
1229 4337 1331 4405 ﬁde
1349 4337 1608 4401 assumite,
1641 4351 1742 4389 non
1772 4337 1825 4388 in
1852 4337 1935 4387 di-

346 4428 743 4497 sceptationibus
791 4429 1216 4482 ratiociniorum:
1265 4428 1398 4480 alius
1438 4426 1640 4496 quidem
1679 4426 1837 4478 credit
1882 4441 1939 4479 se

346 4520 612 4573 comedere
648 4534 792 4583 posse
832 4520 1042 4584 omnia;
1079 4519 1164 4587 qui
1189 4529 1357 4571 autem
1385 4517 1616 4585 inﬁrmus
1658 4527 1766 4581 est,
1797 4515 1938 4568 olera

346 4611 626 4665 manducat
657 4609 834 4683 (Rom.
867 4611 954 4665 14.
988 4610 1155 4679 1.2);
1195 4609 1606 4666 Colosseusibus
1648 4617 1826 4663 autem
1869 4607 1939 4662 dc

349 4701 541 4758 iisdem
570 4703 731 4757 rebus
757 4718 862 4756 non
887 4703 957 4756 ita
987 4702 1238 4773 loquitur,
1266 4701 1359 4756 sed
1385 4715 1507 4756 cum
1545 4700 1732 4769 majori
1774 4698 1937 4754 liber-

351 4804 454 4851 tate
496 4812 509 4847 :
549 4813 567 4843 ι
598 4795 653 4850 Si
686 4795 880 4849 mortui
913 4796 1077 4857 estis,
1111 4815 1133 4847 ι
1179 4795 1379 4864 inquit,
1410 4812 1429 4844 ς
1463 4809 1586 4848 cum
1617 4792 1831 4848 Christo
1873 4792 1941 4845 ab

345 4889 632 4943 elementis
652 4889 856 4954 mundi,
876 4904 971 4943 cur
986 4889 1161 4943 adhuc
1178 4897 1425 4958 tanquam
1449 4889 1693 4942 viventes
1714 4888 1764 4940 in
1789 4902 1943 4940 mun-

348 4977 418 5033 do
437 4979 734 5034 decernitis
766 4997 780 5032 :
811 4979 885 5034 Ne
905 4979 1166 5050 tetigeris,
1197 4995 1264 5034 ne
1289 4979 1610 5049 gustaveris,
1635 4993 1703 5032 ne
1731 4988 1944 5033 contre-

349 5071 765 5140 ctavcris‘lqua:
809 5080 935 5125 sunt
973 5071 1148 5125 omnia
1181 5072 1232 5124 iu
1281 5071 1553 5125 interitum
1592 5071 1708 5140 ipso
1746 5069 1937 5133 abusu,

353 5178 457 5220 non
497 5165 549 5219 in
578 5164 783 5219 honore
808 5165 1011 5235 aliquo,
1043 5164 1108 5218 ad
1138 5165 1474 5219 saturitatem
1499 5165 1678 5218 carnis
1721 5163 1854 5232 (Col.
1885 5165 1941 5219 2.

352 5254 547 5328 20-25)
580 5275 592 5309 :
631 5275 650 5309 ι
683 5273 787 5311 non
811 5258 967 5311 aliam
1001 5257 1157 5328 hujus
1185 5256 1503 5312 dill'ercntia:
1543 5271 1758 5311 causam
1794 5257 1946 5310 inve-

353 5348 466 5415 nio,
519 5365 678 5417 quam
727 5365 907 5405 rerum
951 5361 1007 5406 et
1054 5351 1310 5420 temporis
1356 5349 1740 5404 conditionem.
1790 5347 1948 5402 Initio

355 5439 560 5510 quippe
587 5439 916 5509 indulgentia
945 5441 1021 5495 uti
1047 5439 1351 5509 Oportebat,
1381 5440 1626 5509 sequenti
1655 5452 1784 5492 vero
1812 5447 1950 5492 tem-

359 5539 492 5598 pore.
523 5548 631 5587 non
659 5535 805 5588 item.
851 5534 990 5588 Alibi
1018 5549 1232 5602 quoque
1276 5533 1426 5585 illum
1457 5533 1534 5586 sic
1566 5546 1728 5601 agere
1774 5532 1945 5587 vides.

358 5619 447 5676 Sic
495 5621 676 5680 facere
723 5626 902 5679 solent
952 5624 1190 5679 medicus
1226 5632 1283 5678 et
1317 5621 1506 5675 doctor
1546 5637 1761 5690 :ucque
1805 5621 1948 5679 cuitu

627 5957 896 6022 PATROL.
943 5957 1056 6020 Gn.
1111 5958 1239 6030 LX.

2038 827 2228 881 i'nulus
2245 827 2404 897 igitur
2421 827 2542 881 aliis
2566 829 2667 880 alia
2691 829 2757 882 de
2775 843 2932 882 cattsa
2957 841 3008 881 et
3028 839 3342 897 argumento
3359 829 3620 884 adductus

2031 917 2391 986 scribehat(ct
2419 918 2518 971 hoc
2545 919 2802 984 declarat,
2827 935 2946 972 cum
2974 919 3267 974 Corinthiis
3288 921 3445 975 dicit:
3468 919 3542 973 De
3559 922 3621 972 iis

2032 1021 2222 1074 autent,
2245 1027 2357 1080 qua:
2382 1012 2450 1064 ad
2474 1029 2552 1064 me
2566 1014 2839 1083 scripsistis
2857 1016 2902 1084 (l
2919 1051 2933 1065 .
2955 1012 3225 1082 (Ionii);
3257 1013 3460 1068 Calatis
3493 1029 3619 1066 vero

2033 1103 2210 1155 statim
2229 1103 2295 1156 ab
2314 1103 2534 1157 exordio
2553 1113 2605 1157 et
2623 1119 2718 1174 per
2736 1115 2901 1158 totam
2921 1106 3201 1173 epistolam
3221 1105 3446 1173 idipsum
3467 1105 3604 1173 sigut

2034 1193 2194 1264 licat)
2225 1212 2236 1246 :
2269 1194 2351 1247 Itis
2379 1210 2504 1249 vero
2531 1210 2625 1248 cur
2666 1206 2720 1249 et
2767 1211 2870 1264 qua
2916 1197 2982 1250 de
3020 1209 3178 1250 causa
3210 1196 3408 1250 scribat
3453 1195 3618 1250 dicit:

2033 1300 2094 1336 ac
2139 1284 2410 1337 testilicari
2463 1285 2670 1338 videtur
2720 1288 2864 1354 ipsus
2906 1299 3027 1340 esse
3074 1285 3309 1340 bonitate
3349 1295 3404 1339 et
3445 1286 3620 1339 scien-

2036 1375 2105 1426 tia
2135 1374 2278 1426 omni
2312 1375 2600 1440 instructos
2626 1416 2640 1438 ,
2685 1376 2770 1443 qui
2805 1387 3025 1444 possent.
3062 1377 3196 1429 alios
3225 1389 3467 1430 mouere.
3519 1378 3628 1430 (Zur

2033 1480 2164 1534 ergo
2202 1465 2485 1534 epistolam
2527 1466 2702 1520 misit?
2757 1465 2972 1535 Propter
3001 1477 3217 1535 gratiam
3267 1466 3383 1528 Dei,
3431 1469 3626 1532 inquit,

2032 1571 2145 1623 qua:
2168 1557 2292 1609 data
2316 1566 2387 1609 est
2411 1557 2557 1622 mihi,
2591 1567 2644 1609 ut
2671 1557 2766 1610 sim
2795 1559 3022 1610 minister
3055 1556 3181 1612 Jesu
3209 1556 3396 1613 Christi
3419 1556 3438 1630 (
3471 1558 3624 1614 llam.

2036 1649 2120 1704 15.
2150 1649 2216 1702 14
2239 1649 2280 1716 ).
2323 1647 2552 1718 Ideoque
2580 1649 2631 1702 in
2665 1650 2928 1719 principio
2955 1651 3090 1703 dixit
3119 1667 3132 1701 :
3169 1648 3374 1704 Debitor
3402 1667 3534 1713 sum,
3567 1660 3625 1701 ut

2035 1756 2127 1810 pro
2150 1741 2284 1794 virili
2315 1757 2424 1793 mea
2453 1751 2594 1809 parte
2619 1741 2755 1794 vobis
2775 1784 2790 1806 ,
2818 1743 2903 1810 qui
2930 1741 3109 1794 Roma:
3143 1743 3278 1802 estis,
3312 1741 3624 1813 evangelium

2035 1833 2302 1901 praedicem
2329 1832 2491 1904 (Ibid.
2513 1835 2565 1887 l.
2599 1834 2685 1887 ll.
2708 1834 2821 1904 l5).
2843 1833 2972 1889 Nam
2995 1834 3138 1888 dicta
3161 1837 3297 1902 ejus,
3325 1836 3472 1890 verbi
3498 1850 3622 1902 gra-

2037 1925 2130 1988 tia,
2163 1924 2302 1994 quod
2332 1925 2537 1994 possint
2567 1925 2704 1980 alios
2729 1926 3041 1989 admonere,
3084 1937 3137 1980 et
3161 1927 3381 1993 similia,
3410 1927 3622 1982 laudem

2038 2018 2302 2086 prarcipue
2321 2026 2378 2071 et
2400 2017 2828 2072 exhortationem
2861 2033 2970 2088 pne
3001 2033 3060 2073 sc
3103 2018 3314 2074 ferunt:
3344 2034 3407 2073 ac
3436 2035 3627 2074 ncces-

2034 2109 2174 2162 saria
2204 2109 2364 2164 etiam
2399 2108 2481 2163 his
2509 2121 2623 2164 erat
2644 2111 2948 2164 emendatio
2971 2126 3066 2180 per
3094 2111 3293 2167 literas.
3317 2111 3449 2179 Quia
3480 2113 3623 2166 enim

2036 2201 2270 2255 nondum
2299 2201 2474 2256 iSthuc
2500 2211 2736 2266 venerat,
2759 2203 2954 2272 duplici
2983 2205 3188 2258 ratione
3211 2205 3354 2259 viros
3375 2204 3622 2270 instituit,

2034 2303 2089 2347 et
2118 2294 2394 2348 literarum
2425 2294 2651 2349 utilitate
2672 2337 2686 2359 ,
2719 2306 2772 2348 et
2799 2295 3059 2350 adventus
3093 2297 3172 2349 sui
3201 2297 3622 2366 exspectatione,

2036 2387 2155 2439 Iulis
2182 2387 2379 2456 quippe
2405 2398 2520 2440 erat
2552 2397 2735 2440 sancta
2762 2387 2847 2440 illa
2866 2389 3045 2441 anima
3068 2406 3082 2443 :
3109 2398 3276 2443 totum
3303 2391 3627 2460 complecte-

2036 2479 2191 2532 batur
2216 2481 2426 2544 orbem,
2452 2489 2506 2534 et
2536 2495 2724 2534 omnes
2755 2495 2936 2534 secum
2965 2479 3402 2549 circumferebat,
3431 2497 3629 2554 cogna-

2036 2573 2233 2626 tionem
2277 2573 2563 2625 maximam
2597 2573 2738 2626 illam
2772 2588 2894 2628 esse
2923 2585 3150 2643 putans,
3182 2591 3301 2645 quin
3330 2579 3625 2633 secundum

2036 2663 2200 2716 [tcum
2231 2672 2313 2718 est
2349 2681 2361 2716 :
2389 2672 2549 2731 atque
2574 2663 2642 2716 ita
2675 2663 2791 2715 illos
2817 2679 3005 2718 omnes
3031 2666 3264 2731 amabat,
3294 2680 3357 2720 ac
3380 2667 3424 2720 si
3468 2683 3626 2737 pepe-

2037 2755 2211 2816 risset,
2236 2755 2342 2807 imo
2371 2755 2629 2823 majorem
2664 2771 2771 2823 prae
2799 2769 2857 2808 se
2889 2754 3116 2820 ferebat,
3143 2772 3302 2826 quam
3333 2759 3509 2828 quivis
3539 2776 3626 2829 pa-

2038 2857 2138 2910 ter,
2163 2846 2528 2900 dilectionem.
2554 2844 2698 2899 Talis
2722 2847 2863 2900 enim
2890 2856 2973 2901 est
2991 2848 3162 2916 gratia
3195 2847 3430 2919 Spiritus
3453 2865 3468 2902 :
3500 2865 3622 2904 car-

2038 2939 2186 2991 nalcs
2209 2948 2389 3006 partus
2407 2947 2641 3004 supcrat,
2663 2947 2718 2991 et
2738 2938 3099 2993 ardentiorem
3123 2939 3619 2997 cxhibctall'ectum.

2041 3029 2092 3082 Id
2127 3030 2177 3082 in
2211 3029 2398 3098 primis
2423 3029 2606 3082 videre
2637 3039 2717 3084 est
2742 3029 2792 3082 in
2820 3030 2995 3083 anima
3030 3030 3201 3097 Pauli,
3229 3033 3318 3102 qui
3347 3037 3499 3103 quasi
3529 3051 3624 3089 vo.

2036 3123 2198 3177 lucris
2238 3137 2301 3176 ex
2330 3122 2553 3176 caritate
2577 3119 2768 3186 factus,
2801 3136 2989 3176 omnes
3016 3120 3328 3193 frequenter
3354 3125 3622 3191 circumit,

2035 3232 2297 3286 nusquam
2327 3229 2550 3270 mancus
2578 3215 2658 3269 vel
2690 3215 3013 3269 consistens.
3041 3214 3174 3282 Quia
3203 3216 3344 3271 enim
3382 3218 3624 3274 audierat

2034 3310 2241 3364 dixisse
2277 3308 2576 3373 Christum,
2628 3305 2800 3372 Petre,
2831 3323 2973 3360 antas
3001 3307 3113 3361 me?
3159 3323 3309 3376 pasce
3347 3324 3461 3364 oves
3487 3327 3623 3364 meas

2035 3403 2217 3473 (Joan.
2245 3400 2334 3455 2|.
2358 3401 2472 3471 l5),
2490 3409 2650 3469 atque
2671 3398 2811 3453 hunc
2831 3399 3061 3454 maxime
3075 3401 3313 3457 caritatis
3334 3405 3620 3460 termimun

2037 3497 2411 3566 pronuntiasse
2433 3509 2591 3564 supra
2623 3495 2838 3549 modum
2861 3495 3146 3549 exhibebat
3167 3496 3336 3550 illum.
3358 3499 3510 3554 llunc
3527 3502 3626 3571 igi-

2037 3599 2122 3642 tur
2149 3597 2202 3642 et
2231 3602 2328 3641 nos
2369 3587 2684 3639 :emulantes
2708 3625 2723 3651 ,
2752 3587 2794 3639 si
2829 3587 3005 3639 minus
3047 3587 3231 3641 orbem
3261 3599 3352 3642 aut
3388 3591 3624 3662 integras

2035 3682 2278 3733 civitates
2315 3678 2398 3731 vel
2441 3677 2860 3747 gentes,saltcm
2893 3677 3119 3746 quisque
3168 3679 3384 3733 domum
3443 3697 3618 3749 suam,

2037 3786 2278 3831 uxorem,
2303 3768 2438 3822 illius
2460 3809 2474 3832 ,
2521 3768 2746 3832 amicos,
2779 3769 2982 3822 vicinos
3009 3778 3155 3824 recte
3182 3783 3484 3841 componat.
3519 3779 3624 3830 Nec

2037 3863 2166 3916 mihi
2196 3861 2458 3932 quispiam
2500 3861 2714 3924 dixerit,
2742 3861 3021 3929 Imperitos
3043 3878 3161 3917 sum
3191 3871 3245 3918 et
3273 3865 3441 3921 rudis.
3481 3866 3622 3924 Nihil

2039 3957 2304 4010 indoctius
2349 3955 2536 4020 Petro,
2592 3954 2723 4009 nihil
2773 3955 3073 4024 imperitius
3114 3957 3297 4012 Paulo.
3331 3959 3464 4014 Illud
3513 3963 3628 4032 ipse

2037 4063 2248 4118 quoque
2265 4047 2479 4111 fatetur,
2502 4061 2599 4101 nec
2614 4047 2774 4115 pudet
2803 4047 2950 4100 illum
2973 4047 3151 4103 dicere
3180 4067 3193 4100 :
3224 4048 3336 4102 Etsi
3363 4051 3628 4122 imperitus

2037 4155 2151 4194 sum
2171 4156 2416 4205 sermone,
2437 4138 2523 4192 sed
2555 4155 2654 4191 non
2675 4139 2882 4192 scientia
2901 4140 2976 4211 (2.
3003 4137 3122 4196 Cor.
3149 4142 3236 4194 ll.
3263 4143 3341 4212 ϐ).
3374 4146 3625 4202 Attamen

2041 4235 2320 4304 imperitus
2349 4233 2454 4298 hic,
2483 4231 2727 4286 inductus
2750 4233 2854 4296 ille,
2891 4244 3177 4288 sexcentos
3200 4234 3443 4291 vicerunt
3459 4237 3628 4307 philo-

2041 4328 2240 4395 sophos
2263 4366 2277 4389 ,
2313 4325 2624 4379 innumeros
2651 4323 2897 4378 rhetores
2937 4324 3003 4377 ad
3031 4325 3304 4379 silentium
3349 4331 3630 4398 compule-

2043 4427 2186 4482 runt,
2218 4415 2512 4470 suostudio
2533 4415 2877 4484 etDeigt-atia
2901 4424 3068 4470 totum
3093 4427 3431 4487 peragentes.
3459 4422 3630 4491 Quam

2041 4526 2172 4580 ergo
2216 4525 2314 4563 nos
2345 4512 2745 4564 excusationem
2799 4509 3152 4578 habebimus,
3195 4514 3286 4582 qui
3334 4529 3400 4571 ne
3444 4515 3629 4588 viginti

2043 4604 2255 4672 quidem
2281 4602 2585 4656 nominibus
2612 4617 2707 4657 seu
2739 4604 2982 4670 personis
3010 4601 3338 4669 sufficimus,
3374 4623 3475 4663 nec
3501 4624 3630 4664 con-

2046 4695 2410 4750 tubernalilms
2443 4695 2602 4749 utiles
2624 4695 2846 4748 sumus?
2870 4694 3132 4749 Obteutus
3156 4697 3269 4751 ha-c
3292 4707 3417 4754 sunt
3437 4709 3491 4755 ct
3520 4701 3634 4756 ina-

2048 4801 2143 4840 nes
2177 4787 2552 4841 excusationes
2586 4800 2601 4839 :
2641 4801 2812 4856 neque
2841 4788 2983 4840 enim
3024 4787 3320 4856 ignorantia
3366 4800 3421 4844 et
3459 4793 3632 4862 impc-

2047 4880 2165 4933 ritia
2182 4878 2480 4933 doctrinam
2505 4877 2821 4947 impediunt,
2839 4879 2932 4934 sed
2956 4879 3163 4948 ignavia
3181 4890 3236 4936 et
3251 4885 3633 4941 somnolentia.

2052 4975 2162 5029 lloc
2190 4975 2350 5044 igitur
2384 4988 2612 5028 excusso
2639 4987 2850 5038 somno,
2893 4988 3014 5026 cum
3047 4974 3191 5028 onmi
3216 4976 3395 5030 studio
3425 4981 3638 5048 propria

2053 5067 2290 5120 membra
2317 5081 2586 5129 curemus,
2633 5073 2690 5119 ut
2721 5075 2774 5120 et
2806 5065 2890 5120 hic
2919 5067 3086 5120 multa
3115 5067 3354 5122 fruamur
3383 5073 3640 5141 tranquila-

2051 5159 2217 5221 litate,
2263 5158 2388 5210 dum
2416 5143 2707 5212 secundum
2742 5156 2987 5212 timorem
3037 5157 3130 5212 Dei
3158 5161 3494 5215 necessarios
3539 5178 3638 5216 nos

2051 5259 2194 5302 stros
2225 5249 2585 5314 instituemus,
2621 5258 2675 5303 et
2701 5247 2809 5302 illic
2839 5248 3118 5304 inmnncra
3135 5264 3526 5321 consequamur
3546 5253 3639 5307 bi»

2056 5355 2145 5405 na,
2179 5339 2345 5409 gratia
2368 5350 2422 5393 et
2452 5339 2779 5409 benignitate
2801 5339 3009 5394 Domini
3043 5341 3213 5394 nostri
3240 5340 3370 5396 Jcsu
3411 5342 3633 5408 Christi,

2053 5446 2150 5500 per
2174 5447 2331 5501 quem
2362 5442 2414 5486 et
2445 5448 2564 5486 cum
2594 5447 2700 5501 quo
2729 5432 2873 5487 Patri
2909 5431 3074 5502 gloria
3098 5473 3112 5496 ,
3145 5433 3411 5502 simulque
3449 5423 3638 5490 sanet}:

2055 5523 2299 5591 Spiritui,
2331 5538 2474 5578 nunc
2499 5531 2553 5577 et
2593 5534 2827 5594 semper,
2879 5538 2912 5577 c
2988 5522 3042 5576 in
3069 5523 3264 5578 smcula
3293 5523 3634 5585 Sa-culorum.

2055 5618 2250 5668 Amen.
