4158 6452
1273 451 1330 507 S.
1372 446 1646 505 ιοιΝΝιε
1682 439 2153 498 (ΞΙΙίῖῒΞΟΞῚὈΜί
2202 440 2517 496 Λιιειιιειι.
2560 440 3094 497 CONSTANTINOP.

492 601 511 614 -
934 606 937 607 '
2339 575 2343 584 ¹
2396 576 3229 588 -υ--δ--ψη--μ--ωλ-

3667 444 3782 507 396

1845 645 2192 711 HOMILIA
2237 646 2261 706 1
2298 644 2406 728 (α).

484 827 614 881 CAP.
637 818 691 880 1.
705 822 902 876 Paulus
921 835 1092 874 servus
1108 815 1140 870 ,1
1145 822 1234 870 esu'
1248 812 1455 876 Christi,
1470 817 1684 862 uocatus
1700 802 1982 874 apostolus.
1998 812 2077 851 sc-

562 926 797 988 gregatus
828 915 881 967 in
909 909 1222 981 evangelium
1243 904 1361 970 Dei,
1397 904 1452 958 2.
1480 899 1616 971 quod
1639 909 1756 951 ante
1781 895 2079 969 promiserat

564 1024 652 1075 per
679 1005 951 1073 prophetas
975 1018 1094 1056 suos
1117 1001 1169 1053 in
1197 995 1478 1065 Scriptus-is
1503 992 1711 1046 sanctis.

566 1104 616 1154 1.
667 1099 878 1169 Moyses
922 1095 1076 1149 libris
1122 1092 1359 1161 quinque
1396 1103 1425 1140 a
1466 1102 1525 1140 se
1563 1083 1779 1152 scriptis
1819 1093 2078 1146 nusquam

490 1205 684 1246 nomen
716 1203 869 1243 suum
901 1183 1190 1255 apposuit,
1233 1196 1403 1250 neque
1436 1178 1511 1232 illi
1541 1176 1630 1245 qui
1664 1189 1751 1229 res
1783 1180 1900 1239 post
1932 1168 2078 1221 illum

490 1291 670 1351 gestas
722 1279 1053 1346 scripserunt
1094 1289 1108 1326 :
1151 1271 1246 1327 sed
1306 1284 1481 1338 neque
1528 1264 1847 1321 Matthmus,
1910 1273 2081 1326 neque

488 1375 722 1429 Joannes
747 1411 762 1435 ,
796 1385 903 1424 non
935 1368 1142 1421 Marcus
1160 1406 1177 1430 ,
1200 1379 1317 1418 non
1347 1362 1538 1416 Lucas.
1572 1362 1642 1412 At
1670 1356 1858 1431 beatus
1886 1351 2081 1405 Paulus

489 1464 738 1531 omnibus
758 1460 998 1533 epistolis
1018 1459 1130 1512 suis
1152 1469 1350 1510 nomen
1378 1466 1535 1506 suum
1553 1446 1850 1520 praemittit.
1868 1440 2081 1510 Quare?

492 1558 627 1626 Quia
659 1556 734 1610 illi
766 1551 1123 1624 praesentibus
1150 1545 1477 1608 scribebant,
1509 1538 1780 1603 cl;inulile
1812 1536 1998 1589 luisset
2022 1546 2082 1586 se

489 1623 783 1720 pra-sentes
812 1644 1123 1706 declarare;
1152 1639 1240 1694 bic
1264 1653 1392 1691 vero
1418 1633 1601 1704 procul
1631 1630 1811 1684 literas
1841 1623 2083 1680 mittebat

489 1741 731 1812 epistola:
779 1739 947 1793 forma
977 1754 991 1790 :
1018 1742 1345 1805 quapropter
1374 1725 1672 1781 necessaria
1704 1730 1821 1777 erat
1849 1718 2083 1774 nominis

482 1837 711 1892 additio.
735 1834 788 1889 Si
810 1840 987 1888 autem
1012 1831 1062 1882 in
1088 1824 1322 1896 Epistola
1341 1822 1405 1876 ad
1427 1819 1681 1874 llebra-os
1703 1816 1752 1870 id
1772 1830 1878 1868 non
1902 1812 2081 1875 faciat,

492 1925 784 1997 prudenter
810 1931 866 1977 et
893 1917 1122 1976 consilio
1149 1915 1293 1969 facit.
1338 1911 1471 1979 Quia
1513 1909 1656 1969 enim
1701 1919 1924 1976 perosus
1970 1910 2085 1956 erat

491 2018 620 2086 ipsis
644 2034 659 2070 :
684 2030 752 2070 ne
775 2029 803 2067 a
831 2010 1114 2082 principio,
1138 2006 1320 2061 audito
1347 2002 1586 2066 nomine,
1614 1996 1849 2053 sermoni
1878 1993 2082 2047 aditum

487 2107 859 2171 includet-ent,
911 2103 1003 2157 illo
1049 2112 1368 2169 suppresso,
1424 2094 1497 2146 uti
1547 2108 1607 2146 se
1650 2088 1920 2150 audirent,
1968 2096 2084 2137 arte

494 2201 729 2271 pellexit.
772 2198 827 2254 Si
868 2211 1000 2252 vero
1043 2190 1318 2262 propheta:
1358 2197 1412 2242 et
1450 2186 1702 2241 Salomon
1734 2180 1947 2234 nomina
1991 2190 2083 2229 sun

493 2305 813 2362 εῳριιειιειοθ,
837 2287 991 2341 vobis
1020 2279 1410 2352 exquirendum
1442 2277 1712 2345 relinquo.
1742 2288 1841 2326 cur
1865 2269 1952 2321 alii
1986 2282 2084 2320 no-

494 2401 619 2440 men
661 2379 1039 2451 imposuerint,
1079 2374 1168 2428 alii
1212 2386 1404 2426 secus:
1430 2383 1602 2438 neque
1627 2365 1769 2419 enim
1807 2375 1943 2431 Opus
1971 2368 2085 2421 est,

491 2489 548 2532 ut
577 2476 754 2531 omnia
785 2490 816 2526 a
846 2487 931 2525 me
961 2466 1242 2528 edisCatis;
1274 2463 1368 2517 sed
1402 2458 1755 2516 laborandum
1784 2465 1837 2508 et
1867 2451 2082 2522 perqui—

497 2569 724 2623 tendmn
753 2563 903 2619 vobis
931 2572 1014 2617 est
1037 2601 1053 2625 ,
1097 2569 1156 2613 ut
1184 2574 1250 2612 ne
1290 2555 1568 2625 segniores
1596 2549 1854 2604 evadatis.
1889 2544 2088 2598 Paulus

492 2657 813 2714 srrvus-Jesn
839 2652 1046 2711 Christi.
1080 2651 1192 2706 Cur
1221 2664 1412 2703 nomen
1440 2645 1556 2710 ejus
1582 2640 1879 2696 immntavit
1913 2638 2050 2690 Dens
2068 2676 2084 2699 ,

493 2764 548 2807 et
597 2751 817 2805 Sanlnm
851 2743 1057 2799 vocavit
1099 2740 1363 2795 Paulum?
1407 2735 1484 2790 Ne
1528 2736 1627 2786 bac
1664 2733 1824 2786 etiam
1857 2730 1906 2781 in
1939 2737 2087 2796 parte

493 2841 753 2911 apostolis
801 2837 1020 2892 inferior
1060 2833 1379 2893 haberetur;
1427 2826 1519 2882 sed
1567 2836 1624 2878 ut
1668 2824 1895 2892 idipsum
1947 2835 2084 2887 pra:-

495 2936 752 3008 rogativa:
786 2932 1059 2991 haberet,
1107 2926 1248 2996 quod
1298 2921 1683 2992 discipulorum
1732 2917 2088 2987 eorypba-us,

502 3030 734 3096 liaeque
755 3026 954 3079 arctius
974 3020 1137 3076 coetui
1154 3018 1488 3087 jungcretur.
1511 3012 1706 3065 Christi
1730 3025 1856 3063 vero
1870 3021 2089 3060 servum

498 3140 558 3177 se
587 3140 692 3176 non
720 3120 836 3173 sine
861 3130 1020 3171 causa
1042 3113 1178 3168 dixit
1202 3129 1215 3165 :
1242 3110 1391 3164 illiilli
1422 3122 1649 3175 namque
1673 3112 1798 3159 sunt
1822 3099 2092 3155 servitutis

502 3214 646 3269 modi
682 3212 864 3267 :alins
907 3206 1200 3263 secnmlnm
1245 3202 1611 3263 creationem,
1663 3199 1730 3253 dc
1777 3212 1882 3265 quo
1923 3193 2088 3247 duit:

508 3308 692 3365 Omnia
712 3306 938 3360 serviunt
965 3299 1101 3365 tibi~(
1114 3296 1255 3351 Psal.
1286 3295 1406 3350 118.
1436 3293 1565 3361 9|);
1604 3293 1869 3356 itemque,
1903 3287 2093 3342 Servus

508 3418 645 3455 meus
671 3397 1141 3453 Nabuchodonosor
1160 3387 1408 3461 (denari.
1431 3384 1525 3454 9);
1553 3396 1944 3451 Opus-namque
1975 3378 2093 3446 opi-

509 3496 593 3547 tici
624 3506 836 3546 St'l‘Vllllt
882 3496 983 3541 est.
1012 3486 1163 3539 Alius
1192 3480 1382 3534 modus
1420 3487 1500 3531 est
1528 3494 1555 3527 ει
1592 3474 1726 3539 lide,
1755 3474 1822 3527 de
1850 3488 1951 3541 qua
1981 3471 2090 3523 ait:

508 3584 686 3640 (It-otia
712 3591 880 3634 autem
919 3576 1025 3630 Deo
1044 3616 1057 3639 ,
1082 3573 1209 3644 quia
1247 3569 1379 3624 serri
1405 3568 1559 3621 eratis
1587 3574 1791 3635 peccato
1810 3604 1827 3624 ,
1857 3561 2095 3617 obedistis

506 3687 673 3731 au:eat
702 3690 765 3728 cx
782 3671 954 3736 corde,
980 3670 1033 3721 in
1061 3682 1213 3738 quant
1241 3662 1416 3717 traditi
1438 3665 1558 3715 estis
1584 3659 1829 3712 doctrinae
1852 3657 2092 3722 (oratam,

507 3784 551 3824 et
578 3767 776 3823 liberati
805 3782 837 3818 a
876 3770 1103 3832 peccato,
1135 3758 1261 3812 servi
1288 3755 1413 3826 facti
1443 3753 1561 3806 estis
1589 3750 1805 3820 justitia:
1834 3746 2007 3819 (Rom.
2039 3748 2092 3797 ti.

510 3861 622 3931 Π).
658 3861 805 3912 Alius
834 3872 864 3909 a
890 3857 1010 3908 vilic
1043 3853 1305 3913 instituto,
1333 3846 1402 3900 de
1432 3859 1539 3913 quo
1567 3844 1676 3895 ait:
1706 3840 1907 3911 Moyses
1927 3852 2097 3891 sci-ras

510 3928 650 4006 ruens
688 3958 915 4002 mortuus
954 3953 1027 3996 est
1074 3938 1209 4012 μοι.
1257 3938 1308 3991 1.
1340 3936 1397 4007 2)
1430 3952 1445 3987 :
1473 3947 1792 4004 quamquam
1835 3939 1889 3983 et
1927 3928 2097 4001 tudini

511 4059 700 4101 omnes
727 4042 868 4096 servi
900 4044 1089 4101 erant;
1119 4032 1215 4088 sed
1241 4031 1451 4099 Moyses
1480 4027 1533 4081 in
1562 4025 1747 4098 primis
1772 4039 1837 4077 ex
1866 4023 1985 4076 vita:
2013 4022 2097 4075 in-

512 4140 703 4193 stituto
745 4128 1082 4201 splendebat.
1110 4124 1372 4191 Quoniam
1421 4118 1579 4189 igitur
1618 4116 1812 4172 Paulus
1852 4112 2101 4167 onmibus

512 4225 783 4284 servitutis
808 4222 981 4275 niodts
1008 4230 1197 4273 servus
1225 4221 1341 4269 erat
1364 4254 1379 4278 ,
1412 4209 1681 4280 dignitatis
1710 4206 1955 4260 maximae
1984 4205 2103 4258 loco

512 4321 664 4393 ponit
689 4316 839 4381 illud,
871 4313 1059 4368 Servus
1081 4310 1208 4362 Jesu
1226 4304 1422 4361 Christi
1438 4318 1463 4356 ς
1484 4312 1539 4356 et
1561 4297 1978 4369 dispensationis
2008 4312 2104 4347 no-

512 4391 657 4470 inina
674 4408 941 4473 obtendit,
959 4405 1028 4458 ab
1044 4400 1383 4459 inferioribus
1401 4397 1467 4449 ad
1489 4394 1762 4464 superiora
1779 4391 2100 4446 ast-etulens.

513 4509 720 4564 Nomen
765 4504 963 4574 quippe
1005 4498 1133 4553 Jesu
1179 4495 1357 4549 [creas
1392 4488 1611 4559 angelus
1643 4486 1788 4540 venit
1828 4487 1895 4538 de
1932 4484 2101 4545 cadis,

517 4597 733 4672 quando
760 4596 847 4650 ille
883 4599 1037 4647 natus
1065 4596 1148 4644 est
1175 4588 1244 4640 de
1279 4583 1526 4651 Virgine;
1558 4578 1803 4634 Christus
1829 4585 2007 4630 autem
2038 4574 2105 4627 ab

519 4669 773 4748 unctione
800 4685 1018 4743 dicitur.
1044 4678 1187 4752 quod
1219 4677 1381 4733 etiam
1404 4674 1582 4729 carnis
1607 4682 1744 4727 erat.
1776 4670 1843 4725 Et
1869 4684 1995 4738 quo,
2029 4669 2105 4721 in-

517 4790 693 4857 quies,
722 4782 846 4838 oleo
872 4787 1065 4832 unctus
1091 4771 1211 4829 est?
1241 4770 1372 4824 Olet)
1400 4766 1613 4837 quidem
1643 4779 1747 4818 non
1781 4772 1971 4817 unctus
2000 4770 2104 4825 est,

520 4854 614 4943 sed
643 4875 844 4946 Spiritu
870 4889 885 4926 :
908 4870 1046 4924 solet
1066 4875 1251 4921 autem
1281 4862 1552 4930 Scriptura
1586 4854 1888 4926 bujosmodi
1921 4862 2112 4908 unctos

521 4984 718 5026 vincare
755 4965 1017 5021 cbristos.
1064 4959 1119 5012 In
1165 4956 1414 5010 unctione
1457 4952 1688 5022 quippe,
1735 4948 1878 5020 quod
1926 4947 2112 5017 pra'ei-

525 5075 710 5129 puum,
737 5055 970 5126 Spiritus
996 5058 1116 5113 est;
1147 5047 1268 5102 ideo
1294 5056 1348 5100 et
1372 5045 1547 5098 oleum
1574 5040 1881 5095 assumitur.
1910 5039 1979 5093 Et
1999 5038 2115 5092 ubi-

520 5172 647 5212 nam
677 5150 911 5208 christos
931 5151 1091 5200 vocat
1108 5156 1227 5204 eos.
1253 5138 1342 5210 qui
1369 5152 1475 5192 non
1501 5144 1625 5190 sunt
1650 5133 1771 5188 oleo
1798 5132 1985 5187 uncti?
2011 5130 2112 5186 Ubi

522 5250 674 5310 dicit,
699 5242 869 5299 Nolite
893 5250 1099 5308 tangere
1121 5233 1335 5286 christos
1362 5245 1519 5293 meos,
1548 5236 1594 5281 et
1624 5227 1676 5280 in
1704 5224 1962 5297 praphetis
1992 5224 2114 5276 meis

528 5341 686 5396 nolite
701 5329 970 5403 malignari
997 5324 1168 5399 (Psal.
1194 5322 1314 5378 101.
1340 5317 1451 5388 15).
1475 5316 1627 5374 Tunc
1643 5318 1786 5373 enim
1811 5315 1985 5369 nullus
2000 5322 2118 5368 erat

526 5433 594 5491 ad
610 5430 913 5485 unctionem
931 5420 1033 5476 olei
1051 5424 1359 5488 apparatus.
1383 5411 1601 5467 Vocatus
1614 5408 1892 5479 apostolus.
1909 5405 2117 5477 Ubique

529 5542 591 5584 se
619 5535 859 5577 meatum
890 5513 1159 5588 appellat,
1188 5518 1396 5579 gratum
1427 5505 1664 5559 animum
1692 5500 1954 5557 exhibens
1973 5542 1988 5566 ,
2037 5502 2119 5554 in—

529 5619 827 5683 dicausqne
851 5626 912 5665 se
942 5622 1049 5660 non
1079 5609 1405 5675 qumrentcm
1433 5595 1724 5657 invenisse,
1751 5592 1844 5648 sed
1870 5601 2117 5647 Vocatum

534 5707 853 5763 nbcdivisse.
885 5698 1099 5756 Fideles
1126 5707 1257 5749 vero
1279 5692 1359 5746 sic
1384 5687 1637 5759 appellat,
1668 5696 1867 5739 vocatos
1894 5695 2116 5739 sanctos.

598 5798 671 5862 (ιι)
695 5799 908 5848 Savllius
928 5795 1160 5862 homilias
1188 5794 1337 5862 hasce
1363 5788 1594 5862 inscribit
1614 5788 1783 5862 λόγους
1807 5781 2115 5862 (sermones).

532 5842 857 5929 plinascriptt
880 5842 1292 5929 ali-iii'ovoogaiii
1315 5842 1531 5929 epotus.
1552 5842 1871 5920 Beue'aute'm
1896 5842 2122 5895 llomilne

535 5912 893 5977 inscribuntur,
928 5927 983 5969 ut
1008 5926 1059 5967 et
1085 5924 1280 5967 uetera!
1302 5912 1361 5965 ad
1383 5916 1625 5977 populum
1651 5912 1918 5960 conciones

532 6114 587 6147 τ’.

2185 791 2263 846 Illi
2296 808 2525 864 namque
2570 795 2638 850 ad
2682 795 2840 849 ﬁdem
2885 794 3060 849 vocati
3101 805 3255 857 sunt;
3307 794 3428 850 huic
3468 811 3593 850 vero
3632 798 3780 852 aliud

2184 887 2572 949 concreditum,
2595 889 2925 957 apostolatus
2949 903 3161 956 nempe,
3184 903 3274 943 res
3299 889 3597 944 innumeris
3622 897 3781 959 [item

2187 978 2374 1042 bonis,
2422 979 2561 1033 dona
2609 980 2786 1032 omnia
2840 994 3101 1048 superans
3150 979 3344 1049 illaque
3386 981 3777 1049 complectens.

2187 1070 2386 1138 Ecquid
2409 1081 2492 1125 est
2514 1072 2648 1126 ultra
2673 1072 2979 1137 dicendum,
3006 1072 3105 1125 nisi
3129 1073 3266 1142 quod
3285 1087 3370 1134 ea,
3393 1088 3512 1143 qua:
3534 1074 3784 1129 Christus

2187 1164 2406 1219 \‘cniens
2439 1166 2555 1219 fecit
2577 1207 2593 1227 ,
2636 1165 2945 1234 demigrans
2977 1165 3082 1219 illis
3112 1166 3414 1220 couunisit?
3445 1167 3496 1218 Id
3527 1178 3611 1222 est
3636 1172 3781 1236 quod

2185 1257 2344 1311 etiam
2403 1257 2596 1311 Paulus
2644 1257 2882 1311 clamans
2930 1267 2985 1311 et
3039 1259 3403 1327 apostolorum
3455 1260 3769 1330 dignitatem

2185 1351 2451 1406 extollens
2477 1351 2607 1405 dicit
2630 1369 2642 1404 :
2670 1350 2776 1404 Pro
2802 1351 3004 1405 Christo
3039 1351 3289 1420 legatione
3326 1352 3605 1421 fungimur,
3632 1355 3781 1423 quasi

2186 1442 2297 1497 Deo
2328 1444 2625 1497 exhortante
2653 1461 2742 1512 per
2778 1461 2870 1497 nos
2900 1443 2978 1511 (‘2.
3013 1443 3131 1497 Cor.
3164 1444 3217 1499 5.
3249 1443 3381 1509 20);
3429 1445 3479 1498 id
3521 1455 3627 1511 est,
3661 1448 3776 1501 vice

2184 1535 2406 1592 Christi.
2440 1536 2747 1607 Segregatus
2772 1543 2824 1590 in
2847 1538 3159 1607 evangelium
3184 1537 3295 1591 Dei.
3315 1537 3772 1606 Quemadmodum

2187 1631 2239 1683 in
2270 1631 2431 1684 domo
2457 1629 2521 1684 ad
2554 1630 2768 1684 diversa
2799 1645 2964 1699 opera
2996 1631 3188 1699 singuli
3217 1632 3477 1702 segregati
3503 1644 3628 1687 sunt
3657 1652 3669 1686 :
3698 1635 3778 1688 sic

2188 1724 2241 1777 in
2286 1724 2521 1778 Ecclesia
2553 1723 2767 1778 diversa
2794 1734 2917 1777 sunt
2959 1723 3239 1778 distributa
3272 1725 3585 1780 ministeria.
3618 1726 3781 1781 Vide-

2188 1829 2277 1872 tur
2305 1832 2465 1885 porro
2492 1816 2618 1869 mihi
2648 1816 2733 1877 hic
2760 1832 2864 1870 non
2895 1816 3065 1886 ipsam
3094 1826 3293 1871 sortem
3324 1818 3602 1887 signiﬁcari
3623 1860 3639 1882 ,
3672 1818 3775 1872 sed

2182 1911 2292 1981 jam
2316 1910 2445 1964 olim
2474 1910 2644 1978 ipsum
2672 1910 2738 1962 ad
2767 1911 2868 1963 hoc
2896 1908 3208 1978 deputatum
3242 1908 3402 1963 l’uisso
3427 1910 3581 1962 innui.
3608 1909 3765 1976 Quod

2187 2003 2347 2057 etiam
2390 2001 2650 2057 Jcretnias
2691 2003 2768 2054 ait
2811 2000 2877 2055 de
2923 2017 2983 2056 sc
3023 2000 3223 2054 dixisse
3267 2001 3760 2068 Detlm:Atttcl[tutm

2176 2095 2353 2148 exire:
2380 2092 2442 2146 de
2466 2093 2612 2146 vulva
2634 2135 2645 2154 ,
2679 2092 2996 2161 sanctiﬁcari
3024 2102 3100 2150 te,
3134 2094 3431 2162 prophetam
3466 2092 3514 2143 in
3545 2091 3764 2160 gentibus

2191 2188 2337 2254 posui
2357 2196 2402 2236 te
2424 2184 2558 2253 (Jer.
2588 2187 2636 2238 1.
2666 2184 2746 2250 5).
2766 2184 2897 2252 Quia
2922 2183 3064 2237 enim
3092 2183 3158 2236 ad
3187 2193 3524 2252 arrogantem
3553 2194 3604 2234 et
3635 2184 3774 2234 [astu

2172 2280 2403 2348 plenam
2437 2277 2623 2331 urbem
2655 2277 2959 2340 scribebat,
3009 2274 3092 2328 his
3130 2274 3377 2328 omnibus
3418 2274 3653 2328 ostendit
3687 2274 3780 2327 Dei

2188 2388 2307 2428 esse
2335 2371 2726 2426 ordinationem
2754 2388 2766 2423 :
2791 2369 2989 2425 etenim
3036 2368 3150 2438 ipse
3188 2369 3433 2431 vocavit,
3466 2375 3519 2419 et
3550 2366 3663 2435 ipse
3694 2383 3784 2419 se-

2190 2464 2450 2535 gregavit.
2483 2464 2594 2517 Hoc
2614 2472 2790 2517 autem
2816 2461 2961 2522 facit,
2983 2471 3034 2513 ut
3061 2460 3164 2514 ﬁde
3182 2458 3390 2525 dignam
3419 2467 3474 2512 et
3497 2466 3782 2526 acceptam

2176 2558 2381 2613 'rcddat
2420 2556 2726 2626 epistolam.
2760 2553 2827 2607 In
2851 2552 3169 2624 evangelium
3202 2550 3313 2604 Dei.
3343 2550 3456 2605 Non
3484 2565 3613 2618 ergo
3640 2550 3783 2604 Mat-

2172 2650 2363 2704 ~tbaaus
2386 2658 2591 2703 tantum
2620 2657 2673 2701 et
2705 2647 2915 2702 Marcus
2942 2656 3068 2700 sunt
3096 2644 3431 2712 evangelista!
3454 2685 3468 2705 ,
3513 2652 3573 2697 ut
3604 2659 3786 2713 in-qne

2193 2744 2280 2799 hic
2303 2742 2449 2797 solus
2476 2752 2557 2799 est
2583 2740 2879 2811 apostolus,
2908 2739 3002 2794 sed
3033 2738 3192 2793 etiam
3223 2736 3327 2801 illi;
3355 2737 3454 2790 etsi
3486 2753 3579 2805 per
3605 2737 3787 2791 excel-

2192 2835 2411 2893 lcntiam
2433 2835 2523 2890 hic
2541 2834 2841 2912 apostolus,
2862 2833 2941 2888 illi
2954 2832 3294 2901 evangelista-
3308 2842 3587 2885 vocentur.
3611 2831 3786 2883 livan-

2195 2929 2393 3000 gelimn
2421 2943 2551 2983 vero
2578 2929 2750 2997 ipsum
2776 2934 2933 2980 vocat
2962 2940 3067 2979 non
3095 2924 3167 2978 ob
3185 2924 3296 2993 jam
3316 2923 3469 2977 illata
3500 2922 3634 2977 bona
3663 2934 3782 2975 lun-
3812 2900 3815 2903 l

2196 3031 2329 3085 tum,
2355 3019 2449 3076 sed
2481 3020 2643 3074 etiam
2671 3019 2742 3097 ob
2766 3018 2962 3072 futura.
2989 3015 3270 3084 Quomodo
3295 3014 3661 3069 alltettt~Dettm
3688 3030 3785 3081 per

2195 3115 2369 3185 ipsum
2396 3113 2750 3183 evangelizari
2777 3112 2887 3166 ait?
2902 3126 3034 3166 nam
3057 3110 3205 3173 dicit,
3228 3109 3533 3180 segregatas
3556 3110 3607 3161 in
3631 3108 3807 3161 ευριιέ

2195 3208 2382 3279 getiam
2420 3206 2516 3261 Dei
2541 3223 2559 3261 :
2583 3206 2741 3261 Pater
2781 3206 2924 3261 enim
2964 3213 3090 3257 ante
3131 3203 3405 3271 evangelia
3451 3210 3606 3254 notus
3643 3209 3778 3253 erat.

2199 3302 2395 3355 Verum
2421 3301 2519 3354 etsi
2552 3308 2709 3353 notus
2737 3306 2872 3361 erat,
2902 3295 3100 3351 Juda'is
3128 3304 3355 3359 tantum,
3378 3306 3432 3348 et
3459 3310 3527 3348 ne
3555 3294 3630 3345 bis
3656 3291 3778 3360 qui-

2197 3393 2318 3448 dem
2346 3393 2614 3455 omnibus,
2646 3403 2707 3446 ut
2734 3406 2829 3460 par
2846 3389 3038 3445 fuiSset
3064 3406 3077 3441 :
3105 3402 3277 3458 neque
3300 3387 3443 3442 enim
3456 3386 3636 3456 ipsum
3657 3399 3778 3438 csse

2199 3486 2410 3541 Patrem
2441 3484 2704 3549 sciebant,
2737 3494 2793 3538 et
2819 3482 2981 3537 multa
3008 3479 3098 3534 illo
3129 3478 3341 3549 indigna
3370 3487 3495 3532 tunc
3526 3476 3783 3542 imagina—

2202 3580 2414 3635 bantnr.
2440 3579 2565 3634 ideo
2586 3577 2799 3633 dicebat
2815 3575 3059 3633 Christus
3076 3590 3088 3626 :
3110 3570 3325 3625 Venient
3340 3570 3446 3622 veri
3460 3570 3784 3629 adoratorcs;

2200 3682 2253 3727 et
2278 3713 2292 3736 ,
2339 3671 2498 3725 Pater
2539 3670 2667 3724 tales
2706 3670 2885 3739 qtaerit
2924 3666 3004 3721 sui
3045 3664 3342 3723 adoratores
3372 3660 3549 3732 (Joan.
3582 3660 3634 3715 4.
3664 3659 3786 3728 25).

2202 3766 2425 3820 lletntnn
2458 3771 2636 3817 autem
2681 3762 2797 3830 ipse
2825 3775 2946 3814 cum
2979 3757 3115 3812 Filio
3143 3756 3260 3810 orbi
3286 3755 3384 3809 toti
3416 3753 3789 3808 humili-status

2202 3867 2305 3913 est.
2336 3856 2487 3925 Quod
2527 3853 2895 3925 przrnuntians
2916 3849 3189 3913 Christus,
3221 3847 3433 3902 dicebat
3456 3863 3470 3903 :
3496 3844 3565 3901 Ut
3593 3861 3789 3915 cogno-

2202 3959 2346 4002 scant
2387 3959 2433 4001 te
2466 3946 2631 4000 solum
2672 3959 2843 3998 verum
2886 3941 3071 4007 Deum,
3113 3949 3159 3993 et
3199 3955 3348 4008 quem
3385 3936 3562 3991 misisti
3607 3933 3793 3989 Iesum

2201 4039 2461 4096 Christum
2504 4036 2620 4108 (Id.
2653 4037 2739 4090 17.
2768 4035 2846 4105 5).
2897 4031 3241 4103 Evangelium
3277 4040 3452 4083 autem
3487 4028 3579 4082 Dei
3609 4037 3789 4087 voczct.

2205 4132 2273 4186 ab
2322 4130 2550 4185 exordio
2588 4128 2810 4196 erigens
2856 4126 3174 4182 auditorem.
3221 4119 3404 4189 Neque
3447 4120 3591 4172 enim
3646 4120 3796 4172 venit

2207 4225 2358 4277 triste
2387 4222 2656 4292 quidpiam
2686 4219 3053 4278 nuntiaturus,
3095 4222 3153 4268 ut
3182 4210 3474 4282 propheta,
3506 4210 3746 4265 convicia
3772 4251 3788 4273 ,

2207 4316 2574 4371 accusationes
2600 4355 2615 4376 ,
2663 4311 3083 4381 increpationes;
3117 4306 3210 4366 sed
3241 4304 3515 4374 evangelia
3549 4313 3603 4358 et
3630 4318 3794 4358 emn-

2208 4407 2349 4478 gelia
2384 4407 2512 4470 Dei,
2560 4405 2832 4459 ltrmorum
2861 4411 2917 4456 et
2943 4398 3350 4456 immutabilium
3381 4396 3639 4449 bonorum
3664 4394 3787 4447 the-

2208 4516 2398 4557 saturos
2416 4499 2673 4554 inﬁnitos.
2698 4496 2754 4552 2.
2778 4495 2930 4561 Quod
2953 4504 3071 4549 ante
3097 4494 3396 4563 promiserat
3417 4504 3507 4559 per
3521 4486 3789 4556 prophetas

2209 4609 2326 4646 suos
2338 4592 2398 4645 in
2420 4590 2703 4662 Scriptum
2730 4591 2939 4643 sanctis.
2967 4586 3210 4641 Dominus
3236 4584 3380 4639 enim
3409 4580 3562 4641 dabit,
3591 4576 3783 4644 inquit,

2209 4685 2410 4739 verbum
2455 4681 2913 4754 coaugeliaantibas
2938 4680 3117 4734 virtute
3143 4678 3303 4731 multa
3344 4672 3511 4744 (Psal.
3541 4670 3628 4725 67.
3666 4666 3788 4737 t2);

2211 4789 2267 4832 et
2296 4792 2529 4841 rursum,
2561 4777 2726 4843 Quam
2743 4773 2956 4845 speciosi
2980 4771 3130 4841 pedes
3155 4766 3599 4840 eongclizantium
3620 4778 3795 4833 pacem

2214 4872 2365 4942 (Ioni.
2393 4871 2482 4928 δε.
2516 4870 2607 4941 7):

2284 4967 2340 5021 2.
2374 4965 2564 5019 Viden’
2588 4963 2788 5016 diserte
2813 4956 3073 5028 evangelii
3104 4964 3160 5011 et
3185 4969 3381 5009 nomen
3419 4962 3470 5007 et
3501 4948 3717 5005 motbnn
3750 4949 3802 5000 in

2215 5057 2396 5115 Veteri
2424 5058 2771 5112 Testamento
2799 5049 3065 5122 positum?
3082 5048 3197 5103 Non
3218 5046 3361 5101 cnim
3388 5042 3552 5098 verbo
3576 5051 3802 5100 tantum,

2218 5152 2408 5222 inquit,
2438 5147 2568 5204 illud
2597 5145 2974 5217 praedicamus,
2997 5140 3091 5195 sed
3119 5139 3279 5194 etiam
3304 5134 3589 5205 operibus;
3623 5131 3667 5186 si
3691 5130 3800 5196 qui-

2216 5244 2338 5298 dem
2371 5256 2475 5295 non
2508 5240 2797 5294 humanum
2828 5245 2979 5299 erat,
3019 5232 3115 5289 sed
3161 5230 3441 5291 divinum,
3472 5236 3729 5278 arcanum
3757 5227 3812 5271 et

2217 5349 2433 5391 omnem
2458 5344 2721 5402 superans
2751 5340 3016 5384 naturam.
3038 5325 3172 5393 Quia
3196 5337 3325 5376 vero
3354 5318 3603 5373 novitatis
3636 5317 3807 5382 ipsum

2218 5427 2579 5491 accusabant,
2623 5422 2862 5477 ostendit
2890 5419 3017 5474 illud
3046 5431 3168 5472 esse
3195 5412 3398 5471 Gra'cis
3427 5408 3727 5478 antiquius.
3757 5407 3814 5458 et

2220 5535 2250 5574 a
2283 5517 2561 5588 prophetis
2589 5514 2733 5585 prius
2762 5511 3092 5581 descriptum
3125 5508 3310 5562 fuisse.
3343 5501 3496 5570 Quod
3528 5501 3572 5554 si
3607 5512 3710 5551 non
3732 5493 3813 5546 ‘ab

2225 5614 2376 5668 initio
2403 5610 2573 5675 dedit,
2600 5610 2652 5662 in
2675 5621 2832 5660 causa
2851 5614 2975 5658 sunt
2996 5607 3088 5672 qui
3110 5600 3162 5655 id
3187 5598 3469 5653 noluerunt
3493 5591 3806 5648 admittere:

2226 5723 2346 5759 nam
2392 5706 2481 5774 qui
2525 5703 2842 5759 voluerunt,
2884 5695 3123 5750 audiere.
3166 5690 3422 5744 Abraham
3451 5695 3596 5755 pater
3620 5690 3798 5748 vester,

2227 5800 2428 5869 inquit,
2477 5795 2773 5857 exsultavit,
2815 5801 2871 5844 ut
2913 5787 3100 5841 videret
3137 5785 3271 5838 diem
3313 5796 3514 5842 meum;
3547 5790 3592 5830 et
3620 5776 3741 5829 vidit
3770 5780 3817 5822 et

2227 5857 2426 5963 grtrisus
2456 5898 2526 5943 est
2569 5886 2747 5939 Uouit.
2781 5887 2833 5939 ὃ.
2867 5880 2979 5953 56).
3021 5873 3300 5949 Quomodo
3329 5873 3488 5942 igitur
3511 5869 3626 5923 ait:
3664 5857 3817 5917 Mulli
