2043 3221
312 193 362 221 ἸΥΙ

313 250 416 281 "videte;
439 247 620 275 exliorrescite
632 266 641 280 ,
656 252 683 274 et
700 247 751 274 hoc
772 247 858 281 ipSum
882 245 1010 280 recipit-3;
1026 253 1104 280 rcges

315 285 506 316 iiitueniini,et
527 292 561 310 ne
585 284 653 310 ultra
673 284 756 310 altum
771 282 895 315 sapiatis;
912 282 1045 316 principes
1065 291 1108 307 re—

314 321 421 354 spicite,
436 324 462 346 et
476 327 509 346 ue
522 326 617 353 magna
629 319 760 345 sentiatis.
780 318 871 345 Videte
883 317 1026 354 jacenlem,
1036 322 1063 342 et
1078 325 1110 344 ne

316 353 383 382 ultra
399 359 425 382 te
438 362 527 388 regem
541 355 582 381 vel
597 354 743 387 principem
759 359 843 388 putes.
866 353 958 385 Qualis
976 353 1047 378 enim
1063 359 1108 388 rex

315 395 367 422 est,
383 391 428 425 qui
451 387 484 416 ne
504 390 621 424 scipsuin
643 387 893 424 quidem'rcdiiiiit?
907 388 958 415 Sed
980 394 1044 425 cccc
1066 387 1109 414 ille

315 423 422 461 quoque
436 423 552 452 calicem
561 423 665 455 tremit;
680 432 743 451 ecce
758 424 832 457 quasi
849 431 941 461 unuse
954 423 1032 461 vulgo
1044 431 1110 461 coii-

316 457 416 494 certat;
428 468 490 488 ecce
503 461 612 487 omnino
624 460 781 486 miserabilis
791 465 848 498 est;
864 460 908 498 qui
923 459 1001 485 modo
1016 457 1108 498 formi-

317 497 412 524 dabilis
428 501 495 528 erat,
511 501 630 522 mortuus
645 501 703 527 est;
721 503 783 521 ecce
798 495 939 521 adducitur
959 499 987 520 Iit
1000 495 1106 525 noxius,

317 540 396 566 quem
409 533 465 558 heri
479 532 626 558 tremebant
642 531 726 561 noxii;
737 538 800 557 ecce
811 531 929 556 turbatus
942 535 992 561 εει,
1002 536 1064 555 ecce
1073 534 1108 566 t0-

317 564 361 594 fus
371 573 521 594 coiiiniolus
530 571 581 597 est,
591 573 653 593 ecce
661 567 747 592 omnis
758 566 885 600 sapientia
895 571 920 593 et
934 569 1050 599 potestas
1061 564 1108 589 ab-

318 609 407 636 sorpta
421 607 471 635 est,
483 610 546 629 ecce
557 603 720 636 stupefactus
731 606 781 628 est.
798 602 867 628 \‘idit
879 601 950 627 enim
962 604 1107 634 potestates

317 639 460 670 angelicas,
471 644 498 675 et
511 645 566 675 sua;
574 638 713 675 potestatis
723 637 883 675 oblitusesl;
896 637 961 664 vidit
974 636 1106 675 exercitus

317 674 471 705 angelorum
485 672 711 702 forinidalnlesmt
723 673 868 706 potentiam
880 680 953 699 suam
962 672 1037 706 quasi
1048 678 1107 696 ara-

318 716 395 735 neam
418 709 596 739 existimavit;
622 708 689 735 vidit
711 708 809 734 formas
830 707 1103 739 dominicas,etfor-

317 752 387 771 mam
403 751 477 771 Suam
494 745 620 775 mutavit;
635 743 736 770 audivit
756 745 914 770 sententiam
929 744 953 770 iii
969 744 1084 769 animam
1095 764 1103 776 ,

316 784 344 806 et
357 784 427 806 totus
448 781 472 805 iii
489 787 569 806 carne
582 780 743 806 contremuit
756 800 762 809 .
779 787 810 805 ac
824 780 898 813 quasi
915 780 940 805 in
955 779 1044 812 seipso
1060 786 1104 805 re-

316 817 433 849 Cogitat.
460 815 659 847 obstupefactus
680 819 706 841 et
736 822 825 840 secum
853 815 1104 849 perpcinleiis,quo

320 851 445 882 migravit
473 858 563 884 regum
594 851 694 881 fastus,
719 858 772 884 quo
800 850 948 884 principum
976 854 1102 883 potestas.

317 884 414 919 Papm!
435 894 497 912 ecce
514 893 591 912 verus
604 886 688 917 ordo,
705 893 767 911 ecce
783 890 900 919 potestas
915 886 1000 912 valida
1012 906 1019 917 ,
1040 892 1103 913 ecce

317 922 433 954 polentia
449 930 499 948 non
516 922 574 947 licia
585 941 592 952 ,
609 928 672 947 ecce
688 920 779 947 forma:
796 921 929 948 terribiles
940 942 947 953 ,
968 928 1031 947 ecce
1052 921 1102 947 im-

315 956 436 982 mortalis
456 957 600 983 cxcrcitns.
624 956 684 983 ll:ec
704 961 731 983 et
754 957 849 983 similia
864 964 894 983 ac
909 956 992 990 magis
1006 962 1103 983 arcana

316 992 464 1026 cogitantes
475 1013 481 1024 ,
497 1001 557 1027 quae
578 992 593 1018 ii
617 992 684 1024 soli,
706 992 751 1025 qui
767 999 814 1018 nos
832 996 1043 1026 praecesserunt.
1056 999 1104 1018 ex-

318 1027 385 1061 perti
401 1033 498 1054 norunt
511 1048 517 1059 ,
535 1027 577 1053 alii
593 1027 618 1053 in
634 1027 701 1054 lecto
711 1027 832 1061 jacentes
854 1028 992 1057 resiliunt,
1010 1028 1102 1061 fugere

315 1063 435 1089 volentes
446 1082 453 1093 ,
470 1063 517 1090 sed
534 1063 610 1089 irrito
629 1067 743 1093 conato;
759 1062 803 1088 alii
827 1062 953 1090 dentibus
968 1061 1100 1094 strident,

314 1098 360 1123 alii
381 1105 463 1131 genas
487 1099 648 1131 percutiunt,
672 1098 715 1123 alii
736 1098 828 1124 oculos
842 1098 1028 1125 miserabiliter
1042 1106 1102 1125 ver-

313 1137 385 1163 sant,
402 1138 430 1159 ut
444 1133 534 1160 vident
547 1133 666 1166 corporis
683 1133 753 1159 vires
767 1133 892 1167 paulatim
903 1133 1018 1160 deﬁcere
1028 1154 1034 1163 ,
1050 1133 1102 1161 lin-

314 1175 392 1202 guam
407 1168 559 1202 loquentem
574 1173 600 1195 ct
613 1169 762 1201 depositum
776 1176 852 1195 suum
865 1169 975 1195 ﬁrmiter
988 1169 1102 1197 retinen-

315 1207 384 1235 tem;
399 1204 546 1230 contrarias
566 1208 711 1238 potestates
726 1204 872 1234 adstantes.
889 1205 1005 1231 rationes
1029 1212 1101 1239 repe-

315 1243 420 1270 tentes,
437 1245 610 1271 accusantes,
627 1247 720 1272 rapere
733 1245 861 1266 Conantes
877 1248 883 1265 :
899 1239 995 1266 deinde
1014 1239 1099 1267 furem

313 1273 468 1309 intrantem,
484 1274 672 1307 declarantem,
682 1279 709 1301 et
721 1275 836 1301 animam
851 1283 866 1302 a
880 1282 991 1309 Corpore
1002 1276 1026 1302 vi
1039 1276 1100 1302 abs-

315 1308 475 1337 trahentein.
490 1309 565 1336 Time
590 1310 667 1337 nobis
686 1311 775 1337 multis
786 1318 854 1344 opus
868 1316 909 1337 est
922 1311 1098 1345 orationibus,

313 1345 403 1372 multis
427 1345 502 1372 bonis
518 1345 638 1377 actibus,
656 1346 740 1372 multo
755 1347 909 1378 angelorum
932 1347 1097 1380 patrocinio,

313 1380 397 1406 multo
414 1380 495 1407 ducltt
512 1381 536 1407 in
559 1381 630 1408 aeris
643 1389 765 1408 ascensu.
782 1381 847 1408 Nam
867 1382 888 1408 si
902 1389 962 1408 cum
977 1382 1003 1408 in
1021 1390 1098 1415 pere-

312 1415 415 1449 grinam
437 1417 572 1450 regionem
592 1422 620 1443 et
632 1417 724 1443 urbem
744 1417 907 1451 migramus,
926 1425 1035 1450 egemus
1048 1418 1098 1444 du-

311 1455 387 1487 ctore
399 1472 406 1483 ,
423 1458 487 1485 quot
509 1454 628 1485 patronis
640 1457 667 1479 et
691 1452 846 1479 ductoribus
870 1460 937 1487 opus
950 1452 1080 1480 habemus
1090 1473 1097 1485 ,

310 1486 356 1519 qui
372 1494 420 1513 nos
434 1493 541 1514 servent
556 1492 725 1515 transeuntes
745 1496 792 1521 per
808 1486 971 1521 principatus
983 1494 1010 1515 et
1024 1495 1099 1523 pote-

311 1526 394 1549 states
408 1528 435 1549 et
449 1523 539 1549 mundi
554 1529 672 1550 rectores
687 1523 834 1549 invisibiles
849 1523 928 1556 hujus
938 1524 1018 1556 aeris,
1031 1531 1098 1557 quos

311 1562 518 1591 persequutorcs
528 1579 535 1589 ,
554 1559 708 1593 publicanos
723 1563 750 1584 et
764 1562 903 1585 exactores
917 1564 994 1585 vocat
1006 1559 1097 1586 divina

311 1593 467 1626 Scriptura?
480 1593 554 1620 Tunc
569 1594 668 1627 optima
685 1593 761 1620 nobis
775 1594 824 1620 vizc
838 1594 909 1620 socia
923 1599 965 1621 est
981 1594 1098 1622 elecmo-

311 1635 378 1662 syna
397 1632 425 1654 ct
437 1629 635 1656 conmiiseralio
645 1650 652 1661 ,
668 1637 727 1664 qua:
744 1637 791 1656 nos
811 1630 913 1663 possint
927 1631 985 1656 sine
998 1630 1097 1657 damno

311 1663 345 1689 ad
362 1669 464 1697 portam
478 1664 606 1691 carlorum
623 1663 769 1698 perducere
782 1669 809 1691 et
825 1672 934 1692 servare
948 1674 954 1691 :
972 1665 1006 1692 ibi
1020 1667 1097 1693 nobis

311 1698 405 1732 optimi
420 1701 523 1732 patroni
539 1705 599 1727 sunt
613 1708 752 1734 pauperes,
769 1708 881 1735 quorum
896 1700 939 1727 liic
952 1705 1013 1727 ante
1026 1709 1098 1728 mor-

312 1738 365 1760 tem
393 1734 493 1771 miserti
519 1742 621 1762 sumus.
650 1736 711 1763 Ideo
737 1734 932 1771 pra~veiiiamus
954 1741 1096 1771 antequam

314 1770 521 1803 prrveiiiaiiiur;
550 1778 689 1798 curramus
716 1777 856 1806 antequam
886 1770 1097 1806 comprehenda-

312 1812 391 1842 mur:
410 1806 463 1832 vita
485 1806 575 1833 brevis
596 1812 653 1840 εει,
673 1815 718 1834 ars
740 1808 833 1841 longa,
858 1807 919 1834 linis
942 1809 1095 1842 proximus,

313 1841 395 1878 timor
408 1848 546 1878 magnust
557 1847 583 1869 et
599 1850 678 1869 nemo
692 1843 737 1878 qui
753 1843 847 1870 solvat.
870 1841 1045 1877 Egrediamur
1062 1844 1096 1871 ad

314 1875 477 1909 sepulcrum,
531 1877 617 1904 donec
642 1875 734 1905 Sumus
755 1879 781 1905 in
810 1875 939 1912 corpore;
961 1879 1097 1907 videamus

315 1918 413 1948 vanum
431 1918 539 1948 sensum
561 1917 696 1946 nostrum,
711 1921 790 1948 quam
805 1913 900 1940 habeat
914 1913 1040 1947 domum;
1055 1915 1096 1941 vi-

313 1946 425 1982 deamus
437 1947 499 1980 quid
511 1948 589 1982 paulo
599 1953 657 1981 post
672 1946 788 1982 erimus,
804 1953 831 1976 et
849 1957 882 1977 tie
896 1957 1034 1981 erremus;
1055 1951 1096 1976 vi-

313 1981 427 2018 deamus
445 1981 580 2018 quomodo
594 1981 790 2016 dissolvainur,
806 1989 833 2011 et
844 1992 894 2011 nos
906 1984 1094 2018 emendemus;

314 2016 454 2045 videmnus
468 2017 496 2045 in
508 2018 571 2052 quid
591 2019 744 2046 desinamus
754 2041 760 2052 ,
776 2024 803 2047 et
816 2020 850 2047 de
871 2019 922 2047 ﬁne
937 2025 1029 2048 nostro
1042 2016 1097 2048 sol?

314 2051 378 2079 liciti
395 2054 493 2090 simus.
504 2051 640 2087 Quotquot
659 2056 758 2082 formas
775 2056 946 2089 conspicitis,
961 2055 988 2082 iii
1004 2057 1096 2090 sepul-

312 2095 360 2114 cro
379 2095 425 2114 eas
438 2088 543 2116 curiuse
563 2090 718 2117 iutueamini
732 2100 739 2117 :
754 2088 885 2126 quotquot
898 2091 933 2118 de
948 2088 1096 2126 principatu

311 2127 339 2160 et
352 2127 484 2157 potestate
505 2132 552 2152 vos
573 2126 719 2156 extollitis,
739 2126 765 2153 in
789 2126 882 2153 loculis
905 2127 1047 2160 respicite,
1068 2132 1097 2155 et

311 2158 395 2184 Deum
411 2159 520 2186 timete:
540 2165 671 2194 quotquot
692 2162 848 2195 iiijuriarum
861 2166 888 2188 et
902 2158 1018 2189 rixarum
1041 2158 1097 2190 ine-

310 2194 425 2231 moriam
444 2197 535 2221 mutuo
550 2197 664 2223 servatis
685 2194 733 2224 nec
746 2204 805 2224 eam
819 2197 975 2231 dissolvitis,
988 2198 1076 2225 venite
1087 2219 1094 2231 ,

309 2229 398 2268 videte
412 2231 545 2268 quomodo
562 2231 620 2258 illas
642 2232 805 2268 diSsolvatis.
822 2234 928 2259 Attcute
950 2229 1054 2268 respice
1069 2229 1095 2262 iti

310 2264 438 2303 feretrum
449 2266 656 2303 :_vide,jacentes
669 2267 703 2294 ibi
717 2275 774 2300 eos,
789 2268 834 2302 qui
847 2268 909 2294 olim
921 2264 1095 2303 reges-erant,

309 2299 369 2326 vide
382 2301 515 2338 principes
526 2301 551 2328 in
565 2301 669 2338 loculis.
681 2302 741 2329 vide
753 2299 914 2330 horrendum
924 2299 1096 2338 reliquiarum

308 2336 507 2375 spectaculum,
523 2341 558 2375 et,
572 2337 633 2375 die:
650 2337 716 2372 Quis
730 2339 782 2375 illic
804 2346 861 2371 rex,
875 2339 935 2375 quis
951 2336 1075 2375 princeps
1086 2361 1095 2373 ,

309 2370 371 2404 quis
393 2371 494 2410 uiilcs,_
514 2372 574 2410 quis
597 2373 651 2410 dux
662 2370 821 2407 exercitus,
841 2370 902 2409 quis
922 2370 1015 2410 dives,
1037 2370 1098 2410 quis

312 2413 432 2444 p:i_tipe_r,
451 2407 520 2444 quis
531 2408 654 2444 juvenis,
670 2409 730 2443 quis
743 2416 825 2436 senex
837 2407 922 2444 [quis
944 2407 1096 2443 formosus,

308 2441 368 2475 quis
378 2440 521 2476 Ethiops?
531 2442 599 2469 Num
609 2440 685 2477 potes
695 2445 793 2473 dicere.
808 2440 863 2472 inec
872 2440 960 2472 omnia
974 2454 1025 2472 non
1035 2440 1097 2473 esse

309 2477 428 2503 cinerem
439 2497 448 2509 ,
464 2485 517 2504 non
538 2478 674 2512 pulverem
687 2501 694 2511 ,
716 2488 768 2506 non
788 2481 928 2507 latorem?
942 2489 1029 2507 annon
1044 2490 1099 2508 oui-

311 2511 354 2537 nia
367 2520 426 2546 qua:
441 2512 504 2539 olim
520 2511 642 2540 amabilia
654 2535 661 2546 ,
682 2523 751 2541 nunc
772 2516 904 2542 horrenda
919 2516 1062 2542 videntur?
1076 2517 1098 2543 0

309 2547 464 2586 stultitiam!
476 2548 550 2586 Quid
569 2549 618 2576 hoc
634 2558 757 2584 magnum
778 2552 846 2578 circa
868 2560 910 2578 me
923 2553 1098 2586 mysterium?

309 2582 360 2616 Qui
374 2583 434 2621 beri
448 2583 649 2621 miliidamabilis
664 2582 721 2612 erat
733 2607 739 2617 ,
758 2595 827 2613 nunc
840 2587 911 2621 jacet
927 2582 1076 2613 horrendus
1089 2598 1096 2614 -.

309 2618 381 2652 quod
404 2618 460 2646 heri
484 2619 549 2646 mihi
564 2627 613 2647 ceu
630 2622 778 2648 membrum
799 2618 872 2653 erat,
889 2630 959 2648 nunc
979 2623 1096 2649 alienum

309 2653 405 2680 video:
422 2662 501 2689 quem
518 2656 596 2691 paulo
611 2662 672 2683 ante
685 2657 710 2683 iii
724 2658 792 2683 ulnis
803 2658 1009 2691 complectcbar,
1028 2666 1098 2685 nunc

310 2696 345 2715 ne
369 2694 477 2723 tangere
500 2690 607 2724 quidem
631 2693 728 2718 velini:
755 2693 827 2719 illuni
852 2690 976 2728 lacrymis
988 2695 1045 2726 rigo
1070 2698 1098 2720 ut

311 2732 417 2757 meum,
430 2727 571 2762 etsaniem
587 2729 644 2760 ejus
658 2728 732 2762 quasi
748 2728 826 2754 alieni
843 2728 913 2762 fugio
927 2738 933 2754 :
954 2728 986 2754 ad
1004 2729 1098 2756 fuiteti-

311 2764 364 2786 teiii
386 2760 514 2798 accedere
526 2761 637 2789 allectus
652 2760 739 2797 cogit;
761 2764 806 2790 sed
822 2772 837 2789 a
857 2760 1029 2798 corruptione
1042 2770 1069 2791 et
1082 2772 1097 2791 a

311 2796 446 2823 vermibus
461 2796 610 2830 impedior:
631 2796 744 2832 jacentis
762 2799 903 2833 imaginem
919 2796 1006 2833 qualis
1018 2800 1097 2833 paulo

311 2835 378 2867 ante,
387 2836 446 2867 erat
458 2832 563 2866 cogito;
579 2833 626 2860 sed
641 2834 667 2859 iu
682 2833 739 2867 ipso
754 2832 826 2861 illam
844 2835 915 2862 nullo
929 2832 1095 2862 inodo’con-

314 2865 407 2898 spicio.
424 2866 472 2893 Ubi
489 2865 573 2905 fni-ina
585 2865 769 2905 mihist—Ecce
779 2870 833 2905 jam
845 2875 932 2897 atrum
942 2870 1030 2897 video.
1046 2870 1096 2905 Ubi

310 2905 459 2928 annuciites
473 2906 501 2929 et
515 2902 623 2930 formosi
636 2904 725 2931 oculi?
737 2902 806 2932 Ecce
819 2905 940 2932 tabefacti
956 2910 1028 2932 sunt.
1044 2904 1096 2933 Ubi

309 2939 394 2961 cunne
406 2936 507 2964 decor?
523 2937 592 2966 Ecce
613 2939 722 2967 decidit.
747 2939 795 2968 Ubi
817 2945 957 2969 extensum
972 2941 1094 2969 collum?

1054 189 1139 218 SPUB
1144 190 1185 218 ΙΛ.

1905 194 1950 222 128

1166 247 1232 272 Ecce
1258 249 1402 281 contritum
1424 250 1475 271 est.
1500 245 1549 272 Ubi
1572 246 1659 281 lingua
1684 246 1725 274 illa
1750 247 1857 276 vivida?
1878 251 1948 279 Ει-ρε

1165 281 1287 314 quiescit.
1305 280 1353 308 Ubi
1371 281 1540 315 pulchritudo
1554 280 1697 309 manuum?
1711 283 1780 310 Ecce
1793 285 1880 312 soluta
1895 293 1947 313 est.

1166 316 1213 343 lilii
1227 321 1335 343 staturae
1363 318 1527 350 proceritas?
1543 317 1610 344 Ecce
1632 318 1749 345 deﬂuxit.
1765 319 1816 347 Ubi
1831 322 1946 349 vestium

1163 352 1373 390 sumptuositas?
1395 352 1463 379 Ecce
1484 353 1629 386 putrefacta
1643 359 1693 390 est.
1708 354 1756 381 Ubi
1771 362 1904 390 unguenta
1921 364 1946 384 et

1163 388 1301 413 ar0mata?
1319 387 1386 414 Ecce
1401 393 1632 422 computruerunl.
1648 388 1697 415 Ubi
1707 387 1853 423 juventutis
1865 392 1947 419 licen-

1163 423 1208 449 tia.
1226 423 1294 459 Ecce
1309 424 1421 449 transiit.
1439 423 1471 450 Et
1486 424 1510 449 in
1528 431 1629 450 summa
1647 424 1689 450 tibi
1706 426 1771 452 fastu
1789 427 1881 459 plenus
1896 428 1944 454 lio-

1162 458 1225 484 ino?
1240 458 1307 485 Ecce
1321 459 1406 492 pulvis
1419 467 1524 486 rursum
1537 480 1543 489 ,
1560 459 1644 492 pulvis
1657 461 1739 487 factus
1754 458 1804 488 est.
1821 463 1945 490 Attamen

1163 501 1196 519 tie
1210 493 1363 528 sepulcrum
1383 494 1519 521 dumtaxat
1530 495 1647 529 cogites;
1664 495 1709 522 sed
1733 496 1793 523 inde
1815 498 1898 524 transi
1913 500 1945 526 ad

1161 530 1402 568 resurrectionem:
1418 537 1448 556 ac
1462 535 1549 557 tecum
1564 536 1654 568 reputa
1670 535 1696 557 et
1710 532 1800 562 crede,
1817 532 1888 560 hunc
1899 535 1944 568 qui

1158 566 1228 599 jacet
1240 570 1449 592 resurrecturum
1461 573 1532 597 esse,
1545 570 1570 591 et
1579 565 1694 600 linguam
1705 575 1763 600 qnze
1775 576 1845 594 nunc
1857 565 1925 595 tacet
1936 591 1943 601 ,

1161 605 1223 626 tunc
1245 608 1336 627 rursus
1355 601 1521 634 loquuturam
1538 609 1613 629 esse.
1629 602 1733 634 quando
1750 602 1803 628 Deo
1823 603 1945 631 ﬂectetur

1160 641 1239 662 Omne
1253 642 1322 672 genu
1344 636 1490 662 cadestiiim
1504 657 1511 667 ,
1534 637 1699 664 terrestrium
1712 642 1739 664 et
1760 638 1924 666 infernorum
1935 661 1943 672 ,

1159 675 1186 696 et
1201 672 1288 697 omnis
1303 671 1390 705 lingua
1405 671 1593 703 conﬁtebitur;
1612 676 1639 698 et
1660 677 1689 698 ut
1709 673 1746 699 ait
1767 673 1879 701 Daniel:
1899 671 1942 701 Υἱὲ

1159 705 1349 743 ἀειξᾳηι-ᾴοηίισ
1379 707 1465 733 llironi
1480 707 1553 741 positi
1569 712 1645 738 sunt,
1659 713 1682 734 et
1706 708 1823 743 antiquits
1846 711 1943 737 dierum

1158 741 1232 768 Sedit.
1248 740 1366 782 Titianus
1380 743 1433 782 ejus
1448 743 1552 782 ﬂumnta
1562 743 1631 782 lignis
1651 763 1659 775 ,
1674 748 1735 769 rota
1749 740 1803 778 eius
1815 745 1883 782 igni}
1901 755 1943 772 ac-

1158 784 1248 813 census
1260 785 1268 808 ,'
1283 777 1376 811 ﬂuvius
1388 777 1475 812 igneus
1486 778 1599 804 Ira/iebat
1611 779 1637 804 in
1650 777 1782 811 causpeclu
1796 777 1853 813 ejus
1865 789 1874 807 ε
1887 783 1943 808 mil-

1158 811 1193 837 lia
1207 813 1313 838 millium
1329 813 1474 839 assistebant
1489 813 1511 839 ei
1520 834 1527 844 ,
1544 818 1567 839 et
1581 814 1661 840 decies
1680 813 1771 841 millies
1784 811 1850 841 dena
1864 817 1940 843 millia

1157 847 1332 884 ministrabant
1406 848 1535 884 Iudicium
1559 849 1636 881 sedit,
1659 854 1682 875 et
1704 849 1761 876 libri
1785 852 1869 884 aperti
1887 859 1940 879 sunt

1157 881 1237 917 (Dan.
1253 883 1268 909 7
1293 883 1320 910 9.
1336 883 1393 917 10).
1409 883 1507 910 Multus
1521 883 1589 910 haud
1602 884 1681 911 dubie
1699 885 1752 911 illic
1765 881 1856 917 timor,
1876 889 1938 914 mul-

1157 922 1200 944 tus
1213 922 1322 951 tremor,
1336 919 1522 946 inenarrabilis
1536 920 1691 951 necessitas,
1704 920 1887 949 indesinentes
1903 924 1935 948 la-

1156 960 1255 988 cryma:
1266 974 1272 985 ,
1286 961 1338 980 non
1350 954 1451 981 tacendi
1464 956 1588 988 gemitus.
1604 955 1715 988 Quando
1730 962 1841 990 repente
1857 958 1928 985 veniet

1156 995 1239 1022 Super
1260 989 1355 1016 solium
1378 990 1512 1017 excelsum
1534 996 1560 1017 et
1584 990 1733 1023 elcvatum,
1755 989 1819 1019 tunc
1844 994 1920 1019 caelum

1156 1024 1329 1061 convolvetur
1344 1029 1372 1052 nt
1394 1025 1479 1057 liber,
1503 1026 1586 1053 stellze
1610 1026 1813 1061 disperguntur.
1830 1028 1928 1055 virtutes

1155 1060 1310 1094 angelorum
1324 1066 1506 1098 praecurrent.
1523 1061 1643 1096 sepulcra
1657 1062 1810 1098 aperientur
1820 1084 1826 1092 .
1841 1071 1929 1098 corpo-

1155 1102 1183 1132 ra
1198 1101 1338 1131 resurgent
1348 1116 1356 1128 ,
1378 1097 1464 1123 fontes
1479 1097 1665 1127 siccabuntur.
1686 1097 1772 1132 abyssi
1786 1105 1935 1126 commove-

1154 1129 1372 1164 buntur,vomnis
1386 1136 1455 1158 terra
1472 1132 1621 1167 agitabitur.
1636 1129 1733 1165 Quales
1748 1140 1795 1160 nos
1810 1139 1872 1160 tunc
1885 1142 1934 1161 cri-

1155 1167 1232 1193 inus?
1248 1168 1340 1200 quales
1356 1168 1455 1201 utique,
1467 1175 1527 1195 cum
1544 1168 1673 1194 rationem
1684 1168 1802 1195 dabimus
1812 1177 1934 1203 operum,

1153 1203 1346 1236 cogitationum
1358 1224 1365 1235 ,
1382 1203 1455 1230 verbi
1480 1203 1574 1234 otiosi,
1600 1211 1692 1230 eorum
1714 1212 1771 1237 quae
1784 1204 1807 1229 in
1829 1209 1912 1232 nocte
1926 1226 1933 1237 .

1153 1243 1320 1275 eorumque:
1336 1239 1361 1266 iii
1375 1238 1433 1275 die,
1457 1246 1549 1265 eorum
1564 1247 1623 1272 quat
1645 1243 1739 1275 sponte
1750 1259 1757 1270 ,
1769 1246 1856 1266 eorum
1870 1249 1935 1275 quae

1154 1272 1228 1300 inviti
1242 1272 1371 1301 fecimus?
1385 1274 1440 1301 Hoc
1454 1281 1548 1301 curare
1562 1272 1680 1307 oportet,
1696 1274 1747 1301 hoc
1759 1279 1831 1301 nocte
1844 1272 1934 1303 ac‘die

1153 1309 1320 1342 perpendere
1335 1317 1401 1344 opus
1412 1314 1463 1337 est.
1475 1309 1542 1342 Quid
1556 1310 1650 1336 rationi
1664 1317 1807 1336 consonum
1819 1315 1881 1337 tunc
1893 1310 1932 1336 di-

1152 1351 1215 1370 cere
1230 1345 1395 1378 poterimus?
1410 1352 1488 1379 quam
1508 1346 1707 1372 excusationem
1717 1365 1725 1378 ,
1738 1353 1826 1379 quaso
1836 1366 1843 1375 .
1858 1353 1875 1372 o
1890 1345 1935 1372 ho-

1152 1387 1197 1405 mo
1206 1401 1214 1413 ,
1226 1380 1388 1407 alferemus?
1403 1381 1471 1408 Ecce
1483 1380 1585 1408 deliciis
1601 1381 1731 1407 incumbis
1742 1382 1931 1416 quinquaginta

1153 1416 1317 1451 velcentum
1333 1417 1411 1443 annis
1421 1437 1429 1448 ,
1444 1416 1517 1443 dives
1530 1423 1574 1448 es,
1590 1417 1688 1443 liberos
1708 1424 1831 1451 procrcas
1842 1438 1849 1447 ,
1865 1418 1934 1445 lilios

1151 1455 1179 1477 et
1192 1450 1259 1477 ﬁlias
1272 1452 1406 1479 connubio
1416 1452 1505 1486 jungis
1514 1471 1522 1483 ,
1535 1452 1659 1486 gentibus
1672 1457 1699 1479 et
1709 1450 1816 1485 populis
1829 1460 1876 1479 rex
1889 1453 1934 1478 im-

1152 1493 1230 1520 peras
1242 1495 1249 1512 :
1263 1491 1289 1513 ct
1301 1492 1360 1521 post
1379 1487 1436 1514 lucc
1447 1495 1520 1514 mors
1531 1487 1611 1517 venit.
1623 1493 1648 1514 et
1665 1491 1724 1521 post
1738 1491 1850 1515 mortem
1861 1488 1933 1521 judi-

1151 1521 1221 1548 cium
1232 1542 1240 1555 ,
1256 1523 1333 1556 cujus
1349 1524 1437 1550 nullus
1450 1523 1510 1549 ﬁnis
1524 1523 1592 1555 erit,
1609 1523 1678 1550 nulla
1698 1527 1758 1556 post
1771 1523 1831 1549 illud
1849 1524 1933 1557 pomi-

1152 1558 1243 1584 tentia.
1258 1557 1324 1584 Nam
1337 1558 1375 1585 ait
1390 1559 1454 1586 ille:
1471 1558 1531 1585 Non
1544 1564 1581 1585 est
1595 1558 1620 1584 in
1643 1564 1721 1584 morle
1734 1559 1775 1592 qui
1790 1566 1883 1585 memor
1902 1560 1933 1586 sit

1152 1592 1205 1628 tui:
1215 1593 1241 1619 in
1252 1594 1352 1628 inferno
1365 1599 1449 1621 autem
1459 1594 1516 1627 quis
1524 1594 1683 1628 conﬁtebitur
1694 1594 1738 1620 tibi
1750 1595 1757 1626 (
1764 1593 1834 1620 Psal.
1847 1594 1874 1621 6.
1885 1594 1933 1627 6)?

1149 1626 1230 1655 Certe
1243 1626 1333 1656 nemo.
1350 1629 1405 1656 Etsi
1419 1626 1489 1656 enim
1505 1626 1577 1656 mille
1591 1629 1681 1656 turbas
1695 1629 1788 1656 demus
1798 1650 1805 1661 ,
1821 1634 1849 1656 et
1864 1630 1933 1656 inul-

1150 1667 1207 1700 tum
1221 1664 1413 1698 suppliceiiius,
1426 1665 1514 1691 nullus
1527 1665 1579 1692 erit
1589 1665 1633 1700 qui
1648 1668 1732 1692 eruat.
1746 1664 1806 1691 Ideo
1819 1666 1933 1692 maxime

1150 1698 1244 1726 beatos
1267 1700 1443 1734 praedicamus
1471 1698 1605 1730 inlaules;
1622 1700 1666 1735 qui
1690 1700 1858 1726 moriuntur:
1876 1701 1932 1728 ideo

1150 1741 1243 1762 omnes
1256 1736 1379 1768 dicimus,
1394 1735 1497 1763 Utinam
1512 1735 1626 1763 infantes
1638 1736 1735 1762 mortui
1748 1736 1884 1762 essemus!
1896 1736 1934 1763 Ne

1149 1769 1254 1807 itaque,
1271 1771 1296 1807 id
1312 1772 1382 1807 quod
1406 1772 1482 1798 nobis
1505 1776 1645 1806 optamus,
1669 1771 1695 1798 in
1723 1771 1782 1797 filiis
1796 1771 1931 1803 videntes,

1149 1805 1243 1833 dolore
1255 1805 1411 1834 adiciantur.
1428 1807 1509 1834 Nobis
1521 1805 1593 1834 enim
1612 1807 1705 1833 mortis
1718 1807 1786 1833 calix
1801 1806 1933 1841 periculo-

1149 1848 1196 1868 sus
1216 1847 1257 1868 est
1269 1864 1277 1875 ,
1299 1842 1443 1870 infantibus
1457 1850 1521 1870 vero
1534 1842 1674 1873 salutaris;
1690 1848 1717 1869 et
1729 1841 1798 1876 quod
1811 1842 1934 1868 omnibus

1150 1876 1313 1904 horrendum
1329 1883 1387 1911 est,
1409 1878 1462 1905 illis
1476 1882 1517 1905 est
1531 1878 1661 1912 optabile,
1677 1883 1704 1904 et
1718 1877 1787 1912 quod
1804 1878 1879 1904 nobis
1891 1884 1933 1904 est

1150 1912 1253 1939 initium
1274 1914 1395 1948 supplicii
1415 1913 1469 1940 illic
1486 1913 1637 1945 subeundi,
1654 1913 1705 1940 illis
1720 1917 1760 1939 est
1774 1912 1877 1939 initium
1888 1920 1934 1939 sa-

1149 1948 1222 1975 lutis.
1242 1948 1298 1981 Qua
1308 1947 1380 1976 cnim
1393 1948 1426 1976 de
1439 1957 1468 1976 rc
1481 1949 1597 1976 rationes
1617 1948 1774 1980 redderent,
1790 1947 1833 1982 qui
1850 1956 1935 1981 neque

1151 1988 1289 2016 peccatum
1304 1985 1406 2019 experti
1420 1984 1500 2011 sunt?
1521 1992 1572 2019 qua
1586 1984 1620 2011 de
1644 1991 1673 2011 re
1696 1984 1870 2018 punirentur,
1889 1984 1934 2017 qui

1150 2026 1200 2046 nec
1213 2019 1274 2046 boni
1289 2027 1339 2046 nec
1358 2020 1420 2047 mali
1434 2018 1555 2046 notitiam
1571 2018 1687 2046 habent?
1700 2019 1722 2046 0
1737 2019 1873 2046 beatorum
1893 2019 1936 2045 in-

1149 2053 1260 2081 fantium
1274 2055 1349 2082 beata
1361 2056 1449 2082 mors!
1464 2063 1481 2082 o
1500 2062 1571 2082 mors
1587 2055 1799 2089 iucorruptorum
1814 2061 1875 2081 vere
1889 2054 1937 2080 ini-

1150 2089 1215 2116 tium
1231 2091 1291 2117 vitae
1306 2091 1428 2118 atternzc!
1443 2098 1460 2118 ο
1472 2091 1643 2117 ﬁnisinitium
1661 2089 1817 2117 immortalis
1830 2089 1935 2124 gaudii!

1149 2124 1202 2152 Sed
1210 2126 1271 2159 quid
1282 2127 1373 2153 dicunt
1385 2126 1584 2161 pusillanimes?
1598 2125 1691 2156 Filius,
1700 2126 1783 2157 aiunt,
1795 2125 1858 2151 mihi
1876 2130 1936 2152 erat

1149 2161 1313 2195 unigenitus,
1330 2161 1464 2188 formosus
1476 2166 1502 2188 et
1513 2161 1609 2188 nobilis
1621 2170 1628 2192 ;
1644 2162 1687 2188 hic
1698 2165 1754 2187 erat
1767 2161 1871 2195 generis
1883 2160 1937 2187 mei

1150 2197 1293 2229 successio,
1310 2197 1352 2224 hic
1371 2202 1428 2224 erat
1441 2197 1592 2224 facultatum
1610 2197 1710 2229 haires,
1728 2197 1806 2224 liicin
1818 2203 1937 2223 niuarore

1149 2232 1312 2266 consolatio,
1326 2232 1370 2259 hic
1391 2233 1535 2260 senectutis
1555 2240 1621 2260 mea:
1634 2232 1743 2259 baculus
1755 2252 1763 2265 ,
1782 2232 1824 2258 hic
1843 2232 1937 2265 patria:

1148 2268 1243 2302 gloria,
1256 2267 1300 2294 hic
1313 2268 1409 2295 radicis
1419 2275 1486 2295 mea:
1497 2276 1596 2302 ramus,
1612 2272 1682 2294 totus
1694 2268 1778 2294 forma
1788 2266 1933 2301 jucundus.

1150 2307 1222 2330 totus
1243 2303 1332 2336 mitis,
1347 2303 1457 2333 dexter.
1482 2303 1611 2335 affabilis,
1626 2308 1654 2331 et
1667 2303 1723 2330 suis
1736 2303 1836 2338 pariter
1858 2308 1936 2335 atque

1150 2339 1285 2366 extraneis
1306 2339 1428 2366 amabilis
1441 2343 1495 2366 tum
1508 2339 1670 2371 videntibus,
1685 2343 1740 2365 tum
1755 2338 1935 2364 audientibus.

1150 2373 1199 2400 Hic
1212 2374 1271 2401 talis
1282 2381 1341 2401 cuin
1354 2379 1440 2406 esset,
1457 2378 1566 2409 repente
1580 2382 1614 2402 ex
1630 2374 1752 2401 manibus
1766 2373 1830 2400 mihi
1846 2378 1937 2409 raptus

1150 2413 1192 2436 est
1204 2418 1211 2436 :
1225 2409 1248 2436 is
1262 2417 1339 2444 quem
1353 2414 1415 2437 ante
1427 2408 1560 2441 videbam.
1577 2418 1630 2437 non
1644 2410 1710 2437 ultra
1726 2412 1873 2442 comparet,
1889 2408 1938 2435 sed

1150 2445 1299 2483 genitorem
1320 2445 1474 2483 relinquens
1485 2466 1493 2477 ,
1508 2446 1631 2480 migravit
1643 2444 1878 2483 ad_Conditorem:
1894 2451 1940 2483 me

1151 2480 1246 2507 relicto
1268 2481 1416 2512 nutritore,
1437 2480 1471 2507 ad
1493 2486 1632 2508 vocantem
1653 2480 1821 2514 migravit;a
1843 2480 1939 2505 matris

1150 2515 1299 2543 visceribus
1326 2521 1480 2550 separatus,
1512 2515 1651 2543 descendit
1678 2516 1705 2542 in
1736 2519 1940 2542 monumentum

1151 2554 1230 2578 terra:
1249 2551 1368 2578 omnium
1387 2551 1490 2578 matris.
1508 2552 1619 2583 Annon,
1632 2558 1723 2586 quatso
1734 2571 1741 2582 ,
1758 2550 1837 2586 talem
1855 2550 1939 2575 lilium

1152 2586 1274 2625 lugeam?
1284 2593 1372 2625 annon
1385 2592 1413 2613 ut
1427 2587 1552 2621 pupillam
1563 2587 1632 2625 oculi
1641 2585 1778 2625 requiram
1786 2585 1798 2611 ?
1807 2585 1866 2625 lion
1879 2592 1943 2625 post

1151 2629 1211 2660 sum
1222 2642 1230 2654 ,
1247 2622 1350 2656 inquit,
1366 2630 1419 2649 non
1434 2630 1543 2660 possum
1555 2622 1677 2660 :_etiainsi
1691 2621 1762 2660 enim
1779 2621 1861 2660 millia
1873 2621 1942 2646 mihi

1151 2657 1311 2684 documenta
1324 2665 1455 2692 opponas,
1468 2658 1571 2685 etiamsi
1581 2657 1731 2685 sexcenties
1742 2657 1877 2683 monueris
1886 2663 1945 2681 non

1152 2693 1282 2726 lugendus
1305 2691 1461 2728 parentibus
1475 2701 1535 2720 esse
1549 2693 1616 2720 lilios
1630 2700 1693 2720 suos
1703 2714 1710 2725 ,
1728 2699 1779 2719 non
1796 2691 1923 2719 suadebis
1937 2711 1945 2722 ,

1151 2736 1212 2763 quia
1229 2729 1298 2755 Deus
1320 2729 1359 2755 sic
1374 2729 1495 2755 deﬁnivit
1509 2750 1515 2759 .
1532 2734 1687 2762 naturaeque
1709 2727 1842 2754 vinculum
1857 2734 1945 2763 anue-

1154 2761 1227 2791 xuit.
1246 2769 1273 2791 et
1297 2764 1385 2798 ignem
1408 2764 1435 2791 in
1452 2764 1598 2791 visceribus
1623 2761 1765 2798 parentum
1788 2770 1849 2796 erga
1873 2761 1947 2788 ﬁlios

1151 2799 1251 2833 pos-iit.
1267 2798 1323 2826 Non
1339 2800 1390 2827 hoc
1404 2800 1463 2826 dico
1474 2820 1481 2832 ,
1498 2807 1515 2826 ο
1528 2800 1609 2826 homo
1618 2797 1630 2828 ξ
1649 2806 1734 2834 neque
1755 2798 1812 2834 lege
1827 2797 1949 2834 decerno

1152 2842 1204 2861 non
1214 2834 1342 2869 lugendos
1350 2842 1409 2862 esse
1419 2835 1499 2862 ﬁlios:
1509 2836 1531 2862 si
1544 2836 1594 2862 hoc
1603 2832 1730 2863 dicerem.
1742 2833 1766 2860 id
1784 2832 1945 2867 proferrem,

1151 2870 1222 2904 quod
1236 2871 1292 2897 ﬁeri
1305 2870 1406 2904 nequit.
1419 2870 1525 2897 Etenim
1540 2878 1590 2905 ego
1604 2877 1710 2904 quoque
1725 2869 1826 2903 legibus
1839 2872 1947 2894 natura:

1151 2906 1287 2940 obsequor
1299 2925 1307 2938 ,
1323 2911 1350 2932 et
1372 2905 1525 2933 afﬂictionis
1540 2904 1653 2939 tempori
1671 2912 1722 2931 nou
1738 2904 1860 2940 obsisto:
1883 2910 1949 2940 nam

1152 2946 1179 2968 et
1196 2938 1246 2976 ego
1268 2941 1389 2969 mortalis
1409 2949 1468 2970 suui
1482 2962 1490 2975 ,
1506 2949 1540 2970 cx
1562 2946 1646 2969 matre
1661 2941 1766 2976 genitus
1781 2944 1808 2967 et
1822 2938 1950 2974 ejusdem
