4086 6448
275 403 382 468 799

277 538 504 584 natura.
527 522 658 580 Novi
684 527 894 592 patrum
921 517 1146 592 luctum,
1165 515 1555 592 _novi_matrum
1578 512 1856 592 gemitum,

277 599 403 653 novi
436 585 702 652 mmroris'
727 595 942 662 pelagus
975 591 1119 662 ipsos
1164 585 1428 662 inundans
1449 627 1462 645 ,
1496 599 1617 637 novt
1643 591 1861 662 pertur-

277 651 552 721 hationem
599 651 1236 723 doloris{Scio'illorum
1284 657 1551 710 internum
1604 651 1852 706 allectum

277 745 334 791 et
357 751 481 805 erga
523 735 659 789 ﬁlios
689 732 1021 805 phantasiam
1041 769 1055 792 ,
1087 725 1357 805 quomde
1396 739 1516 805 non,
1536 728 1855 805 praesentem

277 792 449 875 quasiv
487 792 806 875 pra‘sen'tt-m
861 803 1024 875 hlium
1066 792 1182 875 sibi
1236 797 1526 864 depingunt
1609 792 1862 875 illiusque

279 862 563 945 imaginem
595 889 716 930 cum
747 871 995 941 laerymis
1035 869 1135 945 sibi
1183 862 1570 945 reprieseittent
1594 862 1860 945 ﬁliorum

279 932 481 1010 mores,
504 945 686 1005 verba,
715 932 876 1008 opera
905 939 1084 1010 omnia
1111 954 1217 1006 pra:
1239 932 1410 990 Oculis
1443 943 1723 1010 ponentes.
1755 932 1860 987 Sed

278 1030 386 1070 non
419 1003 486 1068 ita
521 1003 780 1068 mirabilis
820 1012 907 1064 ille
932 1009 1034 1062 Job
1078 1003 1256 1062 {nam
1289 1022 1412 1059 cum
1445 1003 1512 1057 et
1537 1004 1628 1056 ﬁlii
1660 1003 1777 1070 ejus
1804 1011 1860 1058 et

278 1087 420 1139 servi
445 1095 499 1140 et
526 1086 696 1139 boves
725 1092 780 1136 et
809 1081 998 1133 cameli
1027 1091 1083 1133 et
1126 1093 1313 1132 omnes
1360 1076 1639 1130 facultates
1667 1075 1720 1126 in
1747 1073 1860 1127 exi-

282 1157 413 1210 lium
440 1157 641 1218 issent,
676 1169 780 1206 non
811 1151 1053 1204 turbatus
1080 1157 1162 1203 cst
1183 1190 1197 1212 ,
1229 1162 1335 1201 non
1366 1143 1773 1218 blasphemavit,
1809 1152 1865 1197 ut

280 1227 432 1280 multi
469 1214 704 1286 faciunt;
736 1221 829 1276 sed
859 1221 1125 1283 surrexit,
1154 1228 1206 1272 et
1234 1219 1285 1271 in
1313 1227 1509 1270 terram
1531 1214 1760 1286 cadens,
1794 1228 1862 1269 ex

322 1311 383 1350 ua
428 1283 735 1362 assumptus
783 1291 990 1362 fuerat,
1028 1290 1309 1346 Dominum
1348 1285 1598 1362 adoravit
1633 1283 1858 1362 dicens:

322 1311 383 1350 ua
428 1311 735 1362 assumptus
783 1311 990 1352 Inerat,
1028 1311 1309 1346 UOIIIIIIum
1356 1311 1598 1341 attttratvu
1633 1311 1818 1339 tunc":
1843 1311 1857 1337 ;

279 1311 471 1420 λἀιιυε
518 1380 743 1429 egressus
781 1379 891 1415 sum
935 1359 996 1413 de
1023 1370 1163 1413 utero
1207 1357 1386 1411 matris
1417 1371 1574 1429 metu,
1602 1365 1649 1429 et
1695 1354 1862 1429 nudus

277 1447 500 1490 revertar
523 1424 666 1488 illuc.
701 1432 946 1485 Dominus
977 1431 1148 1493 dedit,
1186 1429 1429 1482 Dominus
1459 1425 1706 1479 abstulit:
1731 1426 1860 1478 sicut

283 1505 506 1560 Domino
528 1505 750 1573 placuit,
782 1503 853 1576 ita
871 1505 1074 1576 pictum
1094 1509 1201 1576 est.
1221 1497 1301 1576 Sit
1326 1513 1507 1550 nomen
1544 1495 1749 1548 Domini
1773 1496 1858 1576 oe-

280 1568 537 1631 nedictunt
557 1577 610 1627 in
650 1573 834 1628 siccata
862 1568 1004 1641 (Ἴου
1040 1571 1089 1624 l.
1117 1569 1230 1639 2i).
1260 1568 1463 1623 Servus
1492 1581 1610 1641 sum
1639 1606 1653 1630 ,
1685 1575 1739 1618 et
1784 1568 1859 1620 fa-

279 1647 410 1703 ctori
455 1661 576 1702 meo
621 1637 878 1697 subditus
922 1656 1025 1695 non
1075 1637 1317 1695 obsisto:
1351 1653 1455 1691 non
1485 1637 1626 1689 enim
1659 1652 1745 1689 res
1773 1644 1856 1689 est

284 1716 547 1785 stupenda
575 1732 587 1768 :
621 1714 814 1785 mortui
843 1720 967 1785 sunt
994 1711 1124 1775 lilii,
1153 1709 1246 1764 sed
1277 1725 1380 1785 non
1406 1707 1696 1776 perierunt.
1727 1707 1859 1785 Quis

279 1777 422 1842 enim
448 1797 627 1855 pastor
647 1801 751 1838 non
784 1783 974 1836 haheat
1000 1790 1316 1855 potestatem
1341 1779 1392 1832 in
1419 1791 1633 1855 gregem
1665 1777 1858 1855 suum?

279 1847 462 1912 Bonus
507 1868 689 1922 pastor
718 1855 874 1922 elegit
904 1847 1033 1906 oves
1080 1866 1225 1904 suas.
1259 1850 1390 1922 Ρυδι
1419 1847 1664 1916 pusiﬁmn
1697 1847 1856 1901 etiam

280 1944 379 1983 nos
427 1920 976 1994 migrabimus.'llunc
1017 1931 1075 1994 et
1119 1920 1561 1994 nosintitemur,
1610 1932 1709 1970 nec
1751 1927 1855 1970 tam

278 1989 629 2053 immoderate
674 1995 971 2063 lugeamus.
1016 1992 1086 2047 Ut
1127 1991 1315 2045 ﬁdeles
1341 1989 1617 2063 _l'_|eamus,_
1663 2001 1768 2040 non
1803 1996 1860 2042 ut

279 2068 522 2122 inﬁdeles
552 2058 775 2130 turpiter
803 2080 898 2117 nos
925 2077 1173 2130 geramus
1198 2079 1211 2114 :
1245 2070 1303 2113 ttt
1331 2059 1572 2130 Christus
1593 2058 1854 2130 Lazarum

279 2139 462 2201 licvit,
495 2137 572 2191 sic
611 2127 831 2186 ﬂeamus
857 2151 870 2186 ε
899 2127 1018 2185 ideo
1043 2132 1186 2184 enim
1218 2131 1363 2201 llevit
1383 2137 1489 2201 ,_ut
1513 2127 1605 2201 tibi
1636 2142 1856 2201 mensu-

279 2223 390 2260 ram
419 2196 470 2260 et
499 2205 713 2258 modum
738 2210 1013 2256 statueret.
1039 2200 1318 2267 Quomodo
1339 2199 1484 2253 enim
1518 2197 1647 2252 ﬁere
1670 2196 1856 2252 debuit

277 2293 431 2340 etim,
464 2291 621 2344 quem
669 2288 788 2344 mox
822 2273 1192 2344 suscitaturus
1230 2269 1386 2324 erat?
1434 2267 1538 2322 Sed
1588 2277 1644 2319 ut
1681 2269 1857 2344 discas

275 2337 530 2416 quantum
568 2345 697 2399 ﬁere
751 2342 981 2404 debeas,
1009 2351 1201 2416 Au_t__e_t
1245 2351 1448 2394 natura:
1498 2337 1854 2416 commisera-

277 2405 474 2472 tionem
503 2416 845 2470 ostendamus
865 2454 881 2476 ,
912 2422 965 2466 et
1008 2410 1296 2465 inﬁdelium
1319 2408 1624 2476 exemplum
1679 2405 1852 2476 fugia-

275 2503 412 2542 mus.
461 2488 789 2552 demumque
827 2498 1110 2554 precemur
1149 2490 1206 2535 ut
1231 2479 1419 2554 eadem
1473 2479 1628 2532 nobis
1679 2480 1853 2546 portio

273 2559 507 2620 eveniat,
535 2572 654 2626 quae
678 2551 741 2608 iis
762 2594 776 2618 ,
807 2551 895 2623 qui
924 2553 975 2606 in
1009 2551 1406 2626 virtnt_e_:etatis
1428 2563 1643 2626 cursum
1668 2563 1852 2626 emen-

273 2627 318 2682 si
347 2639 468 2681 sunt
495 2618 518 2681 ﬁ:
556 2618 634 2680 'ne
677 2626 768 2679 illo
794 2618 1086 2693 migrantes
1108 2664 1123 2686 ,
1157 2623 1296 2676 ﬁlios
1337 2630 1550 2693 nostros
1578 2619 1628 2672 in
1672 2618 1854 2688 requie

273 2699 585 2758 videamus,
620 2711 822 2765 nosque
858 2689 1178 2748 intolerabili
1211 2691 1472 2765 supplicio
1509 2689 1849 2765 deputemur.

271 2769 545 2836 Quotquot
587 2759 884 2836 enim-ante
925 2765 1114 2818 sordes
1141 2773 1196 2818 et
1219 2759 1618 2836 corruptionem
1660 2759 1728 2836 ab
1755 2759 1853 2814 hac

273 2831 469 2912 infelici
499 2847 552 2892 et
579 2835 962 2912 gemitu__digna
993 2850 1156 2912 carne
1181 2835 1413 2912 separati
1444 2840 1569 2886 sunt
1600 2831 1851 2912 infantes,

273 2911 369 2962 has
398 2922 556 2962 voces
581 2900 902 2977 parentibus
946 2900 1369 2977 etnittunt,'etsi
1401 2918 1508 2958 non
1550 2900 1730 2977 verbis
1753 2940 1768 2964 ,
1799 2915 1858 2955 re

269 2989 448 3034 tamen
478 2971 634 3047 ipsa":
670 2978 746 3031 Ne
799 2992 897 3030 nos
943 2976 1202 3046 lugentis,
1234 2983 1446 3047 patres,
1470 2971 1628 3047 nullo
1659 2971 1854 3047 fructu.

272 3050 378 3105 Vos
405 3041 547 3104 enim
579 3049 788 3104 velletis
817 3061 914 3101 nos
942 3041 1214 3100 vobiscum
1234 3041 1357 3099 esse
1387 3045 1438 3098 in
1469 3044 1568 3098 ista
1597 3041 1739 3096 inani
1769 3043 1849 3096 vi-

269 3129 358 3184 ta,
406 3121 493 3175 ubi
538 3120 717 3174 omnia
767 3117 972 3188 ingrata
1020 3128 1068 3172 et
1109 3116 1296 3188 dolore
1327 3115 1517 3188 plena,
1548 3113 1636 3188 ubi
1677 3113 1857 3188 ompia

267 3182 477 3246 fallacia
511 3200 636 3244 sunt
660 3200 716 3244 et
760 3182 1108 3256 incomposita
1132 3229 1147 3253 ,
1189 3186 1278 3241 ubi
1309 3182 1441 3240 nihil
1470 3183 1660 3256 stabile
1682 3192 1736 3256 et
1766 3182 1858 3236 lir—

267 3278 416 3317 tnnm
444 3280 458 3317 :
485 3260 578 3316 sed
607 3275 730 3314 cum
763 3253 1020 3313 Dominus
1051 3266 1234 3312 noster
1256 3265 1312 3311 et
1343 3257 1480 3310 Deus
1506 3269 1604 3310 nos
1631 3253 1854 3322 diligat,

267 3347 366 3388 ceu
396 3348 461 3388 ex
489 3348 584 3385 ore
609 3331 782 3385 leonis
802 3369 818 3393 ,
847 3330 926 3383 sic
953 3345 1016 3384 ex
1051 3329 1151 3384 hac
1182 3327 1324 3382 inani
1354 3327 1464 3380 vita
1496 3339 1596 3380 nos
1621 3325 1816 3394 eripuit
1840 3339 1856 3388 ;

267 3404 419 3478 quasi
469 3416 620 3457 rosas
657 3417 725 3478 ex
769 3398 970 3478 spinis,
999 3398 1078 3452 sic
1105 3412 1263 3478 uasa
1294 3397 1542 3478 peccatis
1569 3395 1724 3478 hujus
1755 3409 1859 3448 saa-

263 3465 369 3528 culi
400 3471 701 3542 segregavit
724 3487 739 3534 ;
766 3465 918 3542 quasi
945 3482 1119 3542 agnos
1144 3465 1548 3542 dilectissimos,
1576 3466 1668 3542 sic_
1685 3465 1858 3542 bonus

266 3545 356 3598 ille
379 3534 821 3613 pas'tor'sejunxit
851 3534 1010 3613 nosa
1038 3539 1190 3613 vobis
1209 3577 1225 3602 ,
1249 3537 1399 3613 quasi
1430 3551 1496 3590 ex
1525 3534 1767 3613 tenebris
1803 3534 1854 3613 in

266 3603 466 3669 lucem.
504 3613 567 3667 Et
595 3603 660 3666 iu'
676 3612 894 3681 regione
923 3608 1214 3681 viventium
1233 3603 1494 3681 degimus
1512 3645 1528 3669 ,
1556 3604 1647 3681 ubi
1675 3603 1854 3681 omnia

263 3685 444 3752 quieta
472 3674 864 3756 ettranqo'illa,
891 3679 981 3734 ubi
1012 3679 1193 3756 omnia
1231 3674 1496 3730 luminosa
1522 3684 1578 3730 et
1608 3676 1718 3756 Deo
1742 3674 1858 3744 pla-

263 3743 368 3810 cita
396 3795 411 3818 ,
459 3755 545 3808 ubi
584 3743 760 3806 nullus
792 3743 1003 3822 iniquus
1023 3791 1038 3814 ,
1068 3748 1247 3802 nullus
1293 3755 1589 3819 tyrannus;
1631 3743 1720 3798 ubi
1748 3743 1852 3797 non

1633 392 1716 452 DE
1759 393 2140 454 ΡᾹΤΙΕΝΤΙΔ.

3454 407 3564 465 ’230

1965 524 2050 590 est
2087 522 2376 590 peceatum
2394 527 2566 590 neque
2592 515 2796 583 nigror,
2829 513 2918 590 ubi
2942 516 3026 569 lux
3053 516 3328 590 inaccessa
3359 529 3408 574 et
3430 536 3562 590 gan-

1968 583 2114 637 dinm
2144 583 2444 658 inell'al‘tile,
2469 585 2560 658 ubi
2594 601 2702 638 non
2735 597 2816 640 est
2847 587 2998 641 labor
3029 603 3126 643 nec
3153 589 3408 658 lacrymas
3425 583 3558 657 ,"uln'

1970 669 2074 708 non
2101 662 2186 707 est
2204 653 2540 726 sollicitudo,
2569 671 2673 710 non
2707 671 2854 717 cura,
2890 673 2994 709 non
3029 653 3281 726 gemitus
3307 675 3407 720 nec
3428 653 3436 657 ⁷
3458 661 3555 715 lie-

1972 738 2056 799 tus
2081 765 2094 786 ,
2127 723 2220 778 sed
2263 724 2350 799 ubi
2393 725 2530 799 Deus
2581 735 2784 799 tantum
2836 723 3082 784 laudatur
3111 738 3165 783 et
3201 730 3555 799 gloriﬁcatur.

1971 793 2078 870 Nos
2108 794 2279 870 sancti
2309 796 2480 870 angeli
2501 797 2730 870 pacilice
2756 808 3074 868 separarum
3101 814 3132 852 a
3159 793 3422 870 corpore;
3458 817 3554 854 nos

1972 866 2090 939 sine
2120 865 2315 939 damno
2347 866 2676 939 principatus
2700 878 2754 939 et
2778 865 3071 938 potestates
3097 870 3236 924 aeris
3258 865 3559 939 'pertransi-

1969 937 2178 1008 vimus;
2209 935 2382 1008 honos
2401 936 2542 1008 enim
2569 935 2854 992 habuimus
2885 940 3067 994 duces.
3092 935 3276 1008 Neque
3307 942 3448 995 extim
3479 943 3554 995 illi

1971 1005 2370 1079 inveneruntgin
2399 1007 2551 1079 nobis
2577 1021 2648 1079 ea
2667 1024 2786 1079 qua:
2815 1005 3340 1079 inquirebautfnihil
3367 1027 3554 1070 eorum

1971 1091 2092 1150 qua:
2139 1075 2426 1150 sperabant
2468 1077 2520 1131 in
2566 1075 2719 1150 nobis
2745 1075 3012 1150 viderunt.
3052 1080 3312 1135 Viderunt
3358 1097 3558 1150 corpus

1971 1146 2372 1200 Entmacnlatum
2396 1188 2412 1211 ,
2439 1156 2493 1200 et
2522 1147 2724 1216 pudore
2755 1149 2931 1204 allecti
2955 1160 3087 1206 sunt
3112 1169 3125 1204 :
3165 1151 3408 1206 viderunt
3434 1146 3552 1206 ani-

1972 1232 2114 1270 niam
2148 1218 2365 1286 probam
2395 1227 2450 1270 et
2480 1219 2764 1284 mundam,
2793 1230 2848 1274 et
2877 1221 3083 1274 confusi
3113 1234 3234 1276 sunt
3261 1241 3273 1274 :
3303 1224 3558 1278 viderunt

1973 1286 2206 1356 linguam
2249 1303 2435 1356 puram
2486 1299 2538 1342 et
2581 1289 3012 1354 immaculatum,
3055 1301 3110 1345 et
3145 1293 3362 1346 coerciti
3407 1307 3553 1347 sont.

1971 1355 2370 1432 Praeterit-imus
2398 1367 2454 1412 et
2481 1357 2825 1432 despeximus
2864 1361 3020 1415 illos:
3056 1364 3422 1432 pra-ticrgressi
3455 1379 3551 1418 su-

1972 1443 2092 1500 mus
2123 1428 2275 1492 illos,
2305 1438 2353 1482 et
2382 1441 2567 1500 eontra
2593 1431 2738 1498 ipSos
2769 1428 3137 1486 mutavimus:
3169 1428 3398 1500 (auinam
3427 1451 3554 1487 con-

1969 1499 2246 1572 tritnsest,
2275 1508 2321 1551 et
2363 1516 2454 1572 nos
2497 1498 2693 1572 liberati
2718 1518 2910 1554 annuis.
2941 1498 3404 1557 Benedictttsltctts
3424 1545 3438 1567 ,
3469 1506 3556 1572 qui

1969 1569 2244 1643 nonndedjt
2264 1585 2357 1621 nos
2378 1570 2429 1623 in
2451 1571 2730 1643 captionem
2759 1572 2989 1625 dentibus
3010 1575 3222 1643 eorum(
3248 1573 3392 1628 Psal.
3428 1569 3551 1629 125.

1970 1637 2035 1714 7._
2057 1640 2146 1708 6).
2186 1639 2320 1714 Hine
2348 1637 2520 1714 angeli
2549 1643 2703 1696 nobis
2728 1653 3077 1714 occurrentes
3098 1637 3440 1712 gaudebant,
3459 1645 3550 1714 ju-

1969 1708 2038 1781 sti
2057 1724 2155 1764 nos
2172 1708 2650 1779 amplectebantur,
2673 1712 2840 1766 sancti
2860 1708 3262 1781 gratulabantur
3277 1708 3552 1770 dicentes:

1968 1777 2128 1855 Bene
2143 1777 2406 1855 venerunt
2434 1781 2627 1848 aguelli
2655 1777 2884 1855 Christi:
2905 1786 2939 1835 Α
2953 1794 3116 1855 pet-he
3146 1785 3299 1838 nobis
3319 1795 3442 1839 sunt
3464 1804 3556 1855 pa-

1967 1849 2130 1904 radisi
2157 1849 2387 1912 deliciae,
2410 1862 2660 1906 ostensus
2683 1852 2834 1906 nobis
2862 1849 2965 1906 fuit
2986 1854 3136 1908 sinus
3157 1855 3386 1909 Abrahae
3413 1874 3426 1909 :
3457 1849 3555 1910 nos

1966 1920 2119 1992 enim
2135 1919 2391 1992 Dominus
2414 1921 2640 1992 benigne
2665 1922 2906 1990 excepit:
2936 1925 3158 1978 hilarem
3190 1927 3344 1980 nobis
3366 1942 3550 1981 vocem

1967 1989 2186 2065 emisit,
2218 1989 2374 2065 hilari
2408 1989 2694 2065 nosgocnlo
2723 1989 2991 2064 respexit:
3016 2003 3344 2065 quapmpter
3372 2012 3472 2050 nos
3496 1997 3550 2051 in

1967 2059 2105 2131 libro
2127 2061 2251 2115 vita:
2272 2061 2576 2131 descripsit.
2599 2063 2750 2118 Tune
2771 2059 3239 2119 clementidudici'
3274 2067 3510 2121 diximus
3535 2084 3548 2120 :

1965 2128 2118 2205 Juste
2136 2131 2332 2197 judex,
2366 2128 2590 2205 Domine
2613 2174 2628 2197 ,
2663 2136 2891 2189 terrenis
2923 2152 3019 2188 nos
3052 2137 3269 2205 privasti
3290 2177 3305 2201 ,
3335 2151 3365 2190 a
3392 2137 3553 2192 erele-

1963 2201 2135 2255 stibus
2157 2218 2224 2256 ne
2259 2203 2519 2258 excludas
2539 2219 2686 2277 ;_nos
2707 2221 2754 2277 a_
2780 2201 3092 2277 parentibus
3119 2208 3412 2277 segregasti
3433 2249 3450 2271 ,
3485 2223 3552 2263 ne

1965 2286 2064 2325 nos
2086 2288 2336 2348 segreges
2357 2287 2386 2326 a
2407 2273 2613 2348 sanctis
2638 2293 2650 2329 :
2681 2273 2886 2329 salvum
2920 2273 3354 2348 habenms'ttuim
3384 2279 3558 2348 bapti-

1963 2343 2160 2417 smatis_
2181 2344 2512 2417 signaculum
2535 2388 2560 2417 ,_
2584 2345 2984 2417 immaculatum
3016 2347 3109 2402 tibi
3138 2363 3334 2417 corpus
3365 2343 3548 2403 0Πὸτί-

1963 2427 2082 2486 mos
2110 2413 2180 2466 ob
2202 2429 2448 2481 magnam
2479 2414 2780 2470 infantiam.
2811 2415 2890 2471 Ne
2920 2419 3077 2472 nobis
3109 2413 3548 2486 ergo'invideatis

1963 2481 2188 2553 Salutem
2214 2523 2230 2553 ,
2258 2499 2418 2552 quam
2450 2495 2574 2537 ante
2605 2495 2813 2553 tempus
2843 2487 2960 2541 sine
2989 2488 3108 2542 labe
3149 2481 3290 2542 nacti
3327 2505 3547 2552 sumus;

1965 2567 2065 2624 nec
2092 2551 2264 2607 lleatis
2280 2551 2436 2624 quod
2467 2569 2532 2608 ex
2565 2551 2745 2623 pejore
2771 2557 2824 2610 in
2858 2558 3050 2610 melius
3082 2559 3319 2612 translati
3347 2551 3549 2623 simus,

1964 2622 2008 2675 si
2036 2636 2142 2694 pro
2162 2622 2430 2691 corruptis
2462 2622 2769 2694 incorrupta
2797 2629 3123 2694 accepimus.
3159 2627 3267 2682 Nos
3298 2645 3419 2683 cum
3453 2622 3549 2684 an;

1962 2692 2096 2770 gelis
2129 2691 2356 2770 hymnos
2383 2695 2646 2770 canimus,
2678 2691 2800 2770 cum
2827 2691 3023 2770 satietis
3052 2697 3279 2770 choreas
3309 2700 3550 2770 agimus;

1962 2762 2058 2818 sed
2090 2762 2249 2818 etiam
2280 2779 2379 2834 pro
2404 2764 2589 2836 vobis,
2609 2767 2696 2836 qui
2729 2766 2780 2820 in
2814 2767 3046 2836 peccatis
3076 2769 3228 2832 estis,
3259 2762 3550 2825 intorcedi-

1965 2847 2085 2908 mns
2102 2848 2237 2908 :_nos
2258 2849 2380 2888 cum
2405 2834 2698 2890 infantibus
2719 2837 2787 2890 ah
2811 2834 3022 2893 llerode
3044 2850 3261 2908 propter
3278 2839 3552 2895 Christum

1965 2903 2261 2958 interfectis
2289 2919 2778 2970 connnn'teramur;
2806 2922 2904 2961 nos
2933 2903 3056 2963 enni
3079 2903 3198 2964 Jobi
3233 2910 3352 2963 ﬁliis
3373 2912 3551 2965 exsul-

1966 2984 2164 3028 tamus.
2213 2977 2552 3046 Quapropter
2599 2993 2666 3031 ne
2712 2978 2930 3034 Solliciti
2980 2979 3097 3033 sitis
3127 2981 3195 3034 de
3224 2983 3409 3046 nobis;
3447 2983 3554 3036 imo

1967 3046 2146 3121 potius
2168 3061 2260 3099 vos
2284 3047 2428 3121 ipsos
2454 3050 2658 3121 lugete:
2681 3065 2807 3121 nam
2829 3050 3016 3104 mortis
3039 3061 3234 3105 lltlslrtl:
3257 3069 3409 3121 eongi
3426 3069 3556 3108 uen-

1966 3125 2073 3188 tem
2095 3115 2211 3188 jam
2242 3118 2504 3188 rationem
2545 3119 2840 3184 intelligitis
2869 3139 2882 3174 :
2913 3130 2968 3174 et
2998 3132 3051 3174 ut
3075 3115 3466 3188 cognosccu'tes
3491 3139 3556 3178 ac

1967 3186 2194 3240 ﬁrmiter
2231 3187 2518 3242 credentes
2539 3229 2555 3254 ,
2587 3188 2874 3244 Dominum
2904 3205 3003 3246 nos
3046 3193 3110 3245 ad
3139 3186 3422 3247 utilitatem
3455 3211 3554 3248 tto-

1965 3266 2134 3311 stram
2161 3258 2391 3326 elegisse
2412 3299 2427 3324 ,
2467 3267 2522 3313 et
2551 3259 2602 3313 in
2635 3269 2942 3316 sanctorum
2984 3274 3130 3316 sorte
3172 3265 3553 3327 coitstituisse,

1966 3342 2087 3400 eum
2135 3329 2325 3400 puerili
2372 3331 2600 3398 juvenes
2628 3341 2684 3386 et
2727 3332 3021 3400 incorrupti
3052 3349 3080 3387 a
3123 3334 3274 3388 vobis
3301 3335 3554 3390 bstracti

1968 3396 2073 3451 huc
2097 3396 2164 3470 ad
2211 3413 2337 3470 nos,
2357 3396 2750 3456 transferentur
2769 3442 2783 3466 ,
2823 3396 3056 3470 gaudete
3084 3413 3138 3458 et
3168 3405 3424 3460 latlantini
3445 3448 3460 3470 ,
3493 3422 3557 3459 ac

1965 3481 2088 3540 cum
2121 3468 2450 3540 justomJobo
2498 3470 2747 3538 psallite:
2801 3468 3052 3526 Dominus
3090 3473 3260 3540 dedit,
3307 3468 3557 3530 Dominus

1965 3536 2171 3611 abstulit
2196 3553 2214 3590 :
2245 3536 2392 3611 Sient
2411 3536 2634 3611 Domino
2662 3542 2885 3611 placuit,
2918 3545 2990 3595 ita
3019 3543 3217 3611 factum
3238 3536 3310 3596 est
3333 3561 3352 3598 .'
3379 3547 3442 3598 sit
3461 3564 3556 3599 no-

1966 3623 2081 3659 men
2117 3607 2324 3682 Domini
2351 3607 2680 3682 benedictum:
2695 3609 2751 3678 (J
2755 3610 2814 3664 ob
2871 3614 2921 3667 l.
2943 3607 3037 3682 21)
3056 3653 3072 3677 ,
3105 3629 3168 3668 ex
3200 3613 3302 3670 hoc
3329 3629 3471 3670 nunc
3498 3626 3554 3672 et

1969 3691 2138 3747 usque
2167 3677 2221 3731 in
2243 3682 2498 3733 s:eculum
2525 3677 2866 3735 saaculOrum.
2898 3677 3090 3742 Amen.

1652 3942 1734 3983 DE
1779 3941 2145 3985 PATIENTIA.

1728 4088 1985 4110 ψ

342 4191 583 4245 Viatores
625 4185 878 4242 sitibundi
910 4184 1094 4256 procul
1131 4183 1380 4256 positum!
1411 4183 1613 4256 fontem
1661 4186 1850 4254 imagi-

269 4271 488 4322 nantur,
515 4269 569 4312 et
597 4259 737 4311 illius
763 4254 1032 4312 desiderio
1061 4255 1192 4309 moti
1222 4254 1452 4310 celerius
1480 4255 1761 4320 festinant,
1795 4266 1853 4310 ut

267 4333 355 4385 siti
384 4329 646 4384 medelam
671 4329 976 4395 reperiant,
1008 4337 1063 4380 et
1092 4324 1358 4395 ﬂammam
1383 4326 1542 4395 intus
1567 4327 1850 4380 excitatam

265 4402 389 4470 ejus
416 4397 631 4470 ﬂuentis
656 4394 992 4470 refrigerent.
1039 4394 1242 4470 Eodem
1271 4394 1432 4449 modo
1459 4410 1555 4470 vos
1579 4436 1596 4470 ε
1627 4397 1806 4470 dilecti
1833 4437 1848 4460 ,

271 4463 493 4525 verbum
521 4467 764 4521 veritatis
791 4463 1064 4528 sitientes,
1103 4463 1344 4519 studiose
1373 4466 1628 4519 acceditis
1654 4467 1722 4522 ad
1763 4482 1856 4522 ve-

269 4558 388 4596 rum
416 4538 618 4594 fontem
649 4537 928 4608 Dominum
957 4551 1193 4608 noStrum
1217 4535 1398 4608 Jesum
1417 4534 1706 4592 Christum.
1737 4536 1854 4608 ipse

269 4612 415 4665 enim
469 4618 554 4664 est
576 4650 592 4674 ,
637 4609 725 4676 qui
754 4607 889 4660 dixit
924 4623 938 4660 :
973 4606 1034 4660 Si
1059 4607 1172 4675 quis
1214 4607 1358 4676 sitit,
1401 4609 1564 4660 veniat
1597 4614 1664 4660 ad
1695 4606 1773 4662 me
1809 4616 1855 4662 et

267 4681 406 4736 bibat
438 4678 638 4750 (Joan.
658 4675 720 4732 Ἴ.
755 4676 864 4750 31)
893 4692 924 4750 ;7
944 4686 1008 4750 et
1022 4691 1208 4750 rursus
1233 4716 1248 4741 ,
1277 4675 1422 4730 Beati
1446 4678 1532 4747 qui
1559 4679 1786 4750 esuriant
1807 4687 1855 4732 et

270 4746 456 4805 sitiunt
462 4750 720 4820 justitiam
747 4746 1030 4820 (unum,
1048 4746 1124 4814 6).
1147 4747 1295 4820 Ilunc
1317 4746 1520 4820 fontem
1542 4747 1856 4820 desiderans

273 4818 476 4876 beatus
491 4819 653 4874 David
680 4818 765 4873 sic
797 4818 1170 4873 modulabatttr
1198 4835 1210 4870 :
1243 4818 1678 4883 Quemadmodum
1718 4819 1855 4873 desi-

270 4891 417 4945 derat
460 4907 634 4945 cervus
660 4889 728 4942 ad
770 4892 933 4958 fontes
961 4905 1228 4958 aquarum,
1275 4889 1348 4942 ita
1389 4889 1641 4943 desiderat
1682 4890 1856 4942 animt:

270 4978 385 5014 mea
411 4961 478 5014 ad
502 4960 712 5024 te,Deus
740 4958 911 5028 (Psal.
946 4958 1033 5014 Η.
1066 4958 1143 5029 2).
1171 4959 1277 5014 Sed
1307 4975 1374 5013 ne
1403 4960 1680 5014 videamur
1701 4971 1854 5014 extra

271 5033 438 5086 modo
479 5032 647 5086 lectas
675 5029 982 5098 Scriptnras
1010 5045 1250 5094 manere,
1280 5031 1363 5084 his
1395 5029 1645 5084 adhibitis
1675 5045 1854 5099 promo

271 5102 416 5165 mils,
457 5116 557 5170 age
595 5101 704 5169 jam
753 5114 1054 5154 sermonem
1100 5100 1471 5168 aggrediamur
1521 5117 1537 5154 :
1586 5103 1665 5154 sic
1712 5101 1854 5156 enim

270 5173 429 5225 nobis
465 5170 794 5239 splendidior
821 5171 994 5224 oratio
1030 5171 1314 5236 videbitur,
1339 5187 1405 5227 ac
1430 5173 1548 5225 laeta
1577 5171 1730 5225 nobis
1754 5171 1857 5225 erit

268 5241 524 5296 ecclesia.
566 5240 670 5294 Sed
703 5240 767 5293 ad
796 5240 1124 5310 propositum
1153 5251 1502 5295 revertamur.
1528 5241 1665 5309 Quid
1700 5243 1854 5310 igitur

272 5320 355 5364 est
383 5311 432 5364 id
458 5351 472 5376 ,
505 5311 647 5380 quod
668 5311 779 5379 jam
822 5311 1124 5364 audivimus
1154 5310 1421 5380 dicentem
1449 5313 1659 5366 beatum
1703 5311 1856 5366 Davi-

268 5381 394 5434 dem
452 5398 466 5436 :
523 5379 836 5450 Exspectans
891 5382 1173 5448 exspectavi
1225 5379 1523 5447 Dominum,
1550 5391 1594 5434 et
1642 5381 1858 5434 intendit

273 5451 399 5523 mihi
423 5491 439 5514 ,
487 5460 534 5504 et
559 5449 815 5523 exaudivit
856 5467 1049 5520 precem
1096 5467 1259 5523 meant
1307 5449 1499 5523 (Psal.
1533 5451 1623 5523 39.
1651 5451 1710 5506 2.
1737 5451 1770 5504 3
1797 5452 1857 5520 )?

272 5519 519 5590 Magnum
547 5521 702 5576 nobis
744 5519 1002 5590 tropaeum
1045 5521 1290 5590 apparuit
1319 5519 1581 5590 patientia
1610 5537 1625 5573 :
1652 5519 1858 5590 omnes

273 5589 418 5662 enim
471 5600 687 5646 sanctos
727 5589 984 5662 patientia
1025 5589 1311 5646 coronatos
1338 5589 1810 5662 deprehendimus
1839 5633 1855 5658 ,

280 5661 542 5730 lmjusque
565 5662 840 5718 doctorem
872 5661 1132 5717 habemus
1162 5661 1524 5716 Abrahamum
1551 5703 1567 5728 ,
1611 5662 1700 5731 qtti
1726 5677 1858 5717 cen-

276 5733 515 5804 tenarias
531 5732 764 5804 nondum
780 5733 917 5804 ﬁlios
929 5733 1176 5797 habebat,
1191 5732 1286 5804 sed
1303 5748 1394 5804 per
1407 5734 1715 5804 patientiam
1742 5746 1854 5800 jam

277 5803 482 5858 lruetus
501 5803 778 5865 ob.oeulos
800 5803 1204 5872 decerpebatur.
1229 5803 1404 5858 Arbor
1430 5803 1554 5858 folia
1578 5804 1855 5858 amiserat.

278 5873 430 5929 radix
459 5875 880 5946 aggravabatur;
925 5888 1053 5928 caro
1079 5883 1368 5940 senuerat,
1416 5884 1470 5930 et
1507 5889 1700 5929 sensus
1738 5873 1857 5943 ejus

603 5966 879 6030 Ρηιιοι..
923 5969 1040 6032 Gn.
1097 5970 1230 6031 LX.

1957 4183 2169 4252 vigebat
2203 4200 2216 4238 :
2246 4181 2339 4238 sed
2384 4189 2562 4236 tamen
2595 4195 2692 4252 per
2717 4181 3024 4252 patientiam
3055 4181 3293 4238 Isaacum
3329 4184 3557 4241 fructum

1958 4250 2218 4326 percepit.
2261 4253 2399 4326 Vide
2427 4252 2557 4326 mihi
2586 4250 2806 4326 beatum
2832 4250 3024 4326 Jobum
3051 4294 3065 4316 ,
3092 4256 3242 4326 orbis
3269 4258 3551 4322 athletam,

1958 4323 2049 4396 qui
2067 4323 2384 4397 decertavit,
2415 4331 2470 4397 et
2492 4323 2690 4377 diaboli
2717 4323 2822 4397 vim
2848 4323 3163 4397 dissipavit:
3188 4335 3319 4395 quot
3347 4342 3554 4397 pugnas

1959 4393 2232 4450 coturnisit
2255 4394 2502 4448 diabolus
2521 4433 2547 4466 ,_
2586 4400 2643 4448 et
2671 4393 2926 4466 athletam
2955 4393 3291 4466 nonl'regit?
3333 4393 3552 4466 Sagittis

1961 4467 2270 4536 pharetram
2297 4464 2576 4536 evacuavit
2596 4503 2610 4524 ,
2642 4464 2918 4518 machinas
2941 4464 3190 4520 adhibuit
3217 4507 3231 4529 ,
3282 4481 3334 4522 et
3364 4464 3556 4522 turrim

1962 4532 2067 4590 non
2113 4534 2420 4597 concussit;
2473 4532 2667 4606 ﬂuctus
2709 4535 3013 4606 excitavit,
3046 4545 3102 4590 et
3149 4537 3401 4606 scapham
3449 4553 3555 4592 non

1962 4605 2220 4663 demersit
2246 4622 2261 4670 ;
2292 4619 2471 4660 ramos
2497 4603 2760 4674 c0ul'regit
2788 4646 2804 4670 ,
2847 4616 2899 4659 et
2923 4605 3158 4661 radicem
3189 4603 3295 4662 non
3321 4609 3518 4663 evulsit
3538 4647 3554 4672 .

1961 4685 2312 4746 tempestates
2355 4675 2674 4746 suscitavit,
2712 4685 2780 4746 et
2827 4684 3033 4744 petram
3088 4692 3191 4732 non
3242 4681 3554 4732 commovit.

1963 4744 2124 4802 Vides
2146 4746 2457 4818 patientiam
2479 4744 2650 4818 justi?
2676 4745 2822 4818 vides
2843 4758 3114 4818 certamen
3141 4749 3558 4804 athlet:e?vides

1961 4815 2170 4887 petram
2200 4815 2454 4872 ﬁrmam?
2481 4815 2632 4869 vides
2658 4817 2878 4887 militem
2907 4817 3228 4872 instructum
3249 4819 3317 4874 ad
3346 4819 3560 4874 aciem?

1961 4886 2112 4943 vides
2156 4887 2346 4942 turrim
2377 4887 2653 4958 stantem?
2683 4886 2832 4958 vides
2867 4888 3072 4954 justum
3115 4889 3410 4958 gloriosum
3437 4930 3453 4952 ,
3501 4899 3557 4944 ct

1960 4959 2230 5013 diabolum
2248 4973 2379 5030 cum
2395 4956 2662 5030 dedecore
2681 4955 2951 5030 iugatum?
2973 4958 3102 5013 Vide
3120 4955 3270 5023 inihi.
3292 4961 3335 5013 si
3362 4962 3554 5030 placet,

1961 5038 2016 5084 et
2041 5029 2311 5098 patientia:
2334 5027 2451 5097 ejus
2473 5027 2808 5100 coronidem.
2843 5027 2971 5082 Post
2995 5040 3182 5098 captos
3214 5027 3402 5096 boves,
3434 5039 3554 5100 post

1960 5097 2199 5170 perditas
2227 5113 2356 5170 oves
2379 5141 2394 5164 ,
2420 5108 2538 5170 post
2562 5097 2785 5170 domum
2799 5112 3052 5170 eversam
3076 5109 3132 5154 et
3159 5101 3387 5155 liliorum
3402 5097 3544 5156 inter
3575 5134 3582 5139 -

1961 5168 2096 5228 itum
2159 5169 2337 5240 (vidit
2379 5169 2576 5238 quippe
2609 5168 2729 5223 illos
2757 5168 2988 5224 diversis
3013 5170 3350 5240 temporibus
3377 5179 3553 5234 natos,

1962 5241 2056 5295 sed
2085 5239 2190 5295 uno
2219 5250 2275 5294 et
2297 5240 2570 5294 communi
2599 5240 2729 5310 vita:
2747 5240 2892 5294 exitu
2928 5239 3210 5310 sublatos)
3240 5259 3252 5294 :
3282 5250 3404 5309 post
3431 5248 3554 5296 tan-

1963 5319 2073 5366 tam
2117 5311 2276 5381 igitur
2320 5310 2532 5365 cladem
2579 5309 2782 5364 invadit
2820 5310 2970 5381 illum
3019 5326 3154 5365 uxor
3193 5309 3286 5366 his
3333 5310 3555 5365 verbis:

1967 5380 2254 5458 Usquequo
2294 5381 2550 5435 tolerabis
2593 5380 2780 5436 dicens
2805 5420 2820 5442 ,
2869 5380 3007 5458 Ecce
3057 5382 3300 5458 Sll§lllleo
3343 5384 3558 5458 [aulum

1964 5453 2220 5520 temporis
2245 5491 2260 5517 ,
2303 5463 2624 5520 ex5pectans
2651 5465 2802 5520 spem
2829 5452 3014 5506 salutis
3042 5452 3217 5506 meae?
3255 5467 3384 5508 ecce
3407 5453 3552 5507 enim

1963 5523 2140 5577 deleta
2187 5533 2272 5576 est
2317 5521 2573 5576 memoria
2602 5529 2690 5576 tua
2730 5520 2797 5576 de
2835 5529 2978 5576 terra
3010 5539 3022 5574 :
3055 5523 3217 5578 deleti
3249 5523 3343 5578 ﬁlii
3383 5522 3461 5578 tui
3503 5531 3559 5576 et

1964 5593 2088 5646 ﬁlia:
2116 5603 2218 5646 ture
2243 5633 2256 5656 ,
2285 5607 2422 5662 quos
2446 5606 2567 5645 eum
2597 5592 2780 5646 labore
2816 5593 3034 5662 peperi,
3068 5603 3231 5662 atque
3269 5593 3321 5648 in
3359 5608 3557 5648 vanum

1964 5663 2201 5716 laboravi
2251 5681 2265 5717 :
2307 5661 2368 5715 tu
2412 5675 2542 5717 vero
2581 5663 2694 5729 ipse
2735 5662 2787 5716 in
2829 5661 3023 5718 {tmere
3063 5661 3323 5719 vermium
3363 5662 3514 5732 jaces
3538 5703 3554 5726 .

1963 5745 2286 5803 noctemque.
2307 5732 2408 5787 sub
2427 5732 2816 5803 diotransigis;
2842 5743 2900 5803 et
2922 5748 3022 5803 ego
3042 5749 3231 5788 errans
3255 5742 3311 5789 et
3330 5735 3557 5803 supplex

1963 5803 2140 5858 locum
2169 5819 2235 5856 ex
2259 5802 2397 5868 loco,
2429 5812 2485 5857 et
2507 5802 2734 5858 domum
2752 5817 2820 5858 ex
2846 5802 3008 5858 domo
3037 5805 3330 5869 circumeo,
3360 5802 3561 5871 etspo-

1963 5885 2115 5932 ctans
2143 5873 2360 5944 quando
2388 5873 2470 5929 sol
2489 5873 2719 5942 occidat,
2745 5883 2856 5928 uta
2886 5872 3161 5932 laboribus
3185 5872 3484 5942 quiescam,
3507 5881 3560 5924 et

3147 5966 3222 6026 £6
