2043 3218
287 198 336 226 ’131

285 265 299 283 a
315 256 453 283 doloribus
467 263 510 284 me
528 255 724 286 ambientibus.
741 254 785 286 qui
800 262 841 282 me
858 261 928 281 nunc
948 254 1077 282 detinent.

284 291 338 319 Sed
352 292 395 318 die
412 292 523 319 verbum
544 291 677 326 quoddam
700 291 726 318 in
749 291 908 321 Dominum.
933 295 959 317 ct
975 299 1081 318 morere

288 326 360 359 (Job.
374 326 402 353 2.
414 327 431 355 9
444 328 464 361 ).
479 326 527 353 Ille
536 334 601 354 vero
619 326 766 360 re-piciens
780 334 850 357 eam,
863 333 956 352 vocem
972 326 1081 360 protulit

286 362 321 389 ab
334 362 458 390 omnibus
466 362 629 390 celebratam
648 371 654 387 :
672 361 701 388 Si
711 362 775 388 bona
787 361 944 396 suscepimus
965 364 996 388 de
1007 370 1082 388 manu

286 397 412 429 Domini,
426 398 495 425 mala
509 405 560 424 non
577 396 847 431 sustinebimusUbid.
866 404 892 423 ν.
912 397 969 430 l0)?
990 396 1083 424 Viden‘

288 433 425 466 patientiae
445 433 578 468 pelagus?
598 432 686 459 viden‘
701 431 851 468 doctrinam
862 432 1083 468 inconcussam?

287 468 346 495 Non
360 466 492 495 emollivit
505 466 564 502 ejus
578 468 731 502 patientiam
747 467 923 494 intolerabilis
934 475 1022 498 casus;
1035 466 1083 494 St‘d

288 508 329 531 tot
355 504 521 531 irruentibus
545 504 640 533 malis,
664 503 738 537 quasi
759 502 915 529 decumanis
937 502 1082 533 ﬂuetibus.

290 538 391 573 scapha
413 546 467 566 non
483 539 621 566 submersa
638 537 695 565 fuit.
719 537 813 565 Vidisti
832 538 985 572 patientiam
999 537 1084 572 jusd?

290 575 379 601 vidisti
396 583 521 601 coronam
534 575 606 608 justo
620 582 651 600 ex
666 574 791 608 patientia
809 574 925 600 uexant?
942 573 1006 600 Vide
1020 573 1084 600 mihi

289 610 369 637 etiam
383 610 512 637 Lazarum
529 610 679 636 mendicum
694 631 700 641 ,
716 610 769 636 imo
788 609 915 635 tli\itilms
929 609 1081 642 opulentio-

291 653 359 677 rem,
375 645 509 679 quomodo
520 650 547 671 et
559 646 614 679 ipse
628 652 675 679 per
687 645 840 678 patientiam
856 644 881 671 itt
898 645 956 671 sinu
972 644 1085 671 Abrahte

290 681 449 715 requiescat.
464 681 511 708 llic
523 681 593 707 enim
604 680 719 707 Lazarus
727 680 759 706 ad
768 680 866 706 ostium
877 680 966 707 divitis
975 679 1086 706 sedebat

291 717 361 742 tame
378 717 518 743 tabescens
534 725 540 741 :
555 720 581 742 ct
595 716 639 742 ille
652 715 759 749 quidem
772 716 845 742 (lives
861 716 941 742 rariis
956 715 1087 749 lautisque

291 751 358 778 cibis
382 752 502 786 quotidie
523 756 644 778 ventrem
662 751 807 785 implebat;
832 752 948 777 Lazarus
971 758 1033 777 vero
1055 757 1087 776 ne

292 795 361 820 pane
376 787 483 821 quidem
501 790 605 820 poterat
618 791 737 813 ventrem
754 786 864 820 implere
879 793 885 810 :
901 786 943 812 ille
957 786 1087 819 parasitos

294 822 402 852 alebat;
420 822 462 848 hic
476 829 488 848 a
504 822 616 849 canibus
627 822 777 856 litigabatur
794 830 799 848 :
813 822 857 847 ille
871 822 932 848 Vino
946 827 1089 848 coronatos

295 862 416 884 crateras
432 857 523 884 habuit
537 865 543 889 ;
562 858 604 883 ltic
620 857 709 892 plagas
723 865 785 884 suas
801 857 917 884 leniebat
935 867 940 883 :
958 858 1001 883 ille
1016 857 1088 883 uales

294 892 387 919 habuit
401 900 466 919 auro
490 898 587 924 tectas,
612 900 745 919 marmora
768 893 916 923 Laconica,
937 892 1088 919 diademata

292 935 390 960 aurea;
419 928 535 955 Lazarus
551 936 615 955 vero
637 936 670 954 ne
687 929 820 963 tugurium
844 928 952 961 quidem
976 927 1087 954 habuit:

295 963 341 990 ille
356 963 519 991 vestiebatur
533 964 626 990 sericis
638 968 665 990 et
681 964 806 997 leporinis
820 972 827 993 ;
845 963 960 989 Lazarus
975 971 1007 989 ne
1025 971 1039 996 p
1050 971 1088 989 m-

295 1007 357 1025 num
375 999 483 1033 quidem
500 999 601 1025 habuit.
619 998 672 1025 Sed
692 998 751 1025 vide
768 999 830 1025 mihi
846 999 980 1032 patientim
997 998 1087 1024 linem.

294 1034 414 1061 Mortuus
439 1042 502 1069 ergo
527 1038 568 1061 est
587 1034 679 1065 dives;
699 1042 770 1060 mors
794 1034 864 1060 enim
886 1034 994 1065 divitis,
1018 1041 1090 1059 mors

294 1075 336 1096 est
353 1078 359 1095 :
375 1077 435 1096 nam
457 1077 531 1096 mors
547 1073 716 1103 peccatorum
733 1069 848 1103 pessima
874 1077 880 1095 :
905 1073 1026 1094 mortuus
1049 1073 1090 1095 est

294 1105 375 1131 etiam
402 1104 536 1135 Lazarus:
562 1105 615 1131 imo
641 1105 728 1139 potius
748 1104 890 1130 translatus
914 1108 964 1130 est.
988 1104 1035 1130 llic
1058 1104 1091 1129 ab

296 1140 399 1174 angelis
424 1140 631 1172 assumebalur,
659 1140 700 1165 hic
717 1140 741 1165 in
764 1139 829 1165 ca-lo
851 1139 1024 1170 versabatur;
1048 1140 1091 1165 ille

298 1181 387 1202 autent
404 1175 428 1201 iit
443 1175 564 1209 gcltenna
579 1175 787 1202 comburehatur
801 1184 806 1200 :
824 1174 866 1201 ltie
888 1175 965 1208 aquis
986 1175 1092 1201 abunde

296 1210 455 1242 fruebatur;
474 1210 518 1236 ille
534 1211 560 1236 in
574 1210 695 1245 gehenna
712 1210 849 1242 urebatur,
867 1215 894 1237 et
906 1210 1004 1236 stillam
1020 1210 1091 1236 desi-

296 1246 408 1272 derabat
418 1255 423 1271 :
435 1246 477 1272 hic
489 1246 513 1272 in
524 1246 583 1272 sinu
595 1246 708 1272 Abrahic
721 1246 915 1280 requiescehal;
928 1246 970 1273 ille
981 1253 994 1272 a
1008 1245 1092 1272 vertni

298 1281 441 1307 immortali
457 1281 610 1308 rotlebatur.
635 1282 666 1308 Et
681 1281 741 1308 vide
752 1302 758 1312 ,
776 1282 797 1307 si
812 1281 917 1315 placet,
937 1282 1091 1315 patientiam

298 1317 367 1343 beati
393 1316 496 1343 Lazari.
520 1316 576 1343 Non
597 1316 663 1343 dixit
688 1317 714 1343 in
741 1317 885 1351 semetipso
913 1325 920 1344 :
946 1317 1002 1351 Ego
1031 1325 1091 1343 cum

297 1353 396 1378 virtute
415 1352 496 1378 vitattt
511 1352 612 1379 ducens
630 1357 784 1386 paupertate
800 1360 926 1387 premor;
943 1357 968 1379 et
983 1353 1027 1379 ille
1044 1352 1093 1378 ini-

300 1395 380 1421 quam
401 1388 501 1414 ducens
532 1388 611 1414 vitam
632 1387 707 1415 dives
729 1392 771 1414 est
794 1387 877 1415 :huic
902 1388 971 1414 servi
997 1388 1094 1414 adsunt

299 1423 483 1450 indesinenter
500 1423 699 1450 ministrantes:
712 1423 754 1450 hic
766 1424 869 1454 beattts,
879 1423 923 1450 ille
934 1423 1015 1450 miser
1027 1431 1094 1457 prie-

303 1457 443 1485 tlicabatttr
458 1458 492 1485 ab
508 1458 661 1485 hominibus
679 1468 685 1485 :
701 1459 778 1492 coqui
794 1459 831 1485 illi
849 1466 942 1492 magna
962 1466 1022 1485 cum
1036 1463 1094 1486 arte

300 1493 505 1526 ministrabant,
534 1494 647 1528 pistores
664 1514 671 1525 ,
698 1494 889 1528 archipistores
910 1502 917 1520 :
940 1494 1033 1520 balnea
1063 1494 1089 1520 in

300 1529 377 1560 urbe,
394 1529 490 1556 balnea
507 1529 532 1555 in
546 1530 628 1562 agris,
644 1529 713 1555 horti
730 1534 757 1556 et
769 1529 899 1563 pomaria.
914 1529 961 1555 llic
975 1529 1095 1563 quotidie

300 1564 403 1591 honore
425 1572 530 1591 summo
545 1564 702 1591 fruebatur:
721 1570 790 1591 terra
808 1564 922 1590 ubertim
947 1564 984 1590 illi
1005 1564 1094 1598 profe-

301 1599 393 1632 rebat,
408 1605 435 1626 et
451 1599 515 1626 nilnl
533 1599 694 1633 largiebatur
709 1599 801 1634 egenis
816 1607 822 1624 :
840 1598 952 1626 arbores
966 1598 1095 1625 fructibus

297 1639 405 1661 onusta).
426 1635 452 1661 in
479 1639 575 1661 terram
599 1635 792 1662 vertebantur:
811 1634 855 1661 ille
877 1642 941 1661 vero
964 1634 1095 1661 malorum

303 1669 421 1701 pondere
445 1677 607 1703 oppresms,
633 1670 658 1697 in
680 1670 774 1697 etclam
794 1677 847 1696 non
872 1670 1041 1703 respiciebat.
1063 1671 1097 1696 At

301 1705 419 1732 Lazarus
433 1706 505 1732 solus
529 1705 658 1737 sedebat,
682 1710 868 1740 tempestatem
887 1705 1049 1739 paupertatis
1070 1705 1096 1732 in

303 1740 430 1775 pitientia
454 1748 596 1774 reponens.
615 1741 735 1768 Vidistin'
757 1741 910 1774 patientiam
936 1741 1027 1775 justi?
1054 1740 1096 1767 vi-

303 1776 393 1802 distin'
407 1776 590 1803 crudelitatem
606 1776 710 1803 divitis?
724 1777 838 1804 vidistin‘
854 1777 1021 1804 tolerantiam
1033 1783 1098 1811 pau-

300 1811 388 1846 peris?
408 1812 523 1837 vidistin‘
541 1812 762 1839 inhumanitatem
781 1812 894 1838 divitis?
909 1812 1012 1839 vidistis
1026 1811 1098 1845 quod

303 1846 444 1873 obsonium
462 1848 587 1881 patientia
604 1847 766 1881 protulerit?
783 1847 849 1873 Vide
865 1847 928 1874 mihi
947 1848 1027 1874 etiam
1042 1852 1095 1874 tres

306 1889 403 1915 pueros
426 1883 451 1908 in
475 1883 582 1910 fornace
599 1888 755 1914 versantes,
783 1888 810 1909 et
834 1890 880 1916 per
895 1883 1047 1915 patientiam
1072 1883 1097 1909 in

303 1917 414 1944 fornace
427 1918 502 1951 qttasi
519 1918 544 1944 in
562 1919 632 1944 tenui
646 1925 710 1945 aere
726 1918 907 1944 ambulantes:
923 1918 1057 1952 quomodo
1073 1918 1098 1944 hi

303 1952 415 1986 juvenes
431 1957 532 1979 tantum
548 1953 622 1980 adire
637 1957 799 1980 tormentum
816 1954 873 1980 ausi
888 1959 961 1983 sunt,
979 1961 1028 1980 nec
1052 1961 1097 1979 se-

303 1995 366 2014 cum
383 1992 541 2021 reputarent
561 1988 633 2015 illam
653 1989 860 2016 cmuminantem
879 1988 1013 2015 ﬂammam
1028 2009 1034 2020 ,
1050 1995 1100 2015 nec

305 2030 386 2057 quant
401 2023 514 2050 acerbos
527 2024 661 2050 cruciatus
675 2024 814 2058 experturi
830 2024 928 2050 erant?
949 2024 1046 2050 Verum
1064 2026 1099 2050 ita

308 2063 386 2085 erant
402 2059 535 2093 patientia:
549 2059 639 2086 animo
653 2060 726 2091 elati,
744 2066 770 2086 ut
787 2059 906 2086 dicerent
922 2068 928 2085 :
942 2060 990 2085 Sin
1002 2060 1095 2092 minus,

307 2097 394 2119 notum
408 2094 452 2120 tibi
466 2095 498 2120 sit
508 2115 515 2125 ,
540 2101 586 2121 rem
596 2115 602 2125 .
618 2095 686 2129 quod
700 2095 759 2122 deos
775 2099 829 2121 tuos
845 2103 895 2121 non
910 2094 1019 2121 colimus
1031 2115 1038 2126 ,
1055 2102 1100 2121 nec

307 2133 532 2165 simulationi-cant
544 2149 551 2162 ,
575 2138 651 2164 quant
670 2131 770 2156 erexisti
783 2151 789 2161 ,
804 2131 941 2158 adoramus
955 2131 964 2165 (
979 2130 1047 2156 Dan.
1071 2130 1098 2156 5.

309 2164 352 2190 l8.
374 2164 439 2196 18).
463 2165 586 2191 Attamen
602 2165 661 2199 ejus
684 2170 815 2192 tormenta
838 2166 913 2192 adire
937 2170 1000 2192 sunt
1020 2166 1097 2197 ausi;

308 2203 334 2224 et
350 2199 522 2236 ambulabant
536 2200 565 2236 in
575 2199 693 2232 fornace,
711 2201 792 2227 Deum
804 2200 911 2236 hymnis
920 2200 1099 2234 celebrantes,

307 2234 384 2270 quasi
400 2234 424 2260 in
440 2238 514 2268 prato
528 2235 569 2262 vel
585 2236 705 2270 pomario
722 2236 763 2263 vel
780 2234 905 2262 viridario
924 2245 929 2261 :
944 2241 972 2263 et
987 2236 1026 2262 sic
1042 2243 1096 2262 am-

310 2268 435 2305 bulabant
448 2289 454 2301 ,
472 2277 503 2297 ac
516 2270 538 2297 si
555 2268 614 2304 quis
625 2271 651 2297 in
663 2271 765 2298 deliciis
778 2275 868 2305 ageret
881 2291 888 2303 ,
902 2271 1100 2305 dicebantque:

309 2303 460 2341 lieucdictus
472 2313 498 2331 es
510 2326 516 2337 ,
543 2303 737 2337 Domine,Detts
780 2303 881 2341 patrum
896 2303 1057 2337 nostrorum}
1078 2311 1101 2333 et

308 2339 438 2375 laudabile
451 2345 474 2366 et
496 2341 635 2375 gloriosum
655 2349 746 2367 nomen
768 2339 839 2368 tilum
860 2342 886 2368 in
902 2342 995 2368 amula
1010 2343 1017 2375 (
1031 2341 1100 2369 Ibid.

309 2382 334 2400 υ.
350 2374 414 2409 26).
431 2376 469 2401 Ac
482 2374 541 2402 vide
556 2376 729 2411 patientiam,
751 2385 811 2411 qua:
830 2374 1101 2404 hutnilitatem'dein-

308 2415 374 2446 ceps
390 2411 529 2446 ingenerat
544 2419 550 2436 :
566 2410 633 2443 Quia
643 2412 729 2445 justus
742 2410 768 2438 ea
781 2412 807 2439 in
820 2411 936 2439 omnibus
949 2420 1005 2444 qure
1019 2413 1102 2446 fecisti

308 2444 382 2482 nobis
392 2445 401 2479 (
413 2444 480 2482 lfid.
491 2453 520 2482 Δι).
531 2445 571 2482 27
582 2446 603 2480 ).
616 2444 743 2480 Quamvis
762 2447 783 2474 si
798 2453 904 2481 peccata
918 2444 1082 2475 admiserant
1092 2468 1100 2480 ,

308 2479 398 2507 omnia
414 2480 456 2507 illa
473 2480 512 2507 vis
527 2479 641 2509 ilatnma:
661 2479 825 2510 absterseritt
841 2491 847 2508 ε
866 2488 1048 2510 verumtamen
1063 2483 1101 2510 illi

306 2521 368 2553 cum
386 2516 519 2553 patientia
530 2516 683 2553 _tl1'cebant,
706 2517 795 2545 Iustus
817 2526 842 2545 es
860 2518 887 2545 in
912 2518 1028 2544 omnibus
1046 2526 1102 2553 qua:

308 2550 391 2584 fecisti
401 2550 610 2587 nobic.V-idistiu'
623 2553 776 2587 patientiam
784 2553 931 2587 jnstorum?
941 2553 998 2580 Non
1010 2550 1100 2580 secum

310 2586 470 2622 reputabant
484 2591 597 2621 corpora
614 2586 660 2614 sua
672 2587 702 2614 in
717 2589 778 2622 igne
785 2586 928 2616 uersatura
950 2595 1010 2615 esse
1023 2608 1029 2621 ,
1055 2589 1102 2616 sed

307 2620 450 2648 adamante
460 2620 593 2649 lirmibres
607 2623 707 2650 inventi
718 2620 790 2657 sunt,
798 2627 826 2651 et
836 2627 890 2650 tam
901 2624 1003 2650 strenui
1014 2629 1100 2657 erant,

308 2662 337 2682 ιιι
352 2664 405 2683 non
428 2657 456 2683 in
472 2664 524 2684 uno
545 2662 647 2685 starent
671 2659 788 2685 fornacis
803 2659 874 2687 loco.
890 2658 924 2685 Et
945 2659 1102 2686 ambulantes

306 2691 484 2729 benediccbonl
495 2691 585 2729 Deum,
593 2698 616 2720 et
628 2693 806 2728 glori/icabant
819 2693 829 2729 (
840 2693 909 2720 Ibid.
924 2702 949 2721 υ.
965 2694 1001 2721 25.
1011 2695 1031 2728 ).
1048 2694 1102 2722 Nec

306 2726 387 2754 modo
402 2727 451 2761 ipsi
462 2727 523 2759 soli.
540 2728 588 2755 sed
601 2726 682 2756 etiam
694 2726 792 2755 omnes
804 2726 940 2756 creaturas
950 2726 1041 2757 secum
1055 2730 1102 2757 ad-

305 2762 456 2795 vocabant,
473 2763 559 2790 solem
575 2767 603 2790 et
618 2763 708 2791 lunam
729 2769 756 2791 et
776 2764 868 2791 stellas
882 2765 939 2791 cteli
955 2786 962 2797 ,
979 2773 1053 2792 mare
1075 2770 1102 2793 et

306 2797 415 2824 lltttttina
428 2817 436 2831 ,
453 2797 543 2825 fontes
553 2818 560 2831 ,
580 2803 673 2833 stagna
688 2803 716 2826 et
730 2803 830 2827 terrain
843 2821 849 2830 ,
866 2805 981 2833 utentes,
998 2801 1082 2828 colles
1093 2822 1099 2833 ,

306 2833 390 2860 saltus
403 2852 411 2865 ,
436 2840 546 2868 campos
560 2854 568 2865 ,
591 2839 684 2861 noctes
699 2840 726 2861 et
738 2835 809 2862 dies.
831 2835 864 2863 Et
884 2836 945 2864 vide
964 2836 1028 2863 mibi
1045 2844 1100 2863 rem

306 2867 399 2906 inirabi
404 2868 456 2896 lem
468 2875 478 2906 :_
483 2867 760 2906 ordinecelcbrabaut
767 2875 795 2898 et
804 2871 990 2906 glorificabant
1005 2872 1100 2898 Deum.

306 2896 378 2942 ειεξιτ
394 2903 490 2942 mundi
505 2904 669 2942 creationem
681 2925 689 2935 .
702 2896 1100 2942 ’itiiiiiv'ériiés‘ﬁii'iiiniiﬁib

303 2933 364 2967 fecit
390 2935 458 2965 Dem
481 2939 571 2966 clatum
586 2943 608 2966 et
623 2933 716 2967 terram
732 2941 741 2976 (
755 2940 820 2968 Gen.
838 2942 864 2969 1.
883 2943 893 2970 l
911 2942 932 2978 ).
947 2933 1100 2970 Deinde'in

1040 199 1175 229 SPURH.

1887 201 1941 231 T32

1137 255 1261 294 sequenti
1274 259 1426 294 creaturam
1440 256 1552 286 inducit.
1570 258 1615 287 Sic
1628 263 1655 287 et
1667 257 1744 294 pueri
1755 278 1763 290 ,
1788 259 1835 294 qui
1850 259 1937 294 legem

1136 292 1267 328 sciebant,
1277 295 1306 318 et
1323 292 1405 320 Deum
1422 298 1561 328 noverant,
1577 292 1710 328 dicebant,
1722 292 1947 326 Benedicite,2‘ali,

1136 327 1257 365 Domino,
1274 328 1354 365 stella:
1375 328 1431 365 ειειί
1444 327 1555 365 Domino
1566 350 1573 362 ,
1597 338 1771 365 aqutcﬂomnes
1785 338 1845 365 quo:
1857 339 1936 365 super

1136 362 1211 401 {Iulos
1234 368 1293 401 sunt
1317 362 1447 401 Qomiuo,
1471 364 1511 391 sol
1534 370 1557 391 et
1582 362 1643 392 luna
1663 364 1775 392 Domino
1797 362 1933 401 (Dum-5.

1136 397 1182 434 ξε).
1204 406 1262 434 seqq
1275 398 1294 432 ).
1318 397 1351 434 Et
1365 398 1426 425 vide
1448 404 1585 434 postremo
1608 401 1726 427 omnium
1747 397 1807 427 rem‘
1826 401 1932 433 minim,

1137 432 1294 467 Benedicite,
1318 432 1419 460 Anauia
1441 432 1457 466 ,’
1487 434 1581 461 Aznria
1614 440 1638 462 et
1677 435 1781 465 Misael,
1804 432 1931 462 Domino.

1138 467 1172 505 _Ut
1208 468 1339 505 emuniit
1374 469 1469 505 mundi
1505 470 1641 497 creatione
1684 470 1821 505 Iegislator
1854 471 1929 497 dice-

1138 502 1182 529 bat
1208 503 1346 540 historiam
1374 504 1551 540 describcns.
1581 502 1723 540 postquam
1742 511 1932 532 consummata

1137 539 1239 565 creatio
1256 538 1344 566 fuerat
1359 548 1366 566 :
1384 538 1521 567 Faciamus
1543 538 1670 568 hominem
1688 541 1722 567 ad
1748 541 1885 572 imaginem
1913 546 1937 568 et

1137 574 1327 612 similitudinem
1344 581 1455 612 nostrain
1470 575 1555 610 (Gen.
1569 577 1595 603 i.
1611 576 1646 603 26
1707 576 1746 602 sic
1759 581 1785 603 et
1797 576 1825 603 hi
1837 576 1866 612 in
1881 578 1935 603 line

1138 610 1256 646 omnium
1274 614 1412 644 postquam
1438 611 1566 646 hymnum
1588 610 1811 645 compleverant,
1827 611 1934 644 dicunt,

1138 643 1415 678 Bettedirite,Anmtio,
1434 643 1526 672 Akan‘a
1548 651 1571 673 et
1586 643 1816 676 Misacl,l)omitto.
1840 643 1937 674 Vidisti

1140 681 1293 714 patientiam
1306 680 1458 714 justorum‘!
1470 682 1558 708 vidiin
1570 689 1695 708 coronam
1711 681 1829 709 nexam?
1843 682 1936 714 vidisti

1140 720 1310 742 strenttortttn
1323 717 1451 749 juvenum
1465 717 1659 744 fortitudinem?
1672 717 1760 744 vidisti
1775 717 1862 744 zelum
1875 718 1937 751 iane

1141 751 1344 787 at'dentiorem?
1366 752 1453 779 vidisti
1471 761 1501 780 os
1516 761 1576 779 cuin
1593 753 1695 787 angelis
1708 753 1830 779 versans?
1842 753 1934 780 viﬂisti

1142 785 1258 817 linguam
1275 787 1429 819 angelorum
1444 785 1666 815 comminislraui?
1681 787 1769 815 vidisti
1781 788 1935 821 patientiam

1141 821 1315 848 :ttlll‘flzlrlllll?
1332 822 1387 849 Non
1403 824 1549 850 timuerunt
1561 828 1685 856 mortem,
1702 830 1754 850 non
1768 827 1888 850 mutatus
1896 828 1938 850 est

1143 858 1232 883 vultus
1259 865 1350 884 eorum
1377 859 1411 885 ob
1434 858 1552 886 futurum
1577 859 1721 886 cruciatutn
1735 879 1742 892 ,
1758 859 1806 886 sed
1832 858 1887 886 lati
1910 863 1937 886 et

1143 892 1270 918 ﬂorentes
1290 893 1415 920 dtcenant
1432 902 1438 920 :
1458 894 1505 921 Sin
1523 895 1605 921 minus
1618 915 1624 926 ,
1649 899 1735 921 nolunt
1750 894 1793 921 tibi
1807 894 1852 927 ait,
1869 901 1933 926 in,

1142 928 1211 960 quod
1235 928 1294 954 deos
1317 933 1372 954 tuos
1395 937 1445 955 non
1468 929 1593 960 colimus.
1617 938 1662 956 nec
1680 934 1791 956 statuam
1813 937 1934 961 eum.

1142 971 1218 1000 qutun
1241 963 1352 1000 eruisti,
1384 973 1529 992 adoramus.
1552 964 1819 1000 Vitlislin’quoutodu
1841 965 1935 1000 ubique

1144 998 1272 1034 patientia
1289 1005 1398 1031 regnum
1418 1001 1544 1027 Clt'ltll'lllll
1568 998 1713 1027 conciliati?
1733 999 1799 1027 Vide
1814 998 1934 1034 ῐηίιιὶςςὶ

1146 1033 1241 1070 placet,
1258 1034 1288 1060 be
1298 1040 1362 1070 dum
1379 1035 1514 1062 llanielem
1527 1036 1552 1062 in
1566 1036 1652 1062 lacum
1668 1036 1772 1062 leonum
1785 1034 1931 1070 conjectum

1145 1072 1171 1094 et
1199 1068 1289 1095 leones
1312 1069 1434 1102 ]‹-]ιιιιιιι·‹ι
1452 1072 1605 1097 docentem.
1626 1070 1682 1098 Non
1707 1071 1778 1097 enirn
1802 1068 1936 1098 audebam

1146 1103 1206 1129 [erm
1221 1105 1389 1138 propheticas
1401 1111 1508 1139 uttstare
1523 1113 1629 1138 carnes,
1641 1106 1700 1140 quia
1714 1106 1757 1132 ille
1769 1106 1795 1132 in
1809 1106 1934 1140 patientia

1145 1140 1272 1176 educatus
1295 1140 1389 1167 fuerat.
1413 1141 1461 1168 llic
1485 1149 1548 1176 ergo
1575 1142 1667 1168 beatus
1688 1141 1781 1168 Daniel
1803 1141 1830 1167 in
1850 1141 1936 1168 locum

1145 1174 1250 1211 leonum
1265 1176 1410 1210 ingressus,
1424 1185 1476 1203 non
1488 1174 1584 1209 timuit,
1599 1177 1645 1204 sed
1661 1181 1782 1211 precatus
1791 1176 1936 1209 cstDculn,

1146 1210 1254 1243 ipseque
1270 1219 1317 1245 per
1333 1212 1486 1244 patientiam
1505 1212 1636 1239 feritatem
1655 1210 1680 1238 in
1705 1211 1937 1239 mansuetudinem

1146 1247 1258 1272 mulavit
1271 1267 1277 1275 .
1295 1251 1319 1273 et
1333 1252 1437 1274 naturae
1454 1248 1577 1275 ferocitas
1591 1248 1617 1274 in
1634 1247 1863 1274 mansuetudinem
1877 1247 1938 1274 ovis

1146 1282 1366 1318 convertebatur;
1384 1288 1495 1318 eratque
1520 1288 1593 1310 stans
1615 1283 1708 1310 Daniel
1724 1288 1752 1309 ut
1772 1286 1939 1318 pastoer

1146 1317 1222 1350 agnis
1246 1317 1337 1349 (Dan.
1369 1318 1431 1353 H).
1453 1316 1562 1345 Vidisti
1585 1323 1706 1345 naturam
1730 1316 1882 1345 mutatam?
1908 1319 1940 1345 Et

1147 1356 1276 1387 tyrannus
1291 1352 1512 1387 C(lllflllltlllltﬂltll‘,
1529 1354 1673 1389 ridereque
1688 1358 1743 1380 erat
1754 1360 1809 1381 rem
1824 1357 1939 1389 stupen-

1147 1389 1207 1424 dam
1224 1393 1249 1414 et
1264 1388 1412 1416 mirabilem
1440 1398 1447 1416 :
1467 1390 1558 1417 leones
1581 1389 1639 1424 ipso
1663 1396 1726 1423 rege
1744 1388 1940 1416 mansuetiores

1148 1422 1209 1449 facti
1224 1428 1296 1449 sunt.
1315 1424 1354 1451 llli
1374 1432 1488 1459 namque
1502 1422 1775 1459 cibum—accipientes,
1791 1431 1852 1452 cum
1864 1427 1939 1451 mnta

1148 1464 1332 1492 premerentur
1358 1460 1435 1491 fame,
1463 1469 1514 1487 non
1538 1461 1594 1487 ausi
1621 1465 1683 1487 sunt
1705 1459 1940 1495 prophetica”.

1147 1500 1218 1521 stare
1242 1502 1347 1527 carnes,
1362 1503 1410 1522 nec
1424 1503 1543 1522 mensam
1562 1501 1589 1522 et
1609 1496 1749 1522 obsonium
1770 1495 1938 1529 appositum:

1148 1536 1223 1555 suam
1240 1536 1404 1566 negaverunt
1421 1537 1541 1558 naturam
1557 1531 1592 1558 ob
1605 1531 1743 1566 propheta:
1761 1531 1938 1566 patientiam;

1149 1572 1235 1598 neque
1250 1565 1293 1591 ille
1310 1566 1418 1592 inettrsu
1435 1566 1549 1593 ferarum
1567 1565 1646 1593 hostis
1665 1571 1706 1594 est
1717 1587 1724 1599 ,
1739 1565 1799 1600 quia
1812 1566 1939 1600 sperabat

1149 1599 1175 1626 in
1189 1600 1320 1636 Domino:
1335 1601 1407 1627 novit
1418 1602 1488 1628 enittt
1503 1606 1596 1628 natura
1609 1601 1723 1629 ferarum
1738 1599 1783 1628 Dei
1796 1599 1938 1636 imaginem

1150 1635 1278 1671 revereri.
1296 1635 1356 1662 Ideo
1370 1644 1430 1663 cum
1447 1638 1529 1671 probe
1543 1637 1623 1664 sciret
1639 1636 1722 1664 David
1733 1657 1740 1668 ,
1763 1636 1788 1663 ei
1800 1637 1846 1671 qui
1854 1635 1939 1664 timet

1151 1670 1290 1707 Dominum
1314 1671 1378 1698 nihil
1404 1670 1464 1699 esse
1487 1679 1596 1707 aspectu
1620 1670 1881 1707 hirmidabile,’ait,
1905 1671 1937 1699 Et

1149 1706 1309 1744 conculcallis
1332 1707 1473 1744 leonetitft
1495 1706 1630 1744 draconem
1647 1707 1656 1744 (
1671 1706 1743 1734 Psal.
1767 1707 1814 1734 90.
1838 1706 1939 1744 ιξιὶςᾳ

1151 1749 1256 1768 rursum
1273 1742 1401 1770 Dominus
1414 1751 1420 1769 :
1436 1743 1500 1770 Ecce
1516 1743 1574 1770 dedi
1587 1742 1656 1770 vobis
1667 1747 1812 1777 potestatem
1822 1742 1939 1770 calculandi

1150 1785 1228 1810 supra
1242 1783 1367 1812 serpentes
1381 1783 1404 1804 et
1419 1779 1574 1812 scorpiones,
1591 1783 1613 1806 el
1623 1787 1701 1813 supra
1716 1778 1940 1813 onmentrttirtlleot

1151 1813 1245 1839 inimici
1261 1813 1344 1848 (an.
1362 1814 1405 1841 l0.
1429 1814 1478 1849 19)
1494 1822 1501 1847 ;
1517 1820 1544 1841 et
1557 1812 1662 1841 rursum
1679 1813 1758 1841 David
1773 1822 1781 1840 :
1798 1812 1868 1849 Nam
1879 1816 1907 1849 et
1919 1813 1942 1840 si

1151 1849 1312 1875 ambularet-0
1324 1849 1351 1875 in
1365 1849 1446 1875 medio
1466 1847 1562 1876 umbra:
1575 1850 1673 1881 mortis,
1689 1857 1739 1876 non
1753 1848 1842 1876 timebo
1853 1847 1922 1875 Ill-ll
1932 1869 1940 1881 ,

1151 1884 1270 1919 quoniam
1284 1889 1310 1910 tu
1326 1893 1423 1911 mecum
1444 1893 1469 1912 es
1485 1885 1579 1920 (Psal.
1600 1884 1642 1912 22.
1662 1885 1679 1912 4
1692 1885 1711 1919 ).
1737 1883 1800 1912 Vide
1815 1882 1880 1911 mihi
1892 1904 1902 1915 .
1918 1884 1941 1911 si

1153 1919 1255 1954 placet,
1281 1924 1307 1946 et
1322 1919 1427 1947 beatum
1444 1920 1529 1947 Eliam
1543 1941 1549 1952 ,
1564 1921 1607 1955 qtti
1622 1927 1668 1955 per
1684 1925 1739 1947 tres
1754 1926 1839 1947 annos
1847 1923 1880 1955 et
1891 1925 1940 1946 sex

1153 1953 1260 1990 incuses
1280 1955 1374 1982 ca-lum
1399 1956 1481 1983 verbo
1507 1953 1602 1983 clausit
1612 1953 1628 1987 ,⁷
1641 1955 1774 1990 quomodo
1798 1959 1825 1982 et
1847 1953 1890 1981 hic
1913 1955 1940 1981 in

1153 1989 1278 2024 patientia
1303 1991 1451 2022 manserit,
1475 1998 1528 2018 non
1553 1989 1697 2018 comedens
1720 1994 1834 2025 panem,
1855 1996 1944 2024 neque

1152 2034 1247 2060 aquam
1271 2026 1384 2052 sorbens
1398 2035 1404 2059 ;
1421 2026 1469 2053 sed
1485 2027 1511 2053 in
1527 2027 1662 2053 montibus
1684 2025 1864 2061 spatiabatur,
1886 2025 1944 2052 sal-

1154 2066 1248 2095 tusque
1268 2061 1397 2088 circuibat
1412 2062 1446 2088 ob
1468 2068 1568 2089 metum
1589 2061 1721 2089 Jezabelis
1737 2070 1744 2087 τ
1760 2065 1787 2088 et
1800 2060 1840 2088 vir
1853 2064 1945 2088 tantus

1172 2104 1201 2123 er
1217 2096 1555 2132 patientiaminutriebatur
1567 2105 1581 2124 a
1592 2105 1672 2125 corvo
1688 2097 1735 2132 (5.
1751 2095 1815 2131 Reg.
1829 2096 1874 2124 l7.
1888 2095 1907 2122 ϐ
1920 2097 1943 2129 ).

1172 2105 1201 2123 er
1217 2105 1371 2130 patientiam
1389 2105 1555 2124 nutriebatur
1567 2105 1581 2124 a
1592 2105 1672 2125 corvo
1688 2105 1735 2132 to.
1751 2105 1815 2131 neq.
1829 2105 1874 2124 ιι.
1888 2105 1907 2122 ιι
1922 2105 1943 2129 ι.

1153 2105 1230 2159 Etuta
1244 2130 1353 2158 lluvittm
1367 2131 1496 2159 Chorasin
1511 2133 1621 2160 sedebat
1636 2133 1661 2159 in
1676 2131 1801 2167 patientia
1814 2138 1946 2167 perseve-

1152 2174 1227 2195 rans.
1239 2172 1289 2193 cta
1300 2175 1381 2194 corvo
1393 2168 1517 2201 nutritus,
1530 2170 1580 2196 etsi
1591 2166 1688 2195 corvus
1699 2166 1845 2194 secundum
1858 2166 1946 2202 legem

1154 2202 1308 2229 immundus
1328 2204 1371 2229 sit.
1395 2202 1471 2230 Adsit
1484 2203 1592 2230 Iudaeus
1610 2212 1616 2230 :
1638 2210 1686 2230 cur
1697 2202 1824 2237 propheta
1837 2206 1900 2237 tuo;
1912 2202 1946 2228 ab

1155 2236 1290 2264 immunda
1307 2245 1356 2265 ave
1370 2238 1512 2265 alebatur?
1526 2238 1642 2274 etii-l’tlic
1656 2236 1730 2265 mihi.
1758 2237 1864 2274 Moyses
1875 2236 1946 2274 dixit

1154 2280 1264 2300 corvum
1278 2280 1338 2300 esse
1354 2274 1519 2300 immundum
1534 2275 1542 2308 (
1557 2273 1637 2300 Lerit.
1653 2274 1696 2301 ll.
1714 2274 1748 2302 l5
1769 2273 1779 2308 )
1794 2271 1946 2308 {propheta

1154 2315 1220 2336 vero
1236 2312 1297 2335 tuus
1309 2309 1343 2335 ab
1358 2308 1492 2335 imtnunda
1509 2316 1558 2336 ave
1570 2309 1659 2336 cibum
1672 2307 1828 2344 accipiebat.
1845 2307 1943 2335 Annon

1155 2344 1207 2371 alia
1230 2344 1288 2370 avis
1303 2344 1383 2370 erat?
1402 2352 1454 2371 non
1476 2348 1534 2371 erat
1556 2345 1582 2371 in
1598 2344 1707 2379 regione
1728 2343 1775 2370 illa
1799 2347 1946 2379 turlttrrnt

1154 2378 1278 2406 columba
1292 2399 1300 2411 ,
1325 2383 1354 2406 ut
1376 2386 1390 2406 a
1414 2387 1497 2407 corvo
1517 2377 1682 2407 nutriretur?
1696 2379 1806 2414 Expone
1828 2377 1896 2406 mihi
1908 2385 1946 2411 ,ο

1154 2414 1255 2445 Iudaee.
1267 2415 1441 2448 quteslionem
1453 2415 1524 2442 illam
1536 2415 1568 2442 de
1578 2416 1735 2442 avc.Annon
1746 2414 1852 2449 Moyses
1862 2414 1947 2448 legent

1154 2449 1229 2476 dedit
1242 2449 1276 2476 de
1291 2457 1371 2476 corvo
1381 2470 1388 2482 ,
1405 2458 1485 2484 quem
1505 2451 1575 2477 inter
1592 2450 1742 2477 immundos
1754 2455 1817 2477 aves
1835 2449 1948 2484 posuit!

1154 2485 1292 2518 quomodo
1313 2485 1393 2519 igitur
1408 2486 1537 2520 propheta
1550 2506 1557 2518 ,
1577 2493 1657 2520 quem
1680 2490 1706 2512 tu
1733 2489 1878 2520 venturum
1894 2490 1950 2520 cx-

1155 2523 1272 2556 spectas,
1286 2518 1332 2556 qui
1345 2518 1502 2556 conscendit
1515 2521 1541 2547 in
1553 2518 1661 2548 cui-rum
1676 2518 1950 2556 igneum,quit_:luts_it

1155 2555 1250 2582 caelum
1268 2555 1351 2581 tribus
1364 2555 1442 2582 annis
1464 2561 1491 2583 et
1504 2563 1550 2584 sex
1573 2554 1708 2584 mensibus
1721 2575 1730 2586 .
1748 2554 1884 2590 quomodo
1905 2554 1950 2581 hic

1155 2591 1200 2625 qui
1215 2590 1336 2617 oratione
1351 2597 1470 2618 mortuos
1485 2592 1650 2623 suscitavit,a
1664 2598 1746 2618 corvo
1759 2589 1949 2618 nutriebatur?

1155 2633 1244 2653 annon
1260 2630 1363 2659 poterat
1378 2626 1400 2653 is
1413 2647 1420 2659 ,
1440 2627 1485 2661 qui
1508 2626 1604 2653 eictam
1627 2626 1768 2659 clauserat,
1789 2632 1873 2661 panes
1893 2625 1949 2652 sibi

1155 2661 1290 2688 deducere
1303 2661 1314 2687 ?
1328 2661 1380 2689 Sed
1400 2666 1428 2688 ut
1442 2662 1597 2688 ostenderet
1613 2661 1659 2688 tibi
1679 2666 1800 2689 veterem
1816 2661 1901 2696 legem
1917 2667 1950 2688 ea

1156 2705 1215 2731 tunc
1229 2696 1295 2731 legis
1308 2701 1386 2723 erant
1399 2702 1532 2724 evertere.
1556 2697 1588 2724 Et
1602 2696 1646 2723 hic
1661 2705 1708 2732 per
1720 2695 1950 2731 perseverantiam

1155 2737 1182 2760 et
1209 2732 1363 2766 patientiam
1388 2732 1530 2759 decertans
1553 2732 1634 2759 vitam
1663 2732 1773 2767 exegit,
1798 2737 1951 2767 omnegqne

1155 2764 1262 2794 sanctos
1273 2768 1452 2801 comperimus
1465 2775 1511 2802 per
1523 2767 1676 2801 patientiam
1687 2764 1959 2802 conﬁrmatam-

1156 2803 1285 2836 templare
1298 2799 1376 2832 milii.
1392 2802 1417 2830 si
1436 2799 1477 2830 vis
1490 2823 1497 2835 ,
1511 2799 1538 2830 et
1551 2803 1658 2830 beatum
1673 2799 1813 2836 Davidcm,
1824 2800 1950 2836 ultimum

1156 2835 1294 2865 hominum
1306 2858 1314 2871 ,
1331 2838 1454 2865 ultimum
1471 2838 1603 2870 fratrum,
1622 2837 1737 2872 denique
1752 2835 1953 2872 regnantemrin

1156 2873 1263 2909 fratres
1273 2881 1338 2900 suos
1350 2894 1358 2906 ,
1380 2873 1426 2908 qui
1439 2876 1542 2901 tantum
1557 2873 1669 2909 hostem
1683 2871 1772 2908 lapide
1781 2871 1932 2909 prostravit
1942 2891 1951 2904 ,

1155 2913 1183 2936 et
1205 2908 1364 2948 phalangem
1378 2906 1436 2948 ejus
1454 2908 1621 2948 proﬂigavit.
1647 2906 1824 2948 virtutemque
1839 2906 1904 2948 eius
1915 2912 1950 2935 ut

1156 2951 1284 2971 araneam
1299 2943 1460 2979 dissipavit;
1480 2944 1525 2980 qui
1540 2949 1628 2972 tamen
1641 2951 1701 2972 cum
1716 2943 1920 2980 impugnas“,
1936 2951 1953 2970 ι
