4086 6520
462 438 562 493 757

461 562 533 612 ob
554 572 742 624 parvas
772 555 994 612 delicias
1020 571 1049 609 ιι
1077 556 1308 625 paradisi
1330 555 1535 610 deliciis
1558 554 1845 623 privamur;
1870 570 2036 625 prop-

463 638 545 681 ter
572 628 784 682 divitias
813 624 1256 697 periturasregni
1287 626 1503 681 divitias
1542 625 1837 697 amisimus.
1863 624 1918 697 in
1951 625 2037 680 Ille

462 709 600 751 vuno
629 694 939 751 sarculo'nos
972 694 1279 750 fruebantur
1310 712 1322 759 ;
1359 697 1451 750 sed
1488 696 1575 765 qui
1616 694 1792 765 inillo
1816 696 1952 748 nulla
1982 712 2039 750 re

463 767 808 829 fruebantur,
839 766 947 835 jam
997 767 1265 820 hetantur.
1319 766 1472 821 Nunc
1502 767 1589 834 qui
1619 764 2035 833 jc'jttnavcrttnt.

460 835 672 892 deliciis
699 838 982 895 fruuntur:
1014 836 1105 905 qui
1154 837 1517 899 decertarunt,
1554 838 1605 889 in
1632 836 1831 889 crelesti
1864 836 2037 890 thala-

460 923 549 961 lno
569 907 798 962 choreas
820 916 982 975 agunt
1008 924 1020 962 :
1048 908 1136 975 qui
1170 907 1385 961 divitias
1402 906 1775 975 diSperserunt
1795 916 1849 960 et
1870 907 2037 960 senui-

459 988 655 1032 narunt
682 1017 697 1042 ,
729 978 780 1030 in
809 977 1167 1031 exsultatione
1194 987 1399 1030 metunt
1423 994 1435 1037 ;
1460 979 1546 1046 qui
1570 976 1851 1039 fleverunt.
1878 986 2035 1030 mter-

460 1064 587 1102 nmn
620 1048 928 1110 exsultant;
968 1048 1055 1116 qui
1107 1057 1315 1102 terrena
1368 1048 1752 1116 despexerunt,
1802 1048 2033 1101 carlcstia

456 1128 823 1188 acceperunt:
869 1133 967 1171 nos
1014 1117 1113 1171 soli
1144 1117 1325 1171 miseri
1376 1118 1652 1186 suppliciis
1697 1122 1820 1188 jure
1858 1118 2035 1171 traditi

457 1203 663 1243 sumus.
696 1190 761 1241 Et
793 1204 933 1242 nune
961 1189 1251 1243 clamamus
1274 1229 1289 1248 ,
1318 1204 1417 1243 nec
1441 1197 1523 1242 est
1552 1190 1640 1256 qui
1671 1190 1986 1244 misereatur
2017 1204 2031 1251 ;

458 1258 859 1338 ingemiscimus
878 1301 891 1318 ,
924 1274 1023 1338 nec
1049 1258 1247 1338 estqui
1300 1273 1398 1338 no_s_
1442 1268 1650 1338 servet._
1685 1260 1748 1338 U_t
1779 1274 1844 1312 ne
1876 1259 2036 1328 igitur

457 1344 557 1382 nos
573 1345 692 1383 cum
728 1330 827 1382 illis
848 1330 1048 1383 insanis
1096 1328 1397 1396 hujusmodi
1448 1329 1609 1383 verba
1639 1330 1689 1384 in
1719 1330 1896 1384 futuro
1926 1344 2031 1381 sze-

454 1402 576 1452 culo
604 1400 956 1468 proferamus,
988 1400 1189 1461 venite,
1214 1400 1602 1466 praweniamus
1638 1403 1805 1455 furem
1831 1401 2034 1452 anima~

455 1485 572 1523 rum
602 1482 926 1531 nostrarum,
958 1484 1237 1523 curramus
1284 1471 1410 1524 dum
1463 1481 1673 1538 tempus
1728 1472 1987 1525 habemus
2012 1510 2028 1534 ,

454 1540 882 1609 ingemiscamus,
915 1538 1279 1609 pamitentiam
1305 1555 1541 1609 agamus.
1574 1543 2028 1610 expergiscantur,

452 1625 653 1679 qua-so,
682 1625 745 1665 ex
779 1626 970 1663 somno
996 1610 1333 1679 negligentiae
1360 1619 1577 1674 nostrze,
1611 1626 1675 1665 ex
1703 1626 1867 1667 onere
1900 1626 2030 1679 pec-

450 1690 690 1734 catorum
722 1690 777 1736 et
801 1682 1044 1750 sognitiei
1074 1689 1303 1745 nostrae;
1328 1680 1675 1735 extendamus
1711 1697 1898 1736 manus
1928 1698 2029 1735 no-

452 1762 589 1820 stras
623 1753 687 1805 ad
716 1767 838 1806 eum
889 1753 980 1820 qui
1032 1766 1128 1804 nos
1176 1765 1391 1806 servare
1433 1759 1622 1817 potest.
1656 1762 1709 1806 et
1746 1753 2027 1808 dicamus:

453 1819 686 1887 Domine,
718 1826 859 1876 salva
889 1819 998 1885 uos,
1032 1822 1251 1890 perimus
1284 1822 1303 1890 (
1326 1820 1509 1874 Matth.
1536 1822 1590 1876 8.
1614 1822 1685 1876 25
1716 1824 1753 1889 ).
1787 1822 2029 1878 Festine-

450 1909 569 1945 mus
600 1895 796 1958 solum,
829 1904 1114 1962 antequam
1147 1891 1229 1945 sol
1255 1892 1461 1946 occidat
1484 1931 1501 1957 ,
1539 1903 1826 1962 antequam
1859 1895 2021 1962 janua

447 1962 746 2026 claudatur,
774 1961 1060 2032 antequam
1091 1977 1194 2015 nox
1222 1962 1490 2017 adveniat.
1523 1961 1656 2017 Cum
1681 1961 1822 2018 enim
1853 1961 2025 2019 ctetus

451 2033 656 2086 solutus
684 2033 868 2095 fuerit,
900 2049 1060 2087 nemo
1079 2032 1464 2100 negotiabitur;
1496 2048 1618 2087 cum
1649 2032 1910 2088 theatrum
1934 2052 2024 2089 St)-

445 2101 611 2155 lntmu
642 2103 819 2165 fuerit,
846 2118 1005 2157 nemo
1030 2103 1395 2167 coronabitur,
1416 2118 1574 2157 nemo
1594 2105 1841 2159 certabit.
1874 2108 2022 2172 Qua-

448 2180 665 2241 proplvr
689 2188 970 2227 curramus
996 2190 1009 2225 :
1052 2186 1211 2225 cursu
1259 2172 1407 2226 enim
1428 2188 1563 2241 opus
1589 2183 1691 2239 est,
1721 2174 1933 2242 fratres,
1961 2193 2025 2233 ac

444 2245 712 2296 concitato
739 2258 924 2307 cursu,
957 2251 1016 2296 ut
1059 2242 1470 2311 prmveniamus,
1524 2254 1582 2297 ut
1623 2260 1689 2300 ne
1730 2262 1829 2300 nos
1861 2250 2022 2303 etiam

446 2316 721 2381 pulsantes
738 2314 1038 2369 audiamus.
1074 2311 1262 2364 Nescio
1285 2328 1371 2382 uos
1390 2328 1409 2365 :
1438 2313 1688 2367 celeriter
1710 2332 2014 2382 curramus,

443 2384 606 2436 etiam
652 2399 774 2436 cum
807 2384 1014 2437 tantillo
1043 2382 1264 2451 pudore.
1297 2381 1349 2435 In
1378 2384 1592 2452 quantis
1620 2384 1900 2440 Dominum
1936 2381 2016 2441 in?

446 2452 850 2516 honoravimus,
883 2455 935 2507 in
966 2454 1177 2523 quantis
1205 2452 1602 2507 benefactorem
1621 2454 1685 2508 ad
1711 2456 1843 2511 iram
1886 2472 2015 2511 con-

440 2525 768 2578 citavimus?
826 2526 917 2578 ille
972 2524 1125 2577 nobis
1177 2523 1433 2577 beneficia
1479 2524 1720 2588 confert,
1753 2535 1806 2580 et
1837 2542 1935 2581 nos
1965 2528 2017 2581 id

440 2596 678 2661 quotidie
710 2596 1050 2663 ignoramus;
1085 2594 1172 2648 ille
1218 2594 1525 2660 miseratur,
1556 2605 1610 2649 et
1636 2610 1734 2650 nos
1765 2610 2012 2651 contem-

441 2665 618 2720 nimus
643 2683 659 2723 ;
693 2668 779 2719 ille
803 2667 895 2718 alit
922 2665 1184 2734 nobisque
1230 2665 1509 2733 prospicit,
1533 2676 1587 2719 et
1611 2681 1707 2719 nos
1729 2668 1845 2735 ejus
1877 2684 2015 2735 pra,»

437 2745 592 2804 cepta
622 2736 860 2806 quotidie
887 2735 1340 2804 transgrediuntur,
1389 2751 1490 2790 nec
1533 2750 1630 2790 nos
1681 2739 1861 2805 pudet.
1906 2738 2016 2794 Nos

437 2806 650 2859 demum
685 2806 881 2874 pudeat
910 2824 923 2858 :
956 2822 1077 2860 nam
1136 2814 1345 2873 tempus
1399 2807 1791 2875 appropinquat
1817 2819 1871 2863 et
1898 2810 2016 2864 dies

435 2877 685 2938 advenit,
718 2887 772 2929 et
803 2892 900 2930 nos
927 2885 1138 2945 oportet
1162 2875 1229 2929 de
1252 2884 1358 2929 tota
1406 2877 1511 2930 vita
1542 2888 1721 2931 nostra
1752 2881 2013 2934 rationem

436 2946 677 3001 reddere.
709 2945 894 3000 Finem
934 2949 1147 3000 denmm
1179 2948 1514 3015 imponamus
1541 2948 1903 3004 iuunoderatis
1926 2953 2013 3007 de-

436 3016 572 3070 liciis
600 3018 842 3086 turpique
867 3017 1017 3082 risui,
1051 3032 1117 3072 ne
1144 3016 1254 3070 illic
1282 3032 1462 3071 amare
1483 3019 1737 3073 fleamus:
1758 3018 2011 3079 fratribus

435 3090 631 3141 nosnis
651 3089 937 3142 conviciari
960 3102 1252 3152 cessemus,
1297 3103 1396 3142 nec
1424 3086 1544 3142 illos
1571 3089 1695 3142 odio
1720 3089 2011 3149 habeamus

434 3160 515 3210 vel
546 3158 821 3212 l-cdamus.
870 3158 1054 3213 Finem
1101 3159 1357 3212 faciamus
1410 3159 1839 3225 thesaurizandi,
1877 3163 2013 3217 deli-

433 3229 607 3281 ciandi
629 3270 642 3292 ,
681 3228 1014 3284 fornicandi:
1049 3230 1421 3284 incumbamus
1468 3230 1821 3296 orationibus,
1853 3232 2011 3289 obse-

430 3300 782 3365 crationibus,
807 3301 1143 3364 lectionibus,
1160 3300 1399 3368 jejuniis,
1427 3300 1787 3368 pteuitentiae:
1818 3318 2009 3361 novatn

433 3371 593 3422 vitam
624 3370 991 3431 exhibeamus.
1022 3369 1395 3434 confiteamur,
1443 3381 1853 3426 convertamur:
1885 3390 2007 3430 nam

428 3441 797 3513 conversionis
821 3449 1029 3513 tempus
1054 3450 1157 3494 est.
1185 3439 1563 3513 Paenitentiam
1614 3456 1855 3513 agamus,
1888 3445 2006 3513 plo-

428 3524 630 3574 remus,
667 3510 779 3563 Deo
808 3511 1156 3564 exhibeamus
1182 3510 1464 3564 sollicitam
1490 3510 1858 3577 pcenitentiam
1884 3510 1901 3577 ζ
1954 3526 2008 3569 et

428 3588 699 3647 peccatum
723 3581 846 3635 odio
865 3582 1174 3634 habeamus.
1218 3580 1313 3633 Hic
1346 3579 1557 3646 paulum
1582 3621 1598 3645 ,
1624 3595 1828 3648 quwso,
1860 3583 2009 3637 labo-

429 3665 629 3714 remus,
674 3662 727 3705 ut
773 3667 840 3705 ne
892 3653 998 3706 iliic
1028 3652 1251 3703 multum
1300 3650 1619 3704 cruciemur.
1656 3651 2006 3710 Decertenms

425 3730 548 3775 ante
578 3731 807 3789 tempus,
843 3724 1053 3785 fratres,
1100 3731 1155 3774 ut
1195 3737 1260 3775 ne
1300 3720 1603 3774 cruciemur
1634 3720 1685 3774 in
1718 3730 2000 3780 etet-num.

425 3790 658 3861 Tempus
686 3793 844 3847 breve
868 3804 970 3855 est,
994 3791 1251 3859 judicium
1281 3792 1497 3859 longum
1516 3830 1531 3852 ,
1560 3792 1680 3845 linis
1702 3807 1868 3861 prope
1887 3834 1902 3857 ,
1932 3796 2001 3848 ti-

424 3877 541 3915 mur
567 3878 810 3931 magnus,
836 3871 892 3917 et.
917 3878 1074 3917 netno
1105 3863 1207 3916 erit
1232 3863 1321 3932 qui
1374 3862 1712 3932 misereatur.
1746 3862 2004 3932 Requirct

420 3932 561 3985 enim
587 3930 814 4001 tempus,
839 3934 983 4003 quod
1004 3932 1227 4002 quisque
1249 3930 1386 4003 male
1411 3930 1714 4003 insumpsit,
1731 3944 1784 3988 et
1800 3930 1999 3989 utinam

424 4018 528 4056 non
585 4002 967 4059 iuvettiatl’V'te
1012 4002 1384 4066 obtrectatori,
1428 4002 1553 4072 quia
1600 4003 1796 4057 ardens
1846 4019 1999 4068 aqua:

419 4074 590 4128 stillas
643 4084 881 4145 quaeret.
932 4089 1031 4129 nec
1076 4074 1474 4145 invenietlvze
1520 4073 1815 4145 incredula,
1872 4077 1994 4143 quia

418 4143 676 4199 a-tcrnuui
721 4145 1093 4200 cruciahitur!
1143 4160 1221 4198 va:
1246 4143 1555 4213 negligenti,
1589 4145 1713 4212 quia
1742 4146 1804 4196 ad
1843 4162 1996 4200 seve-

418 4230 534 4269 rum
563 4215 802 4270 Judicem
832 4214 1004 4285 p<-rgit
1032 4218 1046 4270 l
1084 4230 1163 4267 vae
1183 4214 1256 4269 illi
1285 4215 1379 4284 qui
1403 4228 1507 4269 nou
1533 4215 1835 4285 certaverit,
1870 4217 1995 4284 quia

418 4285 736 4339 innuanibus
761 4284 965 4354 angelis
989 4285 1277 4339 tradendus
1303 4295 1384 4339 est
1409 4286 1421 4338 !
1451 4284 1551 4351 Qui
1577 4300 1765 4338 aurum
1797 4287 1989 4354 perdit,

416 4355 556 4408 aliud
587 4356 777 4409 aurum
802 4356 1043 4419 invenit;
1076 4356 1220 4410 aliud
1250 4370 1379 4410 vero
1403 4354 1737 4423 paenitentia
1781 4364 1993 4424 tempus

414 4425 640 4496 inveniri
670 4440 776 4479 non
809 4435 1004 4495 potest.
1058 4425 1137 4480 Ne
1180 4440 1465 4496 parcamus
1487 4465 1502 4489 ,
1533 4424 1760 4496 fratres,
1792 4427 1992 4481 nostris

412 4495 747 4564 corporibus,
802 4494 896 4550 sed
948 4497 1037 4551 illa
1079 4494 1368 4551 atteramus
1395 4515 1409 4550 :
1441 4497 1564 4564 quia
1594 4494 1737 4548 Beati
1762 4497 1847 4562 qui
1872 4513 1991 4551 esu-

410 4565 545 4639 riant
571 4575 617 4639 et
637 4567 831 4631 sitiunt,
857 4569 988 4622 beati
1017 4569 1103 4635 qui
1123 4565 1295 4639 lugent
1312 4568 1331 4639 (
1355 4566 1626 4639 Matt/1.75.
1656 4566 1748 4634 6).
1780 4568 1990 4639 Corpus

409 4636 552 4691 enim
600 4637 766 4691 lutum
794 4647 877 4692 est
907 4657 921 4693 :
952 4636 1232 4707 venietque
1282 4636 1411 4690 hora
1432 4646 1488 4690 et
1513 4638 1626 4690 dies
1676 4638 1947 4691 tremenda
1969 4677 1983 4700 ,

409 4710 545 4766 mala
576 4718 630 4763 et
655 4708 998 4773 inevitabilis,
1028 4718 1083 4763 et
1111 4706 1246 4761 terra
1270 4706 1322 4761 in
1345 4718 1541 4762 terram
1566 4707 1681 4773 ibit,
1708 4707 1987 4776 pulvisque

409 4776 461 4850 in
492 4780 761 4846 pulverem
786 4780 1074 4850 redigetur.
1104 4777 1416 4850 Vigilemus,
1460 4776 1674 4850 fratres,
1721 4779 1981 4842 obsecro,

409 4848 764 4921 iteragamus,
800 4848 1163 4921 respiremus:
1207 4848 1384 4921 veniet
1429 4850 1571 4921 enim
1596 4848 1755 4921 hora,
1780 4859 1983 4921 et_vere

406 4918 778 4983 veniet,exitus
808 4918 975 4975 uoStri
1007 4939 1019 4970 :
1050 4936 1119 4976 ne
1149 4934 1247 4975 nos
1269 4919 1416 4989 ipsos
1435 4919 1787 4988 decipiamus.
1813 4918 1940 4972 Esto
1960 4959 1976 4985 ,

1784 439 1871 495 DE
1911 439 2181 499 SALUTE
2217 436 2479 495 ΔΝΙΜΕ.

3451 380 3492 391 ..ο

3631 456 3735 513 733

2144 555 2351 636 dilecti,
2380 554 2725 636 delicis-mur;
2751 560 2888 636 esto,
2916 554 3114 636 divites
3140 554 3731 636 simusquinquaginta,

2147 624 2255 695 imo
2296 633 2513 695 centum
2553 625 2750 679 annis:
2786 635 2991 695 etpost
3037 628 3152 683 hazc
3198 624 3375 687 morb'i
3402 644 3456 687 et
3478 624 3733 695 sericatus

2145 693 2544 767 adveniunt,_et
2565 704 2683 767 post
2728 696 2841 749 hazc
2871 693 3051 767 quid?
3098 700 3381 756 lnfirmitas
3413 714 3467 757 et
3496 720 3644 763 mors
3673 693 3729 763 et

2147 763 2414 842 horrenda
2453 765 2552 842 illa
2589 765 2760 842 hora,
2782 763 2915 842 quae:
2954 780 3298 842 exspectatur
3314 782 3368 827 et
3395 775 3649 842 timetur,
3678 790 3730 833 et

2146 841 2324 887 tamen
2366 836 2665 910 negligitur.
2689 836 2871 910 Magna
2892 838 3122 892 formido
3149 851 3273 896 tunc
3300 842 3486 909 instat,
3514 836 3726 910 fratres;

2144 918 2397 973 magnum
2428 904 2623 975 quippe
2641 904 2953 979 estpvidere
2979 911 3207 963 animam
3234 904 3534 979 separatam
3552 932 3580 968 a
3602 904 3729 972 cor;

2143 988 2275 1044 pore
2303 992 2316 1029 :
2350 989 2541 1046 magna
2565 977 2856 1056 necessitas
2906 976 3051 1056 horae
3099 976 3522 1056 illiust—quando
3547 987 3725 1056 lingua

2144 1061 2249 1097 non
2281 1047 2804 1120 potestverbapure
2836 1047 3096 1120 proferre,
3125 1047 3339 1120 quando
3386 1056 3570 1109 oculos
3611 1047 3722 1111 fre-

2141 1124 2369 1185 quenter
2420 1114 2541 1168 hinc
2565 1124 2619 1168 et
2650 1114 2771 1170 inde
2796 1119 3056 1174 vertimus
3078 1162 3091 1185 ,
3129 1114 3180 1175 et
3210 1123 3483 1179 adstantes
3521 1127 3725 1184 amicos

2140 1181 2443 1264 fratresque
2475 1194 2692 1238 nostros
2716 1186 2919 1264 alloqui
2947 1204 3050 1242 non
3078 1181 3719 1264 possumusNoslugen;

2143 1263 2224 1307 tes
2245 1255 2513 1336 audimus,
2544 1268 2591 1309 et
2612 1257 3006 1336 consolariuon
3062 1255 3348 1330 possumus
3376 1264 3558 1336 :Afilios
3587 1255 3720 1336 "plo-

2139 1335 2321 1396 rantes
2351 1335 2403 1379 et
2433 1326 2789 1396 lacrymantes
2843 1326 3084 1383 videmus
3111 1370 3126 1391 ,
3159 1342 3352 1386 etcum
3402 1334 3502 1389 hoc
3533 1326 3718 1393 labore

2140 1395 2447 1473 migramus.
2479 1395 2681 1465 Ecquid
2715 1398 2849 1473 filios
2880 1402 3162 1473 memoro?
3185 1401 3238 1454 lu
3264 1403 3349 1455 illa
3378 1407 3572 1473 quippe
3587 1406 3717 1463 hora

2140 1480 2245 1517 non
2277 1466 2413 1519 filios
2441 1482 2630 1521 curare
2658 1469 2896 1520 valemus
2917 1510 2932 1531 ,
2966 1486 3070 1522 non
3104 1472 3315 1530 fratres.
3352 1466 3448 1527 nec
3472 1466 3578 1529 alia
3607 1479 3715 1532 sol-

2137 1534 2358 1610 licitudo
2381 1552 2477 1590 nos
2508 1536 3172 1611 tenet,_nisi_peccatornm
3197 1552 3501 1597 nostrorum
3520 1547 3718 1611 eugita-

2139 1604 2233 1668 tio,
2267 1615 2321 1660 et
2347 1606 2701 1683 quomodoad
2728 1604 2968 1683 Judicetn
2997 1613 3266 1683 accessuri
3315 1614 3481 1668 simus
3503 1656 3516 1679 ,
3550 1604 3710 1683 quam

2134 1676 2532 1752 circumitionem
2582 1678 2814 1752 allaturi,
2837 1678 3021 1752 quisve
3050 1680 3198 1736 locus
3245 1697 3343 1736 nos
3389 1676 3715 1752 excepiurus

2136 1745 2226 1822 sit.
2264 1746 2465 1822 Deinde
2494 1746 2619 1800 dum
2651 1748 2763 1802 lucc
2785 1745 3082 1822 cogitamus
3104 1792 3120 1816 ,
3153 1762 3371 1822 repente
3398 1745 3591 1808 adsunt
3613 1773 3711 1811 no-

2131 1813 2213 1891 bis
2233 1816 2405 1891 angeli
2427 1818 2691 1891 immanes
2716 1833 2730 1868 :
2756 1813 2882 1872 tunc
2899 1835 2999 1875 nos
3024 1813 3146 1875 illos
3193 1813 3589 1891 conspicientes
3612 1869 3625 1886 .
3664 1830 3711 1884 si

2131 1884 2373 1963 imparati
2397 1887 2582 1963 simus,
2603 1887 2655 1941 in
2674 1898 2869 1957 quanta
2893 1891 3291 1963 perturbatione
3314 1884 3470 1946 futuri
3499 1884 3706 1963 sumus,

2131 1966 2194 2007 ex
2226 1957 2361 2009 lecto
2392 1955 2572 2025 fugere
2616 1955 3010 2021 conantesfsed
3049 1960 3205 2015 irrito
3232 1973 3424 2016 conatu
3451 1981 3465 2024 ;
3497 1955 3709 2023 miseris

2129 2026 2297 2102 oculis
2316 2038 2365 2081 et
2389 2038 2581 2081 mmsto
2599 2027 2747 2102 vultu
2778 2029 3082 2102 rogabimus
3110 2032 3229 2085 illos
3252 2074 3267 2097 ,
3296 2034 3657 2102 supplicantes
3682 2078 3699 2102 ,

2129 2094 2478 2173 deprecantes
2504 2113 2566 2173 ac
2595 2094 2865 2173 dicentes,
2883 2099 3204 2173 Miseremini
3236 2094 3340 2157 mei
3362 2094 3376 2167 ξ
3400 2094 3573 2173 angeli
3601 2094 3706 2162 tre:

2130 2166 2332 2237 utendi,
2356 2168 2444 2237 qui
2475 2167 2699 2223 adstatis
2724 2178 2850 2224 ante
2879 2170 3127 2224 thronum
3162 2172 3251 2226 Dei
3279 2213 3295 2236 ,
3337 2166 3389 2227 et
3410 2166 3594 2228 ne'me
3621 2176 3703 2230 in.

2129 2235 2458 2291 fructuosum
2502 2246 2557 2291 et
2589 2238 2854 2308 impurum
2902 2239 3075 2295 Judici
3106 2235 3345 2306 sistatis;
3379 2259 3446 2297 ne
3468 2260 3554 2300 me
3577 2263 3702 2312 pec-

2126 2316 2362 2381 catorem
2391 2324 2417 2359 a
2449 2324 2676 2381 corpore
2703 2311 3002 2381 separetis;
3033 2328 3119 2370 ne.
3148 2328 3329 2381 quwso
3355 2324 3408 2368 et
3433 2311 3657 2371 obsecro
3688 2337 3701 2371 :

2128 2379 2337 2445 prOpitii
2364 2388 2533 2453 estote
2554 2389 2606 2453 et
2634 2378 2947 2453 flectimini;
2994 2378 3270 2437 sinite—me
3301 2400 3395 2453 per
3431 2386 3696 2443 modicum

2128 2455 2333 2523 tempus
2361 2448 2425 2501 ad
2459 2450 2844 2523 paenitendum,
2873 2448 3350 2520 ingemiscendmn,
3393 2455 3701 2523 lugendum,

2122 2516 2490 2588 cleemosynas
2540 2517 2841 2582 faciendas,
2890 2516 3010 2588 quia
3042 2523 3179 2577 male
3228 2516 3385 2576 vitam
3415 2516 3585 2579 [niveam
3619 2516 3700 2581 in;

2122 2587 2650 2661 sttuipsiettransegi.
2686 2590 2808 2661 llaec
2832 2587 3112 2646 audientes
3132 2593 3496 2661 angelidicent
3526 2598 3698 2652 nobis:

2122 2656 2641 2736 Omisera_anima,
2698 2658 2812 2736 dies
2856 2676 3045 2736 omnes
3095 2656 3228 2736 tuos
3274 2665 3328 2717 in
3380 2666 3699 2736 negligentia

2123 2726 2447 2802 transegisti.
2480 2738 2533 2782 et
2552 2744 2690 2802 tuine
2719 2730 2797 2783 vis
2827 2730 3195 2802 ptenitentialn
3226 2733 3429 2802 agere?
3451 2726 3496 2789 ἶ)
3522 2726 3696 2791 infor-

2124 2804 2303 2873 tunata
2332 2797 2534 2873 anima,
2569 2797 2649 2851 sol
2674 2809 2793 2852 tuus
2821 2797 3039 2865 occidit,
3084 2797 3294 2870 tempus
3327 2816 3471 2858 tuum
3502 2817 3696 2873 przetc~

2121 2864 2210 2941 riit
2239 2881 2253 2917 :
2280 2867 2440 2941 jussit
2471 2868 2606 2941 Deus
2632 2878 2688 2941 te
2708 2885 2735 2922 a
2762 2885 2990 2941 corpore
3015 2864 3275 2941 separari.
3304 2873 3435 2933 Veni
3470 2864 3525 2929 ut
3563 2893 3696 2931 con-

2118 2936 2391 2990 demneris
2418 2947 2472 2992 et
2500 2937 2804 3009 delrudaris
2839 2936 2891 2994 in
2924 2936 3094 3009 igneni
3119 2956 3377 2997 aeternum
3403 2947 3696 3003 sectantium

2118 3020 2280 3084 opera
2312 3018 2435 3060 tua:
2475 3025 2578 3061 non
2601 3008 2753 3084 enim
2776 3008 2974 3084 esttibi
3027 3012 3250 3084 ulterius
3289 3029 3411 3084 spes
3462 3017 3650 3070 salutis
3678 3059 3694 3083 ,

2118 3079 2211 3129 sed
2233 3086 2492 3151 wternum
2530 3078 2868 3151 supplicium.
2903 3082 3024 3136 llarc
3059 3078 3358 3147 audientes,
3388 3085 3592 3151 dilecti,
3644 3078 3698 3142 ei

2119 3162 2243 3199 vera
2275 3148 2555 3203 credentes
2581 3190 2594 3211 ,
2629 3164 2733 3203 non
2761 3149 2965 3205 fabulas
2986 3191 3004 3219 ,
3031 3162 3154 3207 ante
3180 3154 3325 3207 illam
3368 3155 3549 3208 horam
3580 3148 3695 3210 Vde-

2120 3225 2411 3292 cet-temus;
2442 3230 2496 3273 et
2526 3220 2569 3273 si
2597 3220 2737 3292 adsit
2763 3223 3093 3277 consuetudo
3115 3225 3390 3292 peccandi,
3416 3227 3697 3284 exscinda—

2119 3303 2237 3361 ntus
2265 3287 2425 3361 illam
2456 3305 2550 3358 per
2581 3291 2969 3359 paenitentiam.
3024 3287 3406 3358 Ne'erremus,
3442 3297 3634 3350 fratres
3671 3316 3684 3361 ;

2111 3356 2372 3439 judicium
2405 3356 2636 3439 futurum
2652 3370 2753 3427 est,
2778 3372 3145 3439 :eterqumque
3177 3356 3526 3439 supplicium,
3557 3356 3697 3435 ignis

2116 3431 2206 3502 qui
2238 3444 2344 3482 non
2370 3431 2748 3502 esstinguitur,
2780 3434 2978 3486 vermis
3005 3431 3093 3502 qui
3124 3431 3515 3500 non'morittuy
3547 3431 3696 3492 tene-

2116 3497 2225 3566 hrte
2258 3497 2576 3570 exteriores,
2639 3511 2891 3563 tartarus.
2941 3497 3137 3557 stridor
3191 3504 3473 3570 dentium,
3504 3497 3693 3562 luctus

2115 3582 2358 3635 magnus,
2390 3578 2443 3641 ut
2480 3568 2733 3623 Dominus
2773 3570 2826 3624 in
2866 3571 3165 3641 Evangeliis
3206 3568 3688 3631 commemoravit:

2115 3651 2219 3688 non
2263 3639 2486 3709 mendas
2535 3643 2676 3692 enim
2719 3652 2832 3705 est,
2874 3644 2962 3709 qui
3013 3639 3193 3695 dixit:
3251 3642 3442 3697 Cretum
3472 3656 3516 3698 et
3557 3658 3691 3701 terra

2113 3707 2395 3782 transibant
2414 3710 2608 3782 ;~rerba
2629 3720 2796 3782 autem
2826 3707 2935 3782 mea
2965 3729 3065 3765 non
3094 3715 3416 3779 prwtert'bunt
3446 3714 3464 3782 (
3499 3715 3685 3770 Matth.

2110 3775 2199 3830 24.
2234 3777 2303 3832 55
2330 3780 2372 3846 ).
2427 3778 2784 3844 Quamobrem
2833 3775 3114 3836 timeamus
3145 3792 3199 3836 et
3237 3775 3687 3840 exhorrescamus

2108 3861 2317 3911 omnes,
2347 3851 2510 3922 quiin
2537 3850 2767 3917 peccatis
2794 3852 3038 3917 viximus,
3082 3864 3135 3906 et
3157 3854 3372 3908 solliciti
3412 3855 3601 3922 sinms,
3634 3868 3690 3912 ut

2106 3931 2226 3993 eum
2255 3919 2455 3972 sanctis
2478 3935 2570 3989 per
2591 3922 2956 3993 pteniteutiam
2982 3923 3335 3977 inveniamur.
3364 3923 3441 3980 Ne
3463 3919 3687 3993 dixeris,

2108 3986 2336 4067 Furatus
2358 3986 2510 4067 sum,
2531 3986 2722 4067 occidi,
2757 3992 3050 4067 fornicatus
3070 4002 3210 4058 sum,
3242 4002 3296 4048 et
3325 4010 3430 4067 non
3460 3986 3687 4067 accipiei

2104 4073 2200 4135 me
2226 4060 2363 4112 Deus
2392 4077 2405 4111 :
2442 4062 2568 4114 nihil
2602 4062 2790 4135 horum
2822 4062 3021 4116 dixeris
3050 4081 3062 4115 :
3091 4078 3280 4117 cumules
3304 4065 3445 4118 enim
3468 4060 3685 4135 accipit,

2104 4138 2159 4181 ut
2189 4130 2476 4201 latronem,
2510 4141 2567 4184 ut
2595 4132 2957 4201 publicaumn,
2990 4143 3046 4184 ut
3070 4135 3430 4187 meretricem.
3459 4130 3685 4191 Tanutut

2101 4213 2168 4254 ne
2195 4200 2567 4267 desperent-us,
2599 4200 2804 4269 quaeso,
2840 4218 2908 4257 ne
2956 4218 3150 4271 segnes
3178 4204 3366 4258 simus.
3403 4205 3685 4261 Pulsemus

2103 4283 2196 4342 per
2226 4270 2594 4342 ptenitetttiam
2625 4285 2675 4325 et
2706 4273 2983 4328 dit-amns:
3011 4270 3170 4341 Aperi
3201 4274 3376 4335 nobis,
3412 4275 3634 4328 Domine
3665 4319 3681 4342 ,

2101 4339 2336 4405 indignis
2381 4349 2436 4394 et
2477 4342 2885 4408 peet-atoribus:
2938 4339 3157 4411 propter
3203 4359 3397 4397 nomen
3434 4339 3680 4400 sanctum

2099 4418 2337 4462 tuumne
2365 4414 2679 4483 avet-larisa
2715 4413 2888 4477 nobis,
2922 4412 3014 4465 sed
3046 4414 3278 4482 plaeu-e.
3308 4421 3360 4467 et
3400 4429 3469 4467 ne
3501 4415 3676 4483 prives

2095 4495 2196 4533 nos
2228 4494 2399 4553 regno
2451 4491 2561 4553 tuo.
2590 4482 2674 4553 Tu
2711 4498 2769 4536 es
2799 4484 2943 4537 enim
2975 4483 3119 4536 Deus
3151 4499 3366 4549 eorum,
3399 4482 3681 4553 quispam

2095 4565 2199 4603 non
2231 4550 2460 4606 habituri
2513 4551 2764 4606 videntur
2788 4594 2803 4618 ,
2837 4564 2890 4607 et
2920 4553 3065 4607 salus
3107 4555 3370 4619 omnium,
3402 4550 3494 4620 qui
3535 4550 3599 4608 ad
3628 4567 3678 4609 te

2092 4622 2405 4695 confugiunt
2429 4640 2443 4675 :
2466 4637 2529 4695 ac
2559 4631 2703 4695 tuum
2734 4634 2814 4695 est
2832 4638 3066 4695 regnum
3096 4632 3149 4675 et
3178 4633 3410 4692 potestas
3436 4634 3482 4695 et
3510 4626 3677 4695 gloria

2090 4706 2212 4745 cum
2246 4692 2403 4745 Patre
2428 4693 2647 4761 quisine
2675 4692 2933 4761 principio
2962 4704 3066 4759 est,
3093 4703 3287 4748 etcum
3312 4692 3677 4759 sanctissimo,

2090 4761 2306 4835 bonoet
2336 4764 2545 4835 vivifico
2564 4762 2789 4831 Spiritu,
2821 4778 2962 4819 nunc
2986 4775 3040 4818 et
3063 4774 3298 4835 semper,
3328 4764 3455 4820 etin
3484 4766 3678 4819 smcula

2088 4833 2427 4887 sweulorum.
2470 4834 2666 4889 Amen.

414 5068 3674 5116 Mm

1611 5215 2086 5331 MONI
2101 5214 2490 5329 TUM

1452 5430 1533 5492 IN
1575 5426 2054 5492 OBATIONEM
2095 5427 2598 5503 SEQUENTEM.

466 5609 609 5666 Hanc
632 5609 1041 5672 oratiunculam,
1067 5607 1167 5661 etsi
1194 5604 1370 5660 minus
1394 5603 1627 5670 ineptam
1652 5616 1809 5672 quam
1835 5614 1957 5669 pne

392 5680 678 5751 cedentes,
705 5697 810 5738 non
838 5680 963 5739 licet
985 5670 1371 5749 Chrysostomo
1407 5670 1739 5732 adscribere.
1782 5670 1975 5726 Recla-

2080 5606 2188 5675 περὶ
2204 5595 2347 5651 enim
2370 5593 2493 5666 styli
2515 5594 2817 5675 diversitas,
2841 5607 2960 5675 quae
2980 5593 3210 5675 Inarime
3228 5592 3277 5648 in
3298 5568 3510 5675 dacis,
3534 5592 3672 5663 πνιιύ

2084 5662 2527 5739 Chrysostonium
2548 5666 2659 5722 suis
2679 5680 2737 5723 se
2761 5662 2904 5720 notis
2922 5662 3241 5737 iudiciisque
3269 5662 3466 5734 prodit.
