4086 6486
391 527 486 580 ἸἴιἸ

387 652 602 697 centeni
650 635 1045 708 deprehendat,
1079 634 1269 708 t‘l__tilii
1302 634 1497 708 malum
1527 642 1580 686 et
1610 632 1737 708 mihi
1766 631 1968 687 laetum

388 703 756 780 lacrymasque
786 708 1117 780 conciliatus.
1148 705 1240 780 ille
1281 703 1966 780 vero‘hismonobtempe-

389 772 532 844 rans,
565 772 690 832 illud
714 820 729 842 ,
757 782 878 843 Ave,
913 777 1079 847 gratia
1106 775 1278 844 plena.
1310 772 1634 847 proferebat.
1665 772 1964 839 Conspecta

391 843 554 918 Virgo
578 849 694 915 ejus
725 843 1141 918 perseverantia,
1172 859 1355 898 aurem
1388 843 1970 918 prailniitput‘acenra-

390 911 510 973 tius"
524 911 748 971 dicentis
775 932 992 984 scopum
1020 914 1319 984 edisceret:
1349 911 1683 984 atque__illud.
1707 912 1825 975 Ave,
1845 928 1969 984 grn-

390 992 459 1041 tia
490 989 659 1058 plena,
686 981 1090 1058 postea‘accepit
1123 983 1464 1058 admisitque.
1504 981 1747 1058 llle__\_'er_o
1776 982 1966 1058 pergit,

392 1049 847 1113 Domitius-terunt.
885 1054 951 1110 Ut
978 1049 1153 1107 autem
1176 1053 1375 1106 audivit
1409 1051 1567 1116 Virgo
1593 1050 1717 1104 illud
1741 1091 1754 1112 ,
1781 1049 1967 1102 Domi-

392 1145 486 1181 nus
514 1137 674 1181 tecum
696 1168 710 1189 ,
741 1128 1041 1190 loquentem
1073 1124 1248 1176 statim
1280 1123 1420 1175 intus
1449 1120 1744 1174 advocavit.
1791 1120 1969 1173 Domi-

391 1212 543 1261 num,
569 1197 759 1264 inquit,
787 1205 962 1249 tecum
990 1192 1168 1264 affers,
1195 1194 1336 1246 intus
1364 1190 1663 1264 ingredere,
1681 1199 1733 1243 et
1754 1204 1849 1264 cur
1874 1204 1968 1264 ve-

394 1258 539 1321 neris
583 1258 690 1319 ciio
740 1258 916 1318 narra.
961 1263 1094 1316 Tum
1141 1264 1359 1327 angelus
1405 1278 1418 1314 :
1454 1259 1585 1312 Ecce
1627 1260 1875 1327 concipias
1916 1258 1970 1312 in

392 1346 553 1398 utero,
575 1345 620 1388 ct
643 1336 807 1404 paries
829 1334 1010 1402 ﬁlium,
1034 1344 1081 1404 ct
1097 1332 1291 1385 vocabis
1316 1346 1493 1404 nomen
1514 1330 1623 1398 ejus
1637 1328 1934 1404 Emmanuel
1950 1344 1970 1381 :

396 1407 477 1460 hic
500 1408 592 1459 erit
624 1399 857 1472 magnus,
894 1405 1031 1458 Dens
1061 1401 1233 1467 fortis,
1271 1399 1716 1472 priiiccps_pacis,
1754 1408 1966 1472 potens,

397 1485 548 1544 pater
591 1468 750 1528 futuri
778 1474 979 1527 saeculi.
1014 1473 1095 1544 Ad
1126 1472 1240 1524 ltzrc
1270 1468 1429 1544 Virgo
1452 1468 1471 1535 ζ
1495 1468 1740 1544 Nondum
1770 1471 1967 1544 nuptize

396 1538 558 1610 sunt,
592 1545 827 1598 nomium
884 1543 1131 1609 nuptialis
1177 1541 1474 1603 thalamus,
1505 1548 1558 1592 et
1603 1538 1713 1610 jam
1745 1538 1969 1610 partus?

399 1607 553 1681 Quid
581 1614 746 1668 facias
778 1629 881 1667 non
916 1607 1097 1665 habes.
1143 1612 1196 1664 Si
1230 1618 1411 1681 utpote
1452 1609 1762 1677 peregrinus
1791 1607 1968 1676 aliquo

398 1680 655 1754 indigeas.
677 1684 858 1751 accipe
876 1693 929 1736 et
960 1683 1112 1745 vade,
1147 1691 1290 1754 etne
1315 1680 1682 1754 intempestive
1710 1693 1830 1754 quae
1858 1690 1957 1754 ne—

397 1746 852 1809 scis'vaticincris.
886 1755 1132 1805 Attamen
1164 1752 1207 1804 si
1248 1749 1567 1816 concipiam,
1617 1761 1680 1816 ex
1731 1746 1966 1814 Joscpho

401 1825 601 1892 utique.
631 1823 764 1877 Τιιηι
793 1822 1012 1887 angelus
1043 1838 1055 1872 :
1085 1820 1202 1892 Non
1234 1828 1285 1872 te
1324 1814 1534 1892 decipio
1559 1834 1571 1868 :
1608 1814 1710 1892 llic
1733 1817 1826 1868 crit
1854 1833 1965 1869 ma-

399 1885 549 1964 guu's.
599 1893 825 1959 chonit
868 1885 1078 1959 Virgo:
1121 1889 1399 1964 Quomodo
1439 1885 1701 1964 magnus?
1738 1900 1965 1964 sponsus

402 1957 551 2016 inuisus
583 1957 781 2033 pauper
801 1957 991 2033 est,gct
1015 1974 1115 2028 ego
1142 1958 1426 2033 admodum
1450 1957 1605 2025 inops
1628 1971 1641 2010 :
1671 1957 1967 2025 possessio-

403 2047 497 2086 ncs
529 2030 633 2085 non
673 2030 796 2085 sunt
836 2031 966 2085 mihi
992 2071 1006 2096 ,
1041 2030 1277 2098 pecuniis
1303 2041 1549 2082 caremus
1572 2067 1589 2093 ,
1617 2040 1966 2098 generecon-

400 2102 567 2170 Spicui
600 2116 702 2155 non
733 2114 953 2164 sumus,
987 2096 1054 2154 eti
1072 2098 1375 2170 posteaad
1414 2111 1633 2150 censum
1670 2096 1963 2170 trahimur.

402 2163 714 2226 liidracluna
750 2163 945 2233 solvet,
967 2178 1023 2223 et
1052 2163 1219 2233 dicis,
1262 2168 1377 2222 Erit
1430 2165 1689 2234 magnus?
1728 2163 1962 2234 Desiste,

400 2242 597 2295 desiste
633 2257 663 2294 a
707 2241 895 2294 talibus
935 2240 1228 2307 promissis.
1274 2238 1364 2307 Ait
1398 2236 1618 2304 angelus
1666 2252 1679 2288 :
1725 2233 1778 2307 id
1825 2235 1965 2307 quod

404 2313 580 2364 minus
606 2321 688 2364 est
724 2326 826 2363 non
855 2305 1064 2363 credis?
1105 2307 1151 2360 id
1179 2306 1319 2376 quod
1351 2306 1523 2376 majus
1548 2305 1790 2376 es_t_velis
1830 2306 1966 2376 nolis

403 2383 586 2449 accipe
618 2398 630 2433 :
661 2379 827 2432 Filios
852 2379 1095 2449 Altissimi
1127 2374 1396 2449 rae—obitur.
1438 2375 1572 2429 Tum
1603 2374 1763 2449 _Virgo
1793 2391 1806 2427 :
1846 2374 1963 2427 Jam

404 2443 536 2503 hinc
554 2451 804 2515 abscede,
835 2465 900 2503 ne
927 2448 1104 2501 audiat
1125 2447 1320 2516 Joseph
1351 2456 1405 2500 et
1433 2443 1798 2516 sacerdotibus
1826 2459 1965 2497 nun-

402 2521 514 2583 tiet,
536 2528 599 2591 et
627 2521 713 2591 qui
743 2514 991 2589 cenjugio
1018 2514 1287 2591 privatur,
1319 2515 1615 2591 securi_tib_i
1643 2514 1838 2591 collum
1867 2516 1964 2591 ab-

399 2590 624 2649 scindat.
644 2583 778 2660 'qnia
807 2583 968 2660 prope
998 2583 1083 2641 me
1111 2587 1476 2660 alloqueriset
1501 2583 1782 2660 nitoribus
1808 2583 1961 2636 cella:

400 2675 551 2714 mea).
580 2654 835 2714 Ex'ciclo
866 2654 992 2712 mihi
1042 2672 1295 2725 sponsum
1337 2654 1645 2725 polliceris?
1677 2667 1840 2722 ecqua
1872 2668 1964 2706 na-

401 2739 515 2783 tura
574 2731 625 2783 in
664 2731 796 2783 caelo
837 2724 1137 2798 conjugiinn
1185 2727 1431 2798 expetit?
1469 2724 1731 2798 geli-stes
1777 2737 1965 2775 omnes

398 2800 617 2868 Spiritus
646 2794 952 2867 incorporei
992 2794 1115 2851 sunt
1138 2814 1159 2868 :7
1182 2794 1448 2868 quomodo
1469 2794 1625 2868 igitur
1656 2794 1964 2859 incorporea

398 2863 670 2937 corporeis
697 2863 1099 2922 miscebantur?
1121 2863 1253 2920 Tum
1281 2865 1530 2937 angelus:
1551 2863 1643 2937 ΕιΔ
1661 2877 1885 2937 corpore
1905 2870 1960 2916 et

398 2931 584 3007 incorp
620 2954 712 2992 reo
764 2938 926 2992 Filius
974 2938 1227 2990 AltiSsiiui
1276 2931 1574 2990 vocabitur.
1619 2934 1688 2987 At
1738 2931 1892 3007 Virgo
1949 2949 1961 2985 :

400 3004 564 3063 Unde
585 3021 784 3077 patrem
817 3009 1033 3063 habebit
1063 3010 1104 3060 is
1148 3021 1305 3077 quem
1336 3006 1468 3077 dicis
1498 3019 1565 3058 ex
1595 3019 1679 3056 me
1727 3004 1965 3077 n:_1_.~_citu-

398 3080 559 3131 runt?
586 3072 905 3147 Restiondet
945 3072 1200 3147 angelus:
1236 3076 1346 3130 Hoc
1371 3076 1511 3129 etiim
1543 3084 1623 3127 est
1644 3115 1659 3139 ,
1693 3090 1725 3124 o
1769 3072 1962 3147 Virgo,

399 3149 685 3202 admodum
710 3143 969 3210 inirahile,
994 3143 1113 3215 q'uia
1147 3148 1315 3201 virum
1345 3162 1448 3198 non
1473 3157 1783 3212 cognosces,
1814 3151 1868 3195 et
1899 3143 1963 3195 il-

400 3217 506 3272 lum
534 3234 691 3286 quem
722 3220 842 3272 dico
886 3220 975 3271 tibi
1009 3218 1204 3288 paries,
1234 3233 1295 3270 ac
1324 3231 1456 3285 puer
1483 3217 1571 3266 illc
1605 3215 1831 3288 pupitlus
1860 3228 1965 3266 non

399 3283 714 3358 reperietur.
748 3288 822 3341 Ex
850 3283 1117 3342 utero'tuo
1148 3283 1454 3358 egredietur
1490 3325 1504 3347 ,
1551 3295 1604 3337 et
1635 3283 1826 3336 ostium
1862 3299 1966 3358 non

402 3353 587 3420 lzrilet,
635 3373 732 3411 nec
758 3360 1110 3427 virginitatem
1140 3353 1351 3410 :imiues
1371 3398 1384 3419 ,
1413 3367 1461 3409 et
1504 3370 1683 3427 natum
1727 3354 1964 3427 lactabis.

401 3428 653 3481 infantem
685 3429 734 3480 in
760 3424 896 3480 ulnis
919 3428 1074 3489 feres,
1106 3424 1967 3495 ipsumqnesnprapliernbintse-

399 3499 612 3551 dentem
629 3498 852 3551 videbis.
884 3497 1014 3549 Huic
1044 3511 1107 3550 ex
1126 3491 1193 3550 rte
1222 3491 1346 3548 nato
1377 3491 1525 3545 Dabit
1552 3492 1801 3545 Dominus
1830 3491 1969 3545 Deus

401 3569 573 3622 sedem
609 3568 776 3621 David
809 3568 966 3635 patris
1007 3567 1107 3628 sui,
1135 3576 1179 3617 et
1206 3564 1431 3633 regnabit
1460 3563 1514 3635 in
1554 3560 1888 3635 doino_._loco_b
1914 3562 1968 3613 in

401 3650 663 3701 attention,
694 3647 738 3690 et
758 3630 898 3706 regni
913 3638 1023 3705 ejus
1048 3652 1144 3688 non
1174 3630 1401 3706 ενᾷίίὶηἱδ
1426 3631 1574 3702 (an.
1608 3633 1666 3706 l1
1692 3632 1805 3699 5‘2).
1834 3630 1967 3685 Tum

404 3708 603 3778 Virgo:
638 3700 731 3778 vel
772 3700 966 3761 invitus
1014 3700 1597 3778 loquendolapsuscs.
1631 3700 1703 3755 0s
1742 3710 1887 3778 tuum
1918 3711 1969 3755 te

403 3771 637 3841 accusat,
669 3777 802 3831 labia
832 3789 914 3831 tua
947 3788 995 3831 te
1017 3771 1376 3844 redarguunt;
1407 3772 1562 3844 paulo
1580 3782 1704 3844 ante
1730 3771 1968 3844 dicebas,

405 3848 572 3901 Filius
605 3840 851 3900 Altissimi
886 3847 1138 3901 vocabitur
1160 3840 1255 3908 {et
1286 3840 1424 3897 nunc
1463 3843 1597 3896 dicis
1623 3843 1786 3894 lilium
1817 3840 1970 3893 Umi-

405 3919 521 3981 dis;
571 3920 691 3987 quis
733 3918 817 3972 hic
863 3932 1040 3971 sermo
1085 3916 1204 3969 cst?
1254 3916 1356 3968 Pro
1398 3915 1562 3969 lubito
1603 3922 1706 3987 tuo
1736 3919 1969 3965 mentem

407 4004 578 4043 meam
593 3983 666 4041 'ad
698 3989 883 4040 emtum
912 3987 1142 4050 extollis,
1171 3992 1226 4040 et
1248 3993 1427 4054 postea
1457 3998 1666 4038 rursum
1695 3983 1746 4035 in
1776 3990 1971 4054 terrain

406 4059 612 4127 dejicis.
642 4059 735 4112 Cui
769 4062 931 4112 verho
955 4058 1189 4120 credam,
1225 4050 1465 4127 primone
1493 4069 1558 4107 an
1590 4050 1861 4127 secundo?
1884 4052 1972 4127 Di-

406 4121 487 4182 cis
526 4131 688 4192 enim,
727 4127 881 4182 Dabit
922 4128 997 4181 illi
1040 4121 1286 4180 Dominus
1324 4125 1557 4178 thronum
1603 4121 1770 4175 David
1817 4123 1974 4191 patris

408 4204 517 4267 ejus
542 4215 558 4262 ;
589 4209 633 4252 et
658 4201 798 4267 regni
818 4200 926 4269 ejus
954 4215 1056 4250 non
1084 4199 1174 4250 erit
1210 4197 1345 4264 linis.
1377 4195 1574 4269 Nulﬂlus
1586 4208 1678 4248 rex
1706 4194 1974 4269 iunoni-ta-

410 4262 476 4321 lis
504 4269 617 4331 fuit,
645 4262 821 4321 nullus
836 4262 1186 4322 'conununem
1210 4262 1376 4318 linem
1419 4264 1600 4332 ell'ugit
1630 4282 1644 4316 :
1677 4276 1865 4316 «mines
1892 4262 1975 4313 in-

410 4337 553 4391 vadit
583 4354 723 4391 mors
754 4349 810 4390 ut
837 4339 1072 4401 domina,
1100 4351 1288 4391 ouines
1315 4352 1341 4385 a
1376 4336 1646 4388 vermibus
1670 4332 1933 4386 roduntur
1959 4347 1973 4385 :

412 4409 585 4461 nullus
612 4424 701 4460 rex
734 4408 923 4461 inferni
954 4419 1158 4475 portam
1185 4405 1370 4474 elfugit
1394 4422 1406 4457 :
1432 4403 1677 4457 omnibus
1706 4417 1852 4475 mors
1881 4403 1978 4475 imo

415 4486 585 4546 perat,
615 4492 801 4532 omnes
820 4478 871 4531 in
921 4470 1181 4544 sepulcris
1210 4470 1484 4546 custodit:
1512 4489 1668 4546 nemo
1702 4473 1815 4541 ejus
1844 4470 1976 4546 retia

414 4540 692 4612 transilit,
751 4563 906 4601 nemo
956 4540 1075 4616 ejus
1122 4547 1337 4614 laqueos
1383 4544 1582 4613 elfugit.
1616 4540 1801 4596 Nonne
1853 4540 1976 4616 Salii

414 4628 656 4672 mortuus
714 4628 816 4682 est,
871 4618 959 4686 qui
988 4612 1212 4686 'primus
1257 4617 1404 4684 regni
1450 4615 1693 4686 diadema
1742 4612 1979 4686 accepit?

414 4704 590 4743 nonne
638 4689 797 4744 David
835 4682 921 4758 qui
952 4682 1143 4742 unctus
1166 4699 1229 4739 ex
1269 4682 1432 4739 cornu
1470 4684 1572 4758 olei
1616 4682 1981 4758 manifestatus

412 4768 496 4812 est
520 4759 543 4812 Ἰ
569 4775 745 4813 nonne
771 4755 982 4814 Samuel
1003 4771 1182 4826 regum
1215 4762 1383 4826 pater,
1414 4755 1501 4824 qui
1535 4770 1627 4826 per
1653 4756 1828 4826 oleum
1858 4765 1980 4803 eum

412 4829 501 4895 qui
525 4830 715 4898 dignus
733 4839 848 4884 erat
873 4822 1138 4883 indicabat
1153 4822 1494 4898 elindignu'm
1514 4824 1741 4898 pellebat
1761 4822 1784 4874 ?
1805 4835 1982 4898 nonne

371 4924 377 4928 -
415 4892 665 4979 Salonam
691 4900 1141 4979 sapientissimus,
1172 4898 1259 4964 qui
1281 4892 1399 4979 .per
1421 4892 1656 4979 gladium
1686 4892 1984 4979 meretricis

415 4969 689 5023 mendacia
723 4962 1032 5039 retlarguit?
1074 4962 1250 5022 nonne
1279 4962 1532 5020 Ezechias
1556 5004 1578 5039 ,_
1619 4964 1717 5039 qui
1738 4962 1984 5033 lacrymis

416 5034 965 5113 iuortissententiam
1009 5039 1242 5113 avertit?
1270 5046 1335 5113 ct_
1352 5035 1619 5113 quomodo
1648 5034 1786 5113 (ilius
1833 5045 1985 5112 meus

414 5109 657 5180 regnabit
681 5110 732 5163 in
759 5102 1060 5180 mtérnuin?
1090 5102 1396 5178 llcSponde't
1422 5107 1638 5180 angelus
1671 5122 1683 5160 :
1711 5104 1820 5156 lloc
1841 5102 1984 5155 enim

414 5175 515 5245 est,
547 5180 730 5239 Marla.
754 5178 1074 5249 stupendum
1103 5175 1433 5247 mysterium,
1464 5175 1603 5245 quod
1630 5188 1817 5228 omnes
1846 5186 1986 5224 mor-

418 5253 492 5303 tui
516 5251 623 5303 sint
646 5291 660 5313 ,
692 5257 746 5303 et
775 5250 914 5303 ﬁlius
941 5259 1063 5302 tuus
1088 5259 1312 5301 mortem
1345 5249 1414 5300 sit
1443 5250 1679 5300 victurus
1703 5285 1718 5310 ,
1747 5252 1987 5297 mortuos

417 5322 789 5390 suscitaturus,
836 5320 1081 5390 sepulcra
1152 5326 1453 5390 aperturas,
1517 5316 1702 5390 tartari
1754 5314 1986 5366 claustra

417 5387 824 5454 confracturus,
856 5387 914 5444 et
939 5388 1101 5443 multa
1142 5387 1363 5454 θοι-νοτε
1410 5387 1786 5438 dormientium
1832 5396 1985 5435 resu-

418 5464 705 5515 scitaturus
736 5476 750 5515 :
783 5476 901 5514 nam
928 5473 992 5513 es
1025 5456 1314 5511 immortali
1357 5454 1670 5508 immortalis
1711 5454 1866 5505 iiatus
1893 5466 1988 5519 per

420 5540 649 5585 mortem
703 5546 852 5583 suam
892 5529 1102 5583 occidet
1143 5535 1388 5580 mortem.
1435 5524 1692 5589 Quocirca
1741 5537 1808 5576 ne
1852 5524 1988 5576 ultra

418 5600 639 5655 credere
662 5600 896 5665 dili'eras,
930 5608 987 5653 ut
1019 5612 1085 5651 ne
1110 5597 1279 5665 culpa:
1299 5597 1373 5650 sis
1399 5594 1648 5646 obnoxia.
1675 5591 1724 5646 ls
1750 5592 1891 5646 enim
1924 5592 1991 5647 de

421 5685 527 5741 quo
558 5672 746 5740 loquor
768 5670 876 5739 jam
928 5684 1022 5737 per
1050 5668 1285 5741 auditum
1314 5673 1472 5741 _tuum
1504 5665 1570 5741 iti_
1596 5673 1801 5741 utertun
1844 5671 1989 5741 tuum

424 5731 645 5805 iiisiliit;
673 5731 809 5794 uteri
836 5741 908 5793 tui
929 5731 1170 5792 enea-nia
1196 5736 1497 5789 celebrans.
1528 5734 1661 5787 'l‘uai
1696 5733 1854 5805 Virgo
1880 5748 1892 5784 :
1924 5731 1994 5805 Ut

423 5814 505 5865 his
532 5801 796 5866 assentiar
815 5853 829 5874 ,
858 5810 1031 5879 primo
1054 5822 1148 5879 tlte;
1166 5807 1254 5879 fac
1272 5805 1556 5879 certiorem
1582 5845 1596 5866 ,
1620 5801 1890 5879 quomodo
1920 5803 1992 5879 sit

426 5883 590 5937 Filius
612 5871 873 5937 Altissimi
893 5890 945 5935 et
972 5879 1111 5931 tilius
1134 5877 1318 5937 David,
1345 5876 1389 5928 is
1418 5875 1505 5942 qui
1536 5889 1601 5928 ex
1625 5871 1729 5937 me,
1758 5882 1813 5924 ut
1833 5871 1989 5937 dicis,

423 5954 541 6014 side
572 5966 722 6025 patre
750 5960 1031 6014 nascetur;
1063 5956 1117 6002 et
1146 5945 1413 6018 quomodo
1435 5946 1570 5999 duos
1596 5952 1774 6013 patres
1802 5942 1993 6012 piandi-

1201 521 1266 576 ΙΝ
1306 519 1912 577 ANNUNTIATIONEM
1950 518 2417 579 ΒΑΝΟΤΙΒΞΙΜᾸΞ
2456 520 2799 577 ῡΕΙΡᾹῐὶᾸΞ.

3550 523 3654 577 753

2073 638 2312 708 caveris.
2345 635 2575 708 licpotiit
2621 637 2895 708 angelus:
2936 636 3118 708 Primo
3151 637 3320 704 disce,
3363 646 3419 692 et
3472 654 3655 708 posn-a

2073 703 2444 780 contradicito.
2476 703 2606 780 _Cum
2639 706 2895 780 tibidixi,
2932 707 3095 780 Filius
3116 708 3393 773 Altissimi,
3420 703 3539 762 eum
3561 727 3652 780 qut

2074 783 2198 829 ante
2246 775 2440 829 sarcula
2478 775 2875 840 impassihiliter
2914 792 2977 831 cx
3015 777 3167 831 Patre
3197 786 3352 830 natus
3381 787 3464 832 est
3505 775 3644 833 indi-

2072 845 2186 897 eavi
2211 860 2228 910 ;
2257 854 2455 899 etcum
2501 843 2643 909 dixi,
2676 845 2844 899 Filius
2891 846 3051 899 David
3073 887 3086 910 ,
3120 847 3197 901 sic
3227 847 3470 915 loquutus
3495 863 3611 903 sum
3631 893 3645 913 ,

2072 915 2193 993 quia
2216 925 2273 993 tu
2300 928 2366 968 ex
2395 923 2544 982 patre
2574 915 2769 969 Davide
2800 916 3060 993 prodiisti.
3092 918 3321 986 Accepta
3346 933 3474 987 ergo
3502 928 3647 975 certa

2074 985 2283 1046 notitia,
2316 998 2591 1038 sermones
2613 999 2762 1057 meos
2780 987 2984 1057 custodi
3013 1004 3034 1057 :7
3055 1001 3176 1057 nam
3197 985 3297 1056 ego
3318 985 3504 1041 servus
3531 989 3649 1057 ejus

2074 1067 2213 1117 sum,
2245 1069 2412 1128 quem
2433 1054 2745 1128 luparitura
2776 1071 2854 1128 es.
2891 1055 2984 1109 llis
3008 1056 3187 1120 dictis,
3215 1054 3433 1128 angelus
3464 1054 3644 1128 Virgi-

2076 1137 2195 1194 nem
2228 1124 2465 1193 reliquit.
2496 1123 2585 1194 Illa
2627 1138 2752 1178 vero
2780 1124 2894 1178 liznc
2921 1140 3104 1179 secum
3135 1123 3414 1194 reputabat
3448 1145 3460 1179 :
3489 1123 3644 1183 lose-

2076 1191 2249 1266 phone
2283 1191 2649 1266 annuntiabn,
2692 1208 2758 1247 an
2790 1195 2961 1261 potius
2988 1196 3173 1266 tacebo
3199 1191 3570 1266 mysterium?
3599 1199 3643 1252 si

2074 1264 2326 1317 mentitus
2368 1271 2450 1316 est
2481 1265 2524 1315 is
2550 1264 2636 1332 qui
2669 1266 2813 1317 venit
2839 1304 2854 1324 ,
2887 1265 3031 1318 sonis
3059 1264 3291 1331 linguam
3339 1278 3524 1320 contra
3559 1284 3644 1322 tne

2074 1333 2338 1385 excitabo.
2373 1334 2435 1386 Et
2458 1332 2583 1386 dunt
2616 1333 2730 1387 iure
2767 1334 3034 1401 cogitabat
3072 1334 3233 1401 Virgo
3254 1377 3267 1395 ,
3299 1345 3480 1390 uterus
3508 1338 3645 1390 inlu-

2076 1403 2363 1473 niescebat,
2397 1413 2448 1456 et
2475 1402 2647 1456 infans
2674 1402 2817 1458 intus
2837 1404 3060 1458 choreas
3085 1407 3291 1473 agebat.
3326 1406 3484 1459 Maria
3514 1422 3644 1460 vero

2074 1469 2176 1551 hac
2219 1473 2287 1525 de
2328 1490 2385 1526 re
2418 1474 2659 1551 sollicita
2701 1483 2853 1551 erat,
2884 1484 2937 1527 et
2968 1469 3436 1551 mille'velamenta
3466 1477 3640 1531 ventri

2074 1542 2375 1610 imponens,
2418 1542 2467 1596 id
2498 1545 2717 1597 curabat
2745 1554 2797 1595 ut
2828 1544 3028 1613 Joscph
3060 1559 3168 1598 rem
3200 1545 3465 1611 ignoraret
3491 1563 3504 1597 :
3548 1547 3643 1601 sed

2072 1625 2179 1681 non
2224 1614 2395 1681 potuit
2419 1613 2686 1666 occultare
2720 1614 2903 1667 urbem
2933 1629 3090 1681 supra
3122 1625 3355 1667 montem
3385 1616 3636 1680 positam.

2070 1679 2361 1762 {osepltum
2401 1683 2618 1750 pupugit
2664 1693 2839 1762 tumor
2874 1679 3031 1762 uteri,
3053 1694 3112 1762 et
3160 1679 3446 1762 torvo__ille
3481 1687 3643 1762 oculo

2074 1749 2306 1819 Virginis
2343 1749 2581 1805 ventrem
2608 1753 2997 1807 considerabat.
3046 1754 3432 1807 Contumeliam
3460 1754 3641 1810 dicere

2070 1822 2297 1903 volebat,
2328 1830 2382 1875 et
2410 1831 2585 1875 tacere
2602 1824 2898 1903 erigebatur
2925 1824 3355 1903 :Icontumeliam'
3376 1826 3421 1877 ei
3454 1824 3640 1879 dicere

2071 1890 2301 1971 volebat,
2343 1902 2544 1971 lliﬂllﬂ‘.
2567 1890 2881 1971 virginitatis
2910 1893 3116 1971 cimelia
3148 1893 3511 1958 vendidisset;
3545 1895 3638 1949 sed

2069 1960 2175 2013 vita
2199 1960 2314 2028 ejus
2343 1961 2390 2013 id
2415 1961 2755 2029 impediebat.
2781 1962 2999 2015 Demum
3019 1964 3247 2016 animam
3268 1978 3415 2014 suam
3443 1970 3640 2018 trram-

2072 2031 2155 2083 nis
2183 2030 2470 2094 cruciabat,
2506 2032 2598 2084 llei
2642 2031 2792 2090 mihi.
2831 2033 3034 2095 dicens,
3062 2033 3186 2099 quid
3223 2033 3408 2085 faciam
3431 2032 3453 2084 ?
3480 2034 3640 2088 facies

2070 2101 2287 2168 virginis
2313 2110 2395 2153 est
2415 2142 2430 2163 ,
2463 2111 2630 2155 status
2659 2102 2907 2171 virginis,
2938 2103 3075 2156 oculi
3102 2102 3338 2170 virginis,
3368 2103 3506 2156 risus
3534 2104 3641 2155 vir-

2070 2172 2246 2239 ginis;
2276 2178 2332 2223 at
2359 2180 2543 2225 venter
2571 2187 2674 2225 non
2703 2172 2940 2238 virginis,
2970 2172 3063 2226 sed
3093 2174 3310 2235 matris;
3340 2172 3497 2224 verba
3528 2173 3637 2226 vir-

2069 2241 2208 2305 ginis
2241 2251 2363 2293 suut
2413 2259 2427 2295 :
2482 2241 2567 2295 hei
2608 2242 2756 2305 mihi,
2804 2241 2889 2295 hei
2919 2242 3045 2295 mihi
3072 2283 3087 2307 ,
3120 2241 3246 2295 illttd
3290 2241 3474 2295 videns
3504 2242 3641 2297 l‘rrre

2070 2325 2302 2377 nequeo.
2332 2311 2535 2365 Renine
2558 2311 2849 2373 traducam,
2870 2311 3085 2366 Mariam
3100 2311 3450 2381 redarguam?
3479 2312 3636 2366 Com-

2012 2430 2020 2439 ,
2070 2381 2247 2450 munis
2295 2383 2395 2435 erit
2445 2382 2734 2450 turpitudo.
2779 2383 3102 2437 (Ilamabone
3139 2399 3325 2450 magna
3375 2396 3523 2441 voce,
3573 2398 3641 2438 ne

2070 2449 2187 2521 ejus
2212 2450 2300 2517 qui
2331 2452 2447 2521 sine
2487 2453 2691 2504 semine
2722 2454 2955 2506 nascitur
2995 2452 3142 2521 pueri
3189 2449 3335 2520 pater
3362 2452 3641 2520 appellor!

2068 2517 2255 2571 Nullus
2282 2520 2472 2591 puellze
2498 2529 2776 2591 accusator
2802 2531 2901 2583 est,
2937 2517 3055 2587 quia
3086 2523 3129 2574 is
3158 2517 3245 2589 qui
3280 2517 3635 2591 utcro'gesta-

2069 2596 2174 2652 tur,
2207 2590 2407 2642 nullum
2441 2589 2618 2642 hahuit
2641 2592 3009 2644 scminantcm.
3041 2592 3198 2645 Forte
3221 2607 3323 2644 non
3350 2589 3476 2644 sine
3498 2592 3639 2658 peri-

2068 2658 2189 2711 Culo
2220 2658 2346 2729 mihi
2371 2668 2453 2713 est
2484 2660 2568 2712 vel
2602 2669 2776 2713 lacere
2793 2660 2875 2713 vel
2906 2661 3068 2729 loqui.
3096 2661 3229 2727 Quid
3257 2675 3384 2727 ergo
3412 2659 3639 2714 faciam?

2070 2743 2193 2780 num
2216 2728 2589 2799 interrogabo,
2621 2745 2686 2783 an
2719 2730 2768 2783 id
2799 2728 3082 2783 declarabo
3110 2739 3233 2784 ante
3258 2730 3634 2799 interrogaiio-

2068 2812 2189 2851 ncni
2211 2797 2235 2850 ?
2256 2799 2368 2853 lloc
2395 2797 2652 2868 scriptura
2694 2799 3009 2853 testiﬁcatur
3040 2818 3052 2852 :
3088 2800 3229 2853 illam
3259 2801 3431 2868 potius
3452 2797 3638 2853 redar-

2066 2883 2245 2939 guam.
2277 2871 2356 2922 Au
2382 2884 2483 2921 non
2514 2870 2669 2922 fecit?
2700 2870 2813 2938 Ipsa
2839 2872 2998 2939 igitur
3015 2882 3197 2922 Vocata
3225 2879 3437 2923 austero
3462 2870 3633 2932 vultu,

2064 2938 2226 3005 judex
2258 2939 2308 2992 in
2354 2947 2504 2992 utero
2527 2941 2715 3008 gestati
2741 2940 2934 3005 judicis
2972 2940 3209 2993 sedebat.
3245 2940 3334 2993 Dic
3358 2939 3485 2992 mihi
3511 2980 3526 3001 ,
3557 2940 3639 2992 in—

2070 3009 2176 3078 quit
2211 3047 2225 3070 ,
2258 3025 2402 3073 vere,
2436 3008 2560 3077 quid
2606 3010 2697 3062 tibi
2726 3009 3018 3073 acciderit,
3050 3025 3115 3064 ne
3143 3009 3440 3063 abscondas
3465 3009 3590 3061 mihi
3620 3026 3637 3063 :

2071 3094 2229 3133 nemo
2257 3078 2408 3132 adest
2434 3081 2521 3146 qui
2552 3078 2665 3132 haec
2689 3078 2905 3142 audiat;
2958 3095 3148 3133 arcana
3190 3093 3405 3133 servare
3448 3079 3570 3133 novi
3620 3096 3635 3131 :

2071 3164 2227 3202 nemo
2253 3165 2359 3203 rem
2388 3151 2518 3202 sciet
2547 3191 2561 3214 ,
2596 3164 2679 3203 me
2713 3158 2911 3202 tantum
2939 3149 3221 3203 certiorem
3269 3148 3445 3203 facito.
3488 3147 3640 3214 Unde

2071 3219 2262 3272 act-idit
2305 3219 2432 3272 illud
2460 3208 2598 3287 quod
2633 3220 2682 3270 in
2718 3227 2767 3272 te
2797 3219 3047 3272 videtur?
3089 3220 3245 3287 hujus
3271 3230 3473 3288 patrcnt
3503 3208 3633 3272 mihi

2073 3289 2265 3353 indica,
2286 3298 2340 3342 et
2365 3297 2416 3342 te
2445 3291 2594 3358 culpa
2615 3289 2833 3344 liberam
2860 3290 3028 3343 hach
3055 3306 3067 3342 :
3095 3291 3303 3343 veniam
3324 3288 3519 3359 quippe
3545 3289 3640 3359 oh-

2074 3360 2285 3424 tinebis,
2336 3369 2393 3412 ut
2422 3361 2613 3412 mulier
2642 3360 3066 3428 concupiscentia
3097 3360 3311 3428 percita.
3347 3358 3641 3427 Respondit

2072 3430 2120 3482 ei
2155 3429 2310 3498 Virgo
2341 3446 2356 3481 :
2389 3429 2442 3482 Si
2474 3439 2677 3497 patrem
2721 3429 2876 3496 hujus
2905 3430 3099 3497 quarris
3129 3468 3141 3487 ,
3178 3445 3461 3496 numquam
3496 3429 3641 3498 inve-

2073 3498 2188 3552 nies
2213 3515 2225 3547 :
2250 3496 2299 3551 si
2327 3513 2453 3551 vero
2477 3496 2746 3566 pupillum
2778 3507 2928 3564 putes
2952 3539 2966 3559 ,
3001 3499 3218 3565 perinde
3250 3499 3463 3552 laberis.
3504 3496 3637 3550 Tum

2072 3567 2271 3636 Juseph
2306 3584 2319 3618 :
2352 3566 2464 3620 Non
2494 3576 2661 3635 potes,
2692 3567 2852 3620 Maria
2877 3606 2891 3629 ,
2925 3567 3134 3620 mentiri
3166 3568 3469 3636 :quoinodo
3496 3569 3639 3620 enim

2075 3646 2249 3706 potest
2274 3636 2503 3706 pupillus
2535 3652 2636 3687 non
2664 3651 2803 3699 esse,
2833 3646 2885 3689 et
2913 3646 3114 3704 patrem
3146 3655 3245 3689 non
3279 3636 3506 3706 haltere?
3536 3636 3640 3689 Re-

2076 3705 2222 3789 ponit
2255 3705 2457 3789 Virgo;
2488 3706 2544 3761 Si
2560 3706 2923 3789 _qtta3ras'_quis
2945 3706 3031 3789 sit:
3054 3721 3087 3787 ρ
3111 3706 3304 3773 Josepb
3324 3705 3475 3789 (illud
3496 3706 3641 3789 enim

2075 3775 2365 3849 ignoras),
2390 3776 2435 3830 si
2464 3776 2738 3849 veritatem
2762 3775 2946 3849 dixero
2980 3775 3069 3849 tibi
3091 3817 3106 3841 ,
3134 3792 3242 3849 non
3271 3776 3491 3849 credes.
3512 3776 3641 3849 lite-

2076 3845 2193 3902 riim
2224 3845 2372 3902 vides
2397 3887 2411 3910 ,
2441 3855 2495 3901 et
2518 3846 2783 3900 occultum
2815 3845 2866 3898 in
2894 3861 2960 3900 eo
2999 3846 3277 3900 Dominum
3319 3862 3422 3898 non
3446 3845 3592 3898 vides
3626 3863 3640 3898 :

2077 3928 2314 3973 ventrem
2357 3916 2663 3970 consideras
2686 3957 2701 3980 ,
2750 3930 2848 3970 nec
2881 3916 3081 3985 cogitas
3124 3932 3244 3970 eum
3276 3916 3362 3984 qui
3394 3931 3455 3968 ex
3487 3927 3640 3968 utero

2077 3998 2201 4043 ante
2229 3986 2502 4042 luciferum
2530 4001 2599 4039 ex
2624 3986 2778 4039 Patre
2807 3995 2958 4039 natus
2985 3995 3066 4039 est
3089 4028 3102 4049 ,
3131 3998 3179 4039 et
3215 3989 3265 4038 in
3298 4000 3381 4039 ine
3422 3985 3643 4038 habitat.

2078 4060 2133 4113 Si
2167 4059 2338 4112 dicam
2368 4058 2457 4110 tibi
2483 4057 2554 4118 id,
2578 4056 2716 4124 quod
2750 4057 2876 4109 mihi
2904 4056 3036 4109 dixit
3061 4056 3304 4125 angelus,
3332 4054 3496 4117 dices,
3528 4054 3645 4108 'l‘ihi

2077 4130 2179 4199 ipsi
2211 4128 2568 4199 testiuiouium
2595 4126 2797 4199 _reddis
2819 4166 2835 4191 ,
2863 4135 2921 4199 et
2963 4127 3321 4199 testinmniuni
3366 4136 3509 4199 tuum
3540 4141 3645 4178 non

2079 4195 2164 4254 est
2192 4212 2397 4252 verum.
2425 4195 2558 4250 Tum
2586 4195 2781 4262 Joseph
2814 4212 2827 4247 :
2860 4195 3066 4248 Produc
3093 4209 3187 4248 eos
3212 4196 3299 4262 qui
3326 4195 3607 4247 audierunt
3627 4233 3644 4258 ,

2080 4270 2169 4337 qui
2212 4276 2502 4335 praesentes
2543 4264 2773 4337 fuerunt,
2810 4264 2988 4333 profer
3030 4279 3245 4337 veraces
3276 4273 3457 4337 testes.
3510 4264 3647 4316 Dicit

2084 4334 2243 4404 Virgo
2285 4356 2299 4391 :
2340 4337 2396 4391 Si
2446 4337 2559 4389 haec
2598 4336 2812 4403 quau-is,
2849 4350 3135 4401 numquam
3178 4334 3412 4387 invenies
3454 4350 3467 4385 :
3515 4347 3649 4404 unus

2082 4406 2223 4464 enim
2252 4407 2317 4460 ad
2351 4422 2506 4459 unam
2538 4411 2730 4459 missus
2752 4447 2764 4467 ,
2796 4406 2941 4458 solus
2967 4404 3065 4458 soli
3094 4405 3341 4473 loquutus
3369 4411 3450 4456 est
3482 4424 3493 4457 ι
3524 4403 3644 4473 nul-

2086 4479 2172 4532 lus
2202 4477 2418 4540 aderat,
2466 4475 2584 4543 quia
2613 4476 2785 4528 nullus
2812 4475 3015 4527 futurus
3046 4482 3159 4528 erat
3185 4474 3289 4525 nati
3318 4484 3485 4540 pater.
3516 4472 3650 4526 Cum

2083 4559 2258 4601 autem
2277 4562 2382 4599 non
2409 4544 2716 4599 crederetur
2733 4544 2911 4613 Virgo,
2935 4558 3113 4596 secum
3138 4552 3388 4613 reputans
3408 4557 3648 4613 rursum,

2084 4618 2138 4672 in
2161 4617 2316 4670 aliam
2339 4615 2709 4685 cogitationem
2737 4611 2949 4668 incidit:
2971 4613 3161 4669 Utcrus
3182 4611 3266 4666 me
3294 4611 3487 4680 prodit,
3523 4628 3654 4680 puer

2085 4688 2138 4741 in
2168 4697 2317 4740 utero
2353 4685 2627 4754 exsultans
2657 4699 2742 4738 me
2767 4693 2980 4737 accusat
3010 4700 3021 4734 ε
3056 4697 3152 4754 cur
3194 4696 3331 4754 ergo
3348 4692 3532 4754 contra
3566 4697 3655 4754 me

2083 4757 2375 4827 losophnm
2407 4750 2573 4822 magis
2604 4753 2821 4827 irritabo
2842 4755 2864 4804 ?
2887 4752 3247 4827 Comprimam
3270 4751 3484 4827 silentio
3510 4750 3649 4827 labia

2088 4819 2247 4888 mea',
2297 4836 2352 4880 et
2394 4819 2517 4879 cuni
2559 4824 2747 4891 angelo
2792 4819 3130 4877 invisibiliter
3169 4821 3476 4891 disceptabo
3510 4819 3656 4891 :gUhi

2088 4911 2230 4952 nunc
2252 4910 2309 4949 es
2334 4937 2349 4960 ,
2376 4894 2467 4965 qui
2494 4889 2653 4965 mihi;
2670 4896 2770 4947 Ave
2798 4893 2963 4965 gratia
2994 4893 3141 4961 plena
3160 4932 3187 4965 ,_
3206 4890 3427 4945 dixisti?
3464 4889 3657 4965 quibus

2089 4969 2142 5023 in
2171 4967 2302 5020 locis
2323 4959 2591 5017 versaris?
2619 4962 2724 5029 dic,
2757 4959 2815 5016 ut
2840 4964 2930 5015 illo
2953 4959 3039 5016 me
3063 4961 3353 5029 conteram,
3382 4968 3435 5014 et
3459 4976 3487 5012 a
3514 4959 3657 5029 collo

2091 5047 2180 5092 tuo
2211 5036 2494 5106 pendeam,
2523 5028 2727 5106 __donec_
2748 5033 2965 5106 veniens
2990 5030 3273 5106 certiorem
3314 5028 3658 5106 ftltfitts..l_0:9-

2091 5097 2253 5178 phum
2276 5148 2292 5172 ,
2336 5097 2489 5178 cujus
2517 5103 2657 5178 [ilius
2686 5101 2754 5155 sit
2791 5103 2836 5155 is
2878 5102 2967 5172 qui
3008 5101 3062 5154 in
3092 5101 3247 5178 uteri
3278 5098 3380 5152 mei
3407 5097 3660 5153 cubiculo

2091 5169 2346 5233 exsultat.
2376 5169 2488 5229 Non
2522 5173 2632 5226 tero
2657 5187 2840 5226 senem
2873 5169 3020 5225 torve
3058 5169 3429 5237 respicientem
3451 5209 3466 5231 ,
3509 5183 3660 5221 mur-

2092 5256 2414 5301 morantem.
2443 5244 2521 5298 To
2551 5257 2656 5313 quo
2682 5244 2799 5313 loco
2826 5252 3031 5313 tempus
3047 5253 3172 5313 agas
3199 5238 3380 5313 nescio
3412 5255 3426 5291 :
3458 5237 3578 5313 veni
3608 5247 3664 5291 et

2093 5331 2312 5370 causam
2342 5330 2513 5370 meam
2541 5307 2712 5368 tuere.
2740 5312 2865 5365 llzec
2888 5307 3099 5365 dicente
3127 5307 3286 5362 Maria
3310 5347 3326 5371 ,
3358 5308 3538 5361 statim
3567 5321 3662 5358 an—

2094 5387 2246 5456 gelus
2270 5385 2557 5456 .losephuni
2586 5381 2717 5456 adit,
2755 5391 2814 5456 et
2837 5396 2956 5456 cum
2989 5381 3062 5434 rei
3101 5379 3384 5456 certiorem
3426 5376 3660 5456 fecisset,

2092 5446 2370 5525 prohibuit
2391 5446 2738 5525 neVirginetn
2767 5450 3075 5525 dimitteret.
3102 5446 3224 5501 Noli
3246 5448 3438 5525 timere,
3471 5447 3660 5525 inquit,

2093 5515 2307 5595 Joseph,
2329 5524 2553 5593 accipere
2567 5515 2792 5595 Mariam
2824 5520 3085 5595 conjugem
3111 5527 3270 5595 tuum:
3297 5516 3411 5570 Non
3457 5515 3667 5582 nutitia-

2097 5588 2593 5655 rum'consortium,
2617 5591 2708 5643 sed
2732 5588 3033 5644 divinorum
3058 5588 3427 5657 mysteriorum
3451 5599 3667 5640 (Econo-

2097 5667 2255 5718 ntiain
2283 5664 2374 5717 tibi
2404 5660 2802 5716 annuntio.Scd
2834 5669 2982 5729 pater
3012 5655 3126 5729 non
3158 5657 3254 5710 es?
3298 5655 3352 5709 ln
3390 5664 3531 5729 terra
3576 5669 3664 5729 pa:

2098 5747 2231 5788 trem
2264 5749 2329 5786 ne
2356 5747 2565 5801 qumras
2590 5773 2604 5796 ,
2656 5722 2912 5801 neque-in
2939 5728 3084 5801 cat-lis
3124 5736 3366 5801 matrem.
3402 5726 3456 5801 A_
3483 5722 3669 5793 pupilli

2098 5812 2235 5857 statu
2261 5795 2444 5856 natura
2469 5802 2724 5857 liberatur
2746 5795 2770 5852 ξ
2797 5800 2942 5853 solus
2966 5796 3107 5850 enim
3136 5810 3198 5848 ex
3226 5795 3343 5849 Solo
3370 5795 3525 5847 unice
3545 5803 3669 5846 ante

2100 5874 2295 5927 smcula
2324 5882 2401 5925 est
2429 5888 2444 5936 ;
2479 5887 2618 5924 lltlllc
2654 5886 2781 5923 vero
2824 5869 2972 5924 solos
3010 5883 3075 5920 ex
3103 5865 3212 5936 sola
3231 5906 3247 5928 ,
3277 5873 3335 5936 ut
3379 5862 3526 5917 novit
3554 5861 3669 5936 ipse

2101 5944 2267 5999 solus.
2297 5942 2374 5997 Ne
2404 5930 2624 6014 pusillus
2649 5940 2827 5993 animo
2848 5947 2964 5994 esto
2996 5936 3136 5990 circa
3163 5934 3503 6001 Mariam,,ne
3525 5930 3666 5985 at'tli-
