4086 6512
438 520 543 579 759

389 673 399 683 .
436 650 533 705 gas
561 631 614 690 id
646 629 894 705 quodet}
921 627 1086 683 Maria
1118 624 1331 705 oritur:
1372 624 1439 705 ne
1481 638 1694 705 nutri-as
1733 622 2035 705 quomodo,

441 697 508 758 ite
534 712 588 756 te
622 697 775 753 laidat
804 699 979 754 infans
1011 716 1024 750 :
1054 715 1120 750 ne
1148 698 1364 752 curiose
1384 697 1622 764 inquiras
1653 710 1854 755 aream,
1890 704 2040 748 utne

438 773 742 840 depositum
771 770 1007 823 amittas.
1057 769 1460 840 Immaculatnm
1485 779 1567 821 est
1592 781 1685 818 vas
1708 768 1872 840 ,_sine
1921 766 2038 840 labe

438 836 713 896 cititrlinm
737 851 837 903 est,
854 855 960 892 non
982 838 1313 892 sttrditlattun
1332 838 1678 898 alabastrum,
1702 836 1817 889 sine
1833 836 2038 891 semine

440 920 649 980 partus,
678 911 798 964 sine
823 908 1020 965 marito
1066 909 1264 980 puella,
1312 909 1428 960 sine
1457 907 1695 980 thalamo
1727 904 1899 972 virgo,
1932 921 2035 957 non

443 976 610 1035 inctsa
648 991 818 1051 petra,
870 976 1077 1033 hortus
1108 979 1411 1051 conclusus,
1442 977 1569 1051 fons
1614 976 1876 1043 signatus,
1931 990 2036 1051 non

441 1048 744 1104 setntnatus
769 1065 914 1117 ager,
948 1064 1050 1101 non
1082 1048 1348 1117 plantatus
1373 1048 1596 1117 palmes,
1622 1062 1730 1099 non
1763 1048 2040 1114 exeogita-

442 1132 525 1175 lus
559 1130 765 1191 partus.
794 1116 849 1175 Si
880 1116 1175 1191 mihinam
1193 1117 1369 1191 credis
1396 1116 1617 1191 dicenti,
1671 1126 1893 1191 tempus
1912 1130 2036 1191 par-

445 1200 529 1245 tus
562 1185 852 1259 'exspecta.
884 1188 1036 1256 Quod
1069 1189 1112 1242 si
1145 1186 1356 1243 fleverit
1395 1198 1451 1241 et
1481 1185 1802 1256 ingemuerit
1850 1185 2034 1249 Maria,

1955 507 2218 565 Sl‘UlllA.

3641 517 3748 571 780

2142 635 2198 701 ut
2229 623 2447 701 reliqua:
2468 624 2766 701 mulieres;
2801 624 3091 701 homoest,
3123 636 3175 701 et.
3205 643 3316 701 non,
3341 630 3507 694 Deus,
3541 632 3639 701 qui
3673 649 3739 686 cx

2142 695 2303 749 Maria
2334 696 2590 767 nascitur.
2616 695 2926 763 Respondet
2950 697 3153 767 Joscph
3181 716 3196 755 :
3230 701 3284 755 Si
3308 700 3421 755 hJ‘c
3446 702 3522 754 ita
3558 695 3625 756 se
3651 702 3749 755 ita-

2142 767 2289 855 beut,
2324 775 2381 819 ut
2408 766 2606 855 dixisti,
2637 767 3036 855 oarchangt-le,
3072 766 3581 855 (imire‘j'remuerupu
3615 789 3746 855 gertz:

2140 844 2233 901 tes,
2278 836 2522 911 etpopuli
2550 838 2782 911 meditati
2822 836 2941 911 sunt
2973 839 3190 893 inania?
3232 836 3646 911 Cuiaugelus':
3693 841 3750 896 Si

2140 908 2337 978 qua-ris
2365 905 2597 978 discere,
2652 909 2760 960 cito
2790 909 2971 975 act-ipe
3003 927 3016 963 :
3046 911 3168 978 quia
3202 905 3749 965 Dominusuasceuti

2140 975 2277 1053 dixit
2309 994 2321 1029 :
2346 974 2525 1053 ilius
2553 993 2692 1030 tuens
2722 992 2775 1053 es
2802 990 2874 1042 tu,
2907 974 3176 1053 rgo/rodit:
3214 983 3362 1053 genui
3388 992 3435 1035 te
3461 981 3653 1053 (Psal.
3690 980 3749 1035 2.

2140 1046 2192 1170 ‘l‘.
2228 1045 2303 1114 7).
2339 1048 2472 1114 Quia
2505 1061 2676 1116 ipsum
2704 1047 2861 1103 decet
2891 1045 3057 1118 gloria
3089 1049 3142 1104 in
3163 1045 3356 1105 saecula
3386 1045 3752 1107 saeculorum.

2192 1132 2339 1170 tuen.

2192 1132 2339 1171 tuen.

532 1321 3757 1348 —-——‘———-—_——————,‘-—_—_———-'——_-——u—

448 1429 509 1472 IN
562 1429 752 1473 ILLUD
785 1429 801 1470 :
837 1427 1246 1480 QUJECUMQUE
1288 1425 1690 1470 LIGAVERITIS
1735 1425 1935 1468 SUPER
1976 1426 2278 1479 TERRAM,
2325 1426 2539 1469 suum
2582 1426 2808 1472 usus
2853 1426 2935 1469 ετ
2977 1426 3041 1469 IN
3094 1428 3268 1473 casto
3313 1395 3598 1491 (Matth.
3652 1416 3755 1474 18.

516 1512 668 1590 ’18);
717 1530 798 1571 er
830 1529 915 1570 DE
957 1527 1289 1571 ιωιιωοω
1330 1527 1591 1571 esurus:
1653 1524 1882 1581 ovmtu,
1928 1527 2010 1569 ET
2052 1527 2057 1568 i

2186 1526 2431 1569 DICTUM
2494 1524 2947 1571 EVANGELISTIE
2996 1530 3011 1569 Ξ

530 1630 707 1683 alar,
753 1614 1003 1688 etwa?
1045 1628 1109 1671 IN
1156 1628 1345 1672 ILLUD
1391 1631 1406 1669 :

528 1733 591 1776 υ.
638 1711 737 1773 12.
785 1712 885 1772 19.
929 1709 1033 1790 21)
1067 1711 1096 1769 γ

1763 1811 2022 1822 ——————_—

525 1939 697 2003 Unam
719 1936 922 1990 habens
952 1933 1070 1990 fons
1098 1948 1251 2003 aquae
1277 1943 1540 1995 naturam.
1561 1932 1742 1986 multis
1759 1933 2028 2003 variisque

451 2002 774 2064 animalibus
807 2007 1069 2060 medelam
1101 2002 1187 2058 siti
1220 2005 1610 2059 subministrat.
1637 2003 1768 2058 Nam
1791 2013 1845 2056 et
1874 2002 2034 2056 boum

456 2087 699 2132 armenta
748 2083 804 2129 et
832 2077 1008 2129 ovium
1053 2091 1243 2144 greges
1271 2076 1393 2129 illuc
1418 2074 1484 2128 ad
1517 2073 1807 2143 potandum
1847 2087 2035 2144 accur-

458 2158 622 2211 runt,
678 2143 1188 2215 quadrupedumque
1238 2156 1446 2206 turmae,
1477 2159 1540 2199 ac
1586 2145 1818 2197 ferarum
1864 2143 2038 2215 vicina

459 2232 656 2285 genera
687 2213 899 2270 diversa
927 2217 1017 2269 illo
1046 2213 1338 2285 properant
1360 2225 1413 2269 et
1441 2215 1647 2276 bibunt,
1679 2223 1837 2282 atque
1862 2213 2040 2285 avium

459 2282 747 2341 multitudo
789 2284 978 2339 eodem
1010 2282 1258 2340 convolat
1297 2297 1348 2339 et
1376 2292 1571 2353 aquam
1600 2285 1807 2348 haurit,
1839 2293 1895 2336 ut
1923 2282 2042 2353 sitis

458 2359 707 2411 ardorem
759 2356 931 2409 sedet.
971 2354 1155 2424 Neque
1196 2356 1355 2409 modo
1400 2351 1568 2408 brutis
1611 2369 1741 2406 usus
1787 2362 1902 2415 est;
1948 2351 2044 2406 sed

458 2428 623 2482 etiam
667 2425 1068 2480 rationabLlibus
1099 2426 1400 2478 hominibus
1431 2438 1611 2492 potum
1661 2424 1886 2478 ubertim
1918 2438 2046 2492 sup-

462 2496 667 2567 peditat
691 2513 704 2549 :
735 2496 908 2567 omnis
931 2496 1163 2565 denique
1186 2506 1377 2567 natura
1407 2497 1698 2567 reptilium,
1725 2495 2043 2554 volatilium,

464 2565 869 2635 uuadrupedum
923 2575 978 2619 et
1027 2566 1426 2619 rationabilium
1489 2566 1764 2619 hominum
1822 2580 1888 2619 ex
1939 2578 2048 2619 uno

467 2639 616 2694 fonte
644 2650 835 2706 aquam
881 2635 1152 2690 hauriunt.
1183 2635 1326 2691 Talis
1367 2645 1479 2699 est,
1506 2635 1803 2700 carissimi,
1836 2635 2048 2689 divinae

471 2723 587 2765 rum
630 2706 1030 2772 Scripturarum
1062 2714 1284 2771 natura,
1318 2722 1421 2759 una
1462 2721 1583 2760 cum
1611 2706 1696 2759 sit.
1728 2706 1861 2772 Quia
1902 2706 2048 2760 enim

465 2792 533 2830 ex
560 2791 663 2829 una
695 2777 786 2830 Dei
817 2776 1079 2845 sapientia
1122 2777 1378 2841 scaturrit,
1411 2777 1576 2829 multa
1618 2792 1682 2829 ac
1710 2775 1921 2829 diversa
1953 2775 2052 2828 ho-

468 2848 670 2900 minmn
729 2845 892 2900 corda
929 2848 1188 2915 sapientia
1243 2848 1449 2902 imbuit.
1486 2846 1622 2902 Hinc
1656 2846 1905 2900 doctores
1959 2860 2050 2898 sa-

468 2917 722 3041 pientiam
753 2916 1023 2981 hauriunt,
1051 2918 1296 2986 discipuli
1326 2917 1664 2981 erudiuntur,
1694 2916 2050 2970 Ecclesiarum

490 3001 641 3039 tonus
667 2986 802 3040 Otlul‘
828 2996 1026 3041 manat.
1057 2988 1303 3041 sitientes
1333 2995 1514 3041 uotum
1546 2996 1763 3040 sumunt
1784 3026 1798 3041 .
1825 2986 2050 3039 obtene-

490 3001 641 3039 tonus
667 2986 802 3040 odor
828 2996 1026 3051 manat,
1057 2988 1303 3041 sitientes
1333 2995 1514 3054 potum
1546 2996 1763 3040 sumunt
1784 3026 1798 3046 ,
1825 2986 2052 3039 obtene-

471 3057 608 3109 hrati
666 3056 1053 3110 illuminautur.
1080 3057 1231 3123 Quod
1272 3056 1387 3111 lucc
1440 3058 1508 3111 ita
1562 3072 1621 3110 se
1675 3056 1938 3118 habeant,
1985 3070 2055 3108 ex

468 3126 747 3192 evangelio
787 3127 895 3195 jam
941 3126 1082 3180 lecto
1133 3128 1285 3182 facile
1329 3128 1571 3180 discitur.
1613 3127 1749 3194 Quid
1789 3129 1930 3179 enim
1979 3126 2056 3195 ait

474 3194 797 3250 Dominus?
821 3197 1015 3250 Ameria
1030 3197 1143 3249 dico
1194 3198 1368 3259 vobis,
1415 3210 1741 3265 quacumque
1783 3194 2059 3265 ligaverilis

472 3280 626 3333 super
656 3275 877 3336 terram,
925 3276 1073 3318 erunt
1113 3267 1271 3336 ligata
1301 3275 1345 3319 et
1386 3267 1439 3317 in
1467 3265 1610 3319 (telo.
1645 3267 1756 3318 Una
1808 3272 2060 3336 voveat,

473 3350 594 3405 quae
624 3335 688 3387 ad
723 3350 875 3387 usum
907 3334 1168 3404 cuju~que
1194 3337 1338 3389 varie
1367 3336 1555 3397 divisa,
1578 3345 1790 3402 aptatur
1815 3334 2057 3398 senibus,

471 3404 777 3473 junioribus
798 3446 812 3465 ,
857 3407 1190 3471 mulieribus,
1220 3406 1534 3473 virginibus,
1570 3407 1696 3459 viris
1717 3447 1730 3469 ,
1761 3404 2057 3473 discipulis,

476 3484 531 3528 ct
556 3473 847 3543 magistris.
875 3474 1214 3546 onerantque
1230 3477 1503 3546 liguveritis
1523 3492 1672 3544 super
1688 3485 1894 3538 terram,
1919 3481 2065 3527 erunt

479 3545 640 3613 ligata
660 3553 705 3596 et
730 3546 781 3596 in
818 3545 960 3599 cado.
982 3544 1100 3599 Tibi
1131 3544 1279 3600 dedit
1301 3553 1619 3613 potestatem
1661 3546 1855 3614 ligandi
1903 3553 2063 3613 atque

478 3614 720 3669 solvendi
744 3616 997 3684 :teipsum
1015 3616 1185 3685 ligasti
1200 3617 1437 3671 avaritia:
1452 3630 1658 3680 catena,
1677 3618 1901 3686 teipsum
1917 3616 2066 3669 solve

482 3700 577 3756 per
603 3695 925 3756 ptrceptum
952 3687 1335 3756 misericordia:
1364 3701 1485 3755 erga
1515 3702 1775 3756 pauperes
1800 3703 1812 3739 :
1836 3687 2064 3755 teipsum

487 3755 659 3823 ligasti
678 3765 845 3826 oestro
878 3755 1229 3826 volnp‘atum,
1264 3758 1487 3826 teipsum
1507 3755 1656 3811 solve
1674 3757 2061 3824 temperantia:

484 3826 710 3893 teipsum
734 3824 905 3893 ligasti
939 3841 1093 3894 prava
1128 3824 1369 3881 Eunomit
1390 3827 1513 3890 fide,
1539 3828 1765 3895 teipsum
1796 3827 1942 3879 solve
1975 3840 2068 3891 per

483 3895 834 3966 ortliotlmtam
862 3898 1199 3966 sententiam.
1224 3899 1475 3951 Doctores
1498 3898 1653 3966 ligate
1672 3895 1934 3958 Eunomii,
1948 3895 2066 3966 arti

484 3973 541 4019 et
565 3963 879 4034 Marathonii
908 3965 1236 4034 disciplinas,
1254 3977 1306 4020 et
1327 3969 1518 4022 solvite
1539 3963 1696 4020 nobis
1730 3967 1916 4025 l’atrts,
1946 3963 2068 4019 Filii

484 4044 542 4105 et
591 4033 824 4101 Spiritus
879 4033 1057 4089 sancti
1102 4036 1437 4103 evangelicas
1494 4036 1789 4091 sententias
1841 4054 1854 4088 :
1909 4036 2067 4105 ligate

487 4104 793 4177 dzt‘mtmas,
823 4107 910 4173 qui
939 4116 1123 4160 contra
1149 4106 1332 4161 fideles
1362 4117 1592 4177 pugnant
1623 4122 1719 4176 per
1770 4104 1963 4176 preces
2003 4104 2068 4158 ad

491 4173 657 4248 Deu-u
685 4175 929 4248 emissas,
958 4187 1009 4230 et
1060 4178 1248 4231 solvite
1277 4173 1503 4246 gentiles
1547 4173 1637 4248 qui
1682 4173 2070 4248 convertuntur

488 4245 540 4298 in
575 4244 925 4315 baptismate,
957 4244 1300 4315 peccatorum
1329 4244 1811 4315 ipsorum—catenas
1860 4247 2069 4299 dirum-

488 4323 676 4383 pcntes
709 4330 723 4366 :
754 4314 912 4385 ligate
944 4314 1037 4385 per
1060 4314 1450 4385 separatiatietn
1474 4333 1568 4372 eos
1597 4318 1686 4387 qui
1735 4328 1854 4384 post
1897 4316 2067 4384 bapti-

487 4395 911 4457 sma-peccarunt
933 4386 1207 4457 ,Aillosqne
1240 4388 1602 4454 prettitcutiam
1633 4397 1852 4456 agentes
1885 4400 2068 4441 rursus

486 4454 715 4519 solvite,
749 4463 804 4508 ct
847 4465 899 4508 ut
948 4453 1139 4510 fratres
1181 4453 1400 4524 recipite
1430 4476 1442 4512 :
1475 4473 1635 4511 verus
1672 4453 1760 4511 est
1803 4460 1946 4512 enim
1979 4457 2068 4509 ille

488 4538 669 4598 sermo
716 4524 1131 4598 :_Qitwcunique
1158 4527 1404 4582 solverilis
1450 4544 1603 4598 super
1652 4537 1871 4598 terram,
1920 4535 2069 4598 crant

487 4594 727 4667 solutae!
751 4595 802 4667 in
830 4595 978 4667 ειεΙοῖ
1003 4595 1134 4667 Illud
1167 4600 1308 4651 enim
1335 4599 1494 4653 etiam
1513 4594 1747 4667 apostoli
1782 4597 2066 4651 faciebant.

487 4663 696 4731 Ligavit
735 4665 1019 4734 aliquando
1070 4666 1263 4721 Paulus
1311 4684 1468 4723 eum.
1502 4663 1591 4737 qui
1638 4668 1877 4722 Corinthi
1908 4667 2072 4721 forni-

488 4743 639 4787 catus
662 4744 782 4806 ‘erat
807 4773 822 4799 ,
847 4744 901 4789 et
925 4747 1109 4806 postea
1148 4738 1315 4791 solvit
1336 4754 1457 4792 cum
1484 4754 1551 4793 ex
1593 4740 1762 4793 corde
1811 4739 2075 4806 poeniten-

488 4812 594 4878 tem
621 4821 635 4878 ς
660 4802 841 4878 ligavit
869 4802 1055 4878 Petrus
1087 4823 1207 4861 eum
1230 4847 1245 4869 ,
1290 4809 1376 4878 qui
1407 4818 1527 4877 post
1556 4802 1822 4877 baptisma
1847 4810 2070 4878 pecunia

486 4875 657 4949 voluit
706 4875 904 4927 donum
940 4876 1031 4949 Dei
1076 4875 1392 4949 emcre,'et
1409 4875 1606 4949 postea
1629 4875 1701 4933 ex
1742 4875 1905 4933 corde
1949 4897 2073 4948 pro-

484 4945 1056 5017 cumbeutenrsolvit.
1104 4948 1341 5017 Denique
1391 4945 1587 5002 n'fultos
1642 4945 2073 5017 peccautesiuec

486 5015 808 5087 prenitentes
840 5014 1088 5083 ligarunt,
1113 5014 1403 5072 alios’vero
1434 5014 1752 5087 pmuiteutes
1770 5021 2068 5073 solverunt.

485 5081 692 5159 iugavit
726 5081 924 5159 Petrus
944 5088 1205 5159 Apamam
1236 5098 1288 5141 et
1315 5081 1655 5157 Sapphiram,
1677 5091 1764 5159 qui
1794 5091 2073 5143 tentabant

485 5154 744 5221 Spiritum
778 5154 1007 5216 Domini,
1041 5168 1094 5210 ct
1138 5159 1295 5212 solvit
1317 5154 1596 5212 Taltitltam
1627 5154 1915 5223 ex—tnorte,
1947 5173 2068 5212 cmn

488 5223 633 5276 illam
679 5242 707 5276 a
742 5228 966 5280 tuortuis
992 5229 1305 5292 suscitavit;
1351 5230 1509 5282 solvit
1534 5227 1839 5282 Cornelium
1883 5240 2069 5282 centu-

483 5294 690 5347 rionem
720 5295 1062 5360 credentem,
1095 5308 1147 5352 et
1188 5299 1363 5368 ligavit
1402 5297 1588 5353 Romae
1625 5297 1897 5353 Simonem
1955 5314 2071 5353 ma-

488 5377 612 5438 gum
640 5404 655 5428 ,
709 5368 798 5434 qui
850 5368 1072 5436 magicis
1112 5369 1314 5421 artibus
1359 5369 1574 5423 ludebat
1620 5369 1842 5438 :ligavit
1874 5369 2072 5425 Paulus

491 5431 740 5506 ltllymam'
769 5431 1016 5504 magum,
1073 5438 1288 5506 quando
1335 5440 1486 5493 illutn
1538 5431 1726 5492 verbo-
1746 5442 2066 5505 excmcavit,

488 5513 542 5555 et
566 5504 724 5580 Solvit
756 5509 990 5580 puellam
1021 5504 1346 5580 a__P_ythonio
1375 5511 1621 5580 daunone
1652 5528 1663 5562 :
1702 5510 1884 5578 ligavit
1929 5504 2069 5580 seip-

479 5583 597 5625 sum
618 5572 643 5627 .l
652 5572 779 5627 udas
797 5574 923 5649 fune
933 5572 1264 5649 proditionis,
1280 5590 1335 5633 et
1353 5580 1514 5634 solvit
1533 5579 1721 5634 Petrus
1739 5572 2070 5649 negationem

479 5653 630 5695 Suam
665 5660 758 5711 per
787 5647 1151 5719 paenitentiam
1182 5663 1196 5701 :
1230 5648 1411 5719 ligavit
1458 5650 1651 5704 l’aulns
1690 5647 1923 5719 scipsum
1945 5651 2070 5706 dum

481 5721 892 5789 persetpteretur
913 5713 1228 5789 Ecclesium,
1254 5713 1346 5773 s'cd
1370 5719 1605 5787 seipsmn
1631 5713 1813 5789 postea
1834 5722 1991 5776 solvit
2019 5722 2070 5776 in

480 5785 584 5862 via,
599 5785 811 5862 quando
830 5787 1227 5862 viam_veritati..
1233 5785 1474 5862 agnovit.
1486 5785 1648 5862 Mttth
1659 5792 1930 5862 propheta:
1942 5807 2065 5862 quo

478 5848 830 5930 gitteligarqnt
840 5866 900 5930 _et
912 5854 1206 5930 solverunt.
1230 5848 1436 5930 Ligavit
1450 5861 1592 5915 Elias
1609 5848 1888 5917 Thesbites
1903 5848 2074 5919 nubes

478 5913 632 5968 imbri
640 5913 821 5989 um,ite
839 5921 1017 5991 impiis
1032 5913 1267 5992 pluviam
1276 5913 1657 6002 p'mberetitct
1671 5913 1827 5989 solvil
1840 5913 1938 5991 Ea;

2027 1787 2139 1844 καί

3082 1529 3139 1572 SI
3209 1530 3337 1573 DUO
3388 1531 3761 1575 CONSENSE-

1453 1626 1747 1683 QUOTIES,
1794 1626 1850 1670 sx
1894 1626 2287 1671 PECCAVEMT
2330 1625 2392 1668 IN
2414 1626 2505 1669 ME
2537 1624 2785 1669 FBATER
2856 1627 3049 1682 usus,
3082 1629 3401 1673 οιωττΑΜ
3429 1631 3493 1673 ει
3541 1613 3754 1690 (Ibid.

2148 1811 2400 1822 ————.—_

2142 1947 2260 1986 sum
2285 1946 2410 1999 rege
2428 1930 2649 1985 Achabo
2666 1938 2790 1984 ante
2809 1929 2979 2000 ipsum
3008 1931 3420 2000 procumbente:
3447 1933 3616 1988 solvit
3633 1935 3757 2000 ejus

2144 2001 2440 2075 discipulus
2464 2002 2690 2075 lilisaeus
2733 2000 2968 2075 Neeman
3006 2002 3248 2075 Syruma
3270 2006 3408 2071 lepra
3431 2044 3448 2066 ,
3475 2013 3532 2058 et
3561 2005 3756 2075 ligavit

2144 2070 2370 2133 Giezim,
2389 2071 2478 2140 qui
2501 2082 2718 2140 propter
2741 2071 3017 2141 pecuniam
3043 2070 3300 2127 mentitus
3323 2070 3510 2132 fuerat.
3535 2070 3751 2129 ae'ma-

2149 2142 2341 2197 ιεάὶειιι
2364 2142 2562 2211 lepram
2579 2141 2678 2210 ipsi
2705 2142 2879 2195 intulit
2903 2160 2916 2196 :
2937 2142 3092 2195 solvit
3109 2142 3287 2196 Daniel
3310 2142 3751 2199 Nabuchodouo.

2148 2213 2287 2266 soris
2310 2212 2601 2276 somnium,
2624 2220 2679 2265 et
2725 2212 2905 2281 ligavit
2933 2221 3165 2265 armatas
3193 2223 3378 2266 contra
3409 2215 3552 2282 ipsos
3581 2215 3757 2269 Chal-

2148 2282 2387 2337 daeorum
2419 2298 2634 2345 manus:
2651 2282 2803 2336 solvit
2828 2283 3080 2351 templum
3101 2281 3383 2349 idolorum,
3401 2281 3594 2339 eversi»
3615 2286 3754 2340 Belo

2152 2361 2208 2407 et
2235 2353 2415 2407 occiso
2445 2353 2678 2408 dracone
2698 2394 2714 2419 ,
2746 2361 2801 2408 ct
2829 2352 3011 2423 ligavit
3055 2367 3147 2406 ora
3176 2352 3388 2407 leonum
3423 2356 3750 2423 sanguinem

2101 2433 2118 2450 '
2152 2424 2473 2477 voranlium.
2499 2423 2820 2493 [.igavcrunt
2843 2439 3054 2493 quoque
3081 2431 3191 2477 tres
3234 2424 3379 2492 pueri
3408 2426 3511 2477 vim
3558 2425 3707 2494 ignis
3731 2465 3747 2490 ,

2155 2509 2263 2547 non
2293 2494 2559 2547 combusti
2598 2494 2667 2546 ab
2692 2508 2758 2548 eo
2783 2534 2798 2557 ,
2829 2503 2882 2546 et
2917 2495 3189 2547 solverunt
3219 2495 3359 2563 regis
3387 2495 3701 2549 mandatum
3731 2536 3746 2556 ,

2155 2564 2273 2636 ejus
2296 2564 2581 2633 imaginem
2615 2564 3046 2636 non_adoran_tes.
3077 2563 3201 2617 Plus
3222 2580 3381 2636 quam
3408 2565 3522 2618 illos
3549 2579 3751 2620 omnes

2158 2633 2414 2689 Doluinus
2471 2645 2655 2687 uoster
2708 2633 2868 2689 Jesus
2921 2633 3164 2689 Cltrislus
3221 2634 3404 2704 ligavit
3450 2644 3506 2690 et
3557 2637 3744 2690 solvit.

2159 2704 2332 2761 Solvit
2359 2704 2500 2759 enim
2538 2705 2867 2758 inimicitiam
2915 2706 3052 2758 inter
3079 2719 3175 2757 nos
3206 2715 3259 2759 et
3312 2705 3473 2760 Deum
3518 2717 3701 2760 ortam
3728 2745 3744 2770 ,

2159 2785 2211 2830 et
2241 2777 2419 2846 ligavit
2452 2777 2741 2846 principem
2777 2775 3035 2846 malorum
3082 2783 3425 2846 serpentem,
3458 2791 3549 2842 per
3574 2791 3742 2846 queui

2162 2843 2439 2900 inimicitia
2467 2856 2579 2898 orta
2607 2843 2782 2899 fuerat
2815 2863 2828 2897 :
2858 2845 3036 2912 ligavit
3079 2860 3268 2899 otuues
3311 2843 3615 2912 da-mouas',
3651 2845 3742 2915 qui

2160 2924 2348 2970 coittra
2375 2916 2643 2969 hominem
2667 2916 2991 2984 pugnabant,
3021 2924 3075 2970 et
3103 2915 3265 2968 Solvit
3289 2930 3475 2970 omnes
3496 2915 3748 2970 homines

2161 2986 2229 3039 ab
2257 2986 2309 3054 ip
2341 2985 2384 3038 is
2411 2988 2702 3054 exagitatos
2731 3001 2744 3038 :
2773 2985 2953 3053 ligavit
2972 2985 3274 3039 llatmueum
3301 2985 3531 3053 gladium
3550 2998 3745 3040 contra

2164 3070 2263 3109 nos
2295 3057 2558 3108 vibratum
2586 3098 2600 3119 ,
2630 3065 2684 3109 et
2729 3057 2885 3109 solvit
2932 3057 3190 3109 latronem
3225 3056 3276 3108 in
3302 3071 3458 3111 cruce
3484 3056 3709 3123 ligatum
3730 3095 3743 3116 .

2166 3141 2323 3197 quem
2356 3127 2405 3179 iu
2437 3126 2908 3197 paradisidelieias
2929 3125 3175 3197 induxit:
3209 3126 3390 3197 ligavit
3415 3125 3743 3181 fratricidam

2166 3195 2409 3266 Cainum,
2448 3196 2769 3249 tremoribus
2799 3197 3051 3250 addita-ns
3078 3195 3282 3265 ipsum,
3321 3205 3373 3250 et
3394 3197 3548 3250 Solvit
3591 3210 3748 3266 para-

2165 3264 2309 3334 lytici
2364 3276 2622 3320 tremores
2648 3308 2663 3331 ,
2703 3270 3061 3321 membrorum
3104 3264 3208 3320 usu
3257 3269 3539 3321 restituto:
3583 3264 3748 3321 solvit

2173 3334 2409 3389 Isaacum
2450 3336 2516 3387 ab
2564 3336 2868 3390 Abrahamo
2909 3337 3175 3402 \ilClllnl,
3210 3346 3263 3389 et
3303 3338 3480 3406 ligavit
3531 3352 3630 3406 pro
3682 3352 3747 3389 eo

2168 3407 2390 3460 arietem
2424 3407 2474 3459 in
2508 3406 2682 3474 planta
2714 3408 2884 3462 Sabec
2906 3407 3176 3461 detentum
3211 3425 3225 3461 :
3252 3406 3429 3477 ligavit
3450 3407 3638 3462 .Iudam
3660 3422 3745 3459 ar-

2169 3489 2392 3549 genteos
2429 3488 2721 3544 amantem,
2752 3487 2806 3532 et
2828 3477 2987 3531 solvit
3010 3477 3740 3549 principempublicanorum

2172 3545 2510 3618 Zacclueutn,
2538 3549 2624 3615 qui
2657 3550 2906 3617 pecunias
2936 3563 3063 3602 suas
3089 3545 3412 3618 pauperibus
3439 3548 3741 3618 distribuit:

2171 3618 2353 3686 ligavit
2389 3616 2665 3673 Judaicos'
2684 3633 2875 3687 porcos
2899 3658 2915 3681 ,
2944 3616 3443 3686 quosda-tnouibus
3485 3617 3706 3672 tradidit
3727 3658 3739 3676 .

2172 3698 2226 3741 et
2246 3690 2403 3741 solvit
2447 3690 2657 3759 ligatam
2687 3689 2890 3743 asinam
2914 3691 3204 3758 etpullum,
3236 3690 3415 3743 missis
3438 3688 3743 3756 discipulis:

2172 3758 2354 3826 ligavit
2404 3758 2783 3813 infructuosam
2836 3760 2989 3812 ficum
3042 3760 3290 3813 arefactis
3338 3759 3647 3821 radicibus,
3694 3767 3746 3810 et

2171 3829 2331 3883 solvit
2385 3829 2688 3883 inclinatam
2739 3830 3017 3884 mulierem
3043 3870 3059 3895 ,
3091 3830 3272 3897 dicens
3300 3871 3317 3895 ,
3366 3830 3437 3883 illi
3465 3848 3478 3883 :
3511 3827 3739 3897 Conﬁdo,

2174 3899 2283 3966 ﬁlia
2323 3899 2549 3964 (Matth.
2580 3900 2637 3954 9.
2666 3898 2807 3969 22),
2849 3901 3035 3954 soluta.
3066 3917 3124 3954 es
3173 3902 3240 3954 ab
3282 3899 3582 3954 infirmitate
3639 3909 3744 3953 tua.

2171 3969 2334 4040 _S_olvit
2363 3971 2573 4025 Petrum
2601 3972 2805 4024 catenis
2831 3971 3060 4024 vinctum
3087 4012 3101 4031 ,
3130 3980 3184 4025 et
3205 3970 3385 4040 ligavit
3429 3969 3743 4040 homicidam

2176 4038 2464 4103 llerotlem,
2494 4040 2734 4094 membra
2778 4043 2894 4107 ejus
2926 4042 3196 4094 vermibus
3224 4038 3457 4096 radenda
3489 4039 3700 4095 tradens
3728 4052 3743 4090 :

2175 4106 2403 4180 [irtnavit
2432 4110 2704 4166 fundatam
2733 4106 2891 4180 supra
2920 4110 3125 4164 firmam
3155 4119 3358 4179 petram
3385 4111 3736 4165 orthodoxam

2177 4178 2468 4235 Ecclesiatn
2491 4223 2506 4246 ,
2536 4190 2588 4235 et
2616 4182 2769 4235 solvit
2802 4178 3203 4235 tabernaculum
3251 4180 3702 4236 belerodoxorum
3727 4218 3742 4241 ,

2176 4264 2338 4318 Super
2402 4267 2617 4305 arenam
2666 4252 2916 4305 tuobilem
2978 4260 3340 4305 constructum
3386 4267 3401 4303 :
3451 4252 3748 4321 ligaverunt

2174 4322 2335 4374 etiam
2379 4321 2546 4376 Jml.ci
2575 4322 2866 4386 Christum,
2900 4322 2993 4374 sed
3045 4323 3205 4376 solvit
3251 4322 3496 4376 Christus
3540 4321 3746 4374 illurqu

2177 4392 2453 4462 templum,
2477 4391 2773 4446 Jerusalem
2797 4393 3005 4452 evertit,
3026 4393 3265 4446 dissolvit
3285 4394 3469 4461 legalia
3489 4394 3744 4462 ipsorum,

2173 4460 2450 4530 abrogavit
2475 4463 2959 4526 circumcisiouem,
2991 4462 3251 4518 deSIruxit
3282 4460 3598 4532 synagogas,
3617 4462 3750 4514 abri-

2175 4532 2288 4599 puit
2308 4535 2387 4587 eis
2408 4532 2577 4602 legem
2607 4542 2661 4586 et
2684 4535 2991 4601 prophetas,
3012 4532 3262 4602 ipsosque
3278 4533 3443 4600 palea:
3475 4536 3641 4586 instar
3660 4545 3750 4600 per

2174 4617 2364 4674 omnes
2384 4603 2626 4674 civitates
2654 4613 2705 4657 et
2731 4604 2977 4671 regiones
3007 4604 3299 4656 ventilavit.
3325 4603 3749 4674 Ligavitquotpte

2174 4670 2418 4727 diabolus
2470 4673 2755 4728 Dominum
2801 4670 2854 4726 in
2900 4687 3112 4729 crucem
3165 4670 3515 4738 actumfscd
3558 4672 3750 4740 dirupit

2173 4743 2418 4798 Christus
2443 4744 2557 4811 ejus
2583 4745 2934 4798 insatiabilem
2964 4755 3223 4808 ventrem,
3251 4758 3468 4798 voraces
3488 4744 3600 4812 ejus
3625 4743 3750 4797 den—

2174 4823 2277 4879 tes,
2313 4829 2406 4882 per
2447 4815 2652 4868 firmam
2687 4825 2888 4883 petram
2932 4830 3081 4867 suam
3119 4829 3312 4867 nervos
3356 4815 3518 4883 ipsius
3561 4812 3751 4867 fractos

2176 4883 2439 4944 dissolvit,
2482 4885 2599 4953 ejus
2645 4887 2896 4939 amictum
2942 4885 3214 4950 cootrivit,
3263 4900 3468 4937 comam
3520 4884 3747 4940 demisit.

2175 4954 2376 5008 luctum
2409 4964 2461 5007 et
2493 4952 2765 5023 planctum
2804 4967 3062 5009 aeternum
3095 4963 3148 5009 et
3188 4956 3527 5009 tenebrosum
3576 4952 3750 5022 injecit

2175 5025 2228 5077 in
2258 5038 2400 5085 eunt,
2437 5030 2556 5092 quia
2597 5025 2687 5079 ille
2717 5026 2766 5078 in
2803 5025 2996 5092 gaudio
3036 5037 3336 5078 versantem
3377 5026 3667 5086 hominem,
3702 5025 3748 5074 itt

2177 5105 2515 5163 peceatorutn
2549 5095 2748 5148 luctum
2775 5096 3016 5148 deduxit.
3053 5096 3318 5149 Exstinxit
3341 5096 3455 5159 ejus
3479 5094 3751 5163 impuden-

2174 5162 2255 5218 tes
2281 5165 2486 5228 oculos,
2527 5165 2733 5233 pudore
2776 5165 2995 5219 sull‘udit
3034 5166 3149 5231 ejus
3187 5162 3594 5233 ignominiosum
3636 5162 3747 5215 vul-

2176 5243 2311 5305 tum,
2358 5236 2528 5289 acutis
2573 5236 2793 5303 Spicolis
2844 5236 2991 5305 illum
3035 5234 3289 5299 enttfodit,
3342 5236 3533 5305 triplici
3578 5234 3748 5303 gladio

2176 5304 2484 5372 perforavit,
2509 5320 2659 5375 spem
2686 5304 2984 5374 dissipavit,
3016 5314 3287 5360 scrutatus
3310 5316 3390 5359 est
3416 5304 3750 5360 absconditos

2176 5375 2316 5428 illius
2359 5376 2531 5438 nidos,
2571 5385 2627 5431 et
2661 5376 2714 5429 in
2746 5375 2890 5430 omni
2924 5386 3083 5429 vento
3115 5377 3295 5431 thecas
3325 5378 3439 5445 ejus
3470 5375 3747 5444 dispersit;

2174 5448 2463 5515 prostravit
2506 5447 2767 5500 immanes
2792 5445 3095 5515 daemonum
3126 5446 3242 5515 ejus
3269 5446 3404 5499 filios
3430 5456 3483 5500 et
3512 5452 3747 5515 nepotes,

2176 5512 2280 5584 igni
2311 5516 2604 5571 combuSsit
2642 5512 3070 5584 inexstinguibili’
3097 5512 3392 5571 manufacta
3432 5516 3548 5585 ejus
3583 5512 3747 5577 idola,

2177 5586 2229 5638 in
2262 5585 2573 5640 barathrum
2605 5587 2835 5654 conjecit
2868 5587 3061 5640 lcetum
3092 5586 3228 5656 ejus,
3259 5588 3511 5656 penuaria
3536 5585 3652 5655 ejus
3675 5595 3748 5635 te-

2178 5656 2405 5709 ncltrosa
2431 5657 2652 5725 dirupit,
2678 5670 2866 5711 omnes
2896 5655 3086 5711 inferni
3115 5655 3294 5725 portas
3323 5655 3552 5724 aperuit,
3586 5665 3639 5708 et
3666 5670 3749 5706 sn-

2177 5724 2304 5797 lu‘tis
2331 5726 2521 5781 vinctis
2551 5724 2821 5791 omnibus,
2850 5724 3142 5797 secumque
3171 5728 3482 5797 assumptis,
3515 5727 3569 5779 in
3598 5726 3751 5797 czeins

2176 5795 2242 5848 ad
2288 5797 2499 5851 Patrem
2539 5807 2597 5850 ut
2624 5798 2772 5866 gigas
2808 5793 3071 5861 ascendit,
3105 5807 3162 5850 ut
3191 5798 3265 5850 ait
3309 5793 3562 5865 propheta
3599 5814 3611 5847 :
3653 5793 3751 5845 lix-

2174 5867 2378 5920 sultubit
2408 5877 2463 5919 ut
2491 5868 2635 5937 gigas
2664 5868 2733 5920 ad
2759 5866 3061 5920 currendum
3106 5867 3239 5921 viam
3281 5883 3425 5921 suam
3453 5881 3475 5937 ξ
3503 5884 3534 5917 α
3563 5882 3749 5919 sitatam

2179 5938 2304 5992 ca'lo
2333 5935 2556 6008 egressio
2577 5937 2707 6009 ejus,
2739 5946 2787 5992 et
2822 5952 3059 5992 occursus
3085 5939 3194 6009 ejus
3228 5953 3382 6008 usque
3408 5935 3476 5990 ad
3508 5949 3748 5991 suntnam
