4086 6460
389 406 497 462 769

396 524 631 581 membra
659 522 812 579 bovis
835 530 889 578 et
916 522 1050 594 ignis
1073 521 1321 587 caelestis,
1345 530 1469 594 sunt
1491 520 1681 594 triplex
1708 519 1973 594 baptis_ma

392 603 452 651 et
477 610 609 649 crux
636 602 690 648 et
726 591 962 649 membra
993 593 1190 647 Christi
1221 604 1275 648 et
1310 593 1537 647 czelestis
1565 591 1841 661 splendor.
1869 591 1975 646 Ter

395 667 449 720 in
479 666 575 732 die.
598 666 802 731 Daniel,
831 665 1028 733 apertis
1055 664 1245 717 domus
1270 678 1381 717 sua:
1408 664 1675 726 fenestris,
1703 662 1769 716 ad
1797 662 1977 716 orien-

396 748 501 791 tem
539 751 771 805 precans
795 775 809 801 ,
840 750 953 788 rem
995 737 1214 804 petitam
1259 745 1578 803 assequutus
1601 743 1718 805 est;
1750 733 1977 788 docente

394 822 493 862 nos
537 804 794 877 mysterio
818 847 833 870 ,
865 818 1129 877 Oportere
1161 819 1257 857 nos
1298 806 1491 877 mentis
1529 804 1697 877 oculis
1734 806 1975 877 apertis,

397 878 536 931 Patri
566 872 619 929 ei
662 876 795 930 Filio
824 884 880 929 et
904 872 1134 944 Spiritui
1167 885 1353 929 sancto
1381 876 1446 928 ad
1476 875 1738 928 orientem
1772 872 1974 942 suppli-

393 964 537 1002 care.
567 946 701 1001 Tres
746 945 894 1015 pueri
934 946 1263 1014 incorrupti,
1298 947 1350 1000 in
1392 944 1662 999 fornacem
1702 944 1971 1013 conjecti,

395 1018 498 1088 ipsi
527 1016 740 1087 quidem
770 1015 899 1070 nihil
930 1016 1073 1088 passi
1101 1027 1221 1070 sunt
1243 1057 1258 1080 ,
1293 1016 1383 1069 sed
1414 1016 1970 1088 Chalda-oseombus—

394 1085 571 1143 serunt
601 1107 613 1142 :
642 1098 748 1141 tres
780 1085 940 1155 pueri
959 1087 1272 1155 incorrttpti,
1299 1088 1482 1140 fornax
1511 1096 1564 1140 et
1590 1085 1822 1140 Cltaldzei
1849 1095 1971 1139 sunt

394 1158 624 1212 Trinitas
650 1157 952 1226 incorrupta
974 1198 989 1223 ,
1016 1158 1273 1225 judicium
1298 1167 1352 1212 et
1377 1157 1666 1211 daemones.
1700 1155 1834 1226 Tres
1863 1157 1972 1211 vir-

395 1238 532 1283 tutes
572 1230 759 1283 beatus
802 1225 995 1281 Paulus
1035 1228 1287 1282 Ecclesia:
1328 1227 1487 1281 tradit
1514 1227 1698 1281 dicens
1728 1245 1741 1281 :
1774 1225 1968 1291 Fides,

391 1317 524 1368 spes,
555 1300 738 1351 raritas
763 1299 782 1369 (
809 1299 859 1353 1.
887 1296 1005 1353 Cor.
1035 1300 1121 1353 15.
1155 1302 1259 1365 15)
1289 1318 1302 1352 :
1328 1299 1458 1351 fides
1487 1297 1538 1351 in
1571 1299 1776 1352 Patrem
1803 1339 1817 1362 ,
1847 1312 1971 1363 Spes

391 1369 444 1423 iu
478 1369 670 1439 Filium
693 1411 708 1435 ,
738 1368 792 1423 et
820 1368 1093 1437 plenitudo
1125 1370 1253 1438 legis
1282 1369 1473 1422 caritas
1500 1369 1675 1439 (Rom.
1711 1370 1797 1423 15.
1833 1370 1919 1439 10)
1951 1387 1963 1423 :

391 1455 512 1493 nam
555 1438 775 1493 Fructus
811 1440 1033 1509 Spiritus
1066 1449 1136 1493 est
1175 1442 1379 1495 caritas.
1417 1440 1522 1494 Ter
1551 1450 1602 1492 et
1629 1438 1745 1509 ipse
1774 1438 1968 1493 Paulus

391 1512 610 1579 rogabat
638 1508 918 1564 Dominum
950 1510 1155 1575 dicens,
1186 1511 1403 1577 Propter
1428 1512 1563 1580 quod
1591 1520 1665 1563 ter
1691 1508 1967 1563 Dominum

389 1584 561 1652 rogavi
584 1580 658 1652 (2.
683 1581 799 1652 Cor.
826 1580 909 1634 12.
935 1581 1010 1649 8).
1035 1581 1102 1634 Et
1123 1581 1488 1636 animadverte
1508 1581 1607 1635 viri
1630 1581 1854 1652 sapienti
1873 1599 1963 1646 un,

390 1650 461 1723 i_n
490 1650 890 1723 simplicissimo
927 1653 1586 1723 verbo(comprehensam.
1634 1650 1924 1723 Nourdixit
1947 1693 1962 1715 ,

390 1721 572 1776 Tertio
602 1721 896 1777 Dominum
938 1722 1120 1793 rogavi
1143 1765 1158 1787 ,
1185 1725 1278 1777 sed
1302 1764 1316 1788 ,
1346 1722 1463 1777 Ter.
1496 1724 1655 1777 Pater
1676 1762 1693 1787 ,
1720 1721 1887 1776 Filius
1913 1731 1968 1776 et

390 1793 620 1859 Spiritus
648 1803 862 1848 sanctus
883 1835 896 1856 ,
928 1803 1037 1849 tres
1078 1793 1392 1863 hypostases
1416 1834 1430 1855 ,
1458 1810 1557 1847 una
1583 1803 1760 1863 autem
1787 1793 1964 1847 donri-

390 1864 553 1935 natio.
586 1864 653 1918 Et
676 1863 807 1931 Ter,
838 1864 1040 1935 inquit,
1073 1862 1224 1935 uirgis
1250 1881 1408 1918 cassus
1431 1881 1539 1917 sum
1568 1862 1728 1933 (Ibid.
1756 1881 1803 1917 υ.
1833 1863 1959 1932 25);

388 1933 441 1988 id
469 1945 569 1999 est,
602 1945 708 1989 tres
731 1933 946 2006 quidem
976 1933 1287 2006 hypostases
1313 1935 1590 2006 confessus
1614 1949 1733 2006 sum
1754 1976 1769 2006 ρ
1798 1936 1962 1989 semel

387 2013 566 2076 autem
606 2006 763 2059 Iidem
799 2004 1073 2060 Trinitatis
1110 2005 1670 2076 lapideiconfessionis
1703 2004 1769 2076 ad
1800 2021 1961 2058 unum

388 2073 579 2147 animus
601 2085 915 2147 concentum
943 2073 1177 2147 firtnavii
1194 2077 1259 2129 Et
1288 2075 1400 2140 Ter,
1425 2076 1616 2144 inquit,
1639 2074 1964 2147 naufragium

388 2145 606 2214 pertuli;
645 2144 695 2198 id
726 2143 1210 2214 est,w.ludaicorum
1239 2162 1372 2198 onus
1411 2143 1752 2214 peccatorum
1776 2143 1961 2200 in'no-

387 2213 530 2266 mine
558 2214 732 2268 Patris
756 2225 811 2268 et
838 2213 959 2268 Filii
995 2224 1049 2268 et
1083 2214 1313 2283 Spiritus
1342 2213 1511 2270 sancti
1538 2216 1590 2269 in
1619 2217 1764 2270 fonte
1790 2217 1964 2285 bapti-

385 2284 572 2355 smatis
597 2285 847 2340 demersi.
892 2284 1013 2339 'l‘ria
1041 2296 1152 2339 sata
1195 2285 1375 2340 farinte
1396 2326 1412 2352 ,
1439 2297 1490 2341 et
1520 2286 1670 2355 regni
1704 2284 1959 2341 caelorum

384 2354 679 2426 similitudo
718 2356 876 2409 allata
902 2397 917 2419 ,
959 2356 1148 2409 mulier
1181 2373 1301 2426 qua:
1328 2356 1533 2425 accepit
1554 2399 1569 2422 ,
1590 2354 1651 2411 iet
1692 2357 1958 2426 modicum

384 2425 702 2480 fermentum
729 2427 1003 2481 abscondit
1031 2443 1094 2481 ac
1133 2425 1294 2481 totam
1322 2442 1552 2481 massam
1579 2425 1914 2481 fermentavit
1940 2444 1955 2481 :

386 2496 482 2548 tria
515 2512 639 2550 vero
666 2509 778 2551 Sata
809 2497 1013 2559 farinm,
1045 2498 1309 2553 modicum
1340 2497 1654 2552 fermentum
1684 2508 1738 2550 et
1768 2497 1959 2550 mulier

384 2565 729 2634 fertnentans,
755 2569 1011 2634 sapientia
1042 2570 1129 2622 Dei
1157 2580 1260 2634 est,
1287 2584 1404 2638 quae
1434 2584 1525 2638 per
1543 2584 1739 2638 corpus
1757 2566 1957 2622 Christi

384 2645 547 2710 tinam
576 2638 858 2710 humanam
889 2651 1127 2694 naturam
1160 2640 1213 2694 in
1242 2638 1514 2694 Trinitatis
1544 2640 1699 2693 fidem
1729 2653 1956 2692 conver-

383 2706 465 2782 tit.
510 2706 601 2782 ilis
643 2709 888 2764 omnibus
921 2711 1190 2782 mysteriis
1224 2710 1376 2780 quasi
1415 2710 1644 2778 sigillum
1681 2725 1954 2782 apponens

383 2776 637 2833 Dominus
682 2792 894 2843 noster,
938 2776 993 2835 iii
1036 2783 1204 2835 tribus
1240 2776 1676 2837 immersiunihus
1714 2776 1955 2848 corporis

382 2862 543 2921 unum
568 2851 823 2921 baptisma
847 2852 1119 2921 discipulis
1141 2852 1252 2908 sois
1274 2852 1507 2919 tradidit,
1526 2853 1710 2906 dicens
1730 2869 1743 2905 :
1763 2851 1953 2904 Enntes

378 2920 549 2992 docete
568 2938 737 2974 omnes
760 2933 949 2992 gentes,
972 2920 1281 2990 baptizantes
1300 2939 1385 2975 eos
1413 2924 1465 2975 in
1486 2925 1687 2977 nomine
1709 2921 1881 2975 Patris
1905 2932 1953 2975 et

379 2988 505 3042 Filii
534 3002 578 3066 et
621 2988 845 3066 Spiritus
889 2988 1088 3066 sancti(
1118 2994 1302 3047 Matth.
1330 2992 1421 3048 28.
1455 2996 1585 3066 19).
1618 2994 1784 3049 Unam
1831 3008 1952 3050 esse

376 3064 739 3128 Operationem
786 3064 940 3119 facile
995 3066 1481 3120 demonstrabimus
1529 3064 1553 3117 εὴ
1590 3081 1711 3118 cunt
1771 3074 1947 3119 antem

377 3146 534 3184 unam
585 3150 705 3188 esse
734 3138 1097 3203 operationem
1148 3138 1318 3190 Patris
1360 3147 1414 3191 et
1455 3135 1574 3190 Filii
1617 3146 1672 3190 et
1718 3134 1948 3203 Spiritus

376 3204 544 3255 sancti
575 3205 991 3268 demonstretur,
1020 3222 1240 3261 necesse
1271 3219 1351 3261 est
1372 3208 1591 3260 omnino
1621 3222 1776 3260 unam
1802 3208 1949 3260 credi

375 3274 721 3329 Substantiam
749 3294 762 3330 :
795 3293 1019 3348 quorum
1044 3278 1185 3332 enim
1207 3280 1445 3346 operatio
1464 3295 1587 3343 una,
1611 3293 1713 3331 una
1740 3292 1950 3346 quoque

374 3354 458 3396 est
499 3348 814 3400 substantia.
878 3349 1198 3416 incipiamus
1249 3365 1378 3417 ergo
1424 3349 1603 3403 dicere
1655 3349 1722 3402 de
1766 3350 1946 3401 tnundi

373 3419 681 3482 creatione,
714 3418 781 3471 de
806 3417 1115 3485 adoptione,
1151 3419 1220 3472 de
1250 3419 1526 3482 libertate,
1568 3419 1636 3472 de
1664 3420 1796 3472 caelo
1816 3459 1830 3482 ,
1880 3421 1947 3473 de

376 3494 531 3557 terra:
552 3488 928 3540 constitutione
947 3527 961 3549 ,
990 3497 1148 3557 atque
1174 3505 1278 3541 uno
1306 3490 1466 3541 verbo
1494 3491 1559 3542 de
1587 3491 1731 3542 omni
1761 3503 1942 3556 opere,

373 3555 547 3628 deque
576 3559 694 3611 alits
733 3559 980 3611 omnibus
1005 3555 1073 3611 ad
1100 3561 1218 3612 vita:
1248 3571 1443 3611 nostrte
1473 3575 1624 3611 nsum
1672 3555 1946 3628 pertinen-

375 3627 517 3679 tilms
551 3647 563 3682 :
594 3643 656 3683 ac
681 3631 870 3698 quibus
898 3631 1265 3683 occasionibus
1293 3645 1370 3682 ea:
1393 3644 1424 3682 a
1454 3629 1607 3681 Patre
1636 3627 1689 3682 et
1729 3627 1862 3680 Filio
1892 3637 1946 3682 et

375 3699 574 3765 Spiritu
602 3713 787 3754 saneto
815 3701 1059 3768 perfecte
1089 3703 1215 3753 sint.
1245 3704 1284 3753 A
1316 3700 1498 3768 primis
1528 3700 1862 3767 incipiamus,
1891 3708 1946 3752 et

373 3770 438 3820 ad
483 3772 714 3825 secunda
765 3772 1077 3835 veniamus;
1131 3781 1186 3824 et
1224 3773 1303 3825 sic
1349 3772 1600 3838 deinceps
1649 3771 1945 3824 orationem

375 3850 615 3912 nostram
652 3858 1054 3912 persequamur.
1081 3843 1283 3912 Cariam
1315 3843 1437 3894 fecit
1481 3842 1636 3894 Pater
1674 3858 1777 3893 non
1828 3857 1944 3896 stne

376 3911 552 3965 \‘erbo
600 3910 923 3979 et'Spiritu:
968 3928 1089 3966 nam
1152 3910 1311 3965 Verbo
1347 3913 1547 3964 Domini
1596 3912 1707 3964 εωίὶ
1757 3912 1945 3979 firmati

371 3993 487 4055 sunt
512 4023 541 4055 ,ί
567 3995 612 4055 et
639 3985 820 4052 spiritu
865 3986 967 4036 oris
994 3985 1102 4055 ejus
1145 3988 1306 4036 omnis
1345 3986 1500 4055 virtus
1549 3998 1719 4036 eorum
1750 3982 1940 4055 (Psal.

372 4053 463 4108 5‘2.
516 4054 839 4139 ti)..'l'otum
881 4053 1064 4108 orbein
1097 4056 1316 4139 replevit
1363 4054 1637 4139 Patennut
1671 4053 1941 4139 script’um

373 4135 455 4178 est
486 4139 497 4176 :
531 4121 720 4178 leum
745 4136 792 4178 et
817 4136 1002 4178 terram
1041 4141 1130 4194 ego
1157 4125 1360 4193 impleo,
1383 4126 1503 4177 dicit
1534 4123 1778 4176 Dominus
1809 4121 1866 4195 (Ι
1870 4140 1940 4177 er.

371 4196 460 4250 25.
492 4197 605 4266 21).
640 4197 882 4265 Ιὶεριθνὶι
922 4207 978 4251 et
1023 4196 1186 4249 Filius
1216 4215 1228 4249 :
1264 4212 1384 4250 nam
1437 4196 1623 4266 Omnia
1664 4211 1751 4264 per
1779 4195 1945 4265 ipsum

373 4270 511 4338 facta
534 4277 668 4327 sunt,
701 4278 745 4320 et
769 4268 876 4321 sine
902 4268 1012 4334 ipso
1042 4273 1228 4334 factum
1274 4277 1346 4319 est
1389 4266 1516 4319 nihil
1559 4265 1737 4338 (.loan.
1771 4267 1820 4318 1.
1844 4266 1940 4338 :5).

372 4335 508 4391 Audi
546 4339 868 4405 Sapientiam
901 4338 1163 4391 dicentem
1192 4338 1258 4391 de
1282 4338 1478 4405 Spiritu
1513 4355 1526 4390 :
1570 4335 1801 4404 Spiritus
1834 4335 1942 4387 Do-

371 4411 496 4462 mini
516 4410 721 4479 rcplerit
741 4409 910 4462 urbem
940 4408 1093 4479 (Sap.
1125 4409 1176 4462 1.
1200 4409 1279 4479 77).
1309 4408 1444 4476 Quid
1469 4409 1636 4479 vero?
1660 4408 1945 4479 Creaturag

373 4496 489 4534 rum
530 4476 757 4533 maxima
785 4476 967 4540 homo,
1000 4494 1103 4532 non
1131 4496 1161 4532 a
1190 4476 1346 4532 Patre
1389 4478 1504 4531 solo
1531 4476 1663 4530 facta
1690 4487 1774 4531 est
1793 4519 1807 4541 ,
1848 4477 1943 4532 sed

371 4559 694 4617 coeperante
714 4550 866 4612 Filio,
885 4550 1186 4619 complente
1213 4551 1410 4611 Spiritu
1440 4558 1625 4602 saneto
1651 4565 1664 4600 :
1699 4563 1819 4600 ttattt
1845 4549 1939 4614 ait,

373 4620 645 4675 Faciamus
670 4623 920 4674 hominem
955 4623 1021 4674 ad
1059 4622 1325 4691 imaginem
1349 4630 1395 4672 et
1437 4619 1813 4672 similitudinem
1853 4636 1946 4672 no-

370 4706 528 4765 stram
550 4693 699 4765 (Gen.
726 4695 776 4746 1.
799 4692 911 4765 26).
937 4692 1235 4765 Faci_:_unus,
1265 4691 1625 4765 nonLFaciant
1652 4704 1772 4765 ego,
1812 4704 1940 4765 non,

372 4759 567 4817 Facias
588 4774 664 4827 tu,
696 4781 822 4830 non,
856 4760 1186 4825 Faciat'ille;
1219 4761 1333 4824 sed,
1368 4759 1656 4813 Faciamus.
1699 4759 1754 4813 Si
1798 4762 1941 4813 enim

370 4835 616 4900 dixisset,
644 4836 750 4891 Fac
780 4846 853 4901 tu,
884 4834 1285 4889 subministrum
1330 4831 1692 4901 declarasset:
1725 4831 1945 4897 aequali-

374 4914 534 4959 tatem
563 4920 690 4960 vero
735 4900 1144 4967 demonstrans,
1190 4905 1293 4967 ait,
1345 4900 1620 4955 Faciamus
1667 4902 1940 4955 hominem.

371 4977 684 5030 Communis
734 4981 1036 5040 sententia,
1090 4989 1374 5030 commune
1425 4988 1600 5044 opus,
1659 4988 1945 5028 commune

375 5048 705 5116 ﬁgmentum.
747 5047 900 5116 Quod
934 5057 1110 5100 autem
1145 5047 1300 5100 Pater
1336 5054 1390 5099 et
1415 5044 1579 5099 Filius
1617 5054 1672 5097 et
1716 5044 1944 5116 Spiritus

372 5114 589 5174 sanctus
622 5114 806 5175 fecerit
831 5118 1121 5178 hominem,
1154 5116 1315 5169 David
1342 5116 1470 5169 tnilti
1500 5120 1808 5169 testtlicatnr
1836 5114 1945 5168 Deo

373 5189 557 5244 dicens
588 5208 602 5245 :
643 5190 830 5244 Manus
856 5200 954 5242 tua:
981 5192 1205 5257 fecerunt
1242 5203 1321 5240 me
1361 5198 1408 5240 et
1438 5187 1810 5255 plasmaverunt
1867 5200 1946 5237 nte

377 5259 551 5326 (Psal.
587 5262 710 5316 118.
744 5262 869 5320 75).
903 5258 1017 5313 Non
1051 5268 1104 5310 tu
1137 5273 1220 5311 me
1260 5258 1410 5311 solus
1441 5258 1609 5311 iecisti
1642 5271 1658 5309 :
1690 5271 1794 5308 non
1826 5271 1943 5326 ma-

377 5325 477 5386 nus
506 5342 590 5386 tua
620 5334 731 5386 sola
763 5332 885 5386 fecit
912 5344 1016 5393 me,
1047 5343 1165 5398 qua:
1192 5339 1277 5398 est
1301 5327 1617 5395 Unigenitus
1646 5336 1786 5379 tuus.
1830 5325 1921 5377 Ma

377 5417 473 5456 nus
493 5414 590 5457 tua:
619 5408 840 5472 fecerant
866 5416 998 5472 me;
1026 5397 1077 5453 id
1104 5397 1470 5472 e>t,AVt-rbu_m
1501 5407 1554 5449 et
1591 5397 1856 5472 Spiritus;
1871 5398 1947 5472 At:

378 5474 421 5525 si
450 5465 672 5539 diceret,
697 5474 852 5527 Verbi
880 5470 1094 5539 quidem
1120 5469 1375 5536 sapientia
1406 5467 1653 5521 formavit
1679 5483 1783 5529 me.
1802 5538 1805 5539 ν
1824 5465 1947 5539 ξψξ-

378 5543 512 5598 t'itus
534 5535 668 5598 vero
691 5535 1034 5612 intelligentia
1063 5535 1311 5612 ΐθςίιίιιιθ,
1345 5550 1395 5592 te
1420 5539 1740 5606 Cotnplente.
1782 5535 1945 5590 Sinti-

378 5612 499 5668 liter
524 5625 577 5669 et
616 5616 715 5669 Job
745 5617 852 5668 Deo
867 5609 1000 5667 dicit
1030 5627 1043 5664 :
1076 5609 1261 5664 Manus
1283 5620 1380 5662 tua:
1406 5612 1746 5679 formaverunt
1772 5622 1870 5672 me,
1900 5616 1949 5660 et

403 5686 607 5739 'ecerunt
632 5703 709 5740 me
736 5684 877 5755 (Job.
909 5684 994 5736 10.
1022 5682 1103 5753 8).
1127 5681 1256 5733 Nam
1266 5690 1332 5755 _et
1356 5680 1544 5755 caelum
1575 5692 1628 5732 et
1649 5680 1948 5755 virtuscaa-

380 5686 607 5810 fecerunt
632 5703 709 5740 me
736 5686 877 5755 (Job.
909 5686 994 5736 10.
1022 5686 1103 5753 8).
1127 5686 1256 5733 Nam
1278 5690 1332 5733 et
1356 5686 1544 5732 Caelum
1575 5692 1628 5732 et
1649 5686 1815 5733 virtus
1842 5693 1947 5731 ca:-

397 5771 549 5829 orum
583 5773 676 5825 per
694 5758 873 5829 ipsum
912 5755 1045 5829 facta
1077 5763 1199 5805 sunt
1220 5792 1235 5817 ,
1260 5750 1479 5829 pavide
1502 5751 1749 5804 dicente:
1780 5747 1947 5829 ’νει-ιὸο

380 5820 934 5892 Βοηιὶιιῖαείἶβνηιαιί
962 5832 1097 5889 sunt,
1126 5834 1170 5877 et
1197 5823 1377 5888 spiritu
1403 5822 1504 5875 oris
1526 5837 1633 5890 ejus
1655 5820 1816 5892 omnis
1843 5820 1948 5871 vir-

386 5910 461 5953 tus
490 5913 663 5953 eorum
693 5899 711 5955 l
728 5890 873 5953 Psal.
899 5898 988 5955 52.
1021 5896 1128 5965 6);
1170 5892 1223 5948 itt
1252 5892 1506 5965 propheta
1551 5901 1727 5948 autem
1760 5890 1894 5947 Osm
1928 5906 1943 5943 :

1838 405 1926 461 DE
1966 403 2143 460 FIDE.

3563 413 3667 469 ’ΠΟ

2082 519 2242 595 (_.'ujns
2267 536 2446 595 manus
2467 532 2758 595 creaverunt
2783 522 3056 595 egeri-inim
3077 525 3209 578 creti.
3237 523 3369 579 Nam
3388 524 3474 580 hic
3493 526 3659 595 signi-

2082 591 2205 644 ﬁcat
2248 605 2347 661 per
2393 590 2650 660 Spiritum
2699 601 2751 645 ct
2803 592 3033 648 Verbum
3071 594 3357 649 exercitum
3408 590 3660 652 ca-loium

2079 670 2318 716 creatum
2375 662 2569 736 fuisse.
2610 662 2892 736 Faciamus
2944 665 3197 719 hominem
3256 668 3325 717 ad
3387 667 3661 736 imaginem

2080 741 2342 795 nostram;
2386 747 2514 798 non,
2545 732 2623 786 Ad
2656 734 2913 803 imagines
2940 745 3183 799 nostras;
3230 736 3346 799 sed,
3388 732 3659 794 Faciamus

2079 802 2331 885 hominem
2350 804 2419 885 a_d
2437 804 2705 885 imaginem
2727 802 2950 857 nastram
2973 821 2991 858 .'
3014 806 3164 871 illud,
3187 807 3456 876 faciamus,
3480 810 3658 877 plura-

2079 872 2235 936 liter;
2260 873 2414 937 illud,
2442 873 2510 925 ad
2535 872 2803 944 imaginem
2830 887 3075 941 nostram,
3103 872 3459 945 singulariter.
3480 872 3559 932 Ἐι
3588 895 3658 935 ne

2079 946 2196 1015 quis
2218 946 2577 1011 suspicaretur
2598 945 2866 998 hominem
2895 946 2961 999 ad
2986 948 3263 1015 imaginem
3289 947 3457 1002 Patris
3485 951 3653 1005 solam

2076 1012 2273 1088 laetum
2301 1015 2484 1088 fuisse,
2508 1016 2713 1088 addidit
2755 1016 2883 1088 illud
2906 1058 2920 1079 ,
2947 1012 3190 1071 nostram.
3227 1018 3293 1072 Et
3322 1018 3443 1073 ideo
3464 1060 3478 1083 ,
3527 1022 3650 1088 quia

2080 1083 2164 1158 illa
2197 1085 2372 1158 imago
2404 1086 2733 1158 primigenia
2759 1086 2946 1158 Adami
2971 1128 2985 1150 ,
3038 1103 3131 1156 per
3177 1083 3651 1158 transgressionem

2076 1153 2290 1229 inimica
2316 1153 2468 1229 iacta
2495 1196 2511 1220 ,
2558 1171 2696 1223 Opus
2724 1156 2952 1229 habebat
2980 1153 3411 1229 renovatione'et
3455 1176 3651 1229 purga-

2076 1225 2242 1292 tione,
2276 1241 2380 1280 non
2410 1226 2464 1280 in
2495 1229 2711 1281 nomine
2738 1226 2912 1281 Patris
2940 1228 3106 1283 solius
3134 1231 3184 1284 in
3211 1225 3528 1297 baptismate
3557 1225 3650 1287 re-

2075 1307 2379 1370 generatur,
2399 1297 2491 1351 sed
2513 1306 2567 1370 et
2590 1297 2781 1370 Filiiet
2799 1297 3024 1370 Spiritus
3038 1301 3205 1355 sancti
3231 1319 3244 1354 :
3266 1303 3388 1370 quia
3410 1302 3478 1355 ab
3501 1303 3649 1358 initio

2073 1367 2151 1420 sic
2181 1368 2348 1423 laetus
2372 1377 2497 1443 _est._
2529 1367 2664 1443 Vere
2712 1367 2869 1443 igitur
2905 1368 3149 1438 obsignat
3185 1367 3351 1443 Pater
3386 1373 3437 1443 in
3477 1372 3649 1443 bapti-

2072 1448 2264 1513 s_mate,
2290 1447 2346 1492 ut
2372 1438 2564 1513 Paulus
2585 1440 2659 1493 ait
2684 1456 2697 1493 :
2724 1438 2824 1513 Qui
2845 1450 3011 1513 autem
3035 1442 3154 1513 fecit
3174 1459 3266 1513 nos
3286 1442 3353 1495 ad
3371 1442 3465 1494 hoc
3480 1438 3648 1513 ipsum

2072 1504 2231 1585 Deus,
2263 1519 2309 1562 et
2333 1512 2478 1563 unxit
2506 1526 2608 1585 nos
2624 1520 2671 1585 et
2698 1512 2912 1585 signavit
2940 1504 3286 1585 κρεκὶ-ρον.
3322 1518 3372 1568 1.
3404 1504 3640 1585 21:22).

2071 1577 2256 1650 Signat
2283 1591 2460 1634 autem
2487 1589 2542 1634 ct
2576 1577 2805 1650 Spiritus
2831 1591 3047 1635 sanctus
3070 1577 3092 1634 ’;
3126 1580 3302 1637 Nolite
3347 1586 3478 1637 enim
3517 1577 3642 1639 con-

2071 1649 2271 1704 trislare
2303 1650 2552 1720 Spiritum
2576 1649 2822 1712 sanctum,
2853 1653 2908 1704 in
2943 1668 3042 1721 quo
3066 1654 3249 1721 signati
3275 1655 3391 1708 estis
3416 1655 3468 1707 in
3508 1656 3641 1710 diem

2069 1720 2426 1793 redemptionis
2452 1720 2667 1793 (Ep/tes.
2707 1723 2759 1775 4.
2784 1723 2898 1791 50).
2928 1720 3131 1792 Signati
3153 1736 3330 1780 autem
3351 1740 3380 1779 a
3408 1724 3564 1783 Patre
3589 1739 3644 1785 et

2070 1788 2270 1857 Spiritu
2297 1788 2484 1846 saneto
2510 1788 2561 1847 in
2589 1792 2839 1847 cordibus
2858 1788 3063 1848 ’nosti'is
3082 1836 3097 1858 ,
3127 1810 3231 1848 non
3261 1799 3310 1848 in
3341 1798 3471 1851 duas
3501 1800 3638 1853 ima-

2068 1862 2218 1928 gines
2249 1862 2709 1928 transformamur,
2733 1865 2827 1917 sed
2858 1864 2909 1916 in
2938 1879 3095 1917 unam
3124 1863 3241 1918 Filii
3268 1867 3403 1933 ejus.
3437 1868 3510 1921 Ex
3556 1870 3637 1925 his

2067 1940 2243 2002 autem
2265 1933 2530 2002 colligitur
2556 1934 2706 1996 illud,
2739 1934 2791 1986 in
2816 1950 2988 1999 unam,
3018 1950 3138 1990 esse
3163 1938 3334 1990 Patris
3361 1948 3414 1991 et
3439 1937 3557 1993 Filii
3584 1952 3640 1995 et

2067 1999 2298 2074 Spiritus
2323 1999 2513 2058 sancti.
2544 2005 2744 2074 Signati
2776 2006 2827 2057 itt
2871 2005 3124 2059 cordibus
3160 2009 3390 2071 noswis,
3418 2010 3636 2064 confor—

2068 2086 2181 2144 ntes
2205 2072 2649 2144 Filiokeftieimur,
2678 2085 2734 2130 et
2774 2076 2946 2144 imago
2973 2076 3096 2141 Dei,
3129 2086 3187 2131 ut
3209 2077 3403 2132 clamat
3441 2079 3637 2136 Paulus

2065 2139 2252 2219 dicens
2264 2161 2295 2219 _:
2336 2142 2777 2219 Virquidemnon
2796 2139 3126 2219 debetvelari,
3159 2164 3271 2200 cum
3291 2150 3356 2201 sit
3389 2150 3556 2219 imago
3589 2163 3636 2205 et

2062 2213 2229 2282 gloria
2253 2213 2350 2289 Dei
2388 2213 2469 2289 (1.
2497 2215 2734 2289 Cet-.711.
2768 2218 2842 2285 7).
2873 2216 3038 2271 Multo
3061 2220 3228 2287 magis
3254 2213 3634 2286 Spiritus-san.

2064 2290 2183 2357 ctus
2214 2295 2298 2357 est
2334 2287 2511 2357 imago
2542 2288 2652 2342 Dei.
2685 2287 2903 2355 Magnus
2938 2290 3096 2341 etiam
3133 2299 3216 2343 est
3244 2289 3440 2351 Filius,
3471 2291 3637 2346 inter-

2063 2352 2331 2410 minabilis
2373 2352 2470 2411 est'
2507 2357 2735 2427 Spiritus
2772 2352 2995 2412 sanctus
3039 2378 3051 2413 :
3110 2358 3329 2430 Magnus
3382 2359 3634 2417 Dominus

2061 2434 2248 2500 noster,
2274 2436 2321 2478 et
2351 2442 2536 2500 magna
2565 2430 2720 2500 uirtus
2747 2430 2857 2498 ejus
2910 2433 2925 2500 (
2951 2444 3072 2483 nam
3113 2430 3355 2500 Christus
3405 2433 3498 2485 Dei
3530 2437 3635 2487 vir-

2063 2494 2189 2573 tus),
2210 2505 2250 2548 et
2280 2494 2547 2573 sapientia
2564 2499 2677 2568 ejus
2701 2494 2808 2573 non
2825 2509 2895 2573 est
2918 2494 3160 2573 inuittertts
3185 2499 3352 2570 (Paul.
3389 2503 3512 2560 146.
3541 2506 3628 2573 ὃ).

2060 2561 2117 2639 _ld
2146 2561 2248 2639 est,
2278 2564 2513 2639 Spiritus
2537 2561 2752 2620 sanctus
2782 2569 2894 2631 Dei,
2919 2569 3147 2636 Spiritus
3173 2561 3255 2624 est
3281 2573 3553 2639 sapientia:
3578 2561 3633 2628 et

2059 2633 2380 2690 intellectus.
2412 2636 2521 2691 Pax
2558 2653 2769 2708 quoque
2804 2649 2886 2692 est
2933 2633 3090 2692 Pater
3132 2658 3145 2692 :
3190 2633 3631 2698 lt‘cce'declinabo

2056 2720 2210 2773 super
2253 2723 2369 2760 eam
2400 2710 2559 2832 lgavisi
2603 2710 2788 2778 ﬂuvius
2839 2710 2976 2776 pacis
3016 2709 3186 2781 (lsai.
3214 2712 3303 2767 66.
3351 2712 3470 2783 12).
3520 2715 3630 2770 Pax

2057 2789 2267 2832 (tuttuue
2290 2787 2374 2832 est
2445 2778 2585 2832 ilius.
2622 2789 2678 2831 ut
2704 2779 2895 2832 Paulus
2915 2781 2986 2832 ait
3017 2797 3032 2832 :
3067 2781 3187 2832 lose
3216 2794 3285 2832 est
3308 2799 3410 2832 nam
3435 2796 3624 2832 nostra-

2057 2789 2267 2852 quoque
2290 2787 2374 2832 est
2400 2778 2585 2842 Filius,
2622 2789 2678 2831 ιιι
2704 2779 2895 2852 Paulus
2915 2781 2986 2852 ait
3017 2778 3033 2836 ἑ
3067 2781 3187 2850 Ipse
3216 2794 3285 2835 est
3306 2799 3410 2852 pax
3428 2778 3625 2847 nostra,

2054 2849 2147 2923 qui
2166 2849 2286 2923 fecit
2306 2858 2517 2917 utraque
2538 2865 2706 2923 unnn_t_
2727 2849 2938 2920 (Ephes.
2958 2851 3011 2903 2.
3044 2853 3151 2922 ll).
3180 2853 3284 2906 l‘ax
3307 2849 3527 2923 quoque
3546 2865 3630 2910 est

2057 2917 2287 2994 Spiritus
2329 2929 2604 2994 sancttts:
2657 2917 3085 2994 Fractus_autem
3110 2917 3401 2994 Spiritus,
3435 2917 3624 2994 inquit,

2053 2989 2256 3061 caritas,
2295 3003 2403 3060 pax
2442 2988 2653 3060 (Ep/tes.
2686 2991 2737 3046 5.
2765 2991 2842 3059 9).
2874 2990 3016 3044 Fons
3035 3004 3118 3047 est
3145 2988 3302 3048 Pater
3331 3012 3345 3047 :
3373 2988 3626 3061 Quoniam

2053 3060 2195 3131 apud
2215 3069 2263 3114 te
2280 3071 2358 3114 est
2395 3061 2509 3131 fons
2531 3064 2643 3114 vita:
2669 3062 2839 3131 (Psal.
2872 3064 2962 3117 55.
2994 3065 3084 3129 10)
3116 3082 3128 3117 :
3162 3065 3279 3116 fons
3306 3074 3389 3119 est
3416 3065 3579 3119 Filius
3608 3087 3621 3119 :

2056 3128 2298 3206 bieenim
2312 3128 2701 3206 dereliquerunt,
2729 3138 2918 3203 [autent
2943 3150 3086 3202 aqua:
3107 3135 3229 3206 virm
3249 3134 3378 3203 (Jer.
3409 3134 3461 3187 2.
3514 3138 3624 3206 15).

2053 3200 2165 3273 .\_’isi
2187 3214 2333 3257 esset
2356 3200 2738 3271 fons'Spiritus
2761 3200 2995 3265 sanctus,
3024 3221 3128 3259 non
3156 3200 3377 3258 dixisset
3406 3200 3621 3273 Paulus,

2053 3269 2122 3343 Et
2148 3289 2320 3327 omnes
2352 3275 2406 3328 in
2433 3269 2604 3328 eodem
2634 3274 2834 3342 Spiritu
2878 3275 3118 3343 baptizati
3144 3291 3317 3329 sumus
3357 3278 3449 3342 (1.
3502 3269 3622 3333 Cor.

2054 3342 2140 3415 12.
2174 3345 2286 3415 15).
2317 3344 2593 3414 Liquidins
2618 3358 2794 3398 autem
2821 3360 2888 3399 ex
2913 3342 3117 3400 Domini
3147 3347 3318 3399 verbis
3349 3348 3621 3414 edis-citur,

2053 3414 2307 3488 Spiritum
2351 3416 2480 3488 fonti
2529 3416 2693 3488 fuisse
2728 3427 3125 3488 comparatum.
3158 3416 3390 3471 Veniens
3433 3419 3626 3488 quippe

2049 3485 2206 3541 Jesus
2231 3486 2494 3538 clamabat
2519 3503 2532 3538 :
2561 3487 2622 3539 Si
2651 3486 2762 3550 quis
2808 3486 2911 3537 sitit
2933 3525 2948 3549 ,
2977 3488 3141 3539 veniat
3166 3491 3231 3537 ad
3266 3503 3345 3539 me
3366 3527 3382 3553 ,
3419 3501 3463 3539 et
3492 3485 3625 3541 bibat

2049 3572 2253 3625 aquam,
2286 3566 2358 3619 et,
2390 3556 2534 3609 Sicut
2577 3555 2703 3607 dixit
2739 3555 3011 3625 Scriptura
3034 3598 3049 3620 ,
3096 3557 3309 3625 ﬂamma
3361 3558 3423 3609 de
3459 3569 3626 3612 vetttre

2050 3624 2159 3696 ejus
2186 3627 2344 3694 ﬂuent
2367 3640 2512 3693 aqua:
2548 3627 2687 3678 virtu.
2721 3624 2834 3677 Hoc
2869 3638 3034 3697 autem
3060 3624 3256 3697 dicebat
3295 3626 3359 3679 de
3398 3627 3620 3697 Spiritu,

2049 3694 2194 3769 quem
2219 3697 2470 3769 accepturi
2499 3706 2637 3769 erant
2663 3696 3006 3769 credentes‘in
3051 3697 3199 3769 eum(
3224 3694 3379 3749 Joan.
3413 3694 3560 3769 7.37
3591 3694 3618 3739 -ὲ

2050 3768 2180 3836 59).
2231 3765 2345 3823 Lux
2394 3776 2476 3839 est
2525 3766 2703 3839 Pater,
2738 3766 2868 3839 Quia
2910 3765 3046 3819 Deus
3074 3767 3162 3839 tua:
3200 3776 3274 3818 est
3321 3769 3436 3839 (1.A
3463 3766 3619 3839 .loan.

2050 3842 2103 3895 1.
2133 3835 2189 3908 5)
2224 3858 2236 3894 :
2269 3842 2354 3894 lux
2380 3835 2603 3908 Filiu_s;‘
2632 3852 2775 3900 nam,
2808 3835 2920 3906 Ego
2956 3854 3069 3890 sum
3098 3838 3186 3889 lux
3215 3838 3389 3890 mundi
3420 3837 3617 3905 (Joan.

2049 3912 2104 3966 8.
2147 3906 2272 3976 1'2);
2309 3913 2395 3965 lux
2426 3919 2480 3963 et
2507 3906 2732 3977 Spiritus
2763 3923 2776 3959 :
2826 3923 2932 3960 non
2958 3908 3101 3960 enim
3130 3908 3355 3961 dixisset
3385 3909 3576 3963 Paulus
3601 3952 3617 3975 ,

2050 3982 2298 4051 Spiritum
2326 3981 2478 4034 nolite
2503 3979 2901 4051 exstinguere“.
2927 3976 3100 4051 Thess.
3118 3979 3187 4051 75.
3225 3979 3337 4051 19).
3370 3978 3477 4051 Sed,
3498 3983 3620 4050 quia

2050 4047 2151 4107 hoc
2176 4063 2233 4106 ut
2271 4053 2324 4106 vi
2352 4051 2596 4105 eductum
2625 4047 2838 4119 quidam
2869 4049 3083 4112 habent,
3114 4050 3277 4119 David
3308 4047 3621 4119 preprie'di-

2049 4133 2136 4177 cat
2166 4140 2180 4176 :
2214 4121 2279 4176 In
2314 4123 2501 4177 lumine
2525 4131 2610 4173 tuo
2643 4117 2926 4172 uidebimus
2954 4120 3123 4187 lumen
3168 4117 3341 4187 (Psal.
3372 4117 3459 4173 55.
3503 4121 3618 4187 10),

2050 4172 2519 4263 ﬁéin'pé'si.'nimin
2543 4172 2804 4263 sanctum.
2838 4189 3050 4263 Lﬂterat
3075 4172 3243 4263 Pater
3261 4172 3619 4263 redactnmin

2048 4260 2357 4321 servitutem
2384 4262 2585 4332 peccati
2617 4261 2853 4332 :ﬁliherat
2880 4260 3082 4324 Films;
3114 4260 3324 4313 dicebat
3361 4261 3500 4314 enim
3526 4262 3620 4317 Ju-

2049 4336 2178 4391 d:eis
2199 4375 2215 4400 ,
2249 4335 2310 4391 Si
2335 4330 2452 4403 ergo
2480 4349 2564 4387 uos
2607 4330 2775 4403 Filius
2803 4331 3116 4403 liberaverit_,_
3136 4346 3267 4403 ruere
3303 4332 3444 4403 liberi
3482 4334 3620 4387 eritis

2050 4400 2477 4527 (Joan..8..3_62':
2524 4404 2715 4456 liberat
2749 4401 3026 4489 Spiritus:
3073 4400 3172 4455 Ubi
3226 4403 3359 4483 enim
3397 4400 3620 4483 Spiritus

2050 4478 2276 4527 [)ommt.
2309 4476 2376 4527 ibt
2425 4474 2603 4527 ibertas
2625 4472 2701 4527 (2.
2724 4472 2842 4526 Cor.
2868 4492 2918 4527 ο.
2944 4470 3032 4527 17)
3063 4489 3075 4524 :
3110 4473 3197 4525 lex
3224 4471 3452 4527 Spiritus
3482 4473 3617 4526 libe-

2048 4470 2276 4540 Domini,
2309 4476 2376 4528 ibi
2403 4470 2603 4527 libertas
2625 4472 2701 4540 (2.
2724 4470 2842 4526 Cor.
2868 4474 2918 4527 5.
2944 4470 3032 4541 17)
3063 4489 3075 4524 :
3110 4473 3197 4525 lex
3224 4470 3452 4540 Spiritus
3482 4473 3617 4526 libe-

2048 4559 2166 4602 rat:
2195 4547 2301 4601 Lex
2320 4561 2433 4600 vero
2462 4544 2685 4613 Spiritus
2706 4543 2927 4596 liberauit
2953 4552 3000 4594 te
3020 4559 3052 4593 a
3078 4544 3309 4596 servitute
3331 4544 3618 4613 corruptio-

2047 4621 2126 4672 nis
2154 4618 2330 4689 (Rom.
2362 4616 2414 4671 8.
2440 4614 2527 4689 2).
2557 4615 2734 4689 Bonus
2761 4623 2844 4667 ρει
2872 4613 3028 4666 Pater
3055 4629 3069 4665 :
3098 4614 3269 4689 bimus
3306 4613 3507 4689 Filius:
3537 4614 3619 4668 An

2049 4683 2225 4743 oculus
2254 4699 2387 4750 tuus,
2438 4683 2629 4753 inquit,
2659 4700 2871 4755 nequam
2900 4693 2975 4735 est
2993 4723 3009 4747 ,
3050 4684 3171 4755 quia
3201 4698 3291 4752 ego
3318 4683 3477 4737 bonus
3506 4700 3620 4737 sum

2051 4758 2263 4885 gMatth.
2311 4757 2404 4811 20.
2438 4755 2570 4824 15)?
2596 4754 2767 4809 bonus
2795 4754 2952 4810 etiam
2981 4764 3062 4807 est
3087 4754 3314 4823 Spiritus
3353 4762 3568 4808 sanctus
3601 4773 3615 4809 :

2076 4831 2278 4885 ‘niritus
2304 4838 2417 4880 tuus
2434 4828 2591 4880 bonus
2611 4826 2816 4878 deducet
2841 4840 2920 4878 me
2944 4825 2998 4876 in
3026 4834 3209 4877 terram
3229 4834 3417 4878 rectam
3444 4823 3613 4885 (Psal.

2076 4831 2290 4905 Spiritus
2304 4838 2417 4905 tutis
2434 4823 2591 4905 bonus
2611 4826 2816 4905 deducet
2841 4840 2920 4878 me
2944 4825 2998 4876 in
3026 4834 3209 4905 terram
3229 4834 3424 4905 rectam
3444 4823 3613 4905 (Psal.

2050 4894 2174 4957 142.
2208 4900 2320 4968 10).
2353 4896 2450 4952 Ubi
2483 4898 2597 4968 vult
2625 4906 2708 4950 est
2732 4894 2919 4968 Pater;
2952 4895 3149 4968 nemini
3178 4894 3620 4968 enimsnbjectus

2048 4981 2162 5026 est:
2196 4965 2289 5025 ubi
2314 4970 2522 5022 vultest
2538 4965 2734 5029 Filius;
2771 4965 2906 5019 liber
2926 4966 3123 5035 quippe
3142 4974 3225 5020 est
3249 4983 3263 5018 :
3292 4965 3379 5020 ubi
3398 4967 3509 5019 vult
3534 4975 3620 5020 est

2048 5043 2278 5112 Spiritus
2299 5049 2512 5112 sanctus
2537 5056 2552 5102 ;
2576 5053 2696 5112 nam
2716 5036 2939 5112 Spiritus
2954 5037 3034 5089 ubi
3058 5037 3161 5090 uult
3178 5036 3356 5112 spirat,
3376 5046 3427 5112 et
3447 5050 3619 5112 vocem

2049 5104 2160 5175 eius
2175 5112 2322 5166 audis
2336 5126 2355 5175 ;
2370 5109 2457 5163 sed
2473 5109 2632 5163 nescis
2645 5104 2776 5161 unde
2793 5108 2976 5171 veniat,
2994 5116 3080 5158 aut
3094 5122 3192 5173 quo
3204 5105 3353 5177 vadat
3367 5104 3544 5177 (Joan.
3561 5107 3616 5162 5.

2049 5184 2126 5242 ὃ).
2150 5181 2337 5238 Omnia
2357 5180 2594 5235 continet
2609 5179 2783 5244 Pater,
2810 5177 2985 5231 omnia
2998 5177 3236 5230 continet
3251 5176 3619 5239 Filius,omnia

2048 5259 2287 5309 enminet
2306 5251 2537 5321 Spiritus
2551 5259 2794 5321 sanctus;
2820 5245 2984 5300 David
3004 5247 3147 5321 enim
3169 5247 3297 5321 dicit
3310 5264 3333 5321 _:
3357 5246 3470 5321 Quo
3490 5247 3570 5321 ἱὸᾲο
3585 5264 3621 5321 a

2049 5326 2232 5393 spiritu
2258 5316 2375 5388 tuo,
2405 5332 2452 5375 et
2479 5337 2577 5390 quo
2603 5336 2634 5372 a
2663 5319 2791 5389 facie
2822 5327 2910 5397 tua
2933 5318 3136 5442 fugiam
3164 5316 3339 5400 (Psal.
3369 5319 3492 5373 158.
3518 5318 3620 5400 7))

2049 5395 2398 5442 ()mninnlens
2424 5404 2507 5442 est
2537 5391 2711 5442 Pater.
2756 5398 2816 5442 ut
2841 5388 2969 5441 dicit
3029 5387 3140 5441 ob:
3186 5386 3343 5442 Nom.
3378 5387 3615 5442 Domine.

2049 5386 2398 5463 Onmipotens
2424 5386 2507 5446 est
2537 5386 2713 5463 Pater,
2729 5460 2736 5463 _
2756 5398 2816 5463 ut
2841 5387 2975 5463 dicit
2996 5386 3098 5463 .lob
3125 5404 3152 5463 :_
3177 5386 3360 5463 Novi,
3378 5386 3615 5463 Domine,

2047 5468 2183 5537 quod
2203 5457 2395 5537 _'omnia
2416 5531 2428 5537 _
2449 5462 2630 5533 possis,
2662 5460 2885 5537 nihilque
2921 5457 3009 5510 tibi
3045 5459 3110 5537 sit
3134 5457 3441 5537 impossibile
3467 5457 3617 5528 (Job.

2050 5528 2137 5591 12.
2165 5534 2243 5606 2).
2264 5528 2623 5606 (Omnipotens
2645 5528 2956 5606 estﬂFilius,
2974 5537 3030 5582 ut
3059 5528 3136 5606 ait
3165 5529 3245 5583 illi
3269 5529 3359 5606 qui
3380 5528 3472 5606 tis
3500 5544 3622 5583 cre-

2053 5599 2213 5662 tlebai
2259 5605 2311 5659 in
2367 5599 2693 5669 Evangelii):
2725 5599 2957 5654 Credeuti
2987 5601 3170 5670 νοηιηὶα
3207 5601 3465 5670 possibilia
3504 5611 3624 5652 sunt

2052 5677 2130 5746 (Μ
2139 5691 2257 5746 are.
2277 5676 2332 5730 9.
2363 5674 2479 5746 22)ἶ
2506 5670 2867 5746 Qtnrtipoteits
2895 5678 2950 5746 et
2977 5669 3206 5738 Spiritus
3235 5680 3452 5746 sanctus
3478 5685 3491 5721 :
3534 5679 3622 5746 est

2051 5737 2216 5806 enim,
2248 5737 2446 5813 inquit,
2467 5744 2556 5797 Dei
2586 5737 3260 5813 virinsSpiritusSanctus,
3291 5737 3520 5813 Spiritus
3543 5740 3623 5793 itt-

2052 5808 2374 5887 telligentize.
2405 5823 2638 5887 sanctus,
2662 5808 3031 5876 multiformis,
3074 5810 3276 5875 tenuis,
3322 5809 3474 5887 facile
3503 5825 3623 5887 nio-

2053 5878 2195 5957 bilisv,
2224 5889 2419 5951 clarus,
2440 5882 2773 5955 perspicuus,
2796 5892 3014 5946 tttazsus,
3039 5891 3245 5948 acutus,
3270 5894 3378 5936 non
3398 5878 3625 5952 impedi-
