4086 6376
601 393 707 448 775

598 507 787 561 dilexit
826 505 1102 572 mundum,
1165 514 1219 559 ut
1251 500 1299 555 Γ
1302 508 1446 561 ilium
1496 522 1645 559 suum
1686 502 1996 574 unigenitum
2038 502 2185 574 daret

599 576 784 645 (Joan.
817 579 873 634 5.
900 577 989 644 id)
1018 581 1069 631 in
1096 576 1351 633 mundum
1384 591 1479 647 pro
1504 576 1661 631 nobis
1685 594 1699 630 :
1726 575 1921 629 caritas
1950 573 2185 643 pericula

598 648 651 702 in
683 656 825 703 terra
851 659 904 702 et
929 650 980 702 in
1003 664 1135 703 mari
1158 647 1299 705 ferre
1318 648 1501 703 docuit
1524 667 1538 703 :
1570 648 1763 701 caritas
1786 656 2046 717 martyres
2068 660 2190 715 per-

601 718 731 777 ﬁcit.
753 720 1040 782 beatilicat,
1062 728 1320 776 coronat:
1343 720 1540 773 caritas
1560 718 1860 787 proximum
1879 716 1937 770 ut
1955 716 2186 784 seipsam

599 790 840 860 respicit,
867 801 921 844 et
944 807 1065 857 ane
1087 791 1301 860 propria
1320 797 1463 850 sunt.
1489 786 1733 842 omnibus
1758 788 2061 860 communia
2083 786 2191 860 exi-

600 858 784 913 stimat
814 877 831 916 :
864 861 1062 916 caritas
1092 858 1331 930 proximi
1362 869 1652 930 egestatem
1686 867 1742 912 ut
1770 859 1869 912 sibi
1917 858 2187 927 propriam

602 932 789 986 statuit
816 948 831 987 :
865 932 1062 985 caritas
1089 946 1327 986 mensam
1358 930 1604 984 omnibus
1642 944 1980 983 communem
2009 939 2187 997 parat,

604 1002 826 1072 pauperi
855 1013 910 1057 et
936 1003 1110 1066 diviti,
1142 1002 1367 1072 sapienti
1393 1012 1447 1056 et
1475 1000 1650 1054 idiom:
1675 1019 1687 1053 :
1724 1004 1920 1072 caritas
1940 1000 2194 1052 amaritu-

604 1070 730 1127 dine
764 1074 971 1136 plenam
995 1070 1227 1127 animam
1250 1074 1509 1127 suavitate
1528 1073 1722 1140 replet,
1747 1070 1997 1124 afﬂictam
2016 1080 2190 1137 curat,

607 1141 939 1198 humiliatam
981 1154 1191 1199 recreat
1221 1162 1235 1198 :
1267 1146 1462 1198 caritas
1510 1142 1996 1213 inexstinguibilem
2027 1142 2192 1209 virgi-

606 1213 794 1268 nitatis
829 1216 1097 1270 lucernam
1116 1215 1444 1276 circumfert,
1473 1223 1528 1268 et
1560 1228 1686 1267 suos
1707 1214 1920 1268 curiose
1950 1213 2189 1280 inquirit,

605 1286 800 1337 raritas
826 1286 977 1353 regni
1001 1296 1180 1352 portas
1199 1288 1392 1355 aperit,
1423 1296 1479 1340 et
1504 1285 1858 1355 virginitatem
1883 1291 2191 1355 coronatam

605 1357 845 1427 inducit,
883 1371 980 1410 nec
1009 1353 1257 1425 prohibet
1283 1359 1409 1427 quin
1441 1357 1501 1418 ii,
1532 1353 1620 1425 qui
1653 1356 1704 1408 in
1733 1353 2032 1409 honorabili
2060 1370 2193 1408 con-

601 1425 753 1495 jugio
774 1430 1042 1489 vixerunt,
1064 1425 1334 1481 introeant
1357 1446 1370 1482 :
1399 1428 1593 1482 caritas
1609 1427 2002 1497 eleemosynam
2026 1433 2190 1491 amat,

607 1507 662 1550 et
693 1497 757 1552 iis
782 1500 871 1568 qui
906 1499 1048 1552 illam
1078 1499 1264 1552 colunt
1288 1514 1521 1554 corOnas
1560 1512 1693 1551 auro
1723 1496 2068 1565 splendentes
2097 1510 2192 1568 pa-

604 1578 689 1620 rat
713 1584 726 1619 :
760 1566 953 1622 caritas
979 1570 1285 1637 superbiam
1315 1585 1419 1623 non
1449 1569 1614 1633 novit,
1641 1568 1869 1622 humiles
1890 1576 2064 1620 autem
2090 1566 2196 1635 glo-

604 1638 683 1690 ria
710 1638 874 1693 afﬁcit
903 1656 916 1691 :
950 1641 1148 1694 caritas
1180 1640 1457 1695 maledicta
1500 1640 1658 1709 fugit,
1709 1647 1763 1693 et
1794 1638 2195 1694 benedictiones

609 1710 953 1776 amplectitur
985 1731 999 1766 :
1031 1711 1227 1765 caritas
1269 1712 1413 1766 viros
1457 1719 1511 1764 et
1558 1708 1809 1763 mulieres
1855 1708 2195 1762 matrimonio

607 1781 926 1850 conjunctos
955 1782 1252 1838 concordes
1279 1797 1400 1838 esse
1442 1781 1666 1849 suadet,
1709 1781 1945 1852 separari
1973 1794 2102 1835 vero
2127 1779 2195 1834 ab

2106 381 2380 439 SPL'ﬂlA.
3780 387 3860 445 πε

2294 502 2520 590 invicem
2552 519 2841 590 numquam
2860 503 3115 590 concedit
3138 503 3387 590 :"carltas
3415 492 3665 589 priecipit
3680 517 3758 590 _ut
3781 523 3860 590 pi-

2293 583 2403 630 tres
2430 576 2569 630 ﬁlios
2591 586 2790 639 ament,
2822 586 2877 631 et
2904 576 2995 631 ﬁlii
3028 576 3264 645 patrihus
3292 578 3550 630 serviant
3575 586 3635 631 ut
3662 576 3862 632 dominis

2292 648 2405 701 suis
2429 664 2441 699 :
2469 647 2664 702 caritas
2688 648 2846 703 heros
2871 648 3195 720 hortatur_ut
3220 647 3616 720 misericordes
3636 648 3740 702 sint
3760 664 3861 720 erga

2292 731 2508 781 servos,
2541 729 2594 772 et
2618 734 2804 774 servos
2828 727 2887 773 ut
2912 720 3028 774 sine
3053 717 3176 771 dolo
3203 722 3449 773 serviant
3478 717 3669 773 heris:
3698 717 3865 774 carius

2293 785 2436 841 foras
2468 789 2624 843 mittit
2651 791 2916 853 timorem,
2940 801 2993 843 et
3021 789 3263 845 ﬁduciam
3286 805 3419 857 erga
3451 790 3625 843 Deum
3654 790 3703 843 in
3729 792 3865 843 corde

2294 860 2570 931 constituit
2599 876 2612 912 :
2650 875 2770 931 nam
2803 858 3038 931 Perfecta
3068 862 3283 922 caritas,
3318 860 3541 931 inquit,
3576 861 3716 929 [oras
3743 861 3869 913 mimi

2294 930 2523 983 timorem
2557 930 2631 1001 (l.
2658 930 2813 985 Joan.
2844 930 2913 987 ις
2933 931 3021 997 l8)
3048 947 3061 985 :
3092 931 3283 985 caritas
3314 930 3463 984 hanc
3492 931 3655 983 nobis
3687 941 3864 995 patrum

2294 1016 2549 1054 coronam
2579 1003 2794 1067 nexuit,
2824 1013 2877 1057 et
2906 1003 3126 1070 stirpem
3156 1002 3269 1070 spei
3301 1016 3537 1054 suavem
3568 1010 3626 1055 et
3662 1001 3869 1055 fructuo-

2295 1088 2407 1125 sam
2440 1074 2670 1126 lirmavit
2696 1075 2746 1127 in
2777 1074 2929 1127 nobis
2957 1089 2970 1129 :
2999 1074 3191 1127 caritas
3216 1087 3441 1142 gregem
3473 1073 3529 1124 in
3557 1072 3761 1126 caulam
3790 1072 3868 1127 Ec.

2295 1143 2472 1196 clvsim
2502 1143 2732 1211 inducit,
2765 1145 3093 1212 viridemque
3120 1144 3260 1197 illam
3291 1142 3537 1212 paradisi
3571 1143 3869 1212 voluptatem

2300 1214 2481 1268 tribuit
2514 1232 2526 1266 :
2560 1216 2756 1270 caritas
2797 1218 3033 1270 omnium
3075 1227 3310 1268 nostrum
3354 1213 3617 1267 auditum
3657 1230 3806 1267 unum
3830 1223 3871 1267 et

2299 1284 2685 1340 benevolentia:
2717 1287 2930 1355 plenum
2970 1285 3236 1350 reddidit,
3279 1294 3332 1338 et
3366 1285 3752 1349 concinnavit,
3788 1285 3870 1338 lin-

2296 1372 2453 1425 guam
2484 1368 2719 1410 nostram
2748 1356 2987 1411 dilatavit
3011 1375 3024 1410 :
3057 1358 3246 1410 raritas
3268 1371 3475 1419 corpus
3498 1356 3716 1418 educat,
3743 1355 3872 1424 Spiri-

2299 1436 2407 1481 tum
2448 1426 2609 1492 fovet,
2644 1429 2875 1482 animam
2901 1427 3175 1482 candidam
3204 1428 3376 1481 reddit
3404 1442 3423 1480 :
3457 1428 3667 1480 Caritas
3692 1436 3872 1480 ascela-

2298 1513 2415 1551 rum
2463 1498 2674 1553 labores
2705 1499 3048 1553 honorabiles
3092 1496 3298 1560 reddit,
3345 1506 3404 1551 ct
3452 1496 3582 1551 Filii
3626 1500 3771 1550 sinus
3806 1495 3871 1550 his

2297 1572 2562 1637 gratiosos
2590 1572 2805 1638 aperit:
2835 1570 2884 1623 in
2923 1583 3057 1639 quos
3097 1582 3193 1624 nos
3222 1584 3443 1638 quoque
3477 1579 3541 1622 ut
3582 1568 3870 1634 rccipiamut

2297 1640 2548 1711 dignetur
2593 1642 2829 1697 omnium
2884 1638 3139 1695 Deminus
3185 1639 3238 1693 in
3293 1639 3504 1695 saecula
3554 1638 3868 1695 saeculorum.

2299 1716 2495 1768 Amen.

3806 6344 3862 6362 ‘—
