4024 6554
466 375 531 432 ﬂ
1373 371 1602 429 PREF.
1646 373 1896 432 SAVILII
1936 375 2004 430 IN
2043 400 2055 428 λ

2121 375 2224 430 ἰΤΑ
2266 374 2799 433 APOSTOLORUM.
3644 382 3710 435 l3

465 490 727 558 Genesin)
759 490 860 563 τῆς
886 491 946 545 ὲν
971 494 1093 556 ταῖς
1124 492 1366 565 Πράξεσι
1396 496 1669 567 φράσεως,
1699 499 1791 551 ἐπὶ
1814 498 1874 552 τὸ
1902 517 2054 553 ταπει

2138 517 2287 571 τερον
2318 500 2733 571 ἀπενηνεγμένη
2773 519 2787 555 :
2826 501 2968 570 quod
3007 510 3214 571 aperte,
3238 510 3299 557 ut
3332 502 3462 558 mihi
3493 503 3727 572 quidem“

465 588 702 657 videtur,
742 589 785 645 si
817 590 883 644 de
912 588 1059 645 hisce
1084 589 1338 661 accipias,
1382 606 1540 647 secus
1576 602 1679 648 est.
1705 594 1880 664 Atque
1907 595 2024 651 haec
2054 595 2167 651 fere
2194 605 2340 663 sunt,
2372 611 2492 667 quae
2531 595 2585 649 in
2627 611 2745 651 eam
2776 605 2985 667 partem
3015 596 3331 653 aﬂerantur.
3365 598 3498 664 Quae
3526 609 3709 653 tamen

465 680 648 735 omnia
673 697 792 737 eam
824 682 934 737 vim
964 698 1074 737 non
1105 682 1328 746 habent,
1361 692 1419 738 ιιι
1454 684 1586 739 mihi
1616 686 1698 741 vel
1728 688 1995 743 tantillum
2034 689 2399 760 persuadeant
2440 689 2662 758 γνήσιον
2691 687 2837 742 hunc
2866 688 3078 755 foetum,
3130 689 3232 743 etsi
3264 689 3447 745 minus
3481 690 3710 746 fortasse

464 773 684 844 ὡραῖον,
731 790 761 829 a
813 776 1019 847 γνησίῳ
1063 786 1215 845 patre
1266 776 1596 845 abjudicare.
1652 779 1731 833 Ae
1785 780 1981 850 primo,
2039 792 2284 836 ramenta
2331 782 2576 852 quaedam
2637 783 2838 852 passim
2884 791 3170 852 apparent,
3216 798 3337 852 quae
3387 784 3604 839 nonnisi
3640 786 3711 839 ab

465 881 631 921 aurea
656 866 742 920 illa
778 884 915 922 vena
944 884 1164 922 manare
1193 876 1507 937 potuerunt.
1539 870 1609 922 At
1648 870 1815 925 multa
1842 880 1989 937 sunt,
2017 871 2217 941 inquis,
2241 871 2513 941 plumbea.
2541 871 2883 940 Respondeo,
2918 870 3213 941 proclivius
3241 887 3361 927 esse
3400 875 3711 944 χρυσορρή-

473 975 597 1027 μονι
622 968 810 1014 nostro
834 959 1027 1014 alicubi
1064 959 1212 1013 humi
1237 976 1445 1029 repere,
1474 960 1716 1031 adeoque
1737 963 1938 1032 jacere,
1978 979 2136 1032 quam
2162 963 2250 1017 alii
2277 963 2342 1017 ad
2368 963 2489 1032 ejus
2514 962 2859 1017 altitudinem
2888 977 3172 1034 assurgere
3204 980 3218 1016 :
3254 970 3313 1016 ut
3342 973 3563 1033 propter
3606 966 3707 1020 ali-

462 1070 567 1122 qua
598 1054 993 1110 admirabiliter
1022 1056 1221 1125 scripta
1252 1057 1431 1111 malim
1455 1057 1897 1128 Chrysostomum
1924 1057 2222 1113 inscribere
2242 1068 2539 1122 auctorem,
2570 1073 2732 1128 quam
2766 1058 2929 1113 alium
2977 1065 3199 1127 propter
3226 1060 3485 1113 nonnulla
3518 1060 3699 1113 humi—

463 1148 589 1205 lius.
624 1148 826 1205 Deinde
853 1150 974 1219 quis
1008 1152 1197 1216 nescit,
1230 1167 1338 1206 non
1365 1153 1585 1207 eosdem
1620 1167 1740 1207 esse
1785 1168 1975 1207 omnes
2006 1154 2477 1224 ornnijtempore?
2500 1153 2668 1209 Aliter
2695 1152 3016 1222 eloquentia:
3040 1152 3242 1207 Latina:
3278 1152 3533 1222 princeps
3565 1154 3711 1211 dixit

461 1240 881 1304 adolescentior,
912 1239 1068 1294 aliter
1089 1242 1201 1311 jam
1233 1243 1553 1298 consularis.
1587 1242 1655 1297 Et
1681 1243 1752 1296 de
1780 1244 2164 1314 Chrysostomo
2196 1255 2381 1301 nostro
2410 1245 2687 1300 verissime
2732 1245 2980 1309 Photius,
3030 1244 3205 1314 ipsum
3250 1245 3576 1309 Antiochite,
3621 1260 3712 1298 se-

459 1340 669 1386 motum
694 1346 723 1385 a
748 1330 981 1401 publicis
1005 1332 1167 1397 curis,
1202 1333 1371 1387 multo
1400 1334 1707 1389 accuratius
1736 1334 2079 1404 limatiusque
2105 1334 2408 1405 scripsisse.
2448 1350 2609 1405 quam
2642 1336 2895 1390 eumdem
2921 1334 3393 1407 Constantinopoli
3443 1337 3707 1408 ἀρχιερα-

458 1422 686 1479 τεύοντα
720 1443 732 1477 :
761 1424 816 1479 in
845 1424 990 1494 quod
1019 1436 1231 1495 tempus
1263 1425 1395 1489 haec,
1423 1440 1544 1494 qua:
1572 1426 1626 1479 in
1650 1426 1899 1480 manibus
1926 1426 2209 1490 habemus,
2244 1426 2497 1481 incidisse
2538 1426 2658 1483 luce
2689 1426 2888 1482 clarius
2912 1435 3015 1483 est.
3072 1427 3146 1482 De
3176 1444 3407 1483 numero
3443 1427 3711 1483 Photiano

458 1515 792 1586 respondeo,
825 1517 967 1572 idem
996 1517 1157 1587 objici
1187 1532 1346 1586 posse
1370 1517 1440 1572 de
1473 1518 1724 1573 Homiliis
1754 1518 1811 1572 in
1832 1518 2088 1582 Cenesin,
2121 1533 2243 1587 qua:
2282 1519 2400 1573 sine
2429 1518 2596 1574 dubio
2616 1534 2887 1590 germana:
2920 1528 3069 1587 sunt,
3107 1528 3163 1575 et
3196 1536 3306 1575 non
3342 1522 3526 1590 plures
3561 1519 3709 1575 Pho-

457 1608 535 1663 tio
561 1624 667 1663 una
698 1617 753 1663 et
786 1609 1083 1680 sexaginta,
1120 1624 1243 1664 cum
1276 1618 1453 1664 tamen
1485 1624 1677 1665 omnes
1702 1610 1871 1665 nostri
1905 1610 2131 1667 Codices
2158 1620 2366 1682 septem
2393 1620 2448 1666 et
2476 1612 2750 1681 sexaginta
2776 1612 3087 1682 praeferant,
3121 1620 3181 1666 ut
3228 1613 3314 1667 vel
3342 1612 3594 1668 Photium
3623 1614 3712 1669 hic

453 1712 513 1758 et
542 1701 616 1757 ibi
639 1701 899 1757 memoria
918 1702 1126 1771 lapsum
1155 1716 1275 1757 esse
1300 1717 1523 1757 necesse
1552 1700 1640 1768 sit,
1674 1701 1761 1755 vel
1796 1702 1852 1756 in
1887 1701 2114 1758 Codices
2137 1703 2392 1759 incidisse
2422 1703 2602 1758 minus
2628 1703 2889 1777 integros,
2922 1705 3007 1760 vel
3027 1704 3322 1759 oscitantes
3344 1704 3592 1760 librarios
3621 1705 3712 1761 hic

456 1813 558 1870 pro
591 1806 665 1851 νε¹
703 1798 846 1853 facili
886 1799 1038 1870 lapsu
1076 1797 1364 1868 scripsisse
1392 1805 1455 1855 v'.
1483 1797 1592 1853 Has
1617 1798 1761 1853 enim
1792 1813 1931 1862 esse,
1960 1814 2095 1869 quas
2120 1799 2231 1869 jam
2262 1798 2514 1853 manibus
2550 1800 2797 1863 terimus,
2829 1816 2939 1855 non
2970 1799 3104 1855 alias
3144 1799 3199 1853 in
3231 1800 3364 1855 Acta
3399 1800 3647 1855 homilias
3677 1816 3709 1855 a

455 1892 653 1949 Photio
678 1893 924 1965 intelligi,
956 1894 1119 1949 verba
1144 1893 1315 1963 ipsius
1338 1907 1526 1963 aperte
1554 1893 1833 1949 declarant
1870 1912 1883 1948 :
1910 1893 1967 1946 αἱ
1999 1909 2044 1961 γ‹

2136 1895 2215 1957 εἰς
2248 1893 2347 1957 τὰς
2376 1894 2611 1965 Πρὰξεις
2643 1893 2852 1961 ὁμιλίαι
2873 1896 3208 1966 πεντήκοντα
3236 1894 3335 1965 μέν
3366 1895 3492 1955 εἰσι,
3523 1894 3709 1966 σχεδὸν

452 1987 511 2040 δὲ
543 1987 612 2041 δι’
642 1986 764 2040 ὅλου
798 1984 946 2055 αὐτῷ
976 1984 1069 2039 τοῦ
1091 1983 1339 2039 ἐνιαυτοῦ
1367 1985 1700 2057 ὲρῤἡοησαν.
1730 1987 1805 2038 Οὐ
1832 1985 1941 2055 γὰρ
1975 1986 2097 2038 καθ’
2127 1984 2342 2056 ἡμέραν
2364 1984 2590 2048 ταύτας,
2616 1984 2754 2038 ἀλλὰ
2779 1984 2872 2039 καὶ
2900 1985 3040 2057 ὑπὲρ
3070 1985 3232 2039 πέντε
3284 1984 3489 2056 (malim
3516 1988 3664 2056 τρεῖς
3690 2004 3705 2043 :

455 2078 860 2148 respexitenim
893 2077 959 2132 ad
991 2077 1170 2131 locum
1204 2077 1259 2131 in
1292 2077 1440 2131 hom.
1465 2077 1874 2148 quadragesima
1897 2086 2044 2146 quarl

2120 2076 2207 2130 διὰ
2234 2076 2401 2147 τριῶν
2436 2075 2695 2139 πολλάκις
2723 2076 2951 2146 ἡμερῶν
2983 2075 3016 2145 ἢ
3044 2076 3185 2130 ἑπτὰ
3214 2074 3372 2131 τοῦτο
3404 2074 3707 2146 ποιοῦντες)

452 2175 546 2226 καὶ
577 2171 719 2242 ὑπὲρ
754 2170 914 2235 ἑπτὰ,
944 2170 1038 2223 καὶ
1066 2169 1239 2223 πλείω
1275 2169 1423 2240 (fort.
1454 2169 1672 2233 πλείους
1722 2188 1736 2224 :
1780 2185 1908 2224 nam
1938 2170 2006 2225 de

2116 2170 2237 2225 abus
2284 2169 2544 2238 loquitur)
2575 2168 2900 2240 καθωμίλει’
2932 2168 2999 2233 ἃς
3029 2170 3187 2240 δῆλον
3217 2170 3381 2234 αὐτὸς
3416 2172 3585 2234 ποιεῖ,
3622 2173 3705 2224 ὅτι

450 2263 858 2337 ἀρχιερατεύων
883 2261 1023 2315 κατὰ
1045 2260 1104 2315 τὸ
1132 2261 1315 2332 τρίτον
1342 2262 1462 2325 ἐτος
1492 2262 1760 2333 ὡμίλησε.
1790 2262 1985 2325 Locus,
2014 2279 2039 2317 a

2116 2278 2269 2333 quem
2316 2264 2553 2333 respexit
2603 2261 2847 2333 Photius,
2895 2273 2978 2318 est
3018 2264 3073 2317 in
3106 2264 3252 2319 hom.
3293 2264 3705 2339 quadragesima

450 2370 665 2432 quarta,
695 2376 816 2430 pag.
850 2360 974 2424 856,
1007 2358 1103 2413 lin.
1135 2360 1203 2414 59
1231 2357 1307 2430 [p.
1334 2360 1439 2414 555
1459 2359 1545 2425 Ι).,
1572 2358 1786 2424 Montf.,
1814 2360 1918 2413 col.
1955 2359 2079 2422 5l2,
2111 2360 2209 2414 lin.
2236 2360 2305 2415 55
2329 2359 2417 2413 ed.
2451 2358 2625 2430 nov.],
2651 2359 2743 2414 ubi
2768 2368 2983 2430 arrepta
3006 2360 3291 2416 occasione
3318 2376 3385 2414 ex
3404 2360 3553 2415 Pauli
3583 2376 3707 2416 ver-

450 2452 555 2512 bis,
585 2449 1036 2522 μνημονεύοντες,
1066 2450 1147 2503 ὅτι
1172 2450 1412 2523 τριετίαν
1434 2450 1606 2504 νύκτα
1634 2451 1729 2504 καὶ
1752 2450 1964 2520 ἡμέραν
1996 2452 2039 2502 οἱ

2127 2448 2480 2521 ἐπαυσάμην,
2512 2450 2769 2504 Actorum
2807 2449 2909 2516 20,
2950 2449 3040 2515 51,
3076 2450 3494 2521 Chrysostomus
3523 2450 3593 2507 de
3621 2467 3702 2531 se,

449 2540 561 2595 ἰδοὺ
589 2542 656 2611 τῇ
688 2538 869 2609 χάριτι
899 2537 992 2591 τοῦ
1023 2537 1161 2591 Θεοῦ
1187 2538 1283 2592 καὶ
1319 2539 1482 2608 ἡμεῖς
1503 2538 1687 2592 λοιπὸν
1720 2538 1963 2607 τριετίαν
1994 2538 2038 2609 ἔ)

2115 2556 2214 2594 ιεν.
2253 2538 2432 2608 Atque
2468 2549 2529 2594 ut
2551 2555 2660 2594 non
2691 2541 2856 2595 aliutn
2902 2556 3023 2596 esse
3049 2541 3211 2611 hujus
3250 2541 3372 2597 libri
3405 2552 3704 2603 auctorem.

444 2647 608 2703 quam
630 2631 892 2687 Joannem
916 2639 1186 2695 nostrum,
1213 2631 1469 2700 liquidius
1495 2640 1774 2702 appareat,
1808 2632 1925 2686 haec
1952 2647 2120 2702 pauca
2146 2633 2412 2703 atljecisse
2441 2649 2552 2688 non
2580 2634 2677 2688 abs
2705 2649 2764 2689 re
2789 2634 2971 2689 fuerit.
2997 2631 3200 2688 Omitto
3226 2635 3423 2689 multas
3450 2636 3707 2705 loquendi

446 2726 711 2781 formulas
734 2725 862 2780 huic
889 2736 1076 2779 nostro
1106 2726 1426 2795 peculiares,
1451 2725 1998 2795 interrogatiunculas
2016 2765 2037 2793 ,
2063 2726 2438 2797 dialogismos,
2469 2726 2832 2798 digressiones
2858 2727 3089 2782 murales
3108 2767 3123 2793 ,
3165 2725 3310 2798 leges
3341 2738 3527 2782 contra
3552 2728 3707 2798 jura-

446 2829 633 2878 menta
665 2822 818 2886 latas,
851 2819 1002 2876 Sixto
1030 2819 1255 2876 Senensi
1281 2830 1443 2890 atque
1465 2820 1566 2891 ipsi
1593 2821 1818 2875 Erasmo
1842 2830 2049 2876 notata.
2072 2822 2228 2887 Quod
2258 2822 2312 2875 in
2350 2823 2496 2877 hom.
2522 2823 2695 2893 prima
2727 2822 3001 2878 invehitur
3032 2823 3087 2878 in
3110 2839 3223 2888 eos,
3257 2824 3349 2895 qui
3376 2824 3708 2895 baptismum

446 2918 695 2989 rejiciunt
740 2933 910 2988 usque
939 2917 1006 2971 ad
1029 2926 1299 2972 extremas
1329 2914 1601 2978 ἀναπνοὰς
1622 2932 1638 2948 ο
1678 2916 1820 2986 quod
1848 2916 1902 2970 in
1947 2916 2097 2972 hom.
2129 2918 2402 2990 trigesima
2440 2919 2608 2990 legem
2636 2919 2821 2974 statuit
2848 2920 2902 2974 in
2928 2934 3041 2983 eos,
3074 2920 3165 2989 qui
3197 2921 3452 2991 episcopo
3485 2920 3708 2978 concio-

444 3012 598 3065 nanti
634 3011 856 3079 plausus
886 3010 1034 3064 cient
1063 3027 1075 3063 :
1109 3011 1249 3079 quod
1284 3020 1471 3065 contra
1492 3010 1769 3064 Platonem
1787 3010 2206 3079 etphilosophos
2227 3010 2384 3065 toties
2399 3026 2463 3065 ac
2485 3020 2591 3065 tam
2607 3012 2959 3068 vehementer
2973 3012 3232 3082 disputat,
3254 3028 3324 3067 an
3346 3029 3454 3067 non
3472 3014 3603 3070 satis
3622 3013 3709 3073 in"

442 3107 924 3176 dicantantiquum
963 3121 1085 3161 esse
1115 3106 1457 3175 scriptorem,
1500 3106 1592 3175 qui
1626 3106 1681 3159 in
1713 3105 1843 3160 vitia
1886 3106 2071 3160 multis
2112 3105 2224 3175 jam
2276 3107 2401 3161 inde
2439 3106 2651 3162 seculis
2687 3107 2967 3177 antiquata
2996 3116 3106 3162 tam
3135 3107 3336 3163 acriter
3363 3108 3706 3165 invehatur?

443 3201 582 3268 Quid
612 3202 752 3271 quod
785 3201 970 3256 homil.
999 3201 1304 3265 undecima,
1337 3201 1545 3272 ἡκουσά
1576 3218 1706 3255 ποτε
1733 3202 1985 3272 πατέρων
2024 3220 2032 3236 ι

2107 3218 2133 3254 ν
2166 3203 2469 3273 ἡμετέρων,
2505 3202 2699 3272 inquit,
2731 3202 3021 3271 λεγόντων,
3049 3205 3131 3257 ὅτι
3167 3204 3309 3259 κατὰ
3336 3203 3427 3269 τὸν
3453 3203 3696 3275 διωγμὸν

440 3295 533 3349 τὸν
566 3295 796 3349 παλαιὸν
833 3290 903 3365 ἦν
949 3295 1076 3349 ἰδεῖν
1107 3294 1276 3358 ὅντως
1308 3295 1671 3364 Χριστιανοὺς
1712 3294 1939 3363 ἄνδρας,
1981 3302 2029 3350 el

2122 3296 2203 3350 Ex
2227 3294 2425 3366 quibus
2448 3305 2673 3365 apparet
2701 3295 2864 3365 hujus
2890 3295 3012 3351 libri
3041 3306 3317 3352 auctorem
3340 3296 3523 3357 statim
3560 3306 3686 3368 post

445 3398 690 3459 tempora
716 3389 1111 3460 persecutionis
1136 3388 1354 3452 vixisse,
1385 3390 1476 3458 qui
1507 3389 1623 3443 ha'c
1648 3403 1678 3441 a
1702 3388 1947 3458 patribus
1976 3387 2090 3442 suis
2113 3388 2301 3443 audire
2329 3389 2585 3457 potuerit.
2616 3386 2753 3454 Quid
2781 3387 2925 3457 quod
2953 3388 3140 3442 homil.
3174 3389 3430 3460 vigesima
3464 3389 3704 3444 secunda

442 3486 657 3555 legitur,
702 3486 920 3555 σπεῖρα,
952 3482 983 3536 ὃ
1022 3482 1294 3553 καλοῦμεν
1329 3482 1423 3537 νῦν
1454 3482 1765 3555 νούμερονῖ
1808 3492 1863 3538 et
1890 3483 2031 3552 quod

2112 3481 2254 3537 omil.
2280 3481 2690 3552 quadragesima
2726 3491 2898 3537 sexta.
2928 3481 2957 3534 δ
2986 3485 3119 3553 παρ’
3142 3484 3276 3554 ἡμῖν
3319 3483 3534 3552 λέγουσι
3559 3484 3701 3537 κατὰ

439 3580 539 3651 τὴν
571 3577 885 3647 Ῥωμαϊκὴν
924 3574 1235 3644 συνήθειαν,
1285 3576 1344 3627 ὲν
1373 3576 1487 3637 τοῖς
1530 3576 1734 3643 σίγνοις
1777 3576 1941 3629 αὐτὸν
1985 3575 2028 3645 ἐι

2258 3589 2441 3629 nonne
2470 3574 2601 3628 satis
2630 3574 2745 3628 haec
2784 3589 2881 3643 per
2913 3590 2972 3631 se
3019 3576 3397 3645 antiquitatem
3428 3577 3703 3649 produnt?

440 3674 548 3728 Sed
586 3673 715 3743 quid
767 3671 1107 3741 conjecturas
1144 3679 1454 3733 consector,
1486 3685 1609 3724 eum
1657 3670 1772 3739 ipse
1818 3677 2005 3740 aperte
2052 3669 2198 3725 hom.
2254 3670 2662 3741 quadragesima
2707 3671 2880 3740 prima
2922 3677 3442 3738 contemporaneum
3476 3683 3534 3723 se
3572 3682 3701 3739 pro-

442 3769 661 3824 ﬁteatur
689 3766 947 3823 Juliano?
973 3767 1148 3822 Locus
1173 3773 1257 3821 est
1286 3781 1406 3836 pag.
1439 3764 1563 3830 839,
1596 3767 1627 3819 7
1658 3764 1734 3836 [p.
1764 3766 1857 3819 511
1892 3774 2030 3820 extr.

2113 3764 2273 3831 ontf.,
2307 3765 2411 3821 col.
2451 3766 2576 3828 291,
2606 3765 2702 3819 lin.
2734 3765 2806 3821 5‘2
2833 3765 2920 3820 ed.
2962 3763 3114 3837 nov.]
3145 3780 3159 3816 :
3193 3764 3300 3819 ἰδοὺ
3334 3764 3444 3835 γὰρ
3474 3763 3702 3819 ἐπὶτῶν

439 3867 649 3939 καιρῶν
680 3867 789 3921 τῶν
816 3866 1103 3937 ἡμετέρων
1130 3864 1199 3917 τὰ
1233 3863 1375 3917 κατά
1405 3863 1496 3915 τὸν
1526 3862 1796 3934 μακάριον
1825 3861 2073 3915 Βαϐύλαν
2099 3862 2311 3931 γέγονε,
2337 3864 2407 3915 τὰ
2437 3861 2578 3916 κατὰ
2606 3861 2675 3914 τὰ
2708 3861 3074 3931 Ἱεροσόλυμα,
3109 3860 3179 3915 τὰ
3211 3861 3352 3914 κατὰ
3382 3861 3480 3931 τὴν
3506 3860 3701 3914 καθαί-

443 3977 592 4033 ρεσιν
619 3960 726 4015 τῶν
762 3960 955 4032 ίερῶνῗ
982 3975 1213 4032 quorum
1247 3959 1356 4014 duo
1380 3956 1559 4028 priora
1591 3958 1693 4013 sub
1718 3955 1936 4012 Juliano
1973 3958 2339 4029 contigerunt,
2378 3958 2597 4013 tertium
2628 3958 2732 4013 sub
2762 3957 3088 4012 Theodosio.
3110 3955 3228 4012 Jam
3252 3956 3385 4012 illud
3414 3956 3561 4011 hom.
3594 3958 3694 4011 tri-

438 4055 643 4127 gesima
669 4060 857 4110 octava
898 4053 966 4108 de
1016 4053 1151 4108 libro
1181 4051 1389 4123 magico
1424 4051 1647 4106 invento
1676 4052 1730 4105 in
1772 4050 1992 4109 [lumine
2013 4092 2025 4115 ,
2055 4066 2177 4105 cum
2219 4050 2397 4105 adhuc
2435 4050 2719 4123 μειράκιον
2741 4058 2886 4104 esset
2914 4049 3353 4121 Clirysostomus,
3400 4049 3702 4104 Cardinalis

437 4143 704 4199 Baronius
726 4153 892 4208 recte,
921 4152 981 4197 ut
1015 4142 1226 4212 opinor,
1258 4142 1324 4197 ad
1353 4150 1596 4212 tempora
1619 4141 1859 4197 Valentis
1894 4141 2080 4196 refert.
2112 4140 2189 4195 Ex
2224 4141 2308 4197 his
2346 4142 2514 4212 liquet
2565 4142 2883 4213 scriptorem
2923 4141 3091 4197 fuisse
3127 4151 3430 4208 temporum
3482 4142 3699 4196 illorum

436 4239 720 4309 aequalem.
768 4238 874 4295 Sed
929 4247 984 4293 et
1033 4239 1346 4309 episcopum
1397 4235 1563 4291 fuisse
1606 4236 1736 4291 satis
1766 4236 2055 4292 constabit.
2098 4234 2256 4293 Hom.
2315 4238 2472 4290 tertia
2506 4236 2743 4306 loquitur
2768 4236 2836 4291 de
2874 4238 3075 4308 seipso,
3118 4247 3176 4291 ut
3210 4237 3487 4308 episcopo.
3522 4238 3686 4290 llom.

438 4349 581 4386 nona
637 4342 823 4402 aperte
874 4332 1113 4402 seipsum
1174 4332 1489 4401 episcopqu
1538 4338 1716 4392 vocat.
1774 4328 1910 4383 ἀλλὰ
1950 4329 2027 4394 σὺ,

2098 4331 2253 4399 ιησὶν,
2305 4328 2490 4398 ἄρχων
2540 4327 2592 4382 εἶ
2637 4328 2733 4381 καὶ
2780 4329 3096 4392 ἐπίσκοπος.
3145 4329 3343 4384 llontil.
3384 4338 3571 4385 octava
3617 4330 3687 4385 de

441 4426 622 4495 seipso
672 4426 926 4495 loquitur,
963 4436 1021 4482 ut
1046 4425 1301 4496 episcopo
1330 4427 1385 4481 in
1434 4425 1653 4481 civitate
1701 4424 2059 4496 βασιλευούσῃ
2092 4423 2256 4494 (quod
2283 4438 2483 4477 nomen
2511 4432 2869 4494 praeterquam
2894 4422 3080 4478 Romae
3115 4433 3171 4477 et
3200 4423 3693 4493 Constantinopoli,

438 4518 569 4573 nulli
594 4517 681 4572 alii
710 4519 1067 4573 conveniebat
1092 4518 1296 4573 civitati
1348 4518 1682 4590 (suspiciose
1703 4516 1948 4588 quaedam
1987 4532 2027 4569 a:

2098 4530 2280 4587 argens
2314 4515 2382 4570 de
2413 4530 2510 4569 sua
2558 4514 2896 4586 expulsione,
2919 4514 3049 4585 περὶ
3073 4514 3172 4583 τῆς
3202 4514 3394 4566 ἑαυτοῦ
3423 4513 3687 4583 καθαιρέ-

439 4612 818 4682 σεωςείιυειιὶει
861 4622 989 4666 sunt
1042 4629 1161 4685 pag.
1209 4614 1332 4674 655,
1382 4614 1452 4668 24
1497 4612 1641 4685 [pag.
1690 4611 1779 4677 68,
1834 4611 1899 4675 A,
1938 4611 2028 4665 Illo:

2098 4611 2150 4674 ll,
2183 4611 2286 4666 col.
2319 4611 2409 4677 74,
2442 4610 2537 4665 Ιίη.
2567 4609 2638 4664 22
2673 4624 2799 4664 nov.
2834 4608 2949 4680 ed.]
2980 4627 2993 4662 :
3025 4608 3058 4680 ἢ
3089 4608 3349 4662 καθέλετέ
3387 4625 3455 4678 με
3479 4606 3687 4678 ταύτης

433 4706 535 4776 τῆς
564 4705 761 4775 ἀρχῆς,
792 4704 825 4775 ἦ
860 4703 1092 4775 μένοντά
1127 4722 1199 4776 με
1228 4706 1302 4778 μὴ
1334 4703 1685 4778 περιϐάλλετε
1718 4703 1999 4769 κινδύνοις.

2122 4706 2312 4775 pagina
2347 4712 2627 4773 sequente,
2659 4702 2754 4757 lin.
2785 4702 2849 4756 12
2879 4700 3023 4774 [pag.
3051 4701 3137 4765 69,
3165 4702 3229 4761 A,
3263 4700 3364 4755 col.
3411 4700 3497 4765 76,
3527 4699 3621 4753 lin.
3661 4699 3696 4752 5

434 4799 522 4853 od.
555 4797 707 4870 nov.]
742 4816 753 4851 :
786 4798 891 4861 ἓως
925 4797 991 4852 ἂν
1012 4801 1069 4851 ὲν
1094 4797 1171 4868 τῷ
1194 4798 1367 4870 Θρόνῳ
1390 4798 1708 4867 καθέζωμαι
1737 4796 1932 4866 τούτῳ,
1956 4797 2109 4851 οὐδὲν
2138 4798 2362 4868 προήσω
2402 4796 2508 4848 τῶν
2536 4795 2702 4848 αὑτοῦ
2729 4795 3128 4864 δικαιωμάτων.
3170 4795 3269 4845 'Av
3301 4794 3366 4863 μέ
3393 4811 3476 4856 τις
3505 4811 3689 4847 κατα-

435 4888 655 4960 6:65am.
687 4888 872 4941 λοιπὸν
897 4887 1187 4951 ἀνεύθυνος
1207 4890 1341 4958 εἰμι.
1381 4889 1443 4941 Et
1476 4888 1662 4944 homil.
1689 4887 1970 4941 undecima
2000 4888 2024 4939 lt

2093 4887 2256 4949 uitur,
2285 4896 2344 4941 ut
2367 4888 2419 4941 in
2448 4887 2684 4955 civitate,
2716 4903 2834 4959 quae
2863 4896 3059 4958 praeter
3090 4887 3304 4941 .ludaeos
3340 4895 3395 4940 et
3426 4884 3681 4955 gentiles,

434 4980 870 5036 Christianorum
906 4981 1101 5036 habeat
1142 4981 1265 5051 plus
1304 4996 1465 5051 quam
1495 4990 1712 5035 centum
1745 4981 1931 5036 millia.
1965 4979 2122 5037 Hom.
2159 4980 2574 5051 quadragesima
2608 4981 2869 5045 secunda,
2904 4996 2958 5049 p.
2995 4981 3162 5035 8181.
3195 4980 3260 5034 12
3315 4976 3408 5050 [p.
3448 4978 3581 5041 524,
3627 4976 3691 5039 Β,

435 5073 539 5127 col.
581 5074 707 5130 502.
748 5073 845 5126 lin.
873 5073 943 5128 29
971 5083 1026 5127 et
1050 5071 1203 5144 nov.]
1236 5092 1249 5128 :
1295 5073 1424 5126 Ἰδού
1453 5073 1613 5144 ἡλίκη
1642 5074 1797 5137 πόλις
1827 5074 1955 5143 ὑμῖν
1980 5074 2024 5125 ὲε

2100 5089 2127 5123 ν
2152 5073 2187 5143 ἡ
2218 5072 2429 5144 μεγάλη
2452 5072 2613 5143 αὕτη.
2641 5073 2709 5127 Ει
2739 5073 2884 5143 quod
2913 5087 3200 5142 nusquam,
3239 5080 3296 5125 ut
3324 5070 3535 5139 opinor,
3561 5068 3689 5124 alibi

437 5168 492 5222 in
516 5169 636 5238 ejus
665 5170 924 5238 operibus
958 5171 1259 5238 reperitur,
1293 5169 1481 5224 homil.
1531 5169 1975 5240 quinquagesima
2004 5170 2263 5235 secunda,
2311 5185 2434 5241 pag.
2463 5169 2587 5235 902,
2624 5170 2659 5224 l.
2689 5170 2758 5225 40
2803 5168 2878 5243 [p.
2919 5170 3041 5234 595,
3086 5169 3149 5233 D,
3179 5168 3284 5224 col.
3322 5168 3447 5234 565,
3482 5168 3581 5221 lin.
3620 5174 3692 5222 4t

436 5259 527 5315 ed.
562 5259 723 5331 nov.]
764 5276 961 5314 nomen
1004 5277 1161 5315 suum
1223 5261 1425 5317 directe
1464 5263 1615 5332 ponit
1657 5284 1669 5317 :
1709 5263 1839 5331 Εἰμὶ
1867 5262 1961 5315 τοῦ

2108 5263 2299 5333 καρίου
2362 5265 2461 5332 μὲν
2483 5262 2693 5315 ἐκείνου
2747 5262 3055 5333 (Ἰωάννου)
3111 5261 3420 5331 ὁμώνυμος,
3469 5259 3529 5312 οὐ
3584 5260 3692 5331 μὴν

438 5351 776 5423 συνώνυμος.
818 5354 931 5406 Οὐκ
969 5356 1084 5425 εἰμὶ
1114 5354 1397 5424 ι’ῐωάννης,
1432 5355 1567 5408 ἀλλὰ
1606 5354 1899 5425 καλοῦμαι.
1929 5353 2027 5410 Pus

2099 5371 2209 5410 emo
2234 5355 2499 5410 accedunt
2527 5364 2583 5410 et
2625 5364 2871 5410 veterum
2913 5354 3240 5425 scriptorum
3268 5353 3337 5408 de
3375 5352 3536 5422 hujus
3563 5352 3688 5407 libri

439 5459 661 5504 auctore
688 5450 1013 5505 testimonia.
1062 5450 1136 5503 De
1181 5449 1372 5504 Pltotio
1405 5467 1566 5521 supra
1596 5452 1851 5506 diximus.
1909 5451 2293 5516 Damascenus,
2338 5451 2432 5507 lib.
2477 5452 2529 5514 5,
2570 5466 2691 5517 cap.
2732 5450 2819 5516 15,
2873 5450 2946 5504 De
2989 5449 3094 5504 fide
3136 5448 3459 5512 orthodoxa,
3506 5444 3689 5500 locum

438 5539 571 5594 citat
612 5555 676 5593 ex
709 5540 946 5594 secunda
980 5540 1167 5594 homil.
1200 5540 1255 5593 in
1280 5541 1413 5594 Arta
1455 5558 1469 5592 :
1498 5542 1589 5610 qui
1629 5552 1808 5597 tamen
1838 5543 2076 5597 auctoris
2122 5558 2193 5597 an
2236 5541 2441 5596 librarii
2478 5542 2651 5611 lapsu,
2679 5557 2788 5596 non
2818 5541 2871 5594 in
2900 5540 3135 5596 secunda
3166 5539 3438 5609 reperitur
3470 5536 3686 5598 homil.,

438 5632 533 5687 sed
565 5634 617 5685 in
654 5632 849 5702 prima,
887 5649 1007 5703 pag.
1037 5631 1160 5698 610,
1204 5633 1239 5686 l.
1266 5634 1354 5687 18.
1388 5632 1590 5686 Deinde
1619 5633 1942 5690 Catenarum
1978 5635 2267 5704 scriptores
2289 5677 2303 5703 ,
2336 5632 2993 5704 Nicetas,§t)l£cumenius,
3018 5641 3123 5686 etc.
3154 5646 3264 5684 non
3291 5646 3353 5685 ex
3380 5628 3497 5682 aliis
3521 5642 3689 5698 quam

439 5739 506 5777 ex
541 5726 642 5778 hoc
671 5720 830 5778 horto
854 5723 1189 5794 depromptis
1217 5721 1454 5776 flosculis
1479 5739 1605 5779 suas
1639 5733 1967 5781 contexucre
2011 5724 2239 5782 corollas
2273 5740 2284 5775 :
2329 5735 2387 5780 ut
2411 5725 2522 5796 jam
2554 5724 2779 5780 stultum
2817 5723 2887 5778 sit
2915 5722 3193 5792 deinceps,
3217 5729 3276 5775 ut
3305 5720 3435 5775 mihi
3467 5719 3686 5790 quidem

440 5814 675 5884 videtur,
728 5817 797 5873 de
847 5816 1009 5887 bujns
1051 5815 1171 5871 libri
1224 5825 1444 5871 auctore
1479 5814 1746 5870 dubitare.
