4024 6526
468 445 538 500 13
1184 436 1242 493 S.
1280 434 1559 492 JOANNIS
1597 424 2069 488 CHRYSOSTOMI
2104 424 2419 483 AllClllEP.
2458 425 2989 483 CONSTANTINOP.
3665 422 3730 480 16

460 559 716 629 gellaudi,
751 554 891 627 quod
937 552 1291 608 intolerabilia
1336 548 1564 619 passuri,
1596 554 1651 600 et
1682 545 1763 599 his
1800 541 2046 597 omnibus

461 650 769 720 superiores
795 647 956 709 futuri
982 654 1189 709 essent,
1220 642 1363 713 quod
1391 642 1516 695 item
1545 637 1876 708 evangelium
1906 649 2045 701 prie—

462 742 746 797 tlicandum
769 740 907 795 foret
931 740 982 793 in
1006 740 1255 793 universo
1273 734 1500 789 mundo:
1525 731 1661 795 haec,
1682 731 1916 800 inquam,
1932 742 2048 780 om-

466 835 550 888 nia
573 832 976 888 accuratissime
1010 828 1273 898 completa
1312 827 1364 880 in
1406 824 1506 880 hoc
1527 823 1665 878 libro
1680 834 1903 876 cernere
1928 826 2044 881 cst;

463 942 672 980 necnon
703 924 786 978 his
815 923 964 993 plura
992 936 1111 991 quae
1140 934 1266 972 cum
1301 914 1578 985 discipulis
1605 926 1825 967 versans
1870 906 2044 963 Domi-

464 1032 563 1069 nus
607 1014 836 1069 dixerat.
864 1012 1189 1080 Videbisque
1236 1008 1324 1063 hic
1362 1005 1636 1077 apostolos
1675 1018 1773 1057 ceu
1804 1001 2047 1054 volucres

461 1123 557 1178 per
588 1116 786 1161 terram
813 1113 868 1159 et
893 1103 1058 1158 maria
1087 1102 1471 1163 discurrentes,
1503 1096 1730 1166 illosque
1759 1093 1883 1147 olim
1907 1091 2048 1145 timi-

462 1199 559 1253 dos
588 1207 643 1253 et
682 1196 865 1261 rttdes,
901 1196 955 1249 in
984 1194 1120 1248 alios
1164 1192 1409 1247 homines
1439 1198 1657 1258 repente
1688 1194 1935 1250 mutatos,
1966 1182 2047 1236 tli-

460 1292 710 1345 vitiarutn
760 1295 1181 1356 contemptores,
1228 1284 1433 1355 gloria,
1464 1281 1564 1346 ira,
1610 1276 2045 1348 concupiscentia

456 1382 775 1453 czeterisque
801 1379 1051 1434 omnibus
1097 1378 1403 1446 superiores
1428 1374 1646 1429 effectos
1670 1390 1683 1425 :
1711 1371 1932 1426 multam
1965 1369 2043 1421 \i-

458 1474 611 1529 debis
657 1473 798 1527 inter
844 1471 989 1541 ipsos
1024 1466 1391 1530 concordiam,
1434 1463 1633 1518 nullam
1672 1460 1948 1521 invidiam.
1988 1467 2047 1511 ut

457 1568 610 1626 olim.
640 1564 843 1619 nullam
865 1563 935 1617 ob
968 1563 1227 1629 primatus
1256 1558 1583 1613 desiderium
1613 1554 2040 1615 contentionem;

456 1660 552 1714 sed
595 1672 809 1712 omnem
852 1657 904 1709 in
933 1655 1039 1709 illis
1067 1654 1317 1708 virtutem
1344 1651 1628 1720 diligenter
1655 1648 1874 1711 cultam,
1904 1645 2043 1699 cari-

463 1759 736 1821 tatemque
762 1747 960 1803 eximie
987 1744 1313 1815 fulgentem;
1340 1743 1407 1797 de
1434 1756 1535 1813 qua
1564 1740 1730 1794 multa
1755 1738 1884 1808 ipsis
1910 1752 2047 1807 prae-

461 1852 699 1912 ceperat,
715 1841 932 1896 dicens:
953 1839 1018 1893 In
1043 1840 1136 1893 hoc
1157 1846 1452 1909 cognoscent
1472 1851 1643 1890 omnes
1658 1834 1791 1903 quod
1809 1832 2045 1901 discipuli

461 1937 560 1990 mei
583 1936 715 2000 sitis,
743 1935 789 1989 si
815 1934 1092 1988 dilexeritis
1119 1933 1330 1986 invicem
1358 1929 1539 1999 (Joan.
1571 1929 1658 1983 15.
1689 1926 1802 1997 55).
1828 1925 1963 1993 Quin
1992 1934 2047 1979 et

457 2031 704 2101 dogmata
724 2028 967 2099 quaedam
995 2027 1048 2082 in
1076 2026 1179 2081 hoc
1208 2025 1346 2079 libro
1374 2023 1610 2093 reperire
1635 2022 1779 2082 licet,
1797 2035 1915 2089 qua:
1943 2016 2045 2071 nisi

459 2125 693 2192 scriptus
720 2121 812 2176 ille
847 2121 1053 2183 fuisset,
1082 2118 1215 2172 nulli
1249 2119 1319 2173 ita
1346 2116 1623 2186 perspicua
1649 2122 1703 2169 et
1729 2113 1883 2182 plana
1917 2110 2046 2165 fuisc

458 2224 579 2269 sent
610 2229 623 2267 :
656 2214 765 2266 imo
807 2212 968 2268 etiam
1016 2210 1090 2275 id,
1134 2210 1273 2280 quod
1307 2220 1387 2264 est
1427 2207 1612 2263 salutis
1638 2216 1835 2260 nostra:
1861 2213 2042 2273 caput,

459 2316 568 2359 tam
620 2304 913 2360 secundum
972 2304 1134 2357 vitam
1188 2312 1243 2357 et
1298 2316 1499 2367 mores,
1541 2314 1699 2369 quam
1750 2296 2044 2352 secundmu

459 2401 729 2467 dogmata,
752 2395 1020 2450 occultmu
1050 2394 1443 2461 obscurumque
1472 2400 1635 2445 esset.
1665 2389 1892 2443 Maxima
1924 2402 2045 2457 pars

459 2501 635 2545 autem
662 2488 804 2555 libri,
827 2487 972 2542 Pauli
1000 2495 1319 2556 geslavsunt,
1343 2484 1430 2555 qui
1459 2484 1579 2555 plus
1617 2482 1865 2537 omnibus
1895 2480 2043 2535 labo-

462 2580 617 2634 ravit.
650 2578 818 2648 Cujus
856 2578 933 2632 rei
964 2592 1121 2631 causa
1155 2584 1259 2641 est,
1282 2576 1423 2644 quod
1449 2575 1493 2629 is
1521 2574 1611 2644 qui
1664 2574 1806 2627 hunc
1851 2572 2043 2626 librum

460 2672 696 2740 scripsit,
729 2671 919 2725 beatus
964 2668 1160 2730 Lucas,
1195 2669 1311 2735 ejus
1337 2675 1481 2721 esset
1528 2664 1819 2734 discipulus
1847 2684 1860 2719 :
1893 2663 2045 2733 cujus

460 2762 709 2815 virtutem
733 2769 843 2813 tum
865 2775 932 2815 es
959 2759 1081 2813 aliis
1108 2758 1287 2813 multis
1306 2773 1530 2812 cernere
1554 2765 1656 2821 est,
1680 2766 1793 2810 tum
1816 2757 2045 2811 maxime

459 2852 602 2922 quod
628 2851 834 2906 doctori
862 2866 960 2906 suo
1001 2849 1370 2905 indesinenter
1419 2849 1653 2903 laeserit.
1700 2848 1881 2917 Itaque
1921 2862 2044 2902 cum

463 2947 657 2999 Demas
676 2954 730 2999 et
747 2944 1111 3014 Hermogenes
1131 2943 1308 3012 ipsum
1329 2942 1693 3011 reliquissent,
1719 2942 1959 3011 alterque
1990 2941 2044 2995 iu

462 3036 758 3102 Calatiam,
792 3035 931 3091 alter
955 3035 1019 3090 in
1050 3034 1367 3090 Dalmatiam
1394 3033 1637 3097 abiisset,
1668 3032 1788 3087 audi
1815 3033 1940 3102 quid
1978 3032 2047 3086 de

462 3131 554 3184 illo
583 3129 726 3183 dicat
758 3146 770 3182 :
803 3126 970 3181 Lucas
1001 3127 1142 3181 solus
1168 3143 1363 3181 mecum
1391 3134 1463 3179 est
1494 3125 1569 3195 (2.
1595 3125 1728 3179 Tim.
1756 3126 1810 3179 4.
1844 3126 1963 3193 il);
1994 3134 2048 3179 ct

462 3223 758 3277 Corinthiis
786 3222 1029 3276 scribens
1055 3220 1123 3275 de
1155 3220 1246 3274 illo
1265 3220 1341 3274 ait
1368 3238 1382 3273 :
1415 3218 1575 3288 Cujus
1599 3220 1710 3272 laus
1735 3230 1805 3272 est
1827 3219 1878 3272 in
1900 3234 2048 3272 evan-

463 3316 596 3385 gelio
618 3331 707 3383 per
730 3329 903 3368 omnes
942 3310 1198 3366 Ecclesias
1226 3311 1300 3382 (‘2.
1328 3310 1445 3366 Cor.
1478 3312 1532 3367 8.
1565 3310 1675 3380 18).
1707 3311 1773 3365 Ει
1805 3326 1925 3365 cum
1966 3310 2049 3363 di-

464 3406 535 3460 cit
564 3425 575 3459 :
617 3404 761 3460 Visus
782 3414 855 3459 est
882 3404 1083 3474 Cepha',
1117 3404 1297 3456 deinde
1321 3402 1583 3455 duodecim
1604 3403 1781 3462 ‘;cum
1795 3401 1871 3454 ait
1898 3415 2045 3461 vero,

467 3498 759 3553 Secundum
805 3497 1117 3567 evangelium
1160 3494 1297 3564 quod
1344 3494 1606 3562 accepistis
1658 3492 1734 3560 (ι.
1783 3490 1903 3546 Cor.
1959 3492 2045 3547 15.

470 3591 525 3644 5.
580 3589 678 3661 1);
731 3589 799 3642 de
844 3590 1001 3643 Lucae
1055 3588 1344 3656 Evangelia
1393 3587 1665 3655 loquitur:
1723 3586 1793 3638 ita
1836 3595 1893 3639 ut
1942 3600 2048 3639 non

468 3682 819 3746 aberrat-crit,
846 3683 892 3735 si
918 3681 1037 3749 quis
1068 3680 1166 3750 ipsi
1197 3679 1297 3733 hoc
1339 3693 1475 3749 opus
1519 3678 1883 3747 adscripserit.
1914 3676 2049 3731 Cum

470 3774 571 3843 ipsi
593 3773 734 3835 dico,
764 3771 983 3827 Christo
1005 3772 1148 3826 dico.
1174 3771 1326 3839 Quod
1358 3772 1401 3823 si
1430 3770 1548 3840 quis
1569 3770 1764 3824 dixerit
1785 3768 1921 3824 :Cur
1943 3785 2048 3823 non

469 3867 646 3921 omnia
674 3866 890 3934 scripsit
915 3870 1003 3933 qui
1034 3880 1201 3935 usque
1229 3863 1294 3917 ad
1346 3864 1503 3917 linem
1530 3878 1652 3916 cum
1685 3864 1799 3931 ipso
1839 3879 2053 3932 semper

472 3961 675 4015 fuerit?
704 3957 1169 4029 respondebimus,
1200 3958 1312 4011 haec
1352 3957 1482 4010 satis
1523 3954 1687 4010 fuisse
1719 3955 1803 4019 iis,
1826 3956 1913 4025 qui
1940 3956 2054 4009 ani-

472 4070 616 4107 ntum
662 4050 920 4105 adhibere
956 4050 1188 4113 vellent;
1245 4049 1469 4118 illosque
1517 4048 1582 4101 iis
1632 4062 1846 4117 semper
1900 4049 2050 4101 iucu-

471 4145 671 4206 buisse,
694 4161 812 4213 qua:
840 4142 1007 4212 magis
1033 4151 1306 4211 urgerent,
1327 4157 1500 4211 neque
1529 4140 1633 4195 illis
1661 4150 1863 4194 tantum
1890 4141 2055 4195 fuisse

470 4234 739 4290 scribendi
761 4235 1035 4298 studium;
1085 4235 1277 4287 multas
1304 4235 1500 4304 quippe
1542 4249 1649 4288 non
1684 4234 1912 4303 scriptas
1942 4244 2052 4288 tra-

475 4328 708 4379 dttioues
741 4324 1024 4378 dederunt.

544 4418 645 4471 Cur
672 4416 856 4471 Christi
887 4417 1123 4469 divinitas
1152 4417 1206 4470 in
1232 4416 1368 4469 Actis
1397 4433 1497 4470 non
1535 4417 1607 4470 ita
1634 4428 1807 4487 aperte
1833 4418 2056 4471 enuntie-

478 4507 869 4563 tur.-—Otunia
913 4509 1091 4577 itaque
1122 4506 1223 4560 huc
1266 4507 1318 4560 itt
1362 4508 1498 4561 libro
1517 4508 1873 4563 admiratione
1899 4508 2054 4579 digna

473 4614 621 4667 sunt,
647 4602 877 4656 maxime
900 4616 1027 4654 vero
1050 4600 1134 4654 illa
1162 4600 1445 4654 verborum
1474 4600 1747 4665 demissio,
1771 4618 1898 4671 qua,
1935 4618 2058 4671 sug-

476 4704 696 4764 gerente
736 4692 936 4762 Spiritu
968 4704 1175 4754 sancto,
1208 4694 1273 4747 de
1315 4695 1610 4749 meonomia
1656 4695 1933 4765 loquentes
1978 4697 2058 4750 usi

478 4797 603 4842 sunt
626 4787 875 4857 apostoli.
905 4784 1029 4842 Ideo
1054 4804 1174 4841 cum
1217 4798 1290 4841 tot
1325 4799 1574 4857 tantaque
1598 4788 1664 4843 de
1690 4787 1905 4844 Christo
1936 4806 2060 4843 nar-

479 4889 620 4945 rent,
649 4894 815 4949 pauca
864 4879 931 4934 de
976 4878 1255 4933 divinitate
1284 4879 1399 4949 ejus
1425 4879 1693 4944 dixerunt,
1723 4880 1879 4951 longe
1910 4881 2059 4949 plura

476 4985 607 5025 vero
633 4970 701 5025 de
729 4970 1081 5036 humanitate,
1116 4970 1184 5025 de
1232 4972 1500 5040 passione.
1528 4971 1596 5025 de
1644 4976 2059 5039 resurrectione,

480 5064 547 5118 de
570 5065 906 5118 ascensione.
938 5064 1067 5118 Nam
1100 5063 1202 5117 hoc
1233 5065 1442 5118 interim
1470 5065 1832 5134 qtuerebatur,
1863 5078 1921 5120 ut
1946 5082 2064 5122 cre-

482 5163 703 5208 deretur
732 5154 902 5223 ipsum
952 5156 1313 5210 rcsurrexisse
1339 5167 1391 5211 et
1437 5157 1746 5213 ascendisse
1794 5158 1846 5211 in
1877 5159 2061 5215 czelos.

480 5246 943 5313 Quemadmodum
977 5248 1135 5318 igitur
1160 5248 1272 5317 ipse
1296 5247 1538 5304 Christus
1567 5249 1619 5303 in
1666 5250 1850 5319 primis
1879 5262 2063 5307 osten~

482 5336 612 5391 dere
639 5337 880 5398 curabat,
910 5353 969 5391 se
1013 5353 1043 5391 a
1089 5337 1245 5393 Patre
1271 5341 1481 5394 venisse
1514 5358 1526 5393 :
1560 5341 1629 5394 ita
1658 5351 1709 5396 et
1740 5339 1827 5396 hic
1859 5353 2061 5408 narrat,

480 5429 653 5498 ipsum
685 5430 1065 5495 resurrexisse,
1092 5441 1425 5500 assumptum
1474 5432 1662 5499 fuisse,
1701 5444 1757 5490 et
1798 5434 1865 5489 ad
1918 5436 2063 5489 illum

484 5523 732 5589 rediisse,
756 5538 785 5576 a
808 5539 913 5592 quo
940 5533 1178 5578 venerat.
1200 5523 1314 5579 Nisi
1343 5526 1483 5579 enim
1514 5526 1616 5581 hoc
1636 5529 1785 5599 prius
1803 5528 2064 5584 creditum

480 5615 698 5679 fuisset;
729 5614 1005 5685 multoque
1026 5615 1193 5685 magis
1215 5626 1495 5687 postquam
1522 5629 1861 5674 accesserunt
1889 5635 2069 5677 resur-

547 5766 566 5796 ³
598 5769 669 5816 Sic
691 5779 863 5816 euntes
882 5766 1006 5816 Editi
1035 5774 1087 5817 et
1118 5774 1225 5817 Mss.
1245 5770 1308 5817 At
1331 5769 1378 5817 in
1403 5776 1530 5819 Novo
1553 5778 1865 5822 Testamento
1890 5773 2062 5827 Grzeco

482 5824 664 5941 igitur
685 5845 763 5887 τοῖς
778 5836 915 5887 tam,
940 5837 991 5879 et
1017 5830 1063 5879 in
1089 5829 1293 5893 Vulgata
1317 5833 1558 5894 undecim;
1584 5842 1635 5883 et
1660 5834 1763 5884 haec
1780 5849 1897 5887 vera
1921 5824 2069 5889 lectio

2156 540 2324 595 rectio
2354 549 2407 594 et
2432 543 2748 609 assumptio,
2776 552 2942 596 totum
2969 542 3159 612 dogma
3182 542 3379 597 ,Ιιιιιειιίε
3422 543 3732 598 incredibile

2153 632 2324 686 visum
2353 631 2557 687 fuisset.
2588 636 2924 703 Quapmpter
2950 635 3148 688 sensim
3176 644 3231 689 et
3270 635 3522 705 paulatim
3552 650 3647 690 eos
3665 646 3732 690 ad

2151 725 2459 780 sublimiora
2507 726 2673 780 ducit.
2703 726 2928 781 Athenis
2958 742 3086 781 vero
3141 727 3410 781 hominem
3440 744 3563 783 eum
3600 728 3730 782 sim.

2152 819 2362 888 pliciter
2391 830 2545 875 vocat
2574 820 2791 884 Paulus,
2826 821 2954 874 nihil
2982 822 3212 891 amplius
3240 821 3444 877 addens
3474 822 3610 894 (Act.
3643 824 3731 877 17.

2151 912 2243 980 5i)
2266 930 2277 964 :
2300 922 2355 968 et
2378 913 2501 983 jure
2526 914 2763 984 quidem.
2813 915 3023 971 Etenim
3055 917 3098 970 si
3146 917 3317 986 ipsum
3345 916 3636 977 tlltristum,
3666 918 3735 972 de

2149 1019 2245 1059 sua
2270 1020 2389 1060 cum
2420 1006 2578 1060 Patre
2621 1007 2926 1075 aequalitate
2957 1008 3286 1078 loquentem,
3316 1024 3461 1077 same
3490 1008 3730 1077 lapidare

2152 1104 2425 1151 tentarunt
2452 1096 2633 1165 (Joan.
2667 1098 2722 1153 8.
2751 1097 2863 1166 59),
2896 1099 3177 1169 ipsumque
3204 1098 3572 1168 blasphemum
3612 1100 3734 1154 ideo

2150 1191 2531 1257 Vocaruut,vix
2556 1191 2700 1244 illum
2729 1206 3031 1246 sermonem
3058 1206 3088 1245 a
3118 1192 3472 1261 piscatoribus
3492 1193 3731 1261 accepis-

2150 1290 2289 1346 sent,
2315 1296 2436 1334 cmn
2474 1281 2703 1335 maxime
2731 1296 2861 1335 crux
2885 1281 3268 1352 praecessisset.

2217 1371 2270 1424 2.
2314 1371 2381 1425 Et
2420 1371 2545 1442 quid
2570 1372 2636 1425 de
2670 1371 2870 1427 Judmis
2907 1374 3114 1443 loquar,
3141 1374 3354 1443 quando
3380 1374 3479 1444 ipsi
3521 1389 3734 1445 quoque

2148 1460 2429 1532 discipuli,
2466 1479 2587 1517 etttn
2636 1465 2944 1518 sublimiora
2991 1464 3239 1520 audirent
3282 1464 3553 1536 dogmata,
3590 1481 3734 1535 schc

2150 1553 2343 1605 turbati
2372 1564 2426 1607 et
2465 1555 2651 1609 offensi
2701 1558 2874 1610 sunt?
2913 1556 3043 1611 Ideo
3087 1556 3336 1612 dicebat:
3368 1557 3533 1611 Multa
3577 1560 3734 1612 habeo

2148 1644 2283 1698 vobis
2324 1645 2505 1709 dicere,
2531 1647 2619 1699 sed
2645 1664 2745 1701 non
2786 1649 2991 1717 potestis
3018 1660 3221 1718 portare
3258 1651 3405 1704 modo
3433 1649 3611 1720 (Joatt.
3644 1652 3729 1707 16.

2150 1736 2259 1809 12).
2282 1738 2338 1793 Si
2371 1738 2445 1792 illi
2476 1755 2580 1793 non
2618 1751 2884 1808 poterant,
2908 1743 2997 1812 qui
3026 1753 3173 1797 tanto
3203 1752 3442 1813 tempore
3467 1760 3589 1799 cum
3616 1745 3734 1814 ipso

2148 1838 2321 1892 erant,
2352 1831 2439 1899 qui
2483 1839 2562 1884 tot
2600 1847 2920 1887 arcanorum
2946 1844 3224 1891 consortes
3251 1845 3425 1903 erant,
3453 1848 3507 1892 et
3536 1846 3613 1893 tot
3650 1840 3730 1891 vi-

2148 1920 2338 1975 derant
2364 1922 2614 1976 miracula
2643 1940 2655 1977 :
2690 1924 2959 1993 quomodo
2985 1924 3231 1982 homines
3257 1944 3444 1984 recens
3469 1930 3635 1984 avulsi
3666 1933 3733 1985 ab

2147 2014 2277 2078 aris,
2316 2012 2383 2067 ab
2424 2013 2604 2080 idolis,
2631 2030 2661 2069 a
2709 2016 3009 2082 sacriliciis,
3038 2031 3069 2070 a
3119 2016 3330 2085 felibus,
3376 2036 3405 2072 a
3451 2021 3734 2075 croeodilis

2153 2103 2279 2174 (hic
2293 2104 2435 2160 enim
2459 2115 2577 2160 erat
2604 2106 2883 2175 gentilium
2914 2108 3161 2180 cultus);
3188 2110 3276 2179 qui
3299 2126 3327 2163 a
3349 2112 3559 2166 caneris
3581 2114 3734 2166 tualis

2151 2206 2275 2250 tunc
2320 2198 2547 2265 primum
2593 2197 2805 2253 abducti
2855 2200 3082 2266 fuerant,
3114 2202 3358 2255 suhlimia
3389 2205 3567 2257 statim
3604 2203 3733 2271 dog-

2147 2298 2349 2353 matum
2374 2290 2531 2343 verba
2557 2291 2934 2361 accepissent?
2962 2294 3229 2362 quomodo
3252 2295 3414 2349 etiam
3442 2294 3732 2362 luds-iani

2146 2382 2385 2451 quotidie
2417 2383 2693 2438 discebant
2740 2393 2795 2438 et
2854 2384 3269 2441 instituebantur
3314 2402 3343 2440 a
3389 2388 3503 2457 lege
3534 2405 3548 2440 :
3576 2391 3728 2455 Audi,

2148 2470 2337 2539 Israel,
2366 2472 2611 2526 Dominus
2633 2473 2773 2528 Dens
2797 2485 2932 2537 tuus,
2952 2474 3203 2530 Dominus
3226 2494 3354 2531 unus
3375 2487 3466 2544 est,
3487 2488 3532 2531 et
3552 2491 3733 2547 praeter

2146 2583 2261 2620 eum
2302 2582 2404 2619 non
2442 2578 2514 2619 est
2552 2569 2686 2622 alius
2724 2567 2897 2639 (Deut.
2930 2570 2983 2623 6.
3014 2570 3107 2638 4);
3150 2570 3239 2639 qui
3279 2571 3450 2640 ipsum
3491 2572 3733 2627 viderant

2148 2658 2293 2712 cruci
2321 2658 2537 2711 aflixum
2567 2676 2581 2723 ;
2636 2660 2743 2713 imo
2769 2661 2857 2729 qui
2888 2660 3269 2716 crueiﬁxcrant
3293 2674 3347 2716 et
3385 2664 3729 2733 sepelieraut,

2150 2765 2321 2819 neque
2346 2751 2517 2819 ipsum
2560 2752 2934 2805 resuscitatum
2965 2752 3227 2820 viderant,
3257 2754 3534 2810 audientes
3577 2771 3731 2810 eum-

2148 2841 2270 2895 dem
2301 2843 2471 2908 ipsum
2496 2859 2615 2898 esse
2642 2845 2807 2899 Deum
2836 2856 2890 2899 et
2917 2846 3056 2899 Patri
3080 2848 3361 2916 mqualem,
3383 2864 3487 2902 non
3515 2851 3734 2903 omnino

2150 2936 2469 2991 resiliisscnt
2498 2953 2559 2990 ac
2589 2939 2973 2993 recessissent?
2999 2939 3230 3009 Ideoque
3254 2940 3506 3010 paulatim
3531 2950 3585 2995 ct
3606 2957 3732 2995 scu-

2149 3027 2250 3082 sim
2285 3029 2403 3083 illos
2429 3031 2493 3082 ad
2530 3030 2730 3098 majora
2756 3030 2981 3096 ducunt,
3015 3040 3065 3087 et
3096 3047 3215 3086 sese
3241 3032 3465 3086 multum
3498 3034 3625 3101 ipsis
3653 3043 3732 3087 at-

2150 3129 2471 3190 temperant.
2502 3122 2762 3177 Uberiore
2786 3140 2915 3178 vero
2935 3124 3166 3194 Spiritus
3193 3126 3363 3197 gratia
3390 3126 3654 3194 fruuntur,
3680 3138 3736 3182 et

2150 3212 2377 3275 maiora,
2419 3229 2581 3282 quam
2622 3214 2869 3270 Christus
2907 3216 3069 3281 fecit,
3114 3218 3164 3272 itt
3203 3218 3371 3287 ipsius
3409 3220 3623 3273 nomine
3662 3221 3736 3272 fa.

2150 3304 2333 3369 ciunt;
2365 3314 2424 3357 ιιι
2454 3306 2704 3375 utrinque
2729 3306 2876 3376 ipsos
2903 3307 3050 3361 humi
3069 3309 3310 3376 jacentes
3340 3310 3566 3380 erigant,
3599 3321 3652 3364 et
3679 3320 3736 3364 ttt

2152 3395 2529 3449 resurrectioni
2564 3396 2720 3451 fidem
2754 3398 3001 3453 habeant.
3037 3399 3134 3454 llic
3158 3401 3355 3470 quippe
3385 3402 3517 3455 liher
3546 3402 3599 3455 in
3630 3403 3737 3470 pri—

2150 3486 2253 3540 mis
2304 3496 2385 3542 est
2441 3490 2851 3545 resurrectionis
2910 3491 3332 3555 demonstratio,
3372 3508 3472 3563 qua
3511 3494 3735 3559 credita,

2152 3589 2342 3634 caetera
2373 3581 2526 3637 facile
2565 3583 2879 3639 succedunt.
2904 3587 3291 3655 Argumentum
3318 3601 3444 3655 ergo
3463 3595 3518 3640 et
3545 3601 3740 3656 scopas

2155 3671 2312 3741 hujus
2334 3674 2471 3740 libri,
2506 3685 2563 3729 ut
2591 3678 2897 3731 summatim
2925 3677 3120 3742 dicam,
3150 3679 3237 3733 hic
3268 3681 3601 3746 potissimum
3633 3690 3735 3735 est.

2154 3764 2448 3819 Audiamus
2477 3766 2691 3821 detnum
2733 3769 2844 3836 ipsa
2886 3770 3165 3836 prommia.
3221 3768 3385 3842 (Cap.
3419 3768 3491 3839 1.)
3519 3772 3571 3826 1.
3619 3770 3739 3823 Pri-

2155 3873 2291 3908 mum
2318 3858 2516 3924 quidem
2560 3876 2839 3914 sermonem
2870 3862 2967 3930 feci
2998 3863 3060 3916 de
3104 3864 3355 3925 omnibus,
3385 3881 3414 3917 ο
3440 3863 3740 3932 Theophila,

2155 3966 2268 4014 quor
2294 3951 2439 4019 cwpit
2467 3950 2618 4005 Jesus
2646 3955 2811 4023 facere
2836 3964 2881 4007 et
2909 3954 3109 4010 docere.
3144 3957 3252 4011 Cur
3283 3957 3361 4009 illi
3394 3958 3741 4025 Evangeliutn

2159 4042 2209 4095 itt
2239 4045 2550 4097 memoriam
2584 4048 2840 4101 revocat?
2870 4046 2937 4103 Ut
2962 4049 3357 4103 accuratiouem
3386 4065 3535 4103 suam
3564 4060 3745 4104 osten-

2155 4137 2269 4194 dat.
2304 4138 2435 4193 Nam
2466 4142 2615 4195 initio
2638 4142 2779 4198 illius
2806 4145 2984 4213 operis
3015 4144 3155 4198 dixit
3184 4162 3196 4197 :
3251 4143 3425 4199 Visum
3451 4155 3521 4198 est
3546 4155 3594 4198 et
3622 4146 3745 4199 mihi

2157 4242 2425 4301 asseqttttto
2452 4235 2623 4287 omnia
2668 4252 2701 4287 α
2746 4236 2994 4305 principio
3033 4236 3321 4306 diligenter,
3348 4252 3412 4289 ea:
3454 4237 3629 4289 ordine
3658 4236 3747 4289 tibi

2158 4327 2372 4381 scribere
2407 4328 2556 4397 (Luc.
2580 4330 2632 4383 1.
2662 4330 2741 4396 5).
2770 4329 2951 4400 Neque
2979 4346 3079 4383 suo
3104 4339 3390 4385 contentus
3412 4330 3742 4394 testimonio,

2162 4430 2328 4474 totum
2358 4420 2521 4476 refert
2547 4422 2612 4475 ad
2639 4424 2935 4493 apostolos,
2978 4422 3162 4478 dicens
3194 4440 3206 4476 :
3252 4424 3398 4478 Sicut
3432 4423 3748 4476 tradiderunt

2160 4513 2323 4577 nobis,
2351 4514 2435 4583 qui
2474 4513 2536 4567 ab
2585 4515 2729 4569 initio
2778 4515 2876 4582 ipsi
2915 4515 3169 4580 uiderunt,
3203 4525 3249 4568 et
3283 4516 3499 4568 ministri
3547 4516 3749 4583 fuerunt

2163 4606 2430 4659 sermonis.
2464 4605 2669 4661 Idcirco
2699 4616 2976 4676 postquam
3009 4606 3243 4661 sermoni
3276 4606 3434 4661 fidem
3467 4606 3534 4659 ibi
3562 4607 3748 4660 conci-

2163 4697 2329 4763 liavit,
2360 4696 2444 4752 hic
2475 4697 2577 4749 alia
2614 4698 3023 4753 conﬁrmatione
3070 4714 3204 4767 opus
3260 4714 3363 4754 non
3419 4698 3597 4759 habet,
3628 4714 3750 4752 cum

2162 4787 2493 4859 Theophilus
2526 4788 2635 4858 jatn
2666 4806 2971 4859 persuasus,
3013 4806 3077 4845 ac
3117 4806 3211 4860 per
3238 4791 3365 4844 illttd
3393 4806 3526 4860 Opus
3566 4790 3634 4845 de
3659 4806 3753 4845 ac-

2164 4889 2345 4933 curata
2378 4880 2453 4935 rei
2483 4881 2706 4934 veritate
2732 4881 3005 4935 institutus
3028 4891 3190 4935 esset.
3229 4881 3438 4935 Etenim
3460 4882 3544 4936 cui
3570 4881 3754 4935 habita

2167 4972 2298 5026 ﬁdes
2324 4981 2407 5026 est
2447 4971 2701 5027 scribenti
2744 4989 2863 5042 qua:
2893 4971 3171 5039 audierat;
3224 4974 3392 5027 multo
3439 4973 3607 5042 magis
3638 4988 3760 5027 crc-

2166 5062 2372 5117 dendus
2398 5071 2500 5125 est,
2527 5078 2647 5116 cum
2680 5079 2742 5117 ea
2769 5064 2972 5127 scrihit,
2995 5080 3100 5118 non
3130 5080 3248 5134 qua:
3277 5064 3345 5118 ab
3373 5064 3493 5119 aliis
3521 5065 3757 5134 accepit,

2168 5154 2260 5208 sed
2307 5171 2424 5224 quae
2470 5154 2602 5209 vidit
2627 5164 2682 5210 et
2710 5157 2934 5209 audivit.
2962 5155 3093 5210 Nam
3126 5157 3170 5210 si
3197 5172 3257 5211 ea
3286 5173 3405 5227 qua:
3432 5157 3501 5212 dc
3537 5157 3763 5229 Chrism

2168 5246 2308 5300 dicta
2336 5256 2479 5311 sunt,
2512 5248 2702 5313 inquit,
2731 5259 2947 5317 accepta
2978 5248 3227 5313 habuisti,
3259 5251 3427 5304 multo
3458 5252 3625 5321 magis
3670 5270 3763 5303 ac-

2170 5340 2336 5408 eipies
2362 5355 2423 5394 ea
2450 5356 2570 5410 quae
2598 5341 2666 5394 de
2691 5342 2949 5410 apostolis
2973 5342 3215 5397 dicturus
3242 5358 3381 5398 sum.
3400 5344 3534 5413 Quid
3566 5346 3770 5415 igitur?

2172 5447 2236 5484 an
2263 5432 2482 5485 historia
2515 5442 2717 5486 tantum
2751 5433 2853 5487 hoc
2882 5449 3037 5503 opus,
3065 5445 3116 5489 et
3146 5434 3347 5506 Spiritu
3374 5452 3600 5491 vacuum
3638 5443 3767 5492 est?

2173 5522 2538 5594 Nequaquam.
2571 5526 2688 5591 Quo
2721 5526 2916 5595 pacto?
2946 5526 3207 5594 Quoniam
3235 5546 3319 5594 ea,
3352 5546 3470 5598 qua:
3521 5530 3620 5600 ipsi
3654 5542 3771 5584 tra-

2173 5613 2423 5669 diderunt
2449 5617 2482 5670 ii
2506 5617 2594 5686 qui
2624 5616 2869 5672 viderant
2895 5627 2947 5673 et
2976 5618 3205 5673 ministri
3232 5621 3496 5676 sermonis
3528 5621 3767 5685 fuerant,

2173 5722 2238 5760 ex
2272 5705 2469 5777 Spiritu
2499 5718 2673 5762 erant.
2705 5708 2774 5762 Et
2803 5726 2899 5764 cur
2927 5726 3030 5764 non
3062 5710 3216 5774 dixit,
3249 5711 3398 5767 Sicut
3427 5712 3771 5769 tradiderunt

2176 5801 2351 5866 nobis,
2376 5802 2469 5871 qui
2502 5802 2702 5869 Spiritu
2732 5813 2921 5857 sancto
2956 5804 3157 5873 dignati
3203 5814 3377 5868 erant,
3423 5806 3540 5873 scd,
3573 5807 3671 5871 Qui
3702 5809 3769 5860 ab

2178 5893 2320 5948 initio
2346 5894 2619 5948 viderunt?
2655 5893 2788 5964 Quia
2817 5894 2919 5951 hoc
2943 5896 3173 5952 maxime
3194 5896 3350 5951 fidem
3385 5896 3527 5957 facit,
3552 5912 3673 5951 cum
3698 5898 3769 5953 ab
