4022 6364
305 349 380 407 15
1345 344 1410 399 ΙΝ
1450 343 1632 400 ACTA
1674 343 1875 400 APOS']

1975 342 2186 402 .ORUM
2230 345 2464 403 HOMIL.
2506 347 2548 404 Ι.
3506 355 3574 412 16

300 487 425 532 τους
449 467 549 521 καὶ
580 465 879 528 ἀσυνέτους
902 465 1096 536 ἀθρόον
1126 464 1319 526 ἄλλους
1340 465 1454 518 ἀντ’
1476 465 1652 518 ἄλλων
1671 464 1894 534 γενομέ-

300 570 446 614 νους,
466 552 564 602 καὶ
585 549 891 620 χρημάτων
915 548 1251 620 ὑπεροπτάς,
1276 549 1370 601 καὶ
1385 548 1561 616 δόξης,
1581 547 1676 601 καὶ
1695 546 1890 617 θυμοῦ,

301 637 394 688 καὶ
421 633 752 703 ἐπιθυμίας,
782 631 1002 684 πάντων
1027 630 1215 693 ἁπλῶς
1240 631 1545 699 ἀνωτέρους
1574 628 1886 698 γεγονότας,

299 718 392 772 καὶ
423 716 638 786 πολλὴν
672 714 774 786 τὴν
802 715 1058 784 ὁμόνοιαν
1082 714 1325 784 ἔχοντας,
1349 716 1444 767 καὶ⁵
1471 713 1708 784 οὑδαμοῦ
1737 712 1890 765 066e-

296 800 426 870 μίαν
449 797 760 870 βασκανίαν
775 798 852 860 ὡς
872 797 1201 869 ἔμπροσθεν,
1217 797 1339 850 οὑδέ
1354 797 1446 850 τὸν
1460 813 1526 850 πε
1535 798 1588 867 pl
1610 795 1890 867 πρωτείων

291 885 497 953 ἔρωτα,
535 881 674 937 ἀλλά
720 882 906 934 πᾶσαν
952 879 1418 954 ἀπηκριϐωμένην
1461 882 1518 933 ἐν
1567 879 1751 942 αὐτοῖς
1790 878 1889 949 τὴν

285 968 528 1037 ἀρετὴν,
559 965 655 1018 καὶ
685 963 785 1035 τὴν
812 964 1036 1034 ἀγάπην
1076 962 1196 1034 μεθ’
1223 962 1528 1033 ὑπερϐολῆς
1551 960 1889 1032 διαλάμπου-

288 1065 413 1110 σαν,
451 1051 602 1117 ὑπὲρ
625 1044 698 1120 ἦς
730 1048 826 1101 καὶ
852 1046 1023 1100 πολλά
1051 1046 1421 1117 παρήγγειλεν
1465 1046 1647 1108 αὑτοῖς
1693 1043 1886 1111 λέγων,

285 1135 370 1186 ὅτι
409 1134 514 1185 Ἐν
547 1134 738 1197 τούτῳ
777 1131 1114 1199 γνώσονται
1142 1128 1386 1196 πάντες,
1418 1128 1508 1183 ὅτι
1539 1129 1669 1198 ἐμοὶ
1692 1130 1886 1197 μαθη-

285 1221 385 1272 ται
411 1220 584 1283 ἐστε,
617 1218 732 1270 ἐὰν
762 1217 1030 1286 ἀγαπᾶτε
1057 1215 1387 1282 ἀλλήλους.
1405 1215 1564 1269 Ἔστι
1589 1215 1645 1268 δέ
1673 1215 1768 1268 καὶ
1799 1213 1887 1267 δό-

286 1321 480 1374 γματα
512 1301 759 1355 ἐνταῦθα
792 1302 992 1371 εὑρεῖν,
1021 1302 1184 1370 άπερ,
1212 1302 1261 1353 εἰ
1295 1299 1369 1370 μὴ
1402 1298 1560 1353 τοῦτο
1602 1294 1672 1370 ἦν
1711 1298 1772 1351 τὸ
1804 1297 1887 1367 βι-

287 1389 456 1450 ϐλξον,
491 1387 682 1438 οὑδενὶ
730 1385 922 1454 σαφῶς
964 1384 1106 1438 οὑτω
1149 1384 1400 1454 γνώριμα
1442 1383 1717 1452 ἐγένοντο·
1751 1382 1888 1437 ἀλλά

285 1473 346 1523 τὸ
384 1470 698 1539 κεφάλαιον
730 1469 832 1539 τῆς
867 1469 1137 1541 σωτηρίας
1170 1468 1327 1540 ἡμῶν
1353 1467 1756 1537 ἀπεκρύπτετο,
1792 1469 1888 1521 καὶ

285 1555 478 1624 ἄδηλον
507 1551 603 1625 ἦν,
638 1555 738 1608 καὶ
766 1554 881 1624 βίου
914 1554 1008 1606 καὶ
1050 1553 1336 1624 δογμάτων
1363 1552 1568 1605 ἕνεκεν.
1603 1552 1677 1603 Τὸ
1723 1550 1886 1604 πλέον

282 1639 336 1691 δὲ
356 1639 468 1692 τῶν
492 1637 741 1691 ἐνταῦθα
762 1636 1116 1707 ἐγκειμένων,
1145 1635 1356 1689 Παύλου
1386 1635 1612 1706 πράξεις
1641 1635 1766 1698 είσὶ,
1789 1633 1884 1687 τοῦ

283 1724 688 1794 περισσότερον
734 1722 956 1774 πάντων
995 1719 1378 1782 κοπιάσαντος.
1423 1719 1532 1773 Kal
1583 1718 1645 1772 τὸ
1690 1720 1880 1784 αἴτιον,

282 1811 363 1860 ὅτι
404 1805 579 1859 αὑτοῦ
631 1806 899 1875 φοιτητὴς
942 1799 1011 1876 ἦν
1057 1805 1086 1856 6
1128 1803 1194 1855 τὸ
1230 1801 1434 1872 βιϐλίον
1469 1801 1630 1854 τοῦτο
1673 1803 1883 1865 συνθεὶς

285 1892 497 1953 Λουκᾶς
537 1892 568 1942 6
601 1890 908 1960 μακάριος·
953 1881 1015 1941 οῦ
1046 1886 1144 1957 τὴν
1179 1885 1380 1957 ἀρετὴν
1423 1885 1750 1956 πολλαχόθεν
1782 1885 1883 1955 μὲν

286 1977 375 2026 καὶ
418 1973 654 2028 ἄλλοθεν
682 1973 833 2025 ἐστιν
866 1971 1014 2034 ίδεῖν,
1044 1970 1278 2041 μάλιστα
1301 1970 1359 2022 δὲ
1384 1969 1449 2022 ἐκ
1481 1969 1574 2023 τοῦ
1619 1969 1755 2038 πρὸς
1793 1968 1883 2023 τὸν

286 2058 623 2110 Διδάσκαλον
655 2055 1046 2118 ἀδιασπάστως
1077 2054 1242 2124 ἔχειν,
1281 2053 1376 2106 καὶ
1403 2052 1693 2115 διαπαντὸς
1734 2050 1883 2122 αὑτῷ

288 2139 751 2208 παρακολουθεῖν.
776 2139 907 2191 Ὅτε
960 2136 1092 2205 γοῦν
1159 2137 1350 2207 Δημᾶς
1416 2136 1511 2189 καὶ
1549 2134 1882 2206 Ἑρμογένης

290 2223 439 2276 αὑτὸν
465 2221 862 2291 ἐγκατέλιπον,
895 2220 925 2272 6
954 2221 1052 2290 μὲν
1081 2221 1160 2283 είς
1194 2218 1482 2282 Γαλατίαν,
1505 2220 1534 2271 6
1564 2217 1620 2271 δὲ
1647 2220 1726 2281 είς
1748 2217 1882 2271 Δαλ-

302 2309 483 2375 ματίαν
510 2303 802 2368 ἀπελθὼν,
826 2305 1056 2358 ἄκουσον
1077 2302 1128 2354 τί
1162 2319 1294 2374 φησι
1323 2304 1450 2373 περὶ
1475 2301 1665 2355 τούτου
1687 2319 1700 2332 ο
1727 2306 1882 2356 Λου-

303 2389 404 2455 κᾶς
433 2391 557 2442 ἐστι
582 2388 784 2458 μόνος
805 2389 936 2456 μετ’
966 2386 1112 2456 ἐμοῦ
1140 2404 1150 2416 ·
1193 2388 1287 2440 καὶ
1321 2384 1628 2456 Κορινθίοις
1655 2383 1712 2437 δὲ
1757 2385 1879 2436 ἐπι-

303 2475 522 2528 στέλλων
570 2473 711 2546 περὶ
756 2471 921 2526 αὑτοῦ
975 2487 1172 2542 φησιν·
1205 2465 1288 2526 Οὗ
1324 2473 1357 2524 ό
1399 2470 1644 2534 ἔπαινος
1683 2468 1755 2521 ἐν
1801 2467 1881 2534 τῷ

294 2561 637 2629 Εὐαγγελίῳ
666 2558 767 2611 διὰ
799 2553 1014 2610 πασῶν
1041 2555 1160 2609 τῶν
1198 2552 1589 2620 Ἐκκλησιῶν.
1617 2554 1724 2606 Καὶ
1751 2553 1880 2606 ὅταν

287 2642 434 2713 λέγῃ,
483 2645 570 2696 ὅτι
604 2644 806 2710 Ὠφθη
855 2637 1060 2708 Κηφᾷ,
1106 2635 1235 2694 εἶτα
1279 2637 1406 2702 τοῖς
1446 2635 1706 2690 δώδεκα·
1761 2638 1876 2701 καὶ,

281 2728 437 2780 Κατὰ
465 2727 539 2779 τὸ
568 2724 970 2794 Εὐαγγάὶιον,
996 2723 1026 2775 ὅ
1057 2721 1438 2792 παρελάϐετε,
1471 2721 1535 2774 τὸ
1564 2720 1756 2773 τούτου
1794 2720 1880 2772 λέ-

280 2827 392 2877 γει·
423 2811 577 2862 ὥστε
612 2809 717 2861 οὑκ
747 2810 814 2862 ἀν
840 2825 928 2870 τις
955 2806 1189 2878 ἁμάρτοι
1217 2806 1316 2876 τὴν
1345 2804 1727 2877 πραγματείαν
1747 2803 1878 2857 ταύ-

275 2913 373 2963 την
407 2894 570 2963 αὑτῷ
603 2890 1025 2954 ἀναθείς.’¹οταν
1049 2890 1106 2944 δὲ
1129 2890 1285 2954 είπω,
1325 2889 1522 2960 τούτῳ,
1556 2889 1634 2960 τῷ
1657 2889 1878 2961 Χριστῷ

275 2979 435 3045 λέγω.
471 2977 539 3029 Et
585 2976 648 3029 δέ
690 2992 776 3038 τις
812 2975 995 3043 λέγοι·
1033 2975 1142 3027 Καὶ
1188 2972 1242 3026 τί
1286 2973 1487 3045 δήποτε
1533 2973 1654 3043 οὑχῖ⁹
1697 2973 1878 3026 πάντα

275 3061 622 3131 συνέγραψε,
656 3059 820 3130 μέχρι
863 3058 1052 3121 τέλους
1095 3058 1170 3111 ὢν
1220 3060 1335 3129 μετ’
1367 3056 1571 3124 αὐτοῦς
1601 3059 1778 3111 ἐκεῖνο
1808 3055 1876 3110 ἀν

272 3146 556 3213 εἰποιμεν.
579 3145 666 3196 ὅτι
695 3141 984 3195 καὶταῦτα
1010 3141 1279 3211 ἀρκοῦντα
1304 3136 1372 3212 ἦν
1395 3143 1506 3203 τοῖς
1532 3139 1876 3211 βουλομένοις

271 3231 601 3298 προσέχειν,
628 3227 724 3279 καὶ
757 3227 839 3279 ὅτι
866 3226 1002 3297 πρὸς
1025 3226 1092 3279 τά
1113 3227 1506 3294 κατεπείγοντα
1529 3225 1616 3278 ἀεὶ
1637 3224 1872 3286 ἵσταντο,

268 3315 363 3366 καὶ
393 3315 486 3366 δτι
511 3313 617 3365 οὑκ
646 3314 705 3364 ὲν
739 3311 816 3382 τῷ
849 3311 1209 3381 λογογραφεῖν
1236 3307 1304 3382 ἦν
1336 3311 1517 3374 αὑτοῖς
1561 3310 1595 3381 ή
1630 3307 1830 3378 σπουδή
1856 3325 1872 3340 ο

270 3398 446 3451 πολλά
481 3398 601 3466 γάρ
636 3399 732 3449 καὶ
757 3396 991 3465 ἀγράφῳ
1024 3395 1318 3466 παραδόσει
1341 3393 1602 3447 δεδώκασι
1621 3405 1671 3447 ι.

338 3485 461 3536 Καὶ
487 3483 675 3535 πάντα
701 3481 801 3551 μὲν
827 3475 920 3533 οῦν
949 3478 1075 3544 ἀξια
1103 3479 1377 3549 θαύματος
1405 3477 1472 3531 τά
1500 3477 1559 3530 ὲν
1582 3474 1660 3548 τῷ
1686 3473 1874 3549 βιϐλίῳ

264 3569 449 3637 τούτῳ
491 3565 751 3636 κείμενα,
786 3562 1020 3634 μάλιστα
1070 3562 1128 3616 δέ
1178 3563 1287 3616 τῶν
1331 3561 1706 3634 ἀποστόλωνή
1741 3577 1873 3631 συγ-

265 3653 613 3714 κατάϐασις,
643 3649 712 3721 ἣν
743 3651 839 3702 καὶ¹
873 3649 936 3702 τὺ
978 3647 1201 3718 Πνεῦμα
1241 3648 1422 3711 αὐτοῖς
1447 3647 1734 3712 ὑπέϐαλλε,
1764 3665 1873 3702 πα-

265 3736 629 3807 ρασκευάζον
672 3735 869 3796 αὑτοὺς
912 3733 990 3804 τῷ
1024 3733 1120 3803 τῆς
1164 3733 1474 3802 οἰκονομίας
1521 3731 1873 3804 ἐνδιατρίϐειν

263 3823 438 3891 λόγῳ.
471 3821 579 3872 Διά
604 3820 673 3891 δὴ
702 3818 862 3872 τοῦτο
885 3815 1122 3871 τοσαῦτα
1148 3819 1276 3888 περὶ
1297 3819 1535 3889 Χριστοῦ
1565 3819 1874 3889 διαλεχθένο

260 3921 377 3967 τες,
409 3904 584 3971 ὀλίγα
609 3902 712 3973 μὲν
743 3900 822 3974 [5]
849 3902 1097 3974 περὶτῆς
1123 3901 1374 3972 θεότητος
1403 3901 1565 3955 αὑτοῦ
1593 3904 1868 3975 εἰρήκασι,

261 3990 334 4040 ci
353 3989 416 4042 δὲ
452 3989 689 4040 πλείονα
715 3987 845 4058 περὶ
871 3987 973 4056 τῆς
1002 3987 1421 4058 ἀνθρωπότητος
1439 3988 1759 4058 διελέγοντο,
1778 3995 1875 4046 καὶ

261 4075 360 4126 τοῦ
406 4073 655 4138 παθους,
668 4070 763 4122 καὶ
789 4072 888 4140 τῆς
910 4071 1282 4134 ἀναστάσεως,
1299 4071 1393 4124 καὶ
1409 4071 1509 4142 τῆς
1531 4073 1867 4139 ἀναϐάσεως.

264 4160 342 4210 T6
374 4157 497 4229 γὰρ
542 4155 878 4227 ζητούμενον
911 4154 1049 4218 τέως
1078 4155 1237 4209 τοῦτο
1277 4151 1365 4228 ἦν,
1397 4157 1458 4210 τὸ
1493 4159 1868 4231 πιστευθῆναι,

265 4244 347 4294 δτι
385 4242 603 4310 ἀνέστη
647 4239 745 4292 καὶ
789 4238 955 4310 ἀνέϐη
987 4240 1062 4302 εἰς
1101 4240 1600 4313 οὑρανούς.Ὢσπερ
1641 4236 1734 4297 οὖν
1777 4247 1871 4300 καὶ

262 4326 429 4389 αὐτὸς
462 4327 497 4378 6
534 4324 774 4395 Χριστὸς
809 4321 1043 4393 μάλιστα
1087 4323 1303 4378 πάντων
1340 4325 1637 4392 ἐσπούδαζε
1678 4326 1867 4395 δεῖξαι,

258 4412 346 4464 ὅτι
376 4408 551 4481 παρά
576 4407 672 4462 τοῦ
691 4408 902 4481 Πατρδς
923 4407 1050 4478 ἥκει
1066 4424 1078 4436 ·
1097 4406 1240 4462 οὑτω
1259 4410 1352 4462 καὶ
1376 4403 1551 4474 οὗτος,
1570 4413 1652 4466 ὃτι
1671 4413 1868 4484 ἀνέστη

259 4497 358 4548 καὶ
394 4491 714 4564 ἀνελήφθη,
743 4492 836 4544 καὶ
881 4491 1018 4561 πρὸς
1049 4493 1209 4546 αὑτὸν
1237 4494 1467 4565 ἀπῆλθε,
1495 4497 1588 4550 καὶ
1616 4500 1743 4570 παρ’
1771 4498 1871 4551 αὑ-

256 4577 357 4630 τοῦ
395 4580 632 4645 ἀφῖκτο,
663 4575 726 4629 EE
757 4575 866 4649 γάρ
907 4575 984 4647 μὴ
1032 4575 1193 4630 τοῦτο
1235 4577 1532 4651 ἐπιστεύθη
1584 4581 1865 4652 πρότερον,

257 4658 452 4730 πολλῷ
507 4659 712 4730 μᾶλλον
753 4658 852 4729 τῆς
886 4660 1205 4733 προσθήκης
1243 4663 1540 4734 γενομένης
1584 4665 1682 4735 τῆς
1726 4665 1868 4720 κατά

253 4747 357 4816 τὴν
404 4747 723 4799 ἀνάστασιν
769 4743 864 4796 καὶ
905 4745 1006 4814 τὴν
1055 4745 1341 4816 ἀνάληψιν,
1373 4745 1602 4801 ἄπιστον
1632 4748 1777 4804 ἆπαν
1807 4748 1868 4803 τὸ

252 4837 444 4905 δόγμα
467 4837 594 4897 τοῖς
621 4833 894 4898 Ἰουδαίοις
918 4834 1092 4899 ἔδοξεν
1118 4833 1284 4891 εἶναι.
1301 4836 1394 4890 Διὸ
1410 4836 1594 4908 ἡρέμα
1613 4839 1867 4894 καὶκατὰ

257 4923 474 4992 μικρὸν
535 4918 734 4980 αὑτοὺς
775 4919 870 4972 ἐπὶ
917 4919 987 4972 τὰ
1033 4919 1336 4993 ὑψηλότερα
1379 4923 1570 4992 ἀνάγει
1586 4922 1637 4978 ιι.
1672 4924 1760 4977 Ἐν
1808 4923 1867 4978 δέ

265 5007 550 5077 Ἀθήναις
574 5004 672 5056 καὶ
699 5002 984 5076 ἄνθρωπον
1009 5005 1171 5059 αὑτὸν
1197 5006 1381 5072 άπλῶς
1400 5007 1555 5062 καλεῖ
1579 5011 1609 5063 6
1631 5008 1863 5075 Παῦλος,

249 5091 416 5144 οὐδὲν
472 5089 647 5141 πλέον
678 5087 878 5142 εἰπών’
911 5089 1156 5153 εἰκότως.
1195 5092 1257 5144 Εί
1289 5091 1398 5164 γὰρ
1422 5093 1584 5147 αὑτὸν
1613 5093 1704 5147 τὸν
1729 5095 1864 5165 Χρι-

249 5176 385 5227 στὸν
431 5170 831 5242 διαλεγόμενον
857 5173 988 5243 περὶ
1013 5173 1115 5243 τῆς
1142 5175 1221 5236 είς
1249 5174 1341 5229 τὸν
1367 5176 1588 5247 Πατέρα
1620 5177 1864 5249 ίσότητος

247 5261 491 5313 λιθάσαι
548 5255 809 5319 πολλάκις
849 5255 1234 5326 ἐπεχείρησαν,
1266 5259 1359 5311 καὶ
1405 5259 1725 5332 βλάσφημον
1774 5261 1862 5316 διά

247 5343 421 5396 τοῦτο
467 5340 728 5403 ἐκάλουν,
759 5340 921 5412 σχολῇ
956 5341 1006 5408 γ’
1029 5340 1096 5394 ἂν
1119 5341 1270 5412 παρά
1301 5341 1410 5395 τῶν
1444 5343 1638 5398 ἀλιέων
1673 5345 1861 5400 τοῦτον

242 5427 343 5479 τὸν
373 5427 554 5492 λόγον
589 5423 860 5488 ἐδέξαντο,
891 5425 986 5477 καὶ
1015 5423 1188 5478 ταῦτα
1232 5424 1327 5478 τοῦ
1374 5429 1611 5500 σταυροῦ
1640 5447 1856 5503 προχω-

247 5519 567 5580 ρὴσαντος.

321 5598 398 5664 β’,
430 5596 557 5647 Καὶ
585 5593 641 5645 τί
672 5593 754 5646 δεῖ
777 5592 958 5661 λέγειν
982 5596 1111 5659 τοὺς
1147 5595 1467 5664 Ἰουδαίους,
1509 5598 1646 5652 ὅπου
1673 5617 1736 5668 γε
1765 5601 1859 5655 καὶ

243 5682 410 5733 a-‘m‘t
473 5678 601 5730 τότε
660 5678 920 5740 πολλάκις
971 5679 1020 5730 οί
1077 5678 1315 5751 μαθηταὶ
1361 5681 1470 5737 τῶν
1508 5683 1858 5758 ὑψηλοτέρων

241 5768 563 5828 ἀκούοντες
593 5765 902 5835 δογμάτων,
932 5765 1288 5835 ἐθορυϐοῦντο
1322 5771 1414 5823 καὶ
1446 5770 1855 5837 ἐσκανδαλίζον-

309 5917 338 5944 ι
379 5915 511 5989 [lup
533 5929 650 5964 mss.
673 5919 1056 5979 παραδεδώκασι.
1128 5918 1155 5957 ι’
1178 5921 1258 5970 Sic
1284 5921 1431 5973 Savil.
1461 5928 1512 5974 cl
1535 5937 1647 5974 mss.
1679 5923 1848 5976 Morel.

245 5989 374 6027 vero
404 5996 590 6038 ενσγει.

1988 479 2086 532 το;
2121 466 2220 519 Διά
2242 467 2400 520 τοῦτο
2422 467 2515 522 καὶ
2547 467 2732 538 ἔλεγε’
2767 471 2973 527 Πολλὰ
3009 471 3128 541 ἔχω
3161 471 3364 544 λέγειν
3401 473 3574 545 ὑμῖν,

1987 547 2126 602 ἀλλ’
2155 551 2228 602 οὐ
2256 550 2521 605 δύνασθε
2535 552 2862 617 βαστάζειν
2890 554 3041 623 ἄρτι.
3071 554 3134 609 Εἰ
3162 555 3220 609 δὲ
3252 559 3450 611 ἐκεῖνοι
3473 559 3576 612 οὑκ

1995 630 2264 693 ἐδύναντο,
2292 635 2341 686 οἱ
2376 636 2759 705 συγγενόμενοι
2781 638 2972 710 χρόνον
2999 638 3255 693 τοσοῦτον
3285 641 3457 711 αὑτῷ,
3483 644 3576 697 καὶ

1989 714 2257 768 τοσούτων
2306 719 2735 788 κοινωνήσαντες
2779 723 3108 793 ἀπορρήτων
3129 762 3144 782 ,
3194 725 3285 777 καλ.
3335 726 3575 780 τοσαῦτα

1988 794 2314 867 θεασάμενοι
2348 798 2620 867 θαύματα,
2657 803 2774 866 πῶς
2803 804 3080 874 ἄνθρωποι
3111 806 3222 859 ἀπὸ
3253 807 3456 877 βωμῶν
3480 811 3576 864 καὶ

1988 878 2222 934 εἰδώλων
2265 883 2360 936 καὶ
2407 882 2628 949 θυσιῶν,
2661 887 2754 938 καὶ
2779 887 3065 958 αἰλούρων,
3094 891 3188 943 καὶ
3214 891 3574 960 κροκοδείλων

1991 961 2256 1032 ςτοιαῦτα
2280 965 2396 1036 γάρ
2415 961 2482 1037 ἦν
2511 967 2620 1021 τῶν
2659 968 2928 1041 Ἑλλήνων
2971 971 3040 1023 τά
3070 972 3446 1042 σεϐάσματα),
3479 980 3574 1028 καὶ

1988 1046 2100 1100 τῶν
2126 1047 2302 1101 ἀλλων
2343 1049 2454 1101 τῶν
2500 1051 2687 1104 κακῶν
2709 1053 2831 1106 τότε
2858 1053 3073 1124 πρῶτον
3107 1057 3570 1121 ἀποσπασθέντες,

1988 1129 2184 1200 ἀθρόον
2208 1133 2334 1197 τοὺς
2359 1133 2596 1202 ὑψηλοὺς
2616 1134 2726 1188 τῶν
2751 1139 3039 1207 δογμάτων
3068 1139 3317 1204 ἐδέξαντο
3343 1141 3570 1211 λόγους;

1989 1213 2122 1299 πῶςΔ
2153 1213 2218 1299 δὲ
2265 1214 2330 1268 ἂν
2375 1216 2472 1269 καὶ
2515 1217 2776 1280 Ἰουδαῖοι,
2804 1221 2854 1272 οἱ
2897 1221 3018 1273 καθ’
3043 1221 3280 1295 ἑκάστην
3308 1225 3522 1299 ἡμέραν
3544 1238 3567 1265 ε

1990 1296 2373 1362 μανθάνοντες,
2395 1300 2487 1352 καὶ
2506 1300 2858 1372 ἐνηχούμενοι
2883 1304 2988 1356 ὑπὸ
3005 1304 3100 1358 τοῦ
3139 1305 3303 1376 νόμου
3319 1325 3334 1338 ο
3365 1296 3572 1364 Ἄκουε

1996 1379 2275 1449 Ἰσραὴλ,
2303 1382 2518 1449 Κύριος
2564 1385 2597 1437 ό
2641 1386 2786 1448 Θεός
2825 1401 2964 1449 σου,
2996 1388 3210 1455 Κύριος
3253 1383 3341 1456 εἷς
3376 1391 3567 1455 ἐστιν,

1985 1465 2083 1518 καὶ
2119 1466 2288 1533 πλὴν
2310 1467 2497 1520 αὑτοῦ
2523 1469 2634 1522 οὐκ
2658 1467 2830 1522 ἐστιν
2851 1468 3040 1536 ἄλλος
3058 1486 3070 1498 ·
3104 1472 3196 1525 ἐπὶ
3222 1472 3380 1539 ξύλου
3409 1491 3572 1528 σταυ-

1990 1545 2084 1618 ροῦ
2138 1547 2378 1613 ἰδόντεςά
2426 1551 2850 1622 προσηλωμένον
2893 1553 3088 1606 αὐτόν’
3128 1555 3330 1624 μᾶλλον
3372 1556 3430 1610 δέ
3475 1561 3570 1613 καὶ

1987 1630 2401 1701 σταυρώσαντες
2455 1635 2548 1686 καὶ
2601 1633 2871 1703 θάψαντες
2897 1673 2912 1697 ,
2959 1638 3052 1688 καὶ
3095 1638 3216 1690 οὑδὲ
3259 1640 3568 1694 ἀναστάντα

1986 1711 2343 1784 θεασάμενοι·
2395 1715 2706 1783 ἀκούοντες,
2737 1718 2818 1770 δτι
2848 1718 2980 1782 Θεός
3007 1720 3156 1773 ἐστιν
3185 1721 3347 1782 αὑτὸς
3391 1716 3566 1786 οὗτος,

1985 1797 2080 1850 καὶ
2111 1797 2189 1867 τῷ
2218 1797 2394 1869 Πατρὶ
2427 1799 2561 1862 ἶσος,
2593 1800 2692 1852 οὑκ
2728 1800 2795 1853 ἂν
2833 1801 3068 1872 μάλιστα
3106 1804 3326 1856 πάντων
3357 1806 3570 1876 ἀπεπή-

1981 1879 2151 1949 δησάν
2171 1897 2230 1932 τε
2252 1882 2346 1933 καί
2377 1883 2772 1953 ἀπερράγησαν
2795 1901 2810 1949 ;
2843 1885 2942 1938 Διά
2970 1901 3053 1938 τοι
3082 1887 3238 1939 τοῦτο
3263 1887 3450 1958 ἡρέμα
3472 1891 3568 1942 καὶ

1983 1962 2126 2015 κατά
2175 1965 2368 2035 μικρὸν
2415 1967 2612 2028 αὑτοὺς
2647 1963 3096 2037 προσϐιϐάζουσι,
3125 1972 3220 2024 καὶ
3268 1972 3434 2042 πολλῇ
3467 1972 3566 2042 μὲν

1981 2047 2279 2117 κέχρηνται
2301 2051 2367 2118 τῇ
2395 2050 2492 2118 τῆς
2515 2051 2976 2118 συγκαταϐάσεως
3000 2054 3306 2124 οἰκονομίᾳ,
3350 2055 3566 2125 δαψιλε-

1983 2129 2176 2199 στέρας
2205 2130 2261 2183 δὲ
2295 2131 2627 2211 ἀπολαύουσι
2649 2146 2672 2174 ε
2718 2136 2816 2205 τῆς
2848 2136 2943 2191 τοῦ
2975 2137 3292 2207 Πνεύματος
3320 2141 3562 2211 χάριτος,

1981 2215 2074 2267 καὶ
2101 2215 2318 2283 μείζονα
2342 2210 2417 2270 ὧν
2436 2218 2596 2280 αὑτὸς
2619 2220 2919 2291 πεποίηκεν
2951 2222 3273 2291 ἐργάζονται
3295 2223 3374 2294 τῷ
3395 2210 3563 2279 αὑτοῦ

1979 2297 2238 2367 ὀνόματι,
2283 2301 2371 2354 ἵνα
2415 2302 2755 2372 ἑκατέρωθεν
2803 2305 3000 2368 αὑτοὺς
3046 2307 3220 2376 χαμαὶ
3278 2307 3565 2378 κειμένους

1980 2383 2345 2453 ἁναστήσωσι,
2370 2383 2464 2436 καὶ
2491 2385 2580 2437 τὸν
2602 2402 2667 2437 πε
2676 2387 2730 2456 pl
2753 2386 2853 2456 τῆς
2871 2388 3221 2452 ἀναστάσεως
3247 2389 3565 2444 πιστὼσων-

1979 2481 2068 2518 ται
2095 2465 2270 2532 λόγον.
2304 2468 2414 2520 Καὶ
2460 2469 2570 2538 γὰρ
2607 2468 2764 2522 τοῦτο
2801 2469 3037 2540 μάλιστά
3065 2472 3182 2525 ἐστι
3214 2475 3365 2526 τουτὶ
3391 2475 3452 2527 τὸ
3483 2475 3564 2546 βι-

1979 2546 2145 2611 ϐλίον,
2168 2548 2442 2626 ἀπόδειξις
2465 2550 2833 2615 ἀναστάσεως.
2857 2553 3059 2620 Τούτου
3080 2553 3135 2606 δὲ
3160 2557 3560 2623 πιστευθέντος,

1978 2632 2082 2703 όδῷ
2118 2633 2215 2686 καὶ
2245 2634 2314 2687 τά
2345 2634 2481 2689 ἀλλα
2533 2635 2962 2706 προὺϐαινεν.Ἦ
3009 2640 3110 2710 μὲν
3161 2637 3256 2695 οὖν
3306 2643 3565 2708 ὑπόθεσις

1977 2718 2073 2770 καὶ
2095 2717 2123 2769 6
2141 2715 2234 2770 τοῦ
2261 2716 2464 2798 βιϐλίου
2492 2719 2694 2798 σκοπὸς
2713 2720 2878 2784 ἄπας,
2896 2721 2973 2785 ὼς
2992 2721 3057 2775 ἀν
3075 2741 3160 2787 τις
3183 2726 3516 2798 παχυμερῶς
3537 2728 3558 2768 ί

1979 2798 2262 2854 συλλαϐὼν
2295 2790 2460 2866 είποιζ
2493 2797 2648 2866 οὗτος
2674 2802 2910 2873 μάλιστά
2948 2808 3113 2859 ἐστιν.
3135 2790 3563 2879 Ἀκούσιυμενδέ

1975 2883 2160 2937 λοιπὸν
2185 2884 2365 2939 αὑτῶν
2396 2885 2505 2938 τῶν
2533 2887 2858 2958 προοιμίων.
2896 2887 3013 2942 Τὸν
3045 2889 3166 2958 μὲν
3197 2891 3435 2960 πρῶτον
3458 2895 3564 2948 λό-

1975 2976 2086 3037 γον
2127 2967 2509 3038 ἐποιησάμην
2551 2972 2687 3040 περὶ
2730 2971 2993 3037 πάντων,
3045 2968 3094 3026 ὦ
3143 2975 3428 3044 Θεόφιλε,
3477 2970 3566 3030 ὧν

1974 3049 2202 3118 ἤρξατο
2249 3054 2284 3105 ὁ
2324 3052 2554 3120 Ἰησοῦς
2580 3054 2775 3109 ποιεῖν
2810 3071 2875 3108 τε
2917 3054 3018 3108 καί
3047 3055 3373 3112 διδάσκειν.
3406 3059 3563 3116 Τίνος

1975 3132 2162 3187 ἕνεκεν
2212 3135 2376 3189 αὑτὸν
2419 3139 2828 3209 ἀναμιμνήσκει
2879 3137 2992 3210 [4]
3045 3139 3138 3193 τοῦ
3189 3140 3560 3210 Εὑαγγελίου;

1979 3218 2141 3271 Ὥστε
2189 3219 2289 3291 τήν
2327 3219 2534 3274 οίκείαν
2578 3222 2864 3292 ἀκρίϐειαν
2906 3222 3264 3290 ἐνδείξασθαι.
3302 3227 3413 3280 Καὶ
3453 3228 3562 3300 γὰρ

1975 3300 2276 3371 ἀρχόμενος
2314 3305 2412 3374 τῆς
2441 3304 2826 3376 πραγματείας
2859 3306 3074 3376 ἐκείνης
3121 3308 3319 3378 φησίνο
3347 3309 3563 3375 ’Ἔδοξε

1974 3383 2152 3452 κάμοὶ
2187 3389 2747 3455 παρηκολουθηκότι
2781 3387 3012 3443 ἄνωθεν
3047 3389 3238 3444 πᾶσιν
3282 3392 3559 3460 ἀκριϐῶς,

1935 3475 1940 3482 “
1974 3466 2236 3537 καθεξῆς
2285 3486 2382 3523 σοι
2426 3470 2667 3540 γράψαι.
2700 3471 2811 3523 Kal
2840 3470 2965 3525 οῦτε
2992 3475 3058 3544 τῇ
3085 3473 3262 3545 οἰκείᾳ
3310 3475 3560 3545 ἀρκεῖται

1978 3552 2255 3624 μαρτυρίᾳ
2289 3553 2470 3623 μόνον,
2501 3553 2638 3608 ἀλλά
2669 3555 2762 3608 καὶ
2800 3555 2994 3625 ἀνάγει
3025 3557 3119 3610 ἐπὶ
3151 3558 3280 3622 τοὺς
3321 3559 3556 3615 ἀποστό-

1971 3634 2098 3700 λους
2139 3636 2200 3689 τὸ
2249 3638 2378 3696 πᾶν.
2419 3637 2593 3707 λέγων
2612 3655 2627 3670 ο
2673 3639 2881 3705 Καθὼς
2920 3640 3271 3708 παρέδοσαν
3309 3643 3454 3713 ἡμῖν
3507 3649 3560 3700 οι

1971 3718 2252 3789 ἁπαρχῆς
2297 3721 2588 3775 αὐτόπται
2634 3722 2734 3775 καί
2783 3721 3076 3791 ὑπηρέται
3115 3727 3424 3795 γενόμενοι
3452 3730 3560 3785 τοῦ

1970 3803 2177 3871 λόγου.
2208 3803 2299 3857 Διὸ
2343 3803 2434 3858 τὸν
2472 3803 2630 3874 λόγον
2653 3803 2968 3868 ἀξιόπιστον
2994 3807 3112 3860 ἐκεῖ
3149 3811 3401 3880 ποιήσας,
3436 3812 3559 3868 ούδέ

1970 3887 2145 3940 δεῖται
2173 3885 2405 3941 ἐνταῦθα
2432 3888 2624 3958 ἐτέρας
2655 3887 3022 3957 βεϐαιώσεως,
3061 3890 3211 3957 άπαξ
3257 3894 3423 3948 αὑτοῦ
3464 3911 3560 3948 ττι-

1973 3969 2316 4036 στευθέντος,
2367 3972 2462 4025 καὶ
2509 3970 2576 4023 δι’
2609 3970 2820 4024 ἐκείνου
2865 3972 2927 4025 τὸ
2975 3973 3206 4043 ἀκριϐὲς
3247 3977 3412 4030 αὑτὸν
3456 3980 3557 4046 τῆς

1971 4052 2227 4123 ἀληθείας
2256 4055 2573 4124 κατηχήσας
2592 4054 2637 4106 ε.
2674 4053 2730 4106 '0
2758 4053 2868 4123 γάρ
2898 4056 3043 4126 άπερ
3076 4057 3308 4128 ἤκουσεν
3348 4060 3554 4125 ἀξιόπι-

1972 4154 2094 4200 στος
2115 4137 2402 4208 γενόμενος
2428 4137 2656 4208 γράψαι,
2673 4138 2770 4190 καὶ
2791 4140 3125 4204 πιστευθεὶς,
3150 4142 3332 4214 πολλῷ
3355 4144 3559 4216 μᾶλλον

1969 4223 1999 4273 6
2020 4219 2197 4274 ταῦτα
2231 4220 2443 4284 συνθεὶς
2473 4219 2508 4274 ἀ
2537 4221 2611 4292 μὴ
2651 4219 2783 4292 παρ’
2812 4222 3014 4294 ἐτέρων
3049 4225 3409 4297 παρείληφεν,
3439 4228 3552 4283 ἀλλ’

1967 4301 2004 4358 ἃ
2026 4301 2132 4357 εἶδε
2153 4305 2254 4386 καλ⁵
2275 4304 2497 4386 ήκουσε,
2521 4305 2877 4375 πιστευθῆναι
2901 4305 3108 4372 δίκαιος
3136 4307 3204 4362 ἂν
3229 4305 3316 4380 ἦν.
3354 4311 3418 4365 Et
3442 4313 3553 4386 γὰρ

1966 4386 2036 4440 τὰ
2066 4385 2161 4440 τοῦ
2194 4385 2432 4459 Χριστοῦ
2465 4386 2650 4452 ἐδέξω,
2677 4389 2831 4458 φησὶ,
2867 4390 3049 4461 πολλῷ
3079 4390 3280 4461 μᾶλλον
3319 4395 3389 4448 τά
3440 4385 3553 4452 τῶν

1965 4471 2298 4526 ἀποστόλων.
2327 4471 2393 4524 Τί
2418 4467 2588 4536 οὖνιι;
2624 4475 2838 4542 ίστορία
2870 4475 3031 4545 μόνον
3058 4476 3120 4528 τὸ
3152 4479 3387 4549 πρᾶγμά
3407 4481 3546 4546 ἐστι,

1967 4557 2062 4610 καὶ
2108 4556 2420 4626 Πνεύματος
2467 4555 2697 4628 ἄμοιρος
2739 4558 2772 4609 ό
2815 4558 3003 4628 λόγος;
3049 4560 3335 4631 Οὐδαμῶς.
3383 4563 3548 4632 Πῶςς

1967 4640 2089 4694 Ὀτι
2117 4641 2258 4710 άπερ
2287 4641 2338 4693 οί
2362 4641 2616 4711 ἀπαρχῆς
2647 4641 2912 4696 αὐτόπται
2956 4643 3050 4697 καὶ
3098 4645 3367 4717 ὑπηρέται
3391 4648 3549 4715 γενόο

1969 4739 2133 4794 μενοι·
2169 4723 2264 4777 τοῦ
2308 4723 2468 4792 λόγου
2517 4723 2666 4794 αὑτῷ
2711 4725 3036 4792 παρέδοσαν,
3078 4727 3173 4780 τοῦ
3230 4730 3548 4800 Πνεύματος

1962 4801 2124 4877 ἦσαν.
2155 4807 2264 4859 Καὶ
2289 4804 2430 4861 διατί
2462 4807 2535 4878 μὴ
2556 4802 2730 4872 εἶπεν,
2753 4809 2835 4862 ὅτι
2865 4809 3064 4872 Καθὼς
3085 4811 3392 4882 παρέδοσαν
3412 4814 3547 4886 ἡμῖν

1964 4893 2012 4944 οί
2066 4890 2383 4962 Πνεύματος
2428 4892 2587 4961 ἁγίου
2639 4891 3088 4959 καταξιωθέντες,
3141 4893 3280 4958 ἀλλ’,
3333 4899 3398 4950 Ol
3440 4897 3546 4952 ἀπ’

1963 4974 2156 5045 ἀρχῆς
2179 4976 2467 5030 αὐτόπται
2493 4976 2800 5047 γενόμενοι
2815 4991 2836 5039 ;
2871 4977 2992 5029 Ὀτι
3020 4976 3180 5030 τοῦτο
3204 4979 3439 5048 μάλιστα
3463 4984 3546 5046 εἰς

1963 5059 2144 5114 πίστιν
2180 5058 2329 5113 ἐστὶν
2356 5060 2690 5127 ἀξιόπιστον,
2723 5059 2786 5112 τὸ
2815 5059 2968 5132 παρά
2993 5061 3279 5115 αὑτοπτῶν
3307 5063 3500 5134 μαθεῖν
3521 5079 3541 5098 ⁶

1960 5143 2135 5196 ἐκεῖνο
2163 5142 2222 5196 δὲ
2257 5143 2352 5196 καὶ
2381 5143 2690 5210 ἀλαζονεία,
2731 5143 2826 5199 καὶ
2872 5141 3040 5214 τῦφος
3080 5144 3146 5198 ἂν
3192 5143 3378 5210 ἔδοξεὶ
3427 5149 3544 5212 τοῖς

1959 5227 2228 5300 ἀνοήτοις.
2266 5227 2356 5280 Διὸ
2385 5228 2479 5281 καὶ
2515 5227 2766 5300 Ἰωάννης
2811 5227 2986 5285 οὕτως
3015 5229 3199 5298 ἔλεγεν
3220 5248 3233 5262 ·
3276 5231 3544 5301 Ἐνὼὲώ-

1951 5329 2110 5380 ρακα
2153 5311 2254 5366 καὶ
2295 5313 2744 5383 μεμαρτύρηκα.
2773 5314 2862 5368 ὅτι
2906 5311 3086 5382 οὗτός
3120 5316 3294 5369 ἐστιν
3337 5321 3370 5370 ό
3405 5317 3541 5385 Υἱὸς

1959 5396 2066 5451 τοῦ
2093 5395 2262 5453 Θεοῦ.
2296 5395 2407 5450 Καὶ
2431 5397 2460 5450 6
2484 5397 2719 5468 Χριστὸς
2746 5398 2805 5452 δὲ
2830 5397 2971 5452 οὕτω
2995 5399 3304 5468 διαλέγεται
3335 5399 3414 5471 τῷ
3439 5401 3488 5454 Ν
3494 5419 3542 5454 ιο

2021 5561 2066 5624 οῗ
2086 5557 2264 5624 Morel.
2317 5559 2606 5624 δοιιιε-καθῗ
2675 5559 2883 5617 ἑκάστην
2948 5560 3122 5624 καίπερ
3163 5562 3355 5624 ἡμέραν.
3409 5560 3532 5624 Ibid.

2025 5622 2288 5686 vadvovreg.
2333 5623 2404 5686 sic
2445 5621 2618 5686 MOI-fel.
2661 5629 2713 5670 et
2761 5635 2889 5686 unus
2926 5622 3068 5686 rod;
3099 5621 3270 5686 'alque'
3302 5626 3370 5672 ita
3407 5623 3537 5686 legit

2025 5638 2288 5677 νυανοντες,
2333 5638 2404 5669 SIC
2445 5638 2618 5670 ΜΟΓΘΙ.
2661 5638 2713 5670 ει
2761 5638 2889 5670 unus
2928 5638 3068 5682 (‘00.;
3115 5638 3264 5684 atque
3302 5638 3370 5672 na
3408 5638 3530 5686 leg“

1959 5638 2208 5732 Erasmus.
2245 5684 2397 5732 Savil.
2428 5690 2482 5730 et
2515 5685 2640 5732 alius
2667 5686 2772 5730 cod.
2817 5683 3087 5738 ἀκούοντες.
3155 5686 3182 5722 α
3214 5684 3354 5734 Alius
3387 5686 3530 5742 ἀλλος

1954 5747 2035 5792 καὶ
2057 5745 2104 5792 ἐν
2131 5746 2200 5804 τῷ
2223 5747 2411 5807 σταυρῷ
2431 5746 2625 5799 ἰδόντες.
2690 5747 2709 5766 ⁸
2734 5745 2984 5807 Sic_Sa\'il.
3012 5746 3183 5794 Morel.
3214 5759 3329 5795 vero
3353 5743 3534 5796 ἀπολά-

1955 5809 2110 5870 ϐουσι,
2134 5819 2260 5870 unus
2278 5805 2748 5870 ρυύζὰπολαύσουσι.
2821 5805 2841 5841 τ
2863 5807 3005 5855 Alius
3022 5810 3313 5870 παχυτέρως.
3381 5811 3404 5847 6
3437 5810 3532 5859 Al“

1955 5869 2092 5932 οὐδὲν
2161 5869 2308 5932 δεῖται
2343 5870 2526 5932 ἐτέρας
2546 5868 2929 5932 ⁸συοιξτοίςπειιι›ς....
2992 5868 3216 5932 ἀληθείας
3254 5869 3527 5932 ἀναμνήσις.

1954 5928 1983 5967 h
2009 5930 2135 5978 Edili
2156 5930 2200 5977 τί
2228 5930 2312 5978 οὖν
2335 5928 2455 5988 ἐκεῖ,
2473 5929 2560 5976 sed
2585 5929 2682 5978 ἐκεῖ
2706 5929 2847 5978 abest
2868 5930 2930 5978 ab
2951 5930 3179 5978 omnibus
3210 5943 3326 5981 mss.
3350 5928 3414 5982 ἐι
3452 5931 3531 5980 hic

1956 5993 2258 6052 superﬂuum
2285 5999 2376 6041 est.
2451 5990 2466 6030 ί
2493 5990 2636 6041 Alius
2667 5992 2746 6039 καὶ
2778 5995 2918 6053 τύφος
2956 5992 3071 6040 εἰναι
3111 5993 3256 6042 δοκεῖς
