4022 6364
514 311 582 367 Π
1277 304 1335 360 S.
1374 301 1660 361 JOANNIS
1696 300 2184 377 CHRYSOSTOMI
2221 300 2539 358 ARCHIEP.
2581 294 3129 362 CONSTANTINOP.
3688 310 3753 363 18

510 428 730 498 κοδὴμῳ
755 422 1050 495 παχυτέρῳ
1085 422 1223 476 δντι·
1263 424 1324 475 Ὃ
1356 421 1603 492 οῖδαμεν
1624 421 1947 490 λαλοῦμεν,
1980 419 2079 474 καί

507 513 543 567 ὃ
587 509 928 579 ἑωράκαμεν
968 506 1414 576 μαρτυροῦμεν,
1458 505 1556 559 καὶ
1599 504 1715 571 τὴν
1748 504 2081 573 μαρτυρίαν

507 594 677 664 ἡμῶν
697 592 896 657 οὐδεὶς
914 590 1219 660 λαμϐάνει.
1238 590 1346 643 Καὶ
1369 588 1527 642 πάλιν
1551 586 1788 650 δεικνὺς,
1806 587 1887 639 ὅτι
1908 585 2079 638 πολλά

507 679 602 733 καὶ
624 676 731 731 ἀπὸ
752 675 927 745 ὅψεως
960 675 1255 745 μαρτυρεῖν
1277 672 1411 736 ἐστι,
1442 674 1555 736 τοῖς
1590 670 1860 742 μαθηταῖς
1893 669 2080 739 έλεγν

506 761 620 816 Καὶ
646 758 857 829 ὑμεῖςι
882 756 1229 828 μαρτυρεῖτε
1270 756 1399 823 περὶ
1440 753 1608 824 ἐμοῦ,
1645 754 1734 807 ὅτι
1760 753 1862 808 ἀπ’
1887 751 2084 822 ἀρχῆς

500 844 632 915 μετ’
642 842 788 913 ἐμοῦ
805 841 963 896 ἐστε.
983 841 1089 894 Καὶ
1111 840 1261 893 αὐτοὶ
1281 840 1330 892 οί
1352 838 1638 892 ἀπόστολοι
1657 837 1925 908 πολλαχοῦ
1939 836 2084 891 οὔτω

506 927 673 997 φασί·
710 925 1015 994 Μάρτυρες
1041 923 1211 992 ἡμεῖς
1234 923 1333 977 καί
1360 922 1425 976 τὸ
1450 922 1691 992 Πνεῦμα
1730 920 1799 975 τὸ
1821 921 2013 990 ἅγιον,
2048 919 2081 974 ὃ

503 1009 731 1064 ἔδωκεν
760 1011 794 1063 ό
828 1008 972 1073 Θεὸς
999 1005 1123 1072 τοῖς
1150 1006 1578 1074 πειθαρχοῦσιν
1600 1003 1780 1071 αὐτῷ.
1808 1005 1920 1057 Καὶ
1944 1003 2083 1074 μετά

505 1093 680 1148 ταῦτα
703 1092 760 1145 δὲ
785 1089 1139 1159 πιστούμενος
1165 1089 1263 1159 τὴν
1283 1089 1579 1143 ἀνάστασιν
1600 1088 1628 1140 ὁ
1650 1088 1853 1159 Πέτρος
1873 1087 2077 1155 ἔλεγεν·

508 1177 737 1242 Οιτινες
765 1172 1191 1243 συνεφάγομεν
1222 1171 1322 1227 καί
1364 1172 1732 1242 συνεπίομεν
1755 1169 1937 1237 αὐτῷ.
1968 1171 2079 1223 Td-

503 1277 622 1332 χιον
655 1259 774 1329 γὰρ
815 1258 917 1329 τὴν
969 1257 1118 1329 παρά
1168 1256 1277 1310 τῶν
1323 1256 1735 1326 συγγενομένων
1777 1254 2080 1326 ἀνθρώπων

508 1343 816 1415 μαρτυρίαν
846 1342 1109 1412 ἐδέχοντο,
1134 1341 1221 1393 διὰ
1256 1338 1317 1393 τὸ
1349 1340 1450 1410 τῆς
1479 1338 1609 1410 περὶ
1633 1339 1727 1392 τοῦ
1762 1338 2078 1408 Πνεύματος

502 1426 714 1489 ἐννοίας
738 1425 942 1496 σφόδρα
968 1423 1107 1487 τέως
1134 1423 1374 1476 ἀποδεῖν.
1398 1422 1497 1475 Διά
1521 1420 1679 1475 τοῦτο
1700 1422 1795 1475 καὶ
1826 1421 2077 1492 Ἰωάννης

502 1512 560 1563 ἐν
589 1512 653 1580 τῇ
686 1508 779 1562 τοῦ
814 1506 1146 1575 Εὐαγγελίου
1181 1508 1470 1577 συγγραφῇ
1513 1506 1697 1569 ἐλεγεν
1713 1505 1764 1569 δ,
1790 1505 1874 1559 ὅτι
1913 1505 2077 1567 αὐτὸς

454 1580 458 1584 ’
500 1588 629 1657 εἶδε,
661 1592 792 1663 περὶ
817 1591 910 1645 τοῦ
944 1592 1173 1663 αἵματος
1199 1590 1297 1644 καὶ
1325 1588 1419 1642 τοῦ
1451 1588 1641 1652 ὕδατος
1672 1589 2071 1658 διαλεγόμενος,

500 1674 600 1748 τὴν
648 1674 771 1745 δψιν
823 1675 1010 1737 αὐτοῖς
1056 1673 1189 1748 ἀντὶ.
1214 1671 1517 1744 μαρτυρίας
1557 1672 1729 1734 τιθεὶς
1774 1671 2073 1741 μεγίστηςο

502 1746 679 1813 καίτοι
704 1757 879 1827 ὅψεως
911 1746 1275 1826 ἀκριϐέστερα
1310 1755 1379 1808 τὰ
1430 1754 1583 1824 παρά
1612 1754 1705 1806 τοῦ
1737 1752 2073 1823 Πνεῦματος,

499 1842 618 1895 ἀλλ’
637 1842 700 1894 οὐ
727 1839 877 1911 παρά
896 1842 1007 1902 τοῖς
1030 1838 1299 1901 ἀπίστοις.
1318 1837 1471 1890 Ἐπεὶ
1498 1838 1579 1889 ὅτι
1610 1836 1922 1905 Πνεῦματος
1947 1852 2076 1904 μετ-

497 1929 647 1997 εῖχεν
676 1927 706 1978 ὁ
733 1925 892 1996 ἀνὴρ,
924 1922 1249 1993 πολλαχόθεν
1274 1922 1449 1992 δῆλον,
1485 1919 1593 1973 ἀπό
1621 1937 1679 1972 τε
1704 1919 1811 1972 τῶν
1833 1919 2075 1988 σημείων

495 2011 606 2064 τῶν
650 2008 747 2063 νῦν
791 2007 1109 2078 γινομένων,
1138 2005 1244 2058 ἀπό
1272 2022 1331 2058 τε
1366 2003 1459 2057 τοῦ
1507 2004 1598 2056 καὶ
1645 2003 1769 2065 τοὺς
1813 2001 2074 2072 τυχόντας

494 2093 619 2147 τότε
649 2090 1085 2164 μεταλαμϐάνειν
1113 2088 1449 2157 Πνεύματος,
1481 2085 1588 2140 ἀπό
1625 2102 1682 2138 τε
1730 2086 1829 2154 τῆς
1858 2084 2070 2138 Παύλου

500 2176 808 2250 μαρτυρίας
840 2169 947 2245 (οὗ
977 2173 1105 2244 7&9,
1136 2172 1323 2242 φησὶν,
1348 2174 1381 2224 ό
1401 2170 1643 2235 ἔπαινος
1671 2169 1739 2222 ἐν
1772 2167 1851 2233 τῷ
1878 2170 2069 2237 Εὐαγ-

496 2261 723 2331 γελίφ),
755 2259 865 2312 ἀπό
908 2274 967 2311 τε
1009 2256 1109 2326 τῆς
1152 2254 1296 2309 κατά
1345 2253 1443 2324 τὴν
1486 2252 1815 2323 χειροτονίαν
1865 2251 2067 2323 ψήφου.

496 2341 683 2409 Είπὼν
718 2341 827 2412 γὰρ
857 2340 1034 2403 τοῦτο,
1061 2338 1282 2406 ἐπάγεν
1313 2334 1491 2391 Ἀλλὰ
1515 2335 1613 2388 καὶ
1640 2335 2070 2405 χειροτονηθείς

495 2424 614 2480 ὑπὸ
652 2422 774 2477 τῶν
817 2420 1207 2488 Ἐκκλησιῶν,
1241 2416 1622 2486 συνέκδημος
1664 2416 1831 2486 ἡμῶν
1877 2418 1947 2471 ἐν
1993 2416 2069 2487 τῇ

492 2508 689 2579 χάριτι
720 2506 905 2574 ταύτῃ
939 2502 1013 2571 τῇ
1044 2500 1482 2573 διακονουμένῃ
1507 2503 1606 2569 ὑφ’
1627 2499 1813 2569 ήμῶν.

563 2588 637 2660 γ’.
663 2589 775 2643 Καὶ
794 2589 897 2659 ὅρα
927 2585 1089 2639 αὐτοί
1108 2586 1168 2638 τὸ
1186 2586 1408 2653 ἄτυφον.
1437 2584 1512 2636 Οὐ
1539 2582 1648 2655 7&9
1673 2583 1842 2651 λέγει,
1872 2581 1947 2636 Τὸ
1968 2582 2067 2654 μὲν

494 2672 711 2743 πρῶτον
754 2668 1105 2738 Εὑαγγέλιον,
1150 2667 1180 2720 δ
1226 2665 1699 2738 εὐηγγελισάμην·
1752 2665 1908 2727 ἀλλὰ,
1958 2667 2068 2719 Τὸν

491 2754 575 2827 [5]
593 2755 711 2823 μὲν
737 2752 971 2821 πρῶτον
995 2753 1181 2820 λόγον
1203 2747 1601 2819 ἐποιησάμην,
1628 2748 1849 2819 μείζονα
1873 2747 2066 2802 ἐαυτοῦ

489 2834 631 2893 εἶναι
701 2838 937 2908 νομίζων
986 2835 1081 2889 τοῦ
1135 2834 1466 2903 Εὐαγγελίου
1515 2832 1613 2904 τὴν
1670 2832 2063 2905 προσηγορίαν.

405 2972 411 2977 .
490 2922 752 2991 Καίτοιγε
786 2923 815 2974 ὁ
856 2917 1172 2978 Ἀπόστολος
1196 2916 1445 2970 ἐντεῦθεν
1468 2914 1631 2969 αὐτὸν
1652 2918 1847 2984 κοσμεί
1869 2914 2064 2983 λέγων·

493 3000 576 3060 Οὗ
598 3007 632 3058 ὁ
653 3004 901 3068 ἔπαινος
920 3001 990 3055 ἐν
1011 3000 1091 3066 τῷ
1111 2999 1472 3069 Εὐαγτελίῳ.
1492 2998 1628 3051 Ἀλλ’
1651 2997 1812 3061 αὐτὸς
1838 2998 2063 3069 μετριά-

488 3086 571 3152 Ca:
597 3087 690 3142 καί
716 3103 880 3160 φησιν
921 3086 1032 3139 Τὸν
1052 3083 1170 3153 μὲν
1200 3083 1436 3160 πρῶτον
1471 3083 1657 3152 λόγον
1685 3081 2066 3152 ἐποιησάμην

486 3171 620 3240 περὶ
661 3170 921 3232 πάντων,
948 3163 996 3223 ὦ
1042 3168 1312 3236 Θεόφιλε,
1344 3159 1430 3219 ὧν
1478 3164 1704 3234 ἤρξατο
1747 3169 1781 3222 ό
1822 3167 2063 3234 Ἰησοῦς

487 3254 680 3309 ποιεῖν
705 3271 771 3307 τε
797 3252 895 3306 καί
928 3249 1239 3305 διδάσκειν
1257 3264 1271 3278 '
1302 3249 1399 3319 οὐχ
1430 3247 1638 3313 ἀπλῶς,
1668 3250 1795 3320 περὶ
1823 3250 2059 3315 πάντων,

485 3338 603 3391 ἀλλ’
636 3336 731 3390 ἀπ’
759 3335 933 3407 ἀρχῆς
984 3334 1147 3403 μέχρι
1194 3331 1400 3394 τέλους.
1452 3333 1616 3403 Ἀχρι
1645 3331 1754 3403 7&9
1794 3333 1892 3402 τῆς
1921 3332 2060 3404 ἡμέ-

484 3440 606 3493 ρας,
622 3421 805 3491 φησὶν,
823 3414 891 3489 ἦς
915 3416 1209 3487 ἀνελήφθη.
1232 3416 1342 3469 Καὶ
1367 3416 1473 3486 μὴν
1500 3417 1752 3487 Ἰωάννης
1768 3415 2058 3481 δείκνυσιν,

484 3507 568 3559 ὅτι
600 3505 700 3557 οὐκ
730 3499 798 3573 ἦν
826 3501 1049 3555 δυνατὸν
1076 3499 1256 3553 πάντα
1294 3500 1523 3569 γράψαι.
1556 3498 1740 3552 Θέλων
1767 3499 1875 3571 7&9
1901 3499 2060 3553 τοῦτο

483 3586 742 3657 δηλῶσαι,
761 3583 1153 3646 είταῦνζἈτινα
1187 3582 1298 3635 ἐὰν
1326 3580 1619 3650 γράφηται
1646 3583 1774 3635 καθ’
1794 3582 1884 3645 ἐν,
1916 3582 2060 3637 οὐδὲ

484 3671 675 3725 αὑτὸν
699 3669 807 3723 τὸν
830 3670 1064 3736 κόσμον
1089 3661 1249 3734 οἶμαι
1272 3663 1558 3734 χωρῆσαι,
1602 3666 1946 3736 προστίθησι,
1983 3667 2060 3721 Τά

487 3753 829 3824 ⁸γραφόμενα
868 3750 1096 3815 βιϐλία.
1144 3749 1269 3812 Πῶς
1314 3744 1429 3815 οὖν,
1472 3747 1624 3817 φησὶ,
1670 3748 1798 3818 περὶ
1843 3749 2059 3803 πάντων

484 3830 641 3898 οὗτος
679 3834 861 3903 λέγεις
922 3832 1063 3888 Ἀλλ’
1089 3832 1190 3886 οὐκ
1232 3827 1353 3885 εἷπε
1373 3874 1387 3896 ,
1431 3832 1652 3894 Πάντα,
1707 3830 1864 3898 ἀλλά,
1913 3832 2056 3900 Περί

485 3917 756 3972 πάντων⁸
784 3917 860 3980 ὡς
885 3914 952 3969 ἂν
980 3916 1122 3969 είποι
1150 3932 1251 3979 τις,
1287 3914 1641 3986 ἀδρομερῶςο
1675 3915 1770 3968 καὶ
1804 3930 2056 3985 παχυμε-

486 4002 625 4073 ρὼςο
650 4000 683 4071 ἢ
711 3999 843 4071 περὶ
874 3998 1091 4053 πάντων
1118 3998 1288 4068 λέγει,
1314 3997 1422 4051 τῶν
1450 3996 1777 4068 συνεχὸντων
1806 3999 1900 4052 καὶ
1924 4014 2056 4051 κατ-

483 4082 832 4151 επειγόντων.
870 4078 1004 4137 Εἶτα
1044 4082 1284 4134 δείκνυσι
1332 4082 1425 4134 καὶ
1467 4079 1659 4133 ποίων.
1687 4076 2055 4134 πάντων.⁷Ων

482 4166 709 4235 ἤρξατο
752 4168 786 4221 ό
840 4165 1079 4233 Ἰησοῦς
1121 4163 1317 4218 ποιεῖν
1354 4180 1417 4216 τε
1462 4163 1563 4216 καί
1610 4161 1938 4229 διδάσκειν,
1984 4163 2055 4217 τά

484 4247 740 4319 θαύματα
765 4248 863 4303 καλ⁵
885 4247 983 4310 τὰς
1002 4246 1345 4308 διδασκαλίας
1372 4245 1757 4315 αίνιττόμενος.
1795 4247 1871 4300 Οὐ
1895 4246 2055 4301 τοῦτο

483 4331 543 4385 δὲ
583 4332 763 4400 μόνον.
793 4331 908 4384 ἀλλ’
941 4331 1021 4383 ὃτι
1064 4330 1161 4383 καὶ
1191 4327 1360 4381 ποιῶν
1401 4327 1847 4402 ἐδίδασκεν.”ορα
1874 4329 1931 4383 δέ
1963 4331 2055 4384 αὺ-

483 4412 580 4466 τοῦ
609 4413 703 4467 καὶ
725 4413 825 4484 τὴν
857 4412 1238 4482 φιλάνθρωπον
1275 4410 1371 4464 κα)⁵
1406 4411 1765 4482 ἀποστολικὴν
1807 4411 2050 4483 γνώμην,

484 4498 535 4549 εί
580 4496 674 4549 καὶ
719 4497 836 4559 ἐνὸς
868 4494 1051 4548 ἕνεκεν
1080 4492 1347 4563 τοσαύτην
1377 4494 1610 4546 ἐποιεῖτο
1642 4494 1946 4565 ἀκρίϐειαν,
1976 4497 2052 4561 ὡς

481 4580 772 4651 ὀλόκληρον
800 4579 1127 4648 Εὐαγγέλιον
1156 4576 1514 4646 γράψαι.Ἵνα
1542 4578 1653 4649 γὰρ
1697 4579 1862 4649 ἔχῃς,
1892 4581 2048 4652 φησι,

483 4664 617 4731 περὶ
656 4659 743 4718 ὧν
791 4662 1135 4733 κατηχήθης
1183 4661 1383 4729 λόγων
1409 4659 1524 4728 τὴν
1554 4661 1910 4731 ἀσφάλειαν.
1942 4666 2052 4719 Καὶ

483 4747 593 4819 7&9
616 4750 815 4819 ἢκουσε
832 4747 925 4800 τοῦ
946 4744 1179 4818 Χριστοῦ
1205 4744 1451 4812 λέγοντος
1470 4758 1483 4771 ο
1523 4748 1644 4800 Οὐκ
1666 4746 1801 4801 ἐστι
1825 4748 2052 4818 θέλημα

482 4830 588 4885 τοῦ
638 4831 863 4900 Πατρός
900 4847 1039 4899 μου,
1084 4830 1186 4884 ἵνα
1228 4828 1521 4894 ἀπόληται
1552 4825 1639 4893 εἷς
1674 4827 1793 4882 τῶν
1822 4834 2051 4902 μικρῶν

483 4913 729 4966 τούτων.
776 4912 887 4965 Καὶ
922 4912 1065 4976 τίνος
1097 4912 1282 4964 ἕνεκεν
1311 4911 1408 4979 οὐχ
1438 4910 1494 4962 ἓν
1528 4912 1729 4981 βιϐλίον
1757 4915 2009 4985 ἐποίησεν
2029 4957 2045 4980 ,

484 4995 565 5047 ἐνὶ
596 4994 673 5064 τῷ
706 4994 945 5065 Θεοφίλῳ
964 4994 1314 5059 ἐπιστέλλων,
1346 4994 1460 5047 ἀλλ’
1482 4996 1561 5057 είς
1592 4996 1684 5049 δύο
1710 4997 1900 5051 διεῖλεν
1918 5000 2050 5054 ὑπο·-

484 5078 696 5144 θέσεις;
744 5078 1045 5147 Σαφηνείας
1080 5078 1287 5141 ένεκεν,
1317 5079 1409 5131 καὶ
1444 5079 1537 5132 τοῦ
1567 5079 1926 5136 διαναπαῦσαι
1957 5085 2048 5139 τὸν

394 5218 400 5231 ι
483 5163 791 5231 ἀκροατήν*
826 5161 1000 5224 ἄλλως
1042 5161 1121 5223 δὲ,
1152 5161 1246 5214 καὶ
1297 5165 1362 5233 τῇ
1423 5163 1674 5217 ὑποθέσει
1724 5165 2048 5237 διῃρημέναι

483 5244 620 5298 εἰσὶν
638 5244 664 5283 ἀ
694 5247 749 5298 αί
783 5248 1171 5315 πραγματεῖαι.
1208 5246 1402 5299 Σκόπει
1430 5247 1485 5299 δὲ
1513 5249 1659 5311 ὅπως
1688 5250 1880 5303 ἐαυτοῦ
1922 5254 2048 5317 τοὺς

481 5327 671 5395 λόγους
712 5329 742 5381 ό
770 5328 1002 5401 Χριστὸς
1032 5328 1119 5382 διὰ
1147 5329 1255 5382 τῶν
1283 5329 1457 5402 ἔργων
1484 5332 1828 5398 ἀξιοπίστους
1851 5336 2043 5389 ἐποίει.

550 5500 581 5530 ⁸
600 5498 733 5567 Ungs
896 5500 1141 5567 λαμβάνει.
1175 5504 1263 5567 Δια
1286 5502 1429 5567 τοῦτο
1446 5503 1616 5567 ῌπολλά
1642 5504 1849 5567 Διιαὶνάπὸ
1889 5504 2044 5567 ὅψεως

614 5562 727 5624 δρεῖν
759 5563 979 5625 ἐπέτρεπε
1017 5564 1186 5624 λέγων,
1213 5566 1304 5612 Καὶ
1335 5564 1504 5626 Ὑμεῖς.
1573 5565 1601 5603 b
1633 5565 1780 5613 Savil.
1826 5572 1878 5613 et
1918 5562 2044 5616 linus

614 5622 663 5670 ἐν
693 5625 762 5670 τῶ
782 5623 1052 5672 Εὐαγγελίω
1080 5626 1189 5672 τότε
1211 5626 1377 5672 ἔλεγεν.
1451 5629 1474 5657 ο
1518 5625 1832 5672 Ἃδοοιιεοῶι.
1856 5627 2043 5672 confer-

478 5628 585 5671 cod.
614 5628 663 5670 ἐν
693 5628 762 5683 τῷ
782 5628 1052 5686 Εὐαγγελίῳ
1080 5628 1189 5673 τότε
1211 5628 1377 5686 ἔλεγεν.
1451 5629 1474 5657 ο
1518 5628 1833 5688 Ἃδρομερῶς.
1856 5628 2043 5686 confer-

478 5681 583 5741 tim,
605 5683 895 5733 summatim.
927 5687 1041 5734 Haec
1063 5699 1152 5734 \mx
1171 5687 1302 5747 ‘apud
1323 5687 1715 5747 Chrysostnmum
1740 5701 1863 5747 cara,
1890 5688 2042 5738 habe-

480 5751 561 5792 wr
581 5746 895 5812 etigp‘sqpra
916 5753 1032 5795 tom.
1058 5745 1228 5812 VI,_iIi_
1244 5745 1447 5810 prologi)
1470 5750 1528 5812 ad
1551 5745 1795 5812 Synopsin
1818 5747 2041 5809 Scriptu—

477 5818 567 5862 m.
591 5820 638 5868 p.
660 5805 770 5873 τισί
793 5805 1041 5873 Non_ergo
1061 5821 1120 5873 οι
1148 5805 1290 5873 [luitis
1312 5805 1442 5873 voéis
1461 5805 1848 5873 chapogingﬁimu
1863 5805 2040 5868 νοθείας

476 5869 726 5932 sententia
749 5868 947 5932 ferrgnda
972 5868 1051 5932 εει
1071 5871 1121 5919 in
1150 5868 1408 5932 Sy‘nopsim
1429 5868 1589 5922 illam.
1647 5872 1677 5909 ἀ
1700 5870 1872 5921 Morel.
1902 5875 2037 5925 solus

473 5936 587 5992 post
608 5930 725 5979 εἰσίν
746 5928 879 5983 addit
906 5932 969 5987 εἰς
988 5931 1087 5980 δύο.

2136 443 2146 453 -
2181 420 2318 490 Περὶ
2359 421 2668 492 πραότητος
2714 422 2969 494 παρῄνει,
3016 422 3112 477 καὶ
3155 420 3310 488 ἔλεγε
3333 436 3350 453 '
3395 421 3619 476 Μάθετε
3657 424 3757 479 ἀπ’

2179 502 2346 570 ἐμοῦ,
2369 503 2458 557 ὅτι
2489 502 2677 571 πρᾶός
2702 507 2817 573 ειμι
2838 504 2936 559 καί
2960 504 3245 571 ταπεινὸς
3271 502 3345 572 τῇ
3375 503 3600 573 καρδίᾳ.
3621 506 3758 560 Ἐδί-

2183 584 2381 638 δασκεν
2438 586 2754 657 ἀκτήμονας
2803 585 2963 652 εἶναι,
3007 589 3103 643 καὶ
3138 588 3294 641 τοῦτο
3337 588 3644 642 ἐδείκνυτοο
3672 591 3761 645 διά

2183 667 2291 722 τῶν
2320 667 2497 739 ἔργων
2517 684 2530 699 ·
2569 669 2633 723 '0
2670 670 2779 743 7&9
2819 674 2951 739 Υἱὸς
2987 672 3089 726 τοῦ
3123 670 3438 740 ἀνθρώπου
3468 675 3579 727 οὐκ
3612 673 3759 742 ἔχει,

2183 749 2302 804 ποῦ
2323 749 2439 818 τὴν
2464 751 2743 820 κεφαλὴν
2763 756 2966 822 κλίνη,
2992 756 3146 826 φησί.
3170 755 3339 809 Πάλιν
3364 755 3614 809 ἐκέλευσε
3635 759 3760 821 τοὺς

2183 832 2413 905 ἐχθροὺς
2442 835 2684 907 ἀγαπᾷν.
2702 832 2937 905 Ἐδίδαξε
2968 839 3126 893 τοῦτο
3159 838 3254 891 ἐπὶ
3284 837 3380 891 τοῦ
3410 838 3642 909 σταυροῦ
3665 840 3759 893 εὐ-

2184 917 2412 987 χόμενος
2456 917 2598 990 ὑπὲρ
2632 919 2741 972 τῶν
2779 919 3497 993 σταυρούντων.Ἕλεγε,Τῷ
3522 921 3760 975 θέλοντί

2181 1015 2282 1054 σοι
2327 1000 2620 1071 κριθῆναι.
2647 1003 2747 1056 καί
2792 1004 2904 1058 τὸν
2935 1004 3158 1076 χιτῶνά
3192 1020 3311 1059 σου
3353 1006 3582 1071 λαϐεῖν,
3610 1007 3761 1075 ἄφες

2179 1082 2341 1149 αὐτῷ
2383 1084 2482 1139 καί
2521 1086 2588 1140 τὸ
2616 1086 2944 1156 ίμάτιον.⁹0
2991 1089 3050 1143 δέ
3093 1090 3214 1160 οὐχὶ
3245 1088 3315 1142 τά
3348 1089 3539 1159 ἱμάτια
3574 1090 3756 1160 μόνον.

2180 1168 2318 1222 ἀλλά
2348 1171 2445 1223 καὶ
2482 1170 2544 1224 τὸ
2576 1167 2716 1242 αἷμα
2744 1171 2963 1228 ἔδωκεν.
2991 1173 3147 1227 Οὕτω
3192 1171 3287 1226 καὶ
3331 1175 3442 1235 τοῖς
3488 1173 3758 1245 μαθηταῖς

2179 1251 2430 1306 ἐκέλευσε
2448 1257 2639 1309 ποιεῖν.
2655 1255 2745 1309 Διὸ
2760 1256 2854 1310 καὶ
2876 1259 2904 1310 ό
2925 1257 3134 1320 Παῦλος
3152 1256 3304 1324 ἔλεγε
3324 1272 3339 1287 ·
3362 1256 3571 1321 Καθὼς
3589 1258 3758 1327 ἔχετε

2176 1336 2373 1391 τύπον
2411 1337 2590 1406 ἡμᾶς.
2614 1337 2780 1392 Οὐδὲν
2823 1337 2932 1411 7&9
2973 1338 3291 1394 διδασκάλου
3315 1339 3666 1412 ψυχρότερον,
3698 1342 3758 1395 ἐν

2177 1418 2356 1487 λόγοις
2375 1420 2792 1489 φιλοσοφοῦντος
2817 1424 2997 1492 μόνον.
3017 1421 3186 1475 Τοῦτο
3202 1422 3310 1492 γὰρ
3326 1423 3386 1476 οὐ
3409 1423 3752 1486 διδασκάλου,

2176 1502 2292 1558 ἀλλ’
2319 1503 2638 1575 ὑποκριτοῦ.
2665 1505 2764 1559 Διά
2789 1505 2950 1560 τοῦτο
2969 1507 3018 1559 οἱ
3042 1506 3328 1561 ἀπόστολοι
3354 1507 3617 1579 πρότερον
3646 1507 3756 1561 ἀπὸ

2174 1584 2269 1639 τοῦ
2326 1585 2441 1655 βίου
2489 1588 2789 1653 ἐδίδασκον,
2818 1589 2912 1643 καὶ
2960 1590 3082 1642 τότε
3134 1590 3245 1643 ἀπὸ
3288 1590 3398 1643 τῶν
3448 1592 3712 1661 ῥημάτων
3734 1607 3749 1623 ο

2178 1668 2381 1739 μᾶλλον
2401 1669 2457 1722 δέ
2480 1670 2600 1723 οὐδὲ
2620 1670 2725 1724 ἔδει
2754 1673 3014 1743 ῥημάτων
3037 1673 3238 1736 αὐτοῖς,
3259 1671 3368 1725 τῶν
3386 1671 3562 1742 ἔργων
3588 1672 3753 1741 βοών-

2173 1768 2302 1806 των.
2322 1754 2437 1806 Οὐκ
2457 1753 2525 1807 ἂν
2540 1753 2597 1806 δέ
2616 1771 2697 1818 τις
2721 1756 2957 1826 ἁμάρτοι
2979 1756 3150 1810 καὶτὸ
3172 1757 3343 1820 πάθος
3366 1756 3531 1811 αὐτοῦ
3550 1757 3752 1828 πρᾶξιν

2174 1835 2409 1899 καλέσας
2428 1851 2443 1866 ⁶
2478 1836 2536 1889 ἐν
2557 1836 2637 1907 τῷ
2661 1839 2771 1908 7&9
2796 1838 2984 1892 παθεῖν
3010 1840 3234 1911 ἐποίησε
3253 1839 3315 1892 τὸ
3339 1839 3482 1910 μέγα
3504 1841 3597 1895 καὶ
3620 1841 3751 1893 θαυ-

2178 1918 2381 1987 μαστὸν
2400 1917 2560 1988 ἔργον
2586 1921 2781 1983 ἐκεῖνο,
2810 1921 2902 1975 τὸν
2936 1922 3167 1977 θάνατον
3194 1923 3526 1987 καταλύσας,
3558 1923 3655 1975 καὶ
3681 1924 3753 1977 τά

2171 1999 2308 2055 ἄλλα
2336 2000 2514 2054 πάντα
2536 2004 2929 2073 ἐργασάμενος.
2948 2007 3119 2073 Ἀχρι
3136 2000 3209 2076 ἧς
3231 2005 3455 2075 ἡμέρας
3476 2006 3748 2059 ἐντειλά-

2169 2100 2354 2150 μενος
2374 2083 2499 2148 τοῖς
2531 2086 2896 2154 ἀποστόλοις
2918 2086 3016 2142 διὰ
3049 2090 3390 2158 Πνεύματος
3421 2090 3614 2158 ἁγίου,
3644 2089 3750 2154 οὓς

2174 2163 2253 2237 [6]
2294 2165 2637 2231 ἐξελέξατο,
2684 2168 3015 2238 ἀνελήφθη.
3060 2170 3162 2224 Διὰ
3203 2171 3547 2240 Πνεύματος
3572 2171 3752 2225 ἐντει-

2170 2247 2452 2316 λάμενος,
2486 2250 2753 2316 τουτέστι,
2788 2253 3144 2318 Πνευματικὰ
3184 2255 3319 2324 πρὸς
3348 2254 3546 2318 αὐτοὺς
3575 2254 3749 2307 εἰπὼν

2172 2332 2240 2403 ρή
2249 2349 2413 2401 ματα,
2438 2333 2586 2387 οὐδὲν
2602 2333 2698 2388 ἀνθ
2707 2334 2957 2405 ρώπινον.
2968 2338 3037 2389 Ἢ
3051 2336 3208 2390 τοῦτο
3225 2333 3318 2391 οὖν
3335 2337 3479 2391 ἐστιν
3500 2340 3695 2406 εἰπεῖν,
3712 2338 3744 2410 ἢ

2168 2415 2251 2468 ὅτι
2277 2415 2365 2469 διά
2394 2416 2708 2487 Πνεύματος
2737 2419 2919 2484 αὐτοῖς
2942 2420 3263 2474 ἐνετείλατο.
3301 2421 3484 2491 Ὁρᾷς,
3504 2420 3624 2484 πῶς
3648 2440 3745 2475 τα-

2169 2499 2369 2563 πεινῶς
2399 2499 2485 2553 ἐτι
2508 2500 2812 2570 διαλέγεται
2840 2504 2967 2574 περὶ
2995 2504 3181 2570 αὑτοῦ,
3208 2503 3282 2568 ὡς
3305 2505 3401 2558 καὶ
3424 2503 3590 2567 αὐτὸς
3615 2504 3747 2575 περὶ

2167 2582 2389 2647 ἐαυτοῦ,
2420 2583 2617 2654 λέγων·
2646 2587 2715 2639 El
2757 2585 2828 2640 δὲ
2870 2585 2987 2653 ἐγὼ
3021 2586 3091 2640 ἐν
3131 2588 3429 2657 Πνεύματι
3466 2586 3616 2640 Θεοῦ
3647 2587 3744 2641 ἐκ·

2170 2664 2375 2720 ϐάλλω
2402 2666 2474 2721 τὰ
2520 2666 2828 2736 δαιμόνια,
2864 2670 2976 2722 Καὶ
3015 2669 3125 2743 γὰρ
3172 2669 3267 2724 καὶ
3313 2669 3373 2722 τὸ
3428 2670 3658 2740 Πνεῦμα
3686 2670 3746 2725 τὸ

2167 2748 2324 2816 ἅγιον
2355 2749 2578 2821 ἐνήργει
2610 2752 2669 2803 ἐν
2697 2752 2890 2823 ἐκείνῳ
2915 2751 2995 2823 τῷ
3019 2753 3154 2825 ναῷ.
3193 2753 3259 2806 Τί
3287 2753 3375 2807 δαὶ.
3401 2752 3742 2820 ἐνετείλατος

2165 2831 2564 2899 Πορευθέντες
2593 2835 3001 2900 μαθητεύσατε
3021 2834 3216 2890 πάντα
3239 2835 3313 2889 τὰ
3338 2836 3506 2905 ἔθνη,
3523 2837 3745 2901 ,βαπτί-

2166 2912 2365 2982 ζοντες
2386 2915 2609 2983 αὐτοὺς
2631 2919 2718 2983 είς
2745 2917 2812 2971 τὸ
2848 2918 3037 2987 ὄνομα
3060 2920 3168 2974 τοῦ
3197 2920 3449 2987 Πατρός,
3491 2920 3590 2974 καί
3633 2920 3743 2976 τοῦ

2174 2997 2333 3064 Υίοῦ,
2392 2998 2493 3052 καί
2550 3000 2658 3054 τοῦ
2713 3001 2887 3069 ἁγίου
2929 3004 3297 3071 Πνεύματος,
3349 3001 3741 3071 διδάσκοντες

2163 3081 2386 3149 αὐτοὺς
2442 3083 2643 3149 τηρεῖν
2692 3084 2909 3147 πάντα.
2971 3085 3090 3140 ὅσα
3136 3085 3525 3155 ἐνετειλάμην
3572 3087 3738 3156 ὑμῖν.

2162 3164 2321 3232 Μέγα
2344 3166 2453 3218 τῶν
2473 3165 2784 3220 ἀποστόλων
2804 3168 2865 3221 τὸ
2887 3168 3180 3239 ἐγκώμιον,
3208 3169 3335 3222 ὅταν
3356 3169 3578 3224 τοιαῦτα
3601 3164 3741 3225 ὦσιν

2162 3246 2652 3319 ἐγκεχειρισμένοιι
2678 3250 2776 3320 τῆς
2795 3250 3120 3322 οἰκουμένης
3141 3250 3286 3320 λέγω
3306 3251 3405 3321 τὴν
3437 3253 3737 3324 σωτηρίανο

2162 3327 2289 3383 ὅταν
2319 3331 2540 3402 ῥήματα
2578 3330 2676 3385 τοῦ
2721 3333 3039 3404 Πνεύματος
3069 3334 3326 3405 γέμοντα⁶
3353 3334 3382 3387 ὃ
3409 3333 3472 3404 δή
3508 3352 3610 3387 που
3641 3336 3738 3390 καὶ

2162 3413 2535 3484 αἰνιττόμενος
2562 3409 2715 3469 εἶπεν
2740 3416 2820 3478 τὸ.
2851 3417 2954 3470 Διὰ
2981 3420 3329 3487 Πνεύματος
3361 3418 3553 3487 άγίουο
3585 3436 3737 3473 τουτ-

2161 3496 2297 3560 έστι,
2328 3498 2438 3552 Καὶ
2460 3499 2529 3552 τὰ
2556 3501 2798 3571 ῥήματα,
2829 3500 2866 3554 ἃ
2897 3501 3134 3572 ἐλάλησα
3163 3503 3311 3573 ὑμῖν,
3342 3500 3567 3573 Πνεῦμά
3593 3503 3731 3557 ἐστι.

2159 3577 2329 3633 Τοῦτο
2372 3579 2431 3633 δέ
2458 3598 2614 3652 φησι,
2648 3582 2742 3636 τὸν
2768 3584 3042 3656 ἀκροατὴν
3087 3585 3169 3647 είς
3221 3583 3515 3653 ἐπιθυμίαν
3546 3583 3734 3640 λοιπὸν

2158 3660 2307 3729 ἄγων
2340 3662 2434 3717 τοῦ
2463 3664 2655 3735 μαθεῖν
2683 3665 2784 3727 τάς
2814 3665 3054 3732 ἐντολὰς,
3086 3666 3178 3719 καὶ
3219 3666 3563 3732 ἀξιοπίστους
3602 3668 3733 3733 τοὺς

2157 3743 2489 3810 ἀποστόλους
2515 3747 2703 3813 ποιῶν,
2730 3748 2783 3802 εί
2814 3766 2878 3817 γε
2909 3748 2977 3803 τά
2996 3749 3098 3803 τοῦ
3127 3748 3439 3820 Πνεύματος
3476 3750 3733 3821 μέλλουσι

2156 3825 2357 3895 λέγειν,
2383 3830 2476 3882 καὶ
2500 3830 2598 3891 τὰς
2622 3830 2713 3883 τοῦ
2734 3831 2971 3902 Χριστοῦ
3001 3831 3242 3896 ἐντολάς.
3281 3832 3730 3902 Ἐντειλάμενος

2154 3904 2268 3976 οὖν,
2294 3911 2476 3981 φησὶν.
2525 3911 2861 3985 ἀνελήφθη.
2911 3914 3025 3967 Οὐκ
3070 3911 3244 3977 εἶπεν,
3281 3915 3497 3987 Ἀνέϐη,
3538 3917 3728 3987 ἐπειδὴ

2154 3990 2235 4044 ἔτι
2268 3992 2344 4056 ὼς
2372 3993 2500 4065 περὶ
2537 3994 2825 4068 ἀνθρώπου
2867 3995 3195 4066 διαλέγεται.
3227 3999 3370 4069 ’Δρα
3396 4000 3488 4052 καὶ
3524 4000 3663 4069 μετά
3700 3999 3724 4039 ί

2152 4073 2252 4145 τὴν
2280 4075 2574 4131 ἀνάστασιν
2602 4077 2848 4132 ἐδίδασκε
2876 4080 3004 4142 τοὺς
3034 4079 3300 4150 μαθητάς·
3328 4080 3465 4135 ἀλλά
3487 4082 3579 4134 τὸν
3603 4084 3729 4154 χρό-

2153 4174 2242 4211 νον
2260 4157 2448 4213 τοῦτον
2473 4160 2649 4224 οὐδεὶς
2667 4156 2819 4215 εἶπεν
2839 4163 2972 4233 ἡμῖν
2999 4163 3139 4233 μετά
3166 4162 3452 4233 ἀκριϐείας
3484 4165 3721 4221 ἅπαντα.

2165 4239 2302 4294 Ἀλλ’
2340 4242 2645 4314 ἐγχρονίζει
2695 4244 2795 4315 μέν
2839 4244 2987 4315 αὑτῷ
3018 4248 3047 4300 ό
3098 4247 3352 4318 Ἰωάννης
3400 4247 3508 4300 τῶν
3547 4247 3726 4303 ἄλλων

2156 4324 2376 4395 μᾶλλον,
2400 4328 2495 4381 καὶ
2516 4320 2690 4392 οὗτος·
2718 4330 2896 4383 πάντα
2923 4328 2980 4384 δέ
3010 4330 3196 4398 σαφῶς
3224 4330 3399 4395 οὐδεὶς
3422 4332 3724 4402 ἀπήγγειλε

2153 4409 2311 4481 (πρὸς
2357 4411 2464 4479 γὰρ
2517 4410 2704 4480 ἕτερον
2751 4412 3089 4483 ἠπείγοντογ
3125 4413 3403 4484 ἐμάθομεν
3438 4413 3494 4467 δὲ
3545 4414 3725 4468 ταῦτα

2149 4491 2237 4546 διά
2272 4492 2380 4547 τῶν
2413 4493 2746 4548 ἀποστόλωνο
2788 4493 2826 4548 ἀ
2859 4494 2968 4565 γὰρ
3000 4496 3237 4565 ἥκουσαν
3270 4497 3362 4550 καὶ
3385 4490 3538 4549 εἶπον
3564 4514 3579 4527 ο
3616 4492 3724 4565 Οἷς

2150 4574 2247 4628 καί
2288 4575 2672 4644 παρέστησεν
2718 4576 2937 4632 ἑαυτὸν
2965 4576 3169 4638 ζῶντα.
3225 4577 3409 4632 Εἰπὼν
3453 4579 3582 4650 περὶ
3616 4579 3721 4650 τῆς

2149 4656 2466 4727 ἀναλήψεως
2485 4659 2769 4731 πρότερον,
2792 4660 2940 4729 λέγει
2965 4662 3058 4713 καὶ
3084 4677 3152 4714 πε
3162 4661 3214 4730 91
3228 4661 3324 4732 τῆς
3344 4661 3717 4726 ἀναστάσεως.

2163 4740 2377 4811 Ἐπειδὴ
2421 4740 2531 4812 γὰρ
2570 4738 2743 4804 εἶπεν,
2777 4744 2859 4796 ὅτι
2891 4742 3239 4812 Ἀνελήφθη,
3269 4743 3355 4797 ἴνα
3389 4742 3464 4815 μὴ
3490 4744 3720 4815 νομίσῃς

2151 4824 2240 4893 ὑφ’
2274 4824 2476 4894 ἐτέρων
2524 4824 2687 4878 αὑτὸν
2733 4826 3074 4897 ἀνειλῆφθαι,
3133 4828 3428 4896 ἐπήγαγεν·
3472 4820 3571 4892 Οἷς
3615 4826 3719 4880 καὶ

2150 4906 2534 4974 παρέστησεν
2574 4907 2792 4961 ἑαυτὸν
2828 4907 3028 4969 ζῶντα.
3060 4911 3124 4963 Et
3163 4909 3274 4979 7&9
3303 4911 3361 4963 ἐν
3389 4909 3467 4980 τῷ
3508 4909 3719 4980 μείζονι

2149 4989 2336 5041 ἐαυτὸν
2366 4990 2695 5061 παρέστησε,
2732 4990 2909 5062 πολλῷ
2938 4991 3135 5062 μᾶλλον
3162 4994 3221 5047 ἐν
3241 4992 3321 5064 τῷ
3343 4993 3603 5048 ἐλάττονι.

2215 5071 2278 5125 δ’.
2303 5068 2476 5139 Εἶδες,
2501 5072 2619 5137 πῶς
2638 5073 3005 5140 λανθανόντως
3028 5075 3393 5148 παρασπείρει
3411 5076 3479 5129 τὰ
3503 5075 3717 5147 μεγάλα

2146 5156 2302 5209 ταυτὶ
2333 5154 2609 5227 δόγματα;
2659 5158 2741 5210 Δι’
2770 5156 3002 5226 ἡμερῶν
3026 5159 3485 5227 τεσσαράκοντα
3528 5161 3712 5214 ὀπτα-

2145 5239 2398 5308 νόμενος
2442 5239 2665 5305 αὐτοῖς.
2720 5240 2796 5293 Οὐ
2826 5241 2935 5312 γὰρ
2969 5240 3157 5312 ὥσπερ
3191 5242 3298 5313 πρὸ
3340 5244 3439 5314 τῆς
3473 5244 3713 5299 ἀναστά-

2148 5339 2285 5385 σεως
2324 5323 2410 5375 ἀεὶ
2445 5322 2563 5393 μετ’
2592 5322 2771 5377 αὐτῶν
2805 5318 2895 5395 ἦν,
2940 5324 3081 5378 οὕτω
3111 5326 3206 5379 καὶ
3236 5325 3378 5378 τότε.
3404 5326 3545 5396 Ὅρα
3578 5327 3705 5397 γάρ.

2146 5406 2261 5460 Οὐκ
2312 5402 2433 5459 εἷπε
2469 5408 2515 5470 ε,
2546 5408 2965 5479 Τεσσαράκοντα
3010 5409 3247 5481 ἡμέρας,
3279 5409 3436 5473 ἀλλὰ,
3466 5410 3546 5463 Δι’
3574 5411 3711 5478 ἠμε-

2136 5488 2263 5558 ρῶν
2291 5489 2759 5557 τεσσαράκοντα.
2796 5491 3080 5561 Ἐφίστατο
3108 5493 3235 5565 γάρ,
3263 5493 3356 5546 καὶ
3384 5492 3651 5562 ἀφίπτατο
3676 5495 3706 5532 ιι

2143 5572 2325 5625 πάλιν.
2357 5572 2423 5625 Τί
2450 5571 2685 5643 δήποτε;
2729 5574 2969 5642 Ἀνάγων
2996 5574 3174 5627 αὐτῶν
3199 5575 3298 5638 τὰς
3324 5574 3582 5640 διανοίας,
3610 5575 3705 5629 καὶ

2140 5658 2239 5710 οὐκ
2259 5656 2340 5713 ἔτι
2368 5655 2665 5727 συγχωρῶν
2690 5657 2890 5727 ὁμοίως
2913 5657 3048 5728 πρὸς
3073 5658 3236 5713 αὑτὸν
3266 5658 3568 5713 διακεῖσθαι
3593 5658 3703 5711 ὥσ-

2132 5824 2138 5829 ·
2202 5812 2422 5880 °_Um_)s_
2438 5813 2706 5880 ωδεχ-καὶ
2727 5814 3046 5880 ὑπεδείκνυτο.
3117 5814 3135 5854 f
3167 5815 3299 5880 Idem
3331 5818 3599 5880 codex§9a
3616 5816 3699 5880 gul

2138 5875 2272 5942 μετά.
2335 5876 2540 5942 8__Savjl.
2563 5877 2689 5923 οὕτω
2711 5877 2936 5942 καὶ-τᾲτε.
2965 5878 3037 5925 Οὐ
3071 5879 3158 5942 γὰρ
3186 5879 3303 5929 εἷπε.
3350 5880 3377 5919 ll
3402 5875 3552 5932 Savil.
3608 5878 3701 5941 ir

2123 5935 2321 6009 ⁸ίστατο.
2349 5937 2519 5988 Morel.
2555 5944 2609 5987 et.
2640 5950 2755 5987 mss.
2778 5938 3029 6000 inpiatum.
