4024 6550
179 626 246 682 iis
267 617 400 692 ipsis
425 611 516 685 qui
545 605 797 663 viderunt
828 603 1116 654 narratur;
1170 581 1299 639 illud
1327 593 1456 635 vero
1504 587 1756 643 arrogan-

935 686 969 692 “
1071 690 1077 692 Α
1239 676 1251 692 ·
1279 675 1290 686 ·
1311 671 1590 692 κ-ε-ε---Αη
1644 663 1756 692 IAM

183 663 351 774 tiani”
338 720 394 766 et
421 663 620 762 fastum
651 710 763 769 prie
788 707 848 747 se
878 686 1088 744 tulisset
1115 676 1254 750 apud
1279 671 1612 742 insipientes.
1644 663 1766 718 Ideo

707 808 724 844 :
753 785 862 856 Ego
887 779 1012 844 vidi,
1037 783 1085 829 et
1125 764 1466 826 testimonium
1513 753 1765 830 perhibui,

185 843 824 968 ZEi'ii-‘S..Té.ii..p.:
845 872 1022 944 (Joan.
1049 867 1099 922 ι.
1129 860 1244 933 54).
1263 855 1509 913 Christus
1537 861 1666 903 vero
1690 843 1770 899 sic

923 962 955 968 “
1265 964 1334 968 μμ
1366 965 1378 968 -
1417 941 1564 968 θυι-ιι
1589 938 1770 968 ..λ-..ρ

183 938 862 1059 ἔῦζίιιῖἰὶιιῖΝ-ἱοοὰθωιιῐῆ
875 962 1047 1018 adhuc
1067 954 1339 1011 rudiorem
1366 965 1380 1000 :
1414 941 1564 1012 Quod
1587 938 1771 993 scimus

185 1029 464 1154 loquimur,
502 1083 549 1127 et
593 1065 728 1139 quod
776 1059 993 1114 vidimus
1039 1057 1302 1109 testamur,
1345 1047 1391 1094 et
1436 1029 1773 1089 testimonium

1011 1144 1041 1154 _
1244 1136 1308 1154 .-
1354 1139 1566 1154 _............
1594 1134 1773 1154 nam..-

183 1134 418 1230 nostrum
453 1134 616 1218 nemo
649 1154 834 1223 accipit
868 1147 977 1216 (Id.
1011 1144 1065 1198 ὅ.
1091 1137 1204 1208 ll).
1235 1136 1310 1189 Ac
1354 1139 1568 1184 rursum
1594 1134 1775 1176 osseu-

184 1210 418 1230 ..υ........
762 1210 772 1223 ,
876 1210 883 1216 ,

183 1269 320 1323 dens
367 1260 538 1316 multa
568 1269 631 1307 ex
673 1245 954 1303 oculorum
1003 1226 1312 1288 testimonio
1341 1219 1466 1280 dici,
1500 1210 1777 1283 discipulis

186 1358 432 1416 dicebat:
458 1348 526 1403 Et
544 1362 627 1400 vos
649 1330 984 1405 testiﬁcamiui
1008 1327 1069 1380 de
1085 1338 1183 1386 me,
1203 1318 1322 1388 quia
1338 1312 1398 1366 ab
1419 1308 1564 1364 initio
1584 1315 1778 1357 mecum

599 1436 714 1506 ‘27).
752 1400 988 1499 Apostoli
1032 1428 1242 1490 quoque
1286 1421 1429 1476 saepe
1456 1404 1524 1456 ita
1556 1400 1780 1467 loquun-

1471 1493 1598 1516 J-Jro
1653 1489 1780 1516 nn...

193 1489 310 1509 ω’·-
337 1489 450 1516 tn"
488 1489 570 1496 -ν-
611 1489 632 1490 ί
673 1489 687 1506 1
803 1489 814 1499 .
1053 1489 1057 1490 ,

193 1557 312 1601 tur:
346 1541 518 1595 Testes
547 1548 638 1586 nos
666 1538 712 1581 et
740 1521 963 1593 Spiritus
1008 1518 1240 1569 sanctus,
1281 1516 1427 1572 quem
1463 1493 1599 1547 dedit
1647 1489 1780 1541 Deus

193 1633 513 1694 credentibus
536 1629 589 1679 in
625 1639 678 1676 se
705 1587 841 1690 (Act.
869 1613 925 1667 2.
953 1605 1066 1678 ὃὲ).
1111 1602 1300 1657 Postea
1330 1605 1456 1646 vero
1481 1588 1692 1643 Petrus,
1726 1587 1784 1632 ut

194 1719 582 1787 resurrectioni
616 1712 776 1768 [idem
818 1704 1000 1762 faciat,
1026 1675 1156 1750 dicit
1185 1707 1198 1744 :
1233 1687 1333 1752 Qui
1374 1675 1784 1735 manducavimus

192 1767 638 1877 Ziiiiiil'iim
673 1804 764 1856 illo
797 1795 958 1868 (Ibid.
987 1789 1075 1844 io.
1118 1782 1235 1852 si).
1266 1773 1496 1832 Facilius
1523 1767 1667 1823 enim
1695 1777 1786 1818 eo-

195 1929 321 1972 rum
361 1900 730 1964 testimonium
772 1883 1164 1944 admittebant,
1204 1871 1293 1943 qui
1331 1862 1526 1922 versati
1581 1858 1789 1912 fuerant

1621 1948 1758 1972 ..λε-ε

359 1948 475 2063 illo,
508 1948 854 2067 quod—adhuc
883 1982 1041 2047 longe
1068 1973 1319 2026 abessent
1348 1977 1378 2015 a
1406 1956 1594 2013 notitia
1621 1948 1790 2019 Spiri-

197 2039 326 2064 tuul
360 2039 475 2063 ιιιν.
508 2039 650 2067 ειν-ν..
679 2039 742 2044 ..κ
977 2039 1004 2047 ν

197 2115 311 2159 tus.
333 2089 697 2165 Quamobrem
726 2079 961 2136 Joannes
987 2070 1040 2123 in
1078 2056 1365 2129 Evangelio
1390 2048 1602 2107 dicebat
1628 2057 1686 2098 se
1714 2039 1792 2092 vi-

1049 2161 1061 2165 ‘
1339 2144 1591 2165 «un-um
1641 2132 1790 2165 παρις-

1208 466 1274 523 IN
1312 461 1491 520 ACTA
1533 447 2033 513 APOSTOLORUM
2073 442 2302 501 HOMlL.
2338 439 2381 494 l.

1870 561 2182 620 conciliarit.
2225 555 2306 613 Ad
2352 549 2810 611 mansuetudinem
2849 542 3156 600 hortabatur
3179 582 3194 608 ,
3231 539 3448 595 dicens:

1868 653 2062 709 Discite
2080 669 2111 705 a
2127 667 2225 714 me,
2239 648 2357 719 quia
2378 646 2510 700 mitis
2539 659 2650 698 sum
2675 651 2722 695 et
2747 638 2950 693 humilis
2970 635 3120 690 corde
3142 631 3451 699 (Matthdi.

1869 743 1986 815 29).
2015 740 2247 799 Docebat
2268 744 2652 808 paupertatem,
2678 740 2732 786 et
2754 729 2898 784 illam
2925 742 3017 797 per
3042 739 3208 796 Opera
3229 721 3453 778 exhibe-

1872 838 1962 893 bat
1985 854 2000 889 :
2033 850 2154 890 nam
2188 831 2356 886 Filius
2381 827 2596 882 hominis
2623 842 2724 879 non
2746 823 2890 876 habet
2920 819 3002 874 ubi
3023 826 3174 888 caput
3198 831 3345 870 suum
3373 831 3457 868 re-

1873 930 2024 984 clinet
2054 924 2177 995 (1d.
2206 924 2260 980 8.
2285 922 2395 990 20)
2422 961 2436 984 ,
2467 920 2650 988 inquit.
2684 914 2908 970 Jubebat
2957 925 3166 966 rursum
3211 905 3458 962 inimicos

1875 1021 2117 1089 diligere.
2152 1015 2265 1072 Hoc
2295 1015 2346 1068 in
2378 1026 2536 1066 cruce
2555 1009 2734 1063 docuit
2758 1021 2878 1060 cum
2906 1018 3000 1073 pro
3027 997 3460 1070 cruciﬁgentibus

1879 1119 2125 1182 precatus
2153 1114 2253 1161 est.
2287 1103 2525 1163 Dicebat,
2561 1097 2761 1152 Valenti
2787 1105 2946 1149 tecum
2969 1093 3020 1145 in
3043 1088 3233 1159 iudicio
3253 1097 3463 1142 conten.

1879 1205 1997 1257 dere
2023 1210 2068 1255 et
2096 1198 2316 1252 tunicam
2345 1206 2482 1248 tuam
2508 1190 2702 1252 tollere,
2727 1187 2920 1240 dimitte
2945 1183 2990 1238 ei
3011 1193 3055 1236 et
3084 1180 3292 1250 pallium
3321 1178 3340 1248 (
3371 1176 3460 1230 Id.

1879 1301 1932 1354 5.
1963 1296 2068 1363 40)
2097 1311 2110 1347 :
2145 1294 2258 1360 ipse
2283 1303 2412 1342 vero
2442 1299 2546 1339 non
2578 1283 2748 1336 solum
2783 1279 3128 1335 vestimenta,
3168 1269 3262 1325 sed
3301 1271 3460 1324 etiam

1883 1389 2190 1457 sanguinem
2220 1397 2371 1435 suum
2403 1377 2567 1432 dedit.
2603 1374 2691 1428 Sic
2721 1371 2879 1426 etiam
2907 1364 3196 1436 discipulos
3225 1377 3352 1417 suos
3381 1361 3462 1412 fa-

1883 1451 2005 1536 cere
2026 1479 2202 1550 jussit.
2235 1478 2566 1543 Quapropter
2597 1465 2800 1520 dicebat
2844 1460 3035 1515 Paulus
3067 1475 3080 1510 :
3109 1455 3253 1510 Sicut
3276 1451 3466 1504 habetis

1887 1542 2101 1644 formam
2129 1542 2350 1622 nostram
2379 1561 2636 1632 (Philipp.
2669 1558 2721 1611 5.
2747 1552 2857 1626 l7).
2890 1548 3030 1605 Nihil
3057 1547 3198 1601 enim
3227 1542 3465 1614 frigidius

1887 1667 2123 1727 doctore,
2149 1661 2234 1730 qui
2257 1656 2434 1711 verbis
2451 1663 2651 1707 tantum
2675 1643 3108 1717 philosophatur:
3133 1651 3305 1705 neque
3324 1632 3467 1688 enim

209 2757 390 2806 essent
433 2737 769 2812 participes;
813 2738 921 2780 tum
961 2736 1027 2775 ex
1069 2712 1215 2770 Pauli
1255 2706 1560 2763 testimonio

213 2792 530 2896 i;:::estrin
573 2792 832 2894 evdngelio
871 2815 948 2886 (2.
971 2811 1088 2865 Cor.
1114 2801 1308 2869 8.18),
1350 2792 1557 2863 inquit;
1601 2797 1709 2838 tum
1736 2795 1802 2834 ex

218 2875 852 2987 iirdiii‘aotionis'caldum;
888 2884 1022 2976 post
1066 2897 1194 2953 illud
1225 2891 1367 2948 enim
1398 2883 1582 2940 addit:
1627 2875 1730 2931 Sed
1756 2881 1804 2925 et

219 3027 480 3080 ordinatus
508 3024 583 3070 est
612 3011 677 3064 ab
719 3001 956 3060 Ecclesiis
981 3008 1143 3049 comes
1181 2974 1597 3059 peregrinationis
1622 2978 1807 3022 nostra:

225 3121 274 3171 iu
298 3120 425 3168 hanc
452 3106 697 3180 gratiam,
725 3110 836 3168 qua:
854 3090 1166 3145 ministratur
1193 3094 1225 3131 a
1258 3071 1421 3128 nobis.

992 3178 1000 3180 _
1182 3169 1216 3180 η
1332 3177 1348 3180 Α
1411 3159 1421 3180 η

303 3146 423 3168 [ωηεν
487 3146 637 3160 Ιωσυνοσ
660 3146 697 3167 ν’
726 3146 824 3168 Ἲ--,-

303 3210 356 3260 5.
382 3146 604 3257 Εινγῑόε
629 3203 788 3262 quam
819 3183 890 3239 sit
920 3196 950 3234 a
985 3178 1122 3231 fastu
1151 3169 1375 3225 alienus.
1411 3158 1528 3214 Non
1559 3151 1700 3207 enim
1729 3146 1810 3201 di-

1345 3255 1375 3262 ··
1481 3251 1491 3261 -
1588 3261 1596 3262 κ
1624 3244 1640 3262 ι
1702 3239 1786 3262 n..:

305 3239 356 3260 υ.
387 3239 449 3257 μ.
485 3239 604 3252 ..μυ
631 3239 786 3262 νηί

231 3302 320 3363 cit,
344 3295 575 3351 Primum
599 3277 955 3350 evangelium,
980 3264 1122 3339 quod
1142 3251 1526 3328 evangelizavi;
1551 3244 1666 3309 sed,
1695 3239 1813 3294 Pri—

231 3407 358 3445 mum
378 3393 668 3441 sermonem
696 3372 810 3445 feci,
845 3381 905 3421 se
933 3361 1184 3430 majorem
1215 3364 1334 3407 esse
1363 3351 1555 3417 putans
1579 3347 1810 3402 evange~

804 3455 1011 3516 etiamsi
1039 3451 1186 3506 illum
1213 3442 1336 3498 inde
1361 3433 1636 3508 apostolus
1668 3428 1813 3481 cele-

703 3556 861 3626 Cujus
899 3552 1010 3604 laus
1046 3552 1119 3598 est
1162 3541 1214 3593 in
1253 3530 1530 3603 evangelio.
1577 3521 1682 3578 Sed
1728 3519 1819 3573 ille

229 3611 364 3635 νη..
412 3611 600 3623 νην---
644 3611 656 3614 -
714 3611 726 3613 ι
771 3611 791 3626 ,

228 3668 474 3723 modeste
510 3659 592 3713 sic
621 3651 855 3722 loquitur
885 3664 898 3698 :
929 3641 1160 3696 Primum
1185 3629 1389 3704 quidem
1417 3631 1696 3678 sermonem
1726 3611 1821 3683 feci

230 3763 290 3812 de
319 3704 579 3813 omnibus,
612 3704 972 3808 ovi'heOphile,
994 3745 1106 3801 qua:
1131 3723 1278 3793 erepit
1304 3719 1455 3773 Jesus
1480 3718 1646 3785 facere
1665 3716 1709 3761 et
1731 3704 1824 3757 do-

233 3865 375 3913 cere;
406 3859 517 3898 non
550 3833 884 3904 simpliciter,
913 3826 988 3878 De
1012 3817 1279 3879 omnibus,
1306 3808 1400 3866 sed
1424 3822 1454 3861 a
1479 3798 1738 3875 principio
1758 3794 1824 3849 ad

237 3947 394 3994 tinem
423 3945 594 4002 usque
625 3947 639 3982 :
671 3924 853 3992 Usque
880 3916 947 3971 ad
969 3913 1130 3975 diem,
1161 3903 1352 3975 inquit,
1383 3912 1489 3970 quo
1521 3898 1826 3958 assumptus

1560 3987 1592 4002 ’ν
1649 3978 1801 4002 --..21-ζ

425 3978 593 4002 πη--
627 3978 638 3982 -
686 3978 708 3981 -
769 3978 782 3992 ,

239 4044 342 4089 est.
374 4027 536 4098 Atqui
568 4023 801 4078 Joannes
823 4009 1059 4067 declarat
1095 4017 1200 4056 non
1239 4008 1397 4067 posse
1431 3987 1607 4045 omnia
1646 3978 1825 4037 scribi.

243 4127 316 4182 Ut
338 4070 483 4175 enim
514 4117 620 4169 hoc
643 4104 909 4169 ostendat,
934 4106 1209 4169 postquam
1231 4088 1472 4143 dixerat:
1497 4079 1622 4145 Quae
1646 4075 1689 4128 si
1708 4070 1832 4125 scri-

248 4207 668 4280 buutursingula,
685 4216 775 4256 nec
795 4199 963 4268 ipsum
982 4188 1197 4243 arbitror
1211 4177 1459 4234 mundum
1479 4185 1623 4242 posse
1634 4178 1829 4231 capere,

1369 4271 1380 4280 ,
1414 4268 1435 4280 ,
1582 4264 1614 4280 η
1628 4265 1641 4280 ι
1701 4260 1768 4280 ω,
1793 4259 1808 4280 κ

252 4309 439 4381 adjicit
631 4259 716 4365 qui
745 4259 996 4348 scribendi
1030 4290 1147 4337 sunt
1182 4276 1335 4331 libros
1362 4268 1556 4341 (Joan.
1582 4264 1672 4318 2i.
1701 4260 1771 4316 25
1792 4259 1832 4329 ).

913 4380 916 4381 ν
1043 4373 1092 4381 --
1193 4369 1202 4381 -
1563 4351 1832 4381 i--..:.....q

254 4351 534 4470 Ql:t)ln0d0
564 4392 745 4462 igitur,
778 4380 1006 4452 inquies,
1043 4373 1129 4427 hic
1173 4369 1239 4423 de
1277 4363 1523 4420 omnibus
1563 4351 1839 4426 loquitur?

994 4468 1006 4470 ‘
1072 4465 1102 4470 -
1287 4458 1316 4470 ἰ
1466 4467 1480 4470 -
1501 4467 1517 4470 Α
1549 4451 1586 4470 -ε
1621 4447 1729 4470 --.τη
1758 4443 1807 4470 ,1:

259 4443 530 4470 \c'w-"v—v
565 4443 629 4462 '0’
733 4443 744 4453 .
853 4443 864 4452 .

259 4501 326 4549 At
355 4507 460 4547 non
491 4487 646 4549 dixit,
674 4475 884 4537 Omnia,
915 4468 1030 4532 sed,
1061 4465 1140 4518 De
1164 4458 1389 4516 omnibus
1412 4471 1430 4508 :
1460 4467 1522 4506 ac
1546 4451 1590 4505 si
1615 4447 1732 4518 quis
1756 4443 1841 4497 di-

259 4597 344 4641 cat
366 4577 676 4638 summatim
698 4581 750 4626 et
770 4570 823 4623 in
843 4577 1065 4636 genere;
1095 4565 1186 4612 aut
1205 4553 1272 4608 de
1295 4546 1540 4606 omnibus
1564 4557 1680 4612 qua:
1699 4552 1846 4593 com-

263 4687 450 4750 petunt
469 4683 523 4728 et
550 4675 758 4738 urgent.
790 4657 988 4716 Deinde
1011 4646 1242 4707 ostendit
1265 4657 1382 4714 quin
1403 4639 1507 4694 sint
1533 4635 1618 4690 illa
1644 4627 1842 4692 omnia,

1063 4746 1072 4750 -
1352 4735 1362 4745 .
1404 4748 1416 4750 A
1439 4729 1541 4750 ω.-
1580 4738 1769 4750 “MM
1797 4728 1842 4750 η.

267 4728 279 4750 Ι
303 4728 323 4733 ‘
337 4728 420 4731 ’_"
437 4728 442 4729 ’
614 4728 641 4738 ν

267 4779 394 4841 Quae
421 4766 572 4835 carpit
598 4761 747 4815 Jesus
777 4759 940 4825 facere
967 4758 1012 4801 et
1040 4746 1251 4803 docere;
1294 4729 1548 4790 miracula
1580 4738 1769 4794 nempe
1795 4728 1851 4775 et

1016 4839 1028 4841 -
1194 4833 1206 4841 _
1323 4839 1329 4841 _
1411 4835 1422 4841 _
1586 4817 1674 4841 HJ
1717 4812 1848 4841 “MA

267 4812 390 4841 κήν
423 4812 569 4835 *νυν-⁷
601 4812 615 4815 ν
643 4812 651 4814 ν
777 4812 787 4825 .

267 4866 569 4924 doctrinam
592 4850 954 4910 subindicans.
986 4839 1167 4907 Neque
1194 4833 1296 4886 hoc
1319 4835 1518 4882 tantum
1539 4863 1556 4889 ,
1583 4817 1677 4875 sed
1711 4812 1852 4886 quod

263 4962 429 5018 etiam
475 4946 718 5007 faciendo
757 4942 995 4997 doceret.
1040 4930 1173 4986 Vide
1197 4934 1374 4980 autem
1402 4918 1544 4973 illius
1569 4911 1854 4980 benignum

271 5047 733 5120 apostolicumque
759 5033 993 5088 animum
1015 5069 1030 5093 ,
1060 5023 1149 5094 qui
1176 5019 1260 5074 vel
1286 5015 1424 5070 illius
1446 5005 1674 5064 hominis
1697 5013 1857 5056 causa

1364 5115 1374 5120 ·
1410 5113 1422 5120 -
1440 5112 1572 5120 Αλ-ιμ
1615 5097 1826 5120 Π---ιηηιι

273 5149 414 5199 hanc
443 5134 683 5203 suscepit
709 5131 1013 5182 accuratam
1037 5127 1254 5186 Operam
1274 5150 1288 5173 ,
1323 5115 1382 5162 ut
1410 5112 1578 5158 totum

276 5241 402 5290 lium
444 5184 723 5286 scriberret.
771 5216 838 5272 Ut
879 5184 1091 5276 habeas,
1121 5202 1308 5274 inquit,
1351 5211 1542 5258 eorum,
1581 5189 1644 5243 de
1686 5184 1862 5257 quibus

274 5326 502 5382 eruditus
528 5335 602 5384 es,
634 5321 921 5368 sermonum
948 5301 1204 5355 ceritatem
1234 5291 1381 5364 (Luc.
1417 5288 1469 5341 l.
1500 5282 1577 5355 4).
1611 5277 1866 5334 Audierat

277 5421 421 5471 etaim
449 5411 724 5468 Christum
753 5402 1018 5455 dicentem
1048 5411 1060 5446 :
1090 5389 1206 5444 Non
1229 5393 1301 5438 est
1326 5381 1555 5436 voluntas
1579 5371 1748 5426 Patris
1767 5365 1867 5422 mei

719 5510 783 5548 ex
811 5491 888 5543 his
917 5483 1112 5555 pusillis
1143 5478 1162 5550 (
1184 5473 1367 5530 Matth.
1396 5469 1482 5524 i8.
1513 5466 1579 5520 Η
1601 5463 1640 5534 ).
1678 5460 1747 5515 Et
1773 5472 1869 5513 cur

1054 5575 1062 5576 κ
1097 5570 1154 5576 --
1285 5565 1296 5576 .
1323 5564 1352 5576 ..
1475 5555 1728 5576 ._.__,__M
1776 5546 1867 5576 MA

284 5546 392 5655 ιιοὲ
413 5608 578 5650 unum
606 5589 800 5645 librum
824 5579 950 5635 fecit
978 5575 1066 5628 uni
1095 5546 1392 5634 TheOpliilo
1420 5555 1752 5614 mittendum,
1776 5546 1871 5603 sed

285 5695 340 5746 in
377 5691 484 5744 duo
518 5681 744 5755 partitus
772 5682 855 5730 est
879 5659 1220 5739 argumenta?
1261 5646 1655 5724 Perspicuitatis
1678 5655 1833 5697 causa
1855 5680 1871 5705 ,

291 5797 343 5837 et
381 5791 438 5835 ιιι
481 5770 937 5832 intermissionem
983 5759 1134 5814 daret
1170 5748 1396 5805 auditori
1430 5762 1443 5797 ε
1474 5739 1707 5807 alioquin
1745 5745 1875 5786 vero

295 5877 538 5932 distincta
560 5873 688 5922 sunt
708 5859 987 5916 amborum
1008 5851 1339 5919 argumenta.
1362 5832 1681 5892 Consideres
1698 5833 1876 5879 antem

299 5972 449 6025 velini
470 6009 487 6036 ,
515 5956 788 6037 quomodo
814 5917 1184 6015 ChriStus‘per
1208 5949 1368 6010 opera
1397 5928 1553 5987 dictis
1580 5923 1690 5982 suis
1721 5917 1878 5975 [idem

3382 423 3451 482 18

1891 1759 1992 1812 hoc
2015 1753 2250 1810 doctoris
2276 1758 2393 1815 est,
2423 1745 2516 1800 sed
2539 1739 2849 1813 hypocrita).
2881 1734 3081 1788 Idcirco
3106 1725 3328 1799 apostoli
3356 1725 3469 1795 pri-

1891 1870 2036 1911 mum
2059 1848 2333 1919 exemplo,
2363 1844 2486 1898 hinc
2503 1838 2680 1894 verbis
2707 1833 2996 1893 docebant;
3029 1828 3138 1882 imo
3167 1839 3271 1878 non
3295 1819 3473 1875 verbis

1892 1961 2025 2018 opus
2055 1910 2341 2001 habebant,
2369 1933 2620 2005 operibus
2641 1927 2768 1998 ipsis
2789 1921 3157 1979 clamantibus.
3179 1915 3362 1984 Neque
3381 1910 3474 1964 ab-

1895 2036 2150 2095 erraverit
2179 2032 2226 2087 si
2255 2029 2374 2100 quis
2405 2025 2704 2096 passionem
2732 2018 2848 2087 ejus
2875 2014 3136 2068 actionem
3167 2003 3473 2061 vocaverit:

1895 2127 2145 2203 patiendo
2170 2135 2397 2191 namque
2419 2129 2665 2186 magnum
2694 2109 2819 2165 illud
2843 2104 3186 2170 mirabileque
3207 2113 3340 2167 Opus
3360 2094 3478 2150 edi-

1896 2223 1990 2284 dit,
2035 2233 2141 2289 quo
2180 2221 2407 2269 mortem
2449 2207 2630 2269 solvit,
2673 2217 2735 2256 ac
2781 2198 2984 2267 reliqua
3025 2192 3202 2247 omnia
3250 2185 3475 2258 peregit.

1897 2313 1951 2367 2.
1978 2279 2154 2380 ’Πδιιιιε
2173 2307 2224 2362 in
2244 2305 2395 2368 diem,
2417 2317 2516 2371 qua
2540 2294 2834 2368 prwcipiens
2855 2286 3096 2360 apostolis
3117 2299 3203 2352 per
3230 2279 3481 2350 Spiritum

1898 2413 2146 2468 sanctum,
2165 2414 2290 2468 quos
2317 2394 2485 2465 elegit,
2515 2396 2803 2457 assumptus
2829 2391 2920 2436 est.
2951 2378 3053 2432 Per
3081 2374 3328 2445 Spiritum
3352 2382 3484 2438 prte-

1901 2497 2115 2568 cipiens,
2144 2491 2197 2546 id
2227 2499 2330 2553 est,
2358 2480 2652 2555 spiritualia
2684 2474 2823 2546 apud
2853 2473 2995 2542 ipsos
3023 2469 3248 2536 loquens
3279 2474 3484 2533 praece-

1907 2601 2014 2660 pta,
2046 2585 2281 2652 nihilque
2313 2579 2623 2633 bumanum.
2656 2570 2750 2624 Vel
2780 2568 2880 2620 hoc
2909 2578 3035 2632 ergo
3056 2557 3374 2619 dicendum;
3402 2550 3486 2606 vel

1905 2643 2044 2753 quod
2072 2693 2169 2748 per
2193 2643 2450 2744 Spiritum
2480 2666 2608 2736 ipsis
2637 2657 2971 2732 praeceperit.
3002 2651 3184 2712 Vides,
3217 2643 3486 2717 quomodo

1906 2774 2079 2829 adlmc
2103 2770 2169 2824 de
2189 2766 2402 2822 Christo
2426 2758 2697 2814 humiliter
2726 2753 2990 2821 loquatur,
3013 2752 3144 2799 utet
3169 2742 3280 2810 ipse
3307 2737 3373 2792 de
3401 2750 3488 2791 se-

1909 2867 2024 2934 ipso
2047 2858 2394 2931 loquebatur,
2426 2852 2610 2906 dicens
2635 2863 2647 2899 :
2675 2844 2733 2900 Si
2772 2851 2939 2895 autem
2973 2853 3058 2906 ego
3087 2835 3138 2887 in
3169 2829 3369 2900 Spiritu
3398 2824 3491 2878 Dei

1910 2923 2055 3028 ejicio
2082 2923 2331 3006 daemonia
2361 2943 2568 3017 (Matth.
2593 2937 2678 2993 19..
2712 2933 2846 3005 28)?
2876 2929 3087 2985 Etenim
3118 2923 3345 2994 Spiritus
3370 2934 3492 2972 sau-

1911 3061 2027 3104 ctus
2053 3046 2103 3099 in
2130 3043 2218 3097 illo
2245 3038 2440 3106 templo
2466 3030 2800 3103 operabatur.
2835 3021 2970 3092 Quid
2999 3029 3174 3072 autem
3204 3009 3493 3084 praecepit?

1915 3141 2106 3194 Euntes
2136 3137 2306 3187 docete
2334 3143 2503 3183 omnes
2532 3131 2699 3194 gentes
2720 3161 2732 3181 ,
2765 3116 3074 3184 baptizantes
3103 3125 3185 3162 eos
3209 3108 3261 3158 in
3293 3102 3496 3158 nomine

1918 3229 2089 3284 Patris
2120 3235 2166 3280 et
2199 3221 2321 3276 Filii
2351 3228 2396 3272 et
2428 3215 2652 3281 Spiritus
2681 3208 2877 3269 sancti;
2915 3206 3145 3256 docentes
3179 3213 3261 3251 eos
3301 3206 3498 3252 servare

1917 3282 2088 3378 omnia
2115 3327 2435 3389 quwcumque
2464 3303 2699 3360 mandavi
2729 3298 2863 3353 vobis
2897 3296 2913 3365 (
2944 3294 3029 3347 ld.
3074 3291 3166 3346 28.
3224 3287 3312 3342 l9.
3355 3283 3424 3339 ‘20
3454 3282 3497 3352 ).

1917 3416 2103 3484 Magna
2149 3409 2265 3463 laus
2303 3400 2699 3473 apostolorum,
2731 3407 2850 3446 eum
2891 3387 3012 3442 talia
3059 3384 3185 3454 ipsis
3215 3377 3500 3434 commissa

1921 3508 2061 3568 sint,
2094 3500 2343 3557 nimirum
2383 3492 2543 3546 totius
2579 3487 2723 3541 orbis
2766 3482 2942 3542 salus;
2991 3493 3110 3531 cum
3150 3471 3309 3527 etiam
3339 3467 3501 3522 verba

1921 3560 2117 3670 Spiritu
2147 3593 2302 3665 plena
2338 3591 2518 3641 essent
2551 3599 2562 3635 :
2594 3579 2644 3633 id
2684 3574 2824 3646 quod
2871 3568 3211 3626 subindieans
3252 3560 3501 3621 dicebat,

1927 3654 2029 3744 Per
2067 3654 2320 3755 Spiritum
2358 3683 2625 3734 sanctum;
2666 3667 2717 3722 id
2761 3675 2844 3720 est
2867 3703 2882 3728 ,
2909 3658 3085 3714 Verba
3111 3672 3229 3726 qua:
3256 3654 3507 3721 loquutus

1927 3798 2043 3837 sum
2072 3777 2243 3841 vobis,
2270 3772 2497 3842 Spiritus
2527 3773 2670 3821 sunt.
2705 3760 2815 3815 lloc
2843 3770 3003 3827 porro
3029 3750 3178 3812 dicit,
3211 3756 3268 3800 ut
3296 3744 3506 3799 audito-

1929 3889 2042 3929 rem
2084 3870 2149 3924 ad
2187 3841 2673 3928 concupiscentiam
2717 3849 2891 3906 trahat
2938 3841 3176 3900 discendi
3223 3844 3507 3908 pratcepta,

1933 3961 2292 4034 apostolisque
2322 3953 2479 4008 fidem
2510 3945 2797 4004 conciliet:
2827 3937 3086 4008 siquidem
3114 3948 3176 3986 ea
3197 3972 3212 3997 ,
3244 3945 3363 3998 qua:
3389 3933 3516 3980 sunt

1935 4055 2184 4123 Spiritus,
2215 4043 2484 4117 loquuturi
2531 4046 2688 4103 sunt,
2732 4045 2938 4088 necnon
2987 4033 3248 4096 praecepta
3292 4017 3514 4073 Christi.

1936 4149 2070 4204 Ctnn
2105 4139 2464 4214 prmcepisset,
2502 4129 2690 4200 inquit,
2731 4125 3030 4187 Assumptus
3067 4125 3158 4169 est.
3205 4111 3320 4166 Non
3359 4107 3514 4170 dixit,

1941 4235 2230 4298 Ascendit;
2272 4201 2391 4300 quia
2422 4226 2489 4280 de
2517 4224 2605 4278 illo
2636 4227 2694 4274 ut
2718 4217 2785 4271 de
2816 4213 3031 4268 homine
3060 4206 3228 4260 adhuc
3267 4201 3518 4270 loquitur.

1943 4336 2072 4390 Post
2109 4324 2551 4385 resurrectionem
2590 4327 2803 4388 quoque
2843 4309 3068 4364 fortasse
3107 4298 3393 4369 discipulos
3427 4294 3526 4349 do-

1944 4425 2083 4488 cuit;
2115 4420 2207 4476 sed
2234 4418 2335 4472 hoc
2363 4423 2532 4468 totum
2561 4419 2770 4477 tempus
2795 4415 2953 4456 nemo
2982 4396 3133 4451 nobis
3164 4398 3408 4447 accurate
3434 4402 3528 4441 ex-

1947 4515 2180 4590 plicavit.
2214 4511 2409 4564 Verum
2441 4503 2566 4558 huic
2591 4500 2664 4554 rei
2706 4494 2872 4565 magis
2910 4491 3223 4545 immoratur
3258 4482 3527 4541 Joannes,

2932 4582 2944 4590 .
3053 4578 3084 4590 ..
3310 4572 3347 4590 ,Δ
3391 4569 3527 4590 Jun

1950 4569 2044 4590 Γ--

1949 4623 2108 4680 quam
2135 4601 2313 4659 czeteri
2340 4641 2355 4666 ,
2386 4607 2443 4650 ut
2473 4595 2558 4647 hic
2584 4601 2823 4661 quoque;
2854 4582 2946 4638 sed
2977 4578 3152 4633 nullus
3180 4572 3356 4629 omnia
3386 4569 3531 4624 clare

1952 4665 2220 4756 recensuit
2250 4711 2263 4747 :
2313 4665 2379 4745 ad
2406 4685 2546 4741 aliud
2578 4683 2772 4752 quippe
2801 4673 3143 4731 festinabant.
3194 4665 3321 4719 Haec
3372 4674 3533 4731 porro

1955 4792 2237 4850 didicimus
2265 4801 2363 4856 per
2385 4777 2673 4852 apostolos,
2701 4771 2788 4841 qui
2812 4784 2873 4822 ea
2895 4781 3013 4836 quin
3037 4760 3315 4815 audierant
3336 4751 3536 4807 retule-

1958 4879 2368 4950 runt.5.Quibus
2384 4886 2429 4931 et
2451 4869 2662 4946 praebuit
2679 4868 2747 4922 sei
2754 4879 2899 4935 psum
2915 4860 3097 4913 vivum.
3115 4853 3389 4921 Loquutus
3415 4852 3539 4898 ante

1960 4985 2026 5039 de
2053 4975 2437 5047 assumptione,
2456 4969 2566 5040 jam
2593 4965 2659 5020 de
2685 4952 3074 5016 resurrectione
3089 4947 3212 5016 agit.
3237 4942 3370 5010 Quia
3393 4938 3538 4994 enim

1963 5077 2191 5138 dixerat,
2215 5035 2515 5134 Assumptus
2545 5068 2617 5114 est
2636 5098 2651 5122 ,
2688 5069 2755 5107 ne
2793 5057 3006 5120 putares
3036 5042 3184 5096 illum
3211 5037 3277 5092 ab
3303 5035 3420 5089 aliis
3449 5045 3539 5086 as-

1967 5175 2234 5236 sumptum
2262 5130 2449 5223 fuisse,
2473 5146 2765 5220 subjunxit,
2799 5140 2990 5210 Quibus
3013 5145 3058 5190 et
3086 5131 3298 5206 prwbuit
3325 5130 3544 5197 seipsum

1967 5217 2138 5236 '""'I"
2155 5217 2161 5218 ί
2434 5217 2446 5223 ν
2572 5217 2585 5220 -

1967 5264 2156 5316 vivum.
2186 5254 2317 5310 Nam
2346 5250 2392 5306 si
2422 5249 2474 5302 in
2497 5240 2689 5313 majori
2717 5253 2775 5292 re
2800 5234 3034 5304 seipsum
3065 5222 3342 5285 exhibuit,
3378 5217 3546 5272 multo

1971 5353 2138 5424 magis
2163 5350 2216 5402 iu
2242 5340 2453 5400 minori.

2044 5403 2314 5502 ίήνίᾶειν
2342 5429 2609 5506 quomodo
2632 5423 2929 5483 clanculum
2949 5419 3065 5473 hzec
3088 5426 3278 5484 magna
3304 5403 3553 5463 dissemi-

1976 5499 2073 5596 net
2086 5499 2373 5605 dogmatai
2387 5526 2490 5581 Per
2510 5524 2614 5577 dies
2635 5515 2967 5591 quadraginta
2988 5521 3237 5580 apparens
3258 5502 3347 5555 eis.
3370 5499 3555 5566 Neque

1978 5635 2141 5695 enim,
2165 5639 2222 5683 ut
2248 5635 2370 5679 ante
2395 5615 2837 5676 resurrectionem
2859 5649 2872 5672 ,
2901 5618 3114 5673 semper
3133 5612 3255 5655 cum
3284 5593 3389 5648 illis
3418 5597 3552 5645 erat.

1981 5726 2213 5781 Observa
2236 5725 2410 5771 autem
2435 5727 2537 5766 non
2559 5707 2758 5763 dixisse
2779 5702 2945 5766 illum,
2964 5689 3321 5765 Quadraginta
3346 5682 3556 5744 diebus,

1983 5817 2096 5879 sed,
2129 5815 2231 5870 Per
2259 5811 2363 5865 dies
2389 5803 2746 5875 quadraginta.
2776 5789 3104 5850 Adveniebat
3129 5784 3270 5839 enim
3293 5821 3308 5844 ,
3340 5787 3396 5833 et
3419 5789 3554 5829 avo-

1988 5871 2131 5967 iatm
2157 5871 2628 5969 rursum-Quare?
2659 5891 2883 5950 Animos
2910 5883 3126 5941 illorum
3149 5874 3218 5932 ad
3240 5871 3432 5929 altiora
3460 5871 3561 5928 du-
