4024 6570
523 386 590 440 19

517 500 671 556 vehat
694 546 707 566 ,
756 522 852 563 m-c
890 508 1096 568 sinebat
1130 514 1249 572 illos
1279 522 1497 590 perinde
1526 541 1649 595 erga
1685 545 1745 584 se
1772 532 1913 587 afﬁci
1939 545 2097 606 atque

516 602 692 648 antea.
725 594 833 654 Nec
852 603 967 656 sine
992 621 1150 663 causa
1182 608 1282 665 hoc
1307 614 1513 683 agebat,
1546 619 1639 674 sed
1667 630 1949 695 utrumque
1978 628 2098 682 dili-

512 694 700 751 genter
746 704 1073 762 praeparans,
1109 709 1164 753 ut
1206 706 1528 761 resurrectio
1566 694 1893 780 crederetur,
1939 728 1993 772 et
2038 728 2098 774 ut

515 776 687 845 major
732 780 845 849 ipse
889 796 1164 853 putaretur
1203 807 1321 846 esse
1344 835 1359 858 ,
1392 810 1549 865 quam
1580 800 1760 859 homo.
1792 807 1951 877 Atqui
1980 808 2096 865 haec

510 878 662 923 erant
697 870 836 927 inter
873 890 932 930 se
970 883 1255 936 contraria.
1287 884 1356 940 Ut
1384 889 1526 944 enim
1558 898 1879 952 resurrectio
1905 901 2092 956 crede-

510 969 674 1024 retur,
703 959 930 1019 humana
961 969 1121 1024 multa
1151 972 1262 1029 fieri
1294 982 1603 1049 Oportebat;
1634 995 1690 1040 ut
1715 989 1939 1045 alterum
1966 1008 2092 1048 vero

510 1050 815 1111 ﬁrmaretur
838 1098 852 1122 ,
882 1075 986 1114 non
1018 1062 1165 1119 item.
1200 1068 1448 1127 Attamen
1476 1084 1759 1149 utrumque
1788 1095 2090 1153 opportuno

507 1149 747 1211 tempore
790 1147 984 1206 factum
1020 1164 1117 1209 est.
1173 1157 1282 1214 Cur
1326 1176 1501 1221 autem
1544 1184 1648 1225 non
1688 1176 1955 1242 omnibus,
1992 1180 2086 1235 sed

502 1238 760 1304 apostolis
790 1252 989 1298 tantum
1021 1253 1298 1318 apparuit?
1326 1254 1456 1324 Quia
1486 1260 1664 1317 multis
1691 1265 1741 1318 id
1769 1266 2082 1335 phantasma

502 1325 673 1381 visum
703 1329 906 1398 fuisset,
931 1338 1022 1406 qui
1048 1353 1300 1398 arcanum
1326 1351 1563 1417 mysterii
1589 1367 1695 1408 non
1723 1369 1999 1415 noverant.
2027 1362 2081 1416 Si

498 1415 644 1469 enim
680 1421 775 1489 ipsi
809 1422 1053 1495 discipuli
1084 1444 1188 1485 non
1217 1415 1507 1493 credebant
1533 1442 1680 1495 initio
1710 1455 1763 1499 et
1797 1450 2082 1508 turbaban-

497 1514 604 1575 tur,
635 1520 882 1583 tactuque
917 1534 1104 1576 manus
1143 1540 1278 1594 opus
1321 1528 1603 1599 habebant,
1644 1552 1850 1595 necnon
1893 1560 2076 1602 mensa

492 1604 782 1671 communi,
805 1612 1070 1675 quomodo
1098 1616 1283 1686 vulgus
1311 1618 1559 1678 allectum
1588 1625 1810 1684 fuisset?
1836 1634 2079 1705 Quapro-

496 1699 614 1758 pter
643 1707 707 1748 ex
738 1697 1006 1755 miraculis
1029 1703 1376 1764 indubitatam
1399 1713 1571 1769 reddit
1594 1723 2073 1795 resurrectionem;

493 1782 564 1836 ita
599 1794 784 1841 utnon
818 1790 920 1847 illis
942 1803 1141 1851 tantum
1172 1810 1295 1857 tunc
1326 1810 1580 1876 temporis
1607 1810 1945 1884 hominibus,
1979 1826 2073 1879 sed

491 1876 740 1932 omnibus
784 1892 962 1949 postca
1002 1898 1147 1944 certa
1194 1890 1331 1948 foret
1374 1905 1715 1957 resurrectio.
1748 1906 1898 1974 Quod
1930 1915 2072 1969 enim

490 1962 542 2018 iu
581 1965 687 2021 illis
726 1970 1016 2031 effecerunt
1052 1994 1336 2053 conspecta
1383 1990 1554 2060 signa,
1602 1995 1704 2052 hoc
1751 2001 1802 2054 in
1844 2009 2072 2071 posteris

488 2061 736 2117 oumibus
762 2080 858 2134 per
888 2072 1044 2126 tidem
1076 2074 1312 2134 futurum
1342 2095 1477 2138 erat.
1507 2085 1632 2144 Ideo
1662 2091 1785 2147 hinc
1815 2096 2067 2153 incredu-

484 2150 568 2206 los
612 2163 936 2227 argmnentis
988 2165 1309 2236 impetimus.
1363 2175 1419 2231 Si
1469 2194 1575 2234 non
1618 2191 1928 2255 resurrexit,
1973 2194 2067 2248 sed

488 2256 728 2301 mortuus
757 2263 956 2321 manet,
986 2262 1257 2327 quomodo
1285 2265 1335 2319 in
1362 2270 1577 2327 nomine
1602 2275 1717 2343 ejus
1737 2284 1960 2347 apostoli
1991 2287 2065 2339 si-

483 2350 583 2403 gna
606 2337 882 2398 fecerunt?
908 2349 976 2401 At
998 2364 1102 2403 nou
1127 2351 1303 2411 fecere
1325 2357 1619 2417 miracula?
1644 2367 2065 2448 Quomodoergo

480 2441 611 2495 gens
656 2442 834 2488 nostra
871 2442 1143 2497 cmrstitit?
1184 2445 1298 2500 Non
1337 2450 1479 2507 enim
1516 2454 1641 2513 huic
1678 2463 1886 2520 veritati
1914 2468 2061 2524 obsi-

480 2528 625 2573 slent
666 2537 836 2591 neque
879 2531 1185 2597 pugnabunt
1224 2549 1407 2594 contra
1439 2559 1523 2609 ea,
1556 2564 1676 2617 qua:
1704 2554 1803 2609 sub
1831 2570 2059 2629 conspe-

462 2616 620 2685 .ctum
646 2612 862 2669 cadunt.
897 2617 1074 2690 Itaque
1104 2630 1317 2694 quando
1346 2631 1527 2690 dicunt
1554 2678 1569 2703 ,
1599 2656 1705 2696 non
1735 2646 1867 2699 facta
1896 2648 2062 2709 fuisse
2108 2666 2111 2667 ⁷

480 2700 766 2769 miracula,
818 2716 944 2763 tunc
988 2715 1157 2784 magis
1199 2733 1319 2775 sese
1362 2726 1710 2788 confundunt.
1763 2736 1875 2793 lloc
1916 2744 2057 2798 enim

480 2780 766 2851 maximum
813 2813 954 2855 esset
998 2806 1330 2878 miraculum,
1370 2817 1415 2871 si
1454 2820 1572 2875 sine
1607 2826 1877 2885 miraculis
1918 2842 2059 2892 totus

478 2885 622 2939 orbis
647 2892 985 2962 accurrisset,
1016 2914 1043 2950 a
1071 2901 1350 2962 duodecim
1375 2916 1695 2983 pauperibus
1715 2930 1771 2976 et
1791 2923 2056 2984 illiteratis

478 2975 782 3037 hominibus
808 2997 1011 3056 captus.
1040 2991 1223 3065 Neque
1249 3001 1391 3056 enim
1421 3009 1658 3074 pecuniis
1680 3052 1696 3073 .
1728 3030 1833 3070 non
1865 3020 2057 3075 verbo-

477 3085 593 3123 rum
621 3077 912 3145 sapientia,
954 3099 1059 3139 non
1086 3088 1193 3145 alio
1221 3092 1379 3150 simili
1412 3100 1569 3156 modo
1589 3104 1879 3172 piscatores
1908 3114 2053 3169 vice-

1589 3150 1879 3172 r.-.....,.....
1916 3150 2053 3169 "w-

474 3150 631 3228 runt;
681 3176 734 3221 ut
771 3170 852 3224 vel
893 3172 1042 3230 inviti
1072 3184 1426 3243 confiteantur
1458 3190 1691 3251 divinam
1719 3200 1770 3254 in
1806 3202 1909 3258 illis
1933 3222 2053 3264 esse

476 3252 762 3314 virtutem:
796 3277 970 3333 neque
1000 3268 1143 3325 enim
1187 3273 1430 3333 humanm
1465 3283 1604 3339 vires
1636 3290 1758 3344 talia
1800 3309 2048 3366 umquam

476 3343 644 3366 ι’.--μΑ
723 3360 760 3366 κ·
868 3355 878 3366 ⁸
930 3365 933 3366 ν
994 3358 1008 3366 “
1032 3358 1045 3366 ⁸
1146 3362 1195 3366 “’“

471 3343 651 3402 facere
676 3355 962 3419 potuerint.
991 3358 1116 3415 Ideo
1143 3362 1232 3420 ille
1256 3370 1603 3443 quadraginta
1641 3379 1828 3438 diebus
1858 3343 2051 3446 niamsit

471 3448 591 3504 post
620 3448 1098 3518 resurrectionem;
1129 3462 1235 3510 tam
1264 3458 1422 3531 longo
1458 3480 1776 3537 conspectus
1806 3476 1884 3530 sui
1920 3493 2045 3549 Spa-

1356 3526 1378 3531 -
1592 3526 1605 3537 ι
1806 3526 1883 3530 “"
1921 3526 2011 3549 'l'"

471 3526 545 3580 tio
572 3530 646 3583 rei
677 3536 949 3591 veritatem
980 3546 1336 3612 comprobans
1360 3592 1376 3618 ,
1408 3569 1476 3609 ne
1504 3555 1556 3610 id
1581 3562 1722 3629 quod
1750 3564 2042 3638 videbatur,

471 3618 532 3638 Ml.
548 3636 562 3638 _
579 3637 588 3638 κ
617 3633 628 3638 -

1598 3618 1614 3629 .
1845 3618 2042 3638 -πν--ν

466 3618 779 3687 phantasma
808 3642 927 3684 esse
960 3643 1223 3700 putarent.
1254 3638 1437 3713 Neque
1464 3645 1547 3702 his
1572 3661 1873 3721 contentus,
1893 3675 2044 3716 men-

462 3726 578 3767 sam
610 3717 769 3773 etiam
798 3721 1031 3792 addidit,
1062 3728 1112 3783 id
1144 3733 1282 3801 quod
1311 3737 1470 3793 etiam
1506 3754 1687 3811 postea
1715 3717 1870 3807 dicit.
1890 3753 1943 3809 4.
1973 3756 2043 3811 Et

461 3822 757 3864 conresceus
783 3829 896 3866 cum
923 3817 1044 3872 illis.
1087 3820 1198 3878 Hoc
1234 3837 1410 3884 autem
1447 3832 1546 3902 ipsi
1576 3843 1801 3908 apostoli
1827 3858 2042 3917 semper

1466 3896 1481 3902 -
1610 3896 1625 3908 ι
1832 3896 1848 3899 ⁷
1863 3896 2032 3917 ""f"

462 3896 515 3950 in
553 3906 958 3963 resurrectionis
993 3926 1363 3982 argumentum
1404 3937 1744 3995 sumpserunt
1778 3933 2035 4009 dicentes,

464 3990 567 4056 Qui
604 3996 1016 4055 ntauducnvimus
1044 4014 1089 4059 et
1118 4006 1332 4065 bibimus
1356 4029 1469 4069 cum
1493 3990 1582 4073 ilio
1612 4021 1633 4092 (
1653 4023 1763 4077 Act.
1793 3990 2036 4103 10..

458 4082 595 4148 Quid
634 4097 812 4143 autem
843 4106 1107 4161 apparens
1133 4096 1353 4168 fecerit,
1382 4120 1477 4174 per
1499 4082 1773 4181 seqdentia
1800 4082 2036 4179 ostendit

455 4172 639 4229 dicens
667 4195 680 4231 :
710 4181 974 4249 Apparens
999 4184 1122 4255 illis,
1153 4201 1198 4243 et
1220 4172 1427 4262 loquens
1455 4200 1518 4252 de
1538 4172 1692 4273 regno
1720 4172 1822 4261 Dei
1833 4172 2033 4281 id

457 4280 582 4322 vero
606 4268 795 4337 dejecti
826 4275 1019 4331 animis
1046 4291 1218 4348 erant,
1242 4292 1295 4338 et
1324 4287 1516 4345 turbati
1544 4268 1613 4349 ob
1641 4311 1723 4361 ea,
1751 4316 1869 4370 qua:
1894 4304 2030 4362 facta

453 4352 699 4423 fuerant,
733 4370 891 4432 atque
915 4366 981 4418 ad
1013 4383 1200 4439 magna
1227 4373 1480 4448 deinceps
1509 4384 1699 4440 exituri
1731 4352 1883 4447 ei'aut
1905 4410 2029 4452 cer-

453 4448 645 4504 tamina
672 4491 685 4515 ,
726 4467 974 4512 sermone
1007 4460 1147 4517 circa
1178 4465 1350 4523 futura
1379 4470 1561 4528 habito
1591 4493 1839 4537 recreans
1868 4485 2025 4554 illos,

450 4537 699 4608 Praecepit
722 4544 783 4597 ab
802 4542 1136 4621 Jerosolymis
1154 4571 1215 4609 ne
1233 4558 1560 4627 discederent,
1578 4568 1667 4622 sed
1685 4586 2027 4643 exspectarent

445 4632 826 4697 promissionem
867 4635 1060 4695 Putris.
1102 4642 1280 4701 Primo
1330 4649 1381 4703 in
1423 4652 1692 4713 Galilaeam
1732 4662 2025 4724 deduxerat

441 4734 537 4774 eos
560 4722 736 4779 adhuc
754 4724 1105 4787 formidantes
1130 4747 1181 4790 et
1209 4747 1516 4809 trementes,
1544 4756 1602 4801 ut
1626 4763 1746 4806 cum
1779 4754 2021 4816 libertate

439 4811 578 4867 dicta
609 4816 872 4873 audirent.
906 4822 1107 4881 Deinde
1133 4842 1254 4883 cum
1281 4834 1571 4901 audissent,
1618 4850 1671 4896 et
1713 4843 1765 4899 iu
1801 4846 1886 4905 his
1924 4868 2020 4921 per

438 4903 785 4976 quadraginta
817 4908 931 4967 dies
960 4925 1141 4971 essent
1170 4923 1384 4989 versati,
1408 4924 1662 5000 Praecepit
1684 4936 1755 4988 eis
1781 4940 1844 4992 ab
1868 4903 2018 4999 Je'ro-

434 4996 644 5066 solymis
666 5016 730 5053 ne
748 5003 1074 5062 discederent.
1106 5010 1314 5078 Quare?
1341 5014 1487 5073 Sicut
1513 5023 1709 5081 milites
1731 5028 1782 5083 in
1806 5034 2012 5101 agmina

436 5088 732 5158 irrupturos
772 5111 930 5152 nemo
976 5104 1100 5157 sinit
1145 5106 1313 5173 exire,
1353 5108 1526 5167 donec
1558 5119 1746 5174 armati
1791 5122 2007 5194 fuerint,

432 5193 609 5249 neque
639 5198 805 5253 equos
834 5204 900 5242 ex
931 5206 1147 5249 carcere
1173 5198 1407 5266 exsilire,
1438 5204 1743 5279 priusquam
1773 5217 2009 5286 aurigam

430 5275 569 5328 nacti
611 5278 756 5331 sint:
785 5281 863 5335 sic
905 5300 1077 5355 neque
1120 5289 1238 5346 illos
1277 5307 1399 5350 ante
1440 5275 1725 5358 adventum
1776 5307 2008 5377 Spiritus

430 5367 599 5421 sancti
627 5368 679 5424 in
708 5372 821 5427 acie
850 5389 1161 5446 comparere
1190 5388 1461 5457 permisit,
1496 5408 1563 5447 ne
1591 5392 1749 5452 facile
1768 5413 1798 5452 a
1824 5403 2005 5458 multis

427 5474 776 5528 caperentur.
803 5464 988 5538 Neque
1019 5484 1297 5543 pr0pterea
1327 5489 1551 5550 tantum,
1580 5488 1673 5542 sed
1701 5492 1824 5560 quia
1850 5497 2001 5552 multi

428 5563 582 5608 erant
624 5555 733 5611 illic
774 5560 1050 5617 credituri.
1086 5566 1162 5621 Ad
1191 5566 1305 5625 hinc
1330 5586 1487 5639 vero,
1517 5593 1584 5632 ne
1609 5555 1823 5650 quidam
1850 5586 1999 5643 dice-

425 5656 545 5701 rent
570 5650 733 5719 ipsos,
762 5655 939 5710 missis
964 5658 1105 5715 notis
1132 5672 1184 5717 et
1213 5667 1596 5727 centribulibus
1633 5677 1778 5743 suis,
1807 5680 1872 5736 ad
1900 5698 1999 5738 ex-

486 5801 502 5831 ι
537 5799 673 5850 Alius
705 5804 879 5891 legit':
1063 5819 1227 5891 autem;
1245 5816 1417 5891 fecerit
1436 5832 1521 5881 per
1544 5825 1865 5891 quadraginta
1888 5832 1993 5887 dies

419 5871 660 5924 apparens
687 5868 759 5920 eis
786 5869 811 5921 2'
832 5868 1109 5935 loquebatur
1133 5876 1195 5927 de
1216 5868 1363 5949 regno
1386 5868 1491 5934 Det.

1228 400 1282 457 s.
1321 402 1597 466 JOANNIS
1631 411 2100 475 cunvsosrom
2128 424 2439 487 AﬂtllllEl'.
2473 404 2998 510 consummati.

3721 484 3797 537 90

2203 551 2421 606 truncos
2464 565 2834 624 ostentationis
2875 585 3035 630 causa
3080 580 3369 654 migrasse;
3412 592 3610 651 idcirco
3647 608 3790 671 apud

3152 642 3181 651 ..
3355 642 3369 654 .
3412 642 3608 651 ------.,
3647 642 3789 671 ..,.....

2205 653 2297 694 eos
2329 642 2491 713 ipsos.
2530 654 2619 719 qui
2649 656 2832 715 Jesum
2870 668 3181 729 occiderant
3205 716 3221 741 ,
3251 680 3399 751 signa
3432 691 3671 755 ρηυδεηι
3697 713 3787 750 γε,
3856 752 3869 773 η

2205 737 2541 773 aurummich
2592 750 2729 773 ...ηηι
2763 766 2848 773 μγ-
2900 756 2910 768 ο
3238 769 3249 773 -

2201 737 2564 803 ⁸¹⁸¹¹Ὂθίί⁰¹¹ί⁵ι
2589 750 2729 816 apud
2757 766 2871 819 €08.
2896 756 3132 830 inquam,
3162 769 3250 837 qui
3272 777 3668 853 crueillxerant,
3690 791 3785 858 qui

2203 825 2518 858 αρηιΛῖιηηι...
2594 836 2642 858 :_
2679 839 2749 858 2,__
2881 846 2893 858 .
3012 853 3024 858 _
3049 854 3060 858 -
3101 855 3115 858 -

2201 825 2518 892 δορθίίθωηῐ
2544 873 2559 899 ,
2593 836 2645 891 in
2677 839 2787 909 ipsa
2812 846 2945 904 urbe
2967 825 3060 908 ubi
3091 825 3296 917 facinus
3336 866 3554 937 impium
3599 825 3785 946 pa’u-la-

2206 923 2312 946 In.“
2349 918 2544 946 ειη-,μ
2584 929 2615 946 2-

3358 918 3553 937 ητα...
3599 918 3783 946 μη...-

2206 923 2313 971 tum
2346 918 2547 993 fuerat;
2582 929 2649 984 ita
2683 946 2741 988 ut
2772 946 3013 1000 extranei
3040 964 3230 1008 omnes
3258 956 3381 1015 hinc
3406 964 3783 1030 obmutescere

2196 1022 2532 1078 cogerentur.
2562 1018 2694 1078 Cum
2719 1029 2861 1084 enim
2886 1033 2943 1099 ii,
2966 1039 3053 1107 qui
3080 1045 3473 1118 crucillxerant,
3499 1056 3639 1116 inter
3661 1077 3785 1120 cre-

2199 1098 2289 1120 λη
2306 1111 2318 1120 .
2369 1119 2372 1120 ν

2930 1098 2935 1099 ν
2982 1098 2995 1107 υ
3232 1098 3473 1118 den-.."
3499 1098 3627 1116 .uw-
3661 1098 3779 1120 ulc-

2194 1098 2385 1159 dentes
2417 1123 2815 1185 comparerent;
2850 1123 2974 1181 hinc
3000 1141 3147 1189 certe
3176 1146 3229 1190 et
3254 1143 3429 1198 crucis
3452 1156 3509 1201 et
3537 1159 3643 1206 tam
3671 1153 3779 1210 ini-

2192 1192 2280 1258 qui
2309 1192 2560 1254 faciuoris
2589 1218 2792 1264 certum
2825 1213 3076 1275 indicium
3096 1263 3112 1288 ,
3140 1234 3194 1280 et
3220 1238 3626 1296 resurrectionis
3656 1260 3778 1300 ma-

2188 1296 2349 1349 gnum
2378 1287 2675 1350 ducebatur
2707 1314 3097 1371 argumentum.
3153 1316 3353 1379 Deinde
3392 1341 3461 1381 ne
3505 1330 3771 1399 dicerent.

2188 1373 2353 1399 IL“...
2368 1396 2385 1399 ι
2404 1380 2427 1399 J
2444 1397 2455 1399 λ
2815 1396 2825 1399 “

2188 1373 2466 1441 Quomodo
2503 1400 2630 1457 ergo
2656 1396 2950 1459 poterimus
2976 1401 3116 1460 inter
3145 1415 3252 1465 tam
3289 1417 3484 1474 multos

2187 1468 2417 1528 nefarios
2444 1487 2495 1531 et
2524 1478 2817 1543 homicidas
2842 1490 3058 1563 degere,
3093 1515 3192 1556 nos
3212 1506 3301 1574 qui
3334 1508 3402 1564 ita
3431 1517 3584 1582 pauci
3611 1529 3667 1573 et
3692 1522 3775 1575 vi-

2187 1561 2227 1582 ,_
2294 1579 2323 1582 μ
2481 1571 2504 1582 _
2574 1574 2585 1582 .
2610 1575 2622 1582 .

2919 1561 2932 1563 -
3046 1561 3052 1563 Ἴ
3228 1561 3245 1574 ι
3337 1561 3402 1564 ίτ
3431 1561 3584 1582 Γ-“·“··
3612 1561 3667 1573 "'
3698 1561 3773 1575 "V

2185 1561 2260 1615 les
2285 1571 2505 1625 sumus?
2535 1574 2657 1633 vide
2693 1588 2961 1649 quomodo
3006 1589 3143 1648 hanc
3177 1603 3477 1668 angustiam
3518 1613 3773 1680 expediat

2185 1662 2230 1680 ne
2269 1670 2308 1680 Α.
2334 1658 2435 1680 Ι--ΑΑ
2497 1662 2535 1680 ³⁸
2748 1671 2779 1680 ’“
2838 1676 2847 1680 ⁸

2181 1662 2233 1707 et
2267 1658 2439 1714 Solvat
2484 1662 2668 1723 dicens
2697 1686 2710 1722 :
2738 1671 2847 1728 Sed
2869 1693 3214 1749 exspectarent
3238 1658 3619 1759 promissionem
3651 1704 3766 1763 Pa-

2181 1746 2291 1812 tris,
2320 1766 2473 1820 quam
2503 1758 2717 1816 audistis
2742 1780 2775 1817 a
2798 1782 2895 1822 me.
2926 1746 2993 1826 Et
3015 1780 3378 1851 quandonam,
3408 1788 3635 1859 inquies,
3660 1812 3765 1852 au-

2178 1839 2427 1900 dierunt?
2453 1846 2583 1906 Cum
2615 1855 2815 1916 diceret
2844 1839 3107 1935 :Easpedit
3144 1877 3282 1932 vobis
3329 1839 3381 1934 ui
3420 1839 3512 1955 e910
3552 1839 3759 1948 vadem.

2185 1928 2240 1955 ο,
2295 1935 2414 1955 ω-,ὼ
2659 1948 2700 1955 ,,
2885 1953 2905 1955 ξ

2967 1928 2977 1935 ,
3330 1928 3378 1934 _-
3421 1928 3510 1955 ,ην
3554 1928 3759 1948 -..........

2178 1928 2240 1983 Si
2288 1935 2421 1990 enim
2473 1957 2573 1996 non
2617 1948 2787 2004 abiero
2808 1994 2823 2016 ,
2873 1953 3170 2018 Paracletus
3215 1985 3317 2023 non
3362 1975 3520 2029 veniet
3565 1981 3633 2034 ad
3672 1999 3764 2039 vos

2178 2021 2193 2039 Ι
2233 2019 2251 2039 1
2272 2038 2277 2039 γ
2418 2028 2477 2039 ιιι
2541 2034 2572 2039 -
2594 2034 2601 2039 λ

2176 2019 2498 2138 (Joan.n16.
2541 2034 2640 2103 7);
2685 2048 2740 2093 et
2781 2058 2989 2101 rursum
3011 2090 3025 2111 ,
3060 2051 3172 2124 Ego
3201 2019 3387 2129 rei}de
3418 2019 3759 2138 Patr-enisis;

2176 2110 2327 2138 ..r.~..._
2436 2135 2479 2138 μγ
2553 2124 2564 2138 -
2601 2136 2608 2138 -
2803 2134 2812 2138 -

2239 2302 2292 2355 5.
2344 2303 2408 2359 Et
2448 2321 2545 2363 cur
2572 2327 2677 2369 non
2718 2316 2929 2376 Christo
2978 2342 3273 2400 praesente,
3314 2341 3396 2395 vel
3425 2359 3528 2399 non
3569 2354 3752 2407 statim

2169 2402 2288 2459 post
2332 2398 2449 2464 ejus
2489 2400 2819 2476 discessum,
2850 2415 3063 2473 advenit
3089 2420 3339 2497 Spiritus,
3382 2436 3475 2490 sed
3504 2439 3754 2500 Christus

2165 2484 2563 2559 quadragesima
2586 2496 2673 2553 die
2696 2505 2956 2568 ascendit.
2987 2484 3218 2580 SpiriittS
3242 2535 3369 2577 vero
3388 2526 3603 2586 advenit
3622 2548 3750 2589 cum

2164 2580 2524 2648 compleretur
2544 2588 2659 2645 dies
2687 2592 3071 2657 Pentecostes?
3109 2608 3206 2675 Ac,
3225 2612 3270 2666 si
3308 2619 3541 2675 nondum
3585 2625 3752 2681 adve-

2164 2680 2315 2724 nerat
2348 2672 2455 2740 ille,
2496 2684 2762 2747 quomodo
2790 2687 3033 2749 Christus
3052 2672 3262 2756 dicebat
3284 2720 3299 2758 :
3326 2708 3550 2777 Accipite
3569 2715 3749 2787 Spiri-

2163 2768 2268 2814 tum
2294 2778 2524 2823 sanctum
2553 2773 2573 2842 (
2601 2773 2687 2829 Id.
2716 2780 2804 2835 20.
2833 2783 2903 2837 22
2927 2785 2988 2854 )?
3016 2788 3081 2845 Ut
3118 2793 3239 2850 illos
3279 2768 3504 2870 capaces
3548 2768 3749 2868 redde—

2160 2862 2245 2907 ret
2258 2866 2414 2927 atque
2430 2860 2651 2923 idoneos
2670 2874 2978 2943 accipiendo
2995 2880 3236 2952 Spiritui.
3257 2889 3311 2946 Si
3329 2860 3470 2950 enim
3492 2904 3745 2971 angelum

2159 2945 2369 3003 visurus
2417 2952 2633 3023 Daniel,
2683 2945 3072 3028 dissolvebatu—r
3115 2945 3747 3058 (Dan.

2158 3040 2326 3108 magis
2358 3042 2410 3098 hi
2442 3045 2491 3100 id
2520 3055 2723 3117 passuri
2755 3070 2927 3125 erant,
2960 3040 3159 3123 tantam
3181 3081 3447 3145 accepturi
3482 3040 3737 3152 gratiam.

2158 3126 2252 3152 ιη,
2278 3130 2374 3152 ,ιη
2423 3135 2453 3152 ..
2580 3141 2591 3152 .

3228 3126 3447 3145 ηρ--.
3482 3126 3737 3152 unum...

2158 3126 2252 3182 Vel
2277 3130 2376 3187 hoc
2402 3135 2683 3198 dicendum
2710 3158 2795 3203 est
2814 3192 2829 3215 ,
2854 3154 2938 3209 vel
2966 3160 3107 3226 quod
3138 3178 3249 3218 rem
3284 3167 3514 3228 futuram
3548 3188 3604 3230 ut
3624 3179 3739 3247 jam

2158 3217 2343 3247 ρηηιη...
2382 3224 2460 3247 Δε-
2478 3244 2489 3247 -
2564 3242 2575 3247 -
2698 3246 2701 3247 ν

2154 3217 2346 3277 factam
2377 3224 2616 3300 diceret;
2653 3246 2709 3291 ut
2746 3255 2865 3296 cum
2908 3217 3022 3301 ait':
3051 3250 3253 3308 Calcate
3288 3275 3443 3330 supra
3481 3217 3740 3335 serpeiues

2152 3321 2198 3364 et
2239 3319 2529 3386 scorpiones
2550 3363 2566 3389 ,
2609 3336 2657 3380 et
2682 3345 2840 3401 supra
2877 3351 3076 3394 omnem
3113 3346 3341 3402 virtutem
3368 3352 3560 3410 inimici
3580 3358 3736 3427 (Luc.

2154 3403 2221 3427 nn
2276 3407 2358 3427 Ant
2416 3411 2451 3427 η

2154 3403 2241 3458 l0.
2273 3407 2380 3477 l9).
2414 3411 2519 3467 Cur
2546 3427 2724 3475 autem
2773 3439 2879 3479 non
2920 3435 3046 3486 tunc
3068 3436 3248 3491 statim

2152 3497 2294 3553 tebat
2315 3518 2407 3558 eos
2435 3508 2510 3560 rei
2540 3508 2806 3570 desiderio
2838 3522 3028 3589 teneri,
3053 3534 3214 3597 atque
3240 3531 3308 3585 ita
3334 3538 3557 3603 gratiam
3588 3497 3735 3599 arcci-

2150 3600 2295 3655 perc.
2327 3591 2451 3649 ldeo
2485 3609 2761 3671 postquam
2804 3606 2897 3664 ille
2925 3591 3271 3687 discesserat,
3304 3591 3533 3693 Spiritus
3547 3591 3733 3690 ﬁed};-

2148 3681 2245 3737 nit.
2284 3683 2339 3740 Si
2368 3688 2458 3743 illo
2486 3705 2748 3759 praesente
2773 3702 3039 3771 venisset,
3067 3723 3172 3765 non
3198 3712 3251 3768 in
3280 3724 3422 3772 tanta
3449 3735 3730 3792 exspecta-

2148 3772 2292 3828 tione
2320 3774 2565 3835 fuissent.
2596 3782 2798 3844 ldcirco
2818 3806 2995 3863 neque
3016 3800 3193 3854 statim
3213 3813 3332 3872 post
3350 3812 3725 3870 ascensionem

2143 3862 2261 3931 ejus
2289 3866 2535 3935 advenit,
2565 3874 2661 3929 sed
2708 3888 2827 3947 post
2864 3862 2986 3939 octo
3014 3888 3098 3942 vel
3130 3862 3324 3950 novem
3369 3897 3506 3956 dies.
3552 3903 3627 3960 Ita
3666 3919 3728 3963 et

2143 3972 2242 4012 nos
2280 3969 2388 4015 tum
2432 3967 2665 4025 maxime
2690 3974 2985 4033 excitamur
3010 3996 3135 4053 erga
3161 3985 3352 4057 Deum,
3390 4007 3509 4048 cum
3542 3998 3594 4052 in
3624 4016 3725 4055 nc-

2140 4050 2390 4107 cessitate
2432 4058 2714 4116 constituti
2767 4078 2973 4124 sumus.
3027 4050 3257 4146 Ideoque
3302 4080 3537 4141 Joannes
3588 4099 3721 4147 tunc

2138 4139 2298 4195 mittit
2325 4143 2612 4216 discipulos
2637 4165 2764 4209 suos
2796 4156 2861 4210 ad
2902 4139 3194 4232 Christum,
3224 4172 3438 4238 quando
3463 4139 3553 4231 illo

2137 4229 2369 4290 habituri
2389 4250 2561 4306 erant,
2580 4241 2784 4301 Joanne
2802 4248 2852 4303 in
2869 4266 3084 4312 carcere
3103 4255 3345 4329 degente.
3363 4265 3610 4339 Alioquin
3629 4288 3720 4329 νος

2134 4337 2196 4378 ro
2215 4328 2495 4395 oportebat
2525 4332 2579 4387 in
2607 4336 2739 4391 caelo
2765 4353 3078 4412 comparere
3106 4328 3347 4408 naturam
3368 4328 3629 4427 nostram,
3654 4374 3715 4418 et

2133 4418 2419 4483 perfectam
2449 4427 2934 4488 reconciliationem
2965 4436 3077 4492 fieri
3096 4480 3111 4505 ,
3143 4456 3208 4497 ac
3238 4452 3347 4500 tum
3374 4449 3558 4507 venire
3583 4452 3715 4523 Spi-

2131 4510 2290 4566 ritum
2315 4552 2332 4577 ,
2358 4529 2653 4589 puramque
2682 4525 2878 4595 percipi
2906 4528 3250 4600 voluptatem.
3283 4535 3411 4593 Nam
3440 4541 3485 4596 si
3507 4510 3713 4613 Spiritu

2129 4615 2412 4671 praesente,
2442 4607 2698 4673 Dominus
2726 4614 2964 4685 abiisset,
2992 4620 3080 4677 ille
3107 4639 3238 4680 vero
3264 4631 3565 4699 mansisset,
3596 4650 3711 4691 non

2130 4701 2271 4749 tanta
2298 4695 2481 4753 fuisset
2507 4706 2838 4774 consolatio;
2869 4709 3082 4768 Christo
3108 4717 3248 4772 enim
3278 4719 3561 4778 admodum
3594 4725 3712 4782 bac-

2124 4796 2339 4851 reutes,
2371 4792 2440 4846 ab
2467 4794 2556 4849 illo
2584 4811 2725 4868 aegre
2754 4800 2943 4857 divulsi
2973 4804 3216 4866 fuissent.
3247 4811 3397 4869 Unde
3422 4826 3475 4871 et
3508 4834 3713 4875 conso-

2122 4877 2238 4933 lans
2268 4881 2386 4938 illos
2410 4885 2622 4943 dicebat
2650 4909 2664 4945 :
2692 4890 2913 4964 Expedit
2950 4899 3084 4953 vobis
3115 4915 3170 4955 ut
3192 4920 3283 4975 ego
3310 4908 3491 4961 vadam
3512 4909 3701 4977 (Joan.

2121 4970 2208 5025 16.
2255 4972 2333 5042 7).
2385 4975 2508 5030 ldeo
2563 4981 2870 5040 missionem
2916 4988 3143 5057 Spiritus
3192 4970 3289 5063 per
3332 4998 3533 5067 aliquot
3579 5004 3707 5060 dies

2118 5062 2317 5131 diil‘ert,
2347 5078 2404 5121 ut
2426 5069 2747 5139 aliquamdiu
2774 5078 2947 5132 moesti
2969 5121 2985 5146 ,
3013 5090 3095 5146 et,
3125 5062 3350 5151 utidixi,
3384 5091 3434 5144 in
3464 5097 3708 5149 necessi-

2118 5164 2226 5211 tate
2270 5159 2565 5229 constituti,
2606 5164 2763 5237 plena
2806 5178 2859 5222 et
2902 5186 3028 5239 pura
3075 5173 3376 5234 fruerentur
3399 5183 3700 5251 voluptate.

2115 5244 2168 5300 Si
2199 5262 2324 5301 vero
2351 5251 2524 5305 minor
2557 5264 2701 5309 esset
2739 5255 2877 5312 Filio
2901 5258 3150 5331 Spiritus,
3183 5282 3286 5321 non
3318 5268 3505 5327 fuisset
3534 5274 3703 5331 suffi-

2113 5336 2259 5391 ciens
2301 5341 2596 5397 consolatio
2631 5350 2941 5415 :quomodo
2980 5355 3121 5408 enim
3164 5356 3420 5425 dixisset,
3468 5362 3701 5435 Expedit

2111 5426 2283 5482 vobis?
2314 5428 2438 5484 Ideo
2460 5433 2631 5503 major
2655 5434 2728 5489 illi
2753 5436 2993 5495 doctrina
3021 5458 3289 5504 reservata
3316 5459 3418 5516 est,
3442 5469 3509 5508 ne
3538 5454 3696 5513 illum

2110 5519 2371 5575 minorem
2416 5533 2679 5591 putarent.
2725 5528 3041 5589 Consideres
3081 5537 3237 5593 velim
3284 5554 3537 5610 quantam
3576 5546 3695 5606 illis

2107 5612 2479 5668 necessitatem
2512 5615 2826 5686 imposuerit
2867 5626 3117 5682 manendi
3158 5628 3524 5705 Jerosolymis,
3557 5652 3690 5695 cum

2107 5706 2442 5772 promisisset
2463 5721 2523 5764 se
2554 5709 2662 5766 illic
2688 5710 2942 5782 Spiritum
2986 5720 3331 5788 praebiturum
3377 5742 3514 5783 esse.
3548 5728 3691 5789 Nam

2104 5812 2171 5851 ue
2209 5812 2423 5855 rursum
2462 5811 2583 5871 post
2626 5808 3043 5877 assumptionem
3074 5813 3239 5882 ipsius
3282 5816 3543 5889 fugerent,
3574 5822 3688 5880 hac

2100 5892 2498 5960 exspectatione
2520 5935 2536 5961 ,
2565 5910 2663 5953 ceu
2692 5898 2899 5958 vinculo
2922 5943 2937 5968 ,
2978 5905 3101 5962 illos
3132 5923 3318 5968 omnes
3346 5911 3415 5967 ibi
3458 5913 3684 5971 retinet.
