4024 6546
178 401 237 450 19
1159 402 1226 458 ΙΝ
1265 403 1442 459 ACTA
1482 397 1748 458 ΑΡοὸΤο

1855 396 1993 454 RUM
2034 397 2270 455 HOMIL.
2316 399 2356 453 1.
3341 393 3415 447 ει)

175 527 273 575 περ
310 509 401 563 καὶ
433 508 762 581 ἔμπροσθεν.
789 512 901 583 Οὐχ
925 513 1110 579 άπλῶς
1133 517 1187 569 δὲ
1214 518 1370 571 τοῦτο
1403 516 1596 579 ἐποίει,
1622 516 1737 570 ἀλλ’

174 597 401 664 ἑκάτερα
435 595 573 664 μετά
604 595 889 663 ἀκριϐείας
939 601 1385 665 κατασκευάζων,
1428 602 1524 654 καὶ
1561 601 1622 654 τὸ
1650 619 1738 653 111-

175 678 456 743 στευθῆναι
486 676 586 746 τὴν
628 679 943 741 ἀνάστασιν,
978 684 1070 734 καὶ
1104 683 1164 736 τὸ
1205 686 1430 753 μείζονα
1462 686 1626 738 αὐτὸν
1651 702 1738 738 νο-

178 761 429 830 μισθῆναι
463 760 650 814 λοιπὸν
688 761 719 830 ἥ
749 763 891 815 κατὰ
940 763 1245 835 ἄνθρωπον.
1288 769 1546 837 Καίτοιγε
1572 768 1744 823 ταῦτα

173 845 377 897 ἐναντία
392 840 481 913 ἦν.
518 843 687 913 ’Υπὲρ
719 846 817 913 μὲν
842 846 949 916 γάρ
976 847 1071 901 τοῦ
1106 850 1461 920 πιστευθῆναι
1482 852 1581 921 τὴν
1608 853 1745 906 ἀνά-

173 944 350 979 στασιν
383 926 559 979 πολλά
611 939 638 967 ιι
687 926 1004 999 ἀνθρώπινα
1051 929 1158 984 ἔδει
1199 932 1477 1001 γενέσθαι’
1524 934 1746 1006 ὑπὲρδέ

171 1010 420 1078 θατέρου,
478 1010 810 1063 τούναντίον.
865 1012 1003 1065 Ἀλλ’
1032 1014 1181 1083 ὅμως
1232 1016 1517 1087 ἀμφότερα
1555 1018 1745 1086 γέγονε

168 1095 299 1162 μετά
324 1093 429 1146 τοῦ
470 1095 845 1164 προσήκοντος
876 1096 1093 1167 καιροῦ.
1134 1099 1291 1163 Τίνος
1319 1099 1375 1152 δὲ
1414 1102 1598 1155 ἕνεκεν
1627 1101 1748 1170 οὐχὶ

164 1180 351 1240 πᾶσιν,
374 1176 514 1230 ἀλλά
538 1180 650 1241 τοῖς
670 1176 988 1242 ἀποστόλοις
1016 1180 1216 1250 ἐφάνη;
1251 1183 1374 1237 Ὅτι
1399 1184 1692 1254 φάντασμα
1717 1185 1745 1224 δ

161 1260 223 1313 ἂν
251 1259 442 1324 ἔδοξεν
486 1255 627 1313 εἶναι
657 1262 770 1323 τοῖς
804 1261 1034 1326 πολλοῖς,
1069 1264 1169 1317 οὐκ
1208 1266 1373 1320 είδόσι
1405 1267 1468 1320 τὸ
1500 1268 1746 1338 ἀπόρρη-

160 1361 241 1396 τον
271 1344 373 1397 τοῦ
400 1344 723 1414 μυστηρίου.
752 1343 815 1397 Et
844 1346 951 1417 γάρ
971 1348 1063 1400 καὶ
1079 1349 1231 1403 αὐτοὶ
1254 1351 1302 1404 οί
1327 1350 1563 1421 μαθηταὶ
1586 1353 1745 1421 ὴπίσ-

159 1445 280 1480 τουν
310 1428 412 1496 τὴν
434 1428 607 1497 ἀρχὴν
645 1430 739 1480 καὶ
771 1427 850 1501 [7]
882 1429 1249 1500 ἐθορυϐοῦντο,
1284 1434 1377 1487 καὶ
1404 1435 1554 1505 ἁφῆς
1585 1435 1740 1503 ἐδεή⁸

162 1510 337 1579 θησαν
361 1510 462 1578 τῆς
514 1511 603 1563 διὰ
630 1512 833 1581 χειρὸς,
861 1514 954 1565 καὶ
974 1515 1283 1585 τραπέζης,
1300 1517 1350 1569 τί
1374 1517 1499 1581 τοὺς
1520 1516 1746 1579 πολλοὺς

157 1594 311 1653 εἰκὸς
344 1593 538 1645 παθεῖν
574 1589 641 1663 ἦν
665 1612 679 1659 ;
732 1595 833 1647 Διά
857 1613 938 1649 τοι
978 1597 1134 1650 τοῦτο
1161 1601 1225 1651 ἐκ
1248 1599 1356 1652 τῶν
1380 1600 1621 1670 σημείων
1651 1602 1745 1653 ἀν-

156 1675 465 1745 αμφίδολον
492 1679 640 1727 ποιεῖ
658 1677 756 1746 τῆς
784 1678 1132 1744 ἀναστάσεως
1152 1680 1251 1752 τὴν
1280 1682 1578 1750 ἀπόδειξιν,
1604 1682 1745 1736 ὥστε

159 1757 231 1827 μὴ
273 1760 391 1820 τοῖς
424 1758 547 1811 τότε
584 1758 766 1828 μόνον,
799 1759 937 1814 ἀλλά
964 1762 1057 1814 καὶ⁵
1087 1765 1221 1817 πᾶσι
1251 1767 1363 1828 τοῖς
1405 1766 1543 1835 μετά
1571 1767 1746 1821 ταῦτα

156 1842 407 1913 φανεράν
437 1843 687 1910 γενέσθαι
714 1843 813 1913 τὴν
842 1845 1154 1899 ἀνάστασιν.
1177 1848 1355 1920 Ὅπερ
1380 1850 1487 1921 γὰρ
1520 1851 1747 1914 ἐκείνοις

156 1927 217 1977 ἐκ
244 1924 356 1994 τῆς
396 1925 575 1994 ὅψεως
619 1924 731 1977 τῶν
770 1927 1031 1997 σημείων,
1079 1929 1237 1983 τοῦτο
1274 1932 1338 1985 ἐκ
1380 1933 1479 2003 τῆς
1513 1934 1747 1997 πίστεως

157 2010 327 2062 πᾶσιν
360 2008 593 2078 ὕστερον
622 2007 849 2077 ἔμελλεν
882 2009 1117 2066 ἔσεσθαι.
1168 2014 1264 2068 Διά
1310 2031 1392 2067 τοι
1441 2014 1600 2068 τοῦτο
1652 2015 1748 2069 καὶ

156 2093 282 2154 τοὺς
329 2091 599 2154 ἀπίστους
642 2090 893 2146 ἐντεῦθεν
931 2093 1377 2166 συλλογιζόμεθα.
1406 2098 1470 2150 Εἰ
1504 2099 1611 2169 γάρ
1648 2101 1749 2153 οὐκ

156 2177 382 2243 ἀνέστη,
423 2174 561 2229 ἀλλά
597 2175 754 2244 μένει
786 2176 1001 2247 νεκρὸς,
1034 2178 1153 2243 πῶς
1201 2180 1260 2233 ἐν
1284 2180 1361 2251 τῷ
1392 2180 1617 2255 όνόματι
1647 2184 1747 2236 αὐ-

156 2259 242 2312 τοῦ
278 2261 330 2311 οἱ
371 2258 673 2311 ἀπόστολοι
706 2262 909 2329 σημεῖα
940 2262 1231 2332 ἐποίησαν;
1273 2265 1412 2318 Ἀλλ’
1439 2269 1540 2319 οὐκ
1572 2267 1751 2338 ἐποίη-

161 2359 251 2394 σαν
290 2344 535 2412 σημεῖα;
582 2340 706 2404 Πῶς
738 2338 834 2395 οὖν
877 2344 1101 2415 συνέστη
1137 2345 1197 2397 τὸ
1244 2346 1397 2411 ἔθνος
1449 2349 1509 2402 τὸ
1546 2350 1748 2420 ἡμέτε-

165 2443 288 2495 ρον;
323 2427 403 2478 Οὐ
448 2426 560 2495 γάρ
588 2425 652 2496 δὴ
679 2428 775 2481 καὶ
806 2427 942 2498 πρὸς
980 2427 1137 2482 τοῦτο
1164 2431 1595 2503 ἀντιστήσονται,
1630 2434 1750 2487 οὐδὲ

162 2511 266 2571 τοῖς
299 2507 614 2578 ὁρωμένοις
648 2511 1006 2580 μαχήσονται.
1035 2511 1198 2565 ’Ὢστε
1248 2514 1376 2568 ὅταν
1426 2515 1625 2584 λέγωσι
1675 2516 1750 2587 μὴ

164 2591 417 2659 γενέσθαι
471 2595 698 2660 σημεῖα,
738 2592 998 2663 μειζόνως
1031 2594 1261 2659 ἑαυτοὺς
1309 2599 1747 2667 καταισχύνουσι.

164 2676 327 2728 T0610
350 2675 467 2746 γάρ
498 2676 760 2746 μέγιστον
800 2680 1046 2747 σημεῖον,
1076 2679 1137 2731 τὸ
1166 2682 1337 2750 χωρὶς
1381 2682 1622 2751 σημείων
1648 2684 1751 2753 τὴν

166 2759 493 2828 οἰκουμένην
532 2760 911 2831 προσδραμεῖν
941 2759 1182 2827 ἅπασαν,
1213 2762 1319 2816 ὐπὸ
1362 2763 1569 2818 δώδεκα
1616 2783 1754 2819 πτω-

170 2842 273 2912 χῶν
320 2844 419 2895 καὶ
456 2844 844 2914 ἀγραμμάτων
872 2843 1173 2916 ἀνθρώπων
1219 2848 1579 2903 άλιευθεῖσαν.
1620 2850 1754 2904 Οὐδὲ

173 2926 273 2996 γάρ
303 2924 527 2996 πλούτῳ
560 2927 883 2998 χρημάτων,
911 2928 970 2980 οὐ
1024 2928 1184 2999 σοφίᾳ
1234 2929 1430 2998 λόγων,
1463 2933 1565 2986 οὐκ
1610 2932 1755 3004 ἄλλῳ

176 3014 272 3063 τινι
309 3010 545 3080 τοιούτῳ
576 3012 957 3082 περιεγένοντο
985 3012 1035 3065 οί
1067 3013 1256 3078 ἁλιεῖςο
1288 3013 1429 3068 ὥστε
1463 3017 1557 3070 καὶ
1596 3017 1756 3070 ἀκον-

179 3108 265 3155 τες
307 3095 713 3165 ὁμολογήσουσι
763 3095 912 3148 θείαν
960 3092 1100 3149 εἷναι
1153 3098 1212 3148 ἐν
1266 3099 1450 3162 αὐτοῖς
1501 3099 1751 3169 δύναμιν,

188 3177 455 3247 ἀμήχανον
482 3178 597 3250 γάρ
630 3178 979 3249 ἀνθρωπίνην
1015 3181 1166 3249 ἰσχὺν
1190 3180 1483 3252 δυνηθῆναι
1520 3183 1758 3238 τοσαῦτά

192 3262 331 3315 ποτε.
367 3262 462 3315 Διά
481 3279 567 3315 τοι
591 3261 753 3315 τοῦτο
779 3263 872 3315 καὶ
911 3263 1071 3327 αὐτὸς
1103 3266 1511 3334 τεσσαράκοντα
1543 3267 1756 3338 ἡμέρας

190 3345 357 3414 ἔμεινε
409 3348 551 3416 μετὰ
598 3346 701 3417 τὴν
743 3347 1057 3410 ἀνάστασιν,
1100 3347 1320 3417 ἔλεγχον
1355 3348 1530 3412 διδοὺς
1581 3351 1639 3405 ὲν
1677 3350 1756 3422 τῷ

185 3428 370 3501 μακρῷ
416 3431 600 3501 χρόνῳ
634 3430 736 3499 τῆς
780 3430 954 3500 ὅψεως
988 3432 1087 3501 τῆς
1125 3432 1349 3495 οἰκείας,
1394 3433 1479 3486 ’ίνα
1517 3435 1592 3505 μὴ
1620 3436 1756 3504 φάν-

178 3530 356 3582 τασμα
383 3509 526 3567 εἶναι
570 3514 834 3584 νομίσωσι
869 3516 929 3568 τὸ
961 3515 1257 3586 ὁρώμενον.
1292 3517 1402 3569 Καὶ
1441 3517 1561 3570 οὐδὲ
1585 3518 1758 3589 τούτῳ

178 3597 443 3669 ἠρκέσθη,
474 3597 617 3650 ἀλλὰ
648 3598 744 3649 καὶ
781 3597 1059 3668 τράπεζαν
1090 3599 1420 3668 προσετίθει.
1445 3600 1623 3671 Ὅπερ
1666 3598 1758 3655 οὖν

175 3680 263 3732 καὶ
283 3679 497 3749 προῖὼν
527 3678 701 3747 λέγει’
726 3680 833 3735 Καὶ
864 3678 1330 3749 συναλιζῖῖμενος
1360 3682 1759 3749 αὑτοῖς.Τοῦτο

175 3758 228 3816 δὲ
258 3762 346 3815 ἀεὶ
373 3763 473 3815 καὶ
526 3763 682 3815 αὐτοὶ
709 3764 755 3816 οἱ
790 3764 1077 3817 ἀπόστολοι
1124 3768 1421 3836 τεκμήριον
1480 3767 1759 3820 ἐποιοῦντο

110 3918 117 3925 ο
174 3847 270 3917 τῆς
339 3845 703 3909 ἀναστάσεως
779 3846 1064 3916 λέγοντεςο
1126 3849 1358 3914 Οἵτινες
1417 3850 1758 3921 συνεφάγο-

169 3947 282 3998 μεν
314 3929 419 3983 καὶ
453 3929 827 3997 συνεπίομεν
876 3929 1053 3995 αὐτῷ.
1085 3929 1151 3983 Τί
1190 3930 1248 3984 δὲ
1303 3932 1397 3984 καὶ
1441 3933 1759 4002 φαινόμενος

174 4013 369 4072 ἐποίει,
410 4013 480 4066 δι’
518 4006 594 4065 ὧν
637 4014 883 4083 ἐπήγαγε
913 4013 1147 4067 δείκνυσι
1176 4013 1369 4082 λέγων’
1406 4016 1758 4086 Ὀπτανόμε-

173 4115 281 4162 νος
311 4095 541 4159 αὐτοῖς,
590 4096 689 4149 καὶ
734 4096 933 4166 λέγων
965 4096 1035 4148 τὰ
1066 4097 1199 4165 περὶ
1228 4096 1336 4163 τῆς
1378 4109 1399 4136 ο
1434 4099 1760 4171 βασιλείας

173 4180 282 4232 τοῦ
316 4178 489 4232 Θεοῦ.
528 4179 684 4231 Ἐπεὶ
740 4178 795 4231 δὲ
851 4182 946 4232 καὶ
974 4178 999 4217 d
1036 4182 1407 4249 πεπονηκότες
1450 4177 1611 4253 ἦσαν,
1665 4184 1759 4236 καὶ

171 4263 581 4332 τεταραγμένοι
602 4264 716 4321 τοῖς
740 4262 843 4332 ἥδη
866 4264 1278 4332 γεγενημένοις,
1308 4265 1402 4318 καὶ
1430 4266 1566 4334 πρὸς
1598 4267 1759 4336 μεγά.

172 4346 307 4407 λους
335 4344 559 4414 ἔμελλον
593 4344 779 4396 λοιπὸν
808 4343 1011 4410 ἐξιέναι
1048 4346 1286 4413 ἀγῶνας,
1330 4350 1442 4411 τοῖς
1484 4351 1613 4420 περὶ
1652 4350 1760 4402 τῶν

176 4430 489 4499 μελλόντων
532 4429 732 4492 αὐτοὺς
782 4426 1165 4499 ἀνακτώμενος
1197 4430 1397 4498 λόγοις,
1439 4433 1759 4504 Παρήγγει-

172 4519 289 4567 λεν
320 4513 438 4566 ἀπὸ
470 4513 898 4580 Ἰεροσολύμων
918 4512 1001 4581 μὴ
1030 4513 1393 4581 χωρίζεσθαι,
1422 4517 1584 4571 ἀλλὰ
1606 4533 1762 4585 περι-

168 4598 383 4667 μένειν
419 4598 535 4663 τὴν
569 4597 935 4665 ἐπαγγελίαν
963 4596 1067 4648 τοῦ
1105 4599 1357 4664 Πατρός.
1406 4600 1626 4669 Πρῶτον
1660 4603 1761 4655 αὐ-

173 4684 304 4742 τοὺς
334 4684 415 4743 εἰς
457 4686 556 4750 τὴν
590 4679 880 4733 Γαλιλαίαν
928 4678 1188 4750 ἐξήγαγε,
1222 4682 1530 4748 δεδοικότας
1559 4683 1639 4738 ἔτι
1667 4687 1762 4739 καὶ

172 4766 511 4834 τρέμοντας,
541 4762 627 4815 ἵνα
680 4763 816 4832 μετά
852 4762 1035 4825 ἀδείας
1071 4762 1345 4818 ἀκούσωσι
1395 4766 1501 4819 τῶν
1533 4767 1760 4839 λεγομέ-

175 4867 305 4901 νων.
335 4843 492 4906 Εἶτα,
528 4844 715 4915 ἐπειδὴ
766 4846 1027 4915 ἤκουσαν,
1070 4846 1165 4899 καὶ
1202 4850 1608 4920 τεσσαράκοντα
1642 4870 1763 4904 συν-

174 4934 464 5004 διέτριᾲαν
492 4930 726 5002 ἡμέρας,
760 4930 1129 5001 Παρήγγειλε
1161 4933 1246 5004 μὴ
1288 4936 1405 4990 ἀπὸ
1441 4938 1764 5007 Ἰεροσολύ-

168 5034 307 5085 μων
338 5016 718 5084 χωρίζεσθαι.
746 5014 812 5066 Τί
844 5015 1077 5085 δήποτε;
1109 5018 1378 5090 Καθάπερ
1411 5020 1560 5085 τινὰς
1599 5039 1765 5093 στρα-

175 5101 378 5163 τιώτας
404 5099 705 5170 μέλλοντας
738 5100 819 5161 είς
845 5098 1047 5169 πλῆθος
1076 5102 1392 5172 ἐμπίπτειν,
1417 5105 1590 5168 οὐδεὶς
1610 5107 1767 5177 ἀφίηο

180 5201 263 5238 σιν
296 5184 558 5249 ἐξελθεῖν,
611 5182 715 5246 ἓως
746 5183 811 5236 ἂν
842 5184 1192 5239 όπλίσωνται·
1244 5187 1363 5241 οὐδὲ
1398 5189 1595 5252 ἵππους
1628 5209 1763 5261 προ-

183 5268 355 5339 πηδᾷ-ν
398 5268 502 5337 τῆς
556 5265 825 5336 βαλϐῖδος,
863 5267 967 5330 ἕως
1013 5266 1078 5320 ἂν
1106 5269 1198 5322 τὸν
1225 5270 1444 5341 ἡνίοχον
1491 5273 1759 5326 λάϐωσινο

182 5350 322 5401 οὕτω
351 5349 417 5419 δὴ
452 5351 547 5403 καί
574 5349 771 5412 αὐτοὺς
797 5349 903 5420 πρὸ
935 5350 1035 5420 τῆς
1065 5351 1157 5405 τοῦ
1186 5353 1502 5425 Πνεύματος
1534 5356 1763 5410 καθόδου

186 5434 420 5503 φανῆναι
477 5435 572 5485 ἐπὶ
616 5434 715 5502 τῆς
750 5432 1109 5503 παρατάξεως
1149 5437 1249 5489 οὐκ
1294 5438 1463 5507 ἠφίει,
1506 5439 1646 5493 ὥστε
1692 5440 1765 5513 μή

188 5519 436 5584 γενέσθαι
470 5516 836 5589 εὐχειρώτους
892 5519 987 5572 καὶ
1037 5520 1347 5591 ἀλωσίμους
1386 5526 1496 5587 τοῖς
1528 5525 1761 5590 πολλοῖς.

194 5605 256 5655 υὺ
285 5605 371 5658 διὰ
401 5605 563 5659 τοῦτο
608 5603 667 5658 δὲ
701 5604 885 5675 μόνον,
913 5603 1048 5658 ἀλλά
1090 5607 1183 5659 καὶ
1210 5608 1395 5679 ἐπειδὴ
1420 5610 1603 5664 πολλοὶ
1626 5609 1765 5682 ἦσαν

206 5863 219 5875 η
254 5804 275 5831 ³
301 5803 446 5876 ‘Unps
606 5801 903 5876 ,ἀξάστασινν
937 5804 1018 5876 κεί
1035 5805 1093 5876 τὸ
1114 5808 1302 5876 μείζονα
1331 5810 1475 5876 αὐτὸν
1494 5813 1767 5876 νομισθῆναι

209 5864 345 5913 ὶαιὸν
380 5868 411 5923 ἢ
446 5864 1073 5936 κατα-ἀνθρσπογηπολλά.
1107 5864 1165 5936 Jb
1190 5870 1361 5920 Morel.
1390 5873 1523 5936 solus
1550 5864 1616 5921 ἔτι
1655 5864 1769 5936 φάν-

448 5929 473 5957 c
502 5926 652 5998 Alius:
677 5924 741 5998 ’τί
792 5924 844 5971 δὲ
878 5924 1031 5997 έποίει
1054 5930 1154 5998 σὰς
1188 5933 1550 5998 τεσσαράκοντα
1590 5924 1767 5997 ἡμέρας

213 5986 521 6058 ὀπτα-ρόμενος
548 5986 807 6058 Διελξγετα
836 5986 1002 6058 αὐτοῖς
1017 5991 1076 6037 τὰ
1100 5986 1202 6058 περὶ
1234 5986 1358 6053 τῆς.’
1400 5996 1427 6036 ά
1450 5996 1584 6046 Unus
1607 5986 1765 6054 ὲέτείδή

214 6050 291 6095 ni.
322 6049 437 6099 Infra
458 6050 632 6099 λοιπὸν
664 6047 815 6094 deest
837 6047 885 6095 in
904 6047 1191 6110 quibusdam
1218 6047 1332 6105 méé.

1842 516 1892 567 οἱ
1926 514 2208 585 μέλλοντες
2232 512 2507 567 πιστεύειν
2533 512 2739 569 αὐτόθι.
2769 516 2879 571 Καὶ
2913 513 3048 587 πρὸς
3072 513 3281 576 τούτοις
3310 516 3417 569 πά-

1844 598 1948 661 λιν,
1972 597 2058 652 ἵνα
2091 598 2166 668 μὴ
2190 597 2390 666 λέγωσί
2419 614 2583 661 τινες,
2605 599 2686 652 ὅτι
2709 599 2834 663 τοὺς
2856 599 3164 669 γνωρίμους
3193 597 3423 665 ἀφέντες

1850 680 2003 752 παρὰ
2032 685 2145 743 τοῖς
2181 682 2350 747 ξένοις
2374 677 2537 752 ἦλθον
2559 683 2865 752 κομπάσαι,
2889 683 3080 737 τούτου
3109 681 3268 752 χάριν
3292 685 3421 753 παρ’

1846 765 2032 829 αὐτοῖς
2059 767 2172 828 τοῖς
2200 764 2559 834 πεφονευκόσι
2600 766 2898 837 παρέχουσι
2929 765 3000 819 τὰ
3022 768 3297 835 τεκμήρια
3325 766 3424 833 τῆς

1843 847 2210 910 ἀναστάσεως,
2244 848 2375 917 παρ’
2402 848 2585 911 αὐτοῖς
2613 852 2723 912 τοῖς
2753 847 3148 920 ἐσταυρωκόσι,
3181 850 3291 910 τοῖς
3331 847 3426 901 θά-

1842 929 2029 999 ψασιν,
2082 928 2162 1001 [8]
2210 932 2270 983 ἐν
2320 931 2456 1001 αὐτῇ
2492 934 2556 1001 τῇ
2609 932 2759 985 πόλει
2794 932 2853 985 ἐν
2990 930 3050 983 τὸ
3082 931 3314 1001 πρᾶγμα
3363 930 3426 983 τὸ

1844 1014 2161 1085 παράνομον
2194 1013 2489 1084 ἐτολμήθη,
2518 1014 2658 1067 ὥστε
2692 1016 2785 1069 καὶ
2825 1017 2950 1078 τοὺς
2988 1013 3185 1080 ἔξωθεν
3212 1018 3427 1067 ἐπιστο-

1847 1097 2104 1167 μισθῆναι
2129 1096 2393 1159 ἅπαντας.
2416 1097 2584 1151 Ὅταν
2620 1099 2729 1167 γὰρ
2764 1099 2814 1151 οί
2840 1097 3250 1169 ἐσταυρωκότες
3271 1096 3425 1149 αὐτοὶ

1846 1180 2144 1250 φαίνωνται
2199 1180 2294 1233 καὶ
2352 1181 2802 1245 πεπιστευκότες,
2853 1180 3096 1251 εὔδηλον,
3139 1179 3220 1233 011
3262 1179 3356 1233 καὶ
3398 1181 3428 1232 0

1848 1264 2081 1334 σταυρὸς
2113 1263 2321 1317 καὶτοῦ
2346 1264 2694 1334 τολμήματος
2718 1264 2988 1317 ἐδείκνυτο
3021 1266 3054 1335 ή
3085 1264 3423 1333 παρανομία,

1844 1348 1937 1401 καὶ
1964 1347 2063 1416 τῆς
2092 1347 2442 1409 ἀναστάσεως
2475 1347 2643 1417 πολλὴ
2672 1350 2705 1418 ἡ
2743 1348 3035 1414 ἀπόδειξις.
3069 1342 3201 1401 Εἶτα
3234 1349 3319 1401 ἵνα
3350 1348 3429 1417 μὴ

1842 1430 2060 1499 λέγωσι,
2088 1430 2211 1495 Πῶς
2239 1427 2331 1484 οὖν
2360 1431 2701 1502 δυνησόμεθα
2737 1432 2939 1502 μεταξὺ
2969 1431 3271 1502 ἀνθρώπων
3298 1449 3420 1501 μια⁶

1846 1509 1955 1583 ρῶν
1989 1514 2083 1567 καὶ
2116 1513 2436 1581 φονούντων,
2482 1515 2574 1568 καὶ
2619 1514 2885 1567 τοσούτων
2907 1514 3095 1576 όντων,
3121 1513 3294 1581 ὀλίγοι
3323 1515 3422 1566 καὶ

1845 1598 2081 1660 εὐτελεῖς
2126 1597 2277 1660 ὄντες
2308 1597 2511 1667 μένειν,
2554 1599 2676 1668 δρα,
2725 1598 2841 1660 πῶς
2884 1597 2999 1650 λύει
3034 1596 3132 1666 τὴν
3161 1596 3425 1664 ἀγωνίαν,

1845 1680 2032 1734 εἰπών’
2071 1680 2254 1735 Ἀλλὰ
2282 1681 2619 1749 περιμένειν
2645 1680 2762 1748 τὴν
2787 1681 3153 1751 ἐπαγγελίαν
3178 1677 3284 1732 τοῦ
3311 1681 3429 1731 Ha-

1844 1763 2003 1830 τρὸς,
2040 1762 2120 1830 ἢν
2150 1763 2453 1832 ἠκούσατέ
2482 1782 2621 1833 μου.
2659 1765 2769 1818 Καὶ
2795 1766 2923 1818 πότε
2952 1766 3208 1835 ἥκουσαν,
3242 1763 3429 1832 φησίν;

1848 1847 1977 1900 Ὅτε
2006 1845 2179 1914 ἔλεγε·
2217 1846 2511 1916 Συμερέρει
2548 1848 2691 1916 ὑμῖν
2718 1849 2819 1902 ἵνα
2847 1848 2961 1917 ἐγὼ
2999 1849 3260 1903 ἀπέλθω.
3294 1848 3435 1899 Ἐὰν

1849 1930 1958 2000 γὰρ
1985 1930 2099 1998 ἐγὼ
2124 1929 2210 1999 μὴ
2245 1930 2506 1994 ἀπέλθω,
2549 1934 2582 1984 ό
2629 1932 3017 1999 Παράκλητος
3044 1934 3154 1984 οὐκ
3184 1932 3431 1985 ἐλεύσε-

1846 2031 1940 2069 ται
1971 2016 2121 2083 πρὸς
2152 2014 2328 2084 ὑμᾶς’
2360 2016 2454 2069 καὶ
2481 2015 2664 2079 πάλιν,
2704 2015 3010 2084 Ἐρωτήσω
3038 2016 3145 2068 τὸν
3175 2015 3429 2081 Πατέρα,

1848 2100 1943 2153 καὶ
1980 2100 2178 2154 ἄλλον
2210 2098 2611 2168 Παράκλητον
2660 2100 2883 2169 πέμψει
2931 2099 3093 2169 ὑμῖν,
3134 2100 3234 2153 ἵνα
3275 2098 3430 2168 μένῃ

1844 2181 1970 2251 μεθ’
2009 2178 2196 2249 ὑμῶν.

1920 2264 1979 2319 ε’.
2010 2264 2118 2318 Καὶ
2143 2263 2286 2328 τίνος
2307 2264 2491 2318 ἕνεκεν
2513 2264 2634 2335 οὐχὶ
2654 2264 2919 2336 παρόντος
2942 2263 3104 2318 αὐτοῦ
3126 2263 3246 2317 οὐδὲ
3268 2264 3432 2316 ἀπελ-

1853 2347 2034 2411 θόντος
2059 2347 2260 2409 εὐθέως
2282 2346 2640 2417 παρεγένετο,
2668 2346 2782 2399 ἀλλ’
2814 2346 2976 2408 αὐτὸς
3014 2347 3113 2415 μὲν
3135 2350 3203 2416 τῇ
3231 2364 3431 2399 τεσσα-

1853 2433 2095 2501 ρακοστῇ
2122 2430 2305 2501 ἡμέρᾳ
2334 2429 2556 2499 ἀνῆλθε,
2583 2431 2644 2483 τὸ
2671 2430 2726 2483 δὲ
2750 2430 2975 2499 Πνεῦμα
3004 2432 3336 2500 παρεγένετο
3373 2432 3432 2483 ὲν

1849 2515 1927 2585 τῷ
1972 2514 2424 2586 συμπληροῦσθαι
2474 2516 2573 2585 τὴν
2621 2514 2833 2585 ἡμέραν
2877 2514 2979 2583 τῆς
3030 2515 3428 2585 πεντηκοστῆς;

1851 2598 1962 2652 Καὶ
1990 2599 2125 2661 πῶς,
2182 2600 2231 2651 εἰ
2278 2598 2505 2668 μηδέπω
2555 2599 2938 2669 παρεγεγόνει,
2991 2598 3163 2666 ἔλεγε,
3208 2599 3433 2652 Λάϐετε

1852 2682 2093 2750 Πνεῦμα
2125 2682 2332 2751 ἄγιον;
2362 2682 2477 2734 Ἵνα
2509 2682 2792 2744 δεκτικοὺς
2840 2682 3035 2745 αὐτοὺς
3080 2683 3306 2753 ποιήσῃ,
3337 2683 3433 2734 καὶ

1852 2764 2161 2835 ἀρκοῦντας
2193 2764 2328 2833 πρὸς
2354 2765 2453 2833 τὴν
2478 2764 2767 2833 ὑποδοχήν.
2801 2765 2863 2817 Et
2907 2766 3013 2834 γὰρ
3046 2764 3275 2832 άγγελον
3308 2764 3435 2833 μέλ-

1851 2846 1957 2901 λων
2001 2848 2131 2918 όρᾷν
2170 2849 2199 2900 0
2244 2846 2440 2918 Δανιὴλ
2484 2846 2712 2916 παρίετο
2750 2858 2797 2909 θ,
2833 2846 3014 2916 πολλῷ
3058 2846 3257 2916 μᾶλλον
3287 2843 3433 2899 06101

1856 2929 2135 3000 μέλλοντες
2193 2930 2460 3000 τοσαύτην
2505 2930 2755 2999 δέχεσθαι
2803 2931 2980 3001 χάριν.
3015 2931 3083 2982 Ἦ
3140 2928 3298 2983 τοῦτο
3342 2926 3437 2983 οὖν

1852 3013 2000 3067 ἔστιν
2027 3014 2228 3075 εἰπεῖν,
2258 3012 2290 3083 ἢ
2317 3014 2398 3067 ὅτι
2428 3013 2492 3066 τὸ
2529 3013 2722 3083 μέλλον
2746 3013 2967 3067 ἔσεσθαι
2991 3013 3064 3076 ὡς
3087 3012 3189 3083 ήδη
3217 3029 3437 3081 γεγενη-

1857 3096 2016 3167 μένον
2047 3097 2290 3169 είρηκεν,
2335 3097 2526 3168 ὥσπερ
2573 3098 2702 3151 ὅταν
2742 3097 2898 3168 λέγῃ,
2951 3096 3191 3151 Πιιτεῖτε
3234 3094 3436 3148 ἐπάνω

1855 3180 2050 3250 ὄφεων
2075 3180 2173 3233 καὶ
2206 3182 2535 3247 σκορπίων,
2562 3180 2661 3233 καὶ
2681 3180 2778 3233 ἐπὶ
2805 3178 3012 3234 πᾶσαν
3035 3179 3152 3246 τὴν
3179 3179 3437 3243 δύναμιν

1854 3264 1962 3331 τοῦ
1990 3265 2228 3334 ἐχθροῦ.
2262 3264 2418 3327 Τίνος
2440 3263 2495 3315 δὲ
2524 3263 2710 3316 ἕνεκεν
2739 3263 2837 3316 οὐκ
2860 3263 3018 3325 εὐθὺς
3044 3263 3165 3315 τότε
3193 3278 3434 3333 παρεγε-

1854 3346 2032 3415 γόνει;
2067 3346 2153 3398 Ἐν
2181 3344 2444 3415 ἐπιθυμίᾳ
2484 3345 2679 3409 αὐτοὺς
2713 3346 2819 3398 ἔδει
2859 3345 3111 3413 γενέσθαι
3141 3344 3236 3398 τοῦ
3266 3344 3438 3415 πράγ-

1858 3446 2046 3498 ματος,
2076 3428 2170 3480 καὶ
2202 3427 2343 3481 οὕτω
2376 3427 2629 3493 δέξασθαι
2662 3427 2759 3499 τὴν
2798 3428 2977 3499 χάριν.
3020 3428 3118 3480 Διά
3162 3427 3318 3480 τοῦτο
3346 3428 3435 3479 ὅτε

1857 3512 2017 3575 αὐτὸς
2042 3513 2262 3579 ἀπέπτη
2301 3510 2345 3574 ί,
2376 3512 2497 3564 τότε
2525 3514 2700 3565 ἐκεῖνο
2732 3507 2915 3582 ἦλθεν.
2947 3513 3010 3565 Εί
3036 3511 3094 3565 δὲ
3126 3506 3277 3581 ἦλθε,
3304 3508 3439 3581 παρ-

1857 3596 2006 3658 όντος
2034 3595 2221 3656 αὐτοῦ,
2254 3596 2353 3648 οὐκ
2380 3594 2446 3648 ἂν
2487 3596 2545 3650 ἐν
2570 3594 2806 3668 τοσαύτη
2839 3597 3087 3664 ἐγένοντο
3116 3596 3433 3666 προσδοκίᾳ.

1859 3678 1959 3731 Διά
1988 3678 2148 3731 τοῦτο
2178 3678 2300 3731 οὐδὲ
2330 3678 2533 3743 εὐθέως
2571 3679 2886 3742 ἀνελθόντος
2930 3679 3097 3732 αὐτοῦ
3134 3680 3434 3749 παραγίνε-

1860 3779 1969 3825 ται,
2002 3760 2138 3815 ἀλλὰ
2187 3760 2325 3832 μετά
2361 3761 2506 3814 ὀκτὼ
2560 3761 2593 3833 ἢ
2651 3762 2809 3817 ἐννέα
2851 3763 3081 3832 ἡμέρας.
3127 3761 3293 3820 ,Οὕτω
3342 3764 3439 3816 καὶ

1859 3847 2019 3916 ήμεῖς
2068 3846 2205 3916 πρὸς
2253 3845 2345 3899 τὸν
2396 3846 2529 3899 Θεὸν
2578 3844 2699 3899 τότε
2749 3844 2981 3915 μάλιστα
3034 3846 3433 3916 διεγειρόμεθα,

1858 3930 1986 3984 ὃταν
2019 3932 2076 3983 ἐν
2111 3929 2272 4001 χρείᾳ
2302 3929 2683 3999 καταστῶμεν.
2718 3929 2816 3982 Διά
2859 3929 3016 3983 τοῦτο
3057 3932 3152 3984 καὶ
3184 3932 3439 3999 Ἰωάννης

1859 4012 1981 4066 τότε
2019 4012 2254 4083 μάλιστα
2294 4011 2503 4082 πέμπει
2547 4012 2673 4074 τοὺς
2710 4011 2956 4082 μαθητὰς
2998 4013 3130 4083 πρὸς
3175 4014 3267 4066 τὸν
3303 4015 3437 4083 Χρι-

1863 4095 2005 4156 στὸν,
2029 4096 2115 4149 ὅτε
2140 4094 2366 4163 ἔμελλον
2387 4098 2443 4148 ἐν
2466 4095 2626 4166 χρείᾳ
2645 4091 2782 4148 εῖναι
2808 4095 2900 4149 τοῦ
2935 4095 3131 4164 Ἰησοῦ,
3149 4096 3210 4149 τὸ
3233 4096 3441 4166 δεσμω-

1860 4179 2045 4248 τήριον
2074 4176 2350 4242 οἰκοῦντος
2376 4178 2611 4231 ἐκείνου.
2638 4177 2848 4240 ’Ἄλλως
2891 4178 2970 4243 δὲ,
3001 4178 3107 4233 ἔδει
3141 4180 3199 4232 ἐν
3223 4178 3439 4249 οὐρανῷ

1862 4262 2093 4332 φανῆναι
2124 4262 2223 4333 τὴν
2252 4261 2531 4332 ἡμετέραν
2582 4261 2764 4331 φύσιν,
2802 4262 2896 4316 καὶ
2941 4263 3040 4327 τὰς
3091 4263 3440 4331 καταλλαγὰς

1861 4345 2110 4413 γενέσθαι
2142 4345 2575 4418 ἀπηρτισμένας,
2610 4347 2702 4400 καὶ
2738 4346 2857 4398 τότε
2888 4346 3061 4400 ἐλθεῖν
3090 4347 3151 4400 τὸ
3192 4347 3437 4417 Πνεῦμα,

1862 4429 1958 4481 καὶ
1991 4428 2239 4499 καθαράν
2264 4429 2516 4496 γενέσθαι
2555 4428 2654 4498 τὴν
2695 4429 2909 4499 ἡδονήν.
2946 4431 3006 4481 Εἰ
3035 4431 3140 4501 γὰρ
3174 4431 3441 4501 παρόντος

1863 4512 2050 4578 αὐτοῦ,
2081 4515 2109 4566 ὁ
2139 4513 2236 4582 μὲν
2264 4511 2527 4582 ἀπῆλθεν,
2562 4514 2591 4565 0
2624 4513 2681 4566 δὲ
2717 4513 2957 4582 ἔμεινεν,
2982 4514 3081 4567 οὐκ
3117 4514 3182 4568 ἂν
3220 4511 3288 4585 ἦν
3316 4532 3440 4567 τοσ-

1862 4596 2000 4650 αῦτα
2042 4597 2113 4651 τά
2165 4596 2263 4665 τῆς
2311 4596 2684 4667 παραμυθίας·
2721 4598 2815 4651 καὶ
2854 4598 2963 4668 γάρ
3019 4598 3221 4669 σφόδρα
3273 4598 3441 4652 αὐτοῦ

1860 4681 2327 4744 δυσαποσπάστως
2354 4677 2517 4751 εἶχον.
2546 4682 2636 4734 Διὸ
2654 4683 2746 4735 καὶ
2773 4682 2926 4750 ἔλεγε
2945 4682 3441 4754 παραμυθούμενος

1862 4762 2076 4827 αὐτούς’
2102 4762 2395 4833 Συμφέρει
2422 4763 2567 4833 ὑμῖν
2597 4765 2698 4818 ἵνα
2726 4764 2841 4834 ἐγὼ
2866 4766 3124 4819 ἀπέλθω.
3153 4765 3251 4817 Διά
3282 4765 3445 4817 τοῦτο

1863 4848 1958 4901 καὶ
1986 4846 2198 4919 ἡμέρας
2243 4847 2503 4917 ἀναμένει
2536 4847 2636 4910 τὰς
2676 4848 2902 4918 μεταξὺ,
2950 4849 3035 4901 ἵνα
3084 4848 3276 4917 μικρὸν
3312 4847 3443 4900 ἀθυ-

1867 4931 2158 5000 μήσαντες,
2205 4930 2300 4984 καὶ
2346 4932 2404 4983 ἐν
2456 4932 2632 5003 χρείᾳ,
2680 4932 2816 5000 ὅπερ
2863 4932 3019 5001 ἔφην,
3048 4930 3438 4993 καταστάντες,

1862 5013 2151 5085 ὁλόκληρον
2184 5014 2278 5066 καὶ
2328 5013 2575 5084 καθαρὰν
2625 5012 3022 5083 καρπώσωνται
3076 5011 3173 5083 τὴν
3221 5013 3440 5083 ήδονήν.

1864 5098 1925 5150 Εἰ
1949 5097 2005 5150 δὲ
2032 5098 2249 5151 ἔλαττον
2272 5092 2339 5167 ἦν
2364 5098 2423 5152 τὸ
2445 5097 2691 5167 Πνεῦμα,
2718 5096 2816 5149 οὐκ
2836 5092 2904 5168 ἧν
2930 5095 3175 5166 ἀρκοῦσα
3201 5097 3232 5167 ἡ
3262 5113 3440 5166 παροι-

1866 5180 2051 5251 μυθία.
2108 5181 2232 5245 Πῶς
2281 5182 2338 5234 δὲ
2387 5183 2482 5235 καὶ
2527 5181 2700 5248 ἔλεγε,
2760 5179 3051 5250 Συμςρέρει
3108 5181 3280 5247 Quir;
3340 5181 3439 5234 Διά

1862 5266 2020 5319 τοῦτο
2050 5264 2117 5318 τὰ
2154 5266 2375 5334 μείζονα
2419 5264 2566 5334 αὐτῷ
2606 5266 2905 5336 τετήρηται
2947 5266 3042 5334 τῆς
3071 5264 3441 5328 διδασκαλίας,

1866 5350 1952 5403 ἵνα
1990 5349 2064 5420 μὴ
2095 5349 2314 5402 ἔλαττον
2337 5349 2467 5401 αὐτὸ
2498 5347 2781 5416 νομίσωσι.
2809 5347 3006 5401 Σκόπει
3037 5348 3093 5400 δὲ
3121 5347 3314 5418 ἡλίκην
3343 5348 3411 5400 αὐ
3436 5378 3441 5383 -

1863 5436 1975 5496 τοῖς
2021 5433 2266 5501 ἀνάγκην
2312 5432 2582 5501 ἐπέθηκεν
2622 5433 2679 5486 ἐν
2716 5432 3105 5504 Ἰεροσολύμοις
3150 5428 3309 5494 εἶναι,
3361 5449 3443 5503 τῳ

1866 5517 2197 5587 ὑποσχέσθαι
2219 5518 2336 5569 ἐκεῖ
2356 5516 2416 5570 10
2450 5517 2672 5588 Πνεῦμα
2701 5516 3050 5588 παρέχεσθαι.
3084 5517 3202 5569 Ἵνα
3228 5516 3336 5586 γὰρ
3365 5515 3443 5587 μὴ

1864 5602 2028 5655 πάλιν
2055 5599 2133 5672 [9]
2166 5600 2304 5671 μετά
2325 5602 2425 5671 τὴν
2447 5602 2711 5673 ἀνάληψιν
2737 5600 2900 5655 αὐτοῦ
2931 5600 3169 5669 φύγωσι,
3188 5602 3252 5671 τῇ
3280 5616 3441 5669 προσ-

1864 5685 2019 5756 δοκίᾳ
2063 5684 2236 5754 ταύτῃ
2290 5685 2540 5758 καθάπερ
2584 5687 2690 5739 τινὶ
2723 5685 2908 5757 δεσμῷ
2958 5686 3175 5754 κατέχει
3234 5683 3441 5745 πάντας

1866 5770 2064 5830 αὐτοὺς
2091 5769 2291 5821 ἐκεῖσε.
2343 5768 2525 5822 Εἰπὼν
2552 5769 2630 5830 δὲ,
2667 5769 3009 5838 Περιμένειν
3052 5769 3163 5835 τὴν
3192 5768 3442 5837 ἐπαγγε-

1866 5854 2007 5907 λίαν
2037 5852 2145 5906 τοῦ
2183 5854 2432 5920 Πατρός,
2492 5851 2572 5919 ἢν
2602 5851 2904 5920 ἠκούσατέ
2946 5870 3088 5921 μου,
3123 5852 3400 5922 ἐπήγαγεν
3422 5865 3437 5881 ο

1933 6008 1956 6035 e
1984 5992 2154 6042 Morel.
2179 5994 2393 6057 παρίετο,
2432 5991 2585 6057 εῃνίι.
2610 5992 2860 6057 διελύετο.Δ
2892 5991 3110 6057 nmque
3146 5990 3297 6039 lectio
3319 6001 3439 6049 qua-

1868 6058 2011 6105 ιιι-στρ
2050 6053 2261 6118 potele
2306 6054 2326 6093 ί
2375 6053 2526 6105 Savil.
2573 6057 2619 6104 in
2653 6066 2804 6117 marg.
2839 6053 3042 6109 ἀπέστη.
