4022 6364
559 311 626 367 3|
1299 305 1361 363 S.
1398 303 1684 363 JOANNIS
1720 298 2216 360 CHRYSOSTOMI
2256 300 2577 358 ARCHIEP.
2618 296 3186 358 CONSTANTINOP.-
3748 296 3828 352 22

562 429 691 483 Ὅτι
722 424 998 493 Ἰωάννης
1023 423 1141 494 μὲν
1167 423 1490 479 ἐϐάπτισεν
1513 424 1704 488 ὕδατι,
1723 420 1911 492 ’ὑμεῖς
1941 421 2012 475 δὲ
2034 420 2143 485 ,βα-

564 509 974 577 πτισθήσεσθε
1020 507 1090 562 ἐν
1117 510 1412 577 Πνεύματι
1444 509 1591 575 ἁγίῳ
1621 507 1693 561 οὐ
1719 504 1872 576 μετὰ
1905 501 2142 569 πολλὰς

563 595 785 659 ταύτας
802 592 1047 662 ἡμέρας.
1078 592 1329 645 Δείκνυσι
1356 590 1540 644 λοιπὸν
1569 590 1631 644 τὸ
1674 590 1837 661 μέσον
1858 586 2022 642 αὐτοῦ
2049 586 2143 640 καὶ

578 678 849 741 Ἰωάννου,
890 677 989 730 οὐκ
1029 676 1110 729 ἐτι
1156 676 1231 737 ὡς
1272 674 1377 746 πρὸ
1424 675 1611 727 τούτου
1665 671 2143 742 συνεσκιασμένως

566 762 824 834 (καὶγὰρ
855 761 1059 832 σφόδρα
1093 760 1413 814 συνεσκίασε
1456 760 1547 812 τὸν
1588 756 1745 829 λόγον
1789 758 1878 810 ὅτε
1922 756 2139 824 ἐλεγεν·

578 847 632 898 Ὀ
681 844 749 898 δὲ
782 846 1131 913 μικρότερος
1173 844 1243 896 ἐν
1271 841 1345 911 τῇ
1379 843 1671 911 ,βασιλείᾳ
1713 840 1833 894 τῶν
1871 838 2143 907 οὐρανῶν

562 927 775 998 μείζων
789 927 975 981 αὑτοῦ
993 928 1205 995 ἐστιν),
1228 926 1363 980 ἀλλὰ
1379 925 1475 979 νῦν
1497 924 1874 995 φανερώτερον
1892 935 1940 976 ι.
1959 921 2145 976 Ἰωάν-

566 1030 702 1079 νης,
753 1011 954 1081 φησὶν,
989 1009 1313 1063 ἐϐάπτισεν
1365 1009 1557 1073 ὕδατι,
1597 1008 1763 1078 ὑμεῖς
1814 1008 1883 1060 δὲ
1921 1008 2143 1071 ,βαπτι-

568 1096 876 1162 σθήσεσθε
905 1094 974 1147 ἐν
999 1096 1296 1163 Πνεύματι
1328 1094 1495 1163 ἁγίῳ.
1531 1094 1643 1147 Οὐκ
1672 1093 1751 1146 ἐτι
1783 1093 2050 1163 κέχρηται
2075 1092 2142 1160 τῇ

571 1170 869 1251 μαρτυρίᾳ,
903 1178 1038 1232 άλλά
1066 1179 1476 1249 ἀναμιμνήσκει
1504 1177 1598 1231 τοῦ
1636 1174 1928 1248 προσώπου
1961 1174 2143 1245 μόνον,

567 1264 647 1325 είς
672 1262 894 1332 μνήμην
922 1261 1029 1314 τῶν
1058 1263 1186 1331 παρ’
1210 1261 1373 1315 αὐτοῦ
1404 1261 1708 1331 εἰρημένων
1736 1259 1944 1327 ἐνάγων
1975 1259 2024 1321 δ,
2053 1257 2147 1312 καὶ

567 1345 838 1398 δείκνυσιν
884 1344 1082 1407 αὐτοὺς
1122 1345 1224 1415 ήδη
1273 1343 1493 1414 μείζους
1521 1342 1704 1396 λοιπὸν
1748 1343 2147 1412 γεγενημένους

581 1430 849 1491 Ἰωάννου,
884 1428 937 1480 εῐ
975 1445 1038 1496 γε
1073 1429 1131 1480 ἐν
1168 1427 1442 1497 Πνεύματι
1477 1425 1698 1497 ἔμελλον
1731 1425 1824 1477 καὶ
1852 1425 2005 1478 αὐτοὶ
2052 1424 2148 1494 βα-

571 1512 804 1576 πτίζειν.
859 1512 968 1563 Kal
996 1511 1096 1563 οὐκ
1131 1505 1304 1570 εἶπεν,
1342 1509 1518 1579 Ὑμᾶς
1567 1508 1625 1562 δέ
1657 1508 1767 1577 ἐγὼ
1811 1508 2056 1578 βαπτίζω
2089 1510 2158 1580 ἐν

574 1596 848 1666 Πνεύματι
900 1594 1059 1663 άγίῳ,
1110 1593 1264 1655 ἀλλὰ,
1303 1593 1834 1659 Βαπτισθήσεσθε,
1878 1593 2147 1647 διδάσκων

571 1681 717 1749 ἡμᾶς
740 1684 1201 1748 ταπεινοφρονεῖν.
1233 1676 1402 1729 Τοῦτο
1426 1675 1534 1747 γάρ
1563 1676 1669 1730 ἀπὸ
1705 1679 1804 1747 τῆς
1842 1676 2147 1747 μαρτυρίας

583 1762 832 1816 Ἰωάννου
863 1761 1021 1830 δῆλον
1055 1761 1240 1813 λοιπὸν
1266 1755 1355 1830 ἧν,
1383 1761 1466 1813 ὃτι
1506 1759 1666 1823 αὐτὸς
1697 1755 1765 1830 ἦν
1793 1760 1821 1811 ὁ
1847 1759 2144 1829 βαπτίζων,

571 1846 835 1907 εἰπόντος.
867 1845 948 1898 ὃτι
991 1843 1183 1909 Αὐτὸς
1210 1841 1366 1913 ὑμᾶς
1411 1843 1701 1906 βαπτίσει
1739 1843 1809 1895 ἐν
1848 1844 2148 1911 Πνεύματι

571 1929 718 1998 ἁγίῳ
746 1928 843 1981 καὶ
886 1928 1060 1995 πυρί’
1117 1926 1199 1980 διὸ
1242 1926 1336 1980 καὶ
1368 1926 1527 1996 μόνου
1554 1925 1718 1979 αὐτοῦ
1753 1927 2144 1996 ἐμνημόνευσε.

571 2012 653 2066 Τὰ
684 2012 781 2082 μὲν
823 2007 916 2065 οὖν
970 2010 1301 2079 Εὐαγγέλια,
1333 2002 1408 2063 ὧν
1455 2012 1484 2063 ό
1533 2009 1767 2079 Χριστὸς
1796 2010 2017 2079 ἐποίησε
2052 2010 2147 2062 καὶ

571 2092 723 2149 εἶπεν
772 2094 983 2166 ἱστορία
1021 2094 1104 2157 τίς
1131 2096 1298 2147 ἐστιν’
1333 2094 1389 2146 αἱ
1418 2092 1477 2145 δέ
1506 2091 1762 2163 Πράξεις,
1796 2087 1872 2146 ὧν
1894 2095 1923 2147 ὁ
1962 2093 2149 2163 ἐτερος

573 2178 929 2250 Παράκλητος
980 2172 1101 2231 εἶπε
1150 2179 1243 2230 καὶ
1287 2176 1531 2245 ἐποίησε.
1578 2176 1686 2230 Kal
1729 2177 1850 2230 τότε
1896 2177 1995 2247 μὲν
2038 2176 2148 2248 γάρ

572 2264 743 2319 πολλὰ
773 2264 866 2317 καὶ
888 2262 1051 2327 αὐτὸς
1073 2262 1267 2327 ἐποίει,
1292 2261 1478 2333 ὥσπερ
1505 2257 1598 2315 οὖν
1618 2262 1712 2315 καί
1740 2261 1834 2315 νῦν
1857 2263 1887 2315 ὁ
1914 2261 2149 2333 Χριστὸς

573 2350 811 2419 ἐνεργεῖ,
864 2346 1116 2418 καθάπερ
1150 2348 1244 2400 καὶ
1276 2347 1417 2400 τότε·
1449 2346 1586 2400 ἀλλά
1617 2346 1739 2399 τότε
1776 2347 1874 2417 μὲν
1919 2345 2007 2400 διά
2051 2344 2148 2399 τοῦ

573 2434 726 2490 ναοῦ.
758 2431 853 2485 νῦν
889 2432 947 2485 δὲ
978 2430 1067 2484 διά
1099 2430 1207 2483 τῶν
1241 2430 1575 2484 ἀποστόλων
1608 2432 1701 2483 καὶ
1746 2431 1868 2483 τότε
1919 2430 2018 2497 μὲν
2068 2430 2149 2494 εἰς

573 2514 907 2585 παρθενικὴν
934 2510 1066 2584 ἦλθε
1098 2514 1327 2584 μήτραν,
1361 2514 1455 2566 καὶ
1482 2512 1609 2566 ναὸν
1641 2513 1920 2575 διέπλασε,
1954 2512 2048 2567 νῦν
2091 2514 2149 2567 δὲ

574 2602 655 2664 εἰς
679 2600 855 2669 ψυχάς
886 2597 1270 2659 ἀποστολικάς’
1324 2597 1418 2649 καὶ
1461 2597 1583 2649 τότε
1628 2596 1723 2666 μὲν
1755 2598 1812 2647 ἐν
1838 2597 1965 2649 εῖδει
1995 2613 2150 2667 περι-

576 2685 794 2754 στερᾶς,
822 2681 916 2736 νῦν
945 2681 1002 2734 δέ
1036 2683 1093 2734 ἐν
1122 2681 1250 2734 εἴδει
1282 2680 1471 2750 πυρός.
1517 2680 1582 2732 Τί
1605 2681 1839 2750 δήποτες
1880 2681 2026 2732 Ἐκεῖ
2052 2680 2152 2749 μὲν

573 2767 635 2820 τὸ
660 2767 833 2834 πρᾶον
857 2764 1053 2835 δηλῶν,
1084 2763 1317 2816 ἐνταῦθα
1342 2763 1397 2815 δὲ
1428 2765 1522 2817 καὶ
1542 2763 1602 2815 τὸ
1628 2763 2015 2833 τιμωρητικόν.
2042 2763 2150 2816 Kal

574 2851 674 2919 τῆς
703 2848 937 2917 κρίσεως
971 2847 1027 2899 δὲ
1061 2846 1330 2913 εὐκαίρως
1371 2846 1776 2917 ἀναμιμνήσκει
1805 2855 1852 2898 ε.
1886 2847 2012 2898 Ὅτε
2051 2846 2150 2915 μέν

574 2932 686 3003 γὰρ
713 2931 1088 3002 ἁμαρτήματα
1119 2929 1472 2999 συγχωρῆσαι
1509 2928 1637 2987 ἔδει.
1675 2927 1873 2998 πολλῆς
1911 2929 2017 2981 ἔδει
2050 2928 2151 2998 τῆς

578 3015 902 3087 πραότητος·
938 3013 1125 3084 ἐπειδὴ
1165 3014 1223 3066 δέ
1254 3012 1517 3084 ἐτύχομεν
1548 3013 1648 3084 τῆς
1686 3012 1917 3084 δωρεᾶς,
1966 3012 2151 3066 λοιπὸν

577 3100 672 3152 καὶ
712 3099 948 3169 κρίσεως
983 3097 1076 3151 καὶ
1121 3095 1421 3161 ἐξετάσεως
1447 3096 1657 3167 καιρός.
1687 3097 1810 3158 Πῶς
1836 3096 1914 3156 δέ,
1945 3096 2152 3150 Basta-

575 3181 903 3248 σθήσεσθε,
929 3180 1098 3250 λέγει,
1129 3180 1321 3243 ὓδατος
1348 3181 1449 3234 οὐκ
1495 3180 1647 3243 ὄντος
1681 3181 1737 3232 ἐν
1764 3180 1843 3251 τῷ
1880 3180 2148 3251 ὐπερῴῳς

577 3266 699 3321 Ὀτι
730 3267 792 3319 τὸ
825 3265 1158 3337 κυριώτερον
1188 3263 1215 3303 τι
1245 3265 1307 3317 τὸ
1336 3264 1563 3334 Πνεῦμά
1593 3266 1734 3327 ἐστι,
1773 3263 1840 3316 δι’
1869 3259 1930 3318 οὐ
1965 3264 2059 3317 καὶ
2090 3265 2151 3318 τὸ

577 3349 723 3420 ὕδωρ
754 3351 996 3421 ἐνεργεῖο
1028 3349 1218 3420 ὥσπερ
1242 3344 1335 3402 οὖν
1364 3350 1458 3402 καὶ
1482 3349 1644 3411 αὐτὸς
1674 3348 1956 3419 κεχρίσθαι
1990 3349 2149 3416 λέγε-

576 3451 688 3499 ται,
713 3432 950 3503 οὐδαμοῦ
976 3434 1307 3505 χρισάμενος
1356 3432 1540 3501 ἐλαίῳ,
1568 3432 1705 3485 ἀλλά
1737 3432 1959 3502 Πνεῦμα
1994 3431 2150 3499 δεξά-

582 3534 760 3589 μενος’
806 3512 982 3580 άλλως
1036 3516 1094 3568 δέ
1142 3516 1235 3570 καὶ
1273 3514 1426 3568 ῦδατι
1472 3514 1903 3585 βαπτιζομένους
1954 3515 2152 3580 αὐτοὺς

579 3600 724 3661 ἐστιν
754 3600 957 3669 εὑρεῖν,
1002 3598 1097 3651 καὶ
1148 3601 1206 3652 ἐν
1239 3596 1513 3669 διαφόροις
1554 3600 1785 3669 καιροῖς.
1827 3597 1942 3667 Ἐφ’
1992 3598 2152 3670 ήμῶν

582 3683 681 3754 μὲν
712 3681 819 3751 γὰρ
852 3681 1139 3751 ἀμφότερα
1180 3679 1388 3749 γίνεται
1433 3680 1523 3748 ὐφ’
1566 3680 1646 3741 ἓν,
1676 3681 1797 3734 τότε
1831 3681 1887 3734 δὲ
1928 3681 2152 3736 διεσπα-

581 3765 815 3837 σμένως.
851 3762 1006 3833 Παρά
1033 3762 1142 3835 γάρ
1166 3765 1267 3834 τὴν
1292 3762 1467 3833 ἀρχὴν
1496 3764 1601 3816 ὑπὸ
1633 3764 1881 3818 Ἰωάννου
1913 3764 2152 3820 ἐϐαπτί-

580 3850 808 3921 σθησαν·
837 3850 932 3902 καὶ
968 3848 1041 3919 μὴ
1067 3846 1373 3919 θαυμάσῃς.
1403 3848 1467 3901 Εἰ
1498 3848 1608 3920 γάρ
1634 3849 1829 3919 πόρναι
1857 3848 1950 3903 καὶ
1984 3849 2152 3903 τελῶ-

578 3952 666 3988 ναι
693 3934 785 3986 ἐπὶ
811 3933 872 3986 τὸ
904 3931 1184 4002 βάπτισμα
1227 3930 1396 4002 ᾔεσαν
1425 3932 1623 3997 ἐκεῖνο,
1654 3932 1832 4004 πολλῷ
1874 3931 2073 4003 μᾶλλον
2100 3935 2149 3987 οἰ

583 4017 720 4087 μετὰ
746 4015 921 4068 ταῦτα
950 4014 1304 4085 βαπτίζεσθαι
1339 4014 1620 4084 μέλλοντες
1653 4015 1758 4069 ὑπὸ
1782 4015 1878 4069 τοῦ
1908 4015 2154 4087 Πνεύμα-

578 4118 692 4163 τος.
744 4094 875 4151 Elea
930 4098 1018 4150 ἴνα
1066 4097 1141 4167 μὴ
1187 4097 1435 4164 λέγωσιν,
1483 4100 1539 4151 ἐν
1582 4099 1937 4166 ἐπαγγελίαις
1976 4100 2063 4154 ἀεὶ
2089 4100 2151 4153 τὸ

580 4184 817 4254 πρᾶγμα
846 4181 963 4250 (καὶ
989 4178 1100 4251 γὰρ
1128 4180 1221 4232 καὶ
1269 4180 1369 4249 ήδη
1419 4179 1592 4233 πολλὰ
1624 4183 1747 4252 περὶ
1784 4182 1949 4236 αὐτοῦ
1979 4183 2150 4237 διελέ-

581 4268 729 4337 χθη),
769 4265 901 4336 μηδέ
929 4264 1224 4335 νομίσωσιν
1263 4263 1396 4317 αὐτὸ
1437 4263 1717 4335 ἐνέργειαν
1761 4263 1898 4320 εῖναι
1953 4268 2152 4321 ἀνυπό·

584 4366 798 4409 στατον,
843 4347 1071 4414 ἀπάγων
1114 4346 1310 4409 αὐτοὺς
1340 4346 1440 4417 τῆς
1470 4346 1726 4417 τοιαύτης
1769 4350 2039 4415 ὑπονοίας,
2066 4352 2150 4405 Οὐ

576 4431 726 4501 μετὰ
754 4442 776 4469 θ
810 4430 1041 4495 πολλὰ(
1071 4429 1292 4493 ταύτας
1308 4428 1557 4503 ἠμέρας,
1586 4430 1740 4500 φησί.
1772 4432 1879 4484 Kal
1901 4432 2000 4485 οὐκ
2030 4432 2152 4503 ἐδή-

580 4516 720 4567 λωσε
753 4514 901 4577 πότε,
928 4512 1014 4565 ἴνα
1051 4513 1137 4565 ἀεὶ
1178 4512 1545 4583 γρηγορῶσιν,
1581 4513 1696 4566 ἀλλ’
1740 4516 1820 4567 ὅτι
1859 4516 1956 4584 μὲν
1986 4517 2151 4585 ἐγγὺς

582 4600 735 4651 ἐσται
760 4593 931 4664 εἶπεν,
961 4596 1047 4650 ἵνα
1078 4595 1153 4667 μὴ
1178 4595 1466 4649 ἐκλυθῶσιο
1502 4596 1629 4649 πότε
1653 4598 1728 4656 δὲ,
1754 4599 1853 4651 οὐκ
1876 4598 1954 4653 ἐτι
1983 4618 2152 4671 προσ-

476 4687 487 4695 ‘
580 4681 797 4751 έθηκεν,
829 4680 917 4734 ἴνα
948 4680 1036 4734 ἀεὶ
1068 4680 1329 4748 νήφωσιν.
1373 4678 1446 4731 Οὐ
1479 4677 1652 4750 τούτῳ
1682 4680 1739 4734 δὲ
1770 4681 1928 4751 μόνον
1954 4683 2152 4748 αὐτοὺς

581 4763 891 4825 πιστοῦται,
921 4765 988 4834 τῇ
1026 4761 1142 4835 [10]
1170 4761 1432 4832 ταχύτητι
1472 4761 1616 4829 λέγω
1649 4762 1743 4816 τοῦ
1775 4765 1987 4835 καιροῦ,
2016 4768 2151 4821 άλλά

579 4851 673 4902 καὶ
701 4846 779 4917 τῷ
797 4847 996 4915 λέγειν,
1032 4846 1150 4913 Τὴν
1172 4845 1556 4914 ἐπαγγελίαν,
1575 4845 1656 4913 ἢν
1679 4848 1979 4913 ἠκούσατέ
2006 4870 2148 4920 μου.

585 4934 651 4983 Ὃ
688 4930 747 4983 δέ
801 4930 972 4997 λέγει,
1000 4928 1158 4984 τοῦτό
1188 4932 1355 4983 ἐστιν·
1386 4928 1459 4982 ού
1492 4928 1585 4982 νῦν
1616 4930 1745 5001 ύμῖν
1788 4926 1963 4998 εἶπον,
1996 4936 2149 5004 φησὶ,

583 5013 763 5082 μόνον,
795 5012 931 5066 ἀλλὰ
962 5012 1057 5065 καὶ
1098 5013 1200 5083 ήδη
1248 5012 1684 5085 ἐπηγγειλάμην,
1718 5014 1752 5069 ἃ
1781 5018 1991 5087 ποιήσω
2018 5019 2153 5072 πάν-

578 5111 707 5158 τως.
743 5095 807 5146 Τί
836 5095 1013 5147 τοίνυν
1046 5093 1367 5163 θαυμάζεις,
1396 5097 1445 5148 εί
1468 5096 1568 5168 τὴν
1598 5097 1812 5170 ἡμέραν
1837 5100 1937 5170 τῆς
1968 5118 2152 5155 συντε-

580 5178 730 5241 λείας
765 5177 840 5250 μή
868 5177 1037 5247 λέγει,
1083 5179 1217 5232 ὅπου
1270 5195 1333 5247 γε
1379 5180 1585 5251 ταύτην
1625 5182 1722 5254 τὴν
1769 5182 1940 5246 οὕτως
1984 5187 2150 5253 ἐγγὺς

580 5260 745 5318 οὖσαν
789 5263 887 5316 οὐκ
927 5262 1158 5333 ἠθέλησε
1190 5261 1209 5301 ί
1238 5265 1464 5335 ποιῆσαι
1498 5267 1824 5336 κατάδηλον;
1863 5269 1970 5322 Kal
2005 5269 2150 5339 μάλα

580 5349 826 5410 εἰκότως.
863 5346 929 5400 ἶν’
959 5348 1047 5400 ἀεὶ
1094 5349 1455 5421 ἐγρηγορότες
1484 5344 1586 5405 ὦσι
1627 5353 1720 5405 καὶ
1764 5354 1821 5404 ἐν
1852 5353 2149 5425 προσδοκίᾳ

582 5431 675 5482 καὶ
712 5428 970 5503 μερίμνῃ.

654 5514 725 5578 ς’.
760 5515 832 5567 Ub
861 5514 969 5585 7&9
997 5514 1162 5578 ἐστιν,
1209 5517 1311 5569 οὐκ
1339 5515 1453 5569 ἐστι
1495 5516 1716 5586 χάριτος
1742 5514 2045 5570 ἀπολαῦσαι
2077 5517 2150 5589 μὴ

580 5597 831 5667 νήφοντα.
877 5599 945 5649 Ἦ
980 5599 1078 5666 οὐχ
1118 5600 1271 5669 ὁρᾷς,
1300 5598 1350 5651 τί
1378 5617 1511 5669 φησι
1551 5601 1643 5652 xal
1680 5600 1863 5663 Ἰίλίας
1892 5601 2027 5672 πρὸς
2060 5603 2152 5654 τὸν

643 5723 666 5748 ¹¹
697 5720 830 5769 Unm
852 5722 1005 5768 codex
1024 5720 1104 5768 νῦν
1121 5724 1328 5829 tenvem};
1351 5739 1507 5783 φησιν,
1534 5722 1751 5780 Ἰωάννης
1774 5728 1855 5786 μὲν
1882 5726 2147 5774 ἐϐάπτισεν.

643 5782 766 5829 [Ιηοδ
783 5783 986 5829 ἀνάγων.
1056 5786 1076 5812 ε
1155 5783 1264 5829 ἰιιις
1298 5784 1405 5829 cod.
1440 5784 1640 5829 κρίσεως
1672 5787 1835 5829 λοιπὸν
1878 5788 2139 5829 ἀνααιανῆο

581 5782 608 5817 δ
634 5782 766 5833 υιιυδ
783 5783 986 5849 ανάγωςδ,
1129 5782 1264 5849 Unus
1298 5782 1405 5831 cod.
1440 5784 1640 5849 κρίσεως
1672 5782 1835 5833 λοιπὸν
1878 5788 2139 5849 ἀναμιμνήο

579 5860 701 5905 σκει.
770 5842 796 5880 d
822 5844 997 5905 fverba
1034 5844 1087 5890 τὸ
1114 5848 1396 5905 κυριώτερον
1438 5842 1635 5893 e'Savil.
1660 5842 1988 5897 accesserunt".
2020 5842 2153 5897 Ευιτ.

2249 422 2526 495 μαθητήν;
2569 424 2710 478 Ἐὰν
2738 422 2871 492 τδῃς
2896 440 2973 491 με
3016 419 3623 490 ἀναλαμϐανόμενοντ
3644 416 3830 474 ἔσται

2245 520 2344 559 σοι
2383 507 2558 560 οὕτωσ
2591 506 2859 568 τουτέστι,
2895 505 3189 576 Γενήσεταί
3220 520 3305 557 σοι
3332 502 3512 562 τοῦτο,
3562 502 3591 555 ὃ
3623 502 3824 565 αἰτεῖς.

2246 591 2359 643 Kal
2388 591 2418 642 ό
2449 590 2683 661 Χριστὸς
2712 589 2769 642 δέ
2804 587 3078 659 πανταχοῦ
3126 590 3238 650 τοῖς
3281 587 3599 658 προσιοῦσιν
3629 586 3787 655 ἔλεγε
3806 600 3826 617 ⁸

2245 676 2592 741 Πιστεύεις;
2633 673 2759 728 Ἐὰν
2784 673 2889 747 7&9
2924 673 2997 745 μὴ
3022 672 3393 743 οἰκειωθῶμεν
3421 672 3559 743 πρὸς
3588 671 3650 725 τὸ
3678 671 3828 724 διδό-

2249 775 2429 828 μενον,
2479 757 2602 811 οὐδέ
2662 757 2762 826 τῆς
2808 757 3127 827 εὐεργεσίας
3176 756 3378 826 σφόδρα
3427 754 3826 824 αἰσθανόμεθα.

2246 840 2402 894 οὕτω
2427 842 2522 895 καὶ
2554 842 2647 894 ἐπὶ
2685 840 2899 894 Παύλου
2930 849 2978 888 ις’
3004 840 3106 894 οὐκ
3138 839 3341 903 εὐθέως
3374 841 3408 909 ὴ
3437 839 3596 910 χάρις
3630 834 3829 908 ἦλθεν,

2246 923 2380 978 ἀλλά
2401 928 2549 996 τρεῖς
2566 924 2770 995 ἡμέραι
2799 924 3045 992 ἐγένοντο
3075 922 3293 993 μεταξὺ,
3319 924 3378 975 ἐν
3397 917 3486 985 αἷς
3507 918 3574 992 ἦν
3600 920 3828 991 τυφλὸς,

2248 1009 2352 1061 ὑπὸ
2367 1008 2458 1063 τοῦ
2480 1007 2644 1078 φόϐου
2668 1008 3006 1081 σμηχόμενος
3023 1009 3117 1061 καὶ
3138 1005 3826 1077 προπαρασκευαζόμενος.

2248 1092 2511 1163 Καθάπερ
2538 1093 2646 1164 7&9
2670 1094 2720 1145 οἰ
2749 1092 2848 1161 τὴν
2874 1090 3166 1162 ἁλουργίδα
3199 1090 3515 1161 βάπτοντες,
3557 1088 3831 1159 πρότερον

2249 1177 2454 1247 ἐτέροις
2483 1176 2594 1229 τισὶ
2619 1175 2680 1228 τὸ
2713 1174 2999 1245 δεχόμενον
3027 1174 3125 1245 τὴν
3156 1173 3334 1243 βαφὴν
3361 1173 3831 1244 προπαρασκευά-

2249 1259 2451 1325 ζουσιν,
2485 1260 2571 1312 ἵνα
2605 1260 2678 1331 μὴ
2714 1259 2956 1329 ἐξίτηλον
2989 1258 3211 1328 γένηται
3242 1258 3302 1311 τὸ
3349 1257 3526 1320 ἄνθος·
3575 1256 3717 1309 οὓτω
3759 1255 3827 1327 δὴ

2248 1348 2344 1400 καὶ
2367 1345 2599 1399 ἐνταῦθα
2625 1346 2888 1416 πρότερον
2915 1363 2979 1416 με
2989 1362 3052 1414 με
3063 1344 3401 1414 ριμνημένην
3423 1341 3826 1405 κατασκευάζει

2248 1430 2346 1501 τὴν
2378 1429 2557 1501 ψυχήν
2603 1431 2631 1483 ὁ
2677 1429 2826 1492 θεὸς,
2873 1428 2967 1483 καὶ
2993 1430 3114 1482 τότε
3154 1429 3254 1499 τὴν
3298 1429 3458 1499 χάριν
3495 1429 3665 1497 ἐκχεῖ.
3720 1425 3827 1478 Διὰ

2248 1516 2404 1569 τοῦτο
2436 1516 2530 1568 καὶ
2561 1514 2681 1568 οὐδέ
2714 1513 2913 1579 εὐθέως
2944 1512 3005 1568 τὸ
3055 1513 3275 1584 Πνεῦμα
3311 1511 3579 1582 ἐπεμψεν,
3616 1508 3733 1565 ἀλλ’
3763 1510 3829 1563 ἐν

2248 1603 2314 1671 τῇ
2344 1600 2706 1668 πεντηκοστῇ.
3379 1632 3383 1635 ι

2321 1684 2381 1735 Et
2410 1682 2465 1735 δὲ
2488 1682 2635 1749 λέγοι
2662 1698 2766 1743 τις,
2801 1679 2957 1744 Τίνος
2980 1680 3165 1733 ἐνεκεν
3198 1678 3292 1733 καὶ⁸
3317 1678 3477 1748 ἡμεῖς
3508 1676 3610 1728 οὐκ
3653 1676 3711 1728 ἐν
3744 1673 3828 1744 τῷ

2250 1764 2427 1835 καιρῷ
2454 1764 2630 1835 τούτῳ
2658 1762 3024 1834 βαπτίζομενς
3074 1763 3248 1816 ἐκεῖνο
3276 1760 3342 1816 ἂν
3371 1763 3641 1830 εἴποιμεν.
3670 1759 3753 1811 ὅτι
3786 1758 3825 1827 ἠ

2253 1848 2351 1918 μὲν
2378 1849 2537 1919 χάρις
2578 1849 2613 1919 ή
2667 1847 2804 1918 αὐτὴ
2858 1846 2951 1899 καὶ
2998 1845 3120 1898 τότε
3169 1847 3262 1899 καὶ
3288 1844 3402 1898 νῦνο
3448 1845 3482 1913 ή
3524 1842 3581 1895 δέ
3615 1841 3828 1894 διάνοια

2251 1931 2560 2003 ὑψηλοτέρα
2609 1931 2817 1999 γίνεται
2862 1930 2975 1990 νῦν,
3024 1926 3248 2000 νηστείᾳ
3298 1925 3824 1998 προπαρασκευαζο-

2254 2016 2409 2087 μένη.
2460 2016 2571 2069 Kal
2602 2018 2631 2070 ὁ
2661 2015 2764 2084 τῆς
2815 2012 3189 2082 πεντηκοστῆς
3231 2011 3289 2065 δέ
3326 2009 3513 2081 καιρὸς
3543 2008 3654 2080 ἔχει
3700 2007 3825 2061 τινὰ

2250 2102 2406 2170 λόγον
2430 2102 2531 2154 οὐκ
2556 2099 2838 2153 ἀπεικότα.
2868 2100 3022 2152 Ποῖον
3050 2097 3114 2167 δὴ
3137 2096 3355 2161 τοῦτον;
3387 2093 3683 2169 ’Λρκοῦντα
3713 2092 3830 2144 ἐνό⁶

2256 2202 2423 2255 μισαν
2444 2185 2494 2237 οἱ
2527 2183 2773 2253 Πατέρες
2800 2179 2939 2235 εἰναι
2987 2179 3200 2251 χαλινὸν
3239 2178 3535 2248 ἐπιθυμίας
3580 2176 3829 2246 πονηρᾶς

2251 2268 2347 2323 καὶ
2382 2267 2624 2339 μεγάλην
2650 2267 2995 2320 διδασκαλίαν
3020 2265 3081 2318 τὸ
3116 2262 3418 2333 βάπτισμα,
3449 2261 3528 2323 εἰς
3556 2259 3617 2311 τὸ
3640 2259 3733 2311 καὶ
3763 2259 3827 2311 ἐν

2251 2351 2429 2423 καιρῷ
2454 2352 2664 2422 τρυφῆς
2689 2342 3003 2420 σωφρονεῖν.
3026 2347 3292 2416 Καθάπερ
3318 2340 3412 2397 οὖν
3434 2341 3581 2412 αὐτῷ
3612 2341 3829 2395 συναλι-

2252 2435 2466 2505 ζόμενοι
2497 2433 2575 2504 τῷ
2609 2432 2849 2505 Χριστῷ,
2876 2432 2969 2485 καὶ
2994 2429 3271 2502 τραπέζης
3294 2425 3698 2488 κοινωνοῦντες,
3724 2442 3828 2495 μη-

2251 2518 2338 2572 δὲν
2372 2517 2556 2581 ἁπλῶς
2582 2518 2932 2588 πράττωμεν,
2963 2514 3079 2568 ἀλλ’
3112 2514 3170 2565 ἐν
3193 2509 3467 2583 νηστείαις
3495 2509 3590 2563 καὶ
3614 2509 3823 2577 εὐχαῖς,

2253 2601 2346 2654 καὶ
2380 2600 2703 2671 σωφροσύνῃ
2734 2599 2901 2669 πολλῇ
2942 2598 3239 2666 διάγωμεν.
3292 2595 3353 2648 Εἰ
3383 2593 3491 2663 γὰρ
3522 2592 3615 2644 ἐπὶ
3645 2590 3826 2661 ἀρχὴν

2256 2683 2464 2754 μέλλων
2534 2684 2668 2737 ίέναι
2722 2700 2805 2746 τις
2856 2681 3137 2753 βιωτικὴν,
3192 2676 3597 2748 παρασκευάζει
3645 2672 3829 2743 ἐαυτῷ

2253 2766 2467 2820 ἅπαντα
2497 2766 2587 2820 τὸν
2621 2766 2757 2837 βίον,
2791 2766 2887 2819 καὶ
2913 2765 3002 2818 ἵνα
3029 2763 3167 2835 τύχῃ
3198 2760 3341 2824 τινὸς
3364 2760 3691 2829 ἀξιώματος,
3726 2758 3827 2810 καὶ

2253 2852 2511 2922 χρήματα
2540 2849 2842 2912 ἀναλίσκει,
2871 2848 2965 2902 καὶ
2993 2846 3182 2919 χρόνον
3206 2845 3439 2914 δαπανᾷ,
3474 2843 3567 2896 καὶ
3599 2842 3827 2913 μυρίους

2210 2960 2215 2965 -
2256 2934 2519 3004 ὑπομένει
2550 2934 2773 2996 πόνους·
2808 2933 2952 2995 τίνος
2985 2931 3051 2984 ἂν
3082 2930 3274 2999 εἴημεν
3306 2929 3468 2998 ἡμεῖς
3505 2926 3646 2991 ἄξιοι
3683 2926 3827 2995 μετά

2251 3018 2521 3089 τοσαύτης
2556 3018 2829 3091 ῥᾳθυμίας
2858 3019 2924 3087 τῇ
2960 3013 3206 3085 βασιλείᾳ
3242 3013 3351 3065 τῶν
3375 3010 3619 3081 οὐρανῶν
3655 3026 3829 3080 προσ-

2258 3103 2448 3168 ιόντες,
2504 3105 2599 3156 καὶ
2640 3100 2760 3155 οὐτε
2796 3101 2925 3174 πρὶν
2966 3099 2999 3169 ἢ
3051 3097 3235 3152 λαϐεῖν
3282 3094 3672 3160 σπουδάζοντες
3726 3094 3826 3146 καὶ

2256 3187 2395 3258 μετά
2442 3187 2504 3239 τὸ
2544 3185 2729 3240 λαϐεῖν
2765 3184 3163 3258 ρᾳθυμοῦντες;
3211 3182 3310 3235 Διά
3354 3180 3463 3251 7&9
3490 3178 3650 3232 τοῦτο
3683 3178 3825 3248 μετὰ

2252 3269 2314 3323 τὸ
2364 3269 2548 3324 λαϐεῖν
2593 3268 2964 3341 ρᾳθυμοῦμεν,
2999 3265 3187 3338 ἐπειδὴ
3235 3265 3364 3336 πρὶν
3411 3264 3443 3334 ἢ
3495 3261 3677 3316 λαϐεῖν
3720 3261 3826 3313 οὐκ

2253 3355 2661 3425 ἐγρηγόραμεν.
2713 3353 2810 3406 Διὰ
2841 3350 3000 3405 τοῦτο
3028 3349 3212 3403 πολλοὶ
3244 3348 3383 3419 μετά
3417 3347 3478 3400 τὸ
3521 3344 3703 3403 λαϐεῖν
3733 3345 3829 3397 εὐ-

2254 3438 2391 3504 θέως
2418 3440 2509 3492 ἐπὶ
2533 3439 2624 3492 τὸν
2646 3438 2907 3510 πρότερον
2935 3435 3239 3508 ἐπανῆλθον
3254 3434 3470 3506 ἔμετον,
3492 3432 3587 3486 καὶ
3605 3430 3828 3501 χείρους

2253 3523 2522 3591 ἐγένοντο,
2578 3522 2673 3577 καὶ
2719 3521 3105 3593 χαλεπωτέραν
3149 3517 3525 3572 ἐπεσπάσαντο
3576 3514 3823 3579 κόλασιν,

2252 3607 2360 3661 τῶν
2420 3607 2519 3678 μὲν
2567 3607 2848 3678 προτέρων
2902 3604 3310 3673 ἀπαλλαγέντες
3377 3597 3823 3672 ἁμαρτημάτων,

2251 3689 2423 3761 ταύτῃ
2478 3690 2534 3744 δέ
2574 3687 2836 3760 μειζόνως
2875 3689 2967 3743 τὸν
3014 3686 3204 3759 κριτὴν
3265 3683 3684 3757 παροξύναντες,
3738 3682 3823 3735 ὅτι

2252 3774 2521 3845 τοσαύτης
2551 3773 2954 3841 ἀπαλλαγέντες
2976 3769 3303 3844 ἀρρωστίας,
3334 3770 3454 3824 οὐδὲ
3482 3768 3654 3830 οὔτως
3683 3767 3826 3818 ἐσω-

2253 3858 2640 3929 φρονίσθησαν,
2685 3856 2800 3910 ἀλλ’
2838 3855 3036 3909 ἔπαθον
3066 3856 3202 3925 ὅπερ
3243 3854 3507 3924 ἠπείλησε
3535 3850 3614 3920 τῷ
3643 3865 3827 3920 παρα-

2252 3940 2456 4011 λυτικῷ
2508 3942 2536 3994 ὁ
2591 3940 2846 4011 Χριστὸς,
2902 3940 3096 4007 λέγων·
3140 3938 3253 3992 Ἴδε
3312 3934 3490 4004 ὑγιὴς
3537 3936 3822 4005 γέγυνας·

2247 4025 2461 4096 μηκέτι
2491 4024 2807 4095 ἁμάρτανε,
2840 4026 2939 4077 ἵνα
2970 4023 3055 4093 μὴ
3093 4022 3295 4093 χεῖρόν
3329 4020 3442 4093 [Η]
3480 4019 3538 4073 τί
3583 4036 3680 4072 σοι
3723 4017 3825 4086 γέο

2251 4125 2445 4178 νηται·
2489 4111 2582 4163 καὶ
2634 4108 2662 4162 ὃ
2708 4109 2837 4177 περὶ
2869 4108 2976 4160 τῶν
3009 4107 3275 4159 Ἰουδαίων
3310 4105 3367 4158 δὲ
3394 4102 3680 4175 προύλεγε,
3708 4101 3822 4153 δειο

2253 4195 2383 4257 κνὺς
2412 4193 2496 4246 ὅτι
2523 4192 2591 4245 τὰ
2620 4191 2891 4262 ἀνήκεστα
2920 4190 3196 4243 πείσονται
3224 4186 3661 4258 ἀγνωμονοῦντες
3684 4202 3696 4217 υ
3752 4186 3825 4239 El

2246 4275 2333 4347 μὴ
2364 4277 2393 4315 ιλ
2426 4272 2617 4344 ἦλθον
2647 4275 2744 4327 καί
2770 4273 3045 4339 ἐλάλησα
3072 4272 3292 4336 αὐτοῖς,
3318 4271 3499 4342 φησὶν,
3530 4269 3826 4339 ἁμαρτίαν

2253 4364 2364 4414 οὐκ
2410 4355 2597 4428 εἶχον.
2662 4357 2824 4409 Ὥστε
2878 4356 3040 4408 διπλᾶ
3088 4355 3181 4409 καί
3230 4353 3507 4426 τετραπλᾶ
3552 4354 3622 4406 τά
3681 4352 3824 4423 μετὰ

2252 4443 2425 4497 ταῦτα
2470 4443 2837 4512 ἁμαρτήματα
2890 4440 3118 4508 γίνεται.
3177 4438 3333 4503 Πῶς;
3368 4437 3490 4489 Ὅτι
3539 4434 3675 4506 μετὰ
3718 4436 3824 4505 τὴν

2253 4527 2417 4598 τιμὴν
2437 4524 2749 4596 ἀγνώμονες
2773 4524 3033 4593 γινόμεθα
3058 4524 3148 4576 καὶ
3169 4521 3411 4592 πονηροί.
3436 4520 3544 4573 Kal
3560 4519 3644 4573 διὰ
3664 4518 3825 4573 τοῦτο

2252 4609 2404 4663 οὐδὲν
2434 4611 2564 4679 ἡμῖν
2596 4607 2779 4679 βοηθεῖ
2825 4606 3007 4659 λοιπὸν
3036 4606 3095 4658 τὸ
3139 4605 3359 4674 λουτρὸν
3385 4606 3464 4667 εἰς
3498 4603 3560 4657 τὸ
3589 4604 3825 4672 πραοτέ-

2258 4711 2356 4764 ρας
2383 4696 2565 4763 τυχεῖν
2593 4692 2884 4763 τιμωρίας.
2932 4691 3131 4743 Σκόπει
3162 4690 3220 4742 δέ
3242 4707 3257 4721 ο
3306 4689 3430 4758 ἔσχε
3457 4706 3542 4753 τις
3566 4688 3825 4758 ἁμαρτή-

2257 4794 2403 4847 ματα
2440 4775 2672 4847 χαλεπὰ,
2700 4773 2732 4844 ἢ
2760 4773 3043 4842 φονεύσας,
3078 4772 3109 4843 ἢ
3154 4772 3463 4842 μοιχεύσας,
3493 4772 3525 4842 ἢ
3550 4770 3732 4839 ἐτερόν
3768 4788 3825 4823 τι

2254 4858 2631 4929 χαλεπώτερον
2680 4857 3073 4927 ἐργασάμενος,
3113 4855 3287 4926 άφέθη
3336 4855 3423 4909 διὰ
3460 4854 3552 4908 τοῦ
3593 4853 3825 4925 λουτροῦ

2254 4943 2442 4996 ταῦτα.
2489 4941 2566 4995 Οὐ
2610 4940 2720 5010 γάρ
2766 4939 2933 5003 ἐστιν,
2969 4940 3067 4992 οὐκ
3113 4940 3259 4993 ἐστιν
3300 4938 3448 4993 οὐδὲν
3495 4940 3823 5009 ἁμάρτημα,

2254 5030 2347 5080 καὶ
2373 5025 2647 5096 ἀσέϐημα,
2677 5026 2812 5094 ὅπερ
2836 5023 2937 5076 οὐκ
2961 5024 3099 5076 εἴκει
3145 5023 3239 5076 καὶ
3265 5024 3583 5095 παραχωρεῖ
3617 5024 3684 5092 τῇ
3712 5020 3824 5073 δω-

2258 5113 2373 5182 ρεᾷ⁸
2408 5109 2526 5162 θεία
2554 5111 2661 5179 γάρ
2713 5108 2919 5177 ἐστινὴ
2967 5109 3145 5176 χάρις.
3195 5106 3360 5161 Πάλιν
3404 5104 3687 5176 ἐμοίχευσέ
3732 5121 3826 5167 τις

2254 5196 2347 5249 καὶ
2376 5194 2681 5264 ἐφόνευσεν·
2714 5194 2746 5264 ἡ
2784 5193 2882 5263 μὲν
2914 5193 3156 5262 προτέρα
3182 5191 3395 5263 μοιχεία
3419 5190 3650 5253 λέλυται,
3676 5188 3775 5242 καὶ
3796 5192 3828 5241 ὁ

2256 5281 2412 5350 φόνος
2456 5280 2661 5339 ἐκεῖνος
2712 5276 3148 5347 συγκεχώρηται,
3201 5276 3295 5328 καὶ
3334 5276 3434 5329 οὐκ
3472 5272 3828 5329 ἀνακαλεῖται

2255 5361 2717 5433 (Ἄμεταμέλητα
2741 5359 2848 5429 7&9
2884 5358 2956 5412 τὰ
2985 5360 3340 5428 χαρίσματα,
3376 5359 3474 5412 καὶ
3521 5359 3557 5425 ἠ
3601 5354 3829 5423 κλῆσις

2254 5446 2361 5500 τοῦ
2387 5444 2573 5513 Θεοῦ)·
2608 5445 2746 5514 ὑπὲρ
2784 5442 2840 5495 δέ
2886 5443 2994 5495 τῶν
3031 5444 3167 5512 μετὰ
3203 5442 3261 5494 τὸ
3301 5441 3581 5511 βάπτισμα
3622 5440 3829 5493 τοσαύ-

2255 5547 2353 5600 την
2382 5528 2629 5597 διδόαμεν
2652 5528 2810 5597 δίκην
2850 5528 2892 5590 ί,
2929 5528 3059 5596 ὅσην
3092 5526 3157 5579 ἂν
3183 5528 3230 5578 εί
3266 5527 3356 5578 καί
3385 5527 3564 5577 ἐκεῖνα
3593 5522 3832 5593 ἀνεκλή-

2257 5615 2344 5685 θη,
2375 5614 2467 5667 καί,
2496 5611 2672 5680 πολλῴ
2702 5613 2938 5681 χείρονα.
2992 5611 3186 5664 Οὐκέτι
3219 5609 3326 5679 γάρ
3370 5609 3573 5661 ἁπλοῦν
3612 5609 3726 5661 ἐστι
3765 5608 3831 5660 τὸ

2255 5698 2580 5768 ἁμάρτημα,
2613 5695 2746 5747 ἀλλὰ
2775 5694 3012 5755 διπλοῦν,
3040 5695 3131 5746 καὶ
3166 5692 3443 5764 τριπλοῦν.
3470 5694 3589 5744 ’Ὁτι
3615 5691 3671 5743 δὲ
3703 5691 3830 5759 μεί-

2324 5851 2350 5889 8
2377 5846 2509 5896 Idem
2552 5847 2705 5893 codex
2753 5847 2827 5893 ἐπὶ
2862 5846 3055 5894 Παύλω.
3126 5844 3149 5882 h
3189 5846 3324 5894 Unus
3366 5847 3517 5895 codex
3567 5850 3618 5892 9t
3670 5842 3828 5893 Savil.

598 5907 622 5933 ί
660 5903 1042 5987 ⁹Λννπτξιςτῐοςιτοἷς),⁴
1067 5904 1300 5987 ξινᾳιοῦη
1323 5907 1386 5965 μή
1424 5906 1564 5954 τοῦτο
1589 5908 1811 5968 λέγωσιν,
1834 5909 1904 5957 Οὐ
1928 5910 2061 5971 μετά,
2088 5912 2159 5958 sic
2261 5914 2309 5961 in
2351 5922 2499 5968 marg.
2513 5910 2806 5987 'wpomeyev.
2848 5910 2922 5987 ὅτι
2968 5895 3134 5956 Ἔσται
3173 5912 3232 5956 τὰ
3273 5911 3450 5987 ἔσχατα
3489 5908 3678 5969 χείρονα
3726 5922 3831 5953 τον

598 5978 721 5987 ......-
1000 5983 1012 5987 Α
1050 5981 1066 5987 -
1104 5981 1119 5987 ,
1178 5978 1283 5987 ηηη
2343 5974 2352 5985 .
2534 5970 2565 5985 μ
2644 5972 2653 5983 ι
2752 5970 2902 5987 ,
2972 5978 3012 5987 _.
3259 5986 3292 5987 η
3352 5972 3389 5987 μ,
3516 5971 3553 5987 ..ι

598 5978 737 6013 unus.
813 5964 828 6003 ί
860 5965 961 6013 Οὐκ
987 5966 1121 6019 ἤθελε
1153 5965 1321 6015 Morel.

2260 5974 2475 6035 πρώτων.
2513 5970 2568 6019 Εἰ
2597 5972 2677 6031 μή.
2752 5981 2762 6006 ι
2796 5970 2940 6018 Savil.
2967 5974 3141 6021 etcod.
3172 5985 3296 6019 unus
3320 5970 3479 6021 δίδωσι
3513 5971 3659 6017 ῖίνγν.
