4024 6544
332 406 394 463 ﬂ
1349 396 1412 455 IN
1451 397 1627 455 ACTA
1669 391 1897 452 APOS'I't

2001 389 2191 449 )RUM.
2235 394 2466 453 llOMlL.
2506 396 2548 453 I.
3516 405 3590 463 2‘1

336 523 625 591 Postquam
648 527 824 575 autem
853 516 1023 573 dixit:
1053 513 1121 570 Ut
1144 523 1492 581 exspectarent
1529 509 1911 580 promissionem
2013 504 2314 578 discipulo?
2358 510 2422 565 Si
2465 511 2651 567 videris
2693 529 2775 567 me
2811 529 2927 569 cum
2971 531 3220 583 assumar,
3258 520 3351 574 erit
3392 520 3485 578 tibi
3516 540 3590 577 sic

335 612 524 677 Patris,
550 628 701 683 quam
726 610 937 665 audistis
962 625 996 662 a
1022 624 1132 672 me,
1163 606 1346 661 subdit
1378 624 1392 659 :
1422 605 1475 660 5.
1520 603 1652 670 Quia
1677 602 1906 656 Joannes

334 704 528 769 quidem
565 702 835 768 baptizavit
884 717 1038 769 aqua,
1087 714 1173 753 vos
1218 709 1386 751 autem
1430 694 1807 766 baptizabimini
1852 694 1906 745 in

336 794 528 864 Spiritu
568 804 744 849 sancto
782 809 884 845 non
920 801 1031 860 post
1057 792 1239 844 multos
1266 790 1356 842 hos
1385 788 1511 841 dies.
1537 784 1785 841 Ostendit
1809 784 1905 838 de-

332 900 493 948 mum,
516 895 771 955 quantum
797 881 1007 937 intersit
1028 880 1286 935 Joannem
1315 880 1454 933 inter
1476 887 1528 933 et
1558 877 1729 947 ipsum
1753 891 1769 939 ;
1794 874 1904 943 jam

327 991 433 1031 non
477 975 790 1030 adumbrate
837 982 895 1027 ut
933 984 1089 1028 antea
1125 991 1137 1026 :
1180 987 1302 1026 nam
1342 970 1571 1025 obscure
1615 966 1903 1023 admodum

327 1067 575 1136 loquutus
614 1066 791 1119 fuerat
811 1106 826 1126 .
857 1063 1081 1138 «(nando
1122 1063 1293 1118 dixit:
1326 1061 1425 1127 Qui
1453 1070 1616 1114 autent
1646 1060 1809 1113 minor
1833 1067 1904 1111 est

325 1158 377 1212 iu
401 1174 556 1227 regno
581 1158 838 1221 caelorum,
869 1157 1032 1227 major
1059 1164 1132 1209 est
1172 1155 1262 1208 illo
1293 1152 1500 1223 (Matth.
1533 1152 1619 1205 ll.
1646 1148 1733 1219 ll)
1770 1166 1782 1202 :
1808 1146 1900 1203 sed

327 1266 466 1305 nunc
494 1250 825 1304 manifestius
855 1266 871 1303 :
896 1247 1123 1301 Joannes
1149 1289 1164 1311 ,
1194 1246 1363 1316 inquit
1386 1287 1401 1311 ,
1435 1243 1702 1314 baptizavit
1727 1257 1857 1311 aqua
1881 1281 1897 1304 ,

323 1358 410 1396 sos
437 1352 605 1396 autem
642 1340 1019 1412 baptizabimiui
1057 1341 1108 1392 in
1149 1339 1347 1408 Spiritu
1389 1346 1582 1391 sancto.
1627 1334 1742 1389 Non
1787 1333 1898 1401 jam

326 1434 493 1487 utitur
515 1434 851 1498 testimonio;
872 1433 965 1487 sed
996 1445 1279 1500 personam
1312 1438 1513 1483 tantum
1539 1433 1818 1487 memorat,
1846 1427 1897 1479 in

324 1524 636 1578 memoriam
679 1537 938 1579 revocans
983 1537 1067 1585 ea,
1113 1537 1232 1592 quae
1275 1521 1420 1591 prius
1459 1520 1687 1583 dixerat,
1731 1517 1898 1587 signi-

323 1616 551 1686 ficatque
581 1616 727 1684 ipsos
752 1614 859 1685 jam
882 1615 1119 1682 majores
1145 1628 1265 1667 esse
1295 1611 1500 1667 Joanne
1521 1628 1538 1675 ;
1561 1608 1821 1679 siquidem
1846 1609 1897 1661 in

319 1708 519 1777 Spiritu
547 1716 602 1762 et
625 1707 722 1777 ipsi
756 1706 1067 1776 baptizaturi
1108 1712 1279 1759 erant.
1327 1702 1442 1758 Non
1481 1702 1634 1767 dixit,
1669 1700 1775 1754 Vos
1800 1714 1899 1768 ego

320 1797 532 1869 haptizo
555 1800 606 1853 in
636 1798 837 1869 Spiritu
866 1805 1071 1861 saneto,
1095 1796 1212 1863 sed,
1240 1793 1631 1865 Baptizabimini
1655 1808 1674 1846 :
1697 1792 1898 1846 docens

319 1904 419 1944 nos
457 1890 829 1944 humilitatem.
860 1889 992 1943 Nam
1018 1904 1083 1942 ex
1131 1887 1436 1941 testimonio
1474 1884 1696 1940 Joannis
1719 1882 1895 1954 palam

317 1990 435 2036 erat
471 1982 646 2051 ipsum
686 1982 1072 2051 baptiraturum
1104 1994 1262 2043 esse;
1298 1978 1431 2033 dixit
1457 1980 1599 2033 enim
1642 1994 1656 2030 :
1692 1974 1789 2030 Ille
1811 1991 1896 2029 vos

316 2075 591 2144 baptizabit
614 2076 669 2129 in
702 2075 899 2145 Spiritu
926 2084 1099 2131 sancto
1122 2084 1170 2129 et
1194 2076 1307 2146 igne
1332 2074 1481 2145 (Luc.
1506 2074 1559 2129 5.
1591 2073 1679 2137 l6)
1712 2092 1726 2127 :
1751 2072 1897 2127 ideo-

312 2181 423 2234 que
447 2165 595 2220 illum
627 2182 787 2221 unum
816 2168 1150 2221 memoravit.
1184 2166 1468 2237 Evangelia
1498 2166 1654 2236 igitur
1676 2164 1895 2219 historia

312 2269 439 2310 sunt
471 2272 681 2321 eorum,
718 2274 837 2328 qua:
877 2256 1118 2314 Christus
1156 2258 1281 2314 fecit
1318 2267 1373 2315 et
1406 2257 1578 2313 dixit:
1608 2260 1737 2311 Acta
1768 2271 1896 2311 vero

310 2363 500 2403 eorum
546 2365 665 2419 quae
705 2351 840 2404 alius
880 2350 1184 2405 Paracletus
1208 2349 1341 2404 dixit
1365 2357 1419 2404 et
1446 2349 1589 2404 fecit.
1617 2348 1711 2404 Ille
1745 2363 1897 2402 nam-

309 2455 416 2510 que
438 2440 552 2510 jam
580 2442 706 2495 olim
732 2442 897 2496 multa
924 2441 1243 2511 operabatur
1265 2483 1281 2508 ,
1306 2441 1445 2495 sicut
1473 2440 1632 2495 etiam
1653 2438 1896 2493 Christus

310 2548 457 2588 nunc
500 2544 773 2602 aperatur,
802 2544 856 2589 et
876 2535 1001 2590 olim
1029 2550 1241 2605 quoque
1263 2533 1619 2604 operabatur;
1648 2532 1741 2588 sed
1771 2542 1897 2589 tunc

310 2640 407 2694 per
436 2625 715 2694 templum,
751 2641 891 2681 nunc
919 2642 1014 2696 per
1041 2626 1328 2694 apostolos.
1363 2624 1431 2677 Et
1453 2634 1575 2678 tunc
1596 2623 1810 2693 quidem
1841 2624 1893 2676 in

309 2716 609 2785 virgineum
637 2727 843 2772 uterum
871 2719 1034 2780 venit,
1064 2729 1118 2771 et
1149 2716 1405 2784 templum
1432 2715 1713 2779 formavit;
1753 2729 1895 2769 nunc

306 2817 485 2861 autem
534 2808 589 2861 in
630 2810 835 2863 animas
879 2810 1023 2863 venit
1049 2809 1367 2878 apostolicas
1399 2826 1411 2862 :
1446 2818 1572 2863 tunc
1618 2807 1670 2861 in
1717 2808 1896 2875 Specie

307 2898 596 2964 columbae,
649 2915 789 2954 nunc
834 2901 886 2954 iu
929 2900 1107 2969 specie
1151 2899 1311 2972 ignis.
1339 2897 1558 2967 Quare?
1600 2897 1713 2953 Illic
1742 2912 1896 2952 man-

306 2991 649 3046 suetudinem
681 2991 987 3056 exhibebat,
1018 2991 1103 3046 hic
1128 3006 1259 3046 vero
1287 2991 1501 3045 ultionis
1526 2990 1889 3045 severitatem.

312 3083 583 3139 Judiciutn
625 3093 803 3139 autem
832 3092 1131 3154 opportune
1154 3093 1558 3139 commemorat.
1592 3083 1723 3137 Cum
1749 3082 1893 3137 enim

319 3187 525 3244 peccata
556 3176 909 3232 condonanda
936 3187 1109 3243 erant,
1147 3176 1310 3230 multa
1339 3190 1475 3245 opus
1500 3185 1613 3230 erat
1641 3190 1894 3230 mansue-

321 3269 495 3325 tudine
526 3287 543 3325 :
573 3270 699 3340 quia
746 3285 871 3324 vero
915 3269 1116 3324 donum
1161 3270 1474 3340 consequuti
1530 3285 1738 3338 sumus,
1783 3270 1894 3339 jam

316 3371 520 3432 tempus
576 3372 660 3418 est
709 3362 895 3432 judicii
947 3372 1001 3418 et
1046 3364 1323 3418 examinis.
1385 3363 1664 3430 Quomodo
1716 3374 1895 3419 autem

310 3457 473 3521 dicit,
502 3454 932 3525 Baptizabimini,
961 3470 1082 3510 cum
1134 3471 1269 3526 aqua
1322 3471 1428 3510 non
1481 3465 1625 3511 esset
1673 3457 1726 3510 in
1778 3470 1891 3512 cae-

310 3550 552 3605 naculo?
598 3549 730 3617 Quia
771 3549 999 3617 Spiritus
1028 3559 1143 3612 est,
1172 3564 1267 3619 per
1309 3563 1467 3617 quem
1523 3564 1660 3619 aqua
1709 3562 1898 3618 opera-

309 3640 912 3711 tnrzquemadmodum
950 3640 1197 3695 Christus
1237 3650 1424 3695 unctus
1466 3641 1633 3696 fuisse
1678 3641 1894 3707 dicitur.

309 3735 439 3790 licet
489 3749 781 3804 numquam
832 3733 951 3788 oleo
999 3742 1189 3788 unctus
1242 3732 1439 3801 fuerit,
1490 3732 1586 3789 sed
1639 3732 1894 3804 Spiritum

308 3829 608 3896 acceperit.
639 3826 884 3897 Alioquin
916 3841 1042 3880 vero
1088 3828 1229 3896 ipsos
1273 3842 1406 3897 aqua
1451 3828 1741 3895 baptizatus
1768 3827 1897 3882 fuis—

309 3936 371 3975 se
415 3919 655 3986 reperire
703 3928 815 3981 est,
848 3928 903 3974 et
951 3921 1024 3983 in,
1055 3918 1283 3973 diversis
1336 3920 1681 3988 temporibus.
1739 3919 1895 3989 Apud

313 4027 412 4066 nos
441 4012 586 4067 enim
618 4021 899 4081 utrumque
925 4026 1033 4066 uno
1058 4010 1353 4079 eodemque
1379 4010 1438 4065 fit
1467 4020 1705 4081 tempore
1725 4054 1740 4076 ,
1772 4022 1897 4068 tunc

311 4116 494 4159 autem
531 4103 760 4158 diversis
807 4104 1154 4172 temporibus.
1200 4102 1356 4157 Initio
1386 4118 1614 4174 namque
1640 4118 1668 4157 a
1693 4103 1898 4158 Joanne

315 4198 567 4267 bapti‘zati
596 4206 756 4262 sunt;
798 4211 896 4250 nec
928 4196 1119 4250 mirum
1146 4204 1248 4250 est.
1279 4194 1409 4249 Nam
1437 4195 1481 4248 si
1511 4197 1819 4250 meretrices
1844 4205 1899 4251 et

319 4292 583 4362 publicani
628 4290 698 4345 ad
741 4289 867 4343 illud
899 4289 1157 4358 baptisma
1200 4298 1495 4355 venerunt;
1536 4288 1703 4345 multo
1733 4288 1900 4359 magis

320 4385 391 4450 ii,
420 4384 507 4454 qui
540 4395 723 4454 postea
754 4398 785 4437 a
813 4382 1011 4451 Spiritu
1043 4380 1340 4451 baptizandi
1372 4390 1544 4436 erant.
1575 4380 1796 4443 Deinde,
1828 4396 1894 4437 ne

314 4475 592 4540 dicereut,
619 4488 733 4529 rem
764 4472 816 4527 in
854 4472 1131 4543 promissis
1159 4487 1373 4543 semper
1399 4486 1518 4527 esse
1544 4470 1564 4543 (
1585 4488 1705 4526 nam
1737 4472 1897 4526 multa

314 4568 416 4621 hac
438 4566 509 4621 de
533 4582 594 4621 re
621 4566 761 4620 dicta
794 4564 1077 4635 fuerant);
1110 4580 1242 4620 neve
1269 4572 1514 4635 putarent
1537 4566 1899 4636 Operationem

312 4675 437 4715 esse
460 4662 579 4714 sine
607 4673 666 4714 re
693 4658 890 4729 aliqua,
920 4658 1041 4713 illos
1066 4656 1132 4711 ab
1152 4657 1252 4712 hac
1282 4656 1584 4727 suspicione
1607 4657 1897 4724 abduceus,

312 4755 392 4807 ait
418 4770 434 4808 :
464 4751 590 4807 Non
617 4762 728 4821 post
754 4752 939 4806 multos
963 4755 1055 4806 hos
1079 4752 1206 4806 dies.
1245 4751 1428 4822 Neque
1456 4752 1707 4807 iudicavit
1735 4768 1900 4822 quatt-

311 4844 427 4911 do,
472 4854 530 4899 ut
571 4858 787 4912 semper
815 4842 1124 4913 vigilarent;
1155 4843 1248 4898 sed
1286 4842 1432 4898 brevi
1474 4845 1706 4898 futurum
1730 4844 1898 4909 dixit,

314 4952 387 4993 ne
410 4936 598 4992 animo
623 4935 945 5000 deﬁcerent;
975 4950 1073 4991 nec
1100 4935 1305 4991 addidit
1329 4936 1571 5007 quando,
1600 4947 1654 4992 ut
1688 4951 1902 5008 semper

313 5030 510 5101 vigiles
532 5038 735 5084 essent.
777 5026 962 5097 Neque
990 5026 1090 5083 hoc
1115 5036 1319 5083 tantum
1348 5027 1509 5083 modo
1545 5028 1665 5083 illos
1690 5028 1757 5083 ad
1784 5044 1902 5084 cre-

312 5124 557 5179 dendum
606 5123 828 5186 inducit,
866 5123 1073 5179 scilicet
1108 5118 1219 5194 per
1244 5123 1560 5178 brevitatem
1607 5124 1898 5192 temporis;

308 5216 411 5271 Sed
435 5217 601 5270 etiam
621 5230 741 5270 cum
764 5216 913 5279 dicit,
934 5213 1329 5270 Promissionem
1350 5230 1503 5285 quam
1518 5214 1728 5268 audistis
1741 5231 1774 5267 a
1790 5229 1899 5279 me;

313 5309 371 5363 id
400 5318 487 5364 est
510 5327 525 5363 :
551 5307 667 5362 Non
697 5323 837 5362 nunc
860 5307 1011 5364 vobis
1036 5317 1235 5363 tantum
1260 5307 1392 5373 dixi,
1416 5306 1510 5362 sed
1527 5308 1635 5375 jam
1660 5307 1897 5374 promisi,

310 5416 437 5471 qua:
479 5400 702 5456 omnino
748 5397 984 5454 facturus
1020 5414 1160 5455 sum.
1204 5399 1341 5468 Quid
1384 5414 1510 5470 ergo
1562 5399 1809 5463 miraris,
1855 5399 1899 5453 si

306 5493 456 5548 diem
502 5494 981 5549 consummationis
1022 5509 1126 5549 non
1169 5495 1341 5560 dicat,
1373 5495 1460 5565 qui
1505 5493 1644 5547 hunc
1670 5493 1897 5545 vicinum

307 5587 458 5644 diem
486 5587 663 5644 uoluit
692 5588 971 5643 iudicare?
1000 5586 1161 5657 quue
1180 5588 1300 5655 jure
1327 5587 1539 5650 merito,
1570 5594 1624 5639 ut
1648 5586 1894 5640 nimirum

310 5680 683 5750 exspectando
709 5680 987 5749 vigilarent
1012 5695 1073 5732 ac
1095 5676 1303 5732 solliciti
1331 5688 1528 5732 essent.

386 5776 443 5830 6.
473 5771 593 5827 Non
625 5779 803 5842 potest
829 5774 969 5825 enim
992 5812 1007 5836 ς
1047 5784 1151 5823 non
1197 5779 1405 5839 potest,
1448 5768 1660 5837 inquam
1683 5808 1697 5831 ,
1732 5768 1899 5836 gratia

315 5863 419 5921 frui
457 5866 551 5937 qui
597 5879 705 5919 non
750 5863 947 5933 vigilat.
990 5866 1185 5918 Annon
1214 5862 1397 5925 vides,
1425 5860 1551 5931 quid
1589 5860 1729 5915 dicat
1757 5860 1901 5915 Elias

2016 598 2105 667 (4.
2133 599 2261 672 Reg.
2292 600 2345 654 2.
2380 601 2488 673 IO)
2514 620 2526 656 :
2557 602 2607 657 id
2635 611 2739 669 est,
2765 601 3046 678 Continget
3073 606 3164 663 tibi
3196 608 3298 664 hoc
3322 610 3463 680 quod
3492 627 3588 683 po-

2010 692 2195 745 stulas.
2221 693 2465 750 Christus
2492 711 2704 766 quoque
2729 699 2933 753 solebat
2956 701 3334 757 accedentibus
3360 703 3543 760 dicere
3565 746 3583 771 ,

2010 780 2223 836 Credis?
2251 783 2463 839 Etenim
2490 788 2588 841 nisi
2630 787 2706 843 rei
2737 788 2874 843 daue
2902 791 3189 846 admodum
3235 794 3543 850 baaserimus
3566 836 3583 864 ,

2006 872 2323 929 beneficium
2374 892 2478 930 non
2523 878 2677 935 valde
2723 883 3033 936 sentiemus.
3079 883 3167 940 Sic
3205 896 3258 939 et
3288 886 3451 942 Paulo
3477 904 3585 943 non

2004 967 2181 1022 statim
2210 968 2332 1023 data
2381 981 2459 1025 est
2487 974 2690 1040 gratia,
2736 974 2827 1029 sed
2875 975 3101 1029 triduum
3149 978 3450 1034 intercessit
3478 997 3586 1052 quo

2004 1073 2177 1114 caecus
2203 1072 2320 1115 erat
2343 1103 2358 1128 ,
2386 1072 2545 1132 atque
2577 1064 2785 1119 interim
2817 1077 2957 1122 metu
2992 1070 3308 1139 purgabatur
3344 1082 3399 1126 et
3445 1090 3581 1140 prte-

2005 1153 2309 1220 parabatur.
2342 1154 2799 1221 Quemadmodum
2844 1159 2985 1213 enim
3029 1164 3117 1229 qui
3161 1177 3445 1233 purpuram
3481 1165 3585 1219 tiu-

2001 1253 2150 1311 gunt,
2180 1245 2324 1313 prius
2350 1247 2662 1314 quibusdam
2692 1248 2811 1302 aliis
2851 1263 3151 1318 praeparant
3180 1253 3251 1316 id,
3293 1254 3433 1324 quod
3480 1256 3583 1309 tiu-

2001 1344 2204 1390 etnram
2228 1349 2571 1407 accepturum
2600 1348 2683 1393 est
2704 1382 2717 1402 ,
2748 1357 2813 1394 ne
2841 1342 2937 1395 ﬂos
2965 1344 3221 1398 evanidus
3251 1347 3319 1401 sit
3346 1364 3361 1403 :
3390 1348 3459 1401 ita
3491 1348 3580 1403 bie

1999 1443 2211 1497 quoque
2243 1429 2384 1484 Deus
2414 1431 2560 1498 prius
2598 1431 2879 1487 sollicitam
2911 1434 3143 1488 animam
3174 1448 3477 1506 praeparat,
3526 1448 3583 1494 et

2002 1530 2127 1573 tunc
2173 1522 2396 1590 gratiam
2445 1521 2694 1578 infundit.
2737 1523 2939 1580 Idcirco
2977 1541 3083 1580 non
3115 1528 3291 1581 statim
3323 1527 3579 1599 Spiritum

2000 1612 2162 1674 misit,
2186 1613 2280 1667 sed
2303 1615 2355 1669 in
2389 1615 2718 1671 Pentecoste.

2072 1701 2175 1756 Cur
2215 1703 2492 1770 baptismus
2534 1716 2754 1777 tempore
2799 1707 3144 1779 Chrysostomi
3183 1711 3238 1765 in
3286 1711 3583 1769 Pentecoste

1998 1809 2098 1847 non
2136 1794 2361 1851 daretur.
2398 1826 2471 1836 —
2511 1797 2661 1865 Quod
2706 1799 2751 1852 si
2781 1800 2901 1869 quis
2941 1801 3135 1856 dixerit
3164 1823 3177 1858 :
3205 1802 3313 1858 Cur
3340 1818 3439 1858 nos
3468 1820 3577 1860 non

1998 1885 2101 1942 hoc
2144 1896 2385 1959 tempore
2432 1890 2802 1961 haptizamus?
2832 1893 3297 1962 respondebimus,
3350 1896 3579 1967 gratiam

1995 1979 2239 2034 eamdem
2268 1991 2394 2038 tunc
2421 1980 2583 2038 fuisse
2607 1996 2729 2054 quae
2762 2000 2903 2039 nunc
2927 1994 3037 2049 est;
3067 1985 3158 2041 sed
3187 1997 3417 2042 mentem
3448 1987 3578 2043 subo

1998 2070 2259 2126 limiorem
2305 2088 2444 2127 nunc
2487 2089 2628 2140 esse,
2658 2076 2797 2145 quod
2825 2076 3031 2147 jejunio
3057 2090 3406 2149 praeparetur.
3440 2080 3581 2134 Pen-

2000 2173 2232 2219 tecosms
2274 2181 2403 2221 vero
2450 2176 2660 2236 tempus
2700 2167 2862 2223 habet
2901 2170 3129 2239 aliquam
3172 2172 3427 2226 rationem
3470 2188 3577 2227 non

1997 2255 2249 2324 inepctm.
2296 2259 2550 2323 Quaenam
2602 2260 2687 2315 illa
2734 2262 2855 2315 est?
2899 2261 3347 2319 Existimaverunt
3394 2275 3577 2335 patres

1996 2350 2186 2411 nostri,
2216 2350 2477 2419 baptisma
2507 2366 2626 2407 esse
2664 2350 2871 2407 frenum
2905 2353 3151 2409 idoneum
3196 2356 3349 2410 mala:
3377 2371 3577 2410 conco-

1996 2443 2296 2512 piscentiae,
2346 2461 2696 2516 magnamque
2721 2447 3018 2501 doctrinam
3057 2448 3365 2511 continere,
3408 2458 3465 2502 ut
3490 2449 3575 2502 vel

1998 2544 2237 2603 tempore
2278 2534 2587 2591 deliciarum
2631 2547 2987 2608 temperantes
3029 2540 3217 2595 simus.
3269 2540 3346 2593 Ac
3374 2540 3418 2593 si
3448 2554 3575 2609 ergo

1994 2643 2113 2682 cum
2159 2629 2369 2683 Christo
2408 2632 2715 2700 epulemur,
2759 2647 2956 2685 mensae
2995 2631 3109 2699 ejus
3155 2642 3454 2697 consortes,
3506 2648 3576 2686 ne

1994 2718 2117 2789 quid
2164 2728 2364 2774 temere
2407 2720 2677 2786 faciamus,
2720 2722 2812 2776 sed
2860 2723 2912 2776 in
2955 2722 3201 2791 jejuniis,
3232 2722 3477 2792 precibus
3521 2730 3576 2776 et

1996 2814 2342 2880 temperantia
2375 2812 2536 2865 multa
2569 2811 2839 2880 degamus.
2873 2811 3004 2866 Nam
3032 2814 3074 2866 si
3113 2814 3189 2877 is,
3229 2814 3317 2883 qui
3350 2815 3573 2869 smcula-

1994 2918 2107 2958 rem
2136 2903 2422 2973 quamdam
2454 2902 2820 2971 praefecturam
2852 2902 3091 2957 aditurus
3120 2912 3236 2969 est,
3286 2903 3384 2958 sibi
3427 2915 3577 2974 parat

1993 2993 2247 3064 quidquid
2282 2993 2348 3047 ad
2394 2994 2552 3047 vitam
2585 2996 2849 3063 pertinet;
2881 3003 2936 3047 et
2962 3001 3018 3046 ut
3043 2992 3353 3064 dignitatem
3392 3009 3577 3062 quam-

1995 3088 2116 3144 dam
2144 3098 2495 3158 assequatur,
2529 3088 2779 3157 pecunias
2818 3087 3074 3157 impendit
3095 3129 3109 3151 ,
3139 3096 3346 3157 tempus
3383 3101 3578 3142 consu-

1996 3182 2112 3247 mit,
2142 3190 2193 3235 et
2235 3189 2521 3235 sexcentos
2560 3178 2705 3233 subit
2747 3178 2992 3244 labores;
3024 3195 3134 3248 quo
3160 3194 3259 3234 nos
3286 3179 3430 3250 digni
3463 3180 3578 3234 fue-

1995 3271 2165 3325 rimus
2217 3271 2480 3341 supplicio
2531 3271 2620 3341 qui
2675 3286 2793 3324 cum
2848 3279 2991 3324 tanta
3047 3270 3291 3324 socordia
3349 3284 3574 3340 regnum

1995 3366 2245 3420 caelorum
2276 3365 2507 3424 adimus,
2541 3379 2712 3433 neque
2740 3371 3021 3431 antequam
3050 3377 3399 3432 assequamur
3427 3361 3579 3417 solli-

1994 3457 2107 3522 citi,
2137 3467 2192 3511 et
2234 3464 2350 3525 post
2394 3463 2670 3524 acceptum
2700 3454 2912 3524 ignavi?
2945 3453 3068 3508 ldt-o
3112 3453 3252 3508 enim
3300 3462 3577 3523 postquam

1995 3551 2319 3621 accepimus,
2368 3565 2559 3620 segnes
2585 3565 2790 3614 sumus,
2832 3551 2953 3618 quia
2995 3556 3280 3618 antequam
3309 3548 3581 3617 accipere-

1997 3658 2146 3707 mus,
2179 3659 2285 3697 non
2321 3642 2669 3714 vigilavimus.
2705 3642 2907 3696 Idcirco
2933 3641 3082 3695 multi
3110 3650 3390 3711 postquam
3425 3655 3581 3696 acce-

1996 3745 2225 3806 perunt,
2276 3735 2518 3804 protinus
2566 3734 2631 3788 ad
2675 3733 2911 3803 priorem
2956 3733 3217 3786 vomitum
3268 3731 3575 3795 redierunt,

1999 3827 2208 3897 pejores
2237 3835 2363 3880 sunt
2386 3825 2577 3887 ell'ccti,
2609 3834 2664 3880 et
2686 3826 2901 3896 gravius
2929 3823 3031 3877 sibi
3060 3823 3378 3892 supplicium
3410 3831 3581 3877 attra-

1998 3928 2206 3982 xeruot,
2237 3935 2265 3972 a
2302 3919 2569 3989 prioribus
2600 3919 2803 3972 liberati
2839 3916 3070 3986 peccatis
3101 3937 3113 3971 :
3156 3916 3385 3985 hincque
3409 3915 3580 3985 magis

1993 4010 2225 4080 judicent
2270 4010 2336 4064 ad
2379 4010 2509 4063 iram
2559 4010 2914 4073 concitarunt,
2960 4007 3098 4076 quod
3150 4022 3177 4058 a
3229 4016 3377 4060 tanto
3421 4006 3577 4061 soluti

1998 4102 2206 4165 morbo,
2256 4116 2321 4155 ne
2364 4101 2443 4154 sic
2485 4099 2700 4169 quidem
2749 4097 3109 4166 resipuerint;
3138 4096 3230 4148 sed
3269 4094 3395 4149 illud
3438 4097 3580 4165 passi

1999 4192 2128 4258 sint,
2170 4192 2309 4262 quod
2342 4190 2635 4263 paralytico
2679 4189 3035 4245 conuuinatns
3077 4198 3158 4242 est
3197 4187 3463 4250 Christus,
3494 4187 3579 4240 di-

1998 4300 2127 4339 cens
2167 4301 2179 4335 :
2218 4283 2347 4337 Ecce
2371 4299 2525 4336 sanus
2554 4285 2715 4353 factus
2754 4297 2838 4346 es;
2868 4280 2972 4334 noli
3001 4278 3220 4347 amplius
3247 4294 3482 4347 peccare,
3521 4293 3586 4331 ne

1998 4378 2120 4446 quid
2141 4376 2227 4430 tibi
2253 4376 2471 4429 deterius
2500 4374 2754 4443 contingat
2781 4372 2959 4444 (Joan.
2990 4373 3042 4426 5.
3074 4372 3163 4441 14)
3190 4389 3201 4422 :
3230 4371 3479 4440 quodque
3512 4371 3580 4425 de

1999 4468 2197 4525 Judaeis
2222 4466 2487 4538 prmdixit,
2516 4466 2804 4521 ostendens
2839 4466 2982 4533 ipsos
3007 4464 3199 4534 ingrati
3229 4463 3393 4518 animi
3419 4478 3581 4517 causa

2003 4560 2349 4615 intolerabilia
2384 4573 2631 4629 passuros
2650 4572 2769 4611 esse
2799 4575 2811 4609 :
2841 4556 2901 4611 Si
2944 4572 3043 4609 non
3071 4556 3312 4609 venissem
3340 4565 3385 4607 et
3405 4555 3583 4622 loquu-

2002 4662 2082 4706 tus
2110 4652 2316 4721 fuissem
2341 4651 2431 4715 eis,
2459 4658 2712 4721 peccatum
2739 4664 2839 4701 non
2866 4647 3102 4701 haberent
3132 4645 3310 4717 (Joan.
3345 4645 3432 4700 15.
3459 4644 3577 4712 22).

2004 4744 2185 4813 Itaque
2217 4742 2437 4814 posthac
2459 4740 2618 4811 dupla
2646 4750 2699 4795 et
2736 4738 3030 4810 quadrupla
3053 4747 3177 4792 sunt
3203 4746 3440 4807 peccata.
3465 4736 3584 4804 Quo

2005 4836 2203 4908 pacto?
2232 4834 2365 4901 Quia
2392 4842 2517 4904 post
2542 4832 2791 4887 collatum
2821 4830 3076 4884 honorem
3102 4828 3291 4898 ingrati
3319 4842 3505 4881 sumus
3529 4836 3586 4882 et

2003 4930 2248 5002 improbi.
2288 4928 2623 4999 Quapropter
2665 4923 2793 4979 nihil
2833 4921 2990 4976 nobis
3029 4919 3240 4991 proficit
3269 4920 3581 4984 lavacrum,

2003 5035 2058 5079 nt
2100 5023 2279 5078 mitius
2325 5021 2623 5091 puniamur.
2669 5014 3046 5071 Animadverte
3077 5027 3273 5083 porro:
3313 5011 3366 5067 in
3402 5014 3583 5083 gravia

2006 5126 2217 5186 peccata
2246 5114 2366 5185 quis
2392 5112 2611 5174 incidit;
2639 5108 2722 5164 vel
2749 5105 2973 5172 caedem,
3003 5106 3092 5162 vel
3121 5105 3463 5169 adulterium,
3490 5103 3576 5159 vel

2004 5209 2145 5263 aliud
2187 5206 2458 5278 quidpiam
2488 5200 2727 5258 deterius
2751 5199 2963 5255 admisit
2995 5217 3009 5253 :
3042 5198 3157 5253 haec
3185 5213 3282 5268 per
3311 5198 3578 5251 lavacrum

2005 5302 2226 5356 remissa
2271 5310 2414 5351 sunt.
2464 5295 2675 5349 Nullum
2719 5293 2916 5363 quippe
2944 5300 3026 5346 est
3049 5332 3064 5357 ,
3094 5290 3299 5345 nullum
3326 5299 3401 5342 est
3432 5297 3580 5343 certe

2005 5402 2304 5466 peccatum,
2333 5389 2474 5443 nulla
2502 5386 2761 5455 impietas,
2792 5401 2910 5453 qum
2940 5383 3061 5437 huic
3082 5383 3224 5437 dono
3250 5396 3355 5435 non
3380 5379 3532 5434 cedat
3562 5394 3580 5436 :

2003 5487 2177 5541 divina
2209 5483 2402 5552 quippe
2436 5490 2517 5533 est
2544 5477 2731 5547 gratia.
2763 5477 2994 5531 Rursum
3027 5474 3323 5529 moechatus
3350 5484 3432 5526 εει
3460 5471 3580 5541 quis

2004 5589 2057 5631 et
2086 5574 2281 5629 occidit
2312 5590 2324 5625 :
2356 5570 2582 5641 primum
2612 5567 2827 5638 quidem
2859 5565 3176 5620 adulterium
3207 5564 3436 5616 solutum
3466 5567 3572 5625 est,

2004 5682 2058 5724 et
2097 5668 2269 5723 etedes
2310 5666 2626 5727 condonata,
2658 5676 2829 5730 nequc
2857 5668 3137 5714 revocatur
3163 5677 3175 5711 ε
3208 5656 3353 5709 Dona
3381 5656 3576 5724 quippe

2004 5764 2100 5817 Dei
2128 5773 2174 5816 et
2199 5761 2388 5814 vocntio
2418 5759 2526 5829 ejus
2555 5766 2670 5810 sunt
2698 5755 2804 5807 sine
2832 5751 3120 5823 poenitentia
3149 5749 3320 5817 (Rom.
3348 5749 3433 5802 il.
3458 5747 3572 5813 ‘29).

2004 5858 2106 5914 Sed
2157 5871 2252 5928 pro
2298 5856 2381 5915 iis.
2427 5868 2546 5922 qua:
2586 5856 2706 5917 post
2742 5846 3062 5916 baptismum
3099 5850 3403 5913 perpetrata
3434 5847 3564 5894 sunt
