4024 6550
400 395 472 469 23
1148 405 1204 463 s.
1244 404 1521 462 mmsis
1556 394 2029 458 cuuvsoswosu
2068 396 2385 456 ARCUlEP.
2423 398 2955 459 CONSTANTINOP.
3598 400 3674 457 at

400 538 576 583 tantas
614 527 804 583 damus
850 539 1052 595 pmnas,
1095 536 1321 593 quantas
1356 524 1401 579 si
1450 522 1539 577 illa
1586 528 1831 574 revocata
1876 530 1980 569 non

401 623 626 676 fuissent
649 661 665 686 ,
698 620 807 675 imo
837 620 992 687 longe
1026 618 1276 687 majores.
1308 616 1424 671 Non
1450 616 1592 669 enim
1619 614 1727 684 jam
1758 612 1981 682 simplex

399 722 483 767 est
507 719 804 781 peccatum,
833 711 924 764 sed
955 710 1151 777 duplex
1176 721 1229 763 et
1255 710 1469 778 triplex.
1497 706 1649 774 Quod
1680 717 1857 759 autem
1890 704 1986 758 ho-

400 821 518 861 rum
541 805 712 873 major
732 805 801 858 sit
825 804 973 866 ultio,
1003 803 1125 857 audi
1148 801 1273 871 qttid
1295 802 1437 855 dicat
1463 798 1655 855 Paulus
1686 816 1698 851 :
1730 816 1747 849 ι
1781 798 1983 851 lrritam

399 897 520 967 quis
564 894 768 951 faciens
817 896 985 964 legem
1035 894 1252 965 Moysis,
1300 894 1418 948 sine
1461 893 1564 946 ulla
1617 889 1981 946 misericordia

400 990 608 1045 duobus
652 989 735 1044 vel
775 989 945 1042 tribus
993 986 1218 1041 testibus
1264 985 1492 1040 moritur
1525 1003 1538 1039 :
1570 993 1771 1055 quanto
1817 982 1984 1051 magis

404 1082 601 1151 putatis
647 1081 910 1136 deteriora
961 1078 1153 1133 mereri
1204 1078 1460 1148 supplicia
1508 1077 1599 1147 qtti
1646 1075 1838 1129 Filium
1890 1073 1982 1128 Dei

400 1174 835 1235 conculcaverit,
889 1181 944 1225 et
996 1172 1310 1241 sanguinem
1363 1168 1665 1223 testamenti
1725 1168 1979 1236 pollutum

401 1268 633 1331 duxerit,
662 1274 718 1319 et
744 1265 951 1335 spiritui
976 1264 1161 1336 gratiae
1185 1263 1562 1319 contumeliam
1591 1260 1776 1316 fecerit
1796 1259 1978 1325 (Hebr.

403 1358 487 1412 to.
519 1358 607 1412 es.
633 1355 768 1428 29)?
806 1375 823 1407 ι

471 1446 655 1501 Contra
705 1463 787 1501 eos
841 1447 926 1515 qui
980 1445 1229 1516 baptisma
1285 1443 1604 1509 differebant.
1634 1440 1977 1495 —Fortasse

403 1541 600 1594 multos
629 1540 954 1602 avertimus,
987 1554 1053 1591 ne
1083 1553 1222 1591 nunc
1258 1536 1520 1604 accipiant
1565 1534 1846 1603 baptisma.
1880 1531 1984 1586 Ve-

402 1648 519 1686 rum
551 1647 654 1686 non
687 1632 801 1683 hare
845 1632 932 1683 illa
972 1631 1038 1684 de
1066 1644 1226 1683 causa
1255 1627 1488 1682 diximus
1510 1667 1526 1692 ,
1554 1626 1647 1680 sed
1673 1635 1730 1677 ut
1755 1624 1843 1693 qui
1872 1623 1981 1692 jam

400 1734 742 1794 acceperunt,
769 1723 819 1776 in
850 1722 1010 1775 multa
1039 1730 1289 1774 maneant
1316 1716 1662 1787 temperantia
1708 1725 1763 1769 et
1796 1714 1981 1769 mode-

403 1817 528 1871 stia.
562 1820 632 1871 At
661 1826 859 1875 metuo,
884 1815 1023 1868 dicet
1046 1814 1255 1883 aliquis.
1286 1812 1341 1867 Si
1368 1820 1658 1873 metueres,
1684 1810 1983 1878 accepisses

402 1909 581 1978 utique
610 1919 663 1963 et
684 1922 980 1962 servasses.
1017 1905 1232 1970 Verum,
1266 1904 1475 1973 inquies
1494 1945 1508 1965 ,
1540 1918 1599 1955 ea
1627 1902 1736 1970 ipsa
1764 1900 1829 1955 de
1857 1915 1985 1955 cau-

399 2014 457 2053 sa
486 2015 590 2052 non
621 1996 861 2066 accipio,
890 1996 1030 2065 quod
1065 2006 1315 2050 metuam.
1349 1998 1541 2048 Annon
1594 1993 1785 2046 metuis
1810 1992 1887 2045 sic
1910 2006 1978 2044 ex

401 2089 499 2143 hac
529 2090 633 2143 vita
663 2087 966 2142 decedere?
995 2086 1263 2149 Clemens,
1298 2086 1486 2154 inquit.
1516 2093 1597 2137 est
1630 2083 1787 2135 Deus.
1824 2081 1984 2150 Igitur

401 2181 583 2249 accipe
610 2180 867 2248 baptisma
895 2196 907 2229 :
935 2179 1172 2231 clemens
1205 2178 1346 2229 enim
1375 2185 1456 2229 est
1483 2183 1535 2228 et
1570 2173 1876 2240 opitulatur.
1903 2170 1980 2225 Tu

398 2290 526 2329 vero
548 2273 635 2327 ubi
667 2283 937 2341 oporteret
966 2270 1200 2325 studiose
1220 2287 1329 2323 rem
1357 2283 1533 2337 agere.
1556 2267 1697 2320 illam
1729 2282 1830 2318 non
1856 2279 1982 2332 prae.-

397 2365 573 2419 tendis
598 2365 975 2425 clementiam;
1008 2362 1096 2415 ubi
1131 2375 1259 2413 vero
1289 2358 1504 2413 dillerre
1547 2367 1733 2426 optas,
1758 2366 1883 2408 tunc
1914 2353 1980 2407 il-

398 2458 502 2510 lam
536 2456 878 2511 clementiam
920 2467 1208 2507 memoras.
1245 2452 1403 2521 Atqui
1448 2462 1572 2504 tunc
1601 2459 1814 2518 tempus
1839 2457 1983 2501 esset

398 2548 579 2603 utendi
603 2548 691 2601 illa
713 2547 1019 2608 clementia,
1049 2553 1209 2615 atque
1231 2544 1373 2598 illam
1403 2552 1514 2597 tum
1540 2542 1708 2611 magis
1729 2555 1985 2607 aSseque-

403 2655 539 2704 mur,
573 2654 693 2692 cum
720 2652 782 2692 ea
812 2654 930 2705 qua:
962 2651 1129 2705 penes
1158 2650 1257 2689 nos
1284 2642 1408 2689 sunt
1434 2633 1736 2687 all'eremns.
1770 2631 1980 2685 Etenim

396 2730 462 2796 is,
490 2730 577 2799 qui
600 2730 778 2783 omnia
802 2730 854 2783 in
880 2730 1041 2783 Deum
1068 2727 1261 2796 rejicit.
1286 2735 1341 2780 et
1370 2734 1489 2793 post
1517 2726 1774 2793 baptisma
1798 2733 1983 2792 pecc.tt

399 2831 582 2891 utpote
608 2822 790 2884 homo,
825 2837 921 2890 per
946 2818 1313 2890 pmnitentiam
1345 2818 1497 2873 venia
1526 2816 1812 2871 donabitur
1844 2834 1857 2870 :
1890 2816 1979 2886 qui

395 2931 521 2970 vero
558 2915 624 2969 de
671 2915 763 2969 Dei
805 2914 1087 2969 clementia
1130 2913 1281 2983 quasi
1325 2921 1509 2983 argute
1549 2912 1655 2981 agit
1679 2953 1693 2977 ,
1723 2912 1766 2965 si
1797 2909 1981 2981 gratia:

395 3024 589 3078 expers
630 3007 753 3061 hinc
786 3007 1040 3070 decedat,
1072 3007 1363 3062 iuevitabili
1407 3006 1669 3076 supplicio
1699 3006 1977 3076 plectetur.

393 3104 501 3157 Cur
528 3112 705 3157 autem
752 3101 866 3156 haec
907 3101 1168 3155 adversus
1198 3102 1422 3155 salutem
1456 3108 1595 3153 tuam
1644 3097 1980 3169 praetendis?

399 3196 731 3266 Impossibile
761 3196 902 3249 enim
933 3206 1032 3259 est,
1070 3195 1418 3264 impossibile,
1453 3206 1510 3248 ut
1541 3200 1976 3264 puto,est,eum,

392 3290 479 3359 qui
509 3290 598 3343 tali
630 3303 725 3359 spe
755 3288 918 3343 fultus
947 3288 1158 3351 dill‘crt,
1204 3297 1482 3342 strenuum
1509 3285 1634 3356 quid
1661 3296 1752 3341 aut
1780 3285 1976 3339 bonum

393 3383 624 3450 operari.
650 3382 729 3435 Τιι
759 3396 888 3435 vero
921 3396 1019 3435 cur
1047 3390 1250 3435 tantum
1282 3390 1483 3434 metum
1514 3380 1741 3448 suscipis
1760 3420 1774 3441 ,
1804 3388 1859 3434 et
1893 3379 1977 3433 in-

390 3482 595 3525 certum
630 3472 863 3526 futurum
890 3475 1173 3541 praetendis
1194 3474 1217 3525 ?
1249 3487 1346 3527 cur
1376 3488 1479 3526 nou
1512 3483 1709 3527 metum
1744 3472 1896 3527 illum
1924 3475 1976 3527 in

392 3564 627 3618 laborem
650 3575 703 3618 et
727 3564 1058 3631 diligentiam
1089 3574 1281 3626 nmtas,
1309 3576 1364 3618 ut
1396 3566 1468 3617 sis
1495 3578 1720 3633 magnus
1740 3573 1794 3617 et
1818 3565 1979 3618 mira-

391 3658 558 3712 bilis?
589 3669 764 3712 utrmn
797 3659 985 3713 melius
1008 3670 1110 3724 est,
1137 3660 1344 3721 timere.
1374 3674 1440 3712 an
1472 3658 1754 3713 laborare?
1775 3657 1831 3713 Si
1857 3659 1978 3728 quis

392 3760 442 3804 te
467 3751 756 3805 collocaret
780 3752 1009 3805 otiosum
1055 3751 1106 3805 in
1134 3750 1296 3805 domo
1320 3753 1487 3804 ruina:
1514 3751 1755 3821 proxima
1778 3791 1794 3816 ,
1825 3750 1975 3804 dice-

392 3851 611 3912 retque,
657 3841 921 3912 Exspecta
976 3845 1146 3899 donec
1181 3845 1508 3913 contignatio
1542 3843 1652 3913 jam
1712 3844 1882 3913 putris
1923 3844 1975 3897 in

392 3946 553 4007 caput
582 3947 728 3991 tuum
758 3937 913 3991 cadat
935 3938 1079 4007 (nam
1102 3936 1238 3992 forte
1264 3937 1440 4001 cadet,
1470 3935 1606 3991 forte
1628 3952 1733 3991 non
1760 3934 1936 4007 cadet)
1959 3952 1973 4000 ;

392 4029 474 4083 sin
505 4044 610 4083 non
639 4029 831 4099 placet,
855 4044 1100 4097 operare,
1126 4037 1180 4083 et
1206 4030 1257 4082 in
1279 4029 1472 4083 tutiore
1496 4028 1671 4082 habita
1700 4028 1935 4081 thalamo
1959 4044 1971 4079 :

391 4131 565 4175 utrtun
598 4124 770 4191 potius
797 4122 1023 4189 eligeres
1045 4164 1059 4188 ,
1092 4122 1330 4176 otiumnc
1358 4121 1485 4176 illttd
1520 4123 1711 4175 timore
1736 4121 1972 4192 plenum,

389 4230 455 4268 an
499 4215 734 4269 laborem
765 4231 859 4284 spe
891 4214 1120 4268 fultum?
1147 4216 1220 4269 Ita
1248 4225 1303 4269 et
1353 4230 1493 4269 nunc
1523 4213 1700 4268 facito.
1735 4215 1862 4267 Nam
1897 4213 1975 4267 iu-

390 4318 597 4359 certum
643 4305 772 4360 illud
822 4304 1053 4360 futurum
1080 4347 1095 4367 ,
1134 4317 1216 4358 est
1245 4307 1394 4375 quasi
1440 4306 1631 4359 domus
1673 4306 1723 4357 in
1766 4308 1973 4357 ruinam

396 4413 622 4469 vergens
650 4416 664 4463 ;
697 4399 784 4452 illa
818 4414 948 4453 vero
979 4399 1219 4467 operatio
1238 4441 1253 4464 ,
1282 4399 1381 4453 etsi
1411 4398 1699 4461 laboriosa,
1722 4396 1977 4451 seem-ita-

394 4500 499 4543 tem
530 4488 777 4557 spondet.

465 4583 515 4634 7.
560 4582 723 4636 Absit
764 4597 892 4649 ergo
931 4589 987 4635 ut
1024 4582 1073 4635 in
1120 4590 1316 4634 tantam
1363 4579 1730 4635 necessitatem
1777 4578 1978 4633 incida-

393 4691 545 4736 mus,
579 4685 634 4727 nt
671 4685 791 4743 post
840 4675 1110 4727 lavacrum
1144 4688 1441 4742 peccemus.
1491 4675 1737 4726 Attamen
1777 4671 1974 4740 siquid

392 4766 568 4821 simile
598 4766 841 4831 accidat,
880 4781 947 4820 ne
975 4766 1052 4819 sic
1078 4765 1294 4835 quidem
1325 4764 1695 4832 desperemus.
1726 4760 1976 4817 Clemens

393 4860 534 4914 enim
565 4869 648 4915 est
695 4860 968 4921 Dominus,
1001 4860 1296 4925 multasque
1342 4858 1495 4912 nobis
1521 4857 1666 4912 dedit
1704 4856 1973 4912 remissio-

397 4956 480 5008 nis
520 4962 701 5023 postea
743 4953 1093 5023 impetranda;
1133 4954 1266 5006 vias.
1299 4951 1565 5006 Cancrum
1606 4950 1745 5003 sicut
1788 4949 1860 5013 ii,
1885 4948 1977 5017 qui

396 5057 517 5116 post
546 5048 818 5101 lavacrum
842 5057 1084 5117 peccant.
1115 5048 1328 5115 gravius
1351 5044 1670 5113 puniuntur,
1707 5058 1863 5111 quam
1890 5056 1973 5095 ca-

396 5136 702 5192 techumeni
736 5154 750 5191 :
781 5138 858 5190 sic
884 5139 971 5206 qui
1004 5130 1180 5190 sciunt
1207 5135 1536 5205 pa‘ttitentite
1568 5148 1688 5188 esse
1718 5131 1974 5196 remedia,

400 5244 497 5281 nec
542 5228 605 5281 iis
636 5228 711 5281 uti
760 5228 965 5291 volunt,
999 5228 1244 5295 graviora
1288 5226 1570 5282 oatientur.
1600 5224 1811 5291 Quanto
1835 5222 1978 5277 enim

400 5320 569 5389 major
599 5329 680 5374 est
712 5318 801 5372 Dei
828 5318 1107 5373 clementia
1130 5360 1144 5380 ,
1167 5325 1314 5371 tanto
1340 5333 1507 5387 magis
1537 5316 1854 5385 supplicium
1884 5329 1979 5368 au-

398 5424 553 5475 getur
573 5456 589 5479 ,
621 5413 664 5468 si
699 5428 802 5467 non
844 5412 930 5466 illa
961 5422 1019 5466 ut
1057 5420 1266 5481 oportet
1298 5420 1529 5465 tttamur.
1566 5410 1705 5476 Quid
1740 5409 1873 5463 dicis
1898 5448 1913 5474 ,
1944 5423 1979 5462 o

399 5504 605 5559 homo?
642 5503 827 5558 Tantis
865 5504 1056 5573 plenus
1093 5502 1246 5556 malis
1281 5516 1343 5555 ac
1383 5502 1688 5569 deploratus
1717 5543 1732 5564 ,
1774 5500 1979 5553 amicus

400 5606 620 5664 repente
652 5595 820 5649 factus
846 5610 923 5657 es,
951 5602 1006 5649 et
1032 5594 1096 5648 ad
1120 5594 1334 5648 culmen
1364 5593 1581 5646 honoris
1605 5602 1841 5657 evectus,
1872 5605 1979 5644 non

399 5703 462 5742 ex
491 5688 719 5757 propriis
753 5686 1053 5750 laboribus,
1086 5686 1180 5740 sed
1212 5701 1276 5739 ex
1307 5684 1449 5738 dono
1471 5684 1595 5748 Dei,
1619 5694 1673 5738 et
1700 5696 1885 5736 rursus
1910 5680 1978 5736 ad

402 5782 679 5851 pristinam
737 5795 985 5835 reversus
1034 5795 1092 5835 es
1142 5777 1523 5848 turpitudinem
1552 5817 1567 5837 ,
1603 5775 1808 5830 etiamsi
1852 5773 1980 5829 hinc

400 5882 637 5942 grauior
662 5871 982 5929 cruciandus
1013 5870 1125 5925 sis:
1168 5870 1257 5925 ille
1286 5882 1414 5923 vero
1468 5881 1640 5937 neque
1694 5866 1769 5921 sic
1822 5879 1979 5921 aver-

2092 531 2184 570 sus
2230 517 2475 579 est;sed
2530 519 2677 574 mille
2726 521 2916 575 salutis
2959 533 3121 576 ansas
3168 519 3310 577 Deus
3348 522 3501 579 dedit
3528 562 3542 583 .
3576 536 3673 591 per

2088 621 2222 676 quas
2274 611 2477 665 amicus
2526 610 2777 666 elﬁciaris
2823 629 2839 667 :
2892 622 2949 668 tu
2996 628 3129 667 vero
3189 628 3259 669 ne
3318 615 3397 668 sic
3454 614 3672 683 quidem

2089 700 2168 752 vis
2210 699 2445 756 laborem
2498 705 2792 773 suscipere.
2855 706 2924 760 Et
2973 722 3075 776 qua
3130 705 3341 761 tandem
3388 707 3541 761 venia
3590 707 3670 760 di-

2089 808 2223 863 gnus
2266 794 2373 848 eris
2393 794 2418 845 ‘I
2461 797 2730 864 quomodo
2756 813 2862 852 non
2888 806 2942 852 te
2956 799 3077 866 jure
3100 798 3329 868 gentiles
3367 797 3669 865 derideant,

2088 902 2187 941 ceu
2217 888 2394 941 fucum
2438 889 2740 959 quempiam
2781 899 2983 944 temere
3015 892 3314 961 frustraque
3352 890 3618 945 viventem
3649 893 3672 943 ?

2088 977 2220 1031 Nam
2251 980 2296 1033 si
2320 978 2494 1045 valet,
2516 979 2781 1051 inquiunt,
2810 980 3146 1051 philosOphia
3173 991 3351 1035 vestra
3372 1023 3389 1046 ,
3417 981 3543 1050 quid
3568 982 3669 1035 sibi

2086 1070 2201 1124 vult
2230 1070 2315 1125 illa
2335 1086 2438 1126 non
2463 1072 2787 1127 initiatorum
2811 1073 3131 1129 multitudo?
3160 1073 3417 1128 Przeclara
3434 1082 3579 1128 certe
3599 1082 3671 1127 at-

2087 1179 2191 1232 que
2215 1165 2508 1233 expetenda
2527 1168 2798 1237 mysteria.
2827 1167 2932 1222 Sed
2963 1167 3138 1221 nullus
3153 1176 3453 1238 exspectet,
3474 1176 3531 1221 ut
3549 1168 3669 1220 ani-

2087 1271 2227 1310 mam
2267 1271 2432 1326 agens
2470 1258 2739 1313 lavacrum
2769 1260 3012 1329 accipiat.
3059 1260 3173 1314 Non
3210 1262 3353 1314 enim
3385 1262 3668 1331 mysterio-

2086 1361 2203 1400 rum
2230 1354 2439 1416 tempus
2471 1348 2597 1403 illud
2624 1359 2726 1415 est,
2756 1351 2849 1405 sed
2874 1359 3313 1405 testamentorum
3340 1368 3354 1406 :
3385 1352 3671 1422 mysterio-

2087 1452 2203 1490 rum
2248 1446 2428 1493 autem
2459 1448 2667 1508 tempus
2695 1449 2779 1495 est
2816 1442 3018 1497 sanitas
3056 1443 3311 1496 mentium
3345 1484 3359 1507 ,
3391 1451 3447 1497 et
3470 1443 3665 1497 animae

2089 1528 2458 1596 temperantia.
2497 1530 2587 1584 Dic
2617 1531 2759 1584 enim
2794 1532 2921 1585 tnihi
2957 1551 2970 1585 :
3002 1533 3045 1586 si
3080 1543 3395 1588 testamenta
3424 1548 3531 1587 non
3556 1535 3669 1588 vult

2086 1622 2207 1688 quis
2228 1621 2304 1675 sic
2333 1621 2555 1676 affectus
2579 1624 2759 1687 edere,
2792 1624 2887 1679 sed
2920 1633 2973 1679 et
2999 1625 3043 1679 si
3072 1625 3331 1692 ediderit,
3365 1641 3547 1681 ansam
3575 1627 3670 1681 dat

2088 1722 2270 1781 postea
2318 1714 2594 1783 litigandi;
2628 1717 2854 1786 ideoque
2890 1719 2978 1788 qui
3022 1728 3284 1774 testantur
3324 1719 3436 1775 hmo
3466 1720 3669 1775 addunt

2087 1807 2245 1861 verba
2273 1825 2285 1860 :
2321 1808 2432 1877 Ego
2473 1811 2656 1864 vivens
2678 1851 2693 1875 ,
2736 1819 2792 1866 et
2828 1822 3005 1867 mente
3033 1814 3216 1868 valens
3243 1829 3358 1869 mea
3390 1813 3618 1883 dispono
3650 1832 3665 1869 :

2086 1897 2356 1966 quomodo
2383 1900 2446 1963 is,
2472 1901 2560 1969 qui
2588 1901 2667 1955 sui
2691 1916 2912 1972 compos
2938 1918 3041 1956 non
3068 1913 3170 1969 est,
3198 1905 3391 1973 poterit
3418 1916 3669 1961 accurate

2088 1993 2356 2063 mysteriis
2378 1994 2615 2049 initiari?
2644 1995 2701 2050 Si
2729 1996 2873 2050 enim
2904 1996 2972 2051 de
3001 1998 3345 2053 smcularib‘us
3373 1998 3532 2053 rebus
3561 2016 3665 2052 non

2086 2087 2268 2140 sinunt
2291 2096 2525 2142 externa:
2551 2088 2695 2157 leges
2724 2090 2905 2143 testari
2929 2105 3050 2143 eum
3077 2131 3090 2152 ,
3116 2090 3203 2159 qui
3234 2091 3454 2145 omnino
3484 2100 3668 2144 mente

2087 2196 2193 2232 non
2219 2180 2390 2233 valeat
2414 2221 2429 2243 ,
2465 2195 2587 2234 cum
2617 2189 2793 2235 tamen
2820 2180 2888 2236 de
2912 2182 3024 2236 suis
3051 2181 3395 2236 facultatibus
3422 2184 3667 2251 prazscri-

2087 2282 2272 2340 plurus
2303 2271 2370 2324 sit
2399 2288 2412 2323 :
2445 2271 2716 2341 quomodo
2745 2272 2813 2326 de
2840 2288 3006 2341 regno
3026 2273 3280 2327 ctelormn
3310 2273 3483 2344 deque
3508 2291 3665 2328 area—

2088 2366 2168 2415 nis
2197 2363 2301 2417 illis
2332 2364 2484 2417 bonis
2516 2364 2789 2418 institutus
2814 2366 3014 2433 poteris
3041 2365 3185 2420 clare
3213 2367 3389 2419 omnia
3426 2367 3664 2432 discere,

2085 2470 2205 2508 cum
2231 2470 2374 2523 saepe
2402 2456 2472 2509 ob
2500 2456 2743 2511 morbum
2770 2467 2947 2511 mente
2972 2468 3159 2525 captus
3180 2460 3297 2513 sis?
3325 2460 3663 2529 quandonam

2084 2548 2245 2601 verba
2274 2546 2362 2600 illa
2393 2545 2605 2601 Christo
2637 2548 2782 2603 dices
2810 2591 2823 2612 ,
2855 2550 3213 2618 Consepultus
3242 2565 3363 2605 cum
3390 2551 3480 2605 illo
3502 2592 3516 2615 ,
3543 2567 3664 2606 cum

2082 2636 2190 2705 jatn
2220 2638 2541 2707 migraturus
2564 2638 2677 2692 sis?
2702 2639 2833 2694 Nam
2855 2649 2909 2694 et
2937 2642 3190 2709 operibus
3219 2653 3273 2695 et
3298 2642 3476 2696 verbis
3506 2643 3668 2697 bene-

2085 2729 2315 2783 volentia
2349 2729 2418 2783 illi
2450 2730 2751 2786 exhibenda
2780 2741 2880 2785 est.
2913 2733 2989 2786 Ttt
3021 2749 3148 2788 vero
3178 2734 3395 2802 perinde
3425 2734 3576 2799 facis,
3604 2753 3670 2792 ac

2084 2821 2127 2873 si
2156 2819 2273 2889 quis
2298 2823 2532 2889 postulet
2559 2822 2785 2878 adscribi
2816 2824 3017 2878 militiae
3037 2865 3052 2889 ,
3079 2841 3197 2880 cum
3220 2826 3331 2895 jam
3362 2827 3554 2881 bellum
3585 2837 3668 2881 est

2085 2915 2393 2968 solvendum
2428 2934 2442 2978 ;
2482 2902 2577 2969 aut
2624 2916 2669 2970 si
2712 2917 2909 2973 athleta
2953 2929 3061 2972 tum
3099 2929 3276 2974 vestes
3315 2908 3517 2989 exuat,
3543 2936 3665 2975 cum

2084 3014 2417 3074 spectatores
2458 3016 2700 3077 surgunt.
2734 3007 2867 3063 Nam
2895 3009 3015 3064 ideo
3053 3026 3201 3064 arma
3229 3014 3396 3067 sumis
3417 3053 3431 3077 ,
3463 3029 3566 3067 non
3610 3022 3669 3067 ut

2086 3096 2328 3165 protinus
2348 3097 2587 3169 aufugias
2611 3115 2625 3164 ;
2654 3101 2747 3154 sed
2777 3111 2835 3155 ut
2859 3102 2965 3155 illis
3005 3102 3294 3158 instructus
3315 3146 3329 3169 ,
3354 3115 3538 3159 contra
3568 3106 3666 3158 ho-

2083 3199 2221 3245 stem
2271 3200 2527 3261 tropzeum
2574 3193 2770 3263 erigas.
2822 3192 2988 3247 Nemo
3039 3204 3180 3263 putet
3234 3196 3664 3264 intempestivum

2085 3281 2228 3339 hunc
2275 3300 2577 3339 sermonem
2622 3302 2783 3350 esse,
2831 3287 2953 3357 quia
3006 3303 3108 3341 non
3156 3289 3207 3342 in
3250 3290 3664 3359 Quadragesima

2084 3392 2228 3433 nunc
2254 3393 2438 3433 sumus
2466 3380 2565 3449 (a).
2601 3378 2723 3433 Ideo
2768 3397 2868 3433 nan
2891 3396 2998 3450 que
3037 3382 3334 3434 discrucior
3360 3423 3373 3444 ,
3425 3383 3563 3451 quod
3612 3384 3664 3435 in

2085 3471 2279 3526 talibus
2327 3472 2485 3527 rebus
2528 3483 2738 3543 tempus
2779 3473 3095 3528 observetis.
3140 3474 3347 3528 Etenim
3389 3475 3666 3528 eunuchus

2084 3563 2175 3618 ille
2199 3573 2254 3618 et
2282 3563 2537 3619 barbarus
2565 3565 2666 3619 iter
2695 3580 2859 3634 agens
2888 3606 2902 3628 ,
2936 3564 3107 3619 media
3140 3564 3191 3619 in
3219 3566 3449 3623 viacutn
3481 3577 3623 3619 esset
3646 3607 3661 3627 ,

2085 3668 2294 3726 tempus
2331 3674 2435 3711 non
2464 3658 2750 3728 exqttisivit
2779 3658 2915 3727 (Act.
2947 3657 3001 3712 8.
3028 3655 3121 3729 27)
3155 3675 3169 3711 :
3204 3672 3303 3712 nec
3330 3667 3513 3712 custos
3541 3673 3663 3711 car—

2082 3752 2220 3805 ceris
2250 3752 2359 3813 ille,
2392 3752 2529 3806 inter
2555 3752 2760 3807 vinctos
2784 3793 2798 3817 ,
2830 3766 2950 3806 cum
2993 3752 3307 3821 magistrum
3335 3753 3536 3807 videret
3565 3752 3663 3805 lla-

2080 3843 2234 3912 gellis
2259 3858 2456 3898 c:esum
2488 3852 2543 3897 et
2578 3844 2811 3898 vinctum
2835 3886 2851 3911 ,
2880 3856 2933 3899 et
2984 3844 3037 3898 in
3082 3858 3298 3899 carcere
3350 3860 3662 3898 mansurum

2086 3936 2103 4007 (
2135 3934 2221 3988 Id.
2256 3936 2342 3990 l6.
2372 3935 2442 3991 29
2474 3935 2513 4005 ).
2542 3935 2639 3990 Hic
2667 3946 2843 3990 autem
2877 3936 3147 4006 plerique,
3180 3953 3284 3989 non
3318 3936 3368 3990 in
3400 3952 3618 3990 carcere
3643 3978 3658 3997 ,

2082 4044 2187 4082 non
2215 4028 2266 4081 iu
2296 4028 2378 4082 via
2416 4029 2712 4095 ccttStituti,
2741 4028 3033 4093 differunt,
3078 4029 3235 4100 idque
3264 4029 3329 4083 ad
3360 4038 3664 4084 extremum

2083 4135 2248 4189 usque
2284 4121 2405 4174 vita:
2435 4120 2677 4175 halitum.

2151 4218 2204 4269 8.
2246 4213 2508 4283 Baptisma
2568 4231 2669 4267 non
2722 4212 3342 4281 diﬂ'erendum.—Quod
3396 4212 3440 4267 si
3488 4212 3666 4269 adhuc

2080 4307 2304 4376 ambigis
2330 4323 2452 4360 ntnn
2483 4306 2730 4360 Christus
2753 4308 2823 4360 sit
2850 4307 3007 4368 Deus,
3042 4305 3171 4360 foris
3214 4315 3375 4372 stato,
3408 4322 3505 4361 nec
3529 4306 3664 4359 divi-

2083 4414 2147 4450 na
2195 4398 2354 4452 verba
2406 4398 2611 4460 audias,
2658 4414 2829 4467 neque
2881 4398 3020 4452 inter
3047 4397 3457 4451 catechumenos
3485 4406 3537 4451 te
3564 4412 3667 4450 an-

2081 4504 2334 4543 numeres
2364 4506 2378 4543 :
2404 4490 2483 4542 sin
2510 4488 2735 4543 conlidis
2756 4530 2769 4553 ,
2800 4497 2855 4541 et
2881 4488 2981 4541 hoc
3012 4489 3177 4557 probe
3202 4488 3501 4557 cognoscis,
3532 4487 3661 4557 quid

2082 4583 2385 4637 cunctaris?
2415 4597 2508 4636 cur
2538 4582 2737 4652 refugis
2765 4591 2818 4636 et
2846 4582 3025 4651 segnis
3048 4581 3149 4635 es?
3180 4579 3400 4641 Vereor,
3432 4580 3662 4649 inquies,

2085 4694 2150 4731 ne
2180 4691 2416 4745 peccem.
2447 4673 2597 4740 Quod
2642 4688 2771 4727 vero
2799 4673 3036 4727 deterius
3063 4683 3145 4726 est
3174 4688 3277 4726 non
3308 4674 3508 4726 vereris
3541 4713 3555 4736 ,
3597 4688 3667 4728 ne

2081 4787 2202 4824 cum
2231 4770 2388 4823 tantis
2430 4768 2656 4821 sarcinis
2700 4767 2791 4820 illo
2824 4767 3027 4821 abeas?
3055 4767 3170 4821 Non
3202 4768 3343 4821 enim
3385 4782 3481 4838 par
3508 4768 3664 4836 culpa

2083 4872 2165 4917 est
2192 4862 2516 4931 propositam
2541 4859 2766 4929 gratiam
2794 4876 2899 4913 non
2925 4859 3137 4927 assequi
3163 4900 3178 4923 ,
3215 4868 3270 4914 et
3297 4876 3408 4913 rem
3443 4875 3666 4929 aggres-

2084 4970 2227 5020 sum,
2257 4952 2451 5008 frustra
2482 4961 2732 5005 conatum
2755 4965 2895 5005 esse.
2930 4949 3022 5004 Dic
3047 4948 3206 5011 mihi,
3232 4950 3277 5003 si
3307 4948 3667 5019 redarguaris,

2083 5064 2178 5105 Cur
2208 5063 2311 5102 non
2356 5047 2648 5100 accesseris
2671 5086 2685 5106 ,
2711 5061 2807 5098 cur
2837 5059 2941 5097 non
2989 5055 3134 5098 recte
3184 5060 3293 5096 rem
3338 5029 3624 5111 perfeceris
3649 5084 3666 5109 ,

2085 5139 2209 5210 quid
2250 5138 2449 5193 dices?
2496 5135 2607 5190 Illic
2654 5136 2798 5190 enim
2856 5133 2995 5188 forte
3049 5133 3270 5203 illegare
3318 5148 3501 5202 posses
3528 5147 3666 5186 ouus

2087 5240 2473 5302 prreceptorum
2503 5230 2518 5260 ⁸
2542 5238 2596 5283 et
2618 5229 2862 5291 virtutis;
2888 5226 2974 5280 hic
3000 5241 3127 5280 vero
3154 5225 3281 5279 nihil
3310 5225 3501 5279 simile.
3533 5224 3665 5279 Gra-

2089 5328 2157 5379 tia
2185 5325 2324 5379 enim
2366 5333 2448 5378 est
2490 5323 2652 5392 gratis
2684 5320 2819 5375 dans
2865 5320 3185 5373 libertatem.
3239 5304 3436 5370 Verum
3466 5317 3624 5370 times
3647 5357 3669 5382 ,

2087 5437 2155 5474 ne
2183 5418 2413 5487 pecces?
2443 5416 2555 5472 Hoc
2586 5426 2704 5485 post
2740 5412 2999 5484 baptisma
3028 5410 3211 5466 dicito.
3242 5410 3391 5464 ’l‘uuc
3416 5408 3543 5463 time
3562 5449 3576 5471 ,
3610 5419 3671 5463 ut

2088 5527 2270 5567 serves
2316 5511 2616 5564 libertatem
2641 5549 2656 5573 ,
2698 5521 2855 5576 quam
2900 5504 3189 5572 accepisti;
3233 5511 3420 5555 nonut
3460 5510 3666 5554 tantum

2088 5606 2285 5661 donum
2315 5602 2479 5674 gratis
2523 5614 2629 5655 non
2671 5598 2923 5669 accipias.
2949 5595 3100 5651 Nunc
3127 5603 3306 5649 autem
3336 5603 3460 5648 ante
3488 5592 3669 5663 bapti-

2153 5745 2169 5775 ί
2206 5742 2343 5791 Alius
2364 5738 2504 5801 legit,
2529 5740 2803 5801 affectuum,
2828 5742 3323 5801 pro,_pra'cep_t_orum.

2152 5807 2223 5867 (α)
2258 5805 2312 5853 ln
2332 5795 2703 5867 Qttavdragésima
2726 5795 2907 5863 quippe
2921 5797 2986 5848 de
3005 5809 3103 5847 non
3125 5795 3171 5847 di
3196 5796 3399 5849 ferendo
3421 5795 3669 5858 baptismo

2091 5865 2358 5919 conciouari
2382 5865 2622 5917 solebant.
