4022 6364
250 358 328 415 93
1261 355 1327 409 IN
1369 355 1552 410 ACTA
1593 352 1801 408 APOS1

1913 351 2130 407 unum.
2166 321 2422 407 nomL;
2445 352 2488 408 ι.
3459 361 3532 414 ει

244 474 364 537 ζων
393 471 603 526 τούτων
644 470 756 528 τῶν
789 471 1203 542 ἁμαρτημάτων
1236 473 1270 542 ὴ
1314 472 1436 544 δίκη
1458 514 1473 536 ,
1517 473 1747 526 ἄκουσον
1788 468 1841 521 τί

245 572 415 626 φησιν
459 557 490 608 6
526 554 761 616 Παῦλοςο
803 554 1123 621 Ἂθετήσας
1158 573 1250 621 τις
1286 556 1478 624 νόμον
1523 553 1838 618 Μωῢσέως,

247 640 429 706 χεῳὶς
487 635 813 706 οἰκτιρμῶν
854 637 955 690 ἐπὶ
1003 638 1189 692 δυσίν
1239 639 1279 708 ἢ
1340 638 1497 708 τρισὶ
1537 637 1840 707 μάρτυσιν

245 723 650 790 ἀποθνήσκευ
681 723 857 789 πόσῳ
887 723 1118 776 δοκεῖτε
1142 724 1414 790 χείρονος
1443 723 1838 788 ἀξιωθήσεται

243 807 526 873 τιμωρίας
572 808 608 859 ὀ
668 805 780 858 τὸν
834 807 880 858 Υ
875 804 972 859 ἰὸν
1020 806 1128 860 τοῦ
1180 807 1327 860 Θεοῦ
1383 806 1835 873 καταπατήσας,

237 890 335 942 καὶ
373 889 443 942 τὸ
478 884 631 958 αἷμα
666 888 780 957 τῆς
826 888 1128 956 Διαθήκης
1178 888 1386 944 κοινὸν
1431 888 1834 960 ἡγησάμενος,

233 973 337 1026 καὶ
369 971 439 1026 τὸ
470 974 720 1043 πνεῦμα
760 973 872 1041 τῆς
911 973 1156 1043 χάριτος
1194 974 1554 1042 ἐνυϐρίσας;

302 1057 466 1125 Τάχα
501 1057 738 1120 πολλοὺς
775 1056 1169 1128 ἀπετρέψαμεν
1195 1055 1290 1108 νῦν
1320 1056 1503 1111 λαϐεῖν
1545 1061 1607 1112 τὸ
1641 1058 1834 1118 βάπτι-

229 1156 372 1210 σμα.
417 1141 562 1194 Ἀλλ’
585 1143 649 1196 οὐ
666 1142 755 1196 διά
776 1141 934 1195 τοῦτο
956 1141 1127 1195 ταῦτα
1155 1142 1477 1213 είρήκαμεν,
1498 1143 1612 1196 ἀλλ’
1633 1143 1719 1196 ἴνα
1737 1143 1832 1196 λα-

225 1225 425 1289 ϐόντες
460 1227 725 1295 μείνωσιν
747 1227 806 1278 ἐν
838 1225 1161 1298 σωφροσύνῃ
1189 1226 1284 1280 καὶ
1331 1229 1600 1298 ἐπιεικείᾳ
1638 1228 1828 1299 πολλῇ.

239 1309 410 1362 Ἀλλά
431 1310 676 1371 δέδοικα,
707 1311 893 1380 φησίν.
945 1312 1008 1362 Εἰ
1059 1310 1367 1374 ἐδεδοίκεις,
1403 1311 1595 1375 ἔλαϐες
1643 1311 1710 1365 ἂν
1740 1314 1831 1365 καὶ

224 1393 532 1461 ἐφύλαξας.
582 1393 749 1446 Ἀλλά
783 1393 851 1446 δι’
881 1393 1012 1448 αὐτὸ
1039 1395 1136 1464 μὲν
1164 1391 1257 1448 οὖν
1284 1394 1442 1447 τοῦτο
1465 1397 1524 1447 οὐ
1547 1394 1827 1465 λαμϐάνω,

225 1475 385 1543 φησὶ,
413 1476 510 1528 διὰ
543 1477 607 1528 τὸ
633 1477 938 1546 φοϐεῖσθαι.
978 1478 1051 1530 Τὸ
1076 1477 1131 1529 δέ
1157 1476 1329 1541 οὕτως
1361 1477 1616 1531 ἀπελθεῖν
1654 1479 1713 1531 οὐ
1744 1478 1826 1531 δέ·

221 1557 446 1621 δοικαςς
506 1559 903 1631 Φιλάνθρωπός
955 1561 1093 1623 ἐστι,
1138 1563 1322 1630 φησὶν,
1357 1562 1386 1614 6
1434 1561 1585 1625 Θεός.
1619 1562 1826 1616 Οὐκοῦν

222 1639 354 1694 λάϐε
380 1642 444 1694 τὸ
480 1643 780 1713 βάπτισμα
804 1661 818 1675 ·
850 1645 1234 1715 φιλάνθρωπος
1267 1646 1375 1716 γάρ
1409 1648 1526 1698 ἐστι
1557 1648 1650 1700 καὶ
1684 1646 1827 1717 βοη-

222 1723 324 1778 θεῖ.
352 1725 428 1778 Σὺ
461 1726 548 1788 δὲ,
579 1726 714 1779 ἔνθα
747 1727 846 1796 μὲν
868 1727 936 1780 ἂν
956 1727 1051 1799 δέῃ
1082 1727 1396 1791 σπουδάσαι,
1443 1729 1502 1782 οὐ
1545 1730 1824 1802 προϐάλλῃ

219 1810 318 1878 τὴν
342 1808 774 1882 φιλανθρωπίαν
808 1811 1013 1882 ταύτην
1033 1828 1048 1844 ’
1084 1811 1210 1865 ἔνθα
1245 1812 1291 1864 δ’
1321 1813 1387 1866 ἂν
1421 1813 1582 1884 θέλῃς
1620 1814 1823 1868 άναϐα-
1865 1807 1874 1817 ’

219 1891 428 1955 λέσθαι,
457 1895 589 1947 τότε
625 1895 800 1966 αὐτῆς
830 1897 1136 1968 μέμνησαι·
1177 1896 1351 1950 καίτοι
1386 1898 1504 1950 τότε
1532 1898 1722 1969 καιρὸν
1754 1897 1821 1953 ἂν

219 1975 386 2048 ἔχοιή
419 1978 825 2048 φιλανθρωπία
856 1977 1017 2048 αὐτη,
1046 1980 1140 2032 καὶ
1180 1979 1382 2048 μᾶλλον
1414 1980 1584 2050 αὐτῆς
1609 1983 1821 2034 ἐπιτευ-

220 2059 436 2129 ξόμεθα,
467 2061 609 2114 ὅταν
647 2060 742 2114 καὶ
782 2061 852 2114 τά
887 2061 1018 2131 παρ’
1051 2062 1258 2116 ἑαυτῶν
1298 2063 1716 2133 είσενέγκωμεν.
1762 2065 1817 2117 Ὀ

224 2146 315 2214 μὲν
339 2147 451 2216 γὰρ
485 2147 552 2199 τὸ
579 2147 699 2199 πᾶν
729 2146 824 2198 ἐπὶ
847 2145 941 2199 τὸν
963 2145 1095 2200 Θεὸν
1125 2146 1308 2216 ῥίψας.
1334 2148 1428 2200 καὶ
1469 2147 1608 2216 μετά
1634 2147 1692 2200 1:6
1720 2147 1816 2218 βά-

227 2247 424 2300 πτισμα
460 2230 818 2302 ἁμαρτάνων
856 2224 945 2282 οἷα
973 2230 1119 2293 εἰκὸς
1151 2231 1437 2302 ἄνθρωπον
1469 2231 1619 2294 ὄντα,
1659 2249 1814 2301 μεταο

234 2313 353 2364 νκῖη
382 2314 644 2378 τεύξεται
681 2312 1127 2384 φιλανθρωπίας⁸
1156 2316 1184 2366 6
1205 2313 1260 2367 δὲ
1302 2313 1489 2385 ὥσπερ
1529 2315 1816 2386 σοφιζόμε-

239 2396 430 2460 νοςτοῦ
465 2397 600 2450 Θεοῦ
655 2399 759 2467 τὴν
810 2397 1241 2468 φιλανθρωπίαν,
1297 2397 1548 2451 ἀπελθὼν
1587 2400 1813 2471 ἄμοιρος

229 2477 324 2547 τῆς
345 2479 583 2548 χάριτος,
637 2479 1020 2550 ἀπαραίτητον
1048 2480 1158 2544 ἕξει
1190 2479 1289 2551 τὴν
1335 2482 1626 2551 τιμωρίαν.
1663 2485 1727 2535 Τί
1754 2484 1812 2537 δὲ

223 2561 434 2616 τοιαῦτα
453 2564 601 2617 κατά
619 2563 728 2633 τῆς
749 2563 980 2617 σεαυτοῦ
1009 2565 1281 2636 σωτηρίας
1307 2566 1584 2640 προϐάλλῃ
1605 2584 1618 2632 ;
1637 2567 1806 2639 Ἀμή-

216 2664 366 2714 χανον
394 2647 532 2720 γάρ,
555 2649 866 2718 ἀμήχανον,
896 2648 972 2713 ὡς
1007 2649 1182 2718 ἔγωγε
1209 2645 1386 2720 οἶμαι,
1414 2653 1504 2706 τὸν
1532 2653 1810 2717 τοιαύταις

212 2729 420 2783 ἐλπίσιν
451 2731 906 2802 ἀναϐαλλόμενον
957 2734 1295 2803 ἐργάσασθαί
1344 2751 1396 2787 τι
1429 2738 1671 2802 γενναῖον
1715 2738 1808 2789 καὶ

207 2812 432 2879 ἀγαθόν.
467 2816 547 2868 Σὺ
575 2816 636 2868 δὲ
665 2815 782 2868 ἀνθ)
812 2816 938 2869 ὅτου
963 2817 1212 2870 τοσοῦτον
1241 2817 1402 2886 φόϐον
1432 2820 1688 2890 ἀναδέχῃ,
1714 2820 1808 2872 καὶ

204 2896 262 2949 τὸ
288 2896 488 2968 ἄδηλον
521 2898 623 2952 τοῦ
663 2898 955 2968 μέλλοντος
987 2900 1265 2973 προϐάλλῃ
1294 2918 1307 2964 ;
1340 2902 1480 2954 διατί
1535 2904 1607 2974 μὴ
1637 2921 1805 2972 μετα-

203 2977 423 3043 cana;
451 2981 551 3033 τὸν
580 2983 750 3049 φόϐον
777 2982 969 3035 τοῦτον
999 2985 1078 3045 εἰς
1106 2984 1267 3036 πόνον
1297 2985 1389 3037 καὶ
1432 2986 1665 3055 σπουδὴν
1691 3027 1704 3047 ,
1737 2986 1802 3037 ἵν’

199 3063 298 3136 ἔσῃ
329 3065 518 3134 μέγας
551 3067 648 3119 καὶ
679 3066 995 3136 θαυμαστός
1020 3083 1033 3130 ;
1062 3066 1112 3119 τί
1142 3066 1370 3136 βέλτιον,
1404 3069 1714 3136 φοϐεῖσθαι,
1767 3071 1799 3140 ἢ

198 3153 424 3212 madv;
454 3151 527 3202 Εἴ
548 3151 635 3212 τίς
660 3167 719 3202 σε
753 3151 1010 3203 ἐκάθισεν
1033 3153 1090 3202 ἐν
1119 3150 1251 3220 οἴκῳ
1277 3153 1609 3220 πεπονηκότι
1642 3166 1666 3192 ιι
1704 3154 1804 3224 ἀρ-

194 3233 429 3300 γοῦντα,
464 3235 665 3298 εἰπὼν,
695 3235 778 3288 δτι
809 3234 1092 3304 Προσδόκα
1140 3235 1233 3287 ἐπὶ
1275 3235 1370 3305 τὴν
1427 3235 1524 3306 σὴν
1560 3236 1800 3308 κεφαλὴν

190 3317 492 3369 πεσεῖσθαι
534 3317 637 3388 τὴν
677 3317 883 3388 ὀροφὴν
913 3317 1118 3387 σαθράν
1161 3313 1326 3371 οὖσαν
1358 3321 1376 3386 ζ
1391 3318 1518 3381 ἴσως
1551 3320 1648 3388 μὲν
1683 3322 1789 3390 γὰρ

187 3404 478 3467 πσεῖται,
503 3400 710 3463 ἵσωςδὲ
727 3402 790 3454 οὐ
813 3404 1060 3455 πεσεῖται
1083 3402 1151 3472 Ι³)·
1175 3403 1224 3454 εἰ
1245 3403 1300 3454 δὲ
1331 3402 1404 3473 μὴ
1425 3403 1578 3456 τοῦτο
1604 3403 1796 3468 θέλεις,

183 3483 467 3553 ἐργάζου,
498 3485 597 3538 καὶ
627 3483 720 3536 τὸν
749 3485 1157 3556 ἀσφαλέστερον
1181 3487 1319 3539 οἴκει
1345 3487 1586 3558 θάλαμον
1609 3503 1622 3516 °
1647 3487 1701 3540 τί
1731 3489 1797 3542 ἂν

181 3567 337 3621 eam:
366 3567 598 3639 μᾶλλον,
623 3567 722 3638 τὴν
751 3568 953 3640 ἀργίαν
976 3567 1090 3640 [12]
1109 3570 1324 3639 ἐκείνην
1346 3569 1588 3638 μετάτού
1605 3571 1792 3640 φόϐου,

181 3651 216 3721 ἤ
239 3651 352 3721 τὴν
369 3649 649 3720 ἐργασίαν
672 3650 880 3723 ταύτην
899 3651 1142 3722 μετάτοῦ
1160 3653 1409 3724 θαρῤεῖν;
1429 3654 1635 3708 Οὐκοῦν
1653 3655 1797 3709 οὕτω

179 3737 282 3789 καὶ
299 3735 413 3788 νῦν
434 3735 602 3787 ποίει.
626 3734 699 3788 Τὸ
729 3735 826 3806 μὲν
851 3734 961 3807 γὰρ
986 3735 1180 3807 ἄδηλον
1196 3737 1289 3789 τοῦ
1312 3737 1596 3807 μέλλοντος
1619 3739 1794 3793 καθά-

179 3836 295 3889 περ
335 3813 499 3878 οἶκός
534 3818 620 3881 τίς
649 3820 766 3872 ἐστι
794 3818 1014 3889 σαθρὸς,
1039 3819 1127 3873 ἀεὶ
1156 3819 1365 3873 πτῶσιν
1387 3821 1646 3874 ἀπειλῶν
1680 3823 1714 3893 ἡ
1736 3823 1794 3876 δὲ

177 3902 438 3974 ἐργασία
463 3899 629 3972 αὕτη,
665 3903 698 3974 ἡ
727 3901 889 3955 πόνον
909 3902 1128 3973 ἔχουσα,
1151 3904 1212 3956 τὸ
1241 3904 1482 3972 ἀσφαλὲς
1503 3906 1786 3973 ἐγγυᾶται.

251 3987 326 4050 ς’.
355 3986 456 4055 Μὴ
480 3985 694 4052 γένοιτο
727 3985 825 4056 μέν
850 3981 944 4038 οὖν
973 3987 1123 4057 ἡμᾶς
1141 3987 1404 4056 ἐμπεσεῖν
1427 3987 1508 4050 είς
1545 3989 1790 4060 ἀνάγκην

174 4071 492 4138 τοσαύτην,
513 4068 659 4121 ὥστε
689 4068 1026 4140 ἁμαρτάνειν
1045 4069 1185 4140 μετὰ
1211 4069 1273 4121 τὸ
1293 4068 1517 4136 λουτρόν
1536 4086 1549 4099 ·
1583 4071 1720 4142 πλὴν
1739 4073 1789 4124 εί

173 4155 278 4206 καὶ
300 4152 532 4220 γένοιτό
559 4169 612 4204 τι
638 4151 899 4216 τοιοῦτον,
945 4152 1082 4224 μηδέ
1108 4151 1282 4215 οὕτως
1302 4152 1646 4224 ἀπογνῶμεν.
1665 4154 1788 4208 Φιλο

176 4235 488 4305 ἅνθρωπός
541 4235 691 4287 ἐστιν
740 4235 948 4299 όΘεὸς,
979 4235 1076 4290 καὶ
1123 4235 1322 4298 πολλὰς
1374 4237 1506 4306 ἡμῖν
1556 4236 1787 4290 δέδωκεν

172 4321 342 4381 ὁδοὺς
375 4318 633 4387 ἀφέσεως
665 4319 756 4370 καὶ
787 4319 925 4388 μετά
946 4319 1138 4372 ταῦτα.
1172 4318 1318 4389 Πλὴν
1347 4317 1534 4389 ὥσπερ
1563 4321 1613 4372 οί
1649 4321 1787 4391 μετὰ

170 4405 237 4456 τὸ
282 4401 528 4472 λουτρὸν
573 4402 996 4471 ἁμαρτάνοντες,
1050 4401 1161 4454 τῶν
1190 4402 1609 4472 κατηχουμένων
1645 4405 1785 4458 κατά

167 4486 347 4539 τοῦτο
380 4484 588 4556 μᾶλλον
613 4484 951 4550 κολάζονται,
973 4484 1146 4571 οὕεως
1181 4487 1231 4539 οἱ
1261 4487 1484 4552 εἰδότες,
1520 4489 1600 4541 ὅτι
1622 4506 1784 4560 μετα-

170 4572 333 4634 mia;
363 4569 492 4621 ἐστὶ
529 4569 818 4640 φάρμακα,
845 4572 940 4623 καὶ
971 4569 1330 4640 μὴ’θέλοντες
1363 4571 1544 4635 αὐτοῖς
1583 4575 1785 4644 κεχρῆ-

171 4655 330 4713 σθαι,
377 4652 744 4721 χαλεπώτερα
763 4652 1178 4723 ὐποστήσονται.
1212 4655 1362 4725 Ὄσω
1404 4655 1510 4726 γὰρ
1555 4656 1622 4709 ἂν
1665 4660 1782 4710 ἐπι-

167 4739 436 4807 τείνηται
458 4738 494 4808 η
533 4736 911 4805 φιλανθρωπία
940 4736 1033 4789 τοῦ
1067 4736 1223 4800 Θεοῦ,
1245 4737 1484 4809 τοσούτῳ
1512 4740 1658 4811 καλή
1687 4742 1776 4794 κό-

167 4821 336 4883 λασις
366 4819 600 4886 αὒξεται
628 4820 849 4889 μᾶλλον,
881 4821 976 4873 ἐὰν
1011 4820 1085 4891 μὴ
1120 4824 1200 4885 εἰς
1227 4821 1342 4874 δέον
1376 4825 1440 4893 τῇ
1475 4823 1776 4895 φιλανθρω-

167 4905 274 4975 πία
305 4902 683 4974 χρησώμεθα.
715 4904 778 4955 Τί
803 4904 1001 4973 λέγεις,
1024 4905 1276 4976 ἄνθρωπε
1299 4923 1314 4970 ;
1337 4907 1548 4971 Μεστὸς
1575 4907 1650 4961 ῶν
1676 4927 1776 4962 κα-

166 4990 287 5040 κῶν
354 4986 664 5049 τοσούτων,
724 4987 818 5039 καὶ
855 4988 1296 5055 ἀπεγνωσμένος,
1342 4989 1538 5060 ἀθρόον
1588 4991 1774 5060 ἐγένου

167 5073 355 5141 φίλος,
391 5073 489 5123 καὶ
533 5071 670 5140 πρὸς
707 5071 805 5141 τὴν
837 5073 1098 5144 ἀνωτάτω
1127 5073 1292 5143 τιμὴν
1319 5073 1642 5145 ἀνηνέχθης,
1674 5077 1774 5130 οὐκ

162 5159 226 5223 ἐξ
254 5157 495 5211 οὶκείων
528 5157 725 5218 πόνων,
763 5156 877 5208 ἀλλ’
899 5159 964 5209 ἐκ
994 5157 1094 5226 τῆς
1126 5156 1221 5208 τοῦ
1251 5157 1387 5210 Θεοῦ
1417 5158 1646 5228 δωρεᾶς,
1680 5161 1773 5214 καὶ

164 5243 341 5295 πάλιν
373 5241 472 5293 ἐπὶ
494 5241 598 5309 τὴν
627 5240 902 5310 προτέραν
924 5240 1228 5310 ἐπανῆλθες
1249 5242 1658 5315 ἀσχημοσύνην,
1680 5246 1773 5298 καὶ

163 5327 285 5380 δέον
310 5323 664 5393 κολασθῆναι
697 5323 975 5393 χαλεπῶς,
1011 5327 1040 5378 6
1070 5325 1124 5377 δὲ
1145 5327 1266 5379 οὐδέ
1295 5325 1468 5391 οὕτως
1493 5328 1663 5382 άπεστ
1675 5331 1770 5401 ρά-

165 5429 262 5482 im.
451 5408 628 5461 ἔδωκε
660 5408 858 5478 μυρίας
889 5409 1143 5480 ἀφορμὰς
1166 5413 1457 5482 σωτηρίας,
1477 5413 1544 5466 δι’
1571 5408 1646 5468 ὧν
1671 5416 1770 5488 ἔσῃ

167 5497 346 5561 ςξλος.
374 5494 494 5546 Καὶ
525 5495 554 5544 6
588 5492 688 5562 μὲν
715 5491 848 5555 Θεὸς
875 5492 1072 5557 ταῦτα,
1110 5495 1175 5548 σὺ
1212 5495 1268 5549 δέ
1297 5497 1418 5552 οὐδέ
1445 5498 1616 5563 οὕτως
1653 5500 1770 5553 ἐθέ-

165 5577 276 5640 λεις
300 5579 522 5630 πονεῖν.
551 5575 664 5629 Καὶ
685 5575 846 5638 ποίας
874 5576 1023 5640 ἄξιος
1066 5576 1164 5651 ἔσῃ
1197 5581 1529 5653 συγγνώμης
1551 5582 1765 5646 λοιπόν;

171 5663 280 5726 πῶς
309 5663 372 5714 δὲ
398 5662 506 5713 οὐκ
538 5660 762 5723 εἰκότως
788 5659 1050 5730 Ἔλληνές
1071 5679 1131 5714 σε
1151 5663 1491 5733 γελάσονται,
1519 5666 1766 5737 καθάπερ

233 5807 256 5834 ³
280 5805 473 5874 nol-gl;
496 5806 565 5874 év_
589 5805 710 5867 οἴκῳ
735 5806 990 5874 σεσηπρτι,
1009 5811 1483 5874 η-ιιωηνεῑὶσωῖιεοιίο
1523 5813 1763 5874 quadrare

183 5877 353 5966 cmest.
399 5868 602 5931 [Paulo
630 5875 746 5915 ante
780 5870 862 5916 καὶ
889 5870 992 5940 -ἐσῃ
1023 5868 1173 5919 Savil.
1215 5880 1270 5920 et
1297 5873 1349 5922 C.
1373 5873 1431 5921 ἶν’
1465 5868 1554 5936 ἒσῄ
1579 5879 1638 5924 Α.
1669 5876 1726 5924 D.
1747 5878 1765 5939 J

239 5930 397 5966 νοερὴῂ
436 5931 560 5966 ἷκε-ν
603 5930 656 5966 δὲ
691 5929 750 5966 οὐ
768 5946 983 5966 «natura:
1051 5945 1080 5966 ο
1105 5933 1235 5966 Gavi]
1277 5939 1327 5966 nl
1351 5935 1474 5966 pnrlnl
1535 5938 1761 5966 annnlnlu

239 5930 420 5999 Vettii
436 5931 563 5983 ἴσως
603 5930 658 5976 δὲ
691 5930 750 5977 οὐ
768 5931 1015 5991 πεσεῖται,
1051 5945 1081 5980 e
1105 5933 1255 5984 Savil.
1277 5939 1331 5984 et
1351 5935 1491 5985 codd.
1531 5930 1762 5999 iupplela'

183 5999 303 6042 IIII.
337 5993 480 6043 Eon.

473 6085 758 6149 Ρηιιοι..
806 6087 926 6149 Gn.
981 6088 1108 6152 LX.

1949 469 2168 538 κηφῆνά
2206 487 2326 522 τινα
2349 469 2526 533 ζῶντα
2549 470 2670 540 εῐκῆ
2710 470 2804 523 καὶ
2843 473 3018 541 μάτην
3041 489 3055 536 ;
3081 473 3143 526 Εἰ
3163 473 3272 544 γάρ
3305 473 3530 548 δυνατὴ,

1950 553 2134 621 φησὶν,
2161 555 2194 623 ἡ
2225 556 2353 622 παρ’
2380 555 2532 624 ὐμῶν
2561 565 2584 592 ο
2611 554 2916 624 φιλοσοφία,
2941 556 3170 622 δείξατε,
3198 558 3250 610 τί
3281 557 3530 628 βούλεται

1949 635 2057 688 τῶν
2085 637 2348 707 ἀμυήτων
2373 638 2434 690 τὸ
2463 637 2666 706 πλῆθος
2689 655 2704 702 ;
2744 639 2902 692 Καλὰ
2920 639 2990 691 τὰ
3017 641 3290 712 μυστήρια
3321 644 3414 696 καὶ
3434 661 3532 697 πο-

1951 718 2105 773 θεινά
2123 737 2136 751 ·
2171 721 2286 773 ἀλλ’
2316 720 2490 785 οὐδεὶς
2518 721 2883 794 ψυχορραγῶν
2914 723 3140 794 λουτρὸν
3180 724 3526 796 λαμϐανέτω.

1945 802 2020 854 Οὐ
2053 803 2162 874 γὰρ
2191 805 2396 868 ἐκεῖνος
2426 803 2534 857 τῶν
2564 805 2880 876 μυστηρίων
2918 809 2946 860 ὁ
2997 808 3209 881 καιρὸς,
3248 809 3386 865 ἀλλὰ
3417 814 3529 866 τῶν

1941 884 2216 958 διαθηκῶν
2236 905 2249 917 ·
2281 889 2595 960 μυστηρίων
2619 889 2675 942 δὲ
2701 891 2910 963 καιρὸς,
2946 892 3105 959 ὑγεία
3142 894 3354 960 φρενῶν
3377 937 3394 961 ,
3431 899 3528 953 καὶ

1943 971 2264 1044 σωφροσύνη
2297 973 2495 1043 ψυχῆς.
2523 972 2656 1027 Εἰπὲ
2684 975 2793 1046 γάρ
2825 993 2936 1046 μοι,
2969 978 3017 1030 εἰ
3046 977 3310 1050 διαθήκας
3333 981 3433 1034 οὐκ
3459 983 3525 1036 ἄν

1938 1069 2022 1140 τις
2045 1053 2219 1140 ἕλοιτο
2245 1055 2757 1140 οὐτωᾼδιακείμενος
2788 1057 3026 1128 γράψαιο
3063 1059 3166 1113 κᾶν
3199 1062 3384 1136 γράψῃ
3429 1065 3521 1132 δὲ,
3581 1133 3588 1140 ι

1938 1135 2122 1190 δίδωσι
2147 1139 2260 1202 τοῖς
2289 1137 2428 1209 μετά
2455 1139 2630 1194 ταῦτα
2655 1139 2826 1212 λαϐὴν
2853 1142 2960 1208 (διὰ
2997 1143 3106 1215 γάρ
3135 1162 3216 1197 τοι
3239 1135 3398 1201 τοῦτο
3427 1150 3522 1203 καὶ

1939 1219 2302 1290 προτάττουσι
2326 1225 2481 1276 ταυτὶ¹
2504 1223 2574 1277 τά
2597 1225 2661 1296 ρή
2673 1241 2816 1294 ματα
2844 1224 3112 1293 λέγοντες,
3139 1229 3221 1282 ὅτι
3264 1232 3404 1295 Ζῶν,
3425 1237 3521 1288 καὶ

1937 1305 2170 1372 φρονῶν,
2197 1307 2293 1359 καὶ
2325 1307 2583 1375 ὑγιαίνων
2609 1308 2932 1380 ἐπισκήπτω
2955 1311 3082 1382 περὶ
3103 1312 3212 1366 τῶν
3234 1316 3517 1386 ἐμαυτοῦ)·
3563 1371 3568 1386 ξ

1936 1387 2052 1451 πῶς
2077 1387 2142 1442 ἄν
2172 1407 2258 1451 τις
2295 1391 2602 1460 ἐξεστηκὼς
2636 1391 2892 1461 δυνηθείη
2932 1395 3070 1463 μετά
3093 1385 3380 1467 ἀκριϐείας
3417 1418 3519 1471 μυ·
3563 1385 3596 1402 ”

1935 1472 2380 1541 σταγωγεῖσθαι;
2427 1473 2489 1527 Εἰ
2535 1475 2642 1545 γὰρ
2688 1474 2814 1545 περὶ
2867 1475 3135 1545 βιωτικῶν
3179 1482 3518 1552 πραγμάτων

1934 1554 2305 1627 βουλευομένῳ
2325 1558 2426 1611 οὐκ
2447 1558 2512 1612 ἂν
2538 1557 2893 1629 ἐπιτρέψαιεν
2915 1560 2962 1611 οἱ
2983 1558 3092 1612 τῶν
3130 1561 3331 1626 ἔξωθεν
3359 1567 3515 1636 νόμοι

1928 1636 2008 1707 τῷ
2034 1639 2110 1709 μὴ
2147 1639 2351 1711 σφόδρα
2385 1640 2678 1710 ὑγιαίνοντι
2702 1642 3100 1709 διατάττεσθαι,
3130 1645 3225 1698 καὶ
3264 1647 3436 1702 ταῦτα
3456 1653 3514 1704 ἐν

1927 1724 2040 1784 τοῖς
2064 1722 2229 1776 αὐτοῦ
2261 1723 2507 1793 μέλλοντι
2536 1723 2844 1795 νομοθετεῖν
2864 1743 2878 1757 ·
2925 1726 3044 1789 πῶς
3083 1730 3214 1801 περλ⁵
3239 1730 3514 1800 βασιλείας

1925 1808 2170 1881 οὐρανῶν
2198 1810 2510 1880 μανθάνων,
2532 1813 2756 1866 καὶτῶν
2778 1813 3105 1886 ἀπορρήτων
3136 1816 3361 1871 ἐκείνων
3383 1820 3513 1888 ἀγα-

1927 1891 2056 1956 θῶν,
2087 1893 2291 1965 δυνήσῃ
2318 1895 2502 1964 σαφῶς
2534 1895 2712 1948 πάντα
2745 1896 2958 1965 μαθεῖν,
2984 1896 3242 1962 πολλάκις
3288 1901 3382 1953 καὶ
3405 1919 3512 1955 πα-

1928 1976 2137 2048 ραπλὴξ
2175 1978 2280 2030 ὑπὸ
2309 1982 2408 2050 τῆς
2437 1979 2752 2050 ἀρρωστίας
2791 1979 3125 2051 γενόμενος;
3172 1982 3302 2036 πότε
3341 1984 3397 2036 δὲ
3440 1985 3508 2039 τά

1924 2061 2145 2131 ῥήματα
2171 2063 2354 2116 ἐκεῖνα
2379 2062 2516 2133 πρὸς
2548 2063 2638 2116 τὸν
2669 2064 2904 2135 Χριστὸν
2934 2067 3100 2135 ἐρεῖς,
3127 2065 3508 2138 Συνθαπτόμε·

1922 2158 2010 2205 νος
2037 2142 2206 2213 αὐτῷ,
2247 2144 2454 2212 μέλλων
2494 2146 2815 2218 ἀποπηδᾷν;
2867 2147 2978 2201 Καὶ
3006 2146 3115 2219 γὰρ
3143 2147 3238 2200 καὶ
3271 2149 3360 2202 διὰ
3397 2150 3506 2206 τῶν

1919 2222 2117 2293 ἔργων,
2145 2229 2238 2279 καὶ
2263 2227 2349 2280 διὰ
2381 2228 2490 2281 τῶν
2520 2229 2781 2300 ῥημάτων
2811 2230 3218 2285 ἐπιδείκνυσθαι
3249 2231 3355 2304 χρὴ
3404 2233 3506 2304 τὴν

1917 2308 2149 2364 εὔνοιαν.
2183 2312 2254 2364 Σὺ
2277 2312 2333 2364 δὲ
2360 2313 2556 2365 ταύτὸν
2594 2315 2801 2379 ποιεῖς,
2831 2309 2943 2367 οἷον
2967 2315 3034 2368 ἂν
3063 2315 3118 2368 ετ
3137 2332 3223 2380 τις
3256 2318 3503 2386 ἀπογρά-

1919 2393 2113 2462 φεσθαι
2165 2395 2404 2466 βούλοιτο
2445 2395 2804 2467 στρατιώτης,
2841 2397 2936 2450 τοῦ
2990 2397 3230 2468 πολέμου
3277 2398 3500 2455 λύεσθαι

1919 2476 2200 2548 μέλλοντος
2219 2494 2234 2509 ο
2259 2479 2291 2550 ἢ
2310 2479 2548 2550 ἀθλητὴς
2569 2480 2917 2545 ἀποδύεσθαι,
2939 2480 3034 2535 τοῦ
3057 2481 3288 2554 θεάτρου
3314 2483 3499 2539 λοιπὸν

1913 2560 2263 2625 ἀναστάντος.
2291 2563 2400 2614 Καὶ
2423 2561 2530 2632 γὰρ
2553 2563 2693 2618 ὅπλα
2722 2563 2809 2617 διὰ
2847 2564 3006 2618 τοῦτο
3050 2563 3364 2636 λαμϐάνεις,
3398 2567 3498 2638 οὐχ

1914 2643 2001 2696 ἵνα
2034 2643 2238 2708 εὐθέως
2289 2645 2670 2721 ἀποπηδήσῃς,
2716 2647 2835 2702 ἀλλ’
2873 2649 2960 2702 ἵνα
3008 2647 3190 2704 λαϐὼν
3223 2651 3368 2706 κατά
3398 2652 3496 2706 τοῦ

1911 2727 2154 2806 ἐναντίου
2189 2727 2447 2798 τρόπαιον
2473 2730 2698 2801 στήσῃς.
2727 2731 2931 2801 Μηδεὶς
2959 2732 3226 2802 νομιζέτω
3266 2733 3496 2806 ἄκαιρον
3530 2735 3549 2757 ³

1909 2804 2050 2861 εἶναι
2085 2809 2175 2861 τὸν
2201 2811 2326 2880 περὶ
2357 2811 2565 2866 τούτων
2603 2812 2782 2882 λόγον,
2816 2815 2863 2866 εί
2903 2816 2976 2885 μή
3011 2816 3127 2868 ἐστι
3154 2804 3494 2888 τεσσαρακο-

1911 2893 2009 2964 στὴ
2034 2893 2149 2946 νῦν.
2181 2893 2279 2946 Διά
2307 2895 2416 2965 γὰρ
2447 2895 2606 2949 τοῦτο
2633 2896 2900 2967 δάκνομαι
2926 2938 2941 2960 ,
2980 2898 3062 2952 ὅτι
3097 2898 3285 2970 καιρὸν
3315 2918 3494 2973 παρα-

1907 2979 2121 3046 τηρεῖτε
2151 2978 2206 3028 ἐν
2237 2981 2348 3038 τοῖς
2383 2979 2665 3044 τοιούτοις.
2707 2981 2969 3049 Καίτοιγε
3005 2983 3033 3035 6
3082 2981 3338 3052 εὐνοῦχος
3372 2983 3488 3056 [15]

1907 3061 2133 3123 ἐκεῖνος,
2160 3062 2252 3114 καὶ
2284 3062 2558 3134 βάρϐαρος
2579 3063 2656 3116 ὢν
2685 3065 2778 3117 καὶ
2803 3063 3120 3134 ὁδοιπορῶν,
3145 3068 3241 3119 καὶ
3265 3069 3322 3120 ἐν
3347 3067 3490 3141 μέσῃ

1905 3142 2274 3215 λειυφόρῳῶν,
2307 3145 2496 3216 καιρὸν
2535 3146 2635 3199 οὐκ
2668 3144 2934 3217 ἐζήτησεν
2955 3163 2969 3176 °
3016 3146 3130 3200 ἀλλ’
3178 3148 3300 3201 οὐδὲ
3334 3151 3363 3202 6
3404 3151 3490 3203 δε-

1907 3227 2209 3296 σμοφύλαξ,
2249 3229 2539 3283 καὶταῦτα
2565 3229 2768 3300 μεταξύ
2802 3229 3097 3300 δεσμωτῶν
3133 3231 3228 3294 ὢν,
3265 3235 3361 3287 καὶ
3394 3236 3488 3288 τὸν

1902 3311 2218 3365 διδάσκαλον
2260 3314 2747 3384 μεμαστιγωμένον
2770 3315 2861 3368 καὶ
2883 3315 3171 3386 δεδεμένον
3198 3317 3359 3386 ὀρῶν,
3391 3321 3487 3374 καὶ

1902 3395 2038 3458 τέως
2069 3396 2230 3450 αὑτὸν
2262 3397 2470 3468 μέλλων
2513 3397 2662 3451 ἔνδον
2694 3397 2858 3468 ἔχειν.
2904 3399 3168 3454 Ἐνταῦθα
3203 3401 3260 3455 δὲ
3307 3403 3369 3456 οὐ
3398 3404 3488 3457 δε-

1908 3480 2222 3550 σμωτήριον
2249 3481 2546 3545 οἰκοῦντες,
2578 3481 2685 3536 οὐδ’
2717 3484 2774 3536 ἐν
2796 3483 2934 3546 ὁδοῖς
2958 3483 3484 3549 δντες,άναϐάλλον-

1899 3580 1990 3616 ται
2022 3565 2225 3629 πολλοὶ,
2261 3565 2550 3620 καὶταῦτα
2583 3566 2734 3627 ὄντες
2753 3567 2890 3637 πρὸς
2928 3567 3166 3639 ἐσχάτας
3184 3571 3480 3636 άναπνοάς.

1969 3645 2039 3718 η’.
2078 3649 2141 3701 Εἰ
2182 3644 2394 3719 μὲνοῦν
2435 3648 2516 3702 ἔτι
2548 3649 2932 3718 ἀμφιϐάλλεις,
2981 3651 3064 3704 ὅτι
3096 3651 3228 3718 Θεός
3258 3655 3407 3709 ἐστιν
3453 3658 3483 3708 6

1897 3730 2151 3800 Χριστὸς.
2171 3731 2275 3796 ἔξω
2299 3732 2475 3802 στῆθι,
2502 3731 2594 3785 καὶ
2621 3732 2753 3802 μηδὲ
2771 3733 2928 3787 θείων
2949 3732 3114 3787 άκουε
3129 3734 3321 3804 λόγων,
3342 3739 3479 3806 μηδὲ

1898 3816 1956 3868 ἐν
1984 3818 2096 3878 τοῖς
2123 3817 2548 3888 κατηχουμένοις
2572 3815 2794 3887 ἀρίθμει
2824 3817 3018 3870 σαυτόν
3038 3832 3053 3848 °
3083 3819 3131 3872 εἰ
3154 3819 3210 3873 δέ
3235 3819 3476 3892 Θαρῤεῐς.

1897 3896 1990 3950 καὶ
2015 3893 2160 3960 οἶδας
2185 3898 2341 3951 τοῦτο
2373 3897 2581 3968 σαφῶς,
2618 3899 2672 3951 τί
2703 3897 2948 3968 μέλλεις;
2984 3900 3038 3953 τί
3071 3901 3126 3954 δὲ
3151 3901 3357 3976 ἀναδύῃ
3385 3906 3478 3956 καὶ

1895 3980 2108 4045 ὀκνεῖς;
2143 3980 2364 4034 Δέδοικα
2395 3981 2470 4052 μὴ
2493 3981 2743 4053 ἁμάρτω,
2782 3983 2936 4053 φησί.
2975 3984 3049 4036 T6
3069 3984 3126 4036 δὲ
3162 3985 3476 4055 χαλεπώτε-

1899 4080 1988 4130 ρον
2014 4064 2074 4116 οὐ
2103 4063 2366 4128 δέδοικας,
2392 4065 2466 4136 μὴ
2493 4065 2632 4135 μετά
2662 4065 2898 4135 φορτίων
2933 4067 3206 4122 τοσούτων
3234 4069 3475 4142 ἀπέλθῃς

1893 4150 2039 4215 ἐκεῖ;
2065 4148 2201 4201 Οὐδὲ
2242 4147 2354 4221 γάρ
2384 4150 2530 4204 ἐστιν
2559 4149 2691 4216 ῖσον,
2728 4150 2950 4222 χάριτος
2983 4152 3352 4226 προκειμένης
3400 4156 3474 4226 μὴ

1891 4233 2094 4301 τυχεῖν,
2123 4231 2217 4285 καὶ
2236 4231 2536 4305 κατορθοῦν
2574 4233 2956 4304 ἐπιχειροῦντα
2989 4235 3301 4306 ἀποτυχεῖν.
3337 4237 3474 4291 Εἰπὲ

1890 4315 1953 4385 δή
1987 4332 2096 4387 μοι,
2133 4315 2199 4371 ἂν
2225 4317 2333 4386 γάρ
2364 4317 2604 4388 ἐγκαλῇ,
2633 4317 2794 4382 Τίνος
2831 4319 3015 4374 ἕνεκεν
3057 4319 3118 4372 οὐ
3144 4321 3470 4392 προσῆλθες.

1889 4399 2032 4462 τίνος
2055 4399 2239 4452 ἕνεκεν
2259 4401 2319 4452 οὐ
2352 4399 2742 4470 κατώρθωσας,
2766 4401 2822 4453 τί
2843 4403 2988 4473 ἐρεῖς
3013 4420 3028 4468 ;
3065 4403 3213 4456 Ἐκεῖ
3239 4404 3338 4474 μὲν
3363 4405 3472 4474 γὰρ

1889 4481 2028 4552 τάχα
2058 4483 2118 4536 τὸ
2154 4484 2409 4555 φορτικὸν
2442 4484 2587 4554 ἔχεις
2623 4486 2797 4539 εἰπεῖν
2845 4486 2941 4539 καὶ
2978 4487 3088 4540 τῶν
3114 4492 3474 4560 προσταγμά-

1888 4561 2043 4618 τωνά
2089 4568 2183 4620 καὶ
2218 4568 2317 4636 τῆς
2362 4567 2563 4638 ἀρετῆς
2587 4584 2602 4600 ⁸
2642 4568 2878 4622 ἐνταῦθα
2922 4569 2979 4622 δὲ
3009 4570 3162 4624 οὐδὲν
3207 4572 3466 4625 τοιοῦτον.

1887 4649 2062 4718 Χάρις
2085 4651 2192 4720 γάρ
2216 4652 2330 4702 ἐστι
2356 4650 2566 4720 δωρεὰν
2599 4652 2949 4723 παρεχομένη
2983 4653 3084 4725 τὴν
3131 4653 3467 4724 ἐλευθερίαν.

1899 4731 2059 4786 Ἀλλά
2087 4731 2329 4796 δέδοικας
2363 4732 2436 4804 μὴ
2465 4734 2716 4806 ἁμάρτῃς
2743 4751 2756 4802 ;
2786 4733 2969 4788 Ταῦτα
3007 4736 3148 4806 μετά
3171 4737 3230 4790 τὸ
3270 4737 3466 4806 βάπτιο

1887 4833 1998 4886 σμα
2029 4815 2174 4882 λέγε.
2203 4816 2335 4868 Τότε
2356 4815 2445 4886 ἔχε
2473 4817 2564 4869 τὸν
2590 4817 2774 4885 φόϐον,
2797 4817 2939 4870 ὥστε
2962 4816 3195 4886 φυλάξαι
3216 4820 3314 4889 τὴν
3336 4825 3468 4888 παῤ-

1886 4897 2100 4968 ρησίαν,
2123 4898 2190 4969 ἢν
2219 4897 2426 4961 ἔλαϐες,
2453 4899 2549 4969 οὐχ
2576 4899 2716 4953 ὥστε
2744 4899 2817 4970 μὴ
2844 4899 3027 4952 λαϐεῖν
3049 4901 3258 4972 δωρεάν
3289 4903 3462 4956 τοιαύ-

1881 4999 1980 5052 την
2016 4993 2060 5036 θ.
2102 4981 2215 5034 Νῦν
2238 4981 2295 5034 δὲ
2322 4983 2427 5054 πρὸ
2458 4984 2556 5054 μὲν
2575 4984 2667 5037 τοῦ
2701 4983 3077 5054 βαπτίσματος
3113 4985 3348 5058 εὐλαϐὴς
3372 4989 3457 5047 σὺ.

1884 5064 2023 5135 μετὰ
2065 5064 2122 5117 δὲ
2178 5065 2240 5138 1:6
2287 5065 2569 5137 βάπτισμα
2612 5066 2874 5138 ῥᾴθυμος.
2923 5067 3082 5122 Ἀλλὰ
3133 5069 3223 5123 τὸν
3272 5072 3449 5144 καιρὸι

1880 5149 2171 5220 ἀναμένεις
2213 5149 2315 5219 τῆς
2370 5152 2848 5222 τεσσαρακοστῆς;
2899 5153 3055 5218 Τίνος
3101 5154 3324 5220 ’ἐνεκενς
3383 5158 3456 5228 μὴ

1879 5233 1987 5304 γὰρ
2014 5232 2126 5303 ἔχει
2152 5250 2204 5286 τι
2235 5233 2392 5286 πλέον
2421 5235 2625 5297 ἐκεῖνος
2653 5237 2680 5288 6
2705 5237 2920 5306 καιρός;
2966 5239 3026 5291 Οἱ
3054 5238 3184 5307 γοῦν
3221 5241 3455 5293 ἀπόστο-
3563 5248 3573 5260 '

1877 5316 1958 5368 λοι
2005 5317 2106 5368 οὐκ
2153 5317 2211 5366 ἐν
2256 5316 2333 5386 τῷ
2379 5317 2561 5387 πάσχα
2605 5319 3022 5390 κατηξιώθησαν
3065 5323 3162 5391 τῆς
3210 5324 3448 5393 χάριτος.

1877 5399 1992 5451 ἀλλ’
2027 5399 2084 5450 ἐν
2117 5399 2287 5468 ἐτέρτρ
2315 5399 2492 5470 καιρῷ
2511 5417 2525 5431 θ
2551 5403 2644 5456 καὶ
2672 5405 2719 5456 οί
2749 5404 3035 5474 τρισχίλιοι
3062 5407 3154 5458 καὶ
3176 5409 3223 5458 οἱ
3264 5424 3454 5459 πεντα-

1875 5483 2151 5552 κισχίλιοι,
2184 5483 2271 5535 ὅτε
2310 5483 2735 5554 ἐϐαπτίσθησαν.
2780 5488 2963 5556 πάσχα
2992 5490 3090 5541 οὐκ
3116 5485 3183 5559 ἦν
3221 5491 3409 5560 καιρός
3432 5506 3447 5520 ⁸

1876 5567 1967 5617 καὶ
1995 5568 2021 5618 6
2056 5566 2369 5635 Κορνήλιος,
2412 5569 2504 5621 καὶ
2533 5571 2561 5621 6
2595 5570 2866 5640 εὐνοῦχος,
2895 5574 2987 5625 καὶ
3009 5573 3181 5642 ἕτεροι
3208 5572 3444 5636 πλείους.

1874 5648 1964 5718 Μὴ
1996 5648 2175 5701 τοίνυν
2195 5649 2384 5720 καιρὸν
2411 5643 2790 5723 ἀναμένωμεν,
2817 5658 3023 5724 μήποτε
3050 5655 3331 5724 μέλλοντες
3355 5659 3446 5709 καὶ

1873 5731 2295 5801 ἀναϐαλλόμενοι
2323 5734 2644 5804 ἀπέλθωμεν
2677 5739 2821 5790 κενοὶ
2845 5741 2936 5791 καὶ
2965 5739 3159 5810 ἔρημοι
3181 5739 3445 5793 τοσούτων

1935 5882 1957 5945 (ξ
1982 5877 2132 5945 Sayil.
2159 5877 2612 5945 nap’_6y.‘€v.__Mprel.
2641 5883 2751 5945 παρ’
2774 5885 2920 5943 ὐμῶν.
3013 5883 3040 5922 ά
3065 5885 3200 5935 Alius
3231 5885 3310 5932 καὶ
3346 5886 3444 5932 τῶν

1870 5941 2176 6007 καθημάτιιιγ.
2233 5940 2239 5942 “
2265 5943 2288 5969 θ
2315 5940 2463 6007 Savil.
2487 5942 2535 5988 in
2559 5940 2984 6006 marg.'roda0w,v,
3009 5960 3154 6007 quam
3178 5949 3290 5997 lecti
3309 5960 3441 5995 mem

1874 6009 2076 6053 secum:
2102 6004 2297 6052 videtur
2330 6002 2599 6052 laterures.
