4022 6364
610 290 683 343 25
1335 289 1394 340 8.
1433 280 1720 342 JOANNIS
1756 283 2241 341 CHRYSOSTOMI
2279 283 2599 338 ARCIHEP.
2639 277 3188 336 CONSTANTINOP.
3770 271 3845 327 26

609 401 849 471 ἀγαθῶν.
906 400 1029 465 Πῶς
1084 401 1258 455 οἴεσθε
1295 402 1587 473 ὀδυνῶμαι,
1637 405 1764 457 ὅταν
1805 403 2021 456 ἀκούσω
2049 443 2062 467 ,
2097 403 2178 454 ὅτι
2274 399 2462 466 ματός
2515 399 2684 450 ἐστιν
2729 371 2949 463 ἀγάπὴ,
3005 392 3179 460 χαρὰ,
3213 387 3418 457 εἰρήνη
3443 385 3612 473 ;Πῶς
3657 378 3751 436 οῦν
3780 382 3850 435 τὰ

609 487 855 558 ἀμύητός
879 503 965 548 τις
995 485 1273 556 ἀπηνέχθη
1307 487 1574 551 ἐντεῦθεν,
1623 485 1721 550 τὰς
1750 489 2054 558 ἀφορήτους
2096 486 2180 537 ἐν-

609 573 746 626 νοῶν
776 573 1025 633 κολάσεις
1068 570 1302 635 ἐκείνας,
1337 569 1431 638 τὴν
1467 571 1839 640 ἀπαραίτητον
1873 569 2177 640 τιμωρίαν;

610 657 728 719 πῶς
772 656 1036 724 δάκνομαι
1088 655 1282 719 πάλιν,
1323 656 1450 707 ὅταν
1506 654 1722 724 ἐτέρους
1758 655 1849 706 ἴδω
1898 653 2032 722 πρὸς
2081 652 2178 716 τάς

609 739 843 808 ἐσχάτας
875 739 1172 806 φθάνοντας
1194 736 1483 800 ἀναπνοὰς,
1513 736 1606 789 καὶ
1648 736 1780 806 μηδέ
1803 735 2046 789 ἐντεῦθεν
2074 751 2179 786 σω-

610 820 1028 890 φρονιζομένους
1050 836 1064 883 ;
1085 821 1180 872 Διά
1204 837 1283 873 τοι
1309 819 1468 872 τοῦτο
1497 817 1666 872 πολλὰ
1697 819 1794 888 τῆς
1822 817 2027 888 δωρεᾶς
2051 815 2180 868 ταύ-

610 921 708 972 της
739 902 933 967 ἀνάξια
959 903 1184 968 γίνεται.
1214 902 1342 954 Δέον
1371 901 1477 972 γὰρ
1503 899 1919 971 εὐφραίνεσθαι,
1966 901 2058 953 καὶ
2089 916 2180 969 χο-

612 986 813 1058 ρεύειν,
845 987 940 1039 καὶ
972 985 1201 1056 χαίρειν.
1231 985 1321 1038 καὶ
1345 983 1735 1052 στεφανοῦσθαι
1782 996 1829 1046 ιι,
1865 983 2048 1053 ἐτέρου
2087 1000 2182 1051 μυ-

611 1068 1082 1138 σταγωγουμένου,
1113 1069 1241 1121 ὅταν
1276 1068 1482 1140 ἀκούσῃ
1503 1067 1597 1120 τοῦ
1637 1068 1933 1137 κάμνοντος
1965 1065 2177 1137 ήγυνὴ,

607 1154 690 1206 ὃτι
720 1152 874 1205 τοῦτο
895 1152 1204 1221 ἐπέσκηψεν
1238 1154 1265 1204 6
1307 1152 1509 1220 ἰατρὸς,
1542 1150 1614 1214 ὡς
1653 1151 1743 1204 ἐπὶ
1777 1150 1929 1221 κακῷ
1952 1168 2056 1204 τινι
2089 1169 2181 1203 :10-

606 1236 936 1288 τακόπτεται
960 1233 990 1272 δ
1026 1237 1120 1288 καὶ
1150 1234 1358 1303 θρηνεῖ,
1405 1236 1499 1286 καὶ
1532 1235 1769 1286 κωκυτοὶ
1798 1235 1892 1286 καὶ
1943 1233 2180 1304 οἰμωγαὶ

607 1317 884 1388 πανταχοῦ
939 1320 1036 1387 τῆς
1067 1316 1244 1379 οἰκίας
1303 1316 1379 1379 ῶς
1431 1317 1522 1369 ἐπὶ
1571 1316 1878 1370 καταδίκων
1917 1315 2026 1368 τῶν
2081 1317 2213 1384 τὴν.

606 1401 842 1471 ἐσχάτην
888 1399 1248 1469 ἀπαγομένων
1302 1398 1438 1452 ὀδόν.
1501 1399 1613 1452 Καὶ
1647 1401 1852 1461 ἐκεῖνος
1904 1398 1961 1451 δὲ
2020 1398 2181 1451 πάλιν

606 1486 725 1538 τότε
760 1495 780 1521 ε
814 1483 1062 1536 όδυνᾶται
1090 1482 1270 1546 πλέον,
1312 1483 1414 1536 κάν
1440 1483 1704 1554 ἀνενέγκῃ
1732 1481 1838 1535 ἀπὸ
1877 1482 1978 1551 τῆς
2003 1482 2183 1552 ἀρρω-

608 1569 778 1629 στίας,
812 1564 1190 1634 χαλεπώτερον
1219 1564 1374 1632 ἀλγεῖ
1424 1565 1498 1628 ὡς
1527 1563 1909 1636 ἐπηρεασθείς.
1963 1563 2180 1634 Ἐπειδὴ

606 1649 713 1718 γὰρ
743 1650 803 1701 06
843 1646 1254 1718 παρεσκεύαστο
1291 1647 1426 1717 πρὸς
1444 1647 1663 1718 ἀρετὴν,
1687 1647 1836 1700 ὀκνεῖ
1862 1645 2064 1712 λοιπὸν,
2083 1646 2176 1698 καὶ

606 1729 890 1784 ἀναδύεται
921 1730 1058 1800 πρὸς
1084 1732 1210 1793 τοὺς
1232 1730 1446 1797 ἀγῶνας
1467 1731 1591 1792 τοὺς
1611 1728 1746 1799 μετά
1767 1728 1956 1780 ταῦτα.
1991 1729 2177 1798 Ὁρᾷς,

606 1811 694 1868 οἷα
723 1816 750 1866 6
778 1813 1022 1876 διάϐολος
1051 1814 1450 1878 κατασκευάζει
1489 1815 1879 1885 μηχανήματα,
1922 1813 2052 1882 ὅσην
2080 1810 2178 1882 τὴν

605 1897 886 1967 αἰσχύνην,
915 1897 1035 1949 ὅσον
1065 1896 1158 1949 τὸν
1207 1897 1455 1965 γέλωτας
1520 1895 1948 1966 Ἀπαλλαγῶμεν
1998 1894 2177 1948 τοίνυν

605 1981 793 2032 τούτου
832 1977 942 2050 [ﬂ]
964 1977 1056 2030 τοῦ
1089 1978 1348 2047 γέλωτος·
1373 1979 1629 2049 ζήσωμεν
1651 1979 1724 2042 ὡς
1743 1981 1770 2032 6
1799 1977 2027 2048 Χριστὸς
2057 1977 2177 2030 ἐκέ-

605 2061 780 2114 λευσε.
809 2062 906 2114 Διά
927 2061 1084 2114 τοῦτο
1112 2061 1278 2114 ἔδωκε
1310 2061 1369 2113 τὸ
1392 2061 1694 2132 βάπτισμα.
1724 2063 1822 2132 οὐχ
1866 2062 1951 2112 ἵνα
1987 2059 2181 2112 λαϐόν-

605 2161 697 2205 τες
719 2144 1063 2215 ἀπέλθωμεν,
1104 2143 1218 2198 ἀλλ’
1254 2145 1339 2197 ἵνα
1383 2145 1738 2214 ἐπιζήσαντες
1773 2143 2018 2214 καρποὺς
2061 2146 2182 2196 ἐπι-

606 2225 928 2298 δειξώμεθα.
958 2229 1083 2291 Πῶς
1121 2229 1285 2298 ἐρεῖς,
1321 2228 1694 2298 Καρποφόρει,
1729 2226 1807 2297 τῷ
1839 2226 2072 2290 ἀπιόντι,
2103 2225 2180 2296 τῷ

607 2313 930 2378 ἐκκοπέντι;
965 2312 1065 2365 οὐκ
1084 2311 1344 2383 ἡκούσας,
1377 2311 1459 2364 ὅτι
1503 2311 1555 2363 Ὁ
1597 2311 1824 2380 καρπὸς
1868 2311 1974 2365 τοῦ
2000 2311 2184 2364 Πνεύ-

672 2475 698 2503 ⁸
724 2474 891 2522 Morel.
921 2475 1242 2568 εὐφραίνεσθαι
1279 2476 1359 2522 καὶ
1392 2474 1571 2538 χαίρειν
1594 2475 1674 2521 καὶ
1695 2490 1829 2535 στεφ.
1871 2471 1900 2511 b
1924 2471 2061 2521 Alius
2087 2487 2178 2519 κα-

672 2535 911 2568 ἢηιήη-ιιι-η-
1051 2538 1170 2568 'I‘r'w-
1206 2538 1344 2568 done!
1379 2537 1426 2568 in
1458 2536 1605 2568 Maro]

605 2536 936 2597 ταθρύπτεται.
984 2536 1026 2568 ⁷⁸
1051 2538 1173 2586 Τότε
1206 2538 1352 2584 deest
1379 2536 1428 2584 in
1455 2536 1626 2585 Morel.

2279 480 2500 534 ἐναντία
2537 481 2777 548 γίνεται;
2813 477 2919 528 Καὶ
2963 475 3071 546 γὰρ
3117 476 3150 545 ἡ
3197 473 3334 543 γυνὴ
3377 470 3689 542 παρέστηκε
3723 483 3854 518 πεν-

2280 562 2468 624 θοῦσα,
2515 563 2603 614 ὅτε
2638 563 2848 630 χαίρειν
2895 558 3000 610 ἔδει
3024 574 3037 586 ·
3077 556 3145 609 τὰ
3199 555 3369 608 τέκνα
3405 553 3723 624 ὀδυρόμενα,
3760 549 3853 601 ὅτε

2285 645 2604 714 συνήδεσθαι
2640 644 2804 712 ἐχρῆν
2829 659 2843 672 ο
2889 640 3050 703 αὐτὸς
3094 641 3123 692 6
3160 639 3413 710 κείμενος
3458 632 3851 703 ἐσκοτωμένος,

2281 728 2509 798 θορύϐου
2551 728 2733 797 γέμων
2765 726 2858 778 καὶ
2887 725 3153 794 ταραχῆς,
3188 725 3275 776 ὅτε
3305 717 3694 790 πανηγυρίζειν
3719 715 3852 798 ἔδει·

2280 797 2516 881 ἀθυμίας
2537 809 2961 879 πεπληρωμένος
2988 806 3212 874 πολλῆς,
3235 804 3322 857 διὰ
3350 804 3447 874 τὴν
3468 799 3729 872 ὀρφανίαν
3741 797 3857 850 τῶν

2278 894 2506 952 τέκνων.
2542 894 2627 946 διὰ
2648 894 2746 962 τὴν
2778 891 3005 961 χηρείαν
3036 890 3136 959 τῆς
3158 888 3433 957 γυναικὸς,
3473 885 3561 938 διὰ
3585 883 3682 954 τὴν
3720 884 3856 952 ἐρη-

2284 977 2410 1047 μίαν
2437 977 2534 1046 τῆς
2569 976 2762 1038 οίκίας.
2803 973 2960 1026 Οῦτω
3008 990 3093 1034 τις
3118 971 3444 1042 προέρχεται
3498 962 3854 1038 μυστηρίοιςς

2279 1059 2400 1111 εἰπέ
2431 1077 2518 1128 μοι
2542 1075 2555 1088 ο
2581 1057 2752 1120 οὕτως
2777 1056 3007 1109 ἅπτεται
3053 1053 3334 1124 τραπέζης
3361 1052 3544 1121 ίερᾶς;
3575 1047 3744 1101 ταῦτα
3766 1047 3858 1098 ἀν-

2280 1143 2444 1207 εκτά;
2492 1141 2610 1195 Κάν
2653 1141 2750 1211 μέν
2779 1140 3034 1210 βασιλεὺς
3070 1137 3259 1208 πέμψῃ
3293 1137 3618 1207 γράμματα,
3644 1133 3772 1194 τοὺς
3796 1131 3858 1182 ἐν

2279 1225 2636 1296 δεσμωτηρίῳ
2667 1224 2830 1285 λύων,
2861 1222 3169 1293 εὐφροσύνη
3218 1221 3312 1273 καὶ
3356 1218 3532 1289 χαρά’
3579 1217 3608 1268 6
3639 1215 3694 1266 δέ
3721 1213 3858 1276 Θεὸς

2281 1308 2627 1377 καταπέμπει
2651 1307 2714 1359 τὸ
2749 1306 2970 1377 Πνεῦμα
2993 1306 3050 1371 ἐξ
3073 1303 3338 1376 οὐρανῶν,
3365 1301 3488 1372 οὐχὶ
3518 1298 3858 1365 ἐλλείμματα

2279 1393 2598 1461 χρημάτων,
2656 1389 2772 1442 ἀλλ’
2805 1389 3073 1458 ὁλόκληρα
3102 1387 3321 1458 ἀμαρτή
3331 1401 3480 1456 ματα
3514 1379 3813 1449 συγχωρῶν
3834 1394 3851 1408 ·

2281 1474 2377 1526 καὶ
2401 1473 2600 1535 πάντες
2633 1472 2880 1542 θρηνεῖτε
2911 1472 3002 1524 καὶ
3030 1469 3319 1540 ὁδύρεσθε;
3371 1467 3467 1530 Τίς
3505 1467 3538 1535 ἠ
3570 1461 3859 1531 ἀνωμαλία

2282 1555 2460 1626 αῦτη;
2499 1553 2664 1609 Οὔπω
2715 1554 2825 1625 γὰρ
2862 1555 3024 1622 λέγω,
3081 1554 3163 1606 ὅτι
3213 1552 3308 1604 καὶ
3346 1551 3559 1619 νεκροῖς
3611 1544 3854 1616 ἐπεχύθη

2284 1637 2447 1709 ὕδωρ,
2484 1639 2578 1691 καὶ
2606 1637 2673 1690 τὰ
2717 1639 2849 1705 ἀγια
2899 1638 3099 1708 ἐρρίφη
3150 1635 3230 1695 είς
3254 1634 3386 1704 γῆν
3420 1631 3531 1685 ἀλλ’
3561 1629 3658 1699 οὐχ
3693 1630 3857 1699 ἡμεῖς

2280 1722 2485 1774 τούτων
2529 1723 2710 1784 αἴτιοι,
2762 1721 2877 1774 ἀλλ’
2917 1722 2966 1774 οἱ
3010 1718 3340 1788 ἀγνώμονες.
3401 1716 3493 1769 Διὸ
3552 1711 3857 1783 παρακαλῶ

2281 1805 2459 1858 πάντα
2489 1805 2725 1873 ἀφέντας
2752 1803 3049 1874 συστρέψαι
3078 1802 3302 1863 ἑαυτοὺς
3328 1800 3422 1853 καὶ
3466 1797 3746 1867 προσιέναι
3777 1793 3858 1863 τῷ

2284 1887 2618 1958 βαπτίσματι
2655 1889 2792 1957 μετά
2810 1887 2836 1926 ἀ
2869 1887 3176 1958 προθυμίας
3199 1887 3434 1954 ἀπάσης,
3458 1883 3545 1936 ἵνα
3574 1882 3667 1934 καὶ
3696 1881 3753 1932 ἐν
3777 1878 3858 1949 τῷ

2283 1972 2513 2042 παρόντι
2548 1973 2746 2042 πολλὴν
2776 1970 3174 2038 ἐπιδειξάμενοι
3210 1968 3471 2036 σπουδὴν,
3503 1965 3602 2034 τῆς
3633 1960 3859 2034 μελλού-

2283 2070 2382 2122 σης
2429 2053 2682 2124 τύχωμεν
2714 2054 3024 2125 παρρησίας
3046 2070 3060 2083 ·
3088 2047 3156 2124 ἧς
3191 2052 3401 2120 γένοιτο
3451 2049 3661 2110 πάντας
3707 2047 3859 2115 ἡμᾶς

2281 2136 2576 2205 ἐπιτυχεῖν,
2607 2138 2788 2207 χάριτι
2815 2139 2907 2190 καὶ
2935 2135 3313 2206 φιλανθρωπίᾳ
3333 2132 3424 2186 τοῦ
3461 2130 3666 2203 Κυρίου
3697 2127 3860 2200 ἡμῶν

2293 2219 2468 2289 Ἰησοῦ
2521 2220 2779 2291 Χριστοῦ,
2815 2216 2859 2289 ᾧ
2892 2222 2924 2292 ἡ
2960 2220 3085 2285 δόξα
3134 2220 3230 2273 καὶ
3271 2219 3333 2273 τὸ
3385 2218 3584 2289 κράτος
3622 2215 3702 2279 εἰς
3727 2213 3858 2276 τοὺς

2282 2303 2484 2366 αἰῶνας
2515 2304 2623 2356 τῶν
2665 2302 2893 2357 αἰώνων.
2937 2304 3129 2375 Ἀμήν.

2345 2472 2371 2510 ά
2399 2473 2536 2521 Alius
2559 2473 2763 2535 ἀφέντες,
2795 2472 3150 2535 σπουδάσωμενγ
3175 2472 3240 2533 μή
3259 2469 3463 2535 ἀμύητοι
3507 2467 3594 2535 τοῦ
3618 2465 3856 2535 παρόντος

2283 2533 2496 2582 ἀπελθεῖν
2541 2528 2662 2596 βίου,
2706 2528 2828 2583 ἀλλά
2872 2535 2957 2583 τοῦ
3012 2528 3334 2597 βαπτίσματος
3376 2529 3608 2594 ἐπιτυχεῖν

1372 2770 3839 2797 W

2087 2958 2326 3012 ΟΜΙΛΙΑ
2367 2958 2442 3016 B'.

605 3062 670 3114 οι
692 3062 808 3131 μὲν
835 3059 950 3136 οὖν
976 3065 1380 3136 συνελθόντες
1410 3067 1727 3136 ἐπηρώτων
1755 3065 1940 3120 αὐτόν
1971 3067 2182 3135 λέγον-

682 3149 778 3198 τες
802 3149 814 3162 ·
853 3135 1047 3216 ιςύριξ,
1068 3138 1121 3188 εί
1142 3135 1220 3216 ἐν,
1237 3134 1317 3201 τῷ
1336 3134 1532 3216 χρόνῳ
1557 3138 1745 3216 τούτῳ
1775 3137 2181 3192 ἀποκαθιστά-

678 3219 802 3269 νεις
832 3203 946 3273 τὴν
969 3205 1298 3270 βασιλείαν
1328 3203 1407 3272 τῷ
1435 3206 1670 3275 Ἰσραήλ
1697 3223 1716 3270 ;

679 3315 747 3370 0'.
765 3316 934 3370 Ὅταν
951 3334 1003 3368 τι
1023 3315 1286 3386 μέλλωσιν
1303 3318 1510 3389 ἐρωτᾷν
1526 3317 1575 3368 οἱ
1593 3315 1846 3386 μαθηταὶ,
1867 3317 1894 3368 6
1902 3315 2000 3385 μοῦ
2022 3333 2186 3386 προσ-

610 3399 880 3470 έρχονται.
919 3400 1087 3452 Τοῦτο
1113 3399 1169 3452 δέ
1201 3399 1464 3463 ποιοῦσιν,
1504 3400 1590 3451 ἵνα
1615 3398 1691 3468 τῷ
1716 3398 1908 3466 πλήθει
1935 3399 2185 3468 δυσωπή-

611 3500 795 3536 σωσιν.
829 3483 1086 3554 ’ᾙδεισαν
1111 3483 1238 3554 γὰρ,
1268 3483 1432 3536 ὅτιτὸ
1472 3482 1662 3554 πρώην
1693 3485 1821 3554 παρ’
1847 3483 2008 3536 αὐτοῦ
2033 3487 2185 3555 εἰρη-

613 3565 795 3634 μένον,
824 3567 906 3619 ὂτι
944 3566 1152 3632 Οὐδείς
1179 3562 1302 3619 οἶδε
1327 3565 1443 3634 τὴν
1467 3565 1698 3634 ἡμέραν
1719 3605 1734 3630 ,
1761 3567 2182 3637 διακρουομένου

607 3645 697 3720 ἦν,
733 3651 832 3704 οὐκ
862 3649 1198 3718 ἀγνοοῦντος,
1226 3649 1340 3702 ἀλλ’
1367 3649 1799 3720 ἀναϐαλλομένου
1827 3650 1924 3721 τὴν
1951 3650 2182 3720 ἀπόκρι-

611 3751 696 3785 σιν
718 3750 731 3764 °
755 3734 875 3787 ὅθεν
902 3733 1064 3786 πάλιν
1094 3735 1504 3804 προσέρχονται,
1536 3735 1627 3784 καὶ
1659 3734 1952 3803 ἐρωτῶσιν.
1983 3734 2094 3787 Οὐκ
2117 3734 2183 3788 ἂν

609 3815 667 3867 δὲ
700 3814 1010 3886 ἠρώτησαν,
1038 3816 1092 3868 εἴ
1114 3833 1176 3884 γε
1208 3816 1374 3878 ὅντως
1401 3810 1538 3886 ἦσαν
1567 3817 1939 3884 πεπεισμένοι.
1965 3816 2182 3888 Ἐπειδὴ

608 3898 718 3967 γὰρ
743 3898 1001 3967 ἥκουσαν.
1052 3900 1134 3952 ὅτι
1181 3897 1402 3968 Πνεῦμα
1464 3897 1713 3965 μέλλουσι
1758 3898 2070 3968 λαμϐάνειν,
2107 3901 2182 3964 ὡς

608 3979 750 4044 ἄξιοι
778 3981 962 4034 λοιπὸν
986 3982 1137 4044 ὄντες
1168 3981 1360 4052 ἤθελον
1393 3983 1600 4050 μαθεῖν,
1632 3983 1726 4034 καὶ
1761 3983 1900 4050 πρὸς
1939 3984 2182 4037 ἀπαλλα-

609 4063 711 4132 γὴν
731 4060 866 4135 ἦσαν
887 4066 1112 4134 ἕτοιμοι.
1139 4065 1210 4118 Οὐ
1240 4066 1346 4133 γὰρ
1373 4063 1653 4117 ἐϐούλοντο
1676 4065 1920 4119 καθεῖναι
1949 4068 2180 4131 ἐαυτούς

610 4149 691 4209 είς
737 4147 1033 4211 κινδύνους,
1085 4147 1221 4199 ἀλλά
1266 4146 1600 4198 ἀναπνεῦσαι
1621 4164 1634 4178 ’
1666 4147 1799 4200 διότι
1829 4149 1887 4200 06
1916 4151 2086 4220 μικρὰ
2112 4147 2180 4223 ἦν

609 4231 678 4284 τά
714 4230 1096 4300 συμϐεϐηκότα
1139 4229 1340 4292 αὐτοῖς,
1381 4229 1517 4281 ἀλλά
1554 4231 1683 4298 περὶ
1727 4231 1832 4282 τῶν
1880 4233 2122 4302 ἐσχάτων
2152 4236 2180 4288 6

610 4314 855 4376 κίνδυνος
908 4312 1318 4382 ἐπεκρεμάσθη.
1365 4312 1530 4365 Οὐδὲν
1586 4308 1675 4365 οὗν
1731 4315 1878 4385 αὐτῷ
1911 4317 2039 4386 περὶ
2085 4317 2177 4372 τοῦ

612 4398 930 4466 Πνεύματος
979 4397 1246 4460 εἰπόντες.
1299 4395 1542 4466 ἐρωτῶσι
1575 4396 1854 4464 λέγοντες·
1892 4402 2090 4468 Κύριε,
2130 4406 2182 4457 εί

611 4482 681 4533 ἐν
701 4478 780 4544 τῷ
799 4481 994 4548 χρόνῳ
1009 4480 1196 4543 τούτῳ
1220 4479 1718 4546 ἀποκαθιστάνεις
1733 4481 1845 4547 τὴν
1857 4483 2184 4546 ,ϐασιλείαν

611 4562 692 4628 τῷ
739 4562 1025 4630 Ἰσραή.ῑ;
1071 4563 1179 4616 Καὶ
1203 4563 1302 4615 οὐκ
1349 4559 1521 4626 εἷπον,
1553 4565 1724 4629 Πότε;
1776 4565 1930 4634 ἀλλὰ,
1964 4569 2025 4620 El
2055 4568 2178 4635 νῦν;

613 4645 777 4714 φησίν
799 4661 811 4674 ο
845 4644 1016 4710 οῦτως
1042 4644 1347 4715 ἐπεθύμουν
1370 4646 1467 4715 τὴν
1495 4647 1705 4717 ἡμέραν
1735 4648 1942 4718 μαθεῖν,
1973 4649 2062 4703 Διὸ
2089 4652 2183 4705 καὶ

617 4729 754 4800 μετά
785 4729 1025 4791 πλείονος
1079 4729 1336 4799 προσίασι
1376 4729 1472 4798 τῆς
1508 4730 1692 4801 τιμῆς.
1769 4732 1921 4801 Ἐμοὶ
1953 4734 2009 4787 δέ
2037 4733 2186 4788 δοκεῖ

609 4813 732 4867 οὐδέ
751 4811 1123 4884 τετρανῶσθαί
1148 4829 1264 4873 πως
1286 4813 1487 4876 αὐτοῖς,
1507 4812 1589 4876 τίς
1605 4831 1734 4867 ποτε
1755 4810 1821 4887 ἦν
1848 4818 1881 4886 ὴ
1917 4816 2178 4886 βασιλεία·

610 4896 764 4950 οὐπω
785 4895 892 4966 γὰρ
913 4891 981 4966 ἦν
1006 4895 1066 4948 16
1093 4893 1204 4966 [15]
1236 4894 1457 4966 Πνεῦμα
1483 4896 1694 4962 διδάξαν
1722 4900 1934 4964 αὐτούς.
1956 4902 2064 4955 Καὶ
2083 4903 2185 4955 οὐκ

614 4976 786 5042 εἷπον,
819 4979 957 5031 Πότε
988 4977 1160 5030 ταῦτα
1180 4978 1362 5044 ἐσται;
1402 4979 1536 5033 ἀλλά
1561 4981 1646 5046 τί;
1681 4985 1746 5036 El
1773 4984 1845 5037 ἐν
1873 4983 1952 5049 τῷ
1988 4985 2185 5053 χρόνῳ

613 5065 800 5127 τούτῳ
816 5060 1313 5129 ἀποκαθιστάνεις
1330 5063 1445 5130 τὴν
1460 5065 1709 5129 ,ϐασιλεῖ
1711 5084 1788 5120 αν
1801 5065 1880 5132 τῷ
1904 5067 2182 5136 Ἰσραήλ;

611 5149 687 5210 ὡς
719 5147 820 5216 ἤδη
857 5148 1293 5201 ἐκπεπτωκυῖαν.
1320 5149 1502 5204 Ταῦτα
1533 5149 1674 5202 οὕτω
1699 5151 2073 5213 πυνθάνονται,
2101 5152 2184 5204 ὅτι

612 5232 741 5297 περὶ
774 5228 842 5281 τὰ
865 5226 1099 5298 αἰσθητὰ
1123 5228 1201 5283 ἐτι
1240 5229 1519 5295 διέκειντο,
1549 5234 1594 5286 εί
1631 5233 1725 5286 καὶ
1770 5234 1843 5304 μὴ
1878 5233 2075 5303 ὁμοίως
2107 5233 2183 5296 ὡς

612 5312 877 5382 πρότερον
897 5327 909 5340 ’
936 5311 1057 5364 οὐδέ
1079 5311 1186 5385 γὰρ
1205 5313 1415 5368 οὐδέπω
1435 5316 1725 5386 γεγένηντο
1746 5314 2002 5385 βελτίους.
2029 5314 2184 5367 Οῦτω

610 5394 796 5449 λοιπὸν
827 5387 973 5448 οῦτοι
1008 5397 1230 5466 μείζονα
1261 5399 1389 5468 περὶ
1421 5397 1588 5451 αὐτοῦ
1627 5398 2003 5467 ἐφαντάζοντο.
2030 5399 2183 5450 Ἐπεὶ

612 5475 704 5532 οῦν
734 5481 1070 5550 ἀνήχθησαν,
1103 5483 1198 5534 καὶ
1222 5482 1384 5544 αὐτὸς
1407 5483 1729 5552 ἀνηγμένως
1747 5485 1931 5546 αὐτοῖς
1950 5482 2183 5549 διαλέγε·

611 5578 720 5616 ται.
755 5564 948 5616 Οὐκέτι
981 5567 1090 5634 γὰρ
1120 5564 1267 5631 λέγει
1289 5565 1426 5634 πρὸς
1463 5565 1678 5630 αὐτοὺς,
1711 5566 1792 5618 611
1821 5565 1971 5619 Οὐδὲ
1991 5567 2022 5618 ὀ
2049 5564 2179 5630 Υἱὸς

613 5640 737 5698 οἶδε
755 5646 867 5713 τὴν
891 5646 1118 5713 ἡμέραν
1134 5662 1148 5677 °
1172 5647 1305 5702 ἀλλὰ
1329 5647 1413 5713 τί;
1450 5651 1571 5716 Οὐχ
1603 5647 1768 5716 ὑμῶν
1803 5649 1932 5703 ἐστι
1961 5648 2178 5718 γνῶναι

620 5729 875 5797 χρόνους
905 5729 942 5795 ’ἢ
967 5731 1225 5797 καιροὺς,
1250 5731 1356 5797 οὓς
1387 5735 1419 5785 ὁ
1456 5731 1658 5799 Πατὴρ
1685 5733 1848 5786 ἔθετο
1871 5734 1940 5786 ἐν
1966 5732 2037 5800 τῇ
2067 5733 2181 5798 ἰδίᾳ

618 5812 883 5878 ἐξουσίᾳ.
908 5812 1142 5876 Μείζονα
1173 5817 1393 5876 αἰτεῖτε,
1425 5815 1574 5885 φησί.
1621 5816 1730 5868 Καὶ
1769 5816 1873 5886 μὴν
1921 5817 2021 5886 ἥδη
2046 5816 2181 5886 ἐμα-

623 5894 712 5950 θον
750 5895 844 5949 καὶ
873 5894 907 5950 ἀ
951 5895 1129 5968 πολλῷ
1163 5897 1382 5970 μείζονα
1409 5895 1498 5971 ἦν.
1540 5899 1650 5953 Καὶ
1700 5899 1786 5953 ἵνα
1818 5901 1993 5971 μάθῃς
2021 5898 2177 5952 τοῦτο

2284 3069 2552 3142 ἀκριϐῶς,
2587 3069 2688 3140 ὅρα
2735 3069 2878 3120 πόσα
2925 3062 3370 3136 ἀπαριθμοῦμαι.
3398 3060 3465 3113 Τί
3497 3059 3697 3130 μεῖζον,
3731 3059 3865 3142 είπέ

2289 3141 2400 3224 μοι,
2430 3153 2524 3206 τοῦ
2555 3153 2748 3224 μαθεῖν
2771 3151 2966 3213 αὐτοὺς
2992 3149 3134 3218 ἅπερ
3164 3145 3399 3216 ἐμαθον;
3444 3144 3686 3213 Ἔμαθον
3702 3141 3861 3210 γοῦν,

2283 3237 2365 3288 ὅτι
2402 3237 2530 3297 Υἱὸς
2546 3235 2641 3290 τοῦ
2677 3234 2812 3287 Θεοῦ
2843 3235 2980 3296 ἐστι,
3004 3231 3113 3285 «αἱ
3144 3229 3272 3282 Υἱὺν
3322 3227 3433 3298 ἔχει
3460 3228 3488 3279 6
3517 3225 3648 3286 Θεὸς
3675 3226 3865 3295 ὁμότι-

2288 3335 2387 3388 μον
2407 3337 2420 3349 ι
2443 3319 2764 3388 ἔμαθον,ὂτι
2796 3317 3090 3377 ἀνάστασις
3123 3313 3306 3366 ἔσται’
3342 3311 3564 3380 ἔμαθον,
3595 3311 3674 3362 ὅτι
3697 3309 3864 3362 ἀνελ-

2286 3401 2393 3455 θὼν
2427 3403 2678 3455 ἐκάθισεν
2708 3403 2765 3453 ἐν
2793 3400 2939 3471 δεξιᾷ
2967 3399 3059 3452 τοῦ
3091 3397 3303 3468 Πατρός
3321 3411 3334 3427 ⁸
3359 3395 3420 3448 τὸ
3446 3394 3630 3447 τούτου
3659 3410 3866 3462 φρικω-

2284 3485 2533 3556 δέστερον
2552 3485 2771 3554 ἔμαθον,
2790 3484 2871 3536 ὅτι
2897 3481 3034 3552 σὰρξ
3061 3483 3170 3535 ἄνω
3193 3480 3447 3548 κάθηται,
3485 3477 3580 3530 καὶ
3619 3494 3866 3548 προσκυ-

2283 3573 2454 3625 νεῖται
2483 3571 2588 3624 ὐπὺ
2628 3570 2873 3638 ἀγγέλων
2894 3586 2906 3598 ·
2951 3567 3175 3636 ἔμαθον,
3214 3565 3296 3618 ὅτι
3326 3562 3444 3634 ἥξει
3474 3563 3633 3616 πάλιν
3670 3564 3864 3633 κρῖναι

2285 3653 2462 3706 πάντα
2491 3653 2580 3705 τὸν
2605 3653 2807 3723 κόσμον
2827 3667 2840 3682 ο
2875 3650 3096 3721 ἔμαθον,
3119 3650 3199 3702 ὅτι
3228 3647 3482 3717 μέλλουσι
3512 3644 3862 3697 καθεδεῖσθαι

2283 3737 2379 3790 καὶ
2399 3738 2550 3790 αὐτοὶ
2574 3739 2693 3790 τότε
2721 3736 2902 3807 κριταὶ
2928 3734 3034 3788 τῶν
3059 3732 3264 3787 δώδεκα
3291 3730 3472 3800 φυλῶν
3495 3729 3586 3783 τοῦ
3616 3730 3858 3800 Ἰσραήλο

2283 3820 2505 3890 ἔμαθον,
2559 3821 2640 3873 ὅτι
2690 3818 2928 3872 Ἰουδαῖοι
2961 3816 3313 3870 ἐκϐάλλονται
3343 3826 3392 3877 ιι,
3425 3815 3475 3866 οἱ
3508 3813 3563 3865 δὲ
3597 3811 3655 3877 ἐξ
3683 3813 3864 3866 ἐθνῶν

2284 3904 2739 3975 ἀντεισέρχονται.
2765 3903 2838 3954 T6
2865 3901 3034 3954 ταῦτα
3069 3899 3263 3952 εἰδέναι
3285 3899 3366 3951 ὅτι
3390 3897 3562 3959 ἔσται,
3601 3898 3741 3966 μέγα
3760 3913 3773 3924 ·
3797 3899 3862 3950 16

2283 3987 2338 4040 δέ
2367 3982 2577 4058 μαθεῖν,
2608 3987 2688 4039 ὅτι
2727 3984 3032 4054 βασιλεύσει
3067 4000 3150 4046 τις
3180 3982 3212 4053 ἧ
3239 3981 3299 4034 16
3327 3981 3478 4041 πότε,
3509 3980 3658 4032 οὐδὲν
3689 3981 3857 4049 μέγα,

2287 4071 2496 4140 Ἔμαθε
2515 4070 2723 4131 Παῦλος
2746 4068 2780 4122 ἃ
2805 4069 2905 4122 οὐκ
2928 4067 3045 4135 ἐξὸν
3067 4065 3337 4137 ἀνθρώπῳ
3363 4065 3593 4133 λαλῆσαι
3616 4079 3630 4092 ·
3656 4062 3725 4115 τά
3748 4065 3864 4134 πρὸ

2281 4153 2374 4206 τοῦ
2409 4154 2615 4224 κόσμου
2649 4153 2864 4206 ᾶπαντα
2895 4150 3085 4220 ἔμαθε.
3117 4149 3181 4202 Τί
3207 4149 3398 4219 μαθεῖν
3431 4146 3860 4215 δυσκολώτερον,

2281 4238 2381 4307 τὴν
2410 4237 2602 4308 ἀρχὴν,
2634 4237 2666 4307 ἢ
2701 4237 2760 4289 16
2785 4235 2936 4298 τέλος
2987 4233 3014 4272 δ
3041 4250 3055 4300 ;
3088 4231 3345 4304 Εῦδηλον,
3380 4233 3460 4284 ὅτι
3514 4230 3572 4283 16
3617 4231 3861 4300 πρῶτον.

2284 4319 2490 4373 Οὐκοῦν
2511 4319 2666 4372 τοῦτο
2690 4318 2932 4386 Μωῦσῆς
2967 4316 3156 4386 ἔμαθε,
3196 4318 3287 4369 καὶ
3318 4315 3468 4376 πότε,
3499 4314 3591 4367 καὶ
3617 4313 3722 4384 πρὸ
3755 4314 3864 4365 πό-

2285 4420 2392 4455 σων
2431 4403 2658 4473 χρόνων,
2698 4402 2935 4453 δείκνυσι
2975 4400 3040 4452 δι’
3067 4393 3141 4452 ὦν
3182 4398 3404 4469 ἀριθμεῖ
3427 4396 3494 4450 τὰ
3527 4397 3644 4467 ἐτη.
3685 4394 3869 4448 Τοῦτο

2283 4487 2378 4538 καὶ
2411 4486 2681 4554 Σολομῶν,
2713 4485 2794 4536 διὸ
2836 4486 2928 4537 καὶ
2956 4483 3110 4551 ἔλεγε
3130 4500 3145 4514 ο
3175 4483 3586 4551 Μνημονεύσω
3649 4480 3721 4533 τὰ
3751 4481 3866 4533 ἀπ’

2283 4567 2515 4634 αἰῶνος.
2551 4569 2676 4620 Ὅτι
2706 4568 2883 4620 τοίνυν
2915 4567 3080 4635 ἐγγύς
3109 4568 3257 4619 ἐστιν
3278 4605 3292 4628 ,
3336 4566 3482 4618 ἴσασι
3521 4562 3658 4634 μετά
3681 4561 3871 4615 ταῦτα

2284 4655 2377 4707 καὶ
2405 4646 2580 4705 οῦτοι·
2613 4651 2802 4722 ὥσπερ
2829 4651 2921 4704 καὶ
2947 4652 2974 4702 6
3027 4649 3256 4712 Παῦλος,
3289 4648 3463 4716 λέγων
3489 4665 3502 4677 ο
3551 4647 3613 4699 '0
3642 4646 3871 4712 Κύριος

2283 4735 2482 4805 ἐγγὺς,
2509 4733 2703 4804 μηδὲν
2721 4733 3057 4802 μεριμνᾶτε.
3106 4731 3264 4785 Ἀλλὰ
3308 4731 3429 4784 τότε
3459 4730 3556 4783 οὐκ
3589 4730 3868 4797 ἐγνωσαν,

2283 4819 2460 4873 καίτοι
2486 4819 2742 4881 λαϐόντες
2779 4821 3072 4888 τεκμήρια.
3134 4817 3190 4869 '0
3224 4816 3281 4868 δέ
3309 4815 3540 4884 Χριστὸς
3564 4813 3752 4881 ῶσπερ
3784 4809 3874 4865 εἷ-

2285 4921 2407 4969 πεν,
2446 4905 2526 4957 Οὐ
2543 4903 2694 4972 μετὰ
2739 4903 2974 4965 πολλὰς
3015 4900 3237 4965 ταύτας
3281 4897 3524 4968 ἡμέρας,
3559 4899 3874 4967 ἀγρυπνεῖν

2285 4987 2482 5049 αὐτοὺς
2518 4985 2857 5056 βουλόμενος,
2893 4985 2986 5038 καὶ
3009 4985 3108 5037 οὐκ
3134 4983 3372 5053 ἐδήλωσε
3407 4981 3654 5052 φανερῶς
3673 4998 3686 5011 ·
3715 4981 3878 5034 οὕτω

2283 5072 2377 5124 καὶ
2403 5070 2497 5123 νῦν
2519 5072 2679 5122 ποιεῖ.
2702 5069 2912 5130 Ἀλλως
2943 5068 3021 5131 δὲ,
3051 5069 3144 5120 καὶ
3165 5070 3358 5120 ἐκεῖνοι
3393 5065 3622 5118 ἐνταῦθα
3643 5065 3702 5116 οὐ
3731 5080 3806 5115 πε
3817 5070 3882 5134 ρί

2286 5153 2617 5217 συντελείας,
2649 5152 2786 5205 ἀλλά
2831 5153 2959 5221 περὶ
3007 5151 3282 5221 βασιλείας
3331 5150 3608 5220 ἐρωτῶσι·
3639 5147 3717 5200 διὸ
3750 5152 3880 5209 καὶ,

2287 5242 2355 5292 El
2387 5239 2455 5290 ἐν
2477 5236 2556 5302 τῷ
2595 5249 2616 5274 α
2645 5240 2840 5306 χρόνῳ
2863 5237 3052 5301 τούτῳ
3077 5234 3580 5300 ἀποκαθιστάνεις
3611 5233 3727 5298 τὴν
3757 5235 3886 5296 ,ϐα-

2284 5322 2523 5375 σιλείαν
2553 5319 2632 5385 τῷ
2666 5321 2944 5390 Ἰσραήλξ
2975 5321 3179 5388 ἔλεγον.
3226 5321 3283 5373 '0
3333 5320 3388 5373 δὲ
3419 5319 3539 5372 οὐδέ
3573 5317 3730 5372 τοῦτο
3763 5320 3884 5370 αύ-

2283 5409 2396 5468 τοῖς
2437 5405 2754 5474 ἐξεκάλυψε.
2812 5405 2946 5474 Περὶ
2977 5405 3033 5457 δέ
3065 5403 3158 5457 τοῦ
3193 5405 3376 5468 τέλους
3407 5405 3497 5456 καὶ
3529 5403 3634 5472 πρὸ
3664 5401 3880 5454 τούτου

2283 5489 2439 5542 τοῦτο
2467 5487 2694 5560 ἠρώτων
2713 5507 2727 5522 ο
2762 5488 2875 5541 ἀλλ’
2897 5490 2996 5559 οὐχ
3013 5488 3200 5560 ὥσπερ
3228 5491 3343 5542 ἐκεῖ
3374 5488 3707 5561 ἀπεκρίνατο
3736 5503 3883 5555 σφο-

2353 5659 2381 5726 '_
2401 5657 2509 5726 Duo
2530 5673 2646 5726 r_nss.
2675 5660 3056 5726 €Emﬁé).).0v101._
3078 5660 3187 5726 Mox
3205 5661 3359 5726 ﬁdem
3384 5661 3522 5726 ἐθνῶν
3548 5660 3878 5726 εἰσέρχονται.

2289 5719 2318 5759 Ῑ)
2363 5721 2497 5768 Alius
2537 5719 2914 5780 δυσκολώτερον,
2954 5725 2982 5779 ἡ
3037 5723 3158 5784 ἀρχή
3200 5724 3228 5778 ἣ
3271 5723 3324 5769 τὸ
3363 5724 3510 5776 τέλος.
3563 5719 3681 5768 Infra
3717 5734 3888 5784 funus

2292 5789 2439 5829 totam
2464 5785 2646 5830 seriem
2673 5791 2825 5830 mutat
2844 5787 2949 5831 sine
2976 5785 3069 5831 ulla
3093 5797 3265 5831 sensus
3285 5785 3588 5832 diversitate.
3661 5785 3682 5811 ο
3705 5783 3880 5832 Sani.

2386 5844 2572 5954 1315111101
2611 5845 2666 5917 of:
2691 5847 2796 5908 περὶ
2825 5851 2907 5902 τῆς
2930 5847 3131 5894 καθόλου
3166 5845 3307 5893 αὐτὸν
3339 5846 3537 5908 ἠρώτων
3574 5844 3886 5907 συντελείαςο

2288 5918 2346 5954 αλ
2369 5924 2424 5954 α.
2495 5925 2508 5953 ι
2531 5921 2578 5954 εν
2599 5923 2685 5954 τω.

2287 5906 2424 5963 ἀλλὰ,
2457 5909 2508 5954 Εἰ
2531 5906 2578 5955 ἐν
2599 5908 2685 5968 τῷ.
