4024 6546
225 523 295 580 π
1219 511 1284 570 IN
1325 509 1504 570 ACTA
1543 509 2314 569 APOSTOLORUMJIOMIL.
2359 513 2419 568 lI.
3411 508 3486 568 95

230 630 336 669 tuna
365 613 482 683 pius
510 627 589 676 es,
616 620 738 683 post
767 609 1029 681 baptisma
1058 609 1254 678 segnis.
1283 605 1389 661 Sed
1433 616 1639 674 tempus
1665 603 1802 672 Qua-

230 707 536 775 dragesimte
566 705 890 774 exspectas?
926 703 1039 770 Qua
1079 702 1147 756 de
1189 699 1393 756 causa?
1423 715 1546 752 num
1576 695 1801 767 amplius

229 799 348 866 quid
391 797 551 851 habet
587 797 717 851 illud
749 794 998 865 tempus?
1037 791 1276 862 Apostoli
1324 805 1557 865 namque
1595 805 1700 844 non
1743 788 1796 842 in

226 886 480 942 Pascltate
525 886 693 956 gratia
740 883 941 955 dignati
977 893 1124 947 sunt,
1153 883 1246 937 sed
1271 881 1376 935 alio
1403 891 1678 949 tempore:
1709 878 1798 932 illa

223 983 318 1032 tria
351 989 405 1032 et
425 979 661 1048 quinque
688 977 852 1032 millia
875 991 981 1032 non
1004 978 1055 1030 in
1085 974 1342 1030 Paschate
1365 973 1626 1042 baptizata
1651 980 1794 1037 sunt,

219 1081 270 1123 ut
319 1086 496 1139 neque
539 1070 856 1135 Cornelius,
898 1069 1191 1132 eunuchus,
1216 1078 1268 1122 et
1312 1067 1402 1121 alii
1443 1065 1674 1135 plurimi.
1720 1064 1798 1121 Ne

216 1161 398 1229 itaque
426 1172 638 1229 tempus
663 1171 1066 1229 exspectemus,
1095 1168 1149 1213 ut
1179 1174 1246 1213 ne
1269 1166 1578 1212 cunctantes
1605 1165 1660 1211 et
1696 1154 1799 1210 dif-

214 1252 474 1315 ferentes,
505 1253 658 1308 vacui
691 1264 746 1309 et
771 1265 1018 1324 expertes
1050 1263 1312 1309 tantorum
1343 1253 1604 1307 bonorum
1636 1253 1795 1306 abea-

215 1358 357 1396 mus.
390 1344 653 1410 Quantum
702 1346 896 1414 putatis
943 1361 1030 1399 me
1067 1343 1376 1399 discruciari
1408 1385 1425 1410 ,
1469 1359 1589 1398 cum
1636 1343 1796 1398 audio

211 1437 524 1505 quempiam
553 1451 656 1491 non
696 1437 962 1491 initiatum
999 1437 1198 1492 obiisse
1219 1477 1232 1501 ,
1265 1445 1318 1490 et
1341 1435 1516 1505 cogito
1543 1434 1798 1488 intolera-

209 1528 336 1583 bilia
369 1529 458 1582 illa
487 1529 742 1598 supplicia
763 1529 1230 1598 inevitabilemqne
1251 1527 1585 1582 cruciatum?
1610 1539 1796 1580 rursus

209 1635 373 1686 quam
406 1634 606 1690 angor,
630 1635 750 1674 cum
791 1621 924 1675 alios
953 1620 1107 1674 video
1133 1619 1197 1673 ad
1229 1628 1526 1673 extremum
1568 1616 1792 1671 halitum

207 1707 509 1776 deductos,
541 1727 646 1766 non
677 1721 850 1766 tamen
893 1711 1253 1781 resipiscere?
1297 1710 1423 1766 Ideo
1457 1709 1619 1764 multa
1665 1709 1794 1763 fiunt

207 1801 315 1854 hoc
345 1810 493 1855 tanto
515 1803 655 1857 dono
692 1803 923 1875 indigna.
957 1805 1026 1858 At
1064 1819 1184 1858 cum
1211 1811 1483 1873 oporteret
1509 1801 1742 1872 gaudere
1770 1843 1787 1869 ,

204 1891 440 1946 choreas
464 1909 651 1963 agere,
681 1895 871 1960 lzetari,
895 1895 1160 1956 coronari,
1187 1910 1306 1948 cum
1334 1893 1594 1963 quispiam
1622 1891 1794 1946 initia-

206 1994 335 2048 tur;
365 1983 583 2052 quando
608 1986 790 2053 avgroti
821 2001 953 2038 uxor
980 1985 1146 2050 audit,
1175 1985 1226 2038 id
1250 2000 1279 2037 a
1305 1983 1514 2038 medico
1537 1990 1792 2037 statutum

203 2076 398 2140 fuisse,
426 2078 577 2146 quasi
610 2079 661 2131 in
695 2092 885 2147 magno
915 2077 1206 2132 infortunio
1235 2076 1473 2146 plangit,
1506 2084 1559 2129 et
1591 2073 1794 2129 lamen-

202 2175 351 2220 tatur
373 2165 450 2238 (a)
481 2185 495 2220 :
530 2168 650 2220 hinc
671 2169 898 2237 gemitus
918 2179 969 2222 et
991 2169 1217 2236 ejulatns
1244 2182 1336 2235 per
1362 2175 1525 2219 totam
1552 2164 1790 2229 domum,

199 2275 267 2313 ac
313 2261 358 2313 si
406 2259 693 2314 damnatus
733 2261 994 2330 quispiam
1034 2260 1100 2314 ad
1142 2275 1328 2314 necem
1355 2258 1656 2313 duceretur.
1703 2255 1794 2311 Ille

201 2365 424 2419 quoque
453 2361 580 2404 tunc
605 2351 776 2420 magis
804 2351 982 2415 dolet,
1014 2361 1067 2405 et
1092 2350 1133 2404 si
1158 2366 1186 2402 a
1218 2349 1406 2403 morbo
1435 2348 1790 2413 convalescat,

201 2441 422 2507 gravius
448 2443 718 2494 cruciatur
736 2481 752 2506 ,
780 2457 841 2495 ac
867 2443 910 2495 si
947 2456 1136 2510 magno
1157 2440 1379 2494 affectus
1408 2447 1548 2494 esset
1573 2438 1791 2493 damno.

201 2531 331 2597 Quia
355 2533 504 2584 enim
532 2547 637 2584 non
669 2543 782 2585 erat
809 2534 873 2585 ad
899 2533 1142 2585 virtutem
1166 2541 1497 2601 praeparatus
1517 2571 1532 2594 ,
1562 2531 1794 2599 segniter

204 2623 308 2689 agit
335 2614 600 2691 deinceps
622 2664 639 2686 ,
683 2632 737 2676 et
776 2623 1061 2678 certamina
1113 2622 1321 2692 refugit.
1355 2621 1540 2676 Viden’
1568 2630 1794 2691 quantas

204 2713 484 2767 machinas
515 2713 765 2767 diabolus
803 2724 1060 2783 apparet,
1094 2723 1350 2783 quantum
1387 2713 1554 2767 risum
1581 2753 1596 2776 ,
1626 2725 1794 2782 quan-

207 2814 309 2857 tum
341 2803 685 2858 ludibrium?
713 2805 795 2859 Ab
825 2805 925 2859 hoc
955 2805 1134 2874 itaque
1180 2804 1412 2858 ludibrio
1457 2818 1555 2858 nos
1595 2802 1793 2858 subdu-

267 2932 339 2994 (ιι)
363 2940 498 2997 Tunc
525 2935 700 2995 utique
723 2933 883 2992 multi,
909 2947 1030 2996 quos
1052 2933 1342 2997 frequenter
1365 2932 1792 2997 carpunt_Cltryso-

210 2993 405 3053 stoatus,
432 2993 743 3058 August—inus
766 2993 946 3058 aliique
970 2993 1162 3056 Patres;
1183 2993 1473 3058 baptismum
1501 2993 1794 3058 differebant

214 3068 363 3116 usque
385 3057 441 3104 ad
465 3057 648 3120 mortis
669 3057 940 3106 articulum.
973 3059 1014 3106 si
1035 3057 1227 3120 quando
1257 3059 1404 3118 igitur
1422 3057 1601 3105 medici
1627 3070 1793 3106 mone-

217 3118 725 3182 rentpericlitautem
760 3118 1066 3182 eoujugatuni
1111 3119 1443 3182 baptizaudum
1484 3131 1624 3182 esse,
1664 3131 1792 3166 uxor

221 3180 354 3242 quasi
394 3193 497 3227 mox
545 3185 782 3228 atnissura
822 3181 1006 3240 virum,
1034 3181 1244 3242 ejttlatus
1280 3193 1479 3242 magnos
1499 3180 1714 3242 edebat;
1737 3187 1793 3228 ut

229 3239 365 3348 etiam
405 3255 525 3290 nunc
556 3254 707 3351 ἔπινε
745 3239 1007 3304 contingit,
1028 3239 1218 3305 quando
1242 3239 1382 3305 teng
1397 3241 1692 3292 conferenda
1717 3247 1794 3289 est

229 3313 286 3346 ex
338 3315 435 3349 ema
455 3316 552 3351 uuc
593 3317 643 3351 ο.

229 3313 435 3349 entrema
455 3313 643 3352 uucuo.

1907 618 2089 661 camus
2116 622 2131 662 :
2165 607 2400 662 vivamus
2425 615 2482 661 ut
2511 602 2761 676 praecepit
2781 600 3045 660 Christus.
3079 603 3199 659 Ideo
3221 603 3483 674 baptisma

1906 697 2088 763 dedit,
2119 713 2223 752 non
2254 708 2310 753 ut
2335 699 2512 753 statim
2542 696 2893 752 abscedamus
2915 739 2930 763 ,
2959 699 3053 750 sed
3085 707 3140 750 ut
3172 707 3288 764 post
3316 697 3486 765 bapti—

1905 806 2078 846 smum
2101 792 2338 846 viventes
2353 790 2551 845 fructus
2572 788 2922 858 proferamus.
2938 789 3218 856 Quomodo
3239 789 3457 844 abeunti

1905 893 1960 937 et
1988 885 2169 938 exciso
2213 885 2358 939 dices
2377 925 2392 950 ,
2423 883 2744 939 Fructifica?
2774 899 2880 939 non
2909 883 3123 949 audisti,
3152 884 3294 954 quod
3343 884 3480 937 Fru-

1904 987 2014 1029 ctus
2043 977 2269 1046 Spiritus
2307 979 2392 1041 sit,
2419 978 2626 1045 caritas,
2659 978 2920 1048 gaudium,
2949 994 3053 1048 pax
3077 976 3219 1047 (Gal.
3253 977 3305 1031 5.
3337 977 3432 1048 22)
3455 977 3481 1030 ‘2

1903 1066 2182 1134 Quomodo
2229 1067 2388 1136 igitur
2435 1068 2702 1122 contraria
2744 1067 3049 1124 eveniunt?
3094 1066 3304 1122 Etenim
3350 1083 3485 1122 uxor

1903 1157 2079 1210 adstat
2104 1156 2308 1226 lugens,
2332 1172 2453 1212 cum
2480 1157 2712 1226 gaudere
2734 1166 3038 1227 oporteret;
3071 1157 3220 1212 liberi
3251 1158 3483 1226 plorant.

1903 1263 2024 1302 cum
2054 1249 2305 1318 gratulari
2338 1264 2433 1319 par
2460 1256 2641 1304 esset:
2672 1249 2717 1304 is
2738 1249 2852 1319 ipse
2874 1249 2963 1319 qui
2983 1251 3127 1318 jacet
3153 1248 3480 1306 obtenebra-

1903 1349 2006 1404 tus,
2020 1337 2745 1410 tumultuacperturbatione
2776 1341 2966 1410 plenus
2991 1350 3104 1407 est,
3150 1356 3272 1396 cum
3315 1356 3481 1412 opor-

1905 1442 2040 1488 teret
2071 1432 2264 1488 festum
2293 1447 2492 1502 agere;
2525 1433 2576 1486 in
2607 1447 2841 1490 maerore
2868 1442 3030 1496 totus,
3059 1434 3200 1502 quod
3229 1433 3367 1489 filios
3389 1449 3484 1490 or-

1902 1524 2000 1578 bos
2046 1525 2346 1594 relinquat,
2381 1539 2600 1579 uxorem
2645 1523 2878 1589 viduam,
2929 1524 3146 1578 domum
3190 1524 3482 1580 desertam.

1901 1614 2037 1669 Num
2085 1615 2202 1677 sic,
2246 1629 2448 1685 quzeso,
2479 1614 2754 1670 acceditur
2793 1613 2860 1669 ad
2896 1615 3190 1686 mysteria?
3229 1631 3355 1670 num
3405 1618 3486 1670 sic

1901 1708 2080 1762 aditur
2103 1721 2254 1762 sacra
2285 1707 2513 1762 mensa?
2540 1707 2777 1762 haeccine
2799 1707 3063 1763 ferenda?
3091 1707 3149 1764 Si
3187 1697 3484 1778 Imperator

1901 1799 2080 1852 missis
2129 1799 2295 1853 literis
2322 1799 2528 1853 vinctos
2555 1799 2609 1852 in
2636 1813 2851 1856 carcere
2889 1798 3060 1854 solvat
3080 1839 3092 1862 ,
3122 1799 3374 1870 gaudium
3401 1811 3485 1855 est

1900 1907 1966 1947 ac
2008 1892 2190 1946 lwtitia
2222 1910 2234 1944 :
2271 1893 2412 1946 Dens
2456 1901 2634 1947 autem
2684 1893 2850 1947 mittit
2894 1892 3152 1962 Spiritum
3199 1892 3266 1947 de
3294 1892 3440 1948 caelis
3465 1935 3480 1957 ,

1902 1999 2009 2038 non
2052 1984 2292 2053 pecunia:
2323 1982 2608 2053 reliquias,
2641 1982 2736 2037 sed
2767 1984 3012 2038 universa
3041 1993 3255 2052 peccata
3283 1983 3485 2039 condo-

1900 2091 2054 2140 nans,
2081 2089 2371 2144 omnesque
2395 2074 2586 2144 lugetis
2612 2083 2668 2129 et
2693 2074 3038 2144 ingemiscitis
3058 2075 3082 2128 ?
3106 2073 3235 2142 Qute
3261 2084 3343 2129 est
3371 2075 3484 2128 fune

1903 2168 2234 2238 inteqnalitas
2254 2167 2278 2221 ?
2296 2165 2540 2220 Nondum
2561 2165 2703 2220 enim
2726 2165 2866 2232 dico,
2893 2164 3035 2235 quod
3061 2165 3285 2219 mortuis
3307 2163 3484 2221 infusa

1901 2261 1969 2315 sit
1987 2275 2145 2329 aqua,
2176 2268 2230 2314 et
2259 2257 2400 2329 quod
2422 2266 2606 2313 sancta
2634 2259 2873 2327 projecta
2898 2257 3005 2312 sint
3031 2256 3084 2310 in
3109 2265 3306 2311 terram
3332 2273 3346 2309 :
3371 2272 3478 2310 non

1901 2353 2042 2407 enim
2070 2365 2168 2406 nos
2199 2351 2250 2404 in
2278 2365 2438 2405 causa
2461 2364 2666 2413 sumus,
2695 2348 2789 2402 sed
2819 2348 3007 2418 ingrati
3027 2348 3264 2417 quidam.
3294 2347 3484 2402 Proin-

1900 2443 1967 2499 de
1997 2459 2128 2514 rogo
2153 2485 2168 2505 ,
2199 2451 2258 2497 ut
2295 2441 2543 2496 omnibus
2569 2439 2783 2495 omissis
2809 2439 3166 2509 nosmetipsos
3198 2449 3484 2494 converta-

1902 2551 2021 2590 mus
2045 2578 2060 2602 ,
2100 2544 2298 2590 etcum
2327 2534 2469 2588 omni
2499 2533 2776 2587 alacritate
2802 2531 2868 2586 ad
2900 2531 3220 2601 baptismum
3261 2531 3485 2586 acceda-

1893 2625 2056 2691 mus;
2083 2639 2139 2681 ut
2159 2642 2279 2682 cum
2301 2628 2316 2657 ¹
2342 2626 2392 2680 in
2418 2625 2665 2694 prtesenti
2687 2625 2793 2680 vita
2817 2639 3061 2694 magnam
3084 2623 3484 2678 exhibuerimus

1904 2720 2240 2789 diligentiam
2260 2759 2276 2784 ,
2305 2716 2538 2771 futuram
2581 2730 2972 2785 consequamur
3009 2715 3254 2770 fiduciam
3279 2733 3292 2768 :
3321 2731 3483 2785 quam

1900 2828 1998 2868 nos
2046 2825 2234 2866 omnes
2271 2810 2484 2879 assequi
2522 2809 2815 2879 contingat,
2845 2809 3017 2879 gratia
3060 2817 3115 2863 et
3158 2809 3483 2879 benignitate

1903 2904 2109 2960 Domini
2138 2903 2304 2957 nostri
2335 2901 2462 2957 .lesu
2491 2900 2712 2966 Christi,
2735 2900 2820 2954 cui
2846 2901 3015 2970 gloria
3044 2910 3099 2956 et
3120 2902 3402 2972 imperium
3427 2902 3481 2956 in

1899 2997 2090 3053 Saecula
2135 2994 2474 3051 saeculorum.
2507 2993 2700 3047 Antea.

1963 3177 1979 3205 ι
2016 3169 2153 3220 Alius
2173 3169 2425 3217 habet..."
2453 3173 2522 3226 ut,
2548 3166 2767 3217 omnibus
2802 3165 3006 3229 omissis,
3027 3166 3152 3218 illud
3177 3182 3401 3220 curemus
3420 3183 3482 3220 ne

1898 3242 2008 3285 ante
2028 3229 2343 3284 initiationem
2361 3242 2426 3279 ea:
2447 3229 2539 3279 hac
2562 3229 2663 3294 vita
2678 3229 3006 3294 egrediantur,
3034 3230 3328 3294 baptismum
3346 3231 3477 3283 acci-

1901 3310 2014 3358 pere
2035 3295 2308 3359 festinantes
2332 3304 2442 3342 cum
2463 3290 2593 3341 omni
2615 3290 2866 3342 alacritate
2887 3304 2906 3353 ;
2929 3298 2980 3341 ut
2996 3290 3125 3352 cum,
3160 3301 3262 3342 etc.

1590 3474 1934 3537 HOMILIA
1976 3474 2056 3535 II.

201 3619 325 3674 Car.
359 3621 414 3673 1.
443 3635 494 3672 v.
529 3619 586 3674 6.
638 3618 806 3688 Igitur
856 3619 940 3689 qui
987 3629 1358 3683 convenerant,
1411 3618 1792 3687 interrogabant

268 3729 379 3764 eum
433 3712 660 3765 dicentes
688 3726 706 3764 :
731 3711 961 3778 Domine,
1003 3711 1047 3766 si
1072 3711 1126 3764 in
1172 3721 1393 3780 tempore
1429 3712 1526 3763 hoc
1565 3709 1793 3762 restitues

266 3819 481 3870 regnum
504 3800 674 3854 Israel
696 3802 722 3854 ?

266 3893 321 3946 1.
367 3892 625 3960 Discipuli
649 3892 1024 3962 interrogaturi
1046 3891 1203 3946 simul
1219 3891 1438 3950 adeunt.
1480 3901 1535 3944 ut
1557 3890 1793 3944 multitu-

191 3981 338 4035 dinis
365 3981 674 4036 reverentia
701 3983 1102 4052 responsionem
1126 3983 1419 4037 obtineant.
1451 3981 1700 4036 Sciebant
1737 3980 1790 4035 id

189 4073 343 4142 quod
389 4089 564 4142 nuper
610 4073 838 4138 dixerat,
890 4071 1055 4127 Nemo
1097 4075 1234 4127 novit
1265 4073 1399 4126 diem
1425 4072 1443 4138 (
1468 4072 1653 4126 Matth.
1695 4071 1786 4126 24.

189 4164 264 4218 36
288 4165 346 4231 ),
379 4164 697 4233 repellentis
722 4163 908 4231 fuisse,
947 4180 1120 4235 neque
1148 4165 1461 4235 ignorantis,
1514 4164 1607 4218 sed
1633 4162 1789 4218 diffe-

187 4256 371 4310 rentis
396 4256 808 4324 responsionem
834 4273 848 4308 :
869 4256 1010 4312 unde
1031 4272 1214 4312 rursus
1229 4256 1508 4320 accedunt,
1539 4265 1592 4310 et
1622 4257 1787 4310 inter-

189 4358 415 4416 rogant.
461 4347 574 4401 Non
612 4355 794 4401 autem
829 4347 1270 4418 interrogassent,
1300 4348 1402 4404 nisi
1430 4348 1482 4402 id
1505 4363 1632 4404 vere
1661 4363 1785 4418 per-

183 4453 418 4493 Suasum
439 4438 768 4492 habuissent.
798 4441 930 4506 Quia
955 4442 1096 4495 enim
1125 4441 1423 4507 audierant,
1455 4456 1514 4496 se
1533 4441 1784 4511 Spiritum

182 4542 445 4584 salictum
468 4541 782 4600 accepturos
802 4548 922 4588 esse
955 4542 1011 4587 ut
1023 4533 1134 4602 jam
1155 4533 1298 4603 digni
1321 4534 1374 4588 id
1402 4535 1648 4588 volebant
1667 4533 1785 4588 edi~

181 4640 373 4688 scere,
392 4624 504 4692 jam
529 4626 698 4692 parati
723 4625 787 4679 ad
816 4625 1113 4680 libertatem
1130 4626 1624 4681 obtinendam.Non
1642 4625 1783 4680 enim

183 4715 450 4768 volebant
469 4730 527 4769 se
552 4716 604 4768 in
625 4717 861 4785 pericula
882 4716 1168 4787 conjicere,
1192 4716 1287 4772 sed
1309 4717 1480 4787 potius
1498 4717 1780 4786 reSpirare,

176 4823 254 4860 eo
283 4807 435 4876 quod
467 4823 574 4861 non
599 4809 785 4878 exigua
813 4819 1014 4875 essent,
1044 4811 1284 4880 quasillis
1303 4811 1657 4880 contigerant,
1687 4811 1782 4865 Sed

178 4901 254 4954 de
275 4901 541 4954 extremis
580 4901 862 4969 periclitati
889 4913 1087 4959 essent.
1129 4902 1268 4957 Nihil
1306 4902 1467 4972 igitur
1493 4903 1559 4957 de
1584 4903 1784 4972 Spiritu

177 4992 424 5060 quuuti,
471 4995 552 5047 sic
601 4994 969 5065 interrogant:
1001 4994 1238 5059 Domine,
1285 4997 1329 5049 si
1360 4997 1414 5048 in
1449 5007 1669 5064 tempore
1691 4996 1785 5049 hoc

173 5084 424 5138 restitues
449 5102 668 5155 regnum
693 5085 904 5142 Israel?
929 5085 1044 5144 Non
1074 5088 1342 5155 dixerunt,
1372 5088 1637 5155 Quando?
1665 5088 1778 5154 sed,

173 5180 266 5230 An
307 5193 456 5232 nunc
481 5181 506 5229 ἲ
552 5178 690 5234 adeo
712 5180 1087 5236 desiderabant
1111 5183 1249 5236 diem
1275 5197 1616 5253 cognoscere.
1657 5182 1784 5238 Ideo

174 5270 360 5322 inulto
384 5284 512 5322 cum
535 5269 744 5325 honore
772 5272 990 5325 adeunt.
1018 5273 1154 5327 Puto
1183 5282 1357 5328 autem
1386 5274 1506 5328 illos
1535 5290 1639 5328 non
1667 5275 1780 5328 cla-

171 5379 238 5413 re
283 5361 506 5415 novisse
535 5404 550 5426 ,
601 5363 871 5431 quodnam
913 5365 1203 5420 essetillud
1253 5381 1470 5436 regnum
1501 5384 1516 5420 :
1545 5368 1780 5424 nondum

171 5454 326 5506 enim
373 5453 618 5522 Spiritus
648 5454 767 5507 illos
796 5454 1066 5509 docuerat.
1107 5454 1215 5510 Nec
1239 5456 1506 5523 dixerunt,
1557 5457 1780 5526 Quando

171 5543 299 5598 Imm
318 5556 483 5600 erunt
507 5547 533 5598 ?
561 5546 657 5600 sed
679 5547 805 5617 qttid
834 5547 857 5599 ?
896 5547 959 5602 Si
983 5547 1036 5602 in
1065 5558 1288 5619 tempore
1316 5550 1410 5602 Itoc
1439 5552 1666 5606 restitues
1693 5568 1778 5605 re-

176 5655 335 5706 gium:
379 5638 558 5693 Israel
584 5639 613 5692 ?
638 5648 824 5708 utpote
867 5639 1008 5708 quod
1055 5639 1164 5708 jam
1203 5641 1493 5695 exciderat.
1544 5643 1667 5698 ΙΙωο
1705 5643 1776 5698 ita

181 5730 552 5798 suscitantur,
596 5733 724 5802 quia
751 5747 875 5801 erga
907 5733 1175 5788 scnsibilia
1203 5734 1379 5790 adhuc
1399 5736 1572 5790 allecti
1598 5745 1772 5803 erant,

181 5829 286 5874 etsi
309 5843 406 5880 non
436 5831 707 5896 quantum
736 5836 891 5878 antea
926 5842 940 5878 :
972 5825 1204 5879 nondum
1247 5828 1386 5880 enim
1425 5828 1674 5882 meliores
1701 5828 1776 5882 fa-

185 5920 261 5966 ui
282 5931 433 5972 erant.
452 5921 546 5976 Sic
573 5919 798 5974 demum
830 5918 881 5973 Ιιί
905 5918 1105 5986 majora
1126 5918 1191 5972 de
1216 5920 1301 5975 illo
1329 5919 1766 5990 imaginabantur.

1900 3616 2031 3685 Quia
2072 3615 2232 3685 igitur
2269 3615 2333 3668 ad
2377 3614 2566 3668 altiora
2598 3615 2832 3684 provecti
2863 3623 3036 3678 erant,
3089 3624 3146 3670 et
3169 3616 3283 3686 ipse
3309 3617 3480 3671 subli-

1896 3708 2034 3762 mius
2059 3721 2152 3761 eos
2173 3706 2476 3776 alloquitur.
2499 3705 2614 3760 Non
2645 3706 2755 3776 jam
2783 3709 2923 3761 enim
2953 3708 3021 3761 ita
3049 3707 3177 3762 dicit
3202 3709 3304 3763 illis
3328 3727 3342 3766 :
3373 3709 3482 3764 Ne-

1894 3817 1989 3870 que
2018 3799 2187 3854 Filius
2214 3800 2346 3853 diem
2389 3799 2522 3854 nouit
2553 3801 2574 3869 (
2598 3799 2763 3852 Marc.
2791 3801 2880 3855 15.
2912 3800 2982 3855 32
3010 3800 3028 3870 )
3052 3816 3067 3866 ;
3097 3801 3191 3855 sed
3222 3803 3388 3871 quid?
3419 3805 3474 3857 7.

1898 3893 2019 3948 Non
2039 3903 2110 3948 est
2125 3903 2342 3948 vestrum
2363 3909 2506 3947 nosse
2541 3903 2766 3962 tempora
2785 3894 2861 3947 vel
2884 3904 3154 3959 momenta,
3181 3913 3295 3966 quae
3323 3897 3480 3952 Pater

1894 3985 2060 4056 posuit
2099 3985 2150 4037 in
2189 4001 2282 4039 sua
2327 3993 2589 4052 potestate.
2622 3983 2819 4052 Majora
2853 4027 2870 4050 ,
2910 3983 3081 4053 inquit
3112 4025 3127 4048 ,
3175 3987 3474 4054 postulatis.

1894 4077 2053 4146 Atqui
2106 4076 2261 4145 longe
2307 4075 2542 4144 majora,
2587 4074 2793 4143 inquies
2824 4116 2843 4142 ,
2894 4077 3006 4145 jam
3051 4076 3364 4132 didicerant.
3408 4080 3476 4136 Ut

1892 4179 2070 4224 autem
2118 4167 2219 4222 hoc
2272 4179 2522 4221 accurate
2567 4166 2762 4232 discas,
2791 4168 3060 4238 perpende
3105 4185 3264 4240 quam
3307 4174 3473 4227 multa

1892 4273 2221 4314 recenseam.
2262 4257 2420 4324 Quid,
2451 4271 2651 4326 quaeso,
2679 4256 2850 4325 majus
2878 4258 2964 4323 iis,
2988 4274 3109 4328 qua:
3136 4258 3476 4316 didicerant?

1891 4349 1994 4420 Ipsi
2025 4366 2214 4420 nempe
2236 4365 2354 4404 esse
2376 4349 2567 4404 Filium
2599 4349 2714 4415 Dei,
2742 4363 2863 4404 esse
2889 4349 3032 4404 Patri
3059 4349 3264 4408 honore
3290 4369 3473 4424 parem

1890 4445 2187 4499 didicerant
2240 4445 2257 4514 (
2286 4442 2444 4498 Joan.
2476 4443 2528 4498 5.
2565 4443 2648 4496 17.
2677 4440 2776 4514 19)
2807 4459 2821 4508 ;
2872 4445 3316 4501 resurrectionem
3359 4447 3475 4504 fore

1891 4556 1908 4606 ς
1935 4537 2118 4590 Matt/2.
2141 4537 2226 4590 17.
2250 4535 2314 4608 9)
2337 4576 2351 4597 .
2382 4536 2553 4604 ipsum
2575 4536 2947 4591 ascendentem
2966 4551 3238 4592 sessurum
3259 4539 3325 4594 ad
3345 4539 3472 4596 dex-

1892 4640 2054 4682 teram
2082 4628 2253 4683 Patris
2275 4635 2290 4697 (
2311 4627 2436 4681 Luc.
2462 4627 2552 4681 22.
2579 4628 2666 4683 69.
2719 4628 2883 4684 Marc.
2917 4629 3004 4684 16.
3036 4630 3103 4686 19
3190 4631 3322 4686 Rem
3345 4634 3472 4688 item

1889 4720 2057 4790 magis
2086 4719 2400 4788 stupendum
2428 4719 2744 4784 didicerant,
2781 4720 2923 4790 quod
2963 4735 3092 4776 caro
3119 4737 3351 4792 superne
3380 4739 3472 4778 se-

1887 4809 2030 4877 deat,
2073 4820 2129 4865 et
2169 4811 2423 4866 adoretur
2447 4812 2514 4866 ab
2547 4813 2770 4883 angelis,
2817 4813 2958 4884 quod
2988 4816 3181 4869 iterum
3211 4826 3506 4873 venturus.

1888 4901 2214 4971 sitjudicare
2231 4903 2482 4958 mundum
2503 4905 2808 4960 universum
2836 4905 3050 4972 (Matth.
3084 4907 3173 4961 16.
3201 4907 3292 4961 27.
3335 4909 3464 4962 Luc.

1887 4995 1980 5050 2i.
2011 4997 2125 5066 27)
2155 5013 2168 5048 :
2203 4995 2518 5062 didicerant,
2559 4999 2701 5068 quod
2739 4999 2837 5067 ipsi
2873 5014 3088 5069 quoque
3113 5009 3240 5056 tunc
3267 5003 3470 5057 sessuri

1887 5100 2067 5145 essent
2089 5091 2299 5161 judices
2328 5091 2610 5147 duodecim
2642 5092 2875 5147 tribuum
2919 5092 3078 5149 Israel
3107 5094 3125 5166 (
3152 5094 3340 5151 Matth.
3376 5096 3466 5152 19.

1885 5180 1992 5253 28)
2022 5199 2035 5236 :
2062 5182 2359 5238 didicerant
2377 5182 2590 5238 Judaeos
2610 5183 2900 5252 ejiciendos
2925 5201 3065 5253 esse,
3095 5197 3255 5258 atque
3279 5203 3464 5243 eorum

1887 5275 2007 5328 loco
2038 5274 2373 5343 ingressuras
2405 5285 2591 5344 gentes
2617 5273 2783 5344 (Luc.
2809 5275 2900 5331 21.
2929 5275 3000 5331 24
3019 5276 3060 5348 ).
3106 5278 3324 5334 Discere
3350 5280 3466 5334 brec

1885 5367 2058 5420 futura
2084 5380 2226 5433 esse,
2253 5381 2503 5436 magnum
2534 5374 2638 5431 est;
2666 5365 2874 5422 discere
2891 5383 3018 5423 vero
3036 5410 3052 5434 ,
3091 5369 3324 5439 aliquem
3344 5386 3464 5424 esse

1884 5471 2246 5532 regnaturum,
2283 5469 2339 5516 et
2362 5462 2574 5533 quando
2608 5463 2661 5518 id
2695 5465 2924 5531 accidet,
2965 5481 3072 5520 non
3111 5467 3183 5521 ita
3209 5483 3458 5537 magnum

1883 5565 1984 5610 est.
2017 5555 2208 5610 Didicit
2234 5555 2429 5610 Paulus
2460 5573 2580 5627 qua:
2608 5571 2712 5611 nou
2744 5558 2940 5613 licebat
2966 5558 3169 5618 homini
3194 5561 3336 5627 loqui
3363 5562 3458 5630 (2.

1883 5646 2000 5700 Cor.
2027 5647 2113 5700 12.
2144 5648 2178 5702 4
2197 5647 2238 5718 ),
2259 5649 2437 5705 omnia
2464 5664 2582 5718 qua:
2605 5649 2860 5704 mundum
2889 5649 3028 5706 hunc
3050 5664 3455 5722 praecesserant.

1883 5737 2069 5793 Utrum
2113 5738 2320 5796 discere
2349 5739 2620 5795 difficilius
2643 5751 2763 5808 est,
2815 5743 3132 5814 principium
3154 5760 3219 5798 an
3247 5745 3406 5800 finem
3434 5748 3459 5800 ἶ)

1881 5829 2088 5898 Liquet,
2121 5830 2268 5898 prius
2287 5845 2406 5886 esse
2434 5830 2723 5888 difficilius.
2749 5834 2908 5904 Atqui
2937 5834 2986 5887 id
3015 5834 3224 5906 Moyses
3248 5837 3454 5904 didicit,

1878 5935 1930 5976 ct
1959 5923 2170 5992 quando
2198 5935 2250 5980 et
2279 5936 2480 5996 quanto
2511 5937 2634 5981 ante
2662 5937 2902 5996 tempore
2928 5926 3183 5992 declarat,
3208 5943 3330 5986 cum
3354 5943 3453 5984 an-
