4024 6568
552 460 623 517 2⁸1
1273 463 1330 518 5.
1369 463 1646 520 JOANNIS
1682 458 2158 517 CIIRYSOSTOMI
2204 459 2518 516 ARCIIIEP.
2548 462 3077 521 CONSTANTINOP.
3743 465 3805 522 28

554 595 650 633 nos
676 588 969 633 enumerat.
1034 579 1143 636 IIoc
1184 588 1238 632 et
1290 577 1544 633 Salomon
1589 576 1830 640 sciebat;
1864 574 1983 629 ideo
2008 573 2082 627 ait
2114 590 2127 624 :

551 670 962 727 Commemorabo
977 689 1055 740 ea,
1075 688 1190 743 qui:
1208 675 1414 746 fuerunt
1435 688 1467 724 a
1484 671 1667 725 saeculo
1686 668 1870 737 (Eccli.
1894 669 1981 723 5|.
2019 668 2128 737 II).

550 764 701 830 Quod
728 778 888 834 porro
918 765 1175 820 Dominus
1204 781 1369 836 prope
1396 763 1494 829 sit,
1551 763 1603 816 hi
1633 771 1815 832 postea
1846 767 2128 822 noverunt,

548 863 609 909 ut
662 865 715 909 et
772 856 987 921 Paulus,
1022 858 1108 927 qui
1155 858 1319 912 dicit:
1348 855 1595 909 Dominus
1651 870 1807 923 prope
1851 863 1952 917 est,
2001 851 2133 905 nihil

556 947 764 1003 solliciti
808 951 917 1005 sitis
966 949 1223 1021 (Philipp.
1251 952 1306 1005 4.
1336 951 1388 1005 5.
1418 950 1515 1021 6).
1561 948 1666 1004 Sed
1713 958 1836 1002 tunc
1880 961 1985 1000 non
2029 960 2131 998 no-

552 1052 772 1109 verant,
806 1044 1016 1098 tametsi
1046 1044 1194 1113 signa
1220 1044 1325 1113 jam
1362 1049 1698 1111 acceperant.
1755 1039 1999 1093 Christus
2028 1052 2129 1090 au-

551 1146 657 1189 tem
714 1143 771 1189 ut
826 1135 993 1201 dixit,
1043 1135 1165 1189 Non
1217 1142 1329 1204 post
1378 1136 1560 1189 multos
1614 1133 1706 1187 hos
1751 1132 1857 1185 dies
1888 1172 1903 1196 ,
1943 1128 2128 1183 volens

548 1227 669 1281 illus
713 1227 894 1296 vigiles
939 1242 1080 1295 esse,
1126 1243 1225 1283 nec
1253 1228 1526 1282 evidenter
1553 1241 1663 1280 rem
1693 1223 1980 1280 declaravit
2014 1240 2027 1275 :
2057 1221 2128 1275 ita

549 1328 604 1372 et
627 1334 765 1373 nunc
792 1318 935 1374 facit.
966 1320 1043 1374 Illi
1086 1330 1261 1374 autem
1306 1319 1388 1374 hic
1420 1334 1523 1372 non
1546 1318 1613 1372 de
1645 1316 2121 1376 consummatione,

546 1410 640 1465 sed
676 1410 743 1465 de
765 1427 931 1482 regno
964 1412 1329 1482 interrogant;
1368 1412 1595 1482 ideoque
1627 1410 1874 1465 dicebant
1906 1425 1920 1462 :
1962 1408 2023 1462 Si
2072 1407 2125 1459 in

551 1512 773 1571 tempore
826 1504 920 1557 hoc
981 1505 1210 1559 restitues
1275 1521 1483 1575 regnum
1543 1502 1709 1557 Israel
1742 1502 1795 1556 ’ἵ
1848 1501 1939 1555 Ille
1998 1514 2126 1554 vero

553 1610 725 1661 neque
776 1595 825 1649 id
870 1596 950 1651 eis
992 1597 1266 1652 revelavit.
1310 1597 1384 1651 De
1424 1595 1528 1651 ﬁne
1569 1605 1746 1650 autem
1786 1594 2011 1650 antehac
2046 1594 2125 1647 in-

546 1689 921 1760 terrngahant;
972 1689 1064 1746 sed
1110 1706 1214 1745 non
1255 1689 1698 1761 quemadmodum
1736 1689 1845 1743 illic
1886 1687 2125 1743 severius

544 1780 854 1850 respondit,
903 1781 1338 1844 abducensillos.
1387 1798 1453 1837 ue
1482 1790 1728 1853 putarent
1756 1781 2122 1836 liberationem

544 1888 665 1927 esse
694 1873 942 1940 vicinam,
977 1882 1031 1928 et
1057 1874 1285 1944 conjecit
1315 1876 1432 1929 illos
1464 1875 1513 1928 in
1546 1873 1780 1944 pericula
1813 1889 1825 1925 :
1857 1872 1927 1926 ita
1958 1880 2011 1926 et
2038 1870 2125 1925 hic

546 1964 691 2027 facit.
747 1965 840 2020 sed
888 1968 1233 2021 mansuetius.
1265 1965 1341 2022 Ne
1363 1974 1608 2037 putarent
1629 1965 1768 2020 enim
1796 1963 1896 2017 sibi
1931 1970 2122 2018 contu-

549 2060 759 2112 mi-Iiam
801 2057 1017 2122 inferri,
1066 2074 1199 2115 neve
1228 2059 1511 2115 crederent
1552 2058 1663 2112 hmc
1690 2057 1938 2111 obtentus
1980 2068 2119 2117 esse,

545 2150 665 2206 audi
696 2152 964 2220 quomodo
991 2154 1168 2206 statim
1194 2153 1297 2207 illis
1324 2152 1639 2221 polliceatur
1664 2165 1722 2204 se
1750 2148 1945 2218 aliquid
1970 2146 2125 2201 datu-

542 2259 680 2308 rmn,
710 2244 776 2299 de
796 2260 901 2314 quo
925 2245 1236 2315 gauderent.
1263 2243 1500 2313 Subjecit
1530 2244 1685 2313 igitur
1724 2259 1736 2294 :
1763 2241 1815 2296 8.
1852 2239 1957 2295 Sed
1983 2240 2119 2293 acci-

542 2336 687 2404 pietis
712 2337 943 2390 virtutem
974 2337 1365 2406 supervenientis
1392 2336 1443 2388 in
1478 2351 1563 2388 vos
1591 2332 1817 2404 Spiritus
1858 2332 2040 2393 sancti,
2075 2341 2122 2383 et

539 2426 676 2479 eritis
698 2426 821 2479 nti/ti
847 2435 992 2480 testes
1014 2427 1065 2481 in
1085 2425 1387 2491 Jerusalem,
1412 2435 1459 2479 et
1485 2425 1535 2477 in
1558 2424 1692 2478 onmi
1719 2421 1927 2489 Judwa,
1954 2431 1999 2474 et
2021 2420 2123 2475 Sa-

542 2517 723 2583 maria,
760 2523 807 2570 et
833 2533 989 2588 usque
1016 2517 1083 2569 ad
1113 2518 1346 2571 ultintum
1390 2526 1553 2570 terrm.
1602 2516 1799 2570 Deinde
1832 2530 1899 2569 ne
1936 2528 2120 2567 rursus

544 2609 713 2676 ipsum
732 2609 1141 2680 interrogarent,
1158 2609 1334 2663 statim
1348 2618 1650 2677 assumptus
1662 2606 2122 2673 est.Qucmadmo-

540 2700 665 2753 dum
691 2700 849 2771 igitur
872 2701 977 2755 illic
991 2709 1133 2755 metu
1158 2700 1301 2770 ipsos
1323 2699 1713 2765 obtenebravit,
1732 2715 1853 2755 cum
1881 2700 2032 2763 dixit,
2060 2713 2119 2755 se

544 2792 750 2847 nescire
781 2811 794 2847 :
824 2792 901 2847 sic
928 2801 983 2848 et
1013 2793 1112 2847 hoc
1133 2793 1248 2847 loco
1265 2793 1443 2847 statim
1473 2803 1797 2861 assumptus,
1822 2802 1880 2846 ut
1903 2790 2116 2847 dicitur.

543 2884 703 2939 Multo
734 2901 961 2956 namque
989 2886 1065 2941 rei
1089 2885 1353 2941 desiderio
1380 2888 1715 2950 tenebantur,
1750 2902 1921 2957 neque
1948 2888 2118 2943 desti-

545 2977 840 3040 tissent;ac
870 2992 1086 3033 necesse
1107 2977 1389 3032 admodum
1411 2986 1543 3043 erat,
1571 2994 1637 3033 ne
1658 2979 1855 3034 scirent
1880 2979 1951 3044 id,
1976 2978 2118 3049 quod

543 3068 681 3122 scire
705 3067 1009 3137 cupiebant.
1056 3068 1148 3123 Dic
1171 3069 1312 3124 enim
1337 3069 1486 3135 mihi,
1526 3070 1651 3140 quid
1684 3071 1858 3125 minus
1896 3071 2120 3126 credunt

540 3158 785 3227 gentiles,
812 3174 880 3213 an
901 3159 1126 3214 futuram
1154 3162 1686 3227 consummationem,
1719 3176 1785 3216 an
1812 3162 1954 3232 quod
1981 3164 2118 3216 Deus

545 3249 706 3303 Immo
735 3249 901 3305 lactus
926 3252 1098 3326 sit,_et
1126 3266 1190 3307 ex
1223 3251 1452 3323 Virginis
1476 3262 1627 3308 uteio
1653 3254 1927 3323 prodierit,
1960 3262 2118 3324 atque

542 3362 664 3401 cum
693 3356 853 3401 carne
881 3343 950 3398 ab
980 3345 1284 3402 hominibus
1316 3349 1460 3401 visus
1505 3348 1573 3403 sit
1601 3348 1622 3400 ?
1666 3362 1842 3402 annon
1891 3346 1991 3403 hoc
2021 3364 2117 3418 po-

544 3440 833 3495 stremum?
848 3441 925 3496 Ita
939 3450 1084 3497 certe
1098 3441 1244 3495 dictu
1255 3442 1640 3501 ruses.Verum
1655 3439 1919 3509 pudetme
1933 3438 2029 3492 hac
2049 3437 2118 3494 de

540 3544 598 3583 re
626 3543 769 3599 smpe
796 3529 1126 3600 loqui,quasi
1152 3528 1221 3585 de
1249 3531 1461 3601 negotio
1486 3529 1737 3600 quopiam
1759 3529 2113 3586 indili‘erente.

543 3620 838 3677 Rursusne
864 3621 1122 3690 dicerent,
1166 3619 1274 3677 Cur
1317 3638 1433 3679 rem
1466 3621 1795 3693 suspendis?
1848 3622 1943 3689 ait,
1991 3621 2117 3687 Quia

544 3709 701 3767 Pater
730 3718 893 3783 posutt
920 3714 971 3768 in
998 3730 1091 3768 sua
1109 3723 1372 3780 potestate.
1425 3715 1581 3785 Atqui
1610 3729 1713 3769 una
1749 3722 1833 3769 est
1861 3714 2034 3768 Patris
2063 3723 2117 3769 et

540 3805 659 3861 Filii
691 3815 944 3876 potestas,
974 3816 1032 3861 ut
1058 3821 1179 3863 cum
1208 3807 1339 3862 dicit
1366 3806 1547 3862 :Sicut
1564 3808 1693 3861 enim
1715 3805 1869 3861 Pater
1892 3816 2115 3861 mortuos

534 3898 741 3952 suscitat
763 3907 812 3952 et
831 3898 1062 3967 viviﬁcat,
1093 3899 1164 3952 ita
1181 3908 1227 3953 et
1249 3898 1416 3953 Filius
1433 3915 1557 3969 quos
1573 3900 1676 3953 vult
1695 3899 1909 3967 viviﬁcat
1934 3899 2110 3970 (Joan.

542 3989 598 4046 ὅ.
631 3991 746 4062 2|).
793 3990 849 4045 Si
899 4005 1019 4045 cum
1067 3991 1279 4060 operari
1325 3998 1558 4060 oportet,
1605 4004 1725 4044 cum
1779 3989 1964 4045 eadem
2007 3991 2116 4061 agit

536 4092 836 4152 potestate,
888 4098 1067 4137 annon
1131 4097 1255 4137 cum
1320 4083 1461 4138 scire
1510 4082 1784 4153 quidpiam
1839 4092 2096 4153 oportet,

533 4190 654 4230 cum
701 4174 890 4229 eadem
938 4175 1041 4229 scit
1090 4176 1399 4244 potestate?
1442 4177 1691 4230 Attamen
1742 4177 1898 4245 longe
1940 4175 2112 4245 majus

532 4277 617 4323 est
644 4276 882 4322 mortuos
909 4268 1188 4332 suscitare,
1228 4283 1386 4338 quam
1416 4267 1554 4323 scire
1581 4268 1722 4322 illam
1749 4268 1913 4324 diem.
1958 4269 2112 4337 Quod

534 4361 581 4415 si
609 4359 681 4421 id,
705 4358 848 4429 quod
869 4361 1041 4428 majus
1059 4369 1161 4425 est,
1188 4373 1309 4414 cum
1338 4367 1596 4430 potestate
1612 4358 1757 4427 facit,
1776 4374 1952 4415 annon
1975 4360 2111 4415 mul-

534 4460 591 4506 to
620 4450 789 4520 magis
815 4450 974 4506 faciet
998 4460 1052 4506 et
1071 4450 1343 4505 alterum?

601 4544 657 4600 2.
698 4544 895 4599 Verum
944 4553 1002 4599 ut
1047 4560 1160 4599 rem
1202 4544 1438 4609 discatis,
1466 4544 1711 4614 exemplo
1755 4544 1907 4599 vobis
1959 4544 2103 4600 illam

531 4637 836 4694 declarabo.
863 4638 1015 4695 Sicut
1056 4652 1176 4693 eum
1206 4637 1458 4693 infantem
1497 4638 1738 4693 videmus
1770 4639 2064 4708 plorantem
2086 4680 2103 4705 ,

531 4747 596 4788 ac
620 4746 764 4802 smpe
783 4730 1051 4801 quidpiam
1077 4744 1108 4785 a
1137 4729 1290 4785 nobis
1312 4737 1579 4799 petentem
1602 4729 1703 4784 sibi
1728 4744 1832 4784 non
1855 4744 2105 4786 necessa-

503 4825 689 4892 .rium,
722 4823 775 4879 id
805 4823 1134 4878 occultemus
1157 4864 1173 4890 ,
1205 4837 1505 4892 vacuasque
1535 4822 1607 4877 illi
1648 4838 1836 4901 manus
1865 4823 2104 4880 ostendi-

526 4934 668 4984 mus,
715 4917 996 4981 dicentes,
1051 4914 1190 4971 Ecce
1245 4931 1350 4969 non
1404 4914 1705 4971 habemus:
1767 4917 1837 4970 ita
1891 4926 1945 4971 et
1990 4917 2106 4988 ipse

525 5008 781 5079 apostolis
809 5009 953 5064 fecit.
980 5007 1175 5063 Verum
1203 5016 1263 5062 ut
1306 5008 1479 5063 infans
1520 5007 1609 5063 ille
1631 5048 1646 5073 ,
1676 5008 1722 5063 si
1748 5009 1880 5063 nihil
1923 5020 2108 5066 osten—

524 5101 733 5165 damus,
762 5100 922 5155 instat
952 5101 1236 5170 plorando,
1271 5116 1331 5155 se
1371 5100 1614 5155 delusum
1650 5101 1867 5169 videns,
1900 5119 2102 5174 nosque

524 5191 853 5247 discedlmus
894 5192 1173 5246 dicentes:
1211 5191 1377 5247 Vocat
1424 5207 1511 5248 me
1551 5193 1813 5262 quiSpiam
1837 5234 1852 5259 ,
1884 5204 1938 5249 et
1984 5195 2100 5264 ejus

522 5287 666 5359 quod
711 5288 924 5357 petebat
964 5288 1121 5351 loco,
1150 5286 1291 5341 aliud
1336 5287 1606 5358 quidpiam
1654 5288 1729 5343 illi
1775 5286 2006 5356 damus,
2041 5300 2101 5344 ut

522 5396 643 5436 eum
673 5395 704 5435 a
735 5378 823 5433 tali
849 5378 1112 5433 desiderio
1141 5392 1424 5433 avocemus
1447 5420 1463 5445 ,
1491 5388 1546 5434 et
1569 5378 1846 5434 laudantes
1876 5379 1926 5433 id
1955 5380 2097 5450 quod

523 5473 713 5527 damus
738 5487 848 5542 pra:
880 5486 940 5527 re
983 5470 1225 5540 quazsita,
1252 5469 1427 5525 statim
1465 5487 1562 5526 nos
1604 5471 1949 5527 subducimus
1980 5490 1993 5526 :
2020 5474 2099 5529 sic

523 5569 647 5624 fecit
674 5566 940 5625 Christus.
964 5564 1040 5621 Illi
1066 5564 1308 5634 accipere
1328 5564 1636 5633 quaerebant
1663 5582 1677 5630 ;
1707 5566 1792 5620 hic
1812 5581 1871 5621 se
1903 5566 2097 5620 habere

523 5662 754 5733 negavit.
796 5660 1046 5715 Attamen
1091 5656 1264 5727 primo
1307 5656 1605 5721 deterruit;
1646 5666 1705 5711 nt
1742 5659 1863 5727 quia
1914 5673 2097 5712 rursus

585 5825 602 5855 ί
636 5824 690 5873 In
714 5819 888 5871 savllio
922 5820 995 5869 sic
1020 5819 1238 5877 legitur:
1268 5815 1343 5866 Illi
1382 5820 1541 5865 autem
1573 5828 1665 5864 non
1702 5814 1764 5865 (ie
1794 5828 2092 5865 consumma-

512 5894 635 5940 ιιοηε
663 5886 975 5948 interrogant,
1002 5884 1132 5943 scim
1153 5879 1201 5931 si
1221 5878 1271 5930 in
1303 5886 1511 5941 tempore
1535 5877 1624 5927 hoc
1652 5876 1869 5929 restitues
1894 5890 2094 5942 regnum

515 5958 701 6006 Israel?
720 5963 742 5990 υ

2243 573 2571 643 quairebant,
2601 576 2788 631 iterum
2832 578 2959 633 dixit
2987 593 3046 633 se
3089 595 3195 635 non
3227 580 3445 637 habere.
3474 581 3667 637 Verum
3707 580 3805 651 jam

2245 680 2351 718 non
2385 666 2611 729 territat,
2647 669 2739 723 sed
2779 680 3056 739 postquam
3099 670 3331 726 ostendit
3358 670 3408 726 id
3432 672 3573 741 quod
3605 672 3803 733 fecerat,

2241 755 2397 811 all‘ert
2448 758 2773 825 probabilem
2814 775 3062 826 causam;
3098 760 3283 824 Pater,
3311 763 3515 830 inquit,
3560 763 3719 832 posuit
3757 761 3803 815 in

2242 860 2608 919 suapotestate.
2641 852 2776 919 Quid
2814 855 2977 924 ergo?
3004 870 3070 909 an
3103 869 3156 910 tu
3186 855 3359 912 nescis
3389 872 3472 919 ea,
3499 873 3617 926 qua:
3648 857 3803 912 Patris

2240 943 2399 994 sunt?
2425 959 2491 996 an
2522 944 2692 1013 ipsum
2725 949 2884 1011 nosti,
2915 959 2969 1002 et
2997 964 3115 1018 quae
3142 949 3258 1017 ejus
3297 960 3420 1004 sunt
3452 951 3697 1019 ignoras?
3724 951 3803 1005 Di-

2241 1033 2360 1085 xisti
2394 1050 2407 1086 :
2441 1032 2605 1088 Nemo
2634 1039 2769 1090 novit
2792 1036 2999 1093 Patrem
3024 1040 3123 1094 nisi
3153 1039 3321 1094 Filius
3349 1043 3367 1111 (
3397 1041 3517 1096 Luc.
3551 1042 3635 1095 IO.
3662 1041 3725 1096 2i
3750 1043 3802 1112 );

2239 1134 2312 1189 et,
2356 1126 2581 1195 Spiritus
2607 1131 2776 1182 omnia
2804 1140 3055 1184 scrutatur
3079 1174 3093 1194 ,
3128 1135 3275 1186 etiam
3307 1136 3563 1204 profunda
3591 1134 3683 1188 Dei
3710 1136 3725 1198 (
3755 1137 3802 1189 I.

2238 1215 2356 1270 Cor.
2385 1217 2436 1270 2.
2476 1219 2536 1274 I0
2565 1220 2582 1289 )
2607 1238 2618 1285 ;
2648 1230 2700 1275 et
2728 1236 2782 1274 ιιι
2812 1239 2877 1277 ne
2910 1223 3007 1278 hoc
3054 1224 3266 1294 quidem
3300 1226 3475 1281 nosti?
3502 1227 3668 1281 Absit.
3699 1227 3804 1282 Nan

2238 1318 2293 1361 ut
2339 1310 2437 1365 hoc
2463 1314 2792 1382 suspicemur
2818 1356 2833 1380 ,
2869 1316 2937 1369 ita
2971 1317 3218 1386 loquutus
3246 1328 3357 1381 est;
3388 1320 3480 1374 sed
3513 1334 3571 1374 se
3613 1320 3805 1375 nescire

2237 1400 2470 1465 simulat,
2528 1414 2587 1459 ut
2644 1406 2764 1460 illos
2824 1408 2893 1461 ab
2957 1409 3325 1480 intempestiva
3379 1412 3671 1482 quaestione
3719 1413 3803 1465 ah-

2236 1491 2413 1547 ducat.
2448 1495 2563 1551 Non
2611 1501 2725 1553 ausi
2756 1510 2882 1557 sunt
2923 1518 3051 1573 ergo
3100 1505 3292 1559 iterum
3342 1506 3689 1575 interrogare,
3741 1521 3805 1561 ne

2236 1583 2521 1641 audirent:
2560 1586 2625 1642 Et
2668 1605 2755 1645 vos
2796 1592 3085 1663 insipientes
3130 1596 3246 1648 estis
3276 1594 3505 1666 (Matth.
3540 1597 3625 1652 15.
3663 1596 3805 1665 I6)?

2234 1673 2398 1729 Multo
2450 1679 2590 1733 enim
2644 1683 2811 1751 magis
2860 1684 3003 1738 illum
3054 1701 3194 1740 nunc
3251 1687 3598 1751 metuebant,
3654 1703 3803 1758 quam

2234 1776 2410 1820 antea.
2469 1768 2575 1824 Sed
2627 1775 2882 1844 accipietis
2951 1777 3181 1830 virtutem
3234 1781 3627 1849 supervenientis
3681 1780 3803 1848 Spi-

2234 1860 2360 1913 ritus
2411 1864 2574 1917 sancti
2622 1866 2675 1918 in
2724 1883 2809 1921 vos
2840 1867 2859 1939 (
2892 1868 3055 1922 Marc.
3089 1871 3141 1924 7.
3171 1871 3238 1925 18
3270 1876 3308 1941 j.
3358 1871 3805 1939 Quemadmodum

2233 1954 2374 2007 enim
2428 1955 2536 2011 illic
2590 1973 2696 2013 non
2748 1960 2816 2015 ad
2868 1962 3186 2034 interrogata
3244 1966 3519 2034 respondit
3573 1966 3801 2039 (docto-

2233 2045 2306 2098 ris
2353 2047 2494 2100 enim
2542 2059 2658 2117 est,
2692 2066 2798 2106 non
2846 2053 2987 2123 quod
3042 2056 3155 2110 vult
3201 2055 3515 2127 discipulus,
3548 2058 3641 2113 sed
3671 2058 3804 2128 quod

2235 2137 2333 2205 ipsi
2366 2142 2596 2210 expedit,
2623 2144 2821 2201 docere
2845 2147 2862 2215 )
2888 2164 2901 2200 :
2936 2149 3004 2201 ita
3032 2157 3086 2204 et
3115 2165 3272 2214 nunc,
3301 2166 3419 2220 quat
3446 2151 3652 2207 discere
3678 2167 3805 2221 opus

2233 2241 2347 2284 erat
2387 2234 2658 2302 praedicit,
2698 2252 2765 2293 ne
2819 2238 3139 2294 turbentur:
3170 2240 3395 2296 fortasse
3442 2243 3566 2314 quia
3616 2243 3804 2297 inﬁrmi

2231 2333 2404 2379 erant.
2429 2325 2499 2382 Ut
2529 2337 2704 2383 autem
2735 2330 2980 2385 ﬁduciam
3012 2332 3180 2396 iudat,
3213 2334 3448 2404 ipsorum
3478 2336 3683 2390 animos
3704 2336 3806 2391 eri-

2229 2416 2301 2484 git
2326 2459 2341 2483 ,
2366 2428 2419 2471 et
2447 2434 2673 2476 onerosa
2707 2425 2863 2478 texit.
2890 2424 3021 2493 Quia
3069 2427 3210 2481 enim
3241 2428 3400 2499 paqu
3430 2437 3548 2499 post
3577 2430 3695 2484 illos
3722 2445 3806 2485 re-

2230 2506 2450 2563 licturus
2471 2522 2607 2575 erat,
2629 2512 2759 2568 nihil
2784 2515 2910 2583 ipsis
2936 2532 3186 2586 asperum
3210 2519 3525 2587 simpliciter
3550 2520 3802 2591 loquitur;

2230 2598 2322 2652 sed
2351 2601 2515 2669 quid?
2544 2602 2675 2657 Cum
2705 2605 2935 2661 admixta
2967 2608 3122 2665 laude
3150 2612 3370 2666 molesta
3403 2612 3607 2683 mitigat
3633 2628 3647 2679 ;
3678 2629 3737 2669 ac
3761 2615 3806 2669 si

2229 2690 2431 2747 diceret
2458 2709 2471 2746 :
2502 2694 2579 2749 Ne
2609 2698 2869 2767 timeatis;
2895 2714 3017 2754 nam
3060 2702 3332 2770 Accipietis
3370 2705 3602 2759 virtutem
3628 2722 3809 2759 strver-

2230 2786 2469 2840 venientis
2507 2788 2733 2859 Spiritus
2770 2793 2931 2846 sancti
2956 2794 3007 2846 in
3035 2810 3138 2859 vos,
3166 2805 3214 2849 et
3242 2796 3380 2849 eritis
3418 2797 3543 2850 mihi
3585 2801 3727 2851 testes
3754 2799 3809 2852 in

2228 2876 2512 2934 Jerusalem
2536 2922 2551 2946 ,
2584 2892 2633 2935 et
2656 2882 2709 2937 in
2734 2885 2872 2938 omni
2893 2884 3079 2940 Judtea
3099 2928 3114 2950 ,
3139 2898 3184 2941 et
3210 2886 3468 2943 Samaria.
3492 2888 3623 2957 Quia
3666 2891 3807 2944 enim

2229 2968 2475 3036 dixerat,
2501 2971 2565 3027 In
2595 2976 2727 3028 viam
2750 2978 2974 3047 gentium
3018 2995 3080 3032 ne
3129 2978 3368 3043 abieritis,
3394 2990 3439 3034 et
3478 2983 3531 3034 in
3559 2982 3811 3035 civitatem

2229 3061 2668 3118 Samaritanorum
2711 3083 2773 3119 nc
2814 3070 3116 3124 intraveritis
3143 3070 3163 3140 (
3189 3069 3374 3124 Matth.
3408 3073 3495 3128 10.
3526 3072 3643 3140 5);
3671 3089 3813 3130 nunc

2231 3169 2361 3210 vero
2386 3155 2499 3211 vult
2536 3172 2629 3212 eos
2660 3159 2947 3228 prmdicare
2979 3163 3029 3216 iu
3053 3163 3197 3217 omni
3222 3163 3405 3219 Jud:ea
3445 3175 3497 3221 et
3525 3164 3763 3222 Samaria
3790 3184 3808 3233 ;

2227 3264 2345 3318 qua:
2378 3260 2502 3306 tunc
2528 3268 2633 3308 non
2660 3255 2885 3320 dixerat,
2914 3258 2998 3313 hic
3036 3259 3272 3327 addidit,
3307 3260 3372 3315 Et
3400 3278 3554 3330 usque
3590 3262 3659 3316 ad
3683 3264 3811 3316 ulti-

2226 3357 2365 3395 mum
2395 3353 2559 3399 term.
2595 3345 2678 3411 Et,
2728 3349 2868 3419 quod
2915 3353 3152 3405 omnium
3198 3352 3647 3408 terribilissimum
3690 3364 3813 3410 erat

2222 3435 2495 3504 loquutus,
2530 3453 2597 3491 ne
2629 3455 2812 3495 rursus
2842 3442 2987 3496 illum
3030 3444 3456 3514 interrogarent,
3486 3445 3539 3500 9.
3583 3443 3817 3500 Videnti-

2225 3524 2317 3580 bus
2362 3527 2465 3582 illis
2505 3530 2724 3584 elevatus
2762 3542 2871 3600 est,
2905 3543 2950 3587 et
2981 3534 3136 3589 nubes
3162 3536 3377 3605 suscepit
3406 3553 3517 3590 eum
3559 3536 3621 3590 ab
3646 3539 3815 3593 oculis

2225 3633 2418 3672 eorum.
2448 3619 2635 3676 Viden‘
2664 3638 2757 3677 eos
2798 3626 3118 3693 praedicasse
3154 3636 3208 3681 et
3238 3627 3543 3697 implevisse
3572 3644 3812 3698 evange-

2225 3712 2397 3767 lium?
2424 3713 2561 3771 Vere
2607 3731 2718 3771 rem
2754 3733 2994 3788 magnam
3027 3719 3172 3774 dedit
3221 3720 3344 3775 illis.
3380 3720 3474 3776 Ubi
3508 3721 3764 3776 timuistis
3792 3764 3811 3787 ,

2226 3804 2430 3875 inquit,
2463 3822 2655 3879 nempe
2682 3808 3029 3881 Jerosolymze
3055 3852 3069 3876 ,
3104 3812 3172 3866 ibi
3206 3812 3378 3881 primo
3408 3813 3691 3882 praedicate
3711 3856 3728 3879 ,
3755 3824 3814 3870 et

2226 3908 2409 3966 postea
2438 3912 2603 3969 usque
2641 3900 2705 3955 ad
2731 3902 2971 3957 ultimum
3006 3912 3180 3957 terra}.
3215 3903 3418 3959 Deinde
3443 3903 3508 3958 ad
3536 3905 3692 3960 Iidem
3722 3906 3813 3959 fa-

2222 3988 2463 4043 ciendam
2494 3991 2574 4053 iis,
2599 4008 2716 4061 quae
2744 3992 2970 4060 dixerat,
3012 3994 3302 4049 valentibus
3326 3997 3429 4051 illis
3458 3999 3675 4051 elevatus
3705 4008 3809 4064 est,

2223 4082 2411 4149 inquit.
2438 4082 2552 4137 Non
2584 4084 2688 4139 illis
2727 4084 3029 4141 videntibus
3058 4088 3382 4152 resurrexit,
3410 4089 3537 4153 sed,
3563 4088 3683 4144 Illis
3726 4092 3815 4144 vi-

2222 4175 2449 4230 dentibus
2474 4177 2695 4232 elevatus
2718 4186 2825 4240 est;
2855 4179 2974 4247 quia
3005 4194 3179 4249 neque
3222 4188 3468 4248 aspectus
3499 4181 3583 4235 hic
3621 4182 3811 4236 omnia

2221 4270 2409 4338 potuit.
2436 4267 2569 4323 Nam
2623 4269 3028 4325 resurrectionis
3076 4272 3230 4326 linem
3280 4271 3559 4337 viderunt,
3589 4273 3816 4328 initium

2221 4378 2324 4416 non
2354 4362 2515 4427 item;
2547 4363 2927 4433 assumptionis
2978 4378 3104 4418 vero
3145 4363 3351 4417 initium
3397 4363 3661 4430 viderunt,
3690 4381 3812 4419 nun

2218 4468 2347 4507 vero
2373 4454 2555 4508 ﬁnem.
2589 4452 2777 4508 Inutile
2822 4469 3050 4523 namque
3094 4454 3277 4508 fuisset
3322 4455 3374 4508 in
3405 4457 3818 4510 resurrectione

2218 4545 2427 4600 initium
2461 4546 2661 4612 videre,
2694 4547 2809 4615 ipso
2839 4556 3103 4616 przesente
3130 4549 3218 4617 qui
3243 4546 3354 4601 haec
3383 4548 3713 4617 loqueretur,
3749 4556 3818 4602 et

2216 4641 2462 4711 sepulcro
2478 4642 2793 4697 testiﬁcante
2815 4642 2984 4711 ipsum
3012 4642 3080 4695 ibi
3098 4642 3207 4711 jam
3230 4655 3333 4695 non
3358 4656 3477 4695 esse
3510 4657 3523 4694 :
3556 4640 3647 4695 sed
3674 4655 3818 4709 qua:

2215 4733 2630 4803 assumptionem
2681 4742 2901 4803 sequuta
2949 4740 3093 4797 sunt,
3116 4732 3280 4787 verbo
3329 4732 3536 4785 discere
3580 4741 3819 4800 Oporte-

2212 4824 2322 4879 bat.
2350 4825 2484 4891 Quia
2514 4824 2655 4877 enim
2687 4839 2790 4877 non
2826 4825 3069 4891 poterant
3097 4822 3238 4877 oculi
3263 4822 3326 4875 ad
3360 4830 3557 4875 tantam
3587 4823 3815 4891 pertin-

2209 4931 2337 4985 gere
2362 4915 2754 4979 celsitudinem,
2784 4930 2881 4969 nec
2908 4913 3103 4969 docere
3132 4929 3198 4967 an
3225 4913 3275 4967 in
3307 4913 3518 4977 caelum,
3548 4929 3613 4965 an
3637 4914 3816 4981 quasi

2210 5010 2266 5064 in
2294 5008 2480 5063 c:elum
2507 5006 2827 5071 ascenderit,
2859 5006 2980 5060 vide
3004 5005 3127 5074 quid
3158 5005 3350 5058 factum
3378 5006 3467 5057 sit.
3495 5002 3646 5070 Quod
3678 5006 3824 5073 ipso

2208 5100 2364 5156 Jesns
2407 5110 2587 5164 esset,
2638 5099 2878 5153 sciebant
2905 5113 2969 5152 ex
2997 5098 3059 5151 iis
3082 5137 3098 5161 ,
3129 5112 3247 5165 qua;
3273 5096 3338 5149 ad
3367 5096 3512 5165 ipsos
3541 5096 3824 5163 loquutus

2210 5197 2406 5255 fuerat;
2456 5194 2634 5263 procul
2664 5208 2791 5246 vero
2822 5192 3048 5259 positum
3082 5206 3186 5243 non
3227 5196 3472 5259 poterant
3496 5188 3664 5242 oculis
3698 5202 3824 5241 co-

2206 5304 2466 5360 guoscere
2494 5305 2507 5351 ;
2539 5286 2680 5357 quod
2713 5296 2891 5340 autem
2935 5284 2986 5338 iu
3032 5284 3219 5338 czelum
3251 5290 3531 5351 susceptus
3569 5290 3658 5347 su,
3693 5280 3826 5350 ipsi

2207 5390 2390 5451 postea
2415 5379 2717 5433 docuerunt
2739 5375 3075 5447 angeli.Vide
3103 5374 3372 5445 quomodo
3397 5374 3669 5444 provisum
3704 5374 3829 5441 sit,

2206 5483 2264 5529 ut
2291 5488 2395 5527 non
2421 5472 2619 5543 Spiritu
2643 5471 2821 5526 omnia
2845 5510 2860 5535 ,
2888 5468 2981 5524 sed
3007 5469 3249 5539 quzedam
3284 5468 3453 5521 oculis
3495 5482 3829 5523 cerneren-

2206 5576 2309 5620 tur.
2340 5565 2449 5620 Cur
2472 5573 2650 5619 autem
2678 5563 2849 5618 nubes
2877 5562 3110 5631 suscepit
3136 5559 3302 5616 eum?
3329 5561 3441 5615 Hoc
3468 5575 3686 5630 quoque
3724 5561 3781 5615 si
3802 5588 3833 5599 ο

2204 5672 2365 5727 gnum
2394 5664 2529 5717 erat,
2552 5655 2726 5723 ipsum
2751 5653 3059 5708 ascendisse
3089 5653 3140 5705 in
3170 5652 3379 5706 uelum.
3401 5652 3516 5705 Non
3546 5652 3712 5721 ignis,
3751 5662 3837 5708 ut

2207 5751 2396 5815 Eliam,
2427 5762 2601 5817 neque
2625 5761 2813 5801 currus
2842 5746 3026 5815 igneus
3052 5744 3070 5813 (
3088 5745 3141 5798 4.
3174 5742 3301 5814 Reg.
3330 5743 3385 5796 2.
3410 5744 3469 5798 il
3497 5744 3540 5812 ),
3566 5740 3660 5796 sed
3696 5759 3833 5795 nu-

2208 5842 2301 5895 bes
2331 5840 2564 5908 suscepit
2602 5854 2760 5901 eum;
2797 5836 2939 5908 quod
2968 5846 3084 5890 erat
3111 5837 3227 5892 caeli
3256 5835 3557 5907 symbolum
3582 5876 3597 5898 ,
3627 5844 3695 5887 ut
3730 5835 3837 5890 ait

2205 5929 2487 6001 propheta,
2526 5930 2624 5996 Qui
2652 5930 2817 6001 posuit
2843 5929 2898 5982 in
2945 5927 3075 5982 nube
3125 5944 3386 5983 ascensum
3429 5924 3833 6000 suum(Psal.
