4024 6536
217 446 277 502 29
1230 441 1296 500 ΙΝ
1331 440 1512 498 ACTA
1552 437 2317 500 APOSTOLORUMJIOMIL.
2354 444 2420 503 ll.
3406 456 3487 516 ω

219 567 330 622 105.
360 564 417 638 3)
453 584 459 589 ε
488 578 809 634 quamquam
849 562 954 619 hoc
993 561 1060 618 de
1088 561 1248 617 Patre
1288 561 1489 617 dictum
1531 568 1634 616 est.
1664 558 1789 614 Ideo

219 659 357 726 dicit,
380 660 434 713 ln
480 659 645 723 nube,
677 658 958 713 declarans
985 656 1037 709 id
1083 670 1204 710 esse
1230 654 1285 709 in
1320 653 1565 726 symbolo
1593 652 1787 707 divina:

220 752 454 820 potentias
487 770 500 806 :
536 766 711 818 neque
752 750 895 803 enim
927 748 1028 801 alia
1057 748 1223 801 virtus
1254 746 1362 800 ulla
1411 746 1461 800 in
1489 744 1628 799 nube
1654 759 1785 798 con-

218 845 445 910 spicitur.
499 842 635 896 Audi
691 856 877 895 rursus
932 839 1057 909 quid
1108 838 1245 893 alius
1292 837 1550 909 propheta
1596 836 1784 891 dicat:

216 936 453 990 Dominus
472 934 608 989 sedet
631 950 784 1003 super
805 934 983 987 nubem
1013 931 1167 985 levem
1193 929 1345 1001 (Isai.
1376 930 1464 985 19.
1492 929 1569 999 1).

273 1030 325 1084 5.
368 1027 504 1082 Cum
530 1041 659 1098 ergo
684 1026 753 1080 de
779 1041 838 1079 re
861 1066 877 1092 ,
910 1038 1069 1095 quam
1106 1022 1465 1078 necessariam
1509 1019 1784 1090 putabant.

212 1125 633 1191 interrogarent,
681 1133 911 1188 cumque
953 1116 1109 1171 dictis
1154 1114 1438 1170 admodum
1485 1112 1671 1168 intenti
1698 1126 1787 1166 es-

209 1225 314 1267 sent
337 1255 353 1277 ,
388 1222 442 1268 et
488 1211 741 1267 concitati
788 1224 886 1265 nec
927 1208 1284 1263 dormitantes
1307 1249 1324 1274 ,
1356 1208 1458 1262 hoc
1485 1206 1696 1261 accidit.
1731 1205 1788 1259 ln

208 1315 386 1359 nmnte
435 1318 648 1375 quoque
704 1302 871 1356 nubes
922 1309 1139 1370 propter
1188 1301 1359 1369 ipsum
1401 1308 1536 1364 erat,
1580 1297 1790 1367 quando

207 1399 411 1467 Moyses
442 1398 715 1467 ingressus
756 1404 839 1450 est
891 1396 947 1449 in
993 1394 1272 1464 caliginem
1300 1395 1320 1462 (
1351 1392 1519 1447 Exod.
1546 1394 1632 1448 55.
1659 1394 1691 1447 9
1723 1392 1742 1461 )
1771 1406 1785 1457 ;

205 1491 290 1545 sed
316 1507 425 1545 non
456 1501 677 1559 pr0pter
702 1490 850 1543 illum
881 1488 1050 1543 nubes
1076 1494 1211 1542 erat.
1243 1486 1339 1542 Ille
1360 1502 1486 1542 vero
1526 1501 1630 1541 non
1658 1486 1789 1540 sim-

207 1583 417 1650 pliciter
442 1583 597 1641 dixit,
636 1580 802 1644 Vada,
832 1596 900 1635 ne
941 1595 1151 1635 rursum
1189 1578 1473 1644 dolerent;
1503 1579 1596 1633 sed
1636 1577 1786 1641 dixit,

207 1674 461 1743 Spiritum
513 1672 887 1745 mitto(Joan.
918 1673 1005 1727 16.
1048 1674 1102 1728 5.
1154 1672 1261 1743 7).
1314 1671 1466 1739 Quod
1511 1681 1685 1725 autem
1738 1671 1788 1725 in

204 1766 389 1820 caelum
417 1765 627 1829 abiret,
661 1764 790 1834 ipsis
823 1764 992 1819 oculis
1021 1763 1342 1817 didicerunt.
1369 1763 1525 1832 Papae
1544 1805 1557 1826 ,
1591 1770 1790 1832 quanto

204 1856 511 1926 spectaculo
558 1855 759 1925 dignati
804 1856 963 1909 sunt!
993 1854 1080 1909 10.
1115 1853 1337 1923 Cumque
1359 1854 1691 1919 intuerentur,
1713 1854 1790 1906 in-

202 1955 329 2020 quit,
365 1952 421 2004 in
450 1950 632 2005 caelum
671 1962 868 2005 euntem
894 1950 1038 2004 illum
1056 1993 1072 2017 ,
1101 1967 1211 2003 ecce
1238 1952 1337 2003 duo
1366 1951 1462 2003 viri
1490 1951 1791 2004 adstiterant

203 2046 293 2097 illis
319 2045 377 2096 in
402 2053 535 2096 veste
561 2043 676 2095 alba
698 2083 714 2107 ,
746 2043 831 2112 qui
852 2051 898 2095 et
927 2042 1161 2095 dixerunt
1203 2058 1223 2095 :
1266 2039 1371 2094 Viri
1399 2040 1601 2096 Galilazi
1621 2082 1635 2107 ,
1670 2043 1791 2112 quid

201 2137 338 2189 statis
367 2136 674 2203 aspicientes
718 2136 769 2187 in
815 2132 993 2187 calum
1011 2134 1036 2186 .9
1061 2132 1163 2185 Hic
1189 2132 1363 2199 Jesus,
1392 2133 1478 2201 qui
1505 2147 1792 2203 assumptus

199 2240 265 2282 est
289 2245 323 2280 a
352 2228 499 2281 vobis
527 2228 581 2279 in
621 2226 819 2280 cretum.
853 2226 1340 2280 Demonstrantium
1372 2239 1519 2280 more
1563 2226 1791 2296 loquun-

200 2331 311 2376 tur:
343 2318 471 2385 Ilic,
491 2320 579 2387 qui
602 2326 892 2387 assumptus
920 2328 991 2371 est
1016 2335 1046 2370 a
1068 2319 1203 2371 vobis
1223 2319 1276 2371 in
1298 2318 1497 2383 malum,
1521 2318 1591 2371 sic
1610 2319 1787 2384 veniet,

202 2410 626 2479 quenadmodum
676 2410 869 2463 vidistis
912 2425 1029 2461 eum
1077 2421 1275 2463 euntem
1331 2409 1385 2463 in
1432 2410 1634 2465 caelum.
1684 2410 1791 2465 lte-

203 2519 307 2554 rmn
360 2501 486 2555 larta
534 2503 745 2569 species
793 2508 895 2554 est.
949 2500 1134 2570 Angeli
1177 2501 1319 2555 enim
1361 2502 1575 2570 quidam
1620 2501 1796 2555 homi-

204 2608 319 2646 num
366 2591 557 2661 specie
603 2591 878 2645 adstantes
925 2590 1217 2645 dixerunt:
1263 2590 1369 2645 Viri
1407 2590 1627 2645 Gulilwi.
1661 2591 1791 2647 Fide

204 2685 337 2755 digni
394 2696 549 2740 certe
596 2684 912 2738 videbantur
948 2697 1069 2737 cum
1116 2683 1351 2738 dicerent
1376 2726 1391 2749 ,
1431 2682 1536 2737 Viri
1568 2683 1787 2738 Galilaei.

210 2777 377 2851 '[Ad
429 2778 561 2849 quid
615 2778 759 2831 enim
855 2777 1078 2844 patriam
1129 2783 1555 2842 memorassem,
1590 2776 1689 2830 nisi
1737 2785 1793 2829 ut

210 2878 357 2932 tidem
385 2877 634 2931 facerent
658 2875 680 2929 i
705 2874 727 2948 ]
757 2875 834 2929 Ex
871 2876 1051 2943 specie
1089 2887 1300 2944 quoque
1345 2873 1463 2927 illos
1488 2873 1551 2926 ad
1580 2887 1637 2927 se
1663 2887 1790 2926 con-

213 2972 510 3034 vertebant,
559 2969 897 3023 declarantes
941 2982 1001 3023 se
1045 2967 1114 3022 de
1156 2966 1302 3021 ca-lis
1346 2981 1466 3020 esse
1505 2967 1788 3036 profectos.

213 3066 309 3119 Cur
336 3082 438 3118 non
468 3066 588 3133 ipse
615 3061 863 3117 Christus
903 3063 1017 3116 [nec
1066 3061 1196 3130 ipsis
1250 3060 1482 3129 loquitur
1505 3100 1518 3121 ,
1548 3058 1643 3113 sed
1691 3073 1791 3112 an-

222 3166 361 3231 geli?
388 3166 534 3218 Prius
566 3164 674 3217 illis
704 3162 880 3215 omnia
913 3159 1138 3224 dixerat,
1165 3158 1274 3226 jam
1302 3171 1427 3211 vero
1450 3170 1545 3225 per
1573 3155 1792 3224 angelos

228 3260 323 3311 illis
364 3259 410 3310 in
440 3257 754 3310 memoriam
807 3261 1021 3311 revocat
1057 3266 1119 3305 ea
1148 3292 1161 3315 ,
1192 3264 1310 3318 quas
1356 3248 1654 3302 audierant.
1682 3247 1793 3302 Nec

222 3351 470 3415 dixerunt,
494 3349 673 3416 Quem
698 3345 902 3400 vidistis
943 3354 1300 3414 assumptum,
1330 3341 1424 3396 sed
1450 3382 1466 3408 ,
1498 3340 1714 3394 Euntem
1738 3341 1794 3394 in

212 3447 377 3497 caelum
397 3460 417 3504 ;
440 3453 501 3497 ut
530 3440 848 3497 ostendatur
872 3438 1286 3506 assumptioncm
1320 3436 1485 3502 illam,
1518 3435 1792 3489 ascensio-

207 3551 321 3589 nem
349 3535 520 3589 fuisse
568 3551 581 3585 :
624 3533 803 3586 carnis
835 3540 1013 3584 autem
1040 3538 1121 3583 est
1152 3528 1371 3581 assumi.
1406 3526 1528 3580 Ideo
1562 3526 1746 3581 dicunt
1776 3545 1790 3581 :

207 3629 302 3693 Qui
329 3634 626 3691 assumptus
657 3632 731 3678 est
752 3640 783 3675 a
809 3621 963 3680 vobis.
989 3622 1059 3675 sic
1094 3621 1251 3673 veniet
1279 3634 1296 3672 :
1324 3634 1426 3672 non
1459 3659 1474 3684 ,
1518 3618 1753 3673 Miltetur
1775 3659 1790 3684 ,

199 3722 312 3784 sed,
352 3719 557 3773 Veniet.
587 3717 702 3784 Qua
734 3716 785 3769 in
825 3730 883 3769 re
908 3729 1037 3783 ergo
1064 3713 1238 3766 minor
1262 3720 1344 3767 est
1372 3710 1579 3766 Filius?
1621 3710 1793 3765 Nubes

196 3812 418 3881 suscepit
450 3825 590 3863 eum.
629 3806 824 3870 Recte;
852 3806 966 3875 ipse
1008 3803 1148 3857 enim
1177 3802 1417 3857 ascendit
1459 3801 1512 3854 in
1555 3801 1789 3855 nubem:

196 3902 455 3967 quoniam
488 3897 594 3964 Qui
614 3896 860 3960 ascendit,
887 3897 996 3964 ipse
1020 3902 1093 3949 est
1111 3894 1197 3965 qui
1220 3893 1473 3947 descendit
1497 3891 1711 3962 (Ephes.
1735 3892 1789 3948 4.

196 3994 308 4061 10).
341 3990 770 4053 Animadverte,
804 3986 1071 4055 quomodo
1100 3985 1200 4039 alia
1233 3984 1525 4039 secundum
1555 3984 1793 4054 discipu-

194 4088 371 4141 lorum
421 4091 663 4138 mentem
695 4080 938 4135 dicantur
962 4119 977 4145 ,
1016 4076 1118 4131 alia
1159 4076 1450 4131 secundum
1481 4075 1793 4145 dignitatem

194 4178 309 4231 Dei.
330 4174 743 4241 Sublimiorque
770 4170 985 4225 demum
1018 4167 1155 4222 facta
1182 4176 1264 4221 est
1288 4180 1441 4220 mens
1466 4164 1791 4220 videntium:

190 4284 257 4322 ac
282 4265 513 4322 secundi
544 4263 807 4318 adventus
835 4275 942 4315 non
972 4273 1185 4329 parvam
1218 4257 1324 4312 illis
1352 4256 1498 4311 dedit
1522 4256 1793 4324 notitiam;

192 4359 325 4414 illud
353 4358 524 4421 enim,
557 4354 649 4410 Sic
692 4353 869 4417 veniet,
900 4350 1002 4405 hoc
1030 4348 1291 4420 signiﬁcat
1324 4365 1337 4403 :
1365 4362 1485 4402 cum
1529 4362 1753 4417 corpore
1776 4388 1793 4414 ,

188 4454 371 4521 inquit
403 4470 419 4504 :
453 4447 587 4504 illud
612 4448 755 4503 enim
804 4445 989 4499 audire
1026 4442 1319 4513 optabant;
1351 4450 1402 4495 et
1428 4441 1571 4510 quod
1602 4442 1794 4495 iterum

187 4545 337 4599 nube
362 4551 560 4597 vectus
592 4538 655 4593 ad
699 4537 957 4608 judicium
1003 4544 1262 4589 venturus
1315 4532 1405 4588 sit.
1440 4531 1508 4585 Et
1534 4549 1649 4588 ecce
1672 4574 1687 4598 ,
1717 4534 1798 4587 in—

185 4639 327 4705 quit,
362 4636 479 4689 duo
504 4633 601 4686 viri
628 4631 949 4684 adstiterant.
991 4626 1098 4682 Cur
1125 4625 1260 4681 dixit
1283 4666 1299 4687 ,
1336 4623 1443 4678 Viri
1467 4624 1492 4677 7
1518 4624 1652 4693 Quia
1680 4640 1798 4694 per-

184 4729 391 4784 fectam
427 4725 674 4779 virorum
704 4720 933 4776 formam
960 4716 1418 4789 repraesentabant
1441 4756 1456 4780 ,
1489 4731 1556 4770 ne
1580 4715 1655 4769 illi
1698 4715 1797 4770 ob-

184 4825 603 4890 stupescerent.
629 4813 730 4879 Qui
752 4822 799 4866 et
822 4813 1077 4876 dixerunt,
1106 4808 1242 4876 Quid
1260 4808 1403 4863 statis
1425 4808 1722 4877 aspicientes
1742 4808 1795 4861 in

184 4912 425 4967 citium?
456 4907 632 4963 Simul
685 4903 1110 4959 blandientium'
1162 4900 1320 4955 verba
1370 4910 1560 4966 erant,
1588 4907 1643 4953 et
1689 4913 1790 4956 non

182 5016 374 5059 tanien
429 5000 731 5055 sinentium
780 4996 888 5050 cito
914 5003 1245 5063 exspectare
1286 4992 1514 5047 reditum
1558 4991 1695 5061 ejus.
1733 4991 1798 5047 lii

180 5097 327 5165 quod
361 5091 552 5161 majus
582 5099 664 5145 est
690 5088 895 5153 dicunt,
935 5085 1075 5155 quod
1112 5100 1238 5139 vero
1288 5084 1464 5138 minus
1495 5099 1601 5137 non
1634 5085 1794 5138 item:

180 5190 366 5257 ipsum
401 5187 492 5240 sic
518 5191 808 5237 venturum
831 5219 847 5246 ,
878 5188 929 5232 et
959 5193 1026 5232 ex
1070 5176 1204 5230 caelo
1233 5175 1650 5245 exspectandum
1677 5188 1799 5230 esse

181 5284 414 5349 dicunt;
449 5276 801 5350 quandonam
830 5266 996 5339 vero,
1036 5270 1086 5326 id
1128 5279 1326 5325 tacent.
1356 5270 1439 5325 Ab
1487 5269 1578 5323 illo
1619 5279 1797 5324 autem

244 5512 262 5543 ι
300 5509 395 5567 Qui
427 5501 677 5555 clauditur
699 5498 891 5548 uncinis
926 5496 1063 5545 locus
1104 5496 1176 5544 sic
1197 5495 1405 5567 habetur
1442 5494 1491 5542 in
1535 5492 1800 5543 Graecam:

182 5588 246 5636 τδρ
260 5562 342 5622 is;
363 5580 469 5619 τοδε
490 5574 638 5636 W1“
749 5568 909 5622 πατρίδα
931 5572 1067 5636 re“?
1092 5562 1392 5636 timuisti”
1411 5583 1431 5636 ξ,
1446 5568 1650 5636 ίέυοῗΨ
1676 5568 1800 5636 .539:

186 5617 380 5683 £3513.
421 5646 437 5677 :
469 5628 597 5689 Quid
623 5617 754 5674 enim
776 5617 969 5671 necesse
1002 5628 1104 5669 erat
1128 5617 1151 5679 (⁷
1170 5617 1434 5730 discipulus
1464 5617 1517 5687 ),⁸
1542 5617 1626 5679 qui
1669 5623 1799 5686 certe

189 5697 408 5730 mm...”
439 5702 583 5730 ςηηιη
635 5692 829 5730 norant.
852 5681 985 5730 illius
1008 5695 1178 5730 nomen
1201 5695 1263 5729 au
1306 5680 1395 5730 ire.
1425 5692 1517 5729 nisi
1545 5686 1596 5728 ut
1615 5678 1797 5730 anaelts

189 5678 408 5759 pii—uidit:
438 5678 583 5759 supra
635 5692 829 5742 norant,
852 5681 985 5733 illius
1008 5695 1178 5731 nomen
1201 5678 1395 5740 audire,
1425 5678 1517 5729 nisi
1545 5678 1596 5728 ut
1615 5678 1797 5743 angelis

493 5751 515 5785 7

493 5759 515 5785 7

188 5759 581 5868 Πεάῖἷιεῗξιιςὲοο
608 5810 790 5873 legitur
814 5820 1088 5873 ιηλμινόπων.
1112 5803 1454 5873 Alius-legisse
1474 5802 1665 5851 videtur
1681 5814 1796 5873 ιςλευ

190 5866 450 5942 ῖλωξῖιιιι
477 5879 632 5925 vertit
659 5866 1025 5942 cauit/tullium.
1058 5877 1221 5942 EtEt-['3
1247 5866 1522 5942 lectiqru‘ni
1546 5867 1794 5942 sequenti

196 5924 474 6005 in;
490 5924 1025 5989 consentirevvidetur.
1056 5929 1141 5978 illa
1167 5937 1327 5977 tamen
1350 5926 1442 5978 alia
1468 5928 1582 5974 ferri
1608 5933 1791 5989 posset.

1895 564 2202 631 spectaculo
2228 573 2498 635 evocatos,
2525 566 2683 623 dictis
2729 570 2841 626 suis
2880 580 3112 628 attentos
3142 574 3391 639 reddunt.
3419 590 3476 632 ιιι

1895 671 1964 712 ne
1992 659 2242 726 quoniam
2270 661 2550 717 Dominum
2572 662 2683 732 jam
2711 664 2895 721 videre
2924 682 3032 721 non
3062 676 3308 737 poterant
3335 712 3351 735 ,
3380 687 3477 741 pu-

1896 753 2070 803 tarent
2128 748 2299 819 ipsum
2351 766 2459 808 non
2508 755 2857 821 ascendisse;
2905 766 3068 829 utque
3120 760 3238 817 illos
3295 765 3475 819 verbis

1893 841 2006 895 suis
2075 845 2483 913 praemunirent.
2556 846 2691 920 Nam
2738 850 2783 904 si
2827 851 2973 920 prius
3023 851 3315 922 dicebant,
3362 856 3474 923 Quo

1895 933 2037 987 vadis
2072 934 2266 1004 (Joan.
2295 937 2383 991 13.
2409 937 2478 995 56
2498 936 2562 1009 )i
2611 940 2781 997 multo
2808 944 2977 1014 magis
3006 961 3147 1000 nunc
3186 947 3470 1016 dixissent,

1898 1023 2041 1078 Num
2093 1026 2146 1079 in
2204 1037 2427 1097 tempore
2471 1029 2567 1084 hoc
2608 1034 2839 1089 restitues
2893 1052 3103 1106 regnum
3153 1037 3363 1093 Israel?
3404 1040 3479 1094 ita

1896 1115 2034 1171 illius
2064 1119 2526 1176 mansuetudinem
2547 1132 2828 1191 noverant,
2848 1134 2907 1180 ut
2927 1136 3049 1196 post
3070 1130 3371 1198 passionem
3392 1131 3478 1185 in-

1896 1218 2225 1279 terrogarent
2253 1212 2419 1277 illum,
2454 1212 2595 1268 Num
2624 1217 2853 1272 restitues
2884 1219 2909 1273 ?
2938 1222 3097 1289 Atqui
3128 1224 3275 1293 prius
3321 1224 3472 1279 dixe-

1895 1311 1977 1357 rat
2006 1304 2129 1368 illis,
2160 1306 2392 1359 Audituri
2418 1308 2532 1361 estis
2554 1310 2683 1363 bella
2719 1320 2767 1364 et
2791 1313 3053 1380 opiniones
3079 1315 3319 1371 bellorum
3346 1333 3365 1372 :
3390 1323 3479 1373 sed

1895 1394 2119 1448 nondum
2145 1397 2264 1464 linis
2293 1396 2311 1469 (
2334 1397 2501 1454 Marc.
2530 1400 2616 1454 15.
2645 1399 2743 1471 7),
2775 1418 2947 1473 neque
2990 1404 3322 1479 Jerosolyma
3356 1420 3480 1465 tunc

1896 1487 2153 1555 capietur.
2180 1488 2328 1543 Nunc
2365 1502 2543 1546 autem
2586 1492 2655 1547 de
2696 1509 2863 1565 regno
2891 1496 3251 1568 interrogant,
3278 1517 3382 1556 non
3413 1504 3480 1557 dc

1895 1583 2375 1637 consummatione.
2407 1585 2654 1656 Alioquin
2687 1604 2816 1643 vero
2860 1601 2980 1659 post
3022 1598 3476 1650 resurrectionem

1896 1685 2002 1725 non
2060 1672 2243 1743 longos
2294 1689 2415 1729 cum
2474 1677 2579 1732 illis
2634 1693 2910 1736 sermones
2961 1681 3141 1739 habet.
3190 1685 3353 1754 Igitur
3404 1689 3478 1742 illi

1896 1763 2041 1817 velut
2090 1766 2456 1822 celebritatem
2511 1780 2830 1839 sperantes,
2885 1786 3286 1844 percontantur.
3358 1779 3477 1848 Ipse

1900 1870 2024 1909 vero
2067 1871 2172 1910 non
2224 1858 2459 1914 declarat
2507 1875 2572 1913 an
2616 1864 2959 1920 restitnturns
3007 1866 3076 1920 sit
3124 1884 3313 1923 necne.
3349 1870 3479 1937 Qum

1896 1950 2186 2003 necessitas
2215 1952 2376 2013 enim,
2409 1963 2465 2006 ut
2494 1953 2568 2008 illi
2597 1954 2699 2010 hoc
2739 1957 3049 2014 discerent?
3085 1960 3206 2016 ldeo
3235 1962 3336 2019 hoc
3368 1981 3482 2021 me-

1898 2049 2106 2096 tuentes
2155 2043 2227 2097 illi
2272 2059 2376 2099 non
2424 2047 2559 2100 ultra
2602 2047 2833 2104 dicunt:
2872 2050 3021 2117 Quod
3063 2054 3261 2123 signum
3287 2057 3479 2109 adven-

1896 2140 1974 2186 tus
2003 2134 2093 2199 tui,
2126 2144 2170 2188 et
2200 2139 2641 2192 consummationis
2669 2142 2841 2194 seaculi
2873 2142 3082 2213 (Matth.
3115 2144 3203 2200 24.
3233 2147 3331 2217 3)?
3360 2148 3477 2213 sed,

1900 2221 2041 2275 Num
2092 2226 2318 2279 restitues
2344 2244 2557 2298 regnum
2583 2227 2753 2285 Israel
2768 2232 2794 2285 1’
2837 2233 3223 2292 Existimabam
3249 2238 3390 2292 enim
3428 2239 3481 2294 id

1892 2315 2000 2384 jam
2031 2316 2240 2372 adesse.
2274 2318 2389 2388 Ipse
2419 2335 2548 2375 vero
2579 2324 2628 2375 in
2659 2323 2925 2392 parabolis
2948 2328 3255 2383 ostenderat
3287 2330 3336 2384 id
3374 2348 3481 2386 non

1895 2423 2063 2478 prope
2090 2423 2211 2463 esse
2238 2427 2251 2463 :
2284 2418 2338 2464 et
2361 2410 2470 2478 jam
2498 2412 2583 2466 ubi
2609 2413 3021 2485 interrogarunt,
3054 2420 3361 2488 respondet,
3385 2422 3483 2474 Ac-

1896 2502 2089 2571 cipietis
2130 2503 2357 2555 virtutem
2391 2506 2783 2572 supervenientis
2823 2506 3046 2576 Spiritus
3090 2511 3253 2563 sancti
3291 2513 3345 2564 in
3376 2528 3481 2568 vos.

1896 2591 2275 2647 Animadverte
2303 2594 2442 2661 quod
2465 2595 2683 2661 dixerit,
2707 2595 3137 2665 Supervenientis,
3157 2616 3284 2667 non,
3304 2602 3482 2668 Missi;

1897 2692 1954 2737 ut
1978 2699 2161 2753 parem
2203 2683 2460 2740 honorem
2493 2687 2819 2743 ostenderet.
2850 2689 3130 2757 Quomodo
3167 2708 3331 2764 ergo,
3364 2695 3483 2765 Spi-

1868 2828 1871 2833 .
1898 2778 2030 2832 ritus
2058 2778 2227 2832 sancti
2260 2779 2471 2835 inimice
2493 2823 2508 2845 ,
2540 2781 2706 2834 audes
2748 2782 2893 2836 illum
2923 2784 3102 2841 dicere
3140 2798 3438 2842 creaturam
3461 2791 3486 2843 τι

1897 2868 1965 2923 Et
1989 2870 2126 2922 eritis
2152 2870 2276 2923 milii
2302 2881 2465 2925 testes.
2498 2873 2927 2944 ASsumptionem
2951 2878 3303 2934 subindicavit
3330 2899 3342 2934 :
3377 2884 3484 2935 imo

1898 2964 2072 3031 potius
2104 2963 2157 3017 id
2180 3006 2196 3030 ,
2230 2964 2370 3034 quod
2411 2965 2522 3034 jam
2552 2966 2874 3035 audierant,
2902 2968 2954 3023 in
2987 2979 3219 3027 mentem
3246 2984 3480 3029 revocat.

1896 3053 2013 3109 Jam
2042 3063 2319 3110 ostensum
2345 3066 2427 3111 est
2457 3058 2628 3127 ipsum
2661 3059 2713 3113 in
2744 3061 2907 3115 caalos
2950 3065 3277 3121 ascendisse.
3313 3067 3485 3124 Nubes

1897 3154 1944 3199 et
1970 3147 2134 3217 caligo
2173 3149 2264 3200 sub
2291 3149 2500 3218 pedibus
2530 3151 2642 3221 ejus
2671 3151 2689 3221 (
2728 3150 2871 3206 Psal.
2905 3154 2991 3209 96.
3023 3155 3121 3227 2),
3158 3157 3347 3227 inquit,
3378 3177 3484 3229 quo

1898 3240 2229 3310 signiﬁcatur
2258 3242 2389 3296 illud
2416 3261 2427 3296 :
2464 3243 2640 3297 Nubes
2670 3247 2888 3314 suscepit
2913 3264 3023 3301 eum
3054 3291 3069 3315 ,
3095 3266 3289 3320 nempe
3326 3254 3486 3306 euilu-

1897 3348 2015 3387 rum
2084 3334 2365 3388 Dominum
2416 3352 2429 3388 :
2478 3351 2656 3405 regem
2714 3353 2941 3406 namque
2998 3339 3232 3395 declarat
3298 3358 3485 3398 currus

1898 3427 2077 3493 regius
2122 3442 2135 3480 :
2183 3428 2261 3481 sic
2318 3427 2393 3482 illi
2450 3428 2647 3482 missus
2702 3437 2784 3482 est
2823 3445 3012 3485 currus
3063 3434 3261 3502 regius,
3307 3444 3362 3488 ut
3418 3452 3485 3489 ne

1898 3516 2023 3585 quid
2057 3517 2208 3572 triste
2237 3516 2567 3587 loqueretur,
2612 3533 2744 3573 neve
2782 3518 2831 3573 id
2873 3521 2978 3575 illis
3013 3523 3311 3589 accideret,
3344 3527 3482 3596 quod

1897 3609 2114 3673 Elismo,
2135 3607 2529 3678 qui,assumpto
2555 3609 2830 3679 magistro,
2871 3613 3100 3667 tunicam
3132 3614 3342 3670 discidit
3393 3616 3478 3688 (1.

1898 3704 2027 3773 Reg.
2057 3702 2112 3756 2.
2148 3702 2260 3773 12).
2290 3702 2426 3770 Quid
2451 3718 2576 3757 vero
2592 3703 2780 3759 dicunt
2804 3706 3016 3776 angeli?
3066 3706 3164 3761 Hic
3192 3708 3359 3773 .lesus,
3398 3712 3485 3780 qui

1897 3807 2182 3864 assumptus
2209 3805 2280 3848 est
2308 3812 2339 3847 a
2366 3797 2502 3849 vobis
2525 3796 2578 3849 in
2608 3796 2788 3850 cwlum
2812 3799 2885 3851 sic
2913 3799 3071 3853 veniet
3090 3816 3109 3864 ;
3128 3810 3201 3865 et,
3233 3799 3364 3854 Ecce
3384 3802 3485 3855 duo

1898 3888 1989 3940 viri
2013 3887 2311 3940 adstiterant
2331 3887 2450 3940 illis.
2480 3886 2607 3942 Jure
2632 3887 2869 3957 quidem.
2898 3888 3029 3943 Nam
3057 3896 3109 3943 in
3140 3907 3232 3945 ore
3259 3892 3483 3946 duorum

1899 3980 2112 4035 testium
2142 3978 2302 4033 stabit
2330 3994 2489 4033 omne
2515 3979 2733 4033 verbum
2767 3981 2783 4050 (
2809 3979 2959 4033 Deut.
2989 3982 3076 4035 17.
3105 3982 3182 4051 ὕ).
3213 3982 3280 4036 Et
3311 3983 3362 4036 bi
3390 3999 3484 4037 ea-

1898 4074 2019 4128 dem
2052 4074 2163 4141 ipsa
2194 4072 2501 4140 loquuntur.
2533 4069 2599 4124 In
2635 4081 2784 4136 veste,
2819 4072 3025 4142 inquit,
3054 4072 3191 4126 alba.
3220 4073 3488 4142 Quemad-

1898 4166 2113 4222 modum
2138 4165 2248 4234 jam
2277 4173 2401 4218 ante
2428 4163 2494 4217 ad
2534 4172 2937 4218 monumentum
2968 4165 3214 4234 angelum
3243 4166 3487 4220 viderant

1898 4260 1953 4315 in
1978 4257 2211 4313 vestibus
2239 4256 2450 4326 l'nlgidis
2474 4297 2489 4321 ,
2518 4256 2606 4325 qui
2646 4255 2892 4325 praedixit
2918 4256 3023 4311 illis
3052 4257 3177 4327 quid
3226 4259 3278 4312 in
3306 4259 3487 4314 animo

1898 4349 2216 4419 versarent(
2249 4347 2435 4402 Matth.
2463 4346 2553 4403 28.
2581 4348 2670 4402 25.
2701 4348 2753 4402 4.
2786 4348 2819 4404 5
2845 4350 2862 4418 )
2889 4367 2902 4403 :
2930 4348 3006 4404 sic
3031 4358 3087 4404 et
3110 4350 3489 4420 assumptionis

1900 4444 2014 4514 ejus
2046 4457 2221 4513 prteco
2249 4442 2472 4511 angelus
2499 4451 2604 4496 est.
2632 4440 2786 4508 Quod
2832 4441 2991 4496 etiam
3036 4442 3312 4513 prOphette
3341 4457 3486 4512 smpe

1900 4537 2276 4609 praedixerant,
2291 4544 2350 4590 ut
2367 4546 2421 4592 et
2436 4550 2498 4591 ea
2520 4551 2637 4606 quae
2658 4536 3106 4591 resurrectionem
3129 4537 3485 4606 spectabant'.

1972 4632 2026 4687 4.
2058 4630 2267 4701 Ubique
2293 4629 2465 4700 angeli
2491 4629 2657 4683 nuntii
2682 4639 2806 4683 sunt
2835 4646 2847 4681 :
2880 4628 2958 4684 sic
2996 4629 3048 4684 in
3080 4629 3281 4697 natali,
3313 4630 3389 4684 sic
3418 4630 3486 4685 ad

1902 4725 2121 4781 Mariam
2142 4765 2158 4791 ,
2189 4724 2267 4778 sic
2293 4724 2343 4778 in
2388 4722 2781 4778 resurrectione
2799 4761 2815 4789 ,
2840 4722 3168 4793 perindeque
3195 4723 3247 4777 in
3274 4737 3485 4777 assmu—

1903 4818 2084 4889 ptione
2106 4835 2119 4872 :
2141 4817 2248 4872 imo
2273 4817 2431 4872 etiam
2463 4816 2514 4871 in
2544 4815 2781 4872 secundo
2801 4815 3029 4870 adventu
3058 4815 3229 4886 angeli
3254 4830 3488 4885 praecur-

1902 4923 2085 4967 rentes
2111 4909 2453 4965 videbuntur.
2477 4906 2609 4963 Cum
2637 4906 2900 4962 dixissent
2933 4915 3108 4959 autem
3127 4947 3141 4972 ,
3174 4904 3274 4958 Hic
3293 4904 3446 4959 Iesus
3469 4947 3484 4970 ,

1902 5005 1986 5074 qui
2015 5012 2302 5073 assumptus
2325 5011 2399 5056 est
2419 5019 2451 5056 a
2476 5002 2634 5067 vobis,
2664 5015 2733 5055 ne
2756 5007 3159 5054 consternarent
3179 4998 3321 5066 illos,
3348 4999 3487 5068 adji-

1903 5097 2068 5160 ciunt,
2102 5096 2191 5151 Sic
2216 5096 2392 5150 veniet.
2416 5095 2634 5150 Paulam
2656 5092 2985 5163 respirarunt
3006 5092 3283 5148 audientes
3314 5095 3485 5164 ipsum

1904 5191 2198 5248 rediturum
2218 5203 2356 5251 esse,
2378 5198 2429 5243 ct
2445 5189 2521 5242 sic
2540 5185 2855 5248 rediturum,
2881 5200 2977 5239 nec
2997 5185 3325 5241 inaccessum
3350 5186 3486 5242 fore.

1905 5282 2034 5338 Illud
2065 5296 2214 5344 vero,
2246 5280 2289 5333 Α
2319 5279 2485 5342 vobis,
2518 5292 2622 5331 non
2652 5276 2769 5332 sine
2797 5290 2953 5332 causa
2983 5276 3222 5342 additur;
3251 5278 3343 5333 sed
3370 5279 3486 5347 ejus

1903 5391 2024 5446 erga
2056 5374 2174 5429 illos
2201 5387 2439 5427 amorem
2478 5370 2745 5437 declarat,
2776 5379 2830 5424 et
2868 5370 3182 5426 electionem
3213 5370 3446 5439 ipsorum
3468 5412 3487 5440 ,

1905 5467 2182 5535 innuitque
2211 5479 2314 5518 non
2343 5462 2649 5517 relicturum
2677 5476 2795 5516 esse
2815 5476 2908 5516 eos
2928 5476 3061 5530 quos
3082 5461 3260 5531 elegit.
3292 5462 3490 5516 Resur-

1905 5558 2158 5615 rectionis
2175 5571 2302 5625 ergo
2317 5570 2427 5609 sua:
2446 5554 2558 5624 ipse
2571 5553 2721 5609 testis
2740 5552 2837 5607 fuit
2854 5550 2983 5626 (imo
3002 5567 3206 5614 eorum,
3228 5566 3346 5621 qua:
3364 5560 3489 5607 ante

1971 5739 1985 5769 ι
2024 5736 2163 5785 Alius
2196 5736 2266 5783 sic
2302 5736 2485 5798 habet;
2511 5734 2655 5798 Quod
2680 5740 2839 5798 niuem
2870 5732 3119 5798 praplteta:
3141 5732 3274 5782 illam
3300 5746 3487 5783 assum-

1905 5799 2112 5864 ptionth
2134 5810 2225 5846 non
2240 5794 2564 5864 prcedixerint
2587 5794 2707 5864 nihil
2729 5794 3009 5864 mirandum
3037 5808 3053 5845 :
3077 5808 3485 5864 supervacaneum

1906 5856 2033 5912 enim
2066 5868 2170 5909 erat
2215 5856 2275 5909 de
2310 5859 2396 5908 illa
2432 5860 2680 5916 speciatim
2723 5858 2892 5919 loqui,
2934 5856 3324 5921 quandoquidem
3376 5857 3509 5919 ipsa.

1909 5932 1954 5975 et
1978 5923 2266 5974 resurrectio
2290 5935 2384 5972 una
2401 5930 2447 5972 et
2462 5922 2634 5972 eadem
2655 5918 2934 5985 cogitatione
2948 5918 3447 5983 'comprehendmuur.
