4024 6514
480 408 544 469 3|
1259 404 1314 458 S.
1354 400 1628 458 JO.~\.\"NIS
1664 390 2138 454 CllRYSOSTOMl
2179 391 2495 447 ARCHIEP.
2533 389 3063 448 CONSTANTINOP.
3319 453 3321 456 ι
3681 391 3751 447 '5‘!

481 534 719 594 partum,
754 533 912 594 atque
939 520 1098 576 etiam
1128 528 1249 588 post
1289 527 1493 586 partum
1531 513 1902 595 coptigerunt,
1936 507 2064 562 illud

481 617 712 672 maxime
735 612 1040 670 mirandum
1059 652 1074 675 ,
1106 609 1246 679 quod
1274 609 1506 676 seipsum
1539 599 1894 658 sdscitaverit.
1935 599 2063 653 Nam

476 708 590 765 ait:
619 707 813 763 Solvite
836 705 1078 775 templum
1117 702 1210 754 hoc
1229 741 1244 761 ,
1273 709 1319 753 et
1353 699 1405 750 in
1444 697 1600 749 tribus
1629 693 1803 747 diebus
1837 692 2064 745 excitabo

478 800 610 856 illud
663 798 846 870 (Joan.
881 798 936 852 2.
973 797 1105 863 l9):
1138 794 1372 847 futurum
1415 799 1592 843 autem
1639 787 1925 840 adventum
1964 799 2062 839 an-

476 894 581 965 geli
613 893 682 948 ita
712 892 967 955 iudicant,
998 889 1087 942 Sic
1114 887 1292 940 veniet.
1315 884 1370 938 Si
1400 883 1518 951 quis
1539 896 1666 950 ergo
1693 879 1958 932 Christum
1983 876 2062 928 vi-

479 991 606 1047 dere
636 989 813 1057 cupit:
843 987 886 1040 si
913 985 1032 1055 quis
1059 984 1204 1038 dolet
1231 982 1371 1052 quod
1406 981 1550 1035 illum
1585 993 1687 1030 non
1716 973 1946 1026 viderit:
1981 969 2064 1024 his

477 1080 704 1147 auditis,
732 1076 1098 1133 admirandam
1123 1076 1284 1130 vitam
1311 1073 1592 1132 exhibeat,
1631 1079 1686 1124 et
1721 1069 1801 1120 sic
1822 1063 2059 1127 videbit,

481 1188 580 1230 uec
599 1171 870 1228 aberrabit
899 1187 926 1224 a
954 1184 1139 1238 scopo.
1169 1167 1301 1222 Nam
1333 1181 1452 1220 cum
1481 1163 1683 1232 majore
1707 1169 1962 1212 venturus
1982 1163 2064 1210 est

476 1265 678 1334 gloria;
707 1261 802 1318 sed
829 1262 909 1318 sic
935 1278 1056 1316 cum
1085 1261 1242 1324 nube,
1275 1259 1352 1312 sic
1373 1272 1492 1311 eum
1522 1267 1745 1322 corpore
1775 1270 1788 1306 :
1817 1265 1879 1304 ac
1907 1251 2062 1317 longe

481 1355 776 1409 mirabilius
816 1354 920 1409 crit
943 1353 1020 1406 sic
1060 1352 1231 1421 ipsum
1266 1348 1449 1402 videre
1473 1346 1539 1401 de
1569 1345 1700 1398 caelo
1725 1339 2060 1395 descenden-

479 1458 622 1512 tem,
665 1460 825 1515 (piam
865 1460 894 1497 a
936 1455 1075 1497 terra
1120 1441 1520 1496 ascendentem.
1562 1434 1858 1490 Venturum
1904 1429 2062 1499 igitur

477 1541 763 1594 dixerunt:
793 1553 894 1606 qua
927 1551 1054 1590 vero
1076 1535 1144 1590 de
1170 1548 1326 1588 causa
1359 1541 1614 1586 venturus
1641 1529 1743 1587 sit,
1777 1542 1881 1578 non
1907 1521 2059 1577 addi-

477 1633 693 1688 derunt.
729 1631 841 1686 Hoc
871 1628 1316 1683 resurrectionem
1356 1623 1658 1678 confirmat.
1690 1617 1746 1673 Si
1774 1616 1916 1671 enim
1939 1628 2062 1669 cum

476 1738 698 1793 corpore
722 1730 1026 1790 assumptus
1051 1727 1166 1781 est,
1192 1716 1357 1772 multo
1382 1713 1551 1783 magis
1576 1727 1695 1766 cum
1720 1722 1945 1778 corpore
1977 1720 2063 1761 rc-

477 1813 726 1870 surrexit.
756 1813 979 1868 Ubinam
1019 1819 1144 1864 sunt
1171 1809 1242 1873 ii,
1273 1807 1362 1877 qui
1390 1802 1770 1861 resurrectioni
1801 1816 1906 1854 non
1937 1813 2059 1853 cre-

476 1906 640 1960 dunt?
668 1905 755 1976 qui
781 1913 907 1960 sunt
932 1903 1036 1964 illi,
1068 1902 1154 1956 dic
1182 1901 1311 1954 mihi
1332 1939 1346 1964 ,
1379 1898 1605 1969 gentiles
1645 1911 1711 1948 an
1739 1889 2062 1948 Christiani?

479 1999 535 2054 Id
577 2010 724 2053 certe
776 1996 992 2061 nescio;
1042 1995 1148 2050 imo
1198 1992 1371 2064 potius
1417 1991 1585 2061 probe
1632 1989 1774 2043 novi.
1823 1986 2062 2042 Gentiles

477 2090 671 2159 quippe
696 2098 854 2153 sunt,
899 2087 990 2157 qui
1033 2085 1288 2140 creatioui
1325 2098 1432 2137 non
1461 2079 1701 2136 credunt.
1735 2075 2061 2132 Eorumdem

475 2181 619 2233 enim
647 2189 748 2243 est,
782 2194 886 2233 non
917 2176 1242 2239 concedere,
1272 2175 1436 2229 Deum
1477 2187 1632 2242 posse
1655 2168 1852 2239 aliquid
1881 2183 1944 2222 ex
1975 2166 2059 2220 ni-.

478 2270 588 2324 hilo
620 2283 825 2336 creare,
857 2277 913 2323 et
932 2283 1148 2338 negare,
1179 2267 1350 2337 ipsum
1373 2280 1530 2334 posse
1549 2279 1611 2318 ea
1631 2261 1912 2325 suscitare,
1938 2274 2060 2328 quae

475 2361 681 2430 sepulta
710 2369 855 2414 sunt.
882 2357 1081 2413 Deinde
1103 2357 1306 2426 pudore
1331 2354 1526 2418 allecti,
1557 2351 1697 2424 quod
1728 2368 1832 2404 non
1861 2363 2062 2418 cogno-

473 2459 626 2504 scant
652 2450 904 2504 virtutem
933 2447 1052 2516 Dei,
1085 2461 1153 2502 ue
1180 2446 1300 2501 ideo
1329 2447 1660 2508 incuscntur,
1689 2443 1872 2496 dicunt
1898 2461 1910 2494 :
1941 2440 2056 2496 Non

474 2541 596 2596 ideo
621 2541 721 2595 hoc
745 2541 991 2608 dicimus,
1015 2540 1109 2596 sed
1133 2539 1275 2610 quod
1295 2554 1522 2609 corpore
1548 2552 1653 2592 non
1679 2537 1749 2590 sit
1769 2551 1922 2604 opus.
1952 2537 2060 2603 Ap-

475 2630 644 2700 posite
672 2631 902 2695 dicatur,
953 2631 1157 2686 Stultus
1199 2630 1354 2684 stulta
1398 2631 1627 2696 loquetur
1653 2626 1672 2698 (
1696 2625 1819 2678 lsui.
1850 2624 1938 2680 52.
1967 2623 2055 2694 6).

470 2722 587 2779 Non
609 2739 704 2779 vos
735 2724 916 2794 pudet.
949 2723 1060 2778 Deo
1087 2731 1400 2792 potestatem
1430 2719 1641 2774 auferre
1667 2717 1864 2789 aliquid
1885 2733 1948 2772 ex
1980 2717 2059 2771 ni-

472 2815 582 2871 hilo
607 2817 861 2871 creandi?
887 2815 943 2871 Si
964 2831 1030 2871 ex
1057 2812 1516 2884 prazexistentibus
1535 2823 1703 2877 creat,
1726 2810 1908 2882 inquo
1929 2825 2061 2880 ergo

471 2910 650 2965 differt
668 2911 735 2964 ab
761 2908 1098 2964 hominibus?

543 3003 729 3056 Contra
759 3001 812 3054 Μ
819 3002 1070 3054 artic/two:
1094 3001 1174 3053 hic
1198 2998 1427 3070 pluribus
1446 2999 1646 3068 agit.—
1664 2996 1770 3053 Sed
1795 2996 1954 3062 unde,
1979 2996 2058 3050 in-

472 3095 681 3165 quiunt,
714 3095 893 3149 mala?
926 3098 1004 3148 An
1033 3095 1153 3164 quia
1181 3095 1393 3164 ignoras
1423 3093 1580 3156 unde,
1611 3091 1752 3145 aliud
1779 3091 1943 3146 debes
1973 3090 2055 3144 in-

473 3187 673 3243 ducere
716 3187 912 3242 malum
961 3188 1012 3241 in
1060 3175 1365 3256 cognitione
1411 3184 1708 3239 malorum?
1752 3184 1866 3237 Duo
1913 3182 2054 3236 enim

474 3278 598 3334 hinc
633 3277 863 3332 absurda
890 3288 1214 3348 sequuntur;
1245 3275 1472 3331 alterum
1504 3274 1643 3344 quod
1672 3274 1748 3328 sic
1786 3274 1929 3342 loqui
1959 3288 2056 3326 au-

472 3369 602 3426 deas
634 3391 646 3424 :
680 3385 800 3423 nam
831 3371 877 3423 si
921 3383 1083 3438 negas
1114 3369 1278 3422 Deum
1306 3383 1369 3422 ex
1409 3367 1578 3419 nihilo
1619 3380 1836 3426 creare.
1889 3364 2058 3418 multo

472 3461 639 3532 inagis
679 3460 948 3530 ignorabis
975 3459 1115 3514 unde
1141 3459 1277 3512 mala
1308 3458 1414 3512 sint
1439 3475 1451 3510 ε
1484 3459 1711 3512 alterum
1741 3471 1885 3521 vero,
1915 3453 2057 3524 quod

471 3551 546 3605 sic
576 3552 859 3618 ingenitam
891 3550 1144 3604 malitiam
1169 3549 1314 3603 dicas
1341 3548 1438 3621 (α).
1463 3547 1644 3618 Cogita
1671 3563 1829 3616 quam
1861 3563 2059 3617 opero-

473 3658 589 3698 sum
621 3645 708 3708 sit,
735 3643 932 3699 fontem
962 3643 1222 3698 malormn
1254 3643 1511 3712 reperire,
1545 3642 1686 3697 hunc
1708 3643 1970 3712 ignorare,
2003 3651 2058 3697 et

474 3737 700 3789 alterunt
736 3736 856 3790 huic
880 3733 1095 3788 addere.
1132 3731 1324 3802 Quaare
1353 3735 1490 3787 unde
1517 3735 1650 3787 mala
1681 3734 1927 3798 veniant,
1959 3747 2058 3788 nec

474 3825 810 3896 blasphcmcs
838 3836 1018 3880 contra
1053 3825 1236 3879 Deum.
1270 3823 1549 3893 Quomodo
1588 3823 1933 3893 blaspheme?
1972 3822 2053 3876 in-

472 3917 662 3986 quies?
703 3915 838 3984 Quid
865 3915 1037 3970 dicis?
1077 3931 1181 3970 non
1213 3914 1552 3985 blasphemas
1572 3955 1587 3981 ,
1615 3914 1826 3984 quando
1857 3913 2056 3968 malum

475 4009 680 4065 inducis
705 4009 1034 4079 ingenitum?
1061 4023 1182 4062 cum
1213 4008 1287 4062 illi
1310 4017 1624 4078 petcstatem
1653 4008 1838 4062 tribuis
1866 4007 2058 4062 divina:

475 4119 688 4177 parem.
723 4102 968 4157 virtutem
995 4102 1254 4157 malorum
1285 4101 1584 4173 mqualem?
1621 4103 1915 4172 lngenitum
1941 4119 2056 4156 ma-

477 4194 607 4246 lum.
643 4191 778 4248 Vide
804 4191 931 4263 quid
959 4192 1154 4248 Paulus
1181 4193 1324 4247 dicat
1349 4212 1358 4242 :
1391 4191 1675 4247 Invisibilia
1701 4195 1833 4247 enim
1862 4196 2021 4263 ipsius
2039 4237 2054 4260 ,

475 4303 508 4340 α
536 4295 770 4339 creatura
798 4284 994 4350 mundi,
1024 4301 1113 4356 per
1133 4301 1192 4338 ea
1219 4302 1330 4356 qua:
1355 4288 1490 4357 facta
1513 4296 1630 4340 sunt
1657 4287 1911 4340 intellecta
1939 4304 2060 4341 con-

475 4379 760 4448 spiciuntur
787 4377 978 4448 (Rom.
1011 4379 1064 4436 1.
1092 4378 1204 4450 20).
1233 4377 1391 4434 Certe
1415 4379 1658 4434 diabolus
1686 4389 1908 4450 utraque
1929 4381 2060 4436 dicit

479 4487 601 4526 esse
630 4486 696 4526 ex
725 4471 946 4526 materia
967 4512 983 4538 ,
1011 4480 1070 4526 ut
1099 4470 1242 4525 nulla
1271 4485 1337 4525 ex
1373 4486 1432 4527 re
1458 4471 1622 4526 Deum
1651 4486 2055 4543 cognoscamus.

477 4563 615 4632 Quid
644 4563 820 4629 enim,
850 4577 1054 4633 quaeso,
1079 4562 1346 4618 difficilius
1370 4572 1455 4619 est
1475 4603 1490 4628 ,
1535 4563 1587 4617 id
1614 4563 1753 4634 quod
1781 4575 1963 4618 natura
1991 4565 2060 4620 sit

479 4656 677 4720 malum
703 4654 882 4711 facere
909 4655 1181 4718 bonum‘;
1214 4655 1259 4710 si
1290 4665 1464 4710 tamen
1504 4655 1667 4709 ullum
1709 4666 1791 4710 est
1834 4657 2060 4727 (loquor

479 4752 621 4807 enim
661 4749 952 4806 secundum
983 4757 1214 4804 vestram
1255 4749 1561 4816 Opinionem
1589 4767 1602 4804 :
1635 4759 1821 4804 natura
1861 4753 2059 4820 quippe

479 4843 611 4902 nihil
642 4850 819 4914 potest
844 4840 956 4895 fieri
991 4840 1221 4906 malum,
1253 4839 1393 4909 quod
1421 4837 1576 4894 bonis
1611 4840 1681 4894 sit
1707 4839 2055 4912 adjumento),

477 4952 543 4989 an
573 4949 758 4992 creare
784 4948 851 4988 ex
889 4948 996 4988 non
1036 4929 1402 4988 exstantibus?
1429 4929 1566 4996 Quid
1603 4939 1686 4984 est
1716 4930 1921 4986 facilius
1950 4931 2058 5002 (de

478 5025 731 5097 qualitate
753 5024 987 5093 loquor).
1011 5038 1076 5078 an
1100 5022 1406 5091 qualitatem
1428 5036 1547 5091 quae
1567 5036 1671 5076 non
1692 5022 1763 5076 sit
1783 5021 2055 5087 inducere,

480 5127 572 5176 aut
599 5131 720 5192 qua;
747 5115 816 5170 sit
841 5115 894 5169 in
921 5113 1246 5170 contrarium
1272 5111 1518 5172 mutare?
1545 5111 1672 5181 quid
1702 5111 1931 5178 facilius,
1963 5112 2058 5166 do—

541 5251 559 5284 ι
597 5248 652 5304 In
674 5261 772 5302 uno
793 5246 965 5296 codice
990 5245 1195 5308 legitur,
1220 5244 1274 5300 id
1307 5245 1434 5308 quod
1468 5251 1648 5297 natura
1689 5244 1751 5296 sit
1784 5243 1964 5295 malum
1985 5247 2059 5308 fa-

475 5323 587 5362 cere
607 5309 807 5365 malum.
832 5306 1328 5371 Omnino'assentior'
1351 5306 1557 5371 Βοιωωῇ
1598 5309 1894 5371 conjectura:
1933 5306 2056 5371 apud

475 5371 718 5434 savilium,
737 5372 821 5434 qui
845 5376 981 5433 putat
1020 5368 1288 5432 legendum
1307 5404 1321 5429 ,
1344 5369 1396 5418 id
1420 5369 1547 5432 quod
1577 5368 1755 5420 natura
1794 5368 1856 5419 sit
1876 5368 2059 5419 malum

473 5433 877 5559 (012361113333;
896 5492 1261 5547 Manichaeorum
1283 5491 1462 5559 Opinio,
1485 5493 1566 5554 qui
1590 5491 1834 5559 malitiam,
1851 5505 1940 5540 seu
1960 5505 2057 5542 ma-

474 5553 606 5617 lum;
623 5571 719 5607 non
742 5556 892 5615 nasci,
916 5559 1004 5604 sed
1032 5567 1232 5617 semper
1257 5553 1512 5617 exstitisse
1529 5555 1776 5614 putabant.
1804 5561 1980 5602 liminum
2006 5563 2058 5604 et

478 5615 658 5668 malum
696 5619 844 5672 deum
887 5630 1001 5666 esse
1043 5616 1360 5677 asserebant,
1397 5615 1480 5676 qui
1518 5616 1648 5663 inter
1679 5628 1735 5663 se
1762 5624 2055 5677 pugnarent.

479 5681 613 5738 quod
639 5681 820 5730 erroris
841 5685 1108 5728 monstrum
1139 5685 1258 5726 ante
1292 5675 1465 5727 Christi
1498 5675 1912 5739 adventumapud
1937 5690 2059 5738 gen-

477 5737 592 5814 tiles
613 5740 892 5814 iit/Egyp‘to
914 5739 1106 5814 ψει-ει,
1141 5752 1236 5814 qua
1275 5739 1345 5814 de
1371 5737 1739 5814 ret’lutarc‘bus
1773 5737 1974 5814 iuiliblro
1994 5741 2057 5789 de

476 5800 905 5924 magistr-iride.
932 5801 1059 5854 intra
1077 5800 1275 5869 qucque
1297 5810 1466 5853 contra
1487 5800 1773 5855 Μεωίειιιεοε
1789 5810 1892 5865 agit
1908 5800 2057 5866 Chry-

2175 521 2320 561 mmn
2349 521 2466 576 quia
2494 521 2601 561 non
2637 507 2707 561 sit
2732 516 2974 573 struere,
3011 521 3078 560 an
3105 504 3370 561 desertam
3410 511 3748 563 restaurare?

2173 596 2392 652 Planum
2424 606 2507 652 est
2547 597 2676 652 illud
2703 611 2822 652 esse
2862 597 3084 652 facilius.
3129 598 3268 668 Ergo
3296 597 3396 652 hoc
3426 599 3751 670 impossibile

2170 701 2284 755 est;
2308 691 2448 746 sicut
2471 701 2651 746 autem
2677 693 2779 746 hoc
2803 691 2918 746 fieri
2949 691 3149 760 nequit,
3181 693 3252 747 ita
3273 704 3326 747 et
3353 693 3480 748 illud
3503 694 3751 764 impossi-

2172 783 2275 839 bile
2302 793 2415 848 est,
2439 798 2631 851 nempe
2658 783 2710 838 in
2735 783 3060 838 contrarium
3091 784 3322 853 operari.

2241 877 2292 932 5.
2329 876 2426 932 Dic
2451 876 2604 939 mihi,
2630 875 2757 945 quid
2786 875 3052 930 difficilius
3077 885 3192 941 εει,
3227 886 3548 944 unguentum
3577 877 3748 932 eonfio

2168 985 2311 1036 cere,
2337 978 2428 1023 aut
2455 969 2568 1024 luto
2594 969 2699 1022 vim
2727 967 2943 1034 inferre,
2971 978 3024 1022 ul
3047 984 3108 1023 ea
3130 984 3248 1039 qua:
3271 980 3594 1038 unguentum
3622 985 3748 1040 ope-
3805 1019 3817 1042 τ

2171 1064 2354 1117 retur?
2385 1063 2598 1129 Utrum,
2625 1077 2825 1132 qumso,
2869 1076 3052 1116 eorum
3082 1060 3288 1115 facilius
3321 1062 3440 1115 est?
3467 1062 3747 1132 (quando-
3823 1049 3831 1053 ”

2168 1155 2382 1224 quidem
2416 1156 2580 1210 Deum
2609 1154 2903 1210 ratiociniis
2941 1154 3138 1208 nostris
3180 1154 3525 1222 subjicimus;
3556 1164 3611 1208 at
3639 1171 3745 1209 non

2170 1261 2287 1311 nos,
2321 1246 2490 1310 absit;
2519 1247 2614 1301 sed
2639 1260 2735 1302 vos
2763 1246 2812 1300 id
2840 1245 3033 1315 facitis)
3063 1245 3249 1300 oculos
3277 1244 3538 1310 formare,
3571 1262 3636 1300 an
3666 1246 3746 1300 fa-

2167 1354 2324 1404 cere,
2355 1348 2413 1393 ut
2442 1354 2614 1394 ett-cus
2641 1354 2862 1392 manens
2889 1352 3062 1392 caicus
3096 1337 3304 1402 videat,
3337 1347 3390 1390 et
3415 1337 3620 1391 acutius
3663 1338 3747 1390 vi-

2167 1433 2358 1494 dente,
2387 1432 2625 1488 excitate
2657 1431 2725 1485 ad
2757 1432 2928 1486 visum
2973 1441 3172 1494 utatur,
3215 1431 3472 1486 surditate
3499 1433 3562 1484 ad
3589 1431 3748 1485 audio

2171 1526 2319 1579 tum?
2349 1524 2570 1580 Videtur
2611 1522 2742 1579 mihi
2787 1526 2936 1594 prius
2980 1525 3105 1578 illud
3153 1523 3382 1581 facilius.
3426 1524 3576 1591 Quod
3615 1537 3749 1594 ergo

2166 1617 2434 1672 difficilius
2455 1627 2566 1681 est,
2601 1619 2708 1673 Deo
2731 1617 3008 1682 concedis,
3037 1617 3178 1686 quod
3219 1617 3424 1672 facilius
3450 1634 3554 1672 non
3579 1618 3750 1674 item?

2167 1709 2272 1765 Sed
2302 1707 2429 1778 quid
2458 1709 2509 1763 in
2538 1709 2620 1762 his
2647 1708 2870 1764 insisto?
2897 1708 3068 1763 Etiam
3094 1709 3298 1762 animas
3328 1710 3509 1763 dicunt
3529 1725 3592 1763 ex
3619 1710 3750 1763 sub-

2165 1801 2357 1854 stantia
2384 1800 2481 1855 Dei
2510 1814 2646 1856 esse.
2676 1802 2745 1854 At
2769 1799 2888 1854 vide
2907 1809 3100 1870 quanta
3128 1800 3284 1868 impia
3312 1810 3366 1854 et
3393 1802 3548 1855 stulta
3573 1802 3750 1869 profe-

2167 1904 2303 1950 rant.
2334 1894 2466 1949 Dum
2491 1895 2717 1964 probare
2742 1895 3003 1960 nituntur,
3034 1894 3170 1947 mala
3199 1910 3263 1948 ex
3294 1894 3403 1949 Deo
3429 1909 3568 1958 esse,
3601 1894 3748 1949 aliud

2166 1987 2337 2057 magis
2373 1987 2590 2055 impium
2631 1985 2922 2040 inducunt:
2954 2001 3074 2039 nam
3107 1985 3191 2039 illa
3239 1986 3336 2054 ipsi
3366 1995 3748 2053 contempora-

2166 2095 2305 2144 nea,
2365 2093 2465 2134 nec
2517 2079 2682 2133 Demu
2738 2079 2838 2132 illis
2885 2079 3240 2147 antiquiorem
3296 2093 3416 2132 esse
3469 2087 3742 2142 statmmt,

2167 2181 2366 2228 tantam
2409 2171 2513 2226 illis
2554 2172 2956 2240 prwrogativatn
2991 2170 3120 2225 dare
3149 2186 3252 2224 non
3283 2170 3456 2224 veriti.
3495 2169 3748 2225 Secundo

2163 2267 2324 2319 etiam
2352 2264 2606 2319 malitiam
2633 2273 2876 2318 statuunt
2906 2264 3280 2316 immortalem.
3309 2263 3460 2328 Quod
3488 2263 3629 2316 enim
3658 2263 3749 2316 in—

2162 2357 2398 2426 genitum
2427 2367 2530 2422 est,
2549 2371 2838 2426 numquam
2869 2356 3068 2410 interit.
3096 2355 3298 2410 Videtis
3319 2355 3747 2424 blasphemiam?

2164 2450 2344 2520 Itaque
2369 2465 2588 2506 necesse
2614 2460 2729 2516 est,
2761 2459 2855 2504 aut
2891 2449 3023 2503 nihil
3049 2468 3078 2500 a
3106 2450 3216 2503 Deo
3241 2463 3390 2514 esse;
3421 2459 3514 2503 aut
3553 2449 3596 2502 si
3629 2450 3749 2504 haec

2163 2556 2270 2596 non
2291 2551 2436 2603 sunt,
2461 2558 2530 2597 ne
2563 2542 2727 2596 Demu
2755 2541 2967 2609 quidem
2989 2555 3128 2596 esse.
3161 2540 3362 2604 Tertio,
3389 2549 3448 2594 ut
3463 2540 3570 2607 jam
3594 2539 3702 2593 dixi
3724 2580 3744 2607 ,

2162 2633 2288 2688 hinc
2318 2633 2393 2688 illi
2415 2649 2596 2688 secum
2629 2642 2892 2702 pugnant,
2921 2640 2977 2686 et
3011 2633 3267 2703 majorem
3308 2631 3400 2686 Dei
3431 2632 3480 2685 iu
3514 2646 3574 2686 se
3601 2631 3744 2684 indi-

2162 2727 2464 2799 gnationem
2499 2737 2803 2796 provocant.
2833 2726 3065 2792 Quarto,
3097 2725 3236 2794 quod
3265 2725 3389 2779 huic
3434 2740 3536 2776 non
3563 2723 3746 2777 subsi-

2162 2822 2321 2876 stenti
2353 2820 2585 2874 materia:
2606 2826 2806 2875 tantam
2829 2819 2934 2871 vim
2959 2818 3208 2872 tribuant.
3231 2818 3447 2884 Quinto,
3471 2817 3610 2887 quod
3639 2831 3749 2870 ma-

2163 2913 2328 2967 litiam
2360 2912 2610 2967 bonitatis
2654 2910 2747 2965 Dei
2791 2925 3002 2963 causam
3034 2910 3197 2965 fuisse
3235 2909 3447 2975 dicant,
3495 2908 3748 2979 quodque

2161 3003 2278 3059 sine
2303 3003 2400 3058 hac
2421 3043 2436 3066 ,
2469 3005 2648 3068 aiunt,
2691 3001 2860 3056 bonus
2894 3001 2984 3056 ille
3011 3015 3118 3054 non
3157 3009 3301 3054 esset
3333 3001 3521 3054 bonus.
3553 2999 3742 3066 Sexto,

2160 3095 2301 3167 quod
2331 3095 2469 3149 viam
2493 3093 2645 3148 nobis
2671 3093 3000 3164 praecludant
3025 3094 3366 3164 perveniendi
3394 3093 3462 3148 ad
3483 3095 3750 3164 cognitio-

2163 3205 2284 3244 nem
2315 3188 2429 3245 Dei.
2455 3188 2713 3259 Scptimo,
2733 3187 2874 3258 quod
2899 3188 3063 3241 Deum
3085 3186 3151 3242 ad
3176 3186 3419 3242 homines
3452 3187 3743 3254 deducant,

2161 3280 2270 3336 imo
2295 3279 2360 3335 ad
2391 3280 2598 3350 plantas
2617 3290 2671 3334 et
2693 3280 2853 3348 ligna.
2883 3279 3090 3334 Etenim
3109 3278 3151 3331 si
3171 3278 3344 3332 anima
3363 3288 3540 3332 nostra
3561 3295 3624 3332 ex
3646 3277 3747 3333 Dei

2161 3374 2456 3428 substantia
2475 3383 2577 3436 est,
2599 3371 2892 3440 eademque
2911 3370 3086 3424 anima
3104 3369 3364 3440 demigrat
3383 3369 3435 3424 in
3461 3369 3600 3423 varia
3618 3384 3748 3422 cor-

2167 3480 2326 3535 pora,
2360 3466 2413 3518 in
2449 3478 2783 3526 cucumeres,
2805 3463 2858 3516 in
2887 3475 3141 3532 peponas,
3175 3461 3227 3515 in
3253 3475 3413 3530 cepas
3443 3479 3455 3513 :
3487 3475 3614 3530 ergo
3645 3460 3746 3515 Dei

2163 3559 2363 3629 pariter
2377 3557 2669 3613 substantia
2692 3558 2742 3610 in
2764 3570 3078 3612 cucumeres
3093 3555 3222 3610 abit.
3239 3554 3353 3609 lam
3377 3555 3421 3608 si
3447 3554 3749 3610 dixerimus

2159 3649 2413 3720 Spiritum
2432 3659 2672 3705 sanctum
2689 3648 3000 3703 eilormasse
3025 3649 3277 3716 templum
3297 3647 3347 3701 in
3373 3646 3609 3717 Virgine,
3643 3662 3749 3702 nos

2162 3742 2236 3797 illi
2254 3743 2498 3798 derident
2514 3759 2526 3795 :
2542 3742 2585 3797 si
2608 3741 2867 3802 dicamus,
2885 3739 3150 3794 habitasse
3170 3740 3220 3793 in
3239 3739 3502 3808 spirituali
3518 3741 3742 3809 templo,

2162 3849 2349 3892 rursus
2370 3835 2610 3889 irrident.
2636 3834 2748 3890 Nec
2770 3834 2931 3902 pudet
2952 3833 3071 3887 illos
3093 3832 3184 3888 Dei
3205 3834 3556 3890 substantiam
3580 3835 3630 3889 in
3649 3851 3752 3889 cu-

2161 3943 2426 3993 cumeres,
2448 3927 2498 3982 in
2525 3942 2775 3996 peponas,
2798 3928 2849 3980 in
2875 3941 3107 3991 muscas,
3132 3925 3362 3980 bruchus
3379 3935 3434 3980 et
3449 3927 3630 3980 asinos
3647 3927 3750 3982 de-

2161 4021 2378 4085 ducere,
2411 4035 2544 4074 nova
2575 4019 2886 4074 idololatria!
2905 4018 3083 4087 specie
3105 4028 3330 4088 reperta.
3360 4021 3429 4073 At
3456 4033 3558 4074 non
3585 4035 3746 4087 cepa,

2164 4113 2352 4179 inquit,
2373 4115 2423 4166 in
2447 4113 2558 4167 Deo
2583 4123 2692 4173 est;
2720 4111 2813 4165 sed
2841 4112 2976 4165 Deus
3000 4111 3052 4164 in
3074 4125 3202 4180 cepa
3219 4128 3234 4166 :
3251 4125 3426 4180 neque
3445 4111 3586 4164 enim
3611 4126 3746 4179 cepa

2169 4206 2305 4259 Deus
2321 4205 2499 4258 fuerit.
2514 4205 2622 4259 Cur
2641 4202 2841 4273 refugis
2856 4203 2944 4258 Dei
2958 4202 3396 4273 demigratiouem
3415 4203 3465 4256 in
3479 4218 3707 4272 Corpora
3725 4205 3750 4257 ?

2163 4297 2356 4367 Turpis
2379 4312 2463 4351 res
2489 4305 2590 4360 est,
2623 4299 2808 4365 inquit.
2833 4293 2992 4350 Multo
3017 4307 3164 4349 certe
3190 4295 3394 4362 turpius
3421 4295 3522 4348 hoc
3546 4305 3648 4349 est.
3675 4298 3750 4349 At

2165 4404 2270 4444 non
2303 4387 2474 4457 turpis
2513 4403 2600 4442 res
2641 4397 2742 4441 est.
2771 4385 3087 4454 Quomodo?
3115 4383 3554 4453 Quandoquidem
3598 4385 3641 4438 si
3692 4386 3747 4439 in

2165 4480 2318 4534 nobis
2342 4479 2450 4543 ﬁat,
2477 4493 2604 4533 vere
2629 4486 2780 4547 turpe
2799 4485 2900 4532 est.
2926 4475 3196 4530 Videtisne
3215 4476 3396 4529 faecem
3421 4473 3751 4544 impietatis?

2164 4573 2271 4629 Sed
2298 4589 2394 4627 cur
2421 4572 2606 4626 nolunt
2633 4585 2827 4639 corpus
2871 4568 3187 4639 resurgere?
3230 4567 3365 4634 Quid
3397 4567 3484 4622 hic
3523 4567 3702 4622 dicent
3725 4570 3750 4620 1'

2164 4665 2295 4732 Quia
2319 4679 2514 4733 corpus
2540 4663 2672 4716 mala
2696 4677 2780 4716 res
2802 4659 2919 4715 est?
2945 4662 3008 4714 Et
3031 4659 3318 4729 quomodo,
3347 4672 3544 4728 quaeso,
3574 4659 3749 4713 Deum

2165 4757 2342 4812 nosti?
2373 4756 2513 4810 unde
2536 4770 2712 4809 rerum
2738 4753 2977 4807 notitiam
3008 4750 3206 4806 habes?
3231 4751 3349 4816 Quo
3388 4760 3542 4818 pacto
3569 4749 3750 4817 philo-

2163 4848 2363 4917 sophus
2393 4855 2470 4902 est
2501 4843 2884 4915 philosophus,
2917 4843 2960 4896 si
2998 4842 3326 4896 nihilefiicit
3361 4840 3592 4910 corpus?
3635 4840 3752 4895 De-

2163 4949 2312 4994 strue
2349 4953 2569 5002 sensus,
2611 4946 2664 4992 et
2702 4935 2850 4990 disce
2885 4933 3080 5003 aliquid
3115 4947 3301 4987 eorum
3331 4948 3451 5002 qua:
3489 4931 3626 4986 scire
3663 4942 3759 4988 est.

2163 5046 2318 5100 Opus.
2343 5030 2478 5097 Quid
2499 5038 2675 5083 autem
2700 5025 3037 5096 iusipientius
3057 5034 3199 5080 esset
3218 5025 3416 5087 anima,
3441 5024 3485 5076 si
3501 5022 3569 5078 ab
3591 5022 3756 5078 initio

2165 5138 2354 5179 sensus
2394 5123 2614 5178 haberet
2643 5122 2892 5176 vitiatus?
2929 5120 3062 5174 Nam
3109 5121 3155 5174 si
3199 5135 3299 5174 una
3328 5121 3570 5190 corporis
3594 5133 3760 5188 parte

2167 5216 2379 5280 vitiata,
2412 5229 2604 5283 nempe
2637 5213 2879 5277 cerebro,
2910 5222 3017 5266 tota
3057 5212 3170 5280 ipsa
3199 5211 3442 5277 lmditur;
3472 5211 3516 5264 si
3548 5219 3756 5265 extera

2164 5323 2376 5376 quoque
2403 5306 2679 5370 vitientur,
2723 5305 2775 5356 in
2819 5319 2926 5373 quo
2966 5304 3112 5357 utilis
3149 5302 3288 5357 erit?
3333 5302 3566 5357 Ostende
3611 5302 3754 5356 mihi

2164 5398 2396 5452 animam
2424 5398 2538 5451 sine
2562 5411 2805 5466 corpore.
2832 5398 3018 5448 Annon
3047 5395 3199 5449 audis
3225 5395 3461 5450 medicos
3482 5396 3756 5462 dicentes,

2164 5490 2381 5544 Morbus
2409 5487 2752 5543 vehementer
2778 5486 3027 5540 obscurat
3051 5486 3324 5540 animam?
3347 5486 3630 5556 Quousque
3655 5502 3760 5540 vos

2164 5583 2498 5652 strangulare
2535 5579 2833 5635 differetis?
2861 5580 3027 5644 Num,
3061 5594 3243 5649 quiest»
3265 5621 3280 5650 ,
3321 5596 3517 5650 corpus
3539 5595 3602 5633 ex
3633 5597 3760 5631 ma-

2168 5676 2299 5732 teria
2326 5675 2444 5728 est?
2475 5673 2637 5727 Recte
2662 5673 2898 5743 quidem.
2924 5671 3064 5740 Ergo
3089 5673 3256 5741 ipsum
3283 5673 3457 5728 odisse
3475 5673 3712 5741 oportuit
3731 5688 3753 5727 :

2165 5782 2399 5837 curergu
2422 5767 2590 5835 ipsum
2613 5767 2733 5829 alis,
2753 5782 2848 5819 cur
2867 5765 3046 5818 foves?
3066 5767 3138 5834 (ιι)
3159 5765 3320 5837 [Ergo
3344 5771 3562 5835 teip~mu
3589 5768 3742 5822 inter

2231 5861 2306 5927 (α)
2340 5869 2454 5924 Qua:
2475 5861 2666 5912 uncinis
2688 5858 2976 5912 clauduntur
2994 5857 3173 5909 desunt
3199 5861 3246 5907 iu
3270 5863 3552 5923 quibusdam
3573 5868 3683 5911 διει.
