4024 6544
273 358 336 416 5|
1257 381 1325 437 IN
1361 383 1540 440 ACTA
1581 387 2129 448 APOSTOLORUM.
2168 395 2400 454 IIOMIL.
2438 401 2502 456 ΙΙ.
2929 468 2939 477 _
3454 417 3522 471 δὲ

270 480 375 549 τὴν
428 478 725 538 ἀνάστασιν
763 484 986 554 βεϐαιοῖ.
1032 488 1095 544 Εἰ
1149 495 1257 566 γὰρ
1291 499 1428 567 μετά
1454 499 1708 571 σώματος
1752 503 1845 556 ἀν-

271 571 504 665 ελήφθη,
555 573 731 665 πολλῷ
765 579 963 647 μᾶλλον
1013 583 1150 652 μετά
1196 585 1448 658 σώματος
1479 591 1698 665 ἀνέστη.
1731 592 1844 648 Ποῦ

272 663 414 715 εἰσιν
458 666 507 717 οἱ
550 664 955 734 διαπιστοῦντες
996 675 1062 745 τῇ
1101 676 1424 744 ἀναστάσει;
1456 681 1599 746 τίνες
1665 663 1840 750 εἰσίν;

275 755 411 845 εἰπέ
422 773 512 824 μοι
529 775 542 787 ο
566 758 846 829 Ἕλληνες.
873 762 905 832 ἢ
928 765 1264 836 Χριστιανοί;
1288 771 1468 839 ἀγνοῶ
1488 775 1618 845 γάρ’
1647 776 1846 844 μᾶλλον

273 845 330 899 δὲ
366 843 484 900 οἶδα
533 850 794 920 ἀκριϐῶς.
830 855 1084 926 Ἕλληνες
1131 861 1239 932 γάρ
1270 865 1426 926 εἰσιν,
1466 867 1515 918 οἱ
1547 843 1727 938 καὶγτῇ
1753 869 1846 940 δη-

274 939 538 1011 μιουργία
562 942 662 1011 τῆς
691 945 922 1009 κτίσεως
949 947 1371 1017 διαπιστοῦντες.
1397 955 1515 1009 Τῶν
1536 959 1642 1029 γὰρ
1669 961 1845 1014 αὐτῶν

268 1029 386 1082 ἐστι
421 1031 498 1102 μὴ
528 1039 830 1106 συγχωρεῖν
854 1037 912 1102 ἐξ
961 1041 1059 1094 οὐκ
1106 1044 1274 1098 ὄντων
1303 1051 1476 1100 ποιεῖν
1501 1066 1553 1101 τι
1596 1050 1671 1121 τῷ
1703 1052 1842 1123 Θεῷ,

267 1122 365 1215 καὶ
396 1124 470 1175 τά
484 1125 712 1195 κείμενα
742 1128 816 1200 μὴ
848 1129 1026 1200 λέγειν
1056 1134 1217 1188 αὐτὸν
1235 1139 1474 1211 ἀνιστᾷν.
1504 1136 1638 1196 Εἶτα
1659 1122 1846 1215 αἰσχυο

266 1213 512 1283 νόμενοι,
543 1217 624 1270 ὅτι
654 1219 753 1272 οὐκ
777 1223 923 1275 ίσασι
949 1223 1049 1293 τὴν
1093 1225 1320 1297 δύναμιν
1346 1230 1440 1283 τοῦ
1467 1233 1624 1297 Θεοῦ,
1659 1213 1844 1308 ἵναμὴ

263 1306 433 1360 τοῦτο
473 1311 833 1378 ὲγκαλῶνται,
867 1319 1030 1382 φασίν
1051 1335 1066 1350 ο
1097 1321 1168 1373 Οὐ
1201 1321 1288 1376 διὰ
1314 1323 1471 1377 τοῦτο
1494 1325 1665 1380 ταῦτα
1696 1306 1848 1395 λέγοέ

269 1417 393 1468 μεν,
427 1403 543 1457 ἀλλ’
571 1406 652 1458 δτι
683 1407 744 1460 οὐ
789 1410 948 1479 χρεία
997 1410 1263 1482 σώματος.
1318 1415 1589 1489 Εὕκαιρον
1633 1419 1846 1492 ἀληθῶς

263 1495 483 1547 εἰπεῖν’
544 1496 597 1550 Ὁ
628 1497 741 1566 γὰρ
768 1499 966 1568 μωρὸς
1004 1504 1169 1571 μωρὰ
1203 1507 1483 1574 λαλήσει.
1516 1511 1626 1563 Οὐκ
1655 1511 1842 1581 αἰσχύ-

262 1585 430 1639 νεσθε
457 1588 515 1653 έξ
551 1588 649 1642 οὐκ
679 1589 848 1646 ὄντων
876 1593 1027 1647 οὐδὲν
1069 1595 1301 1662 διδόντες
1351 1604 1522 1653 ποιεῖν
1561 1602 1652 1654 τὸν
1680 1605 1842 1670 Θεόν;

260 1677 331 1730 Εί
350 1678 410 1732 δὲ
441 1679 499 1746 ἐξ
527 1680 695 1735 ὄντων
724 1686 888 1749 ποιεῖ,
917 1686 970 1738 τί
999 1686 1240 1759 διαφέρει
1265 1689 1370 1743 τῶν
1403 1691 1734 1764 ἀνθρώπων;

349 1817 514 1871 Ἀλλά
540 1818 726 1885 πόθεν,
750 1822 905 1893 φησὶ,
930 1823 1000 1876 τὰ
1024 1824 1204 1891 κακάς
1240 1825 1330 1896 Μὴ
1362 1827 1489 1897 γὰρ.
1519 1829 1706 1898 ἐπειδὴ
1742 1831 1842 1884 οὐκ

255 1904 415 1973 οἶδας
444 1911 632 1977 πόθεν,
665 1913 850 1984 ἕτερον
889 1915 1121 1983 ὀφείλεις
1150 1918 1460 1987 ἐπεισάγειν
1489 1920 1657 1974 κακὸν
1685 1925 1741 1976 ὲν
1775 1925 1839 1995 τῇ

255 2001 467 2068 γνώσει
515 2004 627 2057 τῶν
654 2006 872 2074 κακῶν;
903 2007 1006 2062 Δύο
1037 2009 1144 2082 γὰρ
1176 2011 1382 2079 γίνεται
1411 2010 1616 2066 ἄτοπα·
1649 2013 1706 2065 ἓν
1741 2014 1842 2084 μὲν

251 2091 378 2157 οὖν,
400 2096 484 2148 ὅτι
511 2095 672 2150 τοῦτο
691 2097 868 2167 λέγειν
891 2101 1097 2172 τολμᾷς
1113 2119 1126 2132 ·
1153 2103 1201 2155 εἰ
1231 2102 1339 2174 γὰρ
1367 2104 1440 2174 μὴ
1472 2103 1647 2174 λέγεις
1670 2106 1728 2173 ἐξ
1744 2107 1844 2160 οὐκ

249 2186 435 2238 ὄντων
459 2187 531 2241 τά
565 2187 696 2242 δντα
744 2192 920 2244 ποιεῖν
961 2191 1052 2244 τὸν
1099 2191 1252 2257 Θεὸν,
1297 2193 1475 2265 πολλῷ
1520 2195 1720 2265 μᾶλλον
1745 2197 1845 2251 οὐκ

250 2275 384 2345 εἴσῃ
417 2276 587 2329 πόθεν
632 2277 703 2332 τὰ
758 2277 932 2332 κακά’
964 2278 1150 2350 ἕτερον
1179 2279 1253 2342 δὲ,
1300 2281 1383 2335 ὅτι
1431 2282 1693 2352 ἀγένητον
1747 2284 1844 2355 τὴν

253 2367 512 2420 κακίανι
543 2369 708 2422 τοῦτο
741 2367 915 2438 λέγων
947 2371 1204 2439 εἰσάγεις.
1247 2373 1549 2442 Ἐννόησον,
1576 2374 1698 2429 ὅσον
1727 2376 1845 2429 ἐστὶ

253 2459 522 2529 χαλεπὸν,
570 2460 890 2531 βουλόμενον
938 2464 1116 2533 εὑρεῖν
1143 2464 1242 2534 τὴν
1274 2465 1456 2536 πηγὴν
1488 2466 1596 2522 τῶν
1635 2466 1841 2532 κακῶν,

252 2553 468 2622 ταύτην
496 2571 560 2606 τε
589 2555 877 2625 ἀγνοῆσαι,
907 2557 1002 2610 καὶ
1059 2557 1250 2629 ἑτέραν
1283 2559 1596 2630 προσθεῖναι
1626 2561 1765 2631 αὐτῇ
1788 2561 1840 2616 δ.

256 2644 422 2716 Ζήτει
453 2646 626 2700 πόθεν
658 2647 728 2700 τὰ
770 2649 936 2709 κακὰ.
965 2650 1060 2702 καὶ
1103 2651 1179 2722 μὴ
1223 2649 1530 2723 βλασφήμει
1561 2653 1653 2706 τὸν
1685 2653 1837 2708 Θεόν.

259 2739 369 2792 Καὶ
400 2738 524 2801 πῶς
584 2739 913 2810 βλασφημῶ,
971 2743 1136 2813 φησί;
1169 2743 1233 2796 Τί
1276 2742 1565 2812 λέγειςςού
1598 2745 1841 2816 βλασφη-

262 2834 405 2901 μεῖς,
455 2832 592 2886 ὅταν
624 2833 888 2902 ἀγένητον
924 2835 1151 2904 εἰσάγῃς
1207 2833 1268 2887 τὸ
1299 2837 1506 2901 κακὸν;
1542 2837 1670 2890 ὅταν
1729 2837 1842 2891 ῐσον

259 2926 521 2980 δύνασθαι
560 2925 640 2998 τῷ
671 2925 789 2997 Θεῷ
819 2931 1137 2998 συγχωρῇςς
1179 2927 1306 2981 ὅταν
1339 2927 1582 3000 ἰσοσθενῆ
1615 2928 1842 3000 δύναμιν

263 3022 484 3093 εἰσάγῃς
532 3022 647 3075 τῶν
681 3021 904 3088 κακῶν;
935 3022 1062 3076 ὅταν
1111 3021 1404 3092 ἀγένητον;
1437 3023 1579 3096 Ὅρα
1631 3023 1760 3097 γὰρ,
1786 3024 1841 3078 τί

270 3131 422 3183 φησιν
441 3115 468 3166 ό
491 3112 730 3176 Παῦλος
760 3113 838 3168 Τὰ
863 3113 970 3183 τὰρ
990 3113 1211 3181 ἀόρατα
1235 3113 1422 3168 αὐτοῦ
1441 3114 1560 3170 ἀπὸ
1591 3115 1841 3182 κτίσεως

277 3206 490 3273 κόσμου
546 3204 680 3271 τοῖς
727 3204 1018 3274 ποιήμασι
1068 3206 1365 3275 νοούμενα
1401 3205 1737 3274 καθορᾶται.
1781 3207 1840 3261 '0

276 3297 447 3366 μέντοι
463 3296 716 3360 διάϐολος
741 3296 1026 3367 ἀμφότερα
1049 3299 1247 3368 ἔφησεν
1281 3295 1420 3352 εἶναι
1448 3297 1547 3368 τῆς
1571 3298 1722 3370 ὕλης,
1754 3300 1842 3354 ἵνα

269 3387 580 3458 μηδαμόθεν
624 3387 813 3441 λοιπὸν
846 3387 938 3440 τὸν
959 3386 1091 3440 Θεὸν
1116 3388 1450 3458 ὲπιγνῶμεν.
1484 3389 1548 3442 Τί
1575 3389 1682 3461 γὰρ
1713 3389 1841 3445 δυσ-

259 3478 564 3548 κολώτερον
583 3497 598 3542 ς
618 3478 742 3532 εἰπέ
764 3494 876 3550 μοι’
908 3484 933 3514 ε
957 3479 1019 3532 τὸ
1043 3479 1200 3548 φύσει
1230 3479 1399 3534 κακὸν
1425 3479 1588 3534 καλὸν
1617 3484 1842 3551 ποιῆσαι

257 3571 334 3638 (εἴ
351 3570 418 3641 γέ
445 3571 638 3624 τίὲστι
659 3587 672 3600 ·
703 3570 824 3624 καθ’
859 3571 1004 3643 ὑμᾶς
1029 3570 1136 3642 γὰρ
1158 3571 1300 3641 λέγω
1319 3588 1333 3604 ο
1369 3571 1528 3642 φύσει
1557 3573 1666 3643 γὰρ
1690 3575 1841 3628 οὐδὲν

251 3666 370 3717 ἔστι
418 3664 649 3734 ποιῆσαι
707 3664 878 3719 κακὸν
909 3663 1076 3718 καλοῦ
1128 3664 1433 3736 συνεργὸν),
1487 3667 1610 3738 ἥτὸ
1654 3669 1712 3736 ἐξ
1741 3669 1841 3723 οὐκ

247 3758 454 3823 ϐντων;
487 3758 558 3810 Τί
579 3757 944 3828 εὐκολώτερον
981 3757 1079 3830 (ὡς
1104 3759 1198 3812 ἐπὶ
1225 3759 1508 3831 ποιότητος
1533 3760 1719 3834 λέγω),
1742 3763 1840 3835 τὴν

245 3851 353 3904 οὐκ
385 3847 564 3904 οὖσαν
616 3849 887 3922 ποιότητα
933 3851 1320 3924 εἰσαγαγεῖν,ἢ
1352 3853 1452 3915 τὴν
1482 3849 1647 3907 οῦσαν
1681 3872 1841 3924 μετα-

248 3941 442 3995 ϐαλεῖν
481 3944 567 4005 εἰς
603 3941 668 3996 τὸ
707 3942 982 4008 ἐναντίον;
1008 3942 1061 3996 τί
1086 3941 1472 4015 εὐκολώτερον,
1491 3944 1591 4015 τὴν
1626 3945 1725 3998 οὐκ
1753 3940 1841 3999 οῦ-

243 4051 358 4087 σαν
373 4034 562 4088 οἰκίαν
587 4035 833 4105 ποιῆσαι,
855 4035 889 4106 ἢ
910 4033 1007 4106 τὴν
1031 4033 1235 4107 ἔρημον
1260 4030 1422 4088 οὖσαν
1449 4035 1654 4090 ἀνωθεν
1674 4037 1840 4107 ἐργά-

244 4125 460 4179 σασθαι
478 4141 493 4190 ;
511 4123 773 4194 Εὔδηλον,
801 4125 884 4178 ὅτι
906 4126 1103 4181 ἐκεῖνο.
1132 4126 1339 4180 Οὐκοῦν
1363 4125 1521 4181 τοῦτο
1557 4127 1837 4184 ἀδύνατον.

245 4219 476 4288 Ὥσπερ
503 4213 601 4272 οῦν
619 4215 780 4270 τοῦτο
813 4218 1115 4289 ἀμήχανον,
1142 4217 1284 4273 οὕτω
1323 4220 1417 4274 καὶ
1447 4221 1623 4274 ἐκεῖνο
1649 4221 1836 4275 ἀδύνα-

243 4329 372 4376 τον,
401 4313 480 4375 εἰς
509 4312 572 4364 τὸ
592 4311 833 4365 ἐναντίον
865 4310 1009 4380 λέγω
1041 4312 1100 4366 τὸ
1128 4314 1383 4383 ἐνεργεῖν.

323 4426 393 4482 ε’.
413 4427 553 4480 Εἰπέ
573 4444 683 4496 μοι,
700 4426 754 4480 τί
774 4425 1170 4498 δυσκολώτερον
1188 4443 1203 4492 ;
1225 4426 1394 4498 μύρον
1411 4429 1838 4494 κατασκευάσαι,

236 4521 279 4593 ἢ
309 4519 412 4574 τὸν
441 4518 708 4590 βόρϐορον
741 4517 1034 4588 βιάσασθαι
1047 4520 1117 4571 τά
1145 4518 1240 4572 τοῦ
1263 4518 1434 4588 μύρου
1461 4521 1837 4592 ὲργάσασθαι;

238 4614 315 4667 Τί
343 4609 742 4681 εὐκολώτερον,
778 4609 902 4662 εἰπέ
946 4625 1058 4680 μοι,
1089 4608 1292 4662 τούτων
1330 4611 1538 4682 (ἐπειδὴ
1565 4614 1679 4675 τοῖς
1707 4613 1841 4683 ήμε-

236 4708 441 4777 τέροις
489 4702 777 4773 λογισμοῖς
828 4701 920 4754 τὸν
963 4701 1093 4757 Θεὸν
1141 4701 1550 4772 ὑποϐάλλομεν,
1605 4704 1718 4756 ἀλλ’
1743 4704 1841 4774 οὐχ

235 4802 454 4872 ἡμεῖς·
486 4795 566 4868 μὴ
609 4797 848 4864 γένοιτο·
883 4794 994 4848 ἀλλ’
1033 4795 1232 4866 ὑμεῖς),
1260 4795 1568 4866 ὀφθαλμοὺς
1617 4797 1838 4860 πλάσαι,

233 4895 273 4964 ἢ
310 4889 532 4959 τυφλὸν
570 4888 798 4958 ποιῆσαι
835 4886 1051 4958 βλέπειν
1081 4887 1310 4958 μένοντα
1344 4888 1566 4957 τυφλὸν,
1600 4891 1694 4941 καὶ
1728 4888 1844 4953 ὀξυ-

230 4984 371 5040 ωπέ
380 4999 580 5053 στερον
596 4980 689 5033 τοῦ
709 4979 1018 5051 βλέποντος.
1034 4981 1127 5034 καὶ
1139 4983 1204 5051 τῇ
1224 4980 1510 5050 τυφλότητι
1526 4983 1841 5052 ἀποχρήσα-

231 5078 382 5130 σθαι
401 5073 524 5147 [21]
542 5074 622 5136 εἱς
647 5071 855 5142 βλέψιν,
885 5073 980 5125 καὶ
996 5073 1061 5141 τῇ
1074 5072 1350 5140 κωφότητι
1371 5073 1450 5134 εἰς
1471 5072 1659 5142 ἀκοήν;
1691 5073 1843 5142 Ἐμοὶ

227 5171 406 5223 δοκεῖ
453 5168 658 5219 ἐκεῖνο.
713 5165 788 5217 Τὸ
827 5162 1228 5233 δυσκολώτερον
1270 5159 1364 5216 οὖν
1400 5163 1554 5226 δίδως
1583 5165 1663 5234 τῷ
1700 5164 1842 5235 Θεῷ,

227 5258 379 5313 εἰπέ
412 5275 531 5329 μοι,
570 5257 668 5310 καὶ
688 5255 749 5308 τὸ
793 5253 1156 5325 εὐκολώτερον
1189 5254 1342 5324 οὐχί;
1381 5255 1445 5308 Τί
1481 5256 1623 5322 λέγω
1645 5255 1841 5322 τοῦτο;

243 5348 434 5402 ’Λλλά
462 5347 560 5399 καὶ
580 5349 680 5408 τὰς
703 5345 879 5414 ψυχὰς
907 5346 973 5397 ἐκ
1003 5345 1102 5415 τῆς
1142 5345 1332 5408 οὐσίας
1361 5345 1525 5398 αὐτοῦ
1573 5343 1709 5398 εἷναί
1743 5365 1844 5415 φα-

231 5453 355 5490 σιν.
409 5432 556 5486 Ἀλλ’
583 5432 707 5503 δρα,
753 5431 897 5485 πόσα
924 5433 991 5485 τὰ
1025 5432 1193 5503 ἀσεϐῆ
1227 5433 1321 5485 καὶ
1351 5434 1571 5504 ἀνόητα.
1598 5434 1842 5505 Πρῶτον,

232 5528 586 5602 βουλόμενοι
621 5525 813 5592 δεῖξαι,
843 5526 925 5579 ὅτι
965 5529 1028 5579 ἐκ
1067 5525 1156 5578 τοῦ
1188 5526 1322 5580 Θεοῦ
1349 5528 1418 5581 τὰ
1466 5529 1630 5590 κακά,
1659 5529 1844 5600 ἕτερον

229 5623 456 5677 τούτου
487 5621 849 5691 ἀσεϐέστερον
884 5621 1264 5688 ἐπεισάγουσιν
1289 5637 1303 5652 ο
1324 5622 1594 5692 δμόχρονα
1625 5622 1733 5694 γὰρ
1749 5625 1846 5676 αὐ-

231 5717 343 5789 τῷ,
393 5716 496 5770 καὶ
526 5713 741 5777 οὐδενὸς
771 5713 796 5752 δ
834 5715 1013 5767 αὐτῶν
1064 5714 1432 5786 πρεσϐύτερον
1461 5716 1548 5769 τὸν
1589 5717 1718 5769 Θεὸν
1760 5717 1847 5770 λέ-

303 5856 338 5885 .
375 5853 674 5913 Ἀγέννητον
695 5853 782 5908 τήν
800 5851 992 5910 κακίαν,
1015 5852 1125 5900 Non
1150 5852 1357 5913 genitam
1383 5849 1635 5902 malitiam.
1703 5853 1731 5893 Β
1752 5853 1848 5904 Alii

1017 5917 1038 5944 ε
1081 5915 1214 5963 Unus
1257 5916 1392 5964 cod..
1425 5915 1480 5961 τὸ
1519 5915 1656 5975 φύσει
1695 5917 1848 5964 κακὸν

243 5974 419 6041 misy
464 5974 684 6041 ποιῆσαι.
719 5974 984 6041 Ιξουιιεειιε.
1013 5976 1331 6041 υιιυάᾐδονίιη
1367 5974 1630 6041 legendum
1655 5979 1850 6041 conﬁcit

240 5919 427 5981 ἕτερον
462 5913 755 5981 προσθεῖναί
784 5914 932 5973 αὐτῷ.

243 6042 305 6088 τε
329 6039 487 6103 φύσει
513 6039 666 6085 κακὸν
687 6037 830 6086 καλὸν
851 6043 1068 6094 ποιήσαι.
1134 6038 1162 6076 ά
1201 6040 1297 6089 Alii
1327 6040 1406 6086 καὶ
1451 6039 1600 6087 οὐδέν.

1949 525 2126 579 γουσι,
2152 514 2212 565 τὸ
2246 515 2416 588 γέρας
2445 519 2506 571 τὸ
2539 518 2682 589 μέγα
2713 523 2806 576 καὶ
2838 524 3021 591 αὐτοῖς
3057 528 3254 584 διδόναι
3283 532 3525 604 τολμῶν-

1948 619 2057 667 τες.
2098 607 2359 679 Δεύτερον
2380 652 2393 675 ,
2432 613 2524 664 καὶ
2547 613 2848 687 ἀνώλεθρον
2869 619 2967 690 τὴν
2998 625 3194 677 κακίαν
3230 627 3393 692 φασίν
3414 642 3426 654 ·
3462 627 3521 679 οὐ

1947 700 2055 770 γάρ
2076 701 2134 754 τὸ
2153 703 2447 774 ἀγέννητον
2463 707 2786 779 ἀναιρεῖται.
2819 713 3006 782 Ὁρᾶτε
3028 714 3125 786 τὴν
3139 716 3485 790 βλασφημίαν
3505 738 3520 785 ;

1948 793 2109 846 Ὥστε
2144 797 2393 867 ἀνάγκη.
2439 801 2471 870 ἢ
2503 802 2670 872 μηδὲν
2719 805 2813 858 τοῦ
2864 807 2997 860 Θεοῦ
3034 807 3206 862 εἶναι’
3252 813 3326 883 ἢ,
3368 815 3414 865 εἰ
3449 813 3522 884 μὴ

1946 884 2117 939 ταῦτα
2136 930 2151 955 ,
2192 891 2282 941 καὶ
2317 892 2448 945 Θεὸν
2486 896 2558 965 μὴ
2584 891 2740 949 εἶναι.
2775 899 2969 970 Τρίτον
2999 903 3136 972 ὅπερ
3165 902 3322 972 ἔφην,
3349 904 3521 977 ταύτῃ

1945 997 2024 1032 τοι
2061 983 2355 1053 πολεμοῦσι
2378 988 2468 1040 καὶ
2496 989 2647 1042 αὐτοὶ
2668 990 2898 1055 ἑαυτοῖς,
2923 995 3014 1045 καὶ
3050 1001 3522 1062 προσαγανακτεῖν

1944 1072 2036 1126 τὸν
2090 1075 2220 1126 Θεὸν
2260 1075 2458 1145 μᾶλλον
2501 1081 3034 1148 παρασκευάζουσιν.
3081 1085 3388 1155 Τέταρτον,
3421 1088 3521 1158 τὴν

1945 1162 2177 1217 ἄστατον
2209 1165 2341 1236 ὓλην
2379 1167 2647 1241 τοσαύτην
2678 1172 3086 1244 ἐπιτηδειότητα
3116 1177 3258 1246 ἔχειν
3295 1177 3517 1233 διδόασι.

1946 1253 2220 1323 Πέμπτον,
2252 1256 2350 1327 τῆς
2383 1258 2716 1330 ἀγαθότητος
2741 1262 2833 1313 τοῦ
2854 1263 2987 1317 Θεοῦ
3017 1267 3111 1337 τὴν
3147 1271 3411 1338 πονηρίαν
3439 1272 3524 1322 αἰ-

1945 1351 2064 1404 τίαν
2102 1353 2232 1420 φασὶ
2254 1352 2604 1422 γεγενῆσθαι,
2640 1358 2734 1409 καὶ
2755 1357 2835 1410 ὅτι
2858 1359 3023 1430 χωρὶς
3049 1361 3251 1430 ταύτης
3269 1365 3296 1414 ὀ
3319 1362 3522 1429 ἀγαθὸς

1944 1442 2042 1494 οὐκ
2073 1437 2141 1513 ἦν
2164 1444 2392 1510 ἀγαθός.
2428 1446 2644 1514 Ἕκτον,
2685 1447 2783 1512 τὰς
2828 1449 2981 1515 ὀδοὺς
3019 1454 3148 1522 ἡμῖν
3175 1455 3519 1509 ἀποκλείουσι

1943 1535 2042 1606 τῆς
2075 1535 2422 1606 θεογνωσίας.
2463 1540 2730 1612 Ἐϐδομον
2750 1582 2763 1605 ,
2796 1541 2887 1596 τὸν
2928 1545 3060 1596 Θεὸν
3093 1550 3172 1610 εἰς
3201 1547 3520 1618 ἀνθρώπους

1943 1628 2262 1696 κατάγουσι,
2304 1631 2398 1685 καὶ
2433 1632 2607 1700 φυτά,
2640 1636 2731 1686 καὶ
2768 1635 2918 1700 ξύλα.
2961 1637 3022 1688 Εἰ
3052 1639 3160 1707 γὰρ
3191 1641 3222 1708 ἡ
3255 1641 3350 1708 μὲν
3384 1643 3522 1710 ἡμε-

1941 1719 2079 1789 τέρα
2099 1719 2243 1792 ψυχὴ
2271 1722 2372 1792 τῆς
2399 1724 2492 1776 τοῦ
2519 1723 2654 1777 Θεοῦ
2684 1727 2870 1790 οὐσίας
2906 1729 3070 1793 ἐστὶν,
3099 1732 3130 1800 η
3162 1731 3216 1782 δὲ
3255 1749 3524 1799 μετενσω-

1948 1816 2188 1883 μάτωσις
2215 1817 2307 1868 καὶ
2346 1819 2425 1879 εἰς
2450 1820 2670 1882 σικυοὺς
2713 1819 2806 1871 καὶ
2847 1821 3087 1884 πέπονας
3136 1823 3376 1876 ἐκϐαίνει
3426 1825 3521 1879 καὶ

1943 1907 2202 1978 κρόμμυα
2224 1924 2238 1939 ·
2277 1909 2385 1979 ἄρα
2418 1909 2512 1962 τοῦ
2542 1910 2674 1964 Θεοῦ
2725 1914 2758 1983 ἡ
2798 1913 2956 1966 οὐσία
2978 1915 3056 1976 εἰς
3083 1917 3300 1978 σικυοὺς
3341 1916 3517 1970 ἔσται.

1944 1999 2060 2052 Κᾶν
2090 1999 2189 2069 μὲν
2219 2001 2480 2072 εἴπωμεν,
2507 2003 2587 2056 ὅτι
2611 2003 2834 2074 Πνεῦμα
2855 2003 3008 2073 ἅγιον
3041 2006 3168 2058 ναὸν
3203 2009 3434 2062 ἔπλασεν
3463 2010 3521 2061 ἐν

1940 2094 2006 2162 τῇ
2053 2093 2350 2164 Παρθένῳ,
2381 2094 2788 2162 καταγελῶσιν·
2812 2095 2899 2160 ἂν,
2940 2098 3021 2150 ὅτι
3058 2098 3331 2168 ἐνῴκησεν
3354 2102 3410 2152 ἐν
3441 2100 3522 2171 τῷ

1942 2185 2300 2256 πνευματικῷ
2336 2185 2448 2256 ναῷ
2473 2226 2487 2251 ,
2521 2186 2682 2241 πάλιν
2717 2187 2968 2256 γελῶσιν.
3011 2190 3176 2242 Αὐτοὶ
3215 2191 3272 2244 δὲ
3321 2194 3414 2246 καὶ
3439 2194 3522 2257 εἰς

1944 2278 2160 2340 σικυοὺς
2193 2277 2287 2330 καὶ⁹
2321 2277 2582 2342 πέπονας,
2621 2279 2714 2332 καὶ
2758 2280 2942 2348 μυίας,
2981 2281 3076 2334 καὶ
3122 2282 3348 2346 κάμπας
3373 2323 3388 2348 ,
3427 2285 3521 2337 καὶ

1941 2369 2095 2433 ὅνους
2113 2368 2206 2422 τοῦ
2245 2369 2379 2423 Θεοῦ
2413 2371 2514 2443 τὴν
2537 2371 2725 2425 οὐσίαν
2757 2373 3083 2441 κατάγοντες
3108 2377 3208 2428 οὐκ
3238 2375 3520 2444 αἰσχύνον-

1941 2477 2054 2526 ται,
2084 2461 2268 2514 καινόν
2309 2478 2430 2515 τινα
2462 2461 2906 2534 εἰδωλολατρείας
2943 2465 3351 2536 ἐξευρίσκοντες
3392 2468 3520 2536 τρό-

1941 2569 2062 2607 πον.
2113 2553 2254 2606 Ἀλλ’
2269 2555 2329 2607 οὐ
2357 2553 2419 2608 τὸ
2455 2554 2736 2625 κρόμμυον
2766 2557 2823 2608 ὲν
2841 2554 2920 2625 τῷ
2949 2555 3068 2628 Θεῷ
3093 2568 3116 2596 θ
3136 2574 3149 2588 ·
3183 2557 3298 2611 ἀλλ’
3331 2559 3359 2609 ό
3387 2559 3520 2623 Θεὸς

1941 2648 2000 2699 ὲν
2027 2645 2106 2716 τῷ
2156 2644 2428 2717 κρομμύῳ
2475 2648 2610 2700 ὲστί.
2656 2648 2748 2718 Μή
2798 2649 2906 2719 γάρ
2945 2649 3007 2702 τὸ
3048 2651 3331 2720 κρόμμυον
3380 2652 3521 2704 ἔστω

1941 2738 2092 2801 Θεός.
2130 2739 2195 2792 Τί
2252 2738 2476 2808 φεύγεις
2518 2740 2615 2809 τὴν
2668 2741 3158 2810 μετενσωμάτωσιν
3193 2743 3286 2795 τοῦ
3347 2743 3515 2811 Θεοῦ;

1938 2829 2196 2901 Αἰσχρὸν,
2237 2832 2422 2900 φησὶν,
2471 2833 2636 2886 ἐστίν.
2678 2832 2888 2886 Οὐκοῦν
2923 2833 3100 2902 πολλῷ
3133 2834 3330 2904 μᾶλλον
3363 2835 3522 2888 τοῦτο

1939 2923 2184 2993 αἰσχρόν.
2226 2923 2364 2975 Ἀλλ’
2385 2925 2485 2976 οὐκ
2509 2924 2768 2994 αἰσχρόν;
2809 2924 2958 2993 Πῶς;
2993 2927 3169 2996 Ὅπερ
3203 2926 3310 2997 γὰρ
3341 2929 3406 2980 ἂν
3440 2928 3520 2991 εἰς

1941 3018 2087 3088 ἡμᾶς
2111 3017 2358 3088 γένηται,
2394 3017 2563 3080 ὅντως
2596 3019 2841 3089 αἰσχρόν.
2877 3019 3058 3073 Εῖδετε
3091 3021 3355 3090 συρφετὸν
3389 3021 3520 3073 ἀσε-

1940 3110 2126 3175 ϐείας;
2165 3109 2322 3164 Ἀλλά
2359 3109 2500 3164 διατι
2532 3110 2592 3164 οὐ
2641 3110 2920 3180 βούλονται
2950 3111 3272 3165 ἀνίστασθαι
3322 3112 3517 3182 σῶμα;

1939 3202 2004 3254 Τί
2037 3202 2094 3255 δὲ
2122 3202 2216 3256 καὶ
2239 3201 2454 3274 ἐροῦσιν
2479 3221 2493 3270 ;
2527 3203 2652 3257 Ὀτι
2676 3203 2737 3256 τὸ
2763 3203 2922 3274 σῶμα
2944 3203 3210 3275 πονηρόν;
3236 3204 3405 3257 Πόθεν
3425 3201 3519 3259 οῦν

1939 3289 2108 3358 οἶδας,
2139 3296 2262 3349 εἰπέ
2293 3312 2405 3365 μοι,
2435 3295 2526 3349 τὸν
2550 3295 2718 3361 Θεόν;
2749 3295 2912 3348 πόθεν
2941 3294 3084 3365 ἔχεις
3109 3295 3215 3348 τῶν
3234 3296 3400 3350 ὄντων
3421 3295 3520 3368 τὴν

1941 3388 2181 3458 γνῶσιν;
2212 3387 2268 3442 Ὀ
2307 3389 2366 3442 δὲ
2403 3388 2689 3458 φιλόσοφος
2720 3388 2881 3442 πόθεν
2919 3388 3226 3458 φιλόσοφος,
3267 3391 3317 3442 εἰ
3353 3391 3519 3460 μηδὲν

1942 3480 2186 3535 συντελεῖ
2207 3480 2270 3534 τὸ
2299 3479 2492 3551 σῶμα;
2522 3481 2785 3552 Πήρωσον
2805 3480 2904 3543 τὰς
2925 3479 3224 3547 αἰσθήσεις,
3251 3482 3345 3533 καὶ
3380 3481 3520 3551 μάθε

1937 3592 1992 3629 τι
2017 3575 2126 3628 τῶν
2149 3573 2396 3628 δεόντων.
2428 3573 2492 3626 Τί
2517 3573 2573 3626 δὲ
2603 3573 2910 3644 μωρότερον
2936 3573 3112 3643 ψυχῆς
3137 3572 3332 3640 γένοιτ’
3355 3573 3441 3640 ἂν,
3468 3575 3518 3627 εἰ

1939 3667 1999 3734 ἐξ
2031 3668 2203 3740 ἀρχῆς
2247 3667 2346 3730 τὰς
2393 3666 2674 3738 αἰσθήσεις
2723 3665 2810 3736 εἰή
2860 3667 3269 3736 πεπηρωμένη;
3314 3666 3374 3718 Εἰ
3407 3665 3519 3737 γάρ

1940 3762 2057 3826 ἐνὸς
2094 3763 2289 3834 μέρους
2310 3760 2469 3831 μόνον
2495 3761 2762 3831 πήρωσις,
2795 3758 2888 3811 τοῦ
2919 3759 3222 3827 ἐγκεφάλου
3260 3759 3423 3827 λέγω,
3455 3757 3518 3812 τὸ

1940 3855 2048 3907 πᾶν
2068 3854 2235 3925 αὐτῆς
2263 3853 2433 3924 βλάϐη
2459 3852 2694 3922 γίνεται·
2719 3853 2768 3904 εἰ
2789 3851 2972 3922 μέλλοι
2994 3853 3086 3904 καὶ
3105 3853 3170 3905 τά
3191 3851 3326 3905 ἀλλα
3347 3869 3518 3922 πεπη-

1944 3946 2166 4018 ρῶσθαι,
2199 3945 2303 3999 ποῦ
2349 3947 2620 4017 χρήσιμος
2649 3945 2832 4010 ἐσται;
2882 3944 3062 4009 Δεῖξόν
3099 3960 3189 4013 μοι
3217 3945 3383 4014 χωρὶς
3411 3942 3518 3996 σώ-

1943 4057 2108 4111 ματος
2131 4039 2328 4109 ψυχήν.
2349 4039 2421 4090 Ἢ
2442 4037 2541 4090 οὐκ
2562 4036 2778 4101 ἀκούεις
2802 4035 3002 4109 ἰατρῶν
3025 4036 3290 4103 λεγόντων
3306 4052 3319 4065 °
3343 4035 3516 4099 Νόσος

1939 4134 2047 4204 γὰρ
2076 4132 2322 4204 παροῦσα
2344 4132 2531 4194 δεινῶς
2552 4130 2727 4202 ψυχὴν
2750 4132 3020 4200 ἀμαυροῖ;
3049 4130 3227 4200 Μέχρι
3251 4129 3394 4192 τίνος
3414 4129 3514 4182 οὐκ

1939 4226 2281 4296 ἀπάγξεσθες
2313 4224 2387 4277 Τὸ
2421 4223 2580 4295 σῶμα
2608 4225 2706 4294 τῆς
2741 4221 2871 4292 ὕλης
2894 4222 3075 4288 ὲστίνς
3105 4221 3224 4274 εἰπέ
3257 4237 3364 4291 μοι.
3399 4222 3516 4274 Κα-

1939 4318 2066 4382 λῶς.
2094 4316 2304 4372 Οὐκοῦν
2331 4316 2437 4370 ἔδει
2463 4319 2640 4386 μισεῖν
2660 4315 2789 4370 αὐτό
2805 4332 2818 4345 ·
2843 4314 2895 4367 τί
2915 4315 3093 4368 τοίνυν
3113 4314 3242 4366 αὐτὸ
3263 4313 3511 4382 τρέφειςς

1939 4411 1991 4462 τί
2021 4410 2278 4473 θάλπεις;
2325 4407 2555 4480 [Οὐκοῦν
2588 4408 2692 4461 ἔδει
2726 4409 2969 4480 ἀναιρεῖν
3003 4407 3232 4471 σαυτόν;
3266 4405 3284 4477 ]
3314 4405 3514 4459 οὐκοῦν

1943 4501 2055 4573 [2ὶῖ
2081 4502 2186 4554 ἔδει
2207 4501 2642 4554 ἀπαλλάττεσθαι
2663 4500 2757 4554 τοῦ
2783 4499 3176 4570 δεσμωτηρίου.
3205 4498 3412 4562 Ἀλλως
3432 4497 3510 4562 δὲ,

1939 4597 1966 4648 ό
1993 4595 2123 4656 Θεὸς
2145 4597 2206 4647 οὐ
2233 4595 2454 4648 δύναται
2480 4594 2859 4666 περιγενέσθαι
2879 4595 2977 4665 τῆς
3002 4593 3153 4665 ὕλης.
3185 4593 3251 4646 ἂν
3277 4593 3351 4663 μὴ
3381 4593 3530 4663 συμ-’

1943 4690 2144 4758 πλακῇ.
2190 4688 2471 4753 Ἐπιτάξαι
2502 4689 2607 4758 γὰρ
2635 4688 2694 4739 οὐ
2730 4686 2974 4748 δύναται,
3010 4686 3114 4748 ἓως
3134 4685 3198 4739 ἂν
3225 4687 3282 4739 οὐ
3318 4686 3518 4753 συγγέ·

1941 4800 2098 4853 νηται
2150 4783 2304 4852 αὐτῇ,
2340 4781 2435 4834 καὶ
2474 4781 2540 4835 δι’
2585 4780 2710 4851 ὅλης
2740 4780 2929 4850 σταθῇ.
2967 4780 3030 4831 Ὢ
3067 4778 3169 4847 τῆς
3209 4777 3511 4840 ἀσθενείαςί

1942 4876 2051 4928 Καὶ
2094 4875 2343 4943 βασιλεὺς
2372 4874 2470 4944 μὲν
2506 4874 2810 4926 ἐπιτάττων
2843 4872 3019 4924 πάντα
3053 4871 3216 4933 ποιεῖ,
3245 4871 3273 4921 ὁ
3301 4868 3358 4920 δὲ
3385 4867 3516 4930 Θεὸς

1939 4969 2052 5031 τοῖς
2081 4970 2334 5038 πονηροῖς
2355 4967 2456 5019 οὐκ
2482 4966 2814 5029 ὲπιτάττων;
2847 4962 3022 5024 Ὅλως
3051 4961 3105 5014 δὲ
3135 4963 3182 5014 εἰ
3211 4958 3415 5026 ἀγαθοῦ
3436 4977 3516 5012 τι-

1943 5075 2032 5118 νος
2064 5058 2289 5128 ἄμοιρος
2334 5051 2401 5126 ἦν
2423 5094 2438 5119 ,
2469 5057 2570 5109 οὐκ
2599 5055 2664 5108 ἂν
2699 5053 2826 5122 έστη
2876 5053 2910 5123 ἡ
2939 5051 3060 5122 ὕλη.
3106 5049 3182 5104 Οὐ
3214 5050 3322 5119 γὰρ
3351 5049 3370 5087 ί
3401 5048 3516 5118 ἔχει
3564 5067 3573 5074 ·

1944 5151 2104 5220 φύσιν
2135 5151 2167 5220 ἡ
2207 5151 2438 5220 πονηρία
2472 5145 2839 5210 συνίστασθαι,
2870 5146 2934 5198 ἂν
2966 5145 3040 5215 μή
3079 5160 3224 5208 τινος
3256 5143 3517 5213 ἐπιλάϐηο
3592 5181 3595 5186 ν

1943 5261 2031 5298 ται
2059 5247 2165 5299 τῶν
2201 5247 2302 5316 τῆς
2339 5245 2569 5316 ἀρετῆς·
2604 5240 2743 5293 ὥστε
2773 5243 2819 5294 εἰ
2855 5243 2960 5312 πρὸ
2995 5241 3183 5294 τούτου
3215 5242 3421 5310 ἀμιγὴς
3446 5235 3514 5310 ἦν

1943 5340 2164 5411 ἀρετῆς,
2199 5339 2364 5392 πάλαι
2395 5337 2458 5389 ἂν
2485 5337 2750 5408 διεφθάρη
2769 5355 2781 5366 ο
2814 5338 2906 5390 καὶ
2942 5336 3049 5408 γὰρ
3078 5335 3262 5390 τοῦτον
3283 5336 3395 5404 ἔχει
3425 5333 3514 5388 τὸν

1942 5434 2139 5506 τρόπον
2172 5434 2239 5487 τὰ
2261 5433 2426 5486 κακά.
2461 5432 2640 5484 Ἔστω
2669 5449 2752 5496 τις
2790 5431 3042 5501 ἀσελγὴς,
3078 5431 3171 5483 καὶ
3207 5429 3342 5499 μηδὲ
3379 5427 3515 5492 ὅλως

1946 5525 2139 5580 ἑαυτοῦ
2173 5527 2197 5565 ⁸
2225 5525 2535 5595 κατεχέτω,
2569 5526 2616 5577 εἰ
2652 5524 2874 5595 ζήσεται
2906 5524 3036 5576 δέκα
3066 5522 3301 5594 ήμέρας;
3335 5521 3514 5572 Ἔστω

1944 5635 2027 5681 τις
2060 5616 2260 5690 λῃστὴς
2309 5617 2399 5669 καὶ
2439 5616 2572 5686 πρὸς
2615 5616 2821 5679 πάντας
2849 5615 3213 5684 ἀσυνείδητος,
3255 5613 3394 5665 ἔστω
3420 5611 3514 5664 καὶ

1946 5714 2083 5784 πρὸς
2108 5717 2233 5779 τούς
2263 5713 2742 5785 συλλῃστεύοντας,
2779 5713 2827 5765 εἰ
2868 5709 3091 5781 ζήσεται
3133 5709 3300 5772 ὃλως;
3332 5707 3514 5759 Ἔστω

2013 5867 2037 5895 ο
2065 5853 2158 5918 Hic
2181 5851 2366 5918 variam
2387 5854 2606 5918 qugdam
2646 5850 2965 5911 exemplaria.
3002 5844 3399 5918 AMox-vqﬁbadr):

1946 5918 2002 5965 τὸ
2033 5917 2272 5979 κρόμμυον
2306 5907 2431 5979 ξστω
2456 5915 2598 5979 θεὸς,
2636 5925 2697 5979 εχ
2877 5912 3104 5979 repe_li_la,
3126 5910 3174 5979 in
3197 5907 3364 5979 M03191
3391 5907 3511 5979 abf-

1948 5966 2077 6026 ranl:
2097 5966 2239 6040 £13m
2311 5975 2329 6014 ί
2372 5966 2706 6040 Quidam:on
2738 5966 2947 6040 ἀνέστηξ
2975 5971 3046 6020 Οὐ
3085 5971 3191 6040 γαρ.
3257 5971 3283 6010 ὃ
3309 5967 3344 6018 Ε
3367 5966 3510 6016 codd.

1949 6038 2121 6090 ἑαυτοῦ
2149 6053 2235 6099 pro
2267 6038 2432 6089 ἑαυτὸν
2459 6033 2812 6098 rescripsimus.
2843 6034 2978 6084 Εοιτ.
