  <div class='ocr_page' id='page_1' title='image "/cluster/home/n/w/nwhite01/storage/ocr_20150623/60/hvd.32044019207810/037.png"; bbox 0 0 4022 6364; ppageno 0'>
   <div class='ocr_carea' id='block_1_1' title="bbox 513 265 2108 332">
    <p class='ocr_par' dir='ltr' id='par_1_1' title="bbox 513 275 2108 332">
     <span class='ocr_line' id='line_1_1' title="bbox 513 275 2108 332; baseline -0.004 -1"><span class='ocrx_word' id='word_1_1' title='bbox 513 275 586 332; x_wconf 69' lang='lat'><strong>33</strong></span> <span class='ocrx_word' id='word_1_2' title='bbox 1221 279 1280 328; x_wconf 69' lang='grc' dir='ltr'>ὃ.</span> <span class='ocrx_word' id='word_1_3' title='bbox 1319 279 1608 328; x_wconf 63' lang='grc' dir='ltr'>δυΑΝΜδ</span> <span class='ocrx_word' id='word_1_4' title='bbox 1637 277 2108 330; x_wconf 66' lang='grc' dir='ltr'>ωιιιγδυδτυιι</span> 
     </span>
    </p>
   </div>
   <div class='ocr_carea' id='block_1_2' title="bbox 2209 265 3760 332">
    <p class='ocr_par' dir='ltr' id='par_1_2' title="bbox 2215 265 3760 327">
     <span class='ocr_line' id='line_1_2' title="bbox 2215 265 3760 327; baseline -0.004 -1"><span class='ocrx_word' id='word_1_5' title='bbox 2215 271 2483 327; x_wconf 71' lang='lat' dir='ltr'>RCHIEP.</span> <span class='ocrx_word' id='word_1_6' title='bbox 2518 266 3069 326; x_wconf 74' lang='lat' dir='ltr'>CONSTANTINOP.</span> <span class='ocrx_word' id='word_1_7' title='bbox 3683 265 3760 321; x_wconf 73' lang='grc'>54</span> 
     </span>
    </p>
   </div>
   <div class='ocr_carea' id='block_1_3' title="bbox 521 385 2092 458">
    <p class='ocr_par' dir='ltr' id='par_1_3' title="bbox 521 385 2092 458">
     <span class='ocr_line' id='line_1_3' title="bbox 521 385 2092 458; baseline -0.001 -16"><span class='ocrx_word' id='word_1_8' title='bbox 521 405 598 452; x_wconf 83' lang='grc' dir='ltr'>τις</span> <span class='ocrx_word' id='word_1_9' title='bbox 630 387 870 458; x_wconf 84' lang='grc' dir='ltr'>κλέπτης</span> <span class='ocrx_word' id='word_1_10' title='bbox 908 387 1258 458; x_wconf 80' lang='grc' dir='ltr'>ἀναίσχυντος</span> <span class='ocrx_word' id='word_1_11' title='bbox 1283 426 1300 451; x_wconf 89' lang='grc'>,</span> <span class='ocrx_word' id='word_1_12' title='bbox 1335 389 1428 442; x_wconf 73' lang='grc' dir='ltr'>καὶ</span> <span class='ocrx_word' id='word_1_13' title='bbox 1475 385 1550 458; x_wconf 80' lang='grc' dir='ltr'>μὴ</span> <span class='ocrx_word' id='word_1_14' title='bbox 1586 386 1924 457; x_wconf 83' lang='grc' dir='ltr'>ὲρυθριάτω,</span> <span class='ocrx_word' id='word_1_15' title='bbox 1956 389 2092 440; x_wconf 84' lang='grc' dir='ltr'>ἀλλά</span> 
     </span>
    </p>
   </div>
   <div class='ocr_carea' id='block_1_4' title="bbox 519 470 2093 542">
    <p class='ocr_par' dir='ltr' id='par_1_4' title="bbox 519 470 2093 542">
     <span class='ocr_line' id='line_1_4' title="bbox 519 470 2093 542; baseline 0.001 -18"><span class='ocrx_word' id='word_1_16' title='bbox 519 472 581 542; x_wconf 86' lang='grc' dir='ltr'>δη</span> <span class='ocrx_word' id='word_1_17' title='bbox 593 473 756 542; x_wconf 73' lang='grc' dir='ltr'>μοσίᾳ</span> <span class='ocrx_word' id='word_1_18' title='bbox 785 471 1086 534; x_wconf 83' lang='grc' dir='ltr'>κλεπτέτω,</span> <span class='ocrx_word' id='word_1_19' title='bbox 1120 473 1168 524; x_wconf 92' lang='grc' dir='ltr'>εἰ</span> <span class='ocrx_word' id='word_1_20' title='bbox 1203 470 1457 541; x_wconf 79' lang='grc' dir='ltr'>βιώσεται</span> <span class='ocrx_word' id='word_1_21' title='bbox 1487 472 1514 522; x_wconf 99' lang='lat'>6</span> <span class='ocrx_word' id='word_1_22' title='bbox 1547 470 1813 535; x_wconf 84' lang='grc' dir='ltr'>τοιοῦτος;</span> <span class='ocrx_word' id='word_1_23' title='bbox 1843 473 1954 523; x_wconf 87' lang='grc' dir='ltr'>Ούκ</span> <span class='ocrx_word' id='word_1_24' title='bbox 1981 472 2093 541; x_wconf 81' lang='grc' dir='ltr'>ἔχει</span> 
     </span>
    </p>
   </div>
   <div class='ocr_carea' id='block_1_5' title="bbox 519 551 2095 624">
    <p class='ocr_par' dir='ltr' id='par_1_5' title="bbox 519 551 2095 624">
     <span class='ocr_line' id='line_1_5' title="bbox 519 551 2095 624; baseline 0.001 -18"><span class='ocrx_word' id='word_1_25' title='bbox 519 555 680 622; x_wconf 77' lang='grc' dir='ltr'>φύσιν</span> <span class='ocrx_word' id='word_1_26' title='bbox 715 555 780 607; x_wconf 74' lang='grc' dir='ltr'>τὰ</span> <span class='ocrx_word' id='word_1_27' title='bbox 827 555 973 608; x_wconf 87' lang='grc' dir='ltr'>κακά</span> <span class='ocrx_word' id='word_1_28' title='bbox 1021 553 1392 616; x_wconf 73' lang='grc' dir='ltr'>συνίστασθαι,</span> <span class='ocrx_word' id='word_1_29' title='bbox 1445 553 1511 605; x_wconf 83' lang='grc' dir='ltr'>ἂν</span> <span class='ocrx_word' id='word_1_30' title='bbox 1537 551 1610 622; x_wconf 80' lang='grc' dir='ltr'>μὴ</span> <span class='ocrx_word' id='word_1_31' title='bbox 1668 552 1762 605; x_wconf 78' lang='grc' dir='ltr'>καὶ</span> <span class='ocrx_word' id='word_1_32' title='bbox 1819 555 2010 624; x_wconf 90' lang='grc' dir='ltr'>μικρόν</span> <span class='ocrx_word' id='word_1_33' title='bbox 2043 572 2095 608; x_wconf 87' lang='grc' dir='ltr'>τι</span> 
     </span>
    </p>
   </div>
   <div class='ocr_carea' id='block_1_6' title="bbox 522 634 2095 707">
    <p class='ocr_par' dir='ltr' id='par_1_6' title="bbox 522 634 2095 707">
     <span class='ocr_line' id='line_1_6' title="bbox 522 634 2095 707; baseline 0 -19"><span class='ocrx_word' id='word_1_34' title='bbox 522 637 671 706; x_wconf 68' lang='grc' dir='ltr'>παρὰ</span> <span class='ocrx_word' id='word_1_35' title='bbox 701 638 806 689; x_wconf 84' lang='grc' dir='ltr'>τῶν</span> <span class='ocrx_word' id='word_1_36' title='bbox 839 637 1058 704; x_wconf 80' lang='grc' dir='ltr'>ἀγαθῶν</span> <span class='ocrx_word' id='word_1_37' title='bbox 1105 636 1265 707; x_wconf 74' lang='grc' dir='ltr'>λάϐῃ,</span> <span class='ocrx_word' id='word_1_38' title='bbox 1304 634 1443 688; x_wconf 83' lang='grc' dir='ltr'>ὥστε</span> <span class='ocrx_word' id='word_1_39' title='bbox 1493 637 1612 687; x_wconf 88' lang='grc' dir='ltr'>κατ’</span> <span class='ocrx_word' id='word_1_40' title='bbox 1665 635 1860 699; x_wconf 73' lang='grc' dir='ltr'>αὐτοὺς</span> <span class='ocrx_word' id='word_1_41' title='bbox 1896 638 1925 688; x_wconf 91' lang='lat'>6</span> <span class='ocrx_word' id='word_1_42' title='bbox 1965 636 2095 700; x_wconf 82' lang='grc' dir='ltr'>Θεὸς</span> 
     </span>
    </p>
   </div>
   <div class='ocr_carea' id='block_1_7' title="bbox 521 717 2094 790">
    <p class='ocr_par' dir='ltr' id='par_1_7' title="bbox 521 717 2094 790">
     <span class='ocr_line' id='line_1_7' title="bbox 521 717 2094 790; baseline 0.001 -19"><span class='ocrx_word' id='word_1_43' title='bbox 521 719 1038 790; x_wconf 70' lang='grc' dir='ltr'>αὑτὰσυνέστησεν.</span> <span class='ocrx_word' id='word_1_44' title='bbox 1084 721 1262 770; x_wconf 85' lang='grc' dir='ltr'>Ἔστω</span> <span class='ocrx_word' id='word_1_45' title='bbox 1307 717 1460 779; x_wconf 89' lang='grc' dir='ltr'>πόλις</span> <span class='ocrx_word' id='word_1_46' title='bbox 1501 717 1706 786; x_wconf 90' lang='grc' dir='ltr'>ἀνδρῶν</span> <span class='ocrx_word' id='word_1_47' title='bbox 1741 719 2012 790; x_wconf 83' lang='grc' dir='ltr'>πονηρῶν,</span> <span class='ocrx_word' id='word_1_48' title='bbox 2047 721 2094 772; x_wconf 88' lang='grc' dir='ltr'>εἰ</span> 
     </span>
    </p>
   </div>
   <div class='ocr_carea' id='block_1_8' title="bbox 526 800 2094 873">
    <p class='ocr_par' dir='ltr' id='par_1_8' title="bbox 526 800 2094 873">
     <span class='ocr_line' id='line_1_8' title="bbox 526 800 2094 873; baseline 0.001 -18"><span class='ocrx_word' id='word_1_49' title='bbox 526 805 782 873; x_wconf 79' lang='grc' dir='ltr'>στήσεταί</span> <span class='ocrx_word' id='word_1_50' title='bbox 831 820 958 856; x_wconf 88' lang='grc' dir='ltr'>ποτε</span> <span class='ocrx_word' id='word_1_51' title='bbox 983 819 996 866; x_wconf 91' lang='lat'>;</span> <span class='ocrx_word' id='word_1_52' title='bbox 1025 802 1255 873; x_wconf 75' lang='grc' dir='ltr'>Πονηροὶ</span> <span class='ocrx_word' id='word_1_53' title='bbox 1298 801 1356 853; x_wconf 81' lang='grc' dir='ltr'>δὲ</span> <span class='ocrx_word' id='word_1_54' title='bbox 1398 800 1640 854; x_wconf 79' lang='grc' dir='ltr'>ἔστωσαν</span> <span class='ocrx_word' id='word_1_55' title='bbox 1661 841 1675 863; x_wconf 91' lang='grc'>,</span> <span class='ocrx_word' id='word_1_56' title='bbox 1711 802 1784 872; x_wconf 82' lang='grc' dir='ltr'>μὴ</span> <span class='ocrx_word' id='word_1_57' title='bbox 1813 803 1947 872; x_wconf 75' lang='grc' dir='ltr'>πρὸς</span> <span class='ocrx_word' id='word_1_58' title='bbox 1969 805 2094 866; x_wconf 75' lang='grc' dir='ltr'>τοὺς</span> 
     </span>
    </p>
   </div>
   <div class='ocr_carea' id='block_1_9' title="bbox 522 883 2096 954">
    <p class='ocr_par' dir='ltr' id='par_1_9' title="bbox 522 883 2096 954">
     <span class='ocr_line' id='line_1_9' title="bbox 522 883 2096 954; baseline 0.001 -16"><span class='ocrx_word' id='word_1_59' title='bbox 522 885 780 952; x_wconf 74' lang='grc' dir='ltr'>ἀγαθοὺς,</span> <span class='ocrx_word' id='word_1_60' title='bbox 825 887 959 938; x_wconf 87' lang='grc' dir='ltr'>ἀλλά</span> <span class='ocrx_word' id='word_1_61' title='bbox 993 887 1084 937; x_wconf 80' lang='grc' dir='ltr'>καὶ</span> <span class='ocrx_word' id='word_1_62' title='bbox 1129 885 1264 954; x_wconf 77' lang='grc' dir='ltr'>πρὸς</span> <span class='ocrx_word' id='word_1_63' title='bbox 1309 883 1553 947; x_wconf 82' lang='grc' dir='ltr'>ἑαυτούς.</span> <span class='ocrx_word' id='word_1_64' title='bbox 1610 884 1744 936; x_wconf 86' lang='grc' dir='ltr'>Ἀλλ’</span> <span class='ocrx_word' id='word_1_65' title='bbox 1773 886 1832 938; x_wconf 88' lang='grc' dir='ltr'>ού</span> <span class='ocrx_word' id='word_1_66' title='bbox 1875 885 2096 940; x_wconf 77' lang='grc' dir='ltr'>δυνατὸν</span> 
     </span>
    </p>
   </div>
   <div class='ocr_carea' id='block_1_10' title="bbox 525 967 2099 1040">
    <p class='ocr_par' dir='ltr' id='par_1_10' title="bbox 525 967 2099 1040">
     <span class='ocr_line' id='line_1_10' title="bbox 525 967 2099 1040; baseline 0.003 -18"><span class='ocrx_word' id='word_1_67' title='bbox 525 972 737 1039; x_wconf 81' lang='grc' dir='ltr'>στῆναι.</span> <span class='ocrx_word' id='word_1_68' title='bbox 762 974 988 1036; x_wconf 84' lang='grc' dir='ltr'>Ὄντως</span> <span class='ocrx_word' id='word_1_69' title='bbox 1007 970 1436 1039; x_wconf 77' lang='grc' dir='ltr'>ἐμωράνθησαν</span> <span class='ocrx_word' id='word_1_70' title='bbox 1456 970 1797 1040; x_wconf 66' lang='grc' dir='ltr'>φάσκοντες</span> <span class='ocrx_word' id='word_1_71' title='bbox 1816 967 1968 1026; x_wconf 76' lang='grc' dir='ltr'>εἶναι</span> <span class='ocrx_word' id='word_1_72' title='bbox 1992 989 2099 1027; x_wconf 83' lang='grc' dir='ltr'>σο·</span> 
     </span>
    </p>
   </div>
   <div class='ocr_carea' id='block_1_11' title="bbox 525 1053 2100 1128">
    <p class='ocr_par' dir='ltr' id='par_1_11' title="bbox 525 1053 2100 1128">
     <span class='ocr_line' id='line_1_11' title="bbox 525 1053 2100 1128; baseline 0.003 -22"><span class='ocrx_word' id='word_1_73' title='bbox 525 1055 645 1122; x_wconf 69' lang='grc' dir='ltr'>φοί.</span> <span class='ocrx_word' id='word_1_74' title='bbox 666 1057 724 1107; x_wconf 87' lang='grc' dir='ltr'>Εἰ</span> <span class='ocrx_word' id='word_1_75' title='bbox 749 1055 806 1107; x_wconf 74' lang='grc' dir='ltr'>τὸ</span> <span class='ocrx_word' id='word_1_76' title='bbox 828 1055 984 1124; x_wconf 90' lang='grc' dir='ltr'>σῶμα</span> <span class='ocrx_word' id='word_1_77' title='bbox 1009 1053 1198 1116; x_wconf 82' lang='grc' dir='ltr'>κακὸν,</span> <span class='ocrx_word' id='word_1_78' title='bbox 1224 1055 1399 1107; x_wconf 86' lang='grc' dir='ltr'>πάντα</span> <span class='ocrx_word' id='word_1_79' title='bbox 1420 1054 1602 1118; x_wconf 82' lang='grc' dir='ltr'>ἁπλῶς</span> <span class='ocrx_word' id='word_1_80' title='bbox 1624 1055 1718 1108; x_wconf 79' lang='grc' dir='ltr'>καὶ</span> <span class='ocrx_word' id='word_1_81' title='bbox 1739 1056 1860 1126; x_wconf 78' lang='grc' dir='ltr'>εἰκῆ</span> <span class='ocrx_word' id='word_1_82' title='bbox 1882 1056 1950 1109; x_wconf 85' lang='grc' dir='ltr'>τά</span> <span class='ocrx_word' id='word_1_83' title='bbox 1969 1056 2100 1128; x_wconf 76' lang='grc' dir='ltr'>ὁρῶ-</span> 
     </span>
    </p>
   </div>
   <div class='ocr_carea' id='block_1_12' title="bbox 529 1138 2096 1210">
    <p class='ocr_par' dir='ltr' id='par_1_12' title="bbox 529 1138 2096 1210">
     <span class='ocr_line' id='line_1_12' title="bbox 529 1138 2096 1210; baseline 0.004 -24"><span class='ocrx_word' id='word_1_84' title='bbox 529 1154 684 1205; x_wconf 88' lang='grc' dir='ltr'>μενα,</span> <span class='ocrx_word' id='word_1_85' title='bbox 716 1140 807 1190; x_wconf 71' lang='grc' dir='ltr'>καὶ</span> <span class='ocrx_word' id='word_1_86' title='bbox 839 1138 1002 1208; x_wconf 80' lang='grc' dir='ltr'>ὕδωρ,</span> <span class='ocrx_word' id='word_1_87' title='bbox 1032 1140 1126 1190; x_wconf 75' lang='grc' dir='ltr'>καὶ</span> <span class='ocrx_word' id='word_1_88' title='bbox 1149 1138 1242 1206; x_wconf 89' lang='grc' dir='ltr'>γῆ,</span> <span class='ocrx_word' id='word_1_89' title='bbox 1272 1139 1365 1190; x_wconf 78' lang='grc' dir='ltr'>καὶ</span> <span class='ocrx_word' id='word_1_90' title='bbox 1389 1139 1558 1208; x_wconf 82' lang='grc' dir='ltr'>ἥλιος,</span> <span class='ocrx_word' id='word_1_91' title='bbox 1581 1139 1674 1190; x_wconf 73' lang='grc' dir='ltr'>καὶ</span> <span class='ocrx_word' id='word_1_92' title='bbox 1703 1139 1829 1209; x_wconf 77' lang='grc' dir='ltr'>ἀήρ.</span> <span class='ocrx_word' id='word_1_93' title='bbox 1851 1141 1961 1193; x_wconf 76' lang='grc' dir='ltr'>Καὶ</span> <span class='ocrx_word' id='word_1_94' title='bbox 1989 1140 2096 1210; x_wconf 84' lang='grc' dir='ltr'>γάρ</span> 
     </span>
    </p>
   </div>
   <div class='ocr_carea' id='block_1_13' title="bbox 526 1219 2094 1292">
    <p class='ocr_par' dir='ltr' id='par_1_13' title="bbox 526 1219 2094 1292">
     <span class='ocr_line' id='line_1_13' title="bbox 526 1219 2094 1292; baseline 0.005 -23"><span class='ocrx_word' id='word_1_95' title='bbox 526 1219 618 1270; x_wconf 74' lang='grc' dir='ltr'>καὶ</span> <span class='ocrx_word' id='word_1_96' title='bbox 657 1221 684 1270; x_wconf 90' lang='lat'>6</span> <span class='ocrx_word' id='word_1_97' title='bbox 732 1221 838 1290; x_wconf 78' lang='grc' dir='ltr'>ἀὴρ</span> <span class='ocrx_word' id='word_1_98' title='bbox 886 1221 1046 1290; x_wconf 90' lang='grc' dir='ltr'>σῶμα</span> <span class='ocrx_word' id='word_1_99' title='bbox 1073 1233 1120 1282; x_wconf 76' lang='grc' dir='ltr'>α,</span> <span class='ocrx_word' id='word_1_100' title='bbox 1176 1222 1223 1272; x_wconf 85' lang='grc' dir='ltr'>εἰ</span> <span class='ocrx_word' id='word_1_101' title='bbox 1275 1221 1367 1274; x_wconf 73' lang='grc' dir='ltr'>καὶ</span> <span class='ocrx_word' id='word_1_102' title='bbox 1421 1221 1497 1292; x_wconf 82' lang='grc' dir='ltr'>μὴ</span> <span class='ocrx_word' id='word_1_103' title='bbox 1543 1222 1688 1291; x_wconf 74' lang='grc' dir='ltr'>παχὺ</span> <span class='ocrx_word' id='word_1_104' title='bbox 1741 1223 1836 1273; x_wconf 70' lang='grc' dir='ltr'>καὶ</span> <span class='ocrx_word' id='word_1_105' title='bbox 1881 1225 2094 1277; x_wconf 89' lang='grc' dir='ltr'>ναστόν.</span> 
     </span>
    </p>
   </div>
   <div class='ocr_carea' id='block_1_14' title="bbox 2198 378 3769 456">
    <p class='ocr_par' dir='ltr' id='par_1_14' title="bbox 2198 378 3769 456">
     <span class='ocr_line' id='line_1_14' title="bbox 2198 378 3769 456; baseline -0.005 -16"><span class='ocrx_word' id='word_1_106' title='bbox 2198 385 2464 456; x_wconf 79' lang='grc' dir='ltr'>Εύκαιρον</span> <span class='ocrx_word' id='word_1_107' title='bbox 2491 380 2587 438; x_wconf 82' lang='grc' dir='ltr'>οὖν</span> <span class='ocrx_word' id='word_1_108' title='bbox 2639 385 2843 436; x_wconf 85' lang='grc' dir='ltr'>εἰπεῖν·</span> <span class='ocrx_word' id='word_1_109' title='bbox 2892 379 3262 450; x_wconf 72' lang='grc' dir='ltr'>Διηγ-ήσαντό</span> <span class='ocrx_word' id='word_1_110' title='bbox 3306 396 3406 448; x_wconf 88' lang='grc' dir='ltr'>μοι</span> <span class='ocrx_word' id='word_1_111' title='bbox 3437 378 3769 448; x_wconf 79' lang='grc' dir='ltr'>παράνομοι</span> 
     </span>
    </p>
   </div>
   <div class='ocr_carea' id='block_1_15' title="bbox 2196 463 3772 536">
    <p class='ocr_par' dir='ltr' id='par_1_15' title="bbox 2196 463 3772 536">
     <span class='ocr_line' id='line_1_15' title="bbox 2196 463 3772 536; baseline -0.005 -12"><span class='ocrx_word' id='word_1_112' title='bbox 2196 469 2580 535; x_wconf 72' lang='grc' dir='ltr'>ἀδολεσχίας.</span> <span class='ocrx_word' id='word_1_113' title='bbox 2617 466 2776 519; x_wconf 78' lang='grc' dir='ltr'>Ἀλλά</span> <span class='ocrx_word' id='word_1_114' title='bbox 2808 465 2882 536; x_wconf 85' lang='grc' dir='ltr'>μὴ</span> <span class='ocrx_word' id='word_1_115' title='bbox 2911 463 3251 534; x_wconf 82' lang='grc' dir='ltr'>ἀνεχώμεθα,</span> <span class='ocrx_word' id='word_1_116' title='bbox 3278 464 3391 518; x_wconf 76' lang='grc' dir='ltr'>ἀλλ’</span> <span class='ocrx_word' id='word_1_117' title='bbox 3417 465 3772 533; x_wconf 84' lang='grc' dir='ltr'>ἀποτειχίσω-</span> 
     </span>
    </p>
   </div>
   <div class='ocr_carea' id='block_1_16' title="bbox 2203 546 3772 622">
    <p class='ocr_par' dir='ltr' id='par_1_16' title="bbox 2203 546 3772 622">
     <span class='ocr_line' id='line_1_16' title="bbox 2203 546 3772 622; baseline -0.004 -19"><span class='ocrx_word' id='word_1_118' title='bbox 2203 568 2300 622; x_wconf 89' lang='grc' dir='ltr'>μεν</span> <span class='ocrx_word' id='word_1_119' title='bbox 2328 552 2508 612; x_wconf 84' lang='grc' dir='ltr'>αὑτοῖς</span> <span class='ocrx_word' id='word_1_120' title='bbox 2531 549 2628 612; x_wconf 76' lang='grc' dir='ltr'>τὰς</span> <span class='ocrx_word' id='word_1_121' title='bbox 2653 548 2839 611; x_wconf 85' lang='grc' dir='ltr'>ἀκοάς.</span> <span class='ocrx_word' id='word_1_122' title='bbox 2873 549 3024 600; x_wconf 90' lang='grc' dir='ltr'>Ἐστι</span> <span class='ocrx_word' id='word_1_123' title='bbox 3046 546 3174 618; x_wconf 79' lang='grc' dir='ltr'>γὰρ,</span> <span class='ocrx_word' id='word_1_124' title='bbox 3198 547 3314 598; x_wconf 78' lang='grc' dir='ltr'>ἔστι</span> <span class='ocrx_word' id='word_1_125' title='bbox 3349 547 3613 614; x_wconf 86' lang='grc' dir='ltr'>σωμάτων</span> <span class='ocrx_word' id='word_1_126' title='bbox 3638 547 3772 598; x_wconf 82' lang='grc' dir='ltr'>ἀνά-</span> 
     </span>
    </p>
   </div>
   <div class='ocr_carea' id='block_1_17' title="bbox 2203 633 3774 704">
    <p class='ocr_par' dir='ltr' id='par_1_17' title="bbox 2203 633 3774 704">
     <span class='ocr_line' id='line_1_17' title="bbox 2203 633 3774 704; baseline -0.003 -14"><span class='ocrx_word' id='word_1_127' title='bbox 2203 655 2408 700; x_wconf 82' lang='grc' dir='ltr'>στασις.</span> <span class='ocrx_word' id='word_1_128' title='bbox 2431 635 2600 689; x_wconf 84' lang='grc' dir='ltr'>Τοῦτο</span> <span class='ocrx_word' id='word_1_129' title='bbox 2618 639 2646 689; x_wconf 91' lang='lat'>6</span> <span class='ocrx_word' id='word_1_130' title='bbox 2672 636 2838 704; x_wconf 73' lang='grc' dir='ltr'>τάφος</span> <span class='ocrx_word' id='word_1_131' title='bbox 2859 633 3008 703; x_wconf 87' lang='grc' dir='ltr'>δηλοῖ</span> <span class='ocrx_word' id='word_1_132' title='bbox 3029 637 3057 688; x_wconf 91' lang='lat'>6</span> <span class='ocrx_word' id='word_1_133' title='bbox 3079 635 3134 685; x_wconf 83' lang='grc' dir='ltr'>ὲν</span> <span class='ocrx_word' id='word_1_134' title='bbox 3165 633 3426 704; x_wconf 86' lang='grc' dir='ltr'>Ἱεροσολύ</span> <span class='ocrx_word' id='word_1_135' title='bbox 3436 650 3554 704; x_wconf 84' lang='grc' dir='ltr'>μοις</span> <span class='ocrx_word' id='word_1_136' title='bbox 3570 650 3583 662; x_wconf 74' lang='grc' dir='ltr'>ο</span> <span class='ocrx_word' id='word_1_137' title='bbox 3609 633 3774 686; x_wconf 79' lang='grc' dir='ltr'>τοῦτο</span> 
     </span>
    </p>
   </div>
   <div class='ocr_carea' id='block_1_18' title="bbox 2199 714 3774 790">
    <p class='ocr_par' dir='ltr' id='par_1_18' title="bbox 2199 714 3774 790">
     <span class='ocr_line' id='line_1_18' title="bbox 2199 714 3774 790; baseline -0.004 -17"><span class='ocrx_word' id='word_1_138' title='bbox 2199 734 2260 773; x_wconf 87' lang='grc' dir='ltr'>το</span> <span class='ocrx_word' id='word_1_139' title='bbox 2297 720 2471 786; x_wconf 81' lang='grc' dir='ltr'>ξύλον,</span> <span class='ocrx_word' id='word_1_140' title='bbox 2505 719 2630 771; x_wconf 72' lang='grc' dir='ltr'>ἔνθα</span> <span class='ocrx_word' id='word_1_141' title='bbox 2662 717 2958 790; x_wconf 86' lang='grc' dir='ltr'>προσεδέθη</span> <span class='ocrx_word' id='word_1_142' title='bbox 2988 718 3080 770; x_wconf 81' lang='grc' dir='ltr'>καὶ</span> <span class='ocrx_word' id='word_1_143' title='bbox 3108 716 3476 786; x_wconf 81' lang='grc' dir='ltr'>ὲμαστιγώθη.</span> <span class='ocrx_word' id='word_1_144' title='bbox 3501 714 3774 784; x_wconf 69' lang='grc' dir='ltr'>Συνεφάρ</span> 
     </span>
    </p>
   </div>
   <div class='ocr_carea' id='block_1_19' title="bbox 2201 799 3775 874">
    <p class='ocr_par' dir='ltr' id='par_1_19' title="bbox 2201 799 3775 874">
     <span class='ocr_line' id='line_1_19' title="bbox 2201 799 3775 874; baseline -0.003 -19"><span class='ocrx_word' id='word_1_145' title='bbox 2201 821 2381 874; x_wconf 71' lang='grc' dir='ltr'>γομεν</span> <span class='ocrx_word' id='word_1_146' title='bbox 2405 805 2512 873; x_wconf 73' lang='grc' dir='ltr'>γὰρ</span> <span class='ocrx_word' id='word_1_147' title='bbox 2543 799 2722 866; x_wconf 81' lang='grc' dir='ltr'>αὐτῷ,</span> <span class='ocrx_word' id='word_1_148' title='bbox 2753 802 2907 871; x_wconf 66' lang='grc' dir='ltr'>φησι,</span> <span class='ocrx_word' id='word_1_149' title='bbox 2937 800 3035 853; x_wconf 75' lang='grc' dir='ltr'>καὶ</span> <span class='ocrx_word' id='word_1_150' title='bbox 3073 801 3459 867; x_wconf 72' lang='grc' dir='ltr'>συνεπίομεν.</span> <span class='ocrx_word' id='word_1_151' title='bbox 3493 801 3775 852; x_wconf 87' lang='grc' dir='ltr'>Πιστεύω-</span> 
     </span>
    </p>
   </div>
   <div class='ocr_carea' id='block_1_20' title="bbox 2205 881 3775 956">
    <p class='ocr_par' dir='ltr' id='par_1_20' title="bbox 2205 881 3775 956">
     <span class='ocr_line' id='line_1_20' title="bbox 2205 881 3775 956; baseline -0.001 -18"><span class='ocrx_word' id='word_1_152' title='bbox 2205 903 2305 956; x_wconf 92' lang='grc' dir='ltr'>μεν</span> <span class='ocrx_word' id='word_1_153' title='bbox 2361 887 2535 939; x_wconf 79' lang='grc' dir='ltr'>τοίνυν</span> <span class='ocrx_word' id='word_1_154' title='bbox 2600 888 2667 956; x_wconf 80' lang='grc' dir='ltr'>τῇ</span> <span class='ocrx_word' id='word_1_155' title='bbox 2730 884 3042 948; x_wconf 91' lang='grc' dir='ltr'>ἀναστάσει,</span> <span class='ocrx_word' id='word_1_156' title='bbox 3102 885 3195 936; x_wconf 74' lang='grc' dir='ltr'>καὶ</span> <span class='ocrx_word' id='word_1_157' title='bbox 3253 885 3580 952; x_wconf 76' lang='grc' dir='ltr'>πράττωμεν</span> <span class='ocrx_word' id='word_1_158' title='bbox 3641 881 3775 947; x_wconf 81' lang='grc' dir='ltr'>ἀξια.</span> 
     </span>
    </p>
   </div>
   <div class='ocr_carea' id='block_1_21' title="bbox 2202 969 3774 1044">
    <p class='ocr_par' dir='ltr' id='par_1_21' title="bbox 2202 969 3774 1044">
     <span class='ocr_line' id='line_1_21' title="bbox 2202 969 3774 1044; baseline -0.003 -18"><span class='ocrx_word' id='word_1_159' title='bbox 2202 973 2424 1044; x_wconf 84' lang='grc' dir='ltr'>ταύτης,</span> <span class='ocrx_word' id='word_1_160' title='bbox 2454 974 2541 1026; x_wconf 85' lang='grc' dir='ltr'>ἵνα</span> <span class='ocrx_word' id='word_1_161' title='bbox 2567 973 2662 1026; x_wconf 78' lang='grc' dir='ltr'>καὶ</span> <span class='ocrx_word' id='word_1_162' title='bbox 2692 970 2798 1024; x_wconf 89' lang='grc' dir='ltr'>τῶν</span> <span class='ocrx_word' id='word_1_163' title='bbox 2832 971 3131 1042; x_wconf 86' lang='grc' dir='ltr'>μελλόντων</span> <span class='ocrx_word' id='word_1_164' title='bbox 3157 972 3498 1042; x_wconf 78' lang='grc' dir='ltr'>ἐπιτύχωμεν</span> <span class='ocrx_word' id='word_1_165' title='bbox 3525 969 3774 1038; x_wconf 88' lang='grc' dir='ltr'>ἀγαθῶν,</span> 
     </span>
    </p>
   </div>
   <div class='ocr_carea' id='block_1_22' title="bbox 2203 1048 3776 1126">
    <p class='ocr_par' dir='ltr' id='par_1_22' title="bbox 2203 1048 3776 1126">
     <span class='ocr_line' id='line_1_22' title="bbox 2203 1048 3776 1126; baseline -0.002 -19"><span class='ocrx_word' id='word_1_166' title='bbox 2203 1057 2262 1109; x_wconf 83' lang='grc' dir='ltr'>ὲν</span> <span class='ocrx_word' id='word_1_167' title='bbox 2314 1054 2532 1126; x_wconf 81' lang='grc' dir='ltr'>Χριστῷ</span> <span class='ocrx_word' id='word_1_168' title='bbox 2595 1053 2769 1126; x_wconf 89' lang='grc' dir='ltr'>Ἰησοῦ</span> <span class='ocrx_word' id='word_1_169' title='bbox 2821 1053 2898 1124; x_wconf 82' lang='grc' dir='ltr'>τῷ</span> <span class='ocrx_word' id='word_1_170' title='bbox 2940 1055 3128 1124; x_wconf 79' lang='grc' dir='ltr'>Κυρίῳ</span> <span class='ocrx_word' id='word_1_171' title='bbox 3185 1053 3374 1124; x_wconf 87' lang='grc' dir='ltr'>ήμῶν,</span> <span class='ocrx_word' id='word_1_172' title='bbox 3419 1053 3537 1123; x_wconf 83' lang='grc' dir='ltr'>μεθ’</span> <span class='ocrx_word' id='word_1_173' title='bbox 3579 1048 3639 1106; x_wconf 79' lang='grc' dir='ltr'>οὗ</span> <span class='ocrx_word' id='word_1_174' title='bbox 3692 1053 3776 1123; x_wconf 83' lang='grc' dir='ltr'>τῷ</span> 
     </span>
    </p>
   </div>
   <div class='ocr_carea' id='block_1_23' title="bbox 2204 1136 3776 1210">
    <p class='ocr_par' dir='ltr' id='par_1_23' title="bbox 2204 1136 3776 1210">
     <span class='ocr_line' id='line_1_23' title="bbox 2204 1136 3776 1210; baseline -0.002 -18"><span class='ocrx_word' id='word_1_175' title='bbox 2204 1141 2380 1210; x_wconf 84' lang='grc' dir='ltr'>Πατρί</span> <span class='ocrx_word' id='word_1_176' title='bbox 2411 1139 2526 1210; x_wconf 76' lang='grc' dir='ltr'>ἅμα</span> <span class='ocrx_word' id='word_1_177' title='bbox 2563 1139 2639 1209; x_wconf 81' lang='grc' dir='ltr'>τῷ</span> <span class='ocrx_word' id='word_1_178' title='bbox 2668 1139 2807 1210; x_wconf 83' lang='grc' dir='ltr'>ἁγίῳ</span> <span class='ocrx_word' id='word_1_179' title='bbox 2835 1138 3111 1209; x_wconf 87' lang='grc' dir='ltr'>Πνεύματι</span> <span class='ocrx_word' id='word_1_180' title='bbox 3139 1138 3265 1201; x_wconf 79' lang='grc' dir='ltr'>δόξα</span> <span class='ocrx_word' id='word_1_181' title='bbox 3283 1178 3298 1202; x_wconf 95' lang='grc'>,</span> <span class='ocrx_word' id='word_1_182' title='bbox 3337 1139 3534 1208; x_wconf 87' lang='grc' dir='ltr'>κράτος</span> <span class='ocrx_word' id='word_1_183' title='bbox 3553 1178 3567 1203; x_wconf 91' lang='grc'>,</span> <span class='ocrx_word' id='word_1_184' title='bbox 3597 1136 3736 1205; x_wconf 86' lang='grc' dir='ltr'>τιμὴ</span> <span class='ocrx_word' id='word_1_185' title='bbox 3757 1175 3776 1198; x_wconf 91' lang='grc'>,</span> 
     </span>
    </p>
   </div>
   <div class='ocr_carea' id='block_1_24' title="bbox 2205 1226 3776 1296">
    <p class='ocr_par' dir='ltr' id='par_1_24' title="bbox 2205 1226 3776 1296">
     <span class='ocr_line' id='line_1_24' title="bbox 2205 1226 3776 1296; baseline 0 -16"><span class='ocrx_word' id='word_1_186' title='bbox 2205 1229 2298 1281; x_wconf 79' lang='grc' dir='ltr'>νῦν</span> <span class='ocrx_word' id='word_1_187' title='bbox 2329 1227 2422 1281; x_wconf 55' lang='grc' dir='ltr'>καὶ⁵</span> <span class='ocrx_word' id='word_1_188' title='bbox 2446 1228 2553 1294; x_wconf 74' lang='grc' dir='ltr'>ἀεὶ,</span> <span class='ocrx_word' id='word_1_189' title='bbox 2585 1228 2678 1281; x_wconf 76' lang='grc' dir='ltr'>καὶ</span> <span class='ocrx_word' id='word_1_190' title='bbox 2701 1230 2778 1290; x_wconf 86' lang='grc' dir='ltr'>εἰς</span> <span class='ocrx_word' id='word_1_191' title='bbox 2800 1229 2924 1290; x_wconf 73' lang='grc' dir='ltr'>τοὺς</span> <span class='ocrx_word' id='word_1_192' title='bbox 2953 1227 3152 1291; x_wconf 83' lang='grc' dir='ltr'>αἰῶνας</span> <span class='ocrx_word' id='word_1_193' title='bbox 3175 1227 3284 1280; x_wconf 90' lang='grc' dir='ltr'>τῶν</span> <span class='ocrx_word' id='word_1_194' title='bbox 3309 1226 3536 1281; x_wconf 89' lang='grc' dir='ltr'>αἰώνων.</span> <span class='ocrx_word' id='word_1_195' title='bbox 3576 1226 3776 1296; x_wconf 86' lang='grc' dir='ltr'>Ἀμήν.</span> 
     </span>
    </p>
   </div>
   <div class='ocr_carea' id='block_1_25' title="bbox 589 1345 2108 1416">
    <p class='ocr_par' dir='ltr' id='par_1_25' title="bbox 589 1345 2097 1412">
     <span class='ocr_line' id='line_1_25' title="bbox 589 1345 2097 1412; baseline 0.005 -19"><span class='ocrx_word' id='word_1_196' title='bbox 589 1348 614 1373; x_wconf 75' lang='grc'>⁸</span> <span class='ocrx_word' id='word_1_197' title='bbox 644 1345 813 1394; x_wconf 81' lang='lat' dir='ltr'>Morel.</span> <span class='ocrx_word' id='word_1_198' title='bbox 837 1349 980 1404; x_wconf 84' lang='lat' dir='ltr'>male,</span> <span class='ocrx_word' id='word_1_199' title='bbox 1005 1349 1084 1395; x_wconf 80' lang='grc' dir='ltr'>καὶ</span> <span class='ocrx_word' id='word_1_200' title='bbox 1116 1348 1248 1410; x_wconf 83' lang='grc' dir='ltr'>ἁνήρ.</span> <span class='ocrx_word' id='word_1_201' title='bbox 1286 1350 1379 1395; x_wconf 86' lang='grc' dir='ltr'>Καὶ</span> <span class='ocrx_word' id='word_1_202' title='bbox 1401 1349 1489 1411; x_wconf 80' lang='grc' dir='ltr'>γὰρ</span> <span class='ocrx_word' id='word_1_203' title='bbox 1523 1349 1603 1396; x_wconf 87' lang='grc' dir='ltr'>καὶ</span> <span class='ocrx_word' id='word_1_204' title='bbox 1634 1349 1751 1412; x_wconf 79' lang='grc' dir='ltr'>ἀνὴρ</span> <span class='ocrx_word' id='word_1_205' title='bbox 1771 1351 1930 1412; x_wconf 85' lang='grc' dir='ltr'>σῶμα.</span> <span class='ocrx_word' id='word_1_206' title='bbox 1975 1350 2097 1400; x_wconf 85' lang='lat' dir='ltr'><strong>Ibid.</strong></span> 
     </span>
    </p>
   </div>
   <div class='ocr_carea' id='block_1_26' title="bbox 2209 1345 3101 1416">
    <p class='ocr_par' dir='ltr' id='par_1_26' title="bbox 2209 1351 3101 1416">
     <span class='ocr_line' id='line_1_26' title="bbox 2209 1351 3101 1416; baseline 0 -16"><span class='ocrx_word' id='word_1_207' title='bbox 2209 1353 2245 1416; x_wconf 64' lang='grc' dir='ltr'>εὖ</span> <span class='ocrx_word' id='word_1_208' title='bbox 2289 1354 2370 1402; x_wconf 82' lang='grc' dir='ltr'>καί</span> <span class='ocrx_word' id='word_1_209' title='bbox 2405 1353 2549 1402; x_wconf 78' lang='lat' dir='ltr'>deest</span> <span class='ocrx_word' id='word_1_210' title='bbox 2589 1351 2638 1400; x_wconf 87' lang='lat' dir='ltr'>in</span> <span class='ocrx_word' id='word_1_211' title='bbox 2669 1352 2959 1415; x_wconf 81' lang='lat' dir='ltr'>quibusdam</span> <span class='ocrx_word' id='word_1_212' title='bbox 2985 1367 3101 1403; x_wconf 86' lang='lat' dir='ltr'>mss.</span> 
     </span>
    </p>
   </div>
   <div class='ocr_carea' id='block_1_27' title="bbox 2032 1880 2376 1938">
    <p class='ocr_par' dir='ltr' id='par_1_27' title="bbox 2032 1880 2376 1938">
     <span class='ocr_line' id='line_1_27' title="bbox 2032 1880 2376 1938; baseline 0.012 -4"><span class='ocrx_word' id='word_1_213' title='bbox 2032 1880 2270 1935; x_wconf 81' lang='grc' dir='ltr'>ΟΜῘΛΙΑ</span> <span class='ocrx_word' id='word_1_214' title='bbox 2303 1883 2376 1938; x_wconf 89' lang='grc' dir='ltr'>Γ’.</span> 
     </span>
    </p>
   </div>
   <div class='ocr_carea' id='block_1_28' title="bbox 535 2035 2102 2107">
    <p class='ocr_par' dir='ltr' id='par_1_28' title="bbox 535 2035 2102 2107">
     <span class='ocr_line' id='line_1_28' title="bbox 535 2035 2102 2107; baseline 0.003 -20"><span class='ocrx_word' id='word_1_215' title='bbox 535 2035 674 2090; x_wconf 81' lang='grc' dir='ltr'>Τότε</span> <span class='ocrx_word' id='word_1_216' title='bbox 701 2037 1099 2107; x_wconf 72' lang='grc' dir='ltr'>ὑπέστρεψαν</span> <span class='ocrx_word' id='word_1_217' title='bbox 1139 2039 1192 2090; x_wconf 87' lang='grc' dir='ltr'>οί</span> <span class='ocrx_word' id='word_1_218' title='bbox 1230 2037 1558 2092; x_wconf 78' lang='grc' dir='ltr'>ἀπόστολοι</span> <span class='ocrx_word' id='word_1_219' title='bbox 1591 2037 1698 2107; x_wconf 27' lang='grc' dir='ltr'>είςῌ</span> <span class='ocrx_word' id='word_1_220' title='bbox 1711 2035 2102 2107; x_wconf 80' lang='grc' dir='ltr'>Ἰερουσαλὴμ</span> 
     </span>
    </p>
   </div>
   <div class='ocr_carea' id='block_1_29' title="bbox 598 2104 2104 2175">
    <p class='ocr_par' dir='ltr' id='par_1_29' title="bbox 598 2104 2104 2175">
     <span class='ocr_line' id='line_1_29' title="bbox 598 2104 2104 2175; baseline 0.001 -16"><span class='ocrx_word' id='word_1_221' title='bbox 598 2106 716 2159; x_wconf 82' lang='grc' dir='ltr'>ἀπὸ</span> <span class='ocrx_word' id='word_1_222' title='bbox 740 2105 914 2172; x_wconf 73' lang='grc' dir='ltr'>ὅρους</span> <span class='ocrx_word' id='word_1_223' title='bbox 945 2105 1051 2157; x_wconf 90' lang='grc' dir='ltr'>τοῦ</span> <span class='ocrx_word' id='word_1_224' title='bbox 1082 2107 1454 2175; x_wconf 78' lang='grc' dir='ltr'>καλουμένου</span> <span class='ocrx_word' id='word_1_225' title='bbox 1498 2104 1834 2172; x_wconf 81' lang='grc' dir='ltr'>Ἐλαιῶνος.</span> <span class='ocrx_word' id='word_1_226' title='bbox 1862 2108 1894 2159; x_wconf 84' lang='grc' dir='ltr'><em>ὅ</em></span> <span class='ocrx_word' id='word_1_227' title='bbox 1933 2104 2104 2161; x_wconf 74' lang='grc' dir='ltr'>ἐστίν</span> 
     </span>
    </p>
   </div>
   <div class='ocr_carea' id='block_1_30' title="bbox 599 2176 1925 2245">
    <p class='ocr_par' dir='ltr' id='par_1_30' title="bbox 599 2176 1925 2245">
     <span class='ocr_line' id='line_1_30' title="bbox 599 2176 1925 2245; baseline 0.001 -16"><span class='ocrx_word' id='word_1_228' title='bbox 599 2176 776 2245; x_wconf 72' lang='grc' dir='ltr'>ἐγγὺς</span> <span class='ocrx_word' id='word_1_229' title='bbox 812 2176 1216 2244; x_wconf 80' lang='grc' dir='ltr'>Ἰερουσαλὴμ,</span> <span class='ocrx_word' id='word_1_230' title='bbox 1247 2176 1548 2230; x_wconf 78' lang='grc' dir='ltr'>σαϐϐάτου</span> <span class='ocrx_word' id='word_1_231' title='bbox 1587 2177 1732 2244; x_wconf 84' lang='grc' dir='ltr'>ἕχον</span> <span class='ocrx_word' id='word_1_232' title='bbox 1762 2177 1925 2230; x_wconf 85' lang='grc' dir='ltr'>ὀδόν.</span> 
     </span>
    </p>
   </div>
   <div class='ocr_carea' id='block_1_31' title="bbox 598 2299 2101 2370">
    <p class='ocr_par' dir='ltr' id='par_1_31' title="bbox 598 2299 2101 2370">
     <span class='ocr_line' id='line_1_31' title="bbox 598 2299 2101 2370; baseline -0.001 -13"><span class='ocrx_word' id='word_1_233' title='bbox 598 2302 667 2357; x_wconf 84' lang='grc' dir='ltr'>α’.</span> <span class='ocrx_word' id='word_1_234' title='bbox 709 2301 864 2363; x_wconf 86' lang='grc' dir='ltr'>Τότε,</span> <span class='ocrx_word' id='word_1_235' title='bbox 905 2299 1088 2369; x_wconf 71' lang='grc' dir='ltr'>φησὶν,</span> <span class='ocrx_word' id='word_1_236' title='bbox 1123 2300 1529 2370; x_wconf 69' lang='grc' dir='ltr'>ὑπέστρεψαν.</span> <span class='ocrx_word' id='word_1_237' title='bbox 1559 2301 1713 2362; x_wconf 84' lang='grc' dir='ltr'>Τότε,</span> <span class='ocrx_word' id='word_1_238' title='bbox 1755 2302 1917 2367; x_wconf 85' lang='grc' dir='ltr'>πότε;</span> <span class='ocrx_word' id='word_1_239' title='bbox 1975 2303 2101 2356; x_wconf 87' lang='grc' dir='ltr'>Ὅτε</span> 
     </span>
    </p>
   </div>
   <div class='ocr_carea' id='block_1_32' title="bbox 525 2369 2090 2455">
    <p class='ocr_par' dir='ltr' id='par_1_32' title="bbox 525 2369 2090 2455">
     <span class='ocr_line' id='line_1_32' title="bbox 525 2369 2090 2455; baseline 0 -17"><span class='ocrx_word' id='word_1_240' title='bbox 525 2369 783 2455; x_wconf 60' lang='grc' dir='ltr'>ἥκουσαν.</span> <span class='ocrx_word' id='word_1_241' title='bbox 804 2383 878 2434; x_wconf 86' lang='grc' dir='ltr'>υύ</span> <span class='ocrx_word' id='word_1_242' title='bbox 897 2383 1004 2452; x_wconf 82' lang='grc' dir='ltr'>γὰρ</span> <span class='ocrx_word' id='word_1_243' title='bbox 1026 2381 1090 2435; x_wconf 86' lang='grc' dir='ltr'>ἂν</span> <span class='ocrx_word' id='word_1_244' title='bbox 1112 2383 1284 2446; x_wconf 85' lang='grc' dir='ltr'>άλλως</span> <span class='ocrx_word' id='word_1_245' title='bbox 1317 2369 1342 2424; x_wconf 58' lang='grc' dir='ltr'>ει</span> <span class='ocrx_word' id='word_1_246' title='bbox 1381 2384 1694 2453; x_wconf 74' lang='grc' dir='ltr'>ἠνέσχοντο,</span> <span class='ocrx_word' id='word_1_247' title='bbox 1731 2387 1779 2437; x_wconf 91' lang='grc' dir='ltr'>εἰ</span> <span class='ocrx_word' id='word_1_248' title='bbox 1804 2385 1877 2455; x_wconf 83' lang='grc' dir='ltr'>μὴ</span> <span class='ocrx_word' id='word_1_249' title='bbox 1898 2386 2090 2455; x_wconf 75' lang='grc' dir='ltr'>ἑτέραν</span> 
     </span>
    </p>
   </div>
   <div class='ocr_carea' id='block_1_33' title="bbox 527 2467 2107 2537">
    <p class='ocr_par' dir='ltr' id='par_1_33' title="bbox 527 2467 2107 2537">
     <span class='ocr_line' id='line_1_33' title="bbox 527 2467 2107 2537; baseline 0 -17"><span class='ocrx_word' id='word_1_250' title='bbox 527 2470 716 2530; x_wconf 82' lang='grc' dir='ltr'>αὐτοῖς</span> <span class='ocrx_word' id='word_1_251' title='bbox 745 2467 1046 2536; x_wconf 83' lang='grc' dir='ltr'>παρουσίαν</span> <span class='ocrx_word' id='word_1_252' title='bbox 1079 2467 1364 2537; x_wconf 83' lang='grc' dir='ltr'>ὑπέσχετο.</span> <span class='ocrx_word' id='word_1_253' title='bbox 1393 2469 1550 2519; x_wconf 86' lang='grc' dir='ltr'>Δοκεῖ</span> <span class='ocrx_word' id='word_1_254' title='bbox 1579 2467 1636 2519; x_wconf 88' lang='grc' dir='ltr'>δέ</span> <span class='ocrx_word' id='word_1_255' title='bbox 1660 2469 1859 2537; x_wconf 74' lang='grc' dir='ltr'>μοικαὶ</span> <span class='ocrx_word' id='word_1_256' title='bbox 1891 2471 1948 2520; x_wconf 87' lang='grc' dir='ltr'>ὲν</span> <span class='ocrx_word' id='word_1_257' title='bbox 1977 2469 2107 2521; x_wconf 77' lang='grc' dir='ltr'>σαϐ-</span> 
     </span>
    </p>
   </div>
   <div class='ocr_carea' id='block_1_34' title="bbox 528 2549 2107 2622">
    <p class='ocr_par' dir='ltr' id='par_1_34' title="bbox 528 2549 2107 2622">
     <span class='ocr_line' id='line_1_34' title="bbox 528 2549 2107 2622; baseline -0.001 -17"><span class='ocrx_word' id='word_1_258' title='bbox 528 2554 675 2622; x_wconf 75' lang='grc' dir='ltr'>ϐάτῳ</span> <span class='ocrx_word' id='word_1_259' title='bbox 703 2551 979 2619; x_wconf 87' lang='grc' dir='ltr'>γεγονέναι</span> <span class='ocrx_word' id='word_1_260' title='bbox 1012 2549 1204 2603; x_wconf 75' lang='grc' dir='ltr'>ταῦτα.</span> <span class='ocrx_word' id='word_1_261' title='bbox 1229 2552 1302 2603; x_wconf 79' lang='grc' dir='ltr'><strong>Οὐ</strong></span> <span class='ocrx_word' id='word_1_262' title='bbox 1333 2551 1441 2620; x_wconf 88' lang='grc' dir='ltr'>γάρ</span> <span class='ocrx_word' id='word_1_263' title='bbox 1471 2550 1536 2602; x_wconf 83' lang='grc' dir='ltr'>ἂν</span> <span class='ocrx_word' id='word_1_264' title='bbox 1572 2549 1715 2603; x_wconf 75' lang='grc' dir='ltr'>οὕτω</span> <span class='ocrx_word' id='word_1_265' title='bbox 1753 2553 1846 2604; x_wconf 77' lang='grc' dir='ltr'>καὶ</span> <span class='ocrx_word' id='word_1_266' title='bbox 1890 2552 1950 2603; x_wconf 87' lang='grc' dir='ltr'>τὸ</span> <span class='ocrx_word' id='word_1_267' title='bbox 1991 2552 2107 2604; x_wconf 88' lang='grc' dir='ltr'>διά-</span> 
     </span>
    </p>
   </div>
   <div class='ocr_carea' id='block_1_35' title="bbox 528 2632 2108 2704">
    <p class='ocr_par' dir='ltr' id='par_1_35' title="bbox 528 2632 2108 2704">
     <span class='ocr_line' id='line_1_35' title="bbox 528 2632 2108 2704; baseline 0.001 -18"><span class='ocrx_word' id='word_1_268' title='bbox 528 2651 710 2704; x_wconf 79' lang='grc' dir='ltr'>στημα</span> <span class='ocrx_word' id='word_1_269' title='bbox 749 2633 1014 2702; x_wconf 76' lang='grc' dir='ltr'>ἐδήλωσεν</span> <span class='ocrx_word' id='word_1_270' title='bbox 1049 2632 1238 2697; x_wconf 86' lang='grc' dir='ltr'>εἰπὼν,</span> <span class='ocrx_word' id='word_1_271' title='bbox 1281 2632 1413 2686; x_wconf 83' lang='grc' dir='ltr'>Ἀπὸ</span> <span class='ocrx_word' id='word_1_272' title='bbox 1457 2633 1636 2700; x_wconf 84' lang='grc' dir='ltr'>ὅρους</span> <span class='ocrx_word' id='word_1_273' title='bbox 1667 2632 1772 2686; x_wconf 83' lang='grc' dir='ltr'>τοῦ</span> <span class='ocrx_word' id='word_1_274' title='bbox 1815 2633 2108 2702; x_wconf 82' lang='grc' dir='ltr'>καλουμέ-</span> 
     </span>
    </p>
   </div>
   <div class='ocr_carea' id='block_1_36' title="bbox 529 2714 2107 2784">
    <p class='ocr_par' dir='ltr' id='par_1_36' title="bbox 529 2714 2107 2784">
     <span class='ocr_line' id='line_1_36' title="bbox 529 2714 2107 2784; baseline 0.001 -16"><span class='ocrx_word' id='word_1_275' title='bbox 529 2734 640 2769; x_wconf 92' lang='grc' dir='ltr'>νου</span> <span class='ocrx_word' id='word_1_276' title='bbox 678 2714 1011 2780; x_wconf 80' lang='grc' dir='ltr'>Ἐλαιῶνος,</span> <span class='ocrx_word' id='word_1_277' title='bbox 1040 2715 1073 2767; x_wconf 88' lang='grc' dir='ltr'><em>ὅ</em></span> <span class='ocrx_word' id='word_1_278' title='bbox 1115 2715 1286 2768; x_wconf 86' lang='grc' dir='ltr'>ἐστιν</span> <span class='ocrx_word' id='word_1_279' title='bbox 1312 2715 1490 2784; x_wconf 77' lang='grc' dir='ltr'>ἐγγὺς</span> <span class='ocrx_word' id='word_1_280' title='bbox 1523 2715 1926 2782; x_wconf 82' lang='grc' dir='ltr'>Ἰερουσαλὴμ,</span> <span class='ocrx_word' id='word_1_281' title='bbox 1963 2717 2107 2769; x_wconf 80' lang='grc' dir='ltr'>σαϐ-</span> 
     </span>
    </p>
   </div>
   <div class='ocr_carea' id='block_1_37' title="bbox 533 2797 2107 2868">
    <p class='ocr_par' dir='ltr' id='par_1_37' title="bbox 533 2797 2107 2868">
     <span class='ocr_line' id='line_1_37' title="bbox 533 2797 2107 2868; baseline -0.001 -16"><span class='ocrx_word' id='word_1_282' title='bbox 533 2799 713 2852; x_wconf 77' lang='grc' dir='ltr'>ϐάτου</span> <span class='ocrx_word' id='word_1_283' title='bbox 763 2799 908 2865; x_wconf 80' lang='grc' dir='ltr'>ἕχον</span> <span class='ocrx_word' id='word_1_284' title='bbox 940 2797 1103 2860; x_wconf 81' lang='grc' dir='ltr'>ὁδὸν,</span> <span class='ocrx_word' id='word_1_285' title='bbox 1139 2799 1188 2849; x_wconf 84' lang='grc' dir='ltr'>εί</span> <span class='ocrx_word' id='word_1_286' title='bbox 1225 2798 1298 2866; x_wconf 86' lang='grc' dir='ltr'>μὴ</span> <span class='ocrx_word' id='word_1_287' title='bbox 1340 2797 1643 2866; x_wconf 80' lang='grc' dir='ltr'>ὡρισμένον</span> <span class='ocrx_word' id='word_1_288' title='bbox 1677 2815 1728 2850; x_wconf 87' lang='grc' dir='ltr'>τι</span> <span class='ocrx_word' id='word_1_289' title='bbox 1767 2799 1938 2868; x_wconf 86' lang='grc' dir='ltr'>μῆκος</span> <span class='ocrx_word' id='word_1_290' title='bbox 1973 2799 2107 2852; x_wconf 83' lang='grc' dir='ltr'>ὁδοι-</span> 
     </span>
    </p>
   </div>
   <div class='ocr_carea' id='block_1_38' title="bbox 531 2879 2109 2950">
    <p class='ocr_par' dir='ltr' id='par_1_38' title="bbox 531 2879 2109 2950">
     <span class='ocr_line' id='line_1_38' title="bbox 531 2879 2109 2950; baseline 0.001 -18"><span class='ocrx_word' id='word_1_291' title='bbox 531 2881 726 2948; x_wconf 80' lang='grc' dir='ltr'>πορίας</span> <span class='ocrx_word' id='word_1_292' title='bbox 753 2881 997 2945; x_wconf 76' lang='grc' dir='ltr'>ἐϐάδιζον</span> <span class='ocrx_word' id='word_1_293' title='bbox 1031 2881 1089 2931; x_wconf 85' lang='grc' dir='ltr'>ὲν</span> <span class='ocrx_word' id='word_1_294' title='bbox 1119 2883 1183 2950; x_wconf 80' lang='grc' dir='ltr'>τῇ</span> <span class='ocrx_word' id='word_1_295' title='bbox 1212 2881 1392 2950; x_wconf 78' lang='grc' dir='ltr'>ἡμέρᾳ</span> <span class='ocrx_word' id='word_1_296' title='bbox 1419 2879 1512 2932; x_wconf 83' lang='grc' dir='ltr'>τοῦ</span> <span class='ocrx_word' id='word_1_297' title='bbox 1551 2879 1842 2936; x_wconf 63' lang='grc' dir='ltr'>σαϐϐάτου.</span> <span class='ocrx_word' id='word_1_298' title='bbox 1875 2881 1984 2934; x_wconf 82' lang='grc' dir='ltr'>Καὶ</span> <span class='ocrx_word' id='word_1_299' title='bbox 2011 2881 2109 2934; x_wconf 84' lang='grc' dir='ltr'>ὅτε</span> 
     </span>
    </p>
   </div>
   <div class='ocr_carea' id='block_1_39' title="bbox 529 2959 2108 3033">
    <p class='ocr_par' dir='ltr' id='par_1_39' title="bbox 529 2959 2108 3033">
     <span class='ocr_line' id='line_1_39' title="bbox 529 2959 2108 3033; baseline 0.001 -19"><span class='ocrx_word' id='word_1_300' title='bbox 529 2962 819 3028; x_wconf 72' lang='grc' dir='ltr'>εἰσῆλθον</span> <span class='ocrx_word' id='word_1_301' title='bbox 849 2966 934 3028; x_wconf 84' lang='grc' dir='ltr'>είς</span> <span class='ocrx_word' id='word_1_302' title='bbox 965 2963 1028 3014; x_wconf 84' lang='grc' dir='ltr'>τὸ</span> <span class='ocrx_word' id='word_1_303' title='bbox 1058 2961 1327 3028; x_wconf 79' lang='grc' dir='ltr'>ὑπερῷον</span> <span class='ocrx_word' id='word_1_304' title='bbox 1353 2961 1677 3028; x_wconf 77' lang='grc' dir='ltr'>ἀνέϐησαν,</span> <span class='ocrx_word' id='word_1_305' title='bbox 1707 2959 1778 3018; x_wconf 84' lang='grc' dir='ltr'>οὗ</span> <span class='ocrx_word' id='word_1_306' title='bbox 1811 2959 1975 3033; x_wconf 78' lang='grc' dir='ltr'>ἦσαν</span> <span class='ocrx_word' id='word_1_307' title='bbox 2005 2981 2108 3016; x_wconf 77' lang='lat' dir='ltr'>xa-</span> 
     </span>
    </p>
   </div>
   <div class='ocr_carea' id='block_1_40' title="bbox 531 3043 2109 3116">
    <p class='ocr_par' dir='ltr' id='par_1_40' title="bbox 531 3043 2109 3116">
     <span class='ocr_line' id='line_1_40' title="bbox 531 3043 2109 3116; baseline 0 -18"><span class='ocrx_word' id='word_1_308' title='bbox 531 3043 1078 3116; x_wconf 82' lang='grc' dir='ltr'>τιιμένοντες.Ἀρα</span> <span class='ocrx_word' id='word_1_309' title='bbox 1137 3045 1324 3097; x_wconf 82' lang='grc' dir='ltr'>λοιπὸν</span> <span class='ocrx_word' id='word_1_310' title='bbox 1369 3047 1423 3096; x_wconf 82' lang='grc' dir='ltr'>ὲν</span> <span class='ocrx_word' id='word_1_311' title='bbox 1477 3045 1867 3115; x_wconf 83' lang='grc' dir='ltr'>Ἰεροσολύμοις</span> <span class='ocrx_word' id='word_1_312' title='bbox 1919 3047 2109 3116; x_wconf 85' lang='grc' dir='ltr'>έμενον</span> 
     </span>
    </p>
   </div>
   <div class='ocr_carea' id='block_1_41' title="bbox 536 3127 2108 3200">
    <p class='ocr_par' dir='ltr' id='par_1_41' title="bbox 536 3127 2108 3200">
     <span class='ocr_line' id='line_1_41' title="bbox 536 3127 2108 3200; baseline 0.003 -20"><span class='ocrx_word' id='word_1_313' title='bbox 536 3129 673 3198; x_wconf 78' lang='grc' dir='ltr'>μετὰ</span> <span class='ocrx_word' id='word_1_314' title='bbox 700 3129 797 3200; x_wconf 80' lang='grc' dir='ltr'>τὴν</span> <span class='ocrx_word' id='word_1_315' title='bbox 830 3130 1144 3184; x_wconf 87' lang='grc' dir='ltr'>ἀνάστασιν.</span> <span class='ocrx_word' id='word_1_316' title='bbox 1178 3129 1240 3179; x_wconf 88' lang='grc' dir='ltr'><em>Ὅ</em></span> <span class='ocrx_word' id='word_1_317' title='bbox 1289 3145 1350 3181; x_wconf 83' lang='grc' dir='ltr'>τε</span> <span class='ocrx_word' id='word_1_318' title='bbox 1383 3127 1622 3195; x_wconf 77' lang='grc' dir='ltr'>Πέτρος,</span> <span class='ocrx_word' id='word_1_319' title='bbox 1653 3131 1815 3199; x_wconf 77' lang='grc' dir='ltr'>φησί,</span> <span class='ocrx_word' id='word_1_320' title='bbox 1865 3131 1965 3184; x_wconf 82' lang='grc' dir='ltr'>καὶ</span> <span class='ocrx_word' id='word_1_321' title='bbox 2003 3133 2108 3185; x_wconf 82' lang='grc' dir='ltr'>Ἰά-</span> 
     </span>
    </p>
   </div>
   <div class='ocr_carea' id='block_1_42' title="bbox 532 3213 2108 3282">
    <p class='ocr_par' dir='ltr' id='par_1_42' title="bbox 532 3213 2108 3282">
     <span class='ocr_line' id='line_1_42' title="bbox 532 3213 2108 3282; baseline -0.001 -16"><span class='ocrx_word' id='word_1_322' title='bbox 532 3216 738 3279; x_wconf 75' lang='grc' dir='ltr'>κωϐος,</span> <span class='ocrx_word' id='word_1_323' title='bbox 789 3216 886 3266; x_wconf 82' lang='grc' dir='ltr'>καὶ</span> <span class='ocrx_word' id='word_1_324' title='bbox 922 3213 1212 3280; x_wconf 85' lang='grc' dir='ltr'>Ἰωάννης.</span> <span class='ocrx_word' id='word_1_325' title='bbox 1265 3213 1378 3266; x_wconf 80' lang='grc' dir='ltr'>Οὐκ</span> <span class='ocrx_word' id='word_1_326' title='bbox 1426 3213 1506 3265; x_wconf 78' lang='grc' dir='ltr'>ἔτι</span> <span class='ocrx_word' id='word_1_327' title='bbox 1550 3214 1687 3282; x_wconf 86' lang='grc' dir='ltr'>μετά</span> <span class='ocrx_word' id='word_1_328' title='bbox 1736 3214 1830 3266; x_wconf 78' lang='grc' dir='ltr'>τοῦ</span> <span class='ocrx_word' id='word_1_329' title='bbox 1881 3213 2108 3282; x_wconf 82' lang='grc' dir='ltr'>ἀδελφοῦ</span> 
     </span>
    </p>
   </div>
   <div class='ocr_carea' id='block_1_43' title="bbox 537 3292 2111 3368">
    <p class='ocr_par' dir='ltr' id='par_1_43' title="bbox 537 3292 2111 3368">
     <span class='ocr_line' id='line_1_43' title="bbox 537 3292 2111 3368; baseline 0.002 -20"><span class='ocrx_word' id='word_1_330' title='bbox 537 3297 697 3366; x_wconf 86' lang='grc' dir='ltr'>μόνος</span> <span class='ocrx_word' id='word_1_331' title='bbox 723 3292 872 3361; x_wconf 76' lang='grc' dir='ltr'>οὗτος</span> <span class='ocrx_word' id='word_1_332' title='bbox 900 3297 1231 3368; x_wconf 81' lang='grc' dir='ltr'>ἀριθμεῖται,</span> <span class='ocrx_word' id='word_1_333' title='bbox 1266 3296 1380 3368; x_wconf 72' lang='grc'>[25]</span> <span class='ocrx_word' id='word_1_334' title='bbox 1411 3297 1546 3351; x_wconf 79' lang='grc' dir='ltr'>ἀλλὰ</span> <span class='ocrx_word' id='word_1_335' title='bbox 1569 3299 1661 3350; x_wconf 76' lang='grc' dir='ltr'>καὶ</span> <span class='ocrx_word' id='word_1_336' title='bbox 1689 3299 1943 3368; x_wconf 83' lang='grc' dir='ltr'>’Λνδρέας</span> <span class='ocrx_word' id='word_1_337' title='bbox 1974 3299 2111 3368; x_wconf 81' lang='grc' dir='ltr'>μετὰ</span> 
     </span>
    </p>
   </div>
   <div class='ocr_carea' id='block_1_44' title="bbox 535 3379 2113 3449">
    <p class='ocr_par' dir='ltr' id='par_1_44' title="bbox 535 3379 2113 3449">
     <span class='ocr_line' id='line_1_44' title="bbox 535 3379 2113 3449; baseline 0.002 -18"><span class='ocrx_word' id='word_1_338' title='bbox 535 3379 772 3448; x_wconf 79' lang='grc' dir='ltr'>Πέτρου·</span> <span class='ocrx_word' id='word_1_339' title='bbox 804 3382 1100 3446; x_wconf 80' lang='grc' dir='ltr'>Φίλιππος</span> <span class='ocrx_word' id='word_1_340' title='bbox 1138 3381 1236 3434; x_wconf 80' lang='grc' dir='ltr'>καὶ</span> <span class='ocrx_word' id='word_1_341' title='bbox 1281 3379 1505 3447; x_wconf 86' lang='grc' dir='ltr'>Θωμᾶς,</span> <span class='ocrx_word' id='word_1_342' title='bbox 1534 3382 1978 3449; x_wconf 82' lang='grc' dir='ltr'>Βαρθολομαῖος</span> <span class='ocrx_word' id='word_1_343' title='bbox 2014 3383 2113 3434; x_wconf 79' lang='grc' dir='ltr'>καί</span> 
     </span>
    </p>
   </div>
   <div class='ocr_carea' id='block_1_45' title="bbox 533 3462 2114 3532">
    <p class='ocr_par' dir='ltr' id='par_1_45' title="bbox 533 3462 2114 3532">
     <span class='ocr_line' id='line_1_45' title="bbox 533 3462 2114 3532; baseline 0.003 -18"><span class='ocrx_word' id='word_1_344' title='bbox 533 3462 850 3527; x_wconf 82' lang='grc' dir='ltr'>Ματθαῖος,</span> <span class='ocrx_word' id='word_1_345' title='bbox 893 3463 1156 3528; x_wconf 77' lang='grc' dir='ltr'>Ἰάκωϐος</span> <span class='ocrx_word' id='word_1_346' title='bbox 1183 3465 1215 3515; x_wconf 86' lang='grc' dir='ltr'><em>ὁ</em></span> <span class='ocrx_word' id='word_1_347' title='bbox 1249 3464 1543 3532; x_wconf 55' lang='grc' dir='ltr'>Ἁλφαίου,</span> <span class='ocrx_word' id='word_1_348' title='bbox 1581 3465 1678 3516; x_wconf 82' lang='grc' dir='ltr'>καὶ</span> <span class='ocrx_word' id='word_1_349' title='bbox 1713 3466 1908 3532; x_wconf 85' lang='grc' dir='ltr'>Σίμων</span> <span class='ocrx_word' id='word_1_350' title='bbox 1934 3469 1966 3519; x_wconf 89' lang='grc' dir='ltr'>ό</span> <span class='ocrx_word' id='word_1_351' title='bbox 2003 3469 2114 3532; x_wconf 81' lang='grc' dir='ltr'>Ζη-</span> 
     </span>
    </p>
   </div>
   <div class='ocr_carea' id='block_1_46' title="bbox 534 3543 2113 3617">
    <p class='ocr_par' dir='ltr' id='par_1_46' title="bbox 534 3543 2113 3617">
     <span class='ocr_line' id='line_1_46' title="bbox 534 3543 2113 3617; baseline 0.003 -21"><span class='ocrx_word' id='word_1_352' title='bbox 534 3543 752 3610; x_wconf 77' lang='grc' dir='ltr'>λωτὴς,</span> <span class='ocrx_word' id='word_1_353' title='bbox 787 3544 884 3596; x_wconf 80' lang='grc' dir='ltr'>καὶ</span> <span class='ocrx_word' id='word_1_354' title='bbox 918 3545 1140 3609; x_wconf 83' lang='grc' dir='ltr'>Ἰούδας</span> <span class='ocrx_word' id='word_1_355' title='bbox 1179 3545 1466 3602; x_wconf 75' lang='grc' dir='ltr'>Ἰακώϐου.</span> <span class='ocrx_word' id='word_1_356' title='bbox 1514 3547 1708 3609; x_wconf 83' lang='grc' dir='ltr'>Καλῶς</span> <span class='ocrx_word' id='word_1_357' title='bbox 1741 3549 2113 3617; x_wconf 71' lang='grc' dir='ltr'>ἐμνημόνευσε</span> 
     </span>
    </p>
   </div>
   <div class='ocr_carea' id='block_1_47' title="bbox 535 3626 2114 3701">
    <p class='ocr_par' dir='ltr' id='par_1_47' title="bbox 535 3626 2114 3701">
     <span class='ocr_line' id='line_1_47' title="bbox 535 3626 2114 3701; baseline 0.004 -24"><span class='ocrx_word' id='word_1_358' title='bbox 535 3626 645 3677; x_wconf 83' lang='grc' dir='ltr'>τῶν</span> <span class='ocrx_word' id='word_1_359' title='bbox 695 3627 975 3697; x_wconf 82' lang='grc' dir='ltr'>μαθητῶν.</span> <span class='ocrx_word' id='word_1_360' title='bbox 1013 3629 1229 3698; x_wconf 85' lang='grc' dir='ltr'>Ἐπειδὴ</span> <span class='ocrx_word' id='word_1_361' title='bbox 1278 3628 1385 3699; x_wconf 83' lang='grc' dir='ltr'>γὰρ</span> <span class='ocrx_word' id='word_1_362' title='bbox 1423 3632 1452 3682; x_wconf 89' lang='lat'>6</span> <span class='ocrx_word' id='word_1_363' title='bbox 1485 3630 1584 3701; x_wconf 82' lang='grc' dir='ltr'>μὲν</span> <span class='ocrx_word' id='word_1_364' title='bbox 1628 3631 1950 3700; x_wconf 85' lang='grc' dir='ltr'>προέδωκεν,</span> <span class='ocrx_word' id='word_1_365' title='bbox 1995 3633 2022 3684; x_wconf 88' lang='lat'>6</span> <span class='ocrx_word' id='word_1_366' title='bbox 2057 3632 2114 3684; x_wconf 84' lang='grc' dir='ltr'>δὲ</span> 
     </span>
    </p>
   </div>
   <div class='ocr_carea' id='block_1_48' title="bbox 537 3709 2115 3784">
    <p class='ocr_par' dir='ltr' id='par_1_48' title="bbox 537 3709 2115 3784">
     <span class='ocr_line' id='line_1_48' title="bbox 537 3709 2115 3784; baseline 0.004 -24"><span class='ocrx_word' id='word_1_367' title='bbox 537 3709 813 3779; x_wconf 76' lang='grc' dir='ltr'>ἠρνήσατο</span> <span class='ocrx_word' id='word_1_368' title='bbox 836 3710 885 3772; x_wconf 75' lang='lat' dir='ltr'><strong>b,</strong></span> <span class='ocrx_word' id='word_1_369' title='bbox 913 3712 940 3762; x_wconf 91' lang='lat'>6</span> <span class='ocrx_word' id='word_1_370' title='bbox 970 3711 1024 3763; x_wconf 78' lang='grc' dir='ltr'>δὲ</span> <span class='ocrx_word' id='word_1_371' title='bbox 1055 3711 1350 3782; x_wconf 76' lang='grc' dir='ltr'>ῆπίστησε,</span> <span class='ocrx_word' id='word_1_372' title='bbox 1381 3713 1669 3777; x_wconf 86' lang='grc' dir='ltr'>δείκνυσιν,</span> <span class='ocrx_word' id='word_1_373' title='bbox 1701 3715 1780 3766; x_wconf 80' lang='grc' dir='ltr'>ὅτι</span> <span class='ocrx_word' id='word_1_374' title='bbox 1811 3715 1950 3784; x_wconf 83' lang='grc' dir='ltr'>πλὴν</span> <span class='ocrx_word' id='word_1_375' title='bbox 1979 3716 2115 3767; x_wconf 84' lang='grc' dir='ltr'>ὲκεί-</span> 
     </span>
    </p>
   </div>
   <div class='ocr_carea' id='block_1_49' title="bbox 537 3790 2112 3866">
    <p class='ocr_par' dir='ltr' id='par_1_49' title="bbox 537 3790 2112 3866">
     <span class='ocr_line' id='line_1_49' title="bbox 537 3790 2112 3866; baseline 0.004 -21"><span class='ocrx_word' id='word_1_376' title='bbox 537 3810 627 3845; x_wconf 82' lang='grc' dir='ltr'>νου</span> <span class='ocrx_word' id='word_1_377' title='bbox 670 3795 868 3858; x_wconf 88' lang='grc' dir='ltr'>πάντες</span> <span class='ocrx_word' id='word_1_378' title='bbox 908 3790 1047 3864; x_wconf 77' lang='grc' dir='ltr'>ἦσαν</span> <span class='ocrx_word' id='word_1_379' title='bbox 1085 3797 1229 3849; x_wconf 84' lang='grc' dir='ltr'>σῶοι.</span> <span class='ocrx_word' id='word_1_380' title='bbox 1267 3793 1440 3850; x_wconf 86' lang='grc' dir='ltr'>Οὗτοι</span> <span class='ocrx_word' id='word_1_381' title='bbox 1472 3795 1691 3862; x_wconf 84' lang='grc' dir='ltr'>πάντες</span> <span class='ocrx_word' id='word_1_382' title='bbox 1728 3793 1888 3866; x_wconf 79' lang='grc' dir='ltr'>ἦσαν</span> <span class='ocrx_word' id='word_1_383' title='bbox 1926 3815 2112 3866; x_wconf 83' lang='grc' dir='ltr'>προσ-</span> 
     </span>
    </p>
   </div>
   <div class='ocr_carea' id='block_1_50' title="bbox 537 3876 2112 3948">
    <p class='ocr_par' dir='ltr' id='par_1_50' title="bbox 537 3876 2112 3948">
     <span class='ocr_line' id='line_1_50' title="bbox 537 3876 2112 3948; baseline 0.003 -21"><span class='ocrx_word' id='word_1_384' title='bbox 537 3876 960 3942; x_wconf 77' lang='grc' dir='ltr'>καρτεροῦντες</span> <span class='ocrx_word' id='word_1_385' title='bbox 1013 3878 1391 3947; x_wconf 78' lang='grc' dir='ltr'>ὁμοθυμαδὸν</span> <span class='ocrx_word' id='word_1_386' title='bbox 1425 3879 1494 3946; x_wconf 76' lang='grc' dir='ltr'>τῇ</span> <span class='ocrx_word' id='word_1_387' title='bbox 1553 3878 1865 3948; x_wconf 80' lang='grc' dir='ltr'>προσευχῇ</span> <span class='ocrx_word' id='word_1_388' title='bbox 1903 3881 2001 3932; x_wconf 78' lang='grc' dir='ltr'>καὶ</span> <span class='ocrx_word' id='word_1_389' title='bbox 2039 3879 2112 3948; x_wconf 74' lang='grc' dir='ltr'>τῇ</span> 
     </span>
    </p>
   </div>
   <div class='ocr_carea' id='block_1_51' title="bbox 535 3956 2112 4035">
    <p class='ocr_par' dir='ltr' id='par_1_51' title="bbox 535 3956 2112 4035">
     <span class='ocr_line' id='line_1_51' title="bbox 535 3956 2112 4035; baseline 0.003 -24"><span class='ocrx_word' id='word_1_390' title='bbox 535 3956 742 4027; x_wconf 72' lang='grc' dir='ltr'>δεήσει</span> <span class='ocrx_word' id='word_1_391' title='bbox 775 3959 896 4013; x_wconf 87' lang='grc' dir='ltr'>σὺν</span> <span class='ocrx_word' id='word_1_392' title='bbox 924 3961 1052 4026; x_wconf 84' lang='grc' dir='ltr'>ταῖς</span> <span class='ocrx_word' id='word_1_393' title='bbox 1084 3963 1339 4031; x_wconf 70' lang='grc' dir='ltr'>γυναιξί.</span> <span class='ocrx_word' id='word_1_394' title='bbox 1372 3963 1586 4026; x_wconf 85' lang='grc' dir='ltr'>Καλῶς.</span> <span class='ocrx_word' id='word_1_395' title='bbox 1619 3963 1778 4031; x_wconf 83' lang='grc' dir='ltr'>Μέγα</span> <span class='ocrx_word' id='word_1_396' title='bbox 1815 3964 1922 4035; x_wconf 82' lang='grc' dir='ltr'>γάρ</span> <span class='ocrx_word' id='word_1_397' title='bbox 1957 3965 2112 4017; x_wconf 80' lang='grc' dir='ltr'>τοῦτο</span> 
     </span>
    </p>
   </div>
   <div class='ocr_carea' id='block_1_52' title="bbox 537 4041 2114 4118">
    <p class='ocr_par' dir='ltr' id='par_1_52' title="bbox 537 4041 2114 4118">
     <span class='ocr_line' id='line_1_52' title="bbox 537 4041 2114 4118; baseline 0.003 -24"><span class='ocrx_word' id='word_1_398' title='bbox 537 4041 698 4094; x_wconf 78' lang='grc' dir='ltr'>ὅπλον</span> <span class='ocrx_word' id='word_1_399' title='bbox 747 4043 803 4094; x_wconf 86' lang='grc' dir='ltr'>ὲν</span> <span class='ocrx_word' id='word_1_400' title='bbox 835 4047 948 4106; x_wconf 86' lang='grc' dir='ltr'>τοῖς</span> <span class='ocrx_word' id='word_1_401' title='bbox 989 4049 1331 4114; x_wconf 85' lang='grc' dir='ltr'>πειρασμοῖς,</span> <span class='ocrx_word' id='word_1_402' title='bbox 1363 4046 1456 4098; x_wconf 77' lang='grc' dir='ltr'>καί</span> <span class='ocrx_word' id='word_1_403' title='bbox 1503 4045 1662 4098; x_wconf 79' lang='grc' dir='ltr'>τοῦτο</span> <span class='ocrx_word' id='word_1_404' title='bbox 1701 4042 1840 4116; x_wconf 80' lang='grc' dir='ltr'>ἦσαν</span> <span class='ocrx_word' id='word_1_405' title='bbox 1883 4064 2114 4118; x_wconf 78' lang='grc' dir='ltr'>προπαιο</span> 
     </span>
    </p>
   </div>
   <div class='ocr_carea' id='block_1_53' title="bbox 537 4124 2114 4192">
    <p class='ocr_par' dir='ltr' id='par_1_53' title="bbox 537 4124 2114 4192">
     <span class='ocr_line' id='line_1_53' title="bbox 537 4124 2114 4192; baseline 0.004 -16"><span class='ocrx_word' id='word_1_406' title='bbox 537 4124 815 4188; x_wconf 85' lang='grc' dir='ltr'>δευθέντες</span> <span class='ocrx_word' id='word_1_407' title='bbox 845 4125 1043 4189; x_wconf 79' lang='grc' dir='ltr'>ἱκανῶς</span> <span class='ocrx_word' id='word_1_408' title='bbox 1075 4128 1164 4179; x_wconf 79' lang='grc' dir='ltr'>ὑπ’</span> <span class='ocrx_word' id='word_1_409' title='bbox 1193 4127 1359 4180; x_wconf 78' lang='grc' dir='ltr'>αὐτοῦ</span> <span class='ocrx_word' id='word_1_410' title='bbox 1395 4128 1489 4180; x_wconf 81' lang='grc' dir='ltr'>τοῦ</span> <span class='ocrx_word' id='word_1_411' title='bbox 1523 4129 1872 4182; x_wconf 84' lang='grc' dir='ltr'>Διδασκάλου,</span> <span class='ocrx_word' id='word_1_412' title='bbox 1904 4130 2114 4192; x_wconf 80' lang='grc' dir='ltr'>’Δλλως</span> 
     </span>
    </p>
   </div>
   <div class='ocr_carea' id='block_1_54' title="bbox 537 4206 2109 4282">
    <p class='ocr_par' dir='ltr' id='par_1_54' title="bbox 537 4206 2109 4282">
     <span class='ocr_line' id='line_1_54' title="bbox 537 4206 2109 4282; baseline 0.004 -23"><span class='ocrx_word' id='word_1_413' title='bbox 537 4206 613 4270; x_wconf 85' lang='grc' dir='ltr'>δὲ,</span> <span class='ocrx_word' id='word_1_414' title='bbox 665 4207 760 4260; x_wconf 84' lang='grc' dir='ltr'>καὶ</span> <span class='ocrx_word' id='word_1_415' title='bbox 801 4211 829 4260; x_wconf 90' lang='lat'>6</span> <span class='ocrx_word' id='word_1_416' title='bbox 862 4208 1052 4279; x_wconf 85' lang='grc' dir='ltr'>παρὼν</span> <span class='ocrx_word' id='word_1_417' title='bbox 1082 4209 1383 4280; x_wconf 73' lang='grc' dir='ltr'>πειρασμὸς</span> <span class='ocrx_word' id='word_1_418' title='bbox 1427 4211 1626 4272; x_wconf 80' lang='grc' dir='ltr'>αὐτοὺς</span> <span class='ocrx_word' id='word_1_419' title='bbox 1671 4213 1750 4274; x_wconf 87' lang='grc' dir='ltr'>εἰς</span> <span class='ocrx_word' id='word_1_420' title='bbox 1790 4211 1949 4264; x_wconf 77' lang='grc' dir='ltr'>τοῦτο</span> <span class='ocrx_word' id='word_1_421' title='bbox 1985 4208 2109 4282; x_wconf 84' lang='grc' dir='ltr'>ἦγε.</span> 
     </span>
    </p>
   </div>
   <div class='ocr_carea' id='block_1_55' title="bbox 539 4289 2114 4365">
    <p class='ocr_par' dir='ltr' id='par_1_55' title="bbox 539 4289 2114 4365">
     <span class='ocr_line' id='line_1_55' title="bbox 539 4289 2114 4365; baseline 0.004 -24"><span class='ocrx_word' id='word_1_422' title='bbox 539 4290 638 4342; x_wconf 83' lang='grc' dir='ltr'>Διά</span> <span class='ocrx_word' id='word_1_423' title='bbox 668 4289 826 4342; x_wconf 78' lang='grc' dir='ltr'>τοῦτο</span> <span class='ocrx_word' id='word_1_424' title='bbox 855 4291 1202 4346; x_wconf 81' lang='grc' dir='ltr'>ἀναϐαίνουσι</span> <span class='ocrx_word' id='word_1_425' title='bbox 1245 4293 1338 4346; x_wconf 77' lang='grc' dir='ltr'>καὶ</span> <span class='ocrx_word' id='word_1_426' title='bbox 1372 4294 1451 4356; x_wconf 87' lang='grc' dir='ltr'>εἰς</span> <span class='ocrx_word' id='word_1_427' title='bbox 1479 4291 1540 4344; x_wconf 85' lang='grc' dir='ltr'>τὸ</span> <span class='ocrx_word' id='word_1_428' title='bbox 1581 4292 1826 4364; x_wconf 83' lang='grc' dir='ltr'>ὑπερῷον</span> <span class='ocrx_word' id='word_1_429' title='bbox 1845 4310 1860 4324; x_wconf 78' lang='grc' dir='ltr'>ο</span> <span class='ocrx_word' id='word_1_430' title='bbox 1909 4293 2114 4365; x_wconf 83' lang='grc' dir='ltr'>σφόδρα</span> 
     </span>
    </p>
   </div>
   <div class='ocr_carea' id='block_1_56' title="bbox 538 4373 2114 4448">
    <p class='ocr_par' dir='ltr' id='par_1_56' title="bbox 538 4373 2114 4448">
     <span class='ocr_line' id='line_1_56' title="bbox 538 4373 2114 4448; baseline 0.004 -24"><span class='ocrx_word' id='word_1_431' title='bbox 538 4373 652 4442; x_wconf 76' lang='grc' dir='ltr'>γὰρ</span> <span class='ocrx_word' id='word_1_432' title='bbox 699 4373 1032 4426; x_wconf 78' lang='grc' dir='ltr'>ἐδεδοίκεσαν</span> <span class='ocrx_word' id='word_1_433' title='bbox 1063 4376 1188 4439; x_wconf 77' lang='grc' dir='ltr'>τοὺς</span> <span class='ocrx_word' id='word_1_434' title='bbox 1224 4375 1528 4438; x_wconf 81' lang='grc' dir='ltr'>Ἰουδαίους.</span> <span class='ocrx_word' id='word_1_435' title='bbox 1557 4374 1681 4428; x_wconf 89' lang='grc' dir='ltr'>Σὺν</span> <span class='ocrx_word' id='word_1_436' title='bbox 1709 4377 1968 4445; x_wconf 78' lang='grc' dir='ltr'>γυναιξὶ,</span> <span class='ocrx_word' id='word_1_437' title='bbox 2011 4395 2114 4448; x_wconf 85' lang='grc' dir='ltr'>φη-</span> 
     </span>
    </p>
   </div>
   <div class='ocr_carea' id='block_1_57' title="bbox 542 4451 2114 4528">
    <p class='ocr_par' dir='ltr' id='par_1_57' title="bbox 542 4451 2114 4528">
     <span class='ocr_line' id='line_1_57' title="bbox 542 4451 2114 4528; baseline 0.003 -20"><span class='ocrx_word' id='word_1_438' title='bbox 542 4455 649 4510; x_wconf 89' lang='grc' dir='ltr'>σίν.</span> <span class='ocrx_word' id='word_1_439' title='bbox 698 4451 832 4509; x_wconf 83' lang='grc' dir='ltr'>Εἷπε</span> <span class='ocrx_word' id='word_1_440' title='bbox 866 4456 992 4527; x_wconf 81' lang='grc' dir='ltr'>γὰρ,</span> <span class='ocrx_word' id='word_1_441' title='bbox 1023 4457 1103 4510; x_wconf 86' lang='grc' dir='ltr'>ὅτι</span> <span class='ocrx_word' id='word_1_442' title='bbox 1141 4456 1516 4528; x_wconf 79' lang='grc' dir='ltr'>ἠκολούθησαν</span> <span class='ocrx_word' id='word_1_443' title='bbox 1562 4457 1729 4528; x_wconf 82' lang='grc' dir='ltr'>αὐτῷ.</span> <span class='ocrx_word' id='word_1_444' title='bbox 1775 4460 1883 4512; x_wconf 76' lang='grc' dir='ltr'>Καὶ</span> <span class='ocrx_word' id='word_1_445' title='bbox 1916 4461 2114 4528; x_wconf 81' lang='grc' dir='ltr'>Μαρίᾳ</span> 
     </span>
    </p>
   </div>
   <div class='ocr_carea' id='block_1_58' title="bbox 539 4535 2111 4611">
    <p class='ocr_par' dir='ltr' id='par_1_58' title="bbox 539 4535 2111 4611">
     <span class='ocr_line' id='line_1_58' title="bbox 539 4535 2111 4611; baseline 0.004 -21"><span class='ocrx_word' id='word_1_446' title='bbox 539 4535 615 4604; x_wconf 76' lang='grc' dir='ltr'>τῇ</span> <span class='ocrx_word' id='word_1_447' title='bbox 645 4540 822 4607; x_wconf 80' lang='grc' dir='ltr'>μητρὶ</span> <span class='ocrx_word' id='word_1_448' title='bbox 865 4539 966 4592; x_wconf 89' lang='grc' dir='ltr'>τοῦ</span> <span class='ocrx_word' id='word_1_449' title='bbox 997 4540 1208 4608; x_wconf 87' lang='grc' dir='ltr'>Ἰησοῦ,</span> <span class='ocrx_word' id='word_1_450' title='bbox 1245 4539 1342 4593; x_wconf 81' lang='grc' dir='ltr'>καὶ</span> <span class='ocrx_word' id='word_1_451' title='bbox 1379 4539 1501 4593; x_wconf 88' lang='grc' dir='ltr'>σὺν</span> <span class='ocrx_word' id='word_1_452' title='bbox 1525 4541 1648 4607; x_wconf 80' lang='grc' dir='ltr'>τοῖς</span> <span class='ocrx_word' id='word_1_453' title='bbox 1677 4540 1962 4611; x_wconf 67' lang='grc' dir='ltr'>ἀδελφοῖς</span> <span class='ocrx_word' id='word_1_454' title='bbox 2002 4545 2111 4597; x_wconf 83' lang='grc' dir='ltr'>αὺ-</span> 
     </span>
    </p>
   </div>
   <div class='ocr_carea' id='block_1_59' title="bbox 539 4617 2111 4692">
    <p class='ocr_par' dir='ltr' id='par_1_59' title="bbox 539 4617 2111 4692">
     <span class='ocr_line' id='line_1_59' title="bbox 539 4617 2111 4692; baseline 0.004 -20"><span class='ocrx_word' id='word_1_455' title='bbox 539 4620 664 4674; x_wconf 78' lang='grc' dir='ltr'>τοῦ.</span> <span class='ocrx_word' id='word_1_456' title='bbox 694 4621 818 4686; x_wconf 90' lang='grc' dir='ltr'>Πῶς</span> <span class='ocrx_word' id='word_1_457' title='bbox 845 4617 936 4675; x_wconf 76' lang='grc' dir='ltr'>οὖν</span> <span class='ocrx_word' id='word_1_458' title='bbox 967 4620 1134 4691; x_wconf 84' lang='grc' dir='ltr'>λέγει,</span> <span class='ocrx_word' id='word_1_459' title='bbox 1161 4623 1242 4676; x_wconf 84' lang='grc' dir='ltr'>ὅτι</span> <span class='ocrx_word' id='word_1_460' title='bbox 1273 4623 1354 4684; x_wconf 81' lang='grc' dir='ltr'>είς</span> <span class='ocrx_word' id='word_1_461' title='bbox 1387 4622 1451 4676; x_wconf 84' lang='grc' dir='ltr'>τὰ</span> <span class='ocrx_word' id='word_1_462' title='bbox 1476 4624 1582 4678; x_wconf 73' lang='grc' dir='ltr'>ἴδια</span> <span class='ocrx_word' id='word_1_463' title='bbox 1611 4624 1780 4692; x_wconf 79' lang='grc' dir='ltr'>αὐτὴν</span> <span class='ocrx_word' id='word_1_464' title='bbox 1807 4625 1962 4679; x_wconf 78' lang='grc' dir='ltr'>έλαὸε</span> <span class='ocrx_word' id='word_1_465' title='bbox 1992 4627 2111 4678; x_wconf 82' lang='grc' dir='ltr'>τότε</span> 
     </span>
    </p>
   </div>
   <div class='ocr_carea' id='block_1_60' title="bbox 539 4703 2114 4778">
    <p class='ocr_par' dir='ltr' id='par_1_60' title="bbox 539 4703 2114 4778">
     <span class='ocr_line' id='line_1_60' title="bbox 539 4703 2114 4778; baseline 0.003 -22"><span class='ocrx_word' id='word_1_466' title='bbox 539 4705 568 4756; x_wconf 97' lang='lat'>6</span> <span class='ocrx_word' id='word_1_467' title='bbox 599 4703 877 4776; x_wconf 86' lang='grc' dir='ltr'>μαθητής,</span> <span class='ocrx_word' id='word_1_468' title='bbox 935 4706 1081 4759; x_wconf 83' lang='grc' dir='ltr'>Αλλὰ</span> <span class='ocrx_word' id='word_1_469' title='bbox 1127 4706 1448 4775; x_wconf 77' lang='grc' dir='ltr'>συναγαγὼν</span> <span class='ocrx_word' id='word_1_470' title='bbox 1489 4707 1649 4760; x_wconf 89' lang='grc' dir='ltr'>πάλιν</span> <span class='ocrx_word' id='word_1_471' title='bbox 1688 4709 1884 4772; x_wconf 79' lang='grc' dir='ltr'>αὐτοὺς</span> <span class='ocrx_word' id='word_1_472' title='bbox 1919 4709 1947 4760; x_wconf 89' lang='lat'>6</span> <span class='ocrx_word' id='word_1_473' title='bbox 1981 4711 2114 4778; x_wconf 89' lang='grc' dir='ltr'>Χρι-</span> 
     </span>
    </p>
   </div>
   <div class='ocr_carea' id='block_1_61' title="bbox 544 4787 2110 4863">
    <p class='ocr_par' dir='ltr' id='par_1_61' title="bbox 544 4787 2110 4863">
     <span class='ocr_line' id='line_1_61' title="bbox 544 4787 2110 4863; baseline 0.004 -23"><span class='ocrx_word' id='word_1_474' title='bbox 544 4787 687 4852; x_wconf 83' lang='grc' dir='ltr'>στὸς,</span> <span class='ocrx_word' id='word_1_475' title='bbox 721 4789 862 4841; x_wconf 77' lang='grc' dir='ltr'>οὕτω</span> <span class='ocrx_word' id='word_1_476' title='bbox 894 4790 1078 4843; x_wconf 83' lang='grc' dir='ltr'>λοιπὸν</span> <span class='ocrx_word' id='word_1_477' title='bbox 1117 4790 1279 4843; x_wconf 88' lang='grc' dir='ltr'>πάλιν</span> <span class='ocrx_word' id='word_1_478' title='bbox 1308 4791 1488 4853; x_wconf 82' lang='grc' dir='ltr'>αὐτοῖς</span> <span class='ocrx_word' id='word_1_479' title='bbox 1513 4801 1534 4829; x_wconf 78' lang='grc' dir='ltr'><strong>ο</strong></span> <span class='ocrx_word' id='word_1_480' title='bbox 1573 4792 1665 4844; x_wconf 75' lang='grc' dir='ltr'>καὶ</span> <span class='ocrx_word' id='word_1_481' title='bbox 1700 4792 1880 4862; x_wconf 78' lang='grc' dir='ltr'>ἐκείνη</span> <span class='ocrx_word' id='word_1_482' title='bbox 1927 4795 2110 4863; x_wconf 77' lang='grc' dir='ltr'>συνῆν.</span> 
     </span>
    </p>
   </div>
   <div class='ocr_carea' id='block_1_62' title="bbox 541 4872 2113 4944">
    <p class='ocr_par' dir='ltr' id='par_1_62' title="bbox 541 4872 2113 4944">
     <span class='ocr_line' id='line_1_62' title="bbox 541 4872 2113 4944; baseline 0.001 -18"><span class='ocrx_word' id='word_1_483' title='bbox 541 4873 650 4926; x_wconf 76' lang='grc' dir='ltr'>Καὶ</span> <span class='ocrx_word' id='word_1_484' title='bbox 690 4872 812 4926; x_wconf 88' lang='grc' dir='ltr'>σὺν</span> <span class='ocrx_word' id='word_1_485' title='bbox 837 4874 962 4940; x_wconf 86' lang='grc' dir='ltr'>τοῖς</span> <span class='ocrx_word' id='word_1_486' title='bbox 993 4874 1276 4944; x_wconf 63' lang='grc' dir='ltr'>ἀδελφοῖς</span> <span class='ocrx_word' id='word_1_487' title='bbox 1320 4873 1531 4928; x_wconf 86' lang='grc' dir='ltr'>αὐτοῦ.</span> <span class='ocrx_word' id='word_1_488' title='bbox 1562 4875 1798 4938; x_wconf 86' lang='grc' dir='ltr'>Τούτους</span> <span class='ocrx_word' id='word_1_489' title='bbox 1848 4875 2016 4943; x_wconf 86' lang='grc' dir='ltr'>λέγει,</span> <span class='ocrx_word' id='word_1_490' title='bbox 2065 4877 2113 4928; x_wconf 78' lang='grc' dir='ltr'>οἳ</span> 
     </span>
    </p>
   </div>
   <div class='ocr_carea' id='block_1_63' title="bbox 535 4955 2116 5028">
    <p class='ocr_par' dir='ltr' id='par_1_63' title="bbox 535 4955 2116 5028">
     <span class='ocr_line' id='line_1_63' title="bbox 535 4955 2116 5028; baseline 0.001 -20"><span class='ocrx_word' id='word_1_491' title='bbox 535 4955 894 5020; x_wconf 79' lang='grc' dir='ltr'>ἀπιστοῦντες</span> <span class='ocrx_word' id='word_1_492' title='bbox 926 4959 1186 5028; x_wconf 88' lang='grc' dir='ltr'>πρότερον</span> <span class='ocrx_word' id='word_1_493' title='bbox 1209 4955 1348 5028; x_wconf 79' lang='grc' dir='ltr'>ἦσαν</span> <span class='ocrx_word' id='word_1_494' title='bbox 1386 4956 1550 5027; x_wconf 81' lang='grc' dir='ltr'>αὐτῷ.</span> <span class='ocrx_word' id='word_1_495' title='bbox 1581 4958 1687 5012; x_wconf 76' lang='grc' dir='ltr'>Καὶ</span> <span class='ocrx_word' id='word_1_496' title='bbox 1720 4959 1790 5010; x_wconf 87' lang='grc' dir='ltr'>ἐν</span> <span class='ocrx_word' id='word_1_497' title='bbox 1821 4958 1946 5023; x_wconf 80' lang='grc' dir='ltr'>ταῖς</span> <span class='ocrx_word' id='word_1_498' title='bbox 1975 4958 2116 5027; x_wconf 77' lang='grc' dir='ltr'>ἠμέ-</span> 
     </span>
    </p>
   </div>
   <div class='ocr_carea' id='block_1_64' title="bbox 536 5041 2114 5111">
    <p class='ocr_par' dir='ltr' id='par_1_64' title="bbox 536 5041 2114 5111">
     <span class='ocr_line' id='line_1_64' title="bbox 536 5041 2114 5111; baseline 0.003 -22"><span class='ocrx_word' id='word_1_499' title='bbox 536 5056 672 5106; x_wconf 84' lang='grc' dir='ltr'>ραις</span> <span class='ocrx_word' id='word_1_500' title='bbox 711 5041 971 5105; x_wconf 84' lang='grc' dir='ltr'>ταύταις,</span> <span class='ocrx_word' id='word_1_501' title='bbox 1008 5042 1274 5106; x_wconf 88' lang='grc' dir='ltr'>ἀναστὰς</span> <span class='ocrx_word' id='word_1_502' title='bbox 1312 5043 1529 5110; x_wconf 82' lang='grc' dir='ltr'>Πέτρος</span> <span class='ocrx_word' id='word_1_503' title='bbox 1571 5042 1828 5111; x_wconf 85' lang='grc' dir='ltr'>ἐνμέσῳ</span> <span class='ocrx_word' id='word_1_504' title='bbox 1857 5043 1974 5094; x_wconf 87' lang='grc' dir='ltr'>τῶν</span> <span class='ocrx_word' id='word_1_505' title='bbox 2001 5059 2114 5110; x_wconf 87' lang='grc' dir='ltr'>μα-</span> 
     </span>
    </p>
   </div>
   <div class='ocr_carea' id='block_1_65' title="bbox 544 5117 2115 5196">
    <p class='ocr_par' dir='ltr' id='par_1_65' title="bbox 544 5117 2115 5196">
     <span class='ocr_line' id='line_1_65' title="bbox 544 5117 2115 5196; baseline 0.001 -22"><span class='ocrx_word' id='word_1_506' title='bbox 544 5120 740 5188; x_wconf 87' lang='grc' dir='ltr'>θητῶν</span> <span class='ocrx_word' id='word_1_507' title='bbox 779 5117 930 5176; x_wconf 81' lang='grc' dir='ltr'>εἷπε.</span> <span class='ocrx_word' id='word_1_508' title='bbox 958 5124 1065 5175; x_wconf 74' lang='grc' dir='ltr'>Καὶ</span> <span class='ocrx_word' id='word_1_509' title='bbox 1107 5123 1182 5186; x_wconf 84' lang='grc' dir='ltr'>ὡς</span> <span class='ocrx_word' id='word_1_510' title='bbox 1231 5123 1451 5194; x_wconf 76' lang='grc' dir='ltr'>θερμὸς,</span> <span class='ocrx_word' id='word_1_511' title='bbox 1490 5126 1584 5178; x_wconf 78' lang='grc' dir='ltr'>καὶ</span> <span class='ocrx_word' id='word_1_512' title='bbox 1611 5126 1684 5188; x_wconf 83' lang='grc' dir='ltr'>ὡς</span> <span class='ocrx_word' id='word_1_513' title='bbox 1733 5125 2115 5196; x_wconf 73' lang='grc' dir='ltr'>έμπιστευθεὶς</span> 
     </span>
    </p>
   </div>
   <div class='ocr_carea' id='block_1_66' title="bbox 544 5205 2114 5278">
    <p class='ocr_par' dir='ltr' id='par_1_66' title="bbox 544 5205 2114 5278">
     <span class='ocr_line' id='line_1_66' title="bbox 544 5205 2114 5278; baseline 0.001 -20"><span class='ocrx_word' id='word_1_514' title='bbox 544 5206 696 5275; x_wconf 87' lang='grc' dir='ltr'>παρά</span> <span class='ocrx_word' id='word_1_515' title='bbox 725 5205 817 5258; x_wconf 79' lang='grc' dir='ltr'>τοῦ</span> <span class='ocrx_word' id='word_1_516' title='bbox 861 5206 1095 5277; x_wconf 74' lang='grc' dir='ltr'>Χριστοῦ</span> <span class='ocrx_word' id='word_1_517' title='bbox 1134 5207 1232 5277; x_wconf 82' lang='grc' dir='ltr'>τὴν</span> <span class='ocrx_word' id='word_1_518' title='bbox 1286 5209 1541 5277; x_wconf 76' lang='grc' dir='ltr'>ποίμνην,</span> <span class='ocrx_word' id='word_1_519' title='bbox 1589 5209 1681 5263; x_wconf 76' lang='grc' dir='ltr'>καὶ</span> <span class='ocrx_word' id='word_1_520' title='bbox 1715 5209 1790 5272; x_wconf 84' lang='grc' dir='ltr'>ὡς</span> <span class='ocrx_word' id='word_1_521' title='bbox 1824 5207 1920 5261; x_wconf 82' lang='grc' dir='ltr'>τοῦ</span> <span class='ocrx_word' id='word_1_522' title='bbox 1951 5208 2114 5278; x_wconf 76' lang='grc' dir='ltr'>χοροῦ</span> 
     </span>
    </p>
   </div>
   <div class='ocr_carea' id='block_1_67' title="bbox 543 5287 2116 5361">
    <p class='ocr_par' dir='ltr' id='par_1_67' title="bbox 543 5287 2116 5361">
     <span class='ocr_line' id='line_1_67' title="bbox 543 5287 2116 5361; baseline 0.002 -21"><span class='ocrx_word' id='word_1_523' title='bbox 543 5289 793 5359; x_wconf 87' lang='grc' dir='ltr'>πρῶτος,</span> <span class='ocrx_word' id='word_1_524' title='bbox 837 5290 924 5343; x_wconf 74' lang='grc' dir='ltr'>ἀεὶ</span> <span class='ocrx_word' id='word_1_525' title='bbox 965 5290 1224 5361; x_wconf 85' lang='grc' dir='ltr'>πρότερος</span> <span class='ocrx_word' id='word_1_526' title='bbox 1271 5289 1496 5360; x_wconf 78' lang='grc' dir='ltr'>ἄρχεται</span> <span class='ocrx_word' id='word_1_527' title='bbox 1544 5292 1634 5344; x_wconf 79' lang='grc' dir='ltr'>τοῦ</span> <span class='ocrx_word' id='word_1_528' title='bbox 1683 5292 1837 5359; x_wconf 81' lang='grc' dir='ltr'>λόγου</span> <span class='ocrx_word' id='word_1_529' title='bbox 1874 5287 2018 5361; x_wconf 85' lang='grc' dir='ltr'>(Ἦν.</span> <span class='ocrx_word' id='word_1_530' title='bbox 2053 5308 2116 5343; x_wconf 89' lang='grc' dir='ltr'>τε</span> 
     </span>
    </p>
   </div>
   <div class='ocr_carea' id='block_1_68' title="bbox 545 5371 2117 5445">
    <p class='ocr_par' dir='ltr' id='par_1_68' title="bbox 545 5371 2117 5445">
     <span class='ocr_line' id='line_1_68' title="bbox 545 5371 2117 5445; baseline 0 -21"><span class='ocrx_word' id='word_1_531' title='bbox 545 5371 730 5440; x_wconf 81' lang='grc' dir='ltr'>ὄχλος</span> <span class='ocrx_word' id='word_1_532' title='bbox 787 5373 1109 5444; x_wconf 81' lang='grc' dir='ltr'>ὀνομάτων,</span> <span class='ocrx_word' id='word_1_533' title='bbox 1139 5374 1322 5445; x_wconf 75' lang='grc' dir='ltr'>φησὶν,</span> <span class='ocrx_word' id='word_1_534' title='bbox 1349 5375 1445 5429; x_wconf 76' lang='grc' dir='ltr'>ἐπὶ</span> <span class='ocrx_word' id='word_1_535' title='bbox 1489 5376 1554 5428; x_wconf 80' lang='grc' dir='ltr'>τὸ</span> <span class='ocrx_word' id='word_1_536' title='bbox 1600 5377 1745 5429; x_wconf 80' lang='grc' dir='ltr'>αὐτὸ</span> <span class='ocrx_word' id='word_1_537' title='bbox 1779 5376 1858 5440; x_wconf 80' lang='grc' dir='ltr'>ὡς</span> <span class='ocrx_word' id='word_1_538' title='bbox 1901 5375 2117 5426; x_wconf 69' lang='grc' dir='ltr'>ἑκατὸν</span> 
     </span>
    </p>
   </div>
   <div class='ocr_carea' id='block_1_69' title="bbox 545 5456 2118 5528">
    <p class='ocr_par' dir='ltr' id='par_1_69' title="bbox 545 5456 2118 5528">
     <span class='ocr_line' id='line_1_69' title="bbox 545 5456 2118 5528; baseline 0.002 -21"><span class='ocrx_word' id='word_1_539' title='bbox 545 5456 800 5526; x_wconf 74' lang='grc' dir='ltr'>εἷκοσιν)</span> <span class='ocrx_word' id='word_1_540' title='bbox 827 5474 842 5489; x_wconf 75' lang='grc' dir='ltr'><strong><em>ο</em></strong></span> <span class='ocrx_word' id='word_1_541' title='bbox 878 5459 1115 5528; x_wconf 79' lang='grc' dir='ltr'>Ἄνδρες</span> <span class='ocrx_word' id='word_1_542' title='bbox 1136 5459 1406 5528; x_wconf 63' lang='grc' dir='ltr'>ἀδελφοὶ,</span> <span class='ocrx_word' id='word_1_543' title='bbox 1433 5458 1552 5513; x_wconf 73' lang='grc' dir='ltr'>ἔδει</span> <span class='ocrx_word' id='word_1_544' title='bbox 1590 5459 1975 5526; x_wconf 79' lang='grc' dir='ltr'>πληρωθῆναι</span> <span class='ocrx_word' id='word_1_545' title='bbox 2006 5458 2118 5526; x_wconf 73' lang='grc' dir='ltr'>τὴν</span> 
     </span>
    </p>
   </div>
   <div class='ocr_carea' id='block_1_70' title="bbox 613 5678 2117 5741">
    <p class='ocr_par' dir='ltr' id='par_1_70' title="bbox 613 5678 2117 5741">
     <span class='ocr_line' id='line_1_70' title="bbox 613 5678 2117 5741; baseline 0.001 -14"><span class='ocrx_word' id='word_1_546' title='bbox 613 5680 639 5709; x_wconf 79' lang='grc'><strong>⁸</strong></span> <span class='ocrx_word' id='word_1_547' title='bbox 665 5678 850 5734; x_wconf 83' lang='grc' dir='ltr'>Ἀλλως</span> <span class='ocrx_word' id='word_1_548' title='bbox 890 5679 1032 5741; x_wconf 70' lang='lat' dir='ltr'>deest</span> <span class='ocrx_word' id='word_1_549' title='bbox 1077 5681 1125 5729; x_wconf 89' lang='lat' dir='ltr'>in</span> <span class='ocrx_word' id='word_1_550' title='bbox 1148 5681 1436 5741; x_wconf 80' lang='lat' dir='ltr'>quibusdam</span> <span class='ocrx_word' id='word_1_551' title='bbox 1475 5695 1589 5728; x_wconf 76' lang='lat' dir='ltr'>mss.</span> <span class='ocrx_word' id='word_1_552' title='bbox 1659 5679 1688 5718; x_wconf 73' lang='grc' dir='ltr'>ιι</span> <span class='ocrx_word' id='word_1_553' title='bbox 1720 5679 1778 5728; x_wconf 86' lang='grc' dir='ltr'><em>Ὃ</em></span> <span class='ocrx_word' id='word_1_554' title='bbox 1801 5681 1851 5727; x_wconf 80' lang='grc' dir='ltr'>δὲ</span> <span class='ocrx_word' id='word_1_555' title='bbox 1879 5681 2117 5740; x_wconf 75' lang='grc' dir='ltr'>ἠρνήσατο</span> 
     </span>
    </p>
   </div>
   <div class='ocr_carea' id='block_1_71' title="bbox 549 5739 2117 5803">
    <p class='ocr_par' dir='ltr' id='par_1_71' title="bbox 549 5739 2117 5803">
     <span class='ocr_line' id='line_1_71' title="bbox 549 5739 2117 5803; baseline 0 -13"><span class='ocrx_word' id='word_1_556' title='bbox 549 5742 694 5790; x_wconf 66' lang='lat' dir='ltr'>dposl</span> <span class='ocrx_word' id='word_1_557' title='bbox 735 5745 782 5789; x_wconf 84' lang='lat' dir='ltr'>in</span> <span class='ocrx_word' id='word_1_558' title='bbox 803 5739 1090 5803; x_wconf 73' lang='lat' dir='ltr'>quibusdam</span> <span class='ocrx_word' id='word_1_559' title='bbox 1127 5739 1506 5803; x_wconf 63' lang='lat' dir='ltr'><strong>eiemplarihns,</strong></span> <span class='ocrx_word' id='word_1_560' title='bbox 1533 5749 1585 5790; x_wconf 73' lang='grc' dir='ltr'>(ιι</span> <span class='ocrx_word' id='word_1_561' title='bbox 1615 5741 1735 5790; x_wconf 80' lang='lat' dir='ltr'>infra</span> <span class='ocrx_word' id='word_1_562' title='bbox 1768 5744 1848 5788; x_wconf 72' lang='grc' dir='ltr'>καὶ</span> <span class='ocrx_word' id='word_1_563' title='bbox 1873 5739 1930 5801; x_wconf 79' lang='grc' dir='ltr'>τῇ</span> <span class='ocrx_word' id='word_1_564' title='bbox 1960 5744 2117 5797; x_wconf 72' lang='grc' dir='ltr'>δεήσει</span> 
     </span>
    </p>
   </div>
   <div class='ocr_carea' id='block_1_72' title="bbox 552 5801 2119 5859">
    <p class='ocr_par' dir='ltr' id='par_1_72' title="bbox 552 5801 2119 5859">
     <span class='ocr_line' id='line_1_72' title="bbox 552 5801 2119 5859; baseline 0.001 -8"><span class='ocrx_word' id='word_1_565' title='bbox 552 5806 780 5851; x_wconf 68' lang='grc' dir='ltr'>εῦιιιιιιιοι·</span> <span class='ocrx_word' id='word_1_566' title='bbox 834 5803 963 5850; x_wconf 71' lang='lat' dir='ltr'>least</span> <span class='ocrx_word' id='word_1_567' title='bbox 988 5801 1035 5850; x_wconf 91' lang='lat' dir='ltr'>in</span> <span class='ocrx_word' id='word_1_568' title='bbox 1064 5803 1252 5850; x_wconf 78' lang='lat' dir='ltr'>iisdem.</span> <span class='ocrx_word' id='word_1_569' title='bbox 1278 5801 1288 5803; x_wconf 22' lang='lat'><em>7</em></span> <span class='ocrx_word' id='word_1_570' title='bbox 1322 5807 1343 5832; x_wconf 70' lang='grc' dir='ltr'>ε</span> <span class='ocrx_word' id='word_1_571' title='bbox 1370 5806 1467 5854; x_wconf 77' lang='lat' dir='ltr'><strong>Alii</strong></span> <span class='ocrx_word' id='word_1_572' title='bbox 1489 5805 1627 5853; x_wconf 84' lang='grc' dir='ltr'>πάλιν</span> <span class='ocrx_word' id='word_1_573' title='bbox 1665 5803 1832 5859; x_wconf 77' lang='grc' dir='ltr'>αὐτοὺς</span> <span class='ocrx_word' id='word_1_574' title='bbox 1857 5806 1983 5852; x_wconf 79' lang='grc' dir='ltr'>ουτω</span> <span class='ocrx_word' id='word_1_575' title='bbox 2020 5805 2119 5852; x_wconf 85' lang='grc' dir='ltr'>λοι·</span> 
     </span>
    </p>
   </div>
   <div class='ocr_carea' id='block_1_73' title="bbox 551 5863 1391 5926">
    <p class='ocr_par' dir='ltr' id='par_1_73' title="bbox 551 5863 1391 5926">
     <span class='ocr_line' id='line_1_73' title="bbox 551 5863 1391 5926; baseline 0 -12"><span class='ocrx_word' id='word_1_576' title='bbox 551 5867 640 5914; x_wconf 66' lang='grc' dir='ltr'>νον</span> <span class='ocrx_word' id='word_1_577' title='bbox 662 5864 837 5923; x_wconf 80' lang='grc' dir='ltr'>αυτοῖς,</span> <span class='ocrx_word' id='word_1_578' title='bbox 862 5865 1052 5914; x_wconf 76' lang='lat' dir='ltr'>omissis</span> <span class='ocrx_word' id='word_1_579' title='bbox 1073 5863 1391 5926; x_wconf 64' lang='lat' dir='ltr'>interpositis.</span> 
     </span>
    </p>
   </div>
   <div class='ocr_carea' id='block_1_74' title="bbox 2204 2038 3760 2115">
    <p class='ocr_par' dir='ltr' id='par_1_74' title="bbox 2204 2038 3760 2115">
     <span class='ocr_line' id='line_1_74' title="bbox 2204 2038 3760 2115; baseline 0 -20"><span class='ocrx_word' id='word_1_580' title='bbox 2204 2039 2455 2109; x_wconf 62' lang='grc' dir='ltr'>Γραφὴν</span> <span class='ocrx_word' id='word_1_581' title='bbox 2480 2039 2722 2106; x_wconf 87' lang='grc' dir='ltr'>ταύτην,</span> <span class='ocrx_word' id='word_1_582' title='bbox 2752 2038 2830 2108; x_wconf 74' lang='grc' dir='ltr'>ἦν</span> <span class='ocrx_word' id='word_1_583' title='bbox 2859 2039 3099 2109; x_wconf 76' lang='grc' dir='ltr'>προεῖπε</span> <span class='ocrx_word' id='word_1_584' title='bbox 3129 2039 3196 2094; x_wconf 86' lang='grc' dir='ltr'>τὸ</span> <span class='ocrx_word' id='word_1_585' title='bbox 3223 2043 3464 2114; x_wconf 80' lang='grc' dir='ltr'>Πνεῦμα</span> <span class='ocrx_word' id='word_1_586' title='bbox 3489 2042 3556 2096; x_wconf 85' lang='grc' dir='ltr'>τὸ</span> <span class='ocrx_word' id='word_1_587' title='bbox 3581 2043 3760 2115; x_wconf 77' lang='grc' dir='ltr'>ἄτιον</span> 
     </span>
    </p>
   </div>
   <div class='ocr_carea' id='block_1_75' title="bbox 2203 2121 3782 2198">
    <p class='ocr_par' dir='ltr' id='par_1_75' title="bbox 2203 2121 3782 2198">
     <span class='ocr_line' id='line_1_75' title="bbox 2203 2121 3782 2198; baseline 0.001 -20"><span class='ocrx_word' id='word_1_588' title='bbox 2203 2124 2266 2178; x_wconf 87' lang='grc' dir='ltr'>Τί</span> <span class='ocrx_word' id='word_1_589' title='bbox 2296 2125 2493 2194; x_wconf 83' lang='grc' dir='ltr'>δήποτε</span> <span class='ocrx_word' id='word_1_590' title='bbox 2527 2123 2587 2174; x_wconf 87' lang='grc' dir='ltr'>ού</span> <span class='ocrx_word' id='word_1_591' title='bbox 2614 2122 2702 2174; x_wconf 82' lang='grc' dir='ltr'>τὸν</span> <span class='ocrx_word' id='word_1_592' title='bbox 2727 2123 2959 2192; x_wconf 73' lang='grc' dir='ltr'>Χριστὸν</span> <span class='ocrx_word' id='word_1_593' title='bbox 2987 2121 3184 2192; x_wconf 69' lang='grc' dir='ltr'>ἠξίωσε</span> <span class='ocrx_word' id='word_1_594' title='bbox 3215 2125 3394 2194; x_wconf 88' lang='grc' dir='ltr'>μόνος,</span> <span class='ocrx_word' id='word_1_595' title='bbox 3425 2125 3565 2179; x_wconf 83' lang='grc' dir='ltr'>ὥστε</span> <span class='ocrx_word' id='word_1_596' title='bbox 3620 2128 3782 2198; x_wconf 80' lang='grc' dir='ltr'>αὐτῷ</span> 
     </span>
    </p>
   </div>
   <div class='ocr_carea' id='block_1_76' title="bbox 2201 2205 3784 2278">
    <p class='ocr_par' dir='ltr' id='par_1_76' title="bbox 2201 2205 3784 2278">
     <span class='ocr_line' id='line_1_76' title="bbox 2201 2205 3784 2278; baseline 0.002 -19"><span class='ocrx_word' id='word_1_597' title='bbox 2201 2207 2382 2260; x_wconf 72' lang='grc' dir='ltr'>δοῦναι</span> <span class='ocrx_word' id='word_1_598' title='bbox 2417 2208 2497 2268; x_wconf 89' lang='grc' dir='ltr'>εἰς</span> <span class='ocrx_word' id='word_1_599' title='bbox 2545 2205 2636 2257; x_wconf 78' lang='grc' dir='ltr'>τὸν</span> <span class='ocrx_word' id='word_1_600' title='bbox 2672 2205 2835 2257; x_wconf 84' lang='grc' dir='ltr'>τόπον</span> <span class='ocrx_word' id='word_1_601' title='bbox 2878 2205 3044 2258; x_wconf 82' lang='grc' dir='ltr'>Ἰούδα</span> <span class='ocrx_word' id='word_1_602' title='bbox 3077 2207 3224 2271; x_wconf 89' lang='grc' dir='ltr'>τινά;</span> <span class='ocrx_word' id='word_1_603' title='bbox 3273 2207 3411 2259; x_wconf 87' lang='grc' dir='ltr'>διατί</span> <span class='ocrx_word' id='word_1_604' title='bbox 3457 2209 3513 2261; x_wconf 87' lang='grc' dir='ltr'>δὲ</span> <span class='ocrx_word' id='word_1_605' title='bbox 3555 2212 3647 2262; x_wconf 79' lang='grc' dir='ltr'>καί</span> <span class='ocrx_word' id='word_1_606' title='bbox 3678 2211 3784 2278; x_wconf 67' lang='grc' dir='ltr'>ἀφ’</span> 
     </span>
    </p>
   </div>
   <div class='ocr_carea' id='block_1_77' title="bbox 2203 2287 3787 2360">
    <p class='ocr_par' dir='ltr' id='par_1_77' title="bbox 2203 2287 3787 2360">
     <span class='ocr_line' id='line_1_77' title="bbox 2203 2287 3787 2360; baseline 0.003 -19"><span class='ocrx_word' id='word_1_607' title='bbox 2203 2289 2408 2341; x_wconf 80' lang='grc' dir='ltr'>ἑαυτῶν</span> <span class='ocrx_word' id='word_1_608' title='bbox 2450 2288 2510 2340; x_wconf 82' lang='grc' dir='ltr'>ού</span> <span class='ocrx_word' id='word_1_609' title='bbox 2547 2289 2819 2340; x_wconf 81' lang='grc' dir='ltr'>ποιοῦνται</span> <span class='ocrx_word' id='word_1_610' title='bbox 2857 2287 2954 2360; x_wconf 82' lang='grc' dir='ltr'>τὴν</span> <span class='ocrx_word' id='word_1_611' title='bbox 3003 2288 3260 2360; x_wconf 81' lang='grc' dir='ltr'>ὲκλογὴν;</span> <span class='ocrx_word' id='word_1_612' title='bbox 3311 2290 3536 2343; x_wconf 84' lang='grc' dir='ltr'>Βελτίων</span> <span class='ocrx_word' id='word_1_613' title='bbox 3592 2291 3787 2346; x_wconf 75' lang='grc' dir='ltr'>λοιπὸν</span> 
     </span>
    </p>
   </div>
   <div class='ocr_carea' id='block_1_78' title="bbox 2201 2369 3789 2444">
    <p class='ocr_par' dir='ltr' id='par_1_78' title="bbox 2201 2369 3789 2444">
     <span class='ocr_line' id='line_1_78' title="bbox 2201 2369 3789 2444; baseline 0.002 -19"><span class='ocrx_word' id='word_1_614' title='bbox 2201 2369 2269 2443; x_wconf 81' lang='grc' dir='ltr'>ἦν</span> <span class='ocrx_word' id='word_1_615' title='bbox 2318 2372 2554 2441; x_wconf 86' lang='grc' dir='ltr'>γεγονὼς</span> <span class='ocrx_word' id='word_1_616' title='bbox 2596 2375 2623 2425; x_wconf 90' lang='lat'>6</span> <span class='ocrx_word' id='word_1_617' title='bbox 2669 2373 2870 2444; x_wconf 87' lang='grc' dir='ltr'>Πέτρος</span> <span class='ocrx_word' id='word_1_618' title='bbox 2922 2372 3082 2435; x_wconf 75' lang='grc' dir='ltr'>αὐτὸς</span> <span class='ocrx_word' id='word_1_619' title='bbox 3117 2372 3329 2424; x_wconf 80' lang='grc' dir='ltr'>ἑαυτοῦ.</span> <span class='ocrx_word' id='word_1_620' title='bbox 3379 2374 3550 2426; x_wconf 76' lang='grc' dir='ltr'>Τοῦτο</span> <span class='ocrx_word' id='word_1_621' title='bbox 3599 2375 3789 2428; x_wconf 86' lang='grc' dir='ltr'>τοίνυν</span> 
     </span>
    </p>
   </div>
   <div class='ocr_carea' id='block_1_79' title="bbox 2203 2454 3786 2528">
    <p class='ocr_par' dir='ltr' id='par_1_79' title="bbox 2203 2454 3786 2528">
     <span class='ocr_line' id='line_1_79' title="bbox 2203 2454 3786 2528; baseline 0.001 -21"><span class='ocrx_word' id='word_1_622' title='bbox 2203 2456 2350 2507; x_wconf 75' lang='grc' dir='ltr'>ἐστιν</span> <span class='ocrx_word' id='word_1_623' title='bbox 2403 2457 2573 2506; x_wconf 87' lang='grc' dir='ltr'>εἰπεῖν</span> <span class='ocrx_word' id='word_1_624' title='bbox 2625 2456 2752 2524; x_wconf 83' lang='grc' dir='ltr'>περί</span> <span class='ocrx_word' id='word_1_625' title='bbox 2783 2454 2994 2510; x_wconf 82' lang='grc' dir='ltr'>τούτου.</span> <span class='ocrx_word' id='word_1_626' title='bbox 3043 2456 3178 2523; x_wconf 83' lang='grc' dir='ltr'>Περί</span> <span class='ocrx_word' id='word_1_627' title='bbox 3219 2455 3274 2507; x_wconf 87' lang='grc' dir='ltr'>δὲ</span> <span class='ocrx_word' id='word_1_628' title='bbox 3308 2455 3402 2508; x_wconf 81' lang='grc' dir='ltr'>τοῦ</span> <span class='ocrx_word' id='word_1_629' title='bbox 3444 2458 3518 2528; x_wconf 83' lang='grc' dir='ltr'>μὴ</span> <span class='ocrx_word' id='word_1_630' title='bbox 3553 2458 3786 2523; x_wconf 87' lang='grc' dir='ltr'>ἁπλῶς,</span> 
     </span>
    </p>
   </div>
   <div class='ocr_carea' id='block_1_80' title="bbox 2203 2536 3790 2610">
    <p class='ocr_par' dir='ltr' id='par_1_80' title="bbox 2203 2536 3790 2610">
     <span class='ocr_line' id='line_1_80' title="bbox 2203 2536 3790 2610; baseline 0.002 -21"><span class='ocrx_word' id='word_1_631' title='bbox 2203 2537 2318 2590; x_wconf 80' lang='grc' dir='ltr'>ἁλλ’</span> <span class='ocrx_word' id='word_1_632' title='bbox 2341 2537 2400 2599; x_wconf 76' lang='grc' dir='ltr'>ἐξ</span> <span class='ocrx_word' id='word_1_633' title='bbox 2425 2536 2814 2606; x_wconf 75' lang='grc' dir='ltr'>ἀποκαλύψεως</span> <span class='ocrx_word' id='word_1_634' title='bbox 2849 2539 3018 2589; x_wconf 78' lang='grc' dir='ltr'>αἰτεῖν</span> <span class='ocrx_word' id='word_1_635' title='bbox 3045 2538 3136 2590; x_wconf 84' lang='grc' dir='ltr'>τὸν</span> <span class='ocrx_word' id='word_1_636' title='bbox 3165 2538 3262 2608; x_wconf 82' lang='grc' dir='ltr'>τὴν</span> <span class='ocrx_word' id='word_1_637' title='bbox 3298 2539 3510 2608; x_wconf 86' lang='grc' dir='ltr'>χορείαν</span> <span class='ocrx_word' id='word_1_638' title='bbox 3543 2541 3790 2610; x_wconf 78' lang='grc' dir='ltr'>ἀναπληο</span> 
     </span>
    </p>
   </div>
   <div class='ocr_carea' id='block_1_81' title="bbox 2209 2614 3836 2696">
    <p class='ocr_par' dir='ltr' id='par_1_81' title="bbox 2209 2614 3836 2696">
     <span class='ocr_line' id='line_1_81' title="bbox 2209 2614 3836 2696; baseline 0.002 -23"><span class='ocrx_word' id='word_1_639' title='bbox 2209 2621 2467 2692; x_wconf 86' lang='grc' dir='ltr'>ρὼσοντα,</span> <span class='ocrx_word' id='word_1_640' title='bbox 2511 2620 2604 2673; x_wconf 85' lang='grc' dir='ltr'>δύο</span> <span class='ocrx_word' id='word_1_641' title='bbox 2647 2622 2825 2684; x_wconf 85' lang='grc' dir='ltr'>αἰτίας</span> <span class='ocrx_word' id='word_1_642' title='bbox 2876 2619 3139 2692; x_wconf 73' lang='grc' dir='ltr'>ἐροῦμενο</span> <span class='ocrx_word' id='word_1_643' title='bbox 3192 2621 3320 2691; x_wconf 88' lang='grc' dir='ltr'>μίαν</span> <span class='ocrx_word' id='word_1_644' title='bbox 3364 2623 3485 2691; x_wconf 84' lang='grc' dir='ltr'>μὲν.</span> <span class='ocrx_word' id='word_1_645' title='bbox 3527 2625 3607 2676; x_wconf 83' lang='grc' dir='ltr'>ὅτι</span> <span class='ocrx_word' id='word_1_646' title='bbox 3648 2627 3791 2696; x_wconf 74' lang='grc' dir='ltr'>περὶ</span> <span class='ocrx_word' id='word_1_647' title='bbox 3832 2614 3836 2618; x_wconf 55' lang='grc'><strong>’</strong></span> 
     </span>
    </p>
   </div>
   <div class='ocr_carea' id='block_1_82' title="bbox 2203 2703 3789 2776">
    <p class='ocr_par' dir='ltr' id='par_1_82' title="bbox 2203 2703 3789 2776">
     <span class='ocr_line' id='line_1_82' title="bbox 2203 2703 3789 2776; baseline 0.003 -18"><span class='ocrx_word' id='word_1_648' title='bbox 2203 2703 2337 2758; x_wconf 83' lang='grc' dir='ltr'>ἄλλα</span> <span class='ocrx_word' id='word_1_649' title='bbox 2371 2703 2666 2773; x_wconf 76' lang='grc' dir='ltr'>ἠσχόληντο</span> <span class='ocrx_word' id='word_1_650' title='bbox 2687 2719 2698 2732; x_wconf 88' lang='grc'><strong>·</strong></span> <span class='ocrx_word' id='word_1_651' title='bbox 2732 2704 2985 2776; x_wconf 87' lang='grc' dir='ltr'>δευτέραν</span> <span class='ocrx_word' id='word_1_652' title='bbox 3033 2704 3108 2768; x_wconf 85' lang='grc' dir='ltr'>δὲ,</span> <span class='ocrx_word' id='word_1_653' title='bbox 3144 2705 3224 2756; x_wconf 84' lang='grc' dir='ltr'>ὅτι</span> <span class='ocrx_word' id='word_1_654' title='bbox 3256 2704 3348 2757; x_wconf 79' lang='grc' dir='ltr'>τοῦ</span> <span class='ocrx_word' id='word_1_655' title='bbox 3392 2709 3641 2775; x_wconf 89' lang='grc' dir='ltr'>παρεῖναι</span> <span class='ocrx_word' id='word_1_656' title='bbox 3675 2709 3789 2764; x_wconf 64' lang='grc' dir='ltr'>αὐτ</span> 
     </span>
    </p>
   </div>
   <div class='ocr_carea' id='block_1_83' title="bbox 2203 2785 3785 2857">
    <p class='ocr_par' dir='ltr' id='par_1_83' title="bbox 2203 2785 3785 2857">
     <span class='ocr_line' id='line_1_83' title="bbox 2203 2785 3785 2857; baseline 0.003 -19"><span class='ocrx_word' id='word_1_657' title='bbox 2203 2789 2314 2848; x_wconf 90' lang='grc' dir='ltr'>τοῖς</span> <span class='ocrx_word' id='word_1_658' title='bbox 2347 2785 2437 2838; x_wconf 76' lang='grc' dir='ltr'>τὸν</span> <span class='ocrx_word' id='word_1_659' title='bbox 2480 2787 2712 2856; x_wconf 80' lang='grc' dir='ltr'>Χριστὸν</span> <span class='ocrx_word' id='word_1_660' title='bbox 2750 2787 3048 2857; x_wconf 82' lang='grc' dir='ltr'>τεκμήριον</span> <span class='ocrx_word' id='word_1_661' title='bbox 3082 2787 3336 2856; x_wconf 87' lang='grc' dir='ltr'>μέγιστον</span> <span class='ocrx_word' id='word_1_662' title='bbox 3360 2788 3546 2844; x_wconf 82' lang='grc' dir='ltr'>τοῦτο.</span> <span class='ocrx_word' id='word_1_663' title='bbox 3584 2790 3785 2843; x_wconf 76' lang='grc' dir='ltr'>Καθά-</span> 
     </span>
    </p>
   </div>
   <div class='ocr_carea' id='block_1_84' title="bbox 2208 2868 3792 2942">
    <p class='ocr_par' dir='ltr' id='par_1_84' title="bbox 2208 2868 3792 2942">
     <span class='ocr_line' id='line_1_84' title="bbox 2208 2868 3792 2942; baseline 0.004 -22"><span class='ocrx_word' id='word_1_664' title='bbox 2208 2885 2313 2937; x_wconf 87' lang='grc' dir='ltr'>περ</span> <span class='ocrx_word' id='word_1_665' title='bbox 2373 2868 2480 2939; x_wconf 81' lang='grc' dir='ltr'>γὰρ</span> <span class='ocrx_word' id='word_1_666' title='bbox 2532 2869 2722 2937; x_wconf 89' lang='grc' dir='ltr'>παρὼν</span> <span class='ocrx_word' id='word_1_667' title='bbox 2755 2868 3051 2936; x_wconf 57' lang='grc' dir='ltr'>ἐξελέγετο,</span> <span class='ocrx_word' id='word_1_668' title='bbox 3079 2869 3218 2923; x_wconf 79' lang='grc' dir='ltr'>οὕτω</span> <span class='ocrx_word' id='word_1_669' title='bbox 3256 2871 3348 2922; x_wconf 74' lang='grc' dir='ltr'>καὶ</span> <span class='ocrx_word' id='word_1_670' title='bbox 3379 2871 3551 2924; x_wconf 84' lang='grc' dir='ltr'>ἀπών.</span> <span class='ocrx_word' id='word_1_671' title='bbox 3585 2873 3659 2925; x_wconf 83' lang='grc' dir='ltr'><strong>Οὐ</strong></span> <span class='ocrx_word' id='word_1_672' title='bbox 3691 2891 3792 2942; x_wconf 79' lang='grc' dir='ltr'>μι-</span> 
     </span>
    </p>
   </div>
   <div class='ocr_carea' id='block_1_85' title="bbox 2206 2952 3791 3025">
    <p class='ocr_par' dir='ltr' id='par_1_85' title="bbox 2206 2952 3791 3025">
     <span class='ocr_line' id='line_1_85' title="bbox 2206 2952 3791 3025; baseline 0.003 -20"><span class='ocrx_word' id='word_1_673' title='bbox 2206 2953 2336 3022; x_wconf 84' lang='grc' dir='ltr'>κρὸν</span> <span class='ocrx_word' id='word_1_674' title='bbox 2363 2952 2417 3005; x_wconf 74' lang='grc' dir='ltr'>δὲ</span> <span class='ocrx_word' id='word_1_675' title='bbox 2456 2952 2613 3004; x_wconf 83' lang='grc' dir='ltr'>τοῦτο</span> <span class='ocrx_word' id='word_1_676' title='bbox 2647 2954 2726 3015; x_wconf 84' lang='grc' dir='ltr'>εἰς</span> <span class='ocrx_word' id='word_1_677' title='bbox 2773 2953 3142 3023; x_wconf 83' lang='grc' dir='ltr'>παραμυθίαν.</span> <span class='ocrx_word' id='word_1_678' title='bbox 3169 2954 3310 3024; x_wconf 87' lang='grc' dir='ltr'>Ὅρα</span> <span class='ocrx_word' id='word_1_679' title='bbox 3352 2954 3408 3006; x_wconf 81' lang='grc' dir='ltr'>δὲ</span> <span class='ocrx_word' id='word_1_680' title='bbox 3446 2955 3606 3007; x_wconf 78' lang='grc' dir='ltr'>αὑτὸν</span> <span class='ocrx_word' id='word_1_681' title='bbox 3643 2959 3791 3025; x_wconf 86' lang='grc' dir='ltr'>μετά</span> 
     </span>
    </p>
   </div>
   <div class='ocr_carea' id='block_1_86' title="bbox 2207 3035 3788 3108">
    <p class='ocr_par' dir='ltr' id='par_1_86' title="bbox 2207 3035 3788 3108">
     <span class='ocr_line' id='line_1_86' title="bbox 2207 3035 3788 3108; baseline 0.002 -21"><span class='ocrx_word' id='word_1_682' title='bbox 2207 3035 2390 3104; x_wconf 80' lang='grc' dir='ltr'>κοινῆς</span> <span class='ocrx_word' id='word_1_683' title='bbox 2421 3035 2598 3088; x_wconf 85' lang='grc' dir='ltr'>πάντα</span> <span class='ocrx_word' id='word_1_684' title='bbox 2638 3035 2891 3089; x_wconf 77' lang='grc' dir='ltr'>ποιοῦντα</span> <span class='ocrx_word' id='word_1_685' title='bbox 2937 3036 3192 3108; x_wconf 84' lang='grc' dir='ltr'>γνώμης·</span> <span class='ocrx_word' id='word_1_686' title='bbox 3239 3037 3390 3090; x_wconf 78' lang='grc' dir='ltr'>οὐδὲν</span> <span class='ocrx_word' id='word_1_687' title='bbox 3427 3037 3788 3104; x_wconf 84' lang='grc' dir='ltr'>αύθεντικῶς,</span> 
     </span>
    </p>
   </div>
   <div class='ocr_carea' id='block_1_87' title="bbox 2207 3116 3791 3188">
    <p class='ocr_par' dir='ltr' id='par_1_87' title="bbox 2207 3116 3791 3188">
     <span class='ocr_line' id='line_1_87' title="bbox 2207 3116 3791 3188; baseline 0.004 -19"><span class='ocrx_word' id='word_1_688' title='bbox 2207 3117 2326 3170; x_wconf 71' lang='grc' dir='ltr'>οὐδὲ</span> <span class='ocrx_word' id='word_1_689' title='bbox 2370 3118 2631 3188; x_wconf 80' lang='grc' dir='ltr'>ἁρχικῶς.</span> <span class='ocrx_word' id='word_1_690' title='bbox 2684 3119 2790 3171; x_wconf 70' lang='grc' dir='ltr'>Καὶ</span> <span class='ocrx_word' id='word_1_691' title='bbox 2830 3119 2929 3172; x_wconf 81' lang='grc' dir='ltr'>οὐκ</span> <span class='ocrx_word' id='word_1_692' title='bbox 2962 3116 3113 3172; x_wconf 66' lang='grc' dir='ltr'>εἶπεν</span> <span class='ocrx_word' id='word_1_693' title='bbox 3156 3119 3329 3183; x_wconf 75' lang='grc' dir='ltr'>οὕτως</span> <span class='ocrx_word' id='word_1_694' title='bbox 3371 3120 3588 3185; x_wconf 87' lang='grc' dir='ltr'>ἁπλῶς·</span> <span class='ocrx_word' id='word_1_695' title='bbox 3632 3122 3791 3175; x_wconf 82' lang='grc' dir='ltr'>Ἁντί</span> 
     </span>
    </p>
   </div>
   <div class='ocr_carea' id='block_1_88' title="bbox 2208 3201 3791 3274">
    <p class='ocr_par' dir='ltr' id='par_1_88' title="bbox 2208 3201 3791 3274">
     <span class='ocr_line' id='line_1_88' title="bbox 2208 3201 3791 3274; baseline 0.001 -18"><span class='ocrx_word' id='word_1_696' title='bbox 2208 3201 2313 3256; x_wconf 85' lang='grc' dir='ltr'>τοῦ</span> <span class='ocrx_word' id='word_1_697' title='bbox 2359 3202 2545 3256; x_wconf 82' lang='grc' dir='ltr'>Ἰούδα</span> <span class='ocrx_word' id='word_1_698' title='bbox 2598 3201 2808 3255; x_wconf 86' lang='grc' dir='ltr'>τοῦτον</span> <span class='ocrx_word' id='word_1_699' title='bbox 2850 3203 3286 3272; x_wconf 71' lang='grc' dir='ltr'>καταλέγομεν·</span> <span class='ocrx_word' id='word_1_700' title='bbox 3335 3203 3470 3257; x_wconf 87' lang='grc' dir='ltr'>ἀλλά</span> <span class='ocrx_word' id='word_1_701' title='bbox 3522 3221 3791 3274; x_wconf 86' lang='grc' dir='ltr'>παραμυ-</span> 
     </span>
    </p>
   </div>
   <div class='ocr_carea' id='block_1_89' title="bbox 2215 3285 3792 3361">
    <p class='ocr_par' dir='ltr' id='par_1_89' title="bbox 2215 3285 3792 3361">
     <span class='ocr_line' id='line_1_89' title="bbox 2215 3285 3792 3361; baseline 0.002 -24"><span class='ocrx_word' id='word_1_702' title='bbox 2215 3285 2470 3354; x_wconf 85' lang='grc' dir='ltr'>θούμενος</span> <span class='ocrx_word' id='word_1_703' title='bbox 2501 3286 2695 3348; x_wconf 78' lang='grc' dir='ltr'>αὐτοὺς</span> <span class='ocrx_word' id='word_1_704' title='bbox 2724 3287 2863 3356; x_wconf 79' lang='grc' dir='ltr'>ὑπὲρ</span> <span class='ocrx_word' id='word_1_705' title='bbox 2897 3285 2990 3338; x_wconf 79' lang='grc' dir='ltr'>τοῦ</span> <span class='ocrx_word' id='word_1_706' title='bbox 3022 3285 3408 3361; x_wconf 83' lang='grc' dir='ltr'>γεγενημένου,</span> <span class='ocrx_word' id='word_1_707' title='bbox 3434 3286 3620 3356; x_wconf 85' lang='grc' dir='ltr'>βλέπε,</span> <span class='ocrx_word' id='word_1_708' title='bbox 3666 3287 3792 3352; x_wconf 85' lang='grc' dir='ltr'>πῶς</span> 
     </span>
    </p>
   </div>
   <div class='ocr_carea' id='block_1_90' title="bbox 2218 3369 3791 3442">
    <p class='ocr_par' dir='ltr' id='par_1_90' title="bbox 2218 3369 3791 3442">
     <span class='ocr_line' id='line_1_90' title="bbox 2218 3369 3791 3442; baseline 0.003 -22"><span class='ocrx_word' id='word_1_709' title='bbox 2218 3369 2582 3439; x_wconf 78' lang='grc' dir='ltr'>μεταχειρίξει</span> <span class='ocrx_word' id='word_1_710' title='bbox 2618 3369 2710 3420; x_wconf 83' lang='grc' dir='ltr'>τὸν</span> <span class='ocrx_word' id='word_1_711' title='bbox 2739 3369 2914 3434; x_wconf 91' lang='grc' dir='ltr'>λόγον.</span> <span class='ocrx_word' id='word_1_712' title='bbox 2941 3369 3015 3421; x_wconf 84' lang='grc' dir='ltr'>Ού</span> <span class='ocrx_word' id='word_1_713' title='bbox 3049 3369 3158 3440; x_wconf 83' lang='grc' dir='ltr'>γὰρ</span> <span class='ocrx_word' id='word_1_714' title='bbox 3190 3369 3391 3440; x_wconf 77' lang='grc' dir='ltr'>μικρὰν</span> <span class='ocrx_word' id='word_1_715' title='bbox 3426 3371 3658 3442; x_wconf 84' lang='grc' dir='ltr'>ἀπορίαν</span> <span class='ocrx_word' id='word_1_716' title='bbox 3701 3373 3791 3424; x_wconf 81' lang='grc' dir='ltr'>ὲν-</span> 
     </span>
    </p>
   </div>
   <div class='ocr_carea' id='block_1_91' title="bbox 2213 3452 3794 3525">
    <p class='ocr_par' dir='ltr' id='par_1_91' title="bbox 2213 3452 3794 3525">
     <span class='ocr_line' id='line_1_91' title="bbox 2213 3452 3794 3525; baseline 0.004 -22"><span class='ocrx_word' id='word_1_717' title='bbox 2213 3452 2436 3523; x_wconf 86' lang='grc' dir='ltr'>εποίησε</span> <span class='ocrx_word' id='word_1_718' title='bbox 2478 3452 2538 3504; x_wconf 84' lang='grc' dir='ltr'>τὸ</span> <span class='ocrx_word' id='word_1_719' title='bbox 2565 3453 2816 3522; x_wconf 85' lang='grc' dir='ltr'>γεγονός·</span> <span class='ocrx_word' id='word_1_720' title='bbox 2858 3453 2950 3505; x_wconf 78' lang='grc' dir='ltr'>καί</span> <span class='ocrx_word' id='word_1_721' title='bbox 2991 3453 3065 3524; x_wconf 80' lang='grc' dir='ltr'>μὴ</span> <span class='ocrx_word' id='word_1_722' title='bbox 3109 3452 3411 3525; x_wconf 78' lang='grc' dir='ltr'>θαυμάσῃς.</span> <span class='ocrx_word' id='word_1_723' title='bbox 3449 3455 3511 3507; x_wconf 86' lang='grc' dir='ltr'>Εἰ</span> <span class='ocrx_word' id='word_1_724' title='bbox 3549 3457 3655 3524; x_wconf 84' lang='grc' dir='ltr'>γάρ</span> <span class='ocrx_word' id='word_1_725' title='bbox 3684 3455 3794 3509; x_wconf 76' lang='grc' dir='ltr'>νῦν</span> 
     </span>
    </p>
   </div>
   <div class='ocr_carea' id='block_1_92' title="bbox 2212 3534 3790 3609">
    <p class='ocr_par' dir='ltr' id='par_1_92' title="bbox 2212 3534 3790 3609">
     <span class='ocr_line' id='line_1_92' title="bbox 2212 3534 3790 3609; baseline 0.003 -22"><span class='ocrx_word' id='word_1_726' title='bbox 2212 3534 2368 3588; x_wconf 79' lang='grc' dir='ltr'>τοῦτο</span> <span class='ocrx_word' id='word_1_727' title='bbox 2397 3536 2580 3589; x_wconf 86' lang='grc' dir='ltr'>πολλοί</span> <span class='ocrx_word' id='word_1_728' title='bbox 2608 3537 3042 3607; x_wconf 74' lang='grc' dir='ltr'>περιστρέφουσι,</span> <span class='ocrx_word' id='word_1_729' title='bbox 3073 3538 3124 3590; x_wconf 87' lang='grc' dir='ltr'>τί</span> <span class='ocrx_word' id='word_1_730' title='bbox 3154 3538 3273 3590; x_wconf 80' lang='grc' dir='ltr'>τότε</span> <span class='ocrx_word' id='word_1_731' title='bbox 3308 3537 3454 3600; x_wconf 79' lang='grc' dir='ltr'>εἰκὸς</span> <span class='ocrx_word' id='word_1_732' title='bbox 3483 3535 3551 3609; x_wconf 80' lang='grc' dir='ltr'>ἦν</span> <span class='ocrx_word' id='word_1_733' title='bbox 3581 3539 3790 3602; x_wconf 80' lang='grc' dir='ltr'>αὐτοὺς</span> 
     </span>
    </p>
   </div>
   <div class='ocr_carea' id='block_1_93' title="bbox 2213 3619 3791 3694">
    <p class='ocr_par' dir='ltr' id='par_1_93' title="bbox 2213 3619 3791 3694">
     <span class='ocr_line' id='line_1_93' title="bbox 2213 3619 3791 3694; baseline 0.001 -21"><span class='ocrx_word' id='word_1_734' title='bbox 2213 3619 2416 3688; x_wconf 85' lang='grc' dir='ltr'>λέγειν;</span> <span class='ocrx_word' id='word_1_735' title='bbox 2447 3621 2714 3688; x_wconf 85' lang='grc' dir='ltr'>Ἀνδρες,</span> <span class='ocrx_word' id='word_1_736' title='bbox 2746 3622 2929 3691; x_wconf 78' lang='grc' dir='ltr'>φησὶν,</span> <span class='ocrx_word' id='word_1_737' title='bbox 2955 3621 3226 3690; x_wconf 73' lang='grc' dir='ltr'>ἀδελφοί.</span> <span class='ocrx_word' id='word_1_738' title='bbox 3246 3623 3308 3675; x_wconf 83' lang='grc' dir='ltr'>Εἰ</span> <span class='ocrx_word' id='word_1_739' title='bbox 3328 3625 3356 3676; x_wconf 91' lang='lat'>6</span> <span class='ocrx_word' id='word_1_740' title='bbox 3393 3623 3594 3694; x_wconf 83' lang='grc' dir='ltr'>Κύριος</span> <span class='ocrx_word' id='word_1_741' title='bbox 3624 3623 3791 3676; x_wconf 85' lang='grc' dir='ltr'>ἀδελ-</span> 
     </span>
    </p>
   </div>
   <div class='ocr_carea' id='block_1_94' title="bbox 2215 3701 3794 3776">
    <p class='ocr_par' dir='ltr' id='par_1_94' title="bbox 2215 3701 3794 3776">
     <span class='ocr_line' id='line_1_94' title="bbox 2215 3701 3794 3776; baseline 0.004 -20"><span class='ocrx_word' id='word_1_742' title='bbox 2215 3706 2346 3772; x_wconf 74' lang='grc' dir='ltr'>φοὺς</span> <span class='ocrx_word' id='word_1_743' title='bbox 2378 3705 2572 3768; x_wconf 78' lang='grc' dir='ltr'>αὐτοὺς</span> <span class='ocrx_word' id='word_1_744' title='bbox 2611 3705 2856 3768; x_wconf 81' lang='grc' dir='ltr'>ἐκάλεσε,</span> <span class='ocrx_word' id='word_1_745' title='bbox 2907 3705 3084 3776; x_wconf 89' lang='grc' dir='ltr'>πολλῷ</span> <span class='ocrx_word' id='word_1_746' title='bbox 3118 3705 3314 3776; x_wconf 75' lang='grc' dir='ltr'>μᾶλλον</span> <span class='ocrx_word' id='word_1_747' title='bbox 3341 3701 3523 3771; x_wconf 70' lang='grc' dir='ltr'>οὗτος*</span> <span class='ocrx_word' id='word_1_748' title='bbox 3552 3707 3632 3761; x_wconf 82' lang='grc' dir='ltr'>διὸ</span> <span class='ocrx_word' id='word_1_749' title='bbox 3681 3709 3794 3762; x_wconf 80' lang='grc' dir='ltr'>καὶ</span> 
     </span>
    </p>
   </div>
   <div class='ocr_carea' id='block_1_95' title="bbox 2213 3788 3792 3862">
    <p class='ocr_par' dir='ltr' id='par_1_95' title="bbox 2213 3788 3792 3862">
     <span class='ocr_line' id='line_1_95' title="bbox 2213 3788 3792 3862; baseline 0.004 -23"><span class='ocrx_word' id='word_1_750' title='bbox 2213 3789 2431 3840; x_wconf 86' lang='grc' dir='ltr'>πάντων</span> <span class='ocrx_word' id='word_1_751' title='bbox 2463 3789 2743 3859; x_wconf 85' lang='grc' dir='ltr'>παρόντων</span> <span class='ocrx_word' id='word_1_752' title='bbox 2769 3788 2926 3842; x_wconf 77' lang='grc' dir='ltr'>τοῦτο</span> <span class='ocrx_word' id='word_1_753' title='bbox 2954 3790 3246 3858; x_wconf 68' lang='grc' dir='ltr'>ἀναφωνεῖ.</span> <span class='ocrx_word' id='word_1_754' title='bbox 3284 3791 3410 3844; x_wconf 75' lang='grc' dir='ltr'>Ἰδοὺ</span> <span class='ocrx_word' id='word_1_755' title='bbox 3455 3793 3792 3862; x_wconf 83' lang='grc' dir='ltr'>Ἐκκλησίας</span> 
     </span>
    </p>
   </div>
   <div class='ocr_carea' id='block_1_96' title="bbox 2213 3871 3792 3946">
    <p class='ocr_par' dir='ltr' id='par_1_96' title="bbox 2213 3871 3792 3946">
     <span class='ocr_line' id='line_1_96' title="bbox 2213 3871 3792 3946; baseline 0.004 -23"><span class='ocrx_word' id='word_1_756' title='bbox 2213 3871 2450 3941; x_wconf 79' lang='grc' dir='ltr'>ἀξίωμα,</span> <span class='ocrx_word' id='word_1_757' title='bbox 2492 3873 2586 3925; x_wconf 65' lang='grc' dir='ltr'>κα)⁸</span> <span class='ocrx_word' id='word_1_758' title='bbox 2635 3871 2898 3941; x_wconf 80' lang='grc' dir='ltr'>ἀγγελικὴ</span> <span class='ocrx_word' id='word_1_759' title='bbox 2944 3873 3295 3936; x_wconf 86' lang='grc' dir='ltr'>κατάστασις.</span> <span class='ocrx_word' id='word_1_760' title='bbox 3331 3874 3517 3938; x_wconf 75' lang='grc' dir='ltr'>Οὐδεὶς</span> <span class='ocrx_word' id='word_1_761' title='bbox 3547 3871 3613 3946; x_wconf 79' lang='grc' dir='ltr'>ἧν</span> <span class='ocrx_word' id='word_1_762' title='bbox 3666 3877 3792 3930; x_wconf 78' lang='grc' dir='ltr'>ἐκεῖ</span> 
     </span>
    </p>
   </div>
   <div class='ocr_carea' id='block_1_97' title="bbox 2212 3954 3789 4029">
    <p class='ocr_par' dir='ltr' id='par_1_97' title="bbox 2212 3954 3789 4029">
     <span class='ocr_line' id='line_1_97' title="bbox 2212 3954 3789 4029; baseline 0.003 -23"><span class='ocrx_word' id='word_1_763' title='bbox 2212 3954 2668 4026; x_wconf 79' lang='grc' dir='ltr'>διερῥηγμένος·¹,</span> <span class='ocrx_word' id='word_1_764' title='bbox 2699 3956 2797 4007; x_wconf 79' lang='grc' dir='ltr'>οὐκ</span> <span class='ocrx_word' id='word_1_765' title='bbox 2841 3956 3024 4026; x_wconf 79' lang='grc' dir='ltr'>ἄρσεν,</span> <span class='ocrx_word' id='word_1_766' title='bbox 3053 3957 3110 4010; x_wconf 80' lang='grc' dir='ltr'>οὐ</span> <span class='ocrx_word' id='word_1_767' title='bbox 3147 3957 3299 4024; x_wconf 83' lang='grc' dir='ltr'>θῆλυ.</span> <span class='ocrx_word' id='word_1_768' title='bbox 3346 3958 3612 4021; x_wconf 89' lang='grc' dir='ltr'>Τοιαύτας</span> <span class='ocrx_word' id='word_1_769' title='bbox 3653 3959 3789 4029; x_wconf 85' lang='grc' dir='ltr'>βού-</span> 
     </span>
    </p>
   </div>
   <div class='ocr_carea' id='block_1_98' title="bbox 2212 4035 3791 4112">
    <p class='ocr_par' dir='ltr' id='par_1_98' title="bbox 2212 4035 3791 4112">
     <span class='ocr_line' id='line_1_98' title="bbox 2212 4035 3791 4112; baseline 0.004 -22"><span class='ocrx_word' id='word_1_770' title='bbox 2212 4037 2372 4108; x_wconf 90' lang='grc' dir='ltr'>λομαι</span> <span class='ocrx_word' id='word_1_771' title='bbox 2397 4039 2494 4102; x_wconf 85' lang='grc' dir='ltr'>τάς</span> <span class='ocrx_word' id='word_1_772' title='bbox 2532 4039 2855 4108; x_wconf 82' lang='grc' dir='ltr'>Ἐκκλησίας</span> <span class='ocrx_word' id='word_1_773' title='bbox 2883 4035 3021 4092; x_wconf 79' lang='grc' dir='ltr'>εἶναι</span> <span class='ocrx_word' id='word_1_774' title='bbox 3051 4042 3144 4094; x_wconf 81' lang='grc' dir='ltr'>καί</span> <span class='ocrx_word' id='word_1_775' title='bbox 3169 4040 3284 4095; x_wconf 83' lang='grc' dir='ltr'>νῦν.</span> <span class='ocrx_word' id='word_1_776' title='bbox 3315 4042 3502 4106; x_wconf 76' lang='grc' dir='ltr'>Οὐδεὶς</span> <span class='ocrx_word' id='word_1_777' title='bbox 3532 4042 3791 4112; x_wconf 80' lang='grc' dir='ltr'>βιωτικόν</span> 
     </span>
    </p>
   </div>
   <div class='ocr_carea' id='block_1_99' title="bbox 2211 4122 3790 4195">
    <p class='ocr_par' dir='ltr' id='par_1_99' title="bbox 2211 4122 3790 4195">
     <span class='ocr_line' id='line_1_99' title="bbox 2211 4122 3790 4195; baseline 0.003 -20"><span class='ocrx_word' id='word_1_778' title='bbox 2211 4140 2262 4175; x_wconf 90' lang='grc' dir='ltr'>τι</span> <span class='ocrx_word' id='word_1_779' title='bbox 2283 4122 2614 4194; x_wconf 79' lang='grc' dir='ltr'>ἐφρόντιζεν,</span> <span class='ocrx_word' id='word_1_780' title='bbox 2638 4122 2810 4186; x_wconf 74' lang='grc' dir='ltr'>οὐδεὶς</span> <span class='ocrx_word' id='word_1_781' title='bbox 2842 4123 2968 4194; x_wconf 81' lang='grc' dir='ltr'>περί¹</span> <span class='ocrx_word' id='word_1_782' title='bbox 2986 4124 3189 4187; x_wconf 87' lang='grc' dir='ltr'>οἰκείας</span> <span class='ocrx_word' id='word_1_783' title='bbox 3210 4127 3233 4176; x_wconf 83' lang='grc' dir='ltr'>ὲ</span> <span class='ocrx_word' id='word_1_784' title='bbox 3241 4143 3304 4195; x_wconf 90' lang='grc' dir='ltr'>με</span> <span class='ocrx_word' id='word_1_785' title='bbox 3315 4127 3498 4195; x_wconf 86' lang='grc' dir='ltr'>ρίμνα.</span> <span class='ocrx_word' id='word_1_786' title='bbox 3518 4126 3790 4180; x_wconf 79' lang='grc' dir='ltr'>Τοσοῦτον</span> 
     </span>
    </p>
   </div>
   <div class='ocr_carea' id='block_1_100' title="bbox 2213 4205 3787 4278">
    <p class='ocr_par' dir='ltr' id='par_1_100' title="bbox 2213 4205 3787 4278">
     <span class='ocr_line' id='line_1_100' title="bbox 2213 4205 3787 4278; baseline 0.004 -19"><span class='ocrx_word' id='word_1_787' title='bbox 2213 4206 2414 4273; x_wconf 86' lang='grc' dir='ltr'>ἀγαθὸν</span> <span class='ocrx_word' id='word_1_788' title='bbox 2452 4207 2501 4258; x_wconf 92' lang='grc' dir='ltr'>οἱ</span> <span class='ocrx_word' id='word_1_789' title='bbox 2554 4207 2883 4275; x_wconf 90' lang='grc' dir='ltr'>πειρασμοί·</span> <span class='ocrx_word' id='word_1_790' title='bbox 2913 4205 3154 4260; x_wconf 82' lang='grc' dir='ltr'>τοιοῦτον</span> <span class='ocrx_word' id='word_1_791' title='bbox 3186 4209 3239 4260; x_wconf 80' lang='grc' dir='ltr'>αἱ</span> <span class='ocrx_word' id='word_1_792' title='bbox 3275 4209 3482 4278; x_wconf 71' lang='grc' dir='ltr'>θλίψεις</span> <span class='ocrx_word' id='word_1_793' title='bbox 3534 4209 3696 4263; x_wconf 85' lang='grc' dir='ltr'>καλόν</span> <span class='ocrx_word' id='word_1_794' title='bbox 3727 4221 3787 4266; x_wconf 72' lang='grc' dir='ltr'>θ.</span> 
     </span>
    </p>
   </div>
   <div class='ocr_carea' id='block_1_101' title="bbox 2217 4287 3789 4363">
    <p class='ocr_par' dir='ltr' id='par_1_101' title="bbox 2217 4287 3789 4363">
     <span class='ocr_line' id='line_1_101' title="bbox 2217 4287 3789 4363; baseline 0.002 -21"><span class='ocrx_word' id='word_1_795' title='bbox 2217 4288 2364 4342; x_wconf 84' lang='grc' dir='ltr'>Ἔδει</span> <span class='ocrx_word' id='word_1_796' title='bbox 2407 4287 2757 4358; x_wconf 79' lang='grc' dir='ltr'>πληρωθῆναι</span> <span class='ocrx_word' id='word_1_797' title='bbox 2788 4288 2886 4359; x_wconf 82' lang='grc' dir='ltr'>τὴν</span> <span class='ocrx_word' id='word_1_798' title='bbox 2921 4288 3140 4360; x_wconf 78' lang='grc' dir='ltr'>Γραφὴν</span> <span class='ocrx_word' id='word_1_799' title='bbox 3185 4291 3410 4362; x_wconf 86' lang='grc' dir='ltr'>ταύτην,</span> <span class='ocrx_word' id='word_1_800' title='bbox 3441 4292 3509 4362; x_wconf 78' lang='grc' dir='ltr'>ἢν</span> <span class='ocrx_word' id='word_1_801' title='bbox 3553 4296 3789 4363; x_wconf 79' lang='grc' dir='ltr'>προεῖπε</span> 
     </span>
    </p>
   </div>
   <div class='ocr_carea' id='block_1_102' title="bbox 2211 4370 3793 4444">
    <p class='ocr_par' dir='ltr' id='par_1_102' title="bbox 2211 4370 3793 4444">
     <span class='ocr_line' id='line_1_102' title="bbox 2211 4370 3793 4444; baseline 0.005 -22"><span class='ocrx_word' id='word_1_802' title='bbox 2211 4371 2272 4423; x_wconf 83' lang='grc' dir='ltr'>τὸ</span> <span class='ocrx_word' id='word_1_803' title='bbox 2306 4370 2528 4440; x_wconf 84' lang='grc' dir='ltr'>Πνεῦμα</span> <span class='ocrx_word' id='word_1_804' title='bbox 2568 4371 2628 4423; x_wconf 83' lang='grc' dir='ltr'>τὸ</span> <span class='ocrx_word' id='word_1_805' title='bbox 2669 4373 2840 4438; x_wconf 79' lang='grc' dir='ltr'>ἆγιον.</span> <span class='ocrx_word' id='word_1_806' title='bbox 2877 4371 2988 4422; x_wconf 77' lang='grc' dir='ltr'>Ἀεὶ</span> <span class='ocrx_word' id='word_1_807' title='bbox 3017 4375 3419 4444; x_wconf 86' lang='grc' dir='ltr'>παραμυθεῖται</span> <span class='ocrx_word' id='word_1_808' title='bbox 3449 4375 3645 4438; x_wconf 78' lang='grc' dir='ltr'>αὐτοὺς</span> <span class='ocrx_word' id='word_1_809' title='bbox 3672 4376 3793 4430; x_wconf 80' lang='grc' dir='ltr'>ἀπὸ</span> 
     </span>
    </p>
   </div>
   <div class='ocr_carea' id='block_1_103' title="bbox 2216 4453 3788 4530">
    <p class='ocr_par' dir='ltr' id='par_1_103' title="bbox 2216 4453 3788 4530">
     <span class='ocr_line' id='line_1_103' title="bbox 2216 4453 3788 4530; baseline 0.003 -22"><span class='ocrx_word' id='word_1_810' title='bbox 2216 4454 2329 4528; x_wconf 73' lang='grc'>[24]</span> <span class='ocrx_word' id='word_1_811' title='bbox 2355 4455 2452 4526; x_wconf 88' lang='grc' dir='ltr'>τῆς</span> <span class='ocrx_word' id='word_1_812' title='bbox 2485 4456 2858 4528; x_wconf 72' lang='grc' dir='ltr'>προρρήσεως.</span> <span class='ocrx_word' id='word_1_813' title='bbox 2893 4453 3048 4508; x_wconf 78' lang='grc' dir='ltr'>Οὕτω</span> <span class='ocrx_word' id='word_1_814' title='bbox 3083 4457 3174 4509; x_wconf 74' lang='grc' dir='ltr'>καὶ</span> <span class='ocrx_word' id='word_1_815' title='bbox 3197 4458 3477 4528; x_wconf 74' lang='grc' dir='ltr'>ὁΧριστὸς</span> <span class='ocrx_word' id='word_1_816' title='bbox 3507 4459 3788 4530; x_wconf 83' lang='grc' dir='ltr'>πανταχοῦ</span> 
     </span>
    </p>
   </div>
   <div class='ocr_carea' id='block_1_104' title="bbox 2217 4533 3793 4610">
    <p class='ocr_par' dir='ltr' id='par_1_104' title="bbox 2217 4533 3793 4610">
     <span class='ocr_line' id='line_1_104' title="bbox 2217 4533 3793 4610; baseline 0.001 -17"><span class='ocrx_word' id='word_1_817' title='bbox 2217 4541 2379 4593; x_wconf 89' lang='grc' dir='ltr'>ποιεῖ.</span> <span class='ocrx_word' id='word_1_818' title='bbox 2405 4539 2506 4590; x_wconf 86' lang='grc' dir='ltr'>Τὸν</span> <span class='ocrx_word' id='word_1_819' title='bbox 2541 4539 2701 4593; x_wconf 75' lang='grc' dir='ltr'>αὑτὸν</span> <span class='ocrx_word' id='word_1_820' title='bbox 2742 4538 2804 4609; x_wconf 84' lang='grc' dir='ltr'>δὴ</span> <span class='ocrx_word' id='word_1_821' title='bbox 2837 4539 3037 4610; x_wconf 84' lang='grc' dir='ltr'>τρόπον</span> <span class='ocrx_word' id='word_1_822' title='bbox 3075 4541 3170 4592; x_wconf 72' lang='grc' dir='ltr'>καί¹</span> <span class='ocrx_word' id='word_1_823' title='bbox 3201 4533 3356 4604; x_wconf 74' lang='grc' dir='ltr'>οὗτος</span> <span class='ocrx_word' id='word_1_824' title='bbox 3382 4539 3672 4606; x_wconf 89' lang='grc' dir='ltr'>δείκνυσιν,</span> <span class='ocrx_word' id='word_1_825' title='bbox 3698 4541 3793 4595; x_wconf 79' lang='grc' dir='ltr'>ὅτι</span> 
     </span>
    </p>
   </div>
   <div class='ocr_carea' id='block_1_105' title="bbox 2216 4621 3789 4696">
    <p class='ocr_par' dir='ltr' id='par_1_105' title="bbox 2216 4621 3789 4696">
     <span class='ocr_line' id='line_1_105' title="bbox 2216 4621 3789 4696; baseline 0 -20"><span class='ocrx_word' id='word_1_826' title='bbox 2216 4622 2367 4682; x_wconf 77' lang='grc' dir='ltr'>οὐδὲν</span> <span class='ocrx_word' id='word_1_827' title='bbox 2389 4623 2533 4686; x_wconf 83' lang='grc' dir='ltr'>ξένον</span> <span class='ocrx_word' id='word_1_828' title='bbox 2554 4623 2793 4690; x_wconf 82' lang='grc' dir='ltr'>γέγονεν,</span> <span class='ocrx_word' id='word_1_829' title='bbox 2816 4621 2951 4674; x_wconf 85' lang='grc' dir='ltr'>ἀλλά</span> <span class='ocrx_word' id='word_1_830' title='bbox 2970 4623 3030 4675; x_wconf 82' lang='grc' dir='ltr'>τὸ</span> <span class='ocrx_word' id='word_1_831' title='bbox 3048 4623 3148 4693; x_wconf 71' lang='grc' dir='ltr'>ἥδη</span> <span class='ocrx_word' id='word_1_832' title='bbox 3171 4623 3585 4696; x_wconf 88' lang='grc' dir='ltr'>προειρημένον.</span> <span class='ocrx_word' id='word_1_833' title='bbox 3604 4624 3789 4693; x_wconf 80' lang='grc' dir='ltr'>Ἔδει,</span> 
     </span>
    </p>
   </div>
   <div class='ocr_carea' id='block_1_106' title="bbox 2217 4704 3788 4776">
    <p class='ocr_par' dir='ltr' id='par_1_106' title="bbox 2217 4704 3788 4776">
     <span class='ocr_line' id='line_1_106' title="bbox 2217 4704 3788 4776; baseline 0.001 -18"><span class='ocrx_word' id='word_1_834' title='bbox 2217 4707 2370 4776; x_wconf 70' lang='grc' dir='ltr'>φησι,</span> <span class='ocrx_word' id='word_1_835' title='bbox 2409 4704 2792 4773; x_wconf 81' lang='grc' dir='ltr'>πληρωθῆναι</span> <span class='ocrx_word' id='word_1_836' title='bbox 2820 4705 2934 4772; x_wconf 78' lang='grc' dir='ltr'>τὴν</span> <span class='ocrx_word' id='word_1_837' title='bbox 2960 4707 3210 4774; x_wconf 64' lang='grc' dir='ltr'>Γραςοὴν</span> <span class='ocrx_word' id='word_1_838' title='bbox 3248 4709 3488 4774; x_wconf 86' lang='grc' dir='ltr'>ταύτην,</span> <span class='ocrx_word' id='word_1_839' title='bbox 3528 4706 3608 4775; x_wconf 76' lang='grc' dir='ltr'>ἢν</span> <span class='ocrx_word' id='word_1_840' title='bbox 3637 4723 3788 4775; x_wconf 85' lang='grc' dir='ltr'>προ-</span> 
     </span>
    </p>
   </div>
   <div class='ocr_carea' id='block_1_107' title="bbox 2215 4790 3783 4860">
    <p class='ocr_par' dir='ltr' id='par_1_107' title="bbox 2215 4790 3783 4860">
     <span class='ocr_line' id='line_1_107' title="bbox 2215 4790 3783 4860; baseline 0.002 -16"><span class='ocrx_word' id='word_1_841' title='bbox 2215 4791 2344 4844; x_wconf 80' lang='grc' dir='ltr'>εῖπε</span> <span class='ocrx_word' id='word_1_842' title='bbox 2393 4794 2456 4844; x_wconf 82' lang='grc' dir='ltr'>τὸ</span> <span class='ocrx_word' id='word_1_843' title='bbox 2505 4790 2746 4859; x_wconf 81' lang='grc' dir='ltr'>Πνεῦμα</span> <span class='ocrx_word' id='word_1_844' title='bbox 2792 4790 2858 4843; x_wconf 83' lang='grc' dir='ltr'>τὸ</span> <span class='ocrx_word' id='word_1_845' title='bbox 2898 4790 3067 4859; x_wconf 77' lang='grc' dir='ltr'>ἅγιον</span> <span class='ocrx_word' id='word_1_846' title='bbox 3096 4791 3194 4843; x_wconf 87' lang='grc' dir='ltr'>διὰ</span> <span class='ocrx_word' id='word_1_847' title='bbox 3238 4793 3533 4860; x_wconf 86' lang='grc' dir='ltr'>στόματος</span> <span class='ocrx_word' id='word_1_848' title='bbox 3579 4791 3783 4847; x_wconf 85' lang='grc' dir='ltr'>Δαυΐδ.</span> 
     </span>
    </p>
   </div>
   <div class='ocr_carea' id='block_1_108' title="bbox 2216 4869 3788 4943">
    <p class='ocr_par' dir='ltr' id='par_1_108' title="bbox 2216 4869 3788 4943">
     <span class='ocr_line' id='line_1_108' title="bbox 2216 4869 3788 4943; baseline -0.001 -16"><span class='ocrx_word' id='word_1_849' title='bbox 2216 4876 2325 4927; x_wconf 78' lang='grc' dir='ltr'>Καὶ</span> <span class='ocrx_word' id='word_1_850' title='bbox 2347 4874 2407 4926; x_wconf 84' lang='grc' dir='ltr'>ού</span> <span class='ocrx_word' id='word_1_851' title='bbox 2443 4873 2610 4941; x_wconf 86' lang='grc' dir='ltr'>λέγει,</span> <span class='ocrx_word' id='word_1_852' title='bbox 2638 4872 2797 4926; x_wconf 82' lang='grc' dir='ltr'>Δαυῒδ</span> <span class='ocrx_word' id='word_1_853' title='bbox 2825 4869 2996 4935; x_wconf 80' lang='grc' dir='ltr'>εἶπεν,</span> <span class='ocrx_word' id='word_1_854' title='bbox 3025 4873 3180 4939; x_wconf 84' lang='grc' dir='ltr'>ἀλλὰ,</span> <span class='ocrx_word' id='word_1_855' title='bbox 3212 4873 3284 4926; x_wconf 84' lang='grc' dir='ltr'>Τὸ</span> <span class='ocrx_word' id='word_1_856' title='bbox 3328 4873 3552 4943; x_wconf 78' lang='grc' dir='ltr'>Πνεῦμα</span> <span class='ocrx_word' id='word_1_857' title='bbox 3590 4873 3656 4927; x_wconf 86' lang='grc' dir='ltr'>δι’</span> <span class='ocrx_word' id='word_1_858' title='bbox 3685 4875 3788 4925; x_wconf 79' lang='grc' dir='ltr'>αὺ-</span> 
     </span>
    </p>
   </div>
   <div class='ocr_carea' id='block_1_109' title="bbox 2216 4956 3789 5029">
    <p class='ocr_par' dir='ltr' id='par_1_109' title="bbox 2216 4956 3789 5029">
     <span class='ocr_line' id='line_1_109' title="bbox 2216 4956 3789 5029; baseline -0.003 -17"><span class='ocrx_word' id='word_1_859' title='bbox 2216 4959 2329 5012; x_wconf 80' lang='grc' dir='ltr'>τοῦ.</span> <span class='ocrx_word' id='word_1_860' title='bbox 2371 4959 2510 5028; x_wconf 87' lang='grc' dir='ltr'>Ὅρα</span> <span class='ocrx_word' id='word_1_861' title='bbox 2543 4956 2743 5020; x_wconf 84' lang='grc' dir='ltr'>εὐθέως</span> <span class='ocrx_word' id='word_1_862' title='bbox 2790 4959 2845 5009; x_wconf 87' lang='grc' dir='ltr'>ὲν</span> <span class='ocrx_word' id='word_1_863' title='bbox 2895 4957 3196 5026; x_wconf 86' lang='grc' dir='ltr'>προοιμίοις</span> <span class='ocrx_word' id='word_1_864' title='bbox 3247 4956 3341 5009; x_wconf 82' lang='grc' dir='ltr'>τοῦ</span> <span class='ocrx_word' id='word_1_865' title='bbox 3389 4956 3589 5026; x_wconf 78' lang='grc' dir='ltr'>βιϐλίου</span> <span class='ocrx_word' id='word_1_866' title='bbox 3622 4956 3789 5029; x_wconf 65' lang='grc' dir='ltr'>ὁποίᾳ</span> 
     </span>
    </p>
   </div>
   <div class='ocr_carea' id='block_1_110' title="bbox 2218 5039 3791 5113">
    <p class='ocr_par' dir='ltr' id='par_1_110' title="bbox 2218 5039 3791 5113">
     <span class='ocr_line' id='line_1_110' title="bbox 2218 5039 3791 5113; baseline -0.001 -17"><span class='ocrx_word' id='word_1_867' title='bbox 2218 5043 2480 5113; x_wconf 84' lang='grc' dir='ltr'>κέχρηται</span> <span class='ocrx_word' id='word_1_868' title='bbox 2528 5041 2865 5110; x_wconf 78' lang='grc' dir='ltr'>διδασκαλία.</span> <span class='ocrx_word' id='word_1_869' title='bbox 2905 5043 3086 5111; x_wconf 77' lang='grc' dir='ltr'>Ὁρᾷς,</span> <span class='ocrx_word' id='word_1_870' title='bbox 3123 5043 3204 5094; x_wconf 87' lang='grc' dir='ltr'>ὅτι</span> <span class='ocrx_word' id='word_1_871' title='bbox 3246 5043 3343 5111; x_wconf 72' lang='grc' dir='ltr'>οὐχ</span> <span class='ocrx_word' id='word_1_872' title='bbox 3391 5041 3574 5105; x_wconf 86' lang='grc' dir='ltr'>ἁπλῶς</span> <span class='ocrx_word' id='word_1_873' title='bbox 3629 5039 3791 5094; x_wconf 78' lang='grc' dir='ltr'>εἷπον</span> 
     </span>
    </p>
   </div>
   <div class='ocr_carea' id='block_1_111' title="bbox 2218 5126 3794 5199">
    <p class='ocr_par' dir='ltr' id='par_1_111' title="bbox 2218 5126 3794 5199">
     <span class='ocr_line' id='line_1_111' title="bbox 2218 5126 3794 5199; baseline -0.001 -17"><span class='ocrx_word' id='word_1_874' title='bbox 2218 5130 2512 5199; x_wconf 76' lang='grc' dir='ltr'>ἀρχόμενος</span> <span class='ocrx_word' id='word_1_875' title='bbox 2547 5128 2646 5194; x_wconf 87' lang='grc' dir='ltr'>τῆς</span> <span class='ocrx_word' id='word_1_876' title='bbox 2691 5126 3028 5198; x_wconf 83' lang='grc' dir='ltr'>συγγραφῆς,</span> <span class='ocrx_word' id='word_1_877' title='bbox 3067 5127 3148 5178; x_wconf 81' lang='grc' dir='ltr'>ὅτι</span> <span class='ocrx_word' id='word_1_878' title='bbox 3183 5127 3276 5178; x_wconf 74' lang='grc' dir='ltr'>τοῦ</span> <span class='ocrx_word' id='word_1_879' title='bbox 3310 5127 3621 5198; x_wconf 88' lang='grc' dir='ltr'>Πνεύματός</span> <span class='ocrx_word' id='word_1_880' title='bbox 3668 5130 3794 5181; x_wconf 79' lang='grc' dir='ltr'>ὲστσ.</span> 
     </span>
    </p>
   </div>
   <div class='ocr_carea' id='block_1_112' title="bbox 2218 5210 3790 5280">
    <p class='ocr_par' dir='ltr' id='par_1_112' title="bbox 2218 5210 3790 5280">
     <span class='ocr_line' id='line_1_112' title="bbox 2218 5210 3790 5280; baseline -0.001 -15"><span class='ocrx_word' id='word_1_881' title='bbox 2218 5213 2458 5266; x_wconf 78' lang='grc' dir='ltr'>πολιτεία</span> <span class='ocrx_word' id='word_1_882' title='bbox 2497 5214 2556 5266; x_wconf 84' lang='grc' dir='ltr'>τὸ</span> <span class='ocrx_word' id='word_1_883' title='bbox 2605 5211 2803 5280; x_wconf 80' lang='grc' dir='ltr'>βιϐλίον</span> <span class='ocrx_word' id='word_1_884' title='bbox 2832 5211 3015 5275; x_wconf 83' lang='grc' dir='ltr'>τούτο;</span> <span class='ocrx_word' id='word_1_885' title='bbox 3061 5211 3166 5263; x_wconf 85' lang='grc' dir='ltr'>Ἦν</span> <span class='ocrx_word' id='word_1_886' title='bbox 3207 5210 3480 5277; x_wconf 81' lang='grc' dir='ltr'>προεῖπε,</span> <span class='ocrx_word' id='word_1_887' title='bbox 3518 5212 3668 5280; x_wconf 66' lang='grc' dir='ltr'>φησὶ,</span> <span class='ocrx_word' id='word_1_888' title='bbox 3715 5211 3790 5264; x_wconf 79' lang='grc' dir='ltr'>τὸ</span> 
     </span>
    </p>
   </div>
   <div class='ocr_carea' id='block_1_113' title="bbox 2216 5294 3787 5365">
    <p class='ocr_par' dir='ltr' id='par_1_113' title="bbox 2216 5294 3787 5365">
     <span class='ocr_line' id='line_1_113' title="bbox 2216 5294 3787 5365; baseline -0.005 -13"><span class='ocrx_word' id='word_1_889' title='bbox 2216 5297 2455 5365; x_wconf 74' lang='grc' dir='ltr'>Πνεῦμα</span> <span class='ocrx_word' id='word_1_890' title='bbox 2504 5296 2571 5348; x_wconf 78' lang='grc' dir='ltr'>τὸ</span> <span class='ocrx_word' id='word_1_891' title='bbox 2609 5295 2777 5362; x_wconf 69' lang='grc' dir='ltr'>ἅγιον</span> <span class='ocrx_word' id='word_1_892' title='bbox 2831 5295 2927 5346; x_wconf 82' lang='grc' dir='ltr'>διὰ</span> <span class='ocrx_word' id='word_1_893' title='bbox 2963 5294 3256 5362; x_wconf 85' lang='grc' dir='ltr'>στόματος</span> <span class='ocrx_word' id='word_1_894' title='bbox 3303 5294 3500 5347; x_wconf 80' lang='grc' dir='ltr'>Δαυῖδ.</span> <span class='ocrx_word' id='word_1_895' title='bbox 3555 5295 3787 5357; x_wconf 83' lang='grc' dir='ltr'>Σκόπει,</span> 
     </span>
    </p>
   </div>
   <div class='ocr_carea' id='block_1_114' title="bbox 2218 5376 3788 5450">
    <p class='ocr_par' dir='ltr' id='par_1_114' title="bbox 2218 5376 3788 5450">
     <span class='ocr_line' id='line_1_114' title="bbox 2218 5376 3788 5450; baseline -0.004 -15"><span class='ocrx_word' id='word_1_896' title='bbox 2218 5383 2333 5442; x_wconf 88' lang='grc' dir='ltr'>πῶς</span> <span class='ocrx_word' id='word_1_897' title='bbox 2371 5381 2461 5432; x_wconf 81' lang='grc' dir='ltr'>τὸν</span> <span class='ocrx_word' id='word_1_898' title='bbox 2494 5381 2776 5448; x_wconf 68' lang='grc' dir='ltr'>προςρήτην</span> <span class='ocrx_word' id='word_1_899' title='bbox 2818 5376 3140 5437; x_wconf 78' lang='grc' dir='ltr'>οἰκειοῦται,</span> <span class='ocrx_word' id='word_1_900' title='bbox 3191 5380 3284 5429; x_wconf 78' lang='grc' dir='ltr'>καὶ</span> <span class='ocrx_word' id='word_1_901' title='bbox 3332 5378 3495 5430; x_wconf 68' lang='grc' dir='ltr'>αὑτὸν</span> <span class='ocrx_word' id='word_1_902' title='bbox 3541 5378 3674 5450; x_wconf 43' lang='grc' dir='ltr'>ἄγει.</span> <span class='ocrx_word' id='word_1_903' title='bbox 3704 5378 3788 5440; x_wconf 86' lang='grc' dir='ltr'>εἰς</span> 
     </span>
    </p>
   </div>
   <div class='ocr_carea' id='block_1_115' title="bbox 2221 5461 3789 5538">
    <p class='ocr_par' dir='ltr' id='par_1_115' title="bbox 2221 5461 3789 5538">
     <span class='ocr_line' id='line_1_115' title="bbox 2221 5461 3789 5538; baseline -0.003 -19"><span class='ocrx_word' id='word_1_904' title='bbox 2221 5468 2402 5538; x_wconf 87' lang='grc' dir='ltr'>μέσον,</span> <span class='ocrx_word' id='word_1_905' title='bbox 2435 5465 2608 5528; x_wconf 83' lang='grc' dir='ltr'>εἰδὼς,</span> <span class='ocrx_word' id='word_1_906' title='bbox 2648 5465 2728 5515; x_wconf 75' lang='grc' dir='ltr'>ὅτι</span> <span class='ocrx_word' id='word_1_907' title='bbox 2767 5463 2961 5524; x_wconf 72' lang='grc' dir='ltr'>αὐτοὺς</span> <span class='ocrx_word' id='word_1_908' title='bbox 2993 5461 3192 5529; x_wconf 71' lang='grc' dir='ltr'>ὠφελεῖ</span> <span class='ocrx_word' id='word_1_909' title='bbox 3232 5462 3288 5513; x_wconf 71' lang='grc' dir='ltr'>τίι</span> <span class='ocrx_word' id='word_1_910' title='bbox 3323 5463 3410 5515; x_wconf 76' lang='grc' dir='ltr'>διὰ</span> <span class='ocrx_word' id='word_1_911' title='bbox 3441 5462 3600 5515; x_wconf 78' lang='grc' dir='ltr'>Δαυῖδ</span> <span class='ocrx_word' id='word_1_912' title='bbox 3633 5463 3789 5532; x_wconf 86' lang='grc' dir='ltr'>εἰρῆ-</span> 
     </span>
    </p>
   </div>
   <div class='ocr_carea' id='block_1_116' title="bbox 2222 5545 3787 5617">
    <p class='ocr_par' dir='ltr' id='par_1_116' title="bbox 2222 5545 3787 5617">
     <span class='ocr_line' id='line_1_116' title="bbox 2222 5545 3787 5617; baseline -0.004 -15"><span class='ocrx_word' id='word_1_913' title='bbox 2222 5549 2363 5611; x_wconf 84' lang='grc' dir='ltr'>σθαι,</span> <span class='ocrx_word' id='word_1_914' title='bbox 2391 5549 2484 5600; x_wconf 73' lang='grc' dir='ltr'>καὶ</span> <span class='ocrx_word' id='word_1_915' title='bbox 2517 5548 2591 5617; x_wconf 84' lang='grc' dir='ltr'>μὴ</span> <span class='ocrx_word' id='word_1_916' title='bbox 2620 5547 2684 5599; x_wconf 80' lang='grc' dir='ltr'>δι’</span> <span class='ocrx_word' id='word_1_917' title='bbox 2709 5545 2865 5598; x_wconf 70' lang='grc' dir='ltr'>ἄλλο)</span> <span class='ocrx_word' id='word_1_918' title='bbox 2896 5546 3192 5616; x_wconf 80' lang='grc' dir='ltr'>προφήτου.</span> <span class='ocrx_word' id='word_1_919' title='bbox 3221 5546 3358 5614; x_wconf 84' lang='grc' dir='ltr'>Περί</span> <span class='ocrx_word' id='word_1_920' title='bbox 3395 5547 3601 5608; x_wconf 83' lang='grc' dir='ltr'>Ἰούδα,</span> <span class='ocrx_word' id='word_1_921' title='bbox 3631 5548 3787 5615; x_wconf 74' lang='grc' dir='ltr'>φησι,</span> 
     </span>
    </p>
   </div>
   <div class='ocr_carea' id='block_1_117' title="bbox 2218 5628 3787 5700">
    <p class='ocr_par' dir='ltr' id='par_1_117' title="bbox 2218 5628 3787 5700">
     <span class='ocr_line' id='line_1_117' title="bbox 2218 5628 3787 5700; baseline -0.004 -14"><span class='ocrx_word' id='word_1_922' title='bbox 2218 5633 2324 5687; x_wconf 87' lang='grc' dir='ltr'>τοῦ</span> <span class='ocrx_word' id='word_1_923' title='bbox 2365 5631 2582 5699; x_wconf 75' lang='grc' dir='ltr'>ὁδηγοῦ</span> <span class='ocrx_word' id='word_1_924' title='bbox 2626 5628 2968 5698; x_wconf 74' lang='grc' dir='ltr'>γενομένου.</span> <span class='ocrx_word' id='word_1_925' title='bbox 3001 5629 3140 5700; x_wconf 86' lang='grc' dir='ltr'>Ὅρα</span> <span class='ocrx_word' id='word_1_926' title='bbox 3193 5630 3281 5682; x_wconf 80' lang='grc' dir='ltr'>καί</span> <span class='ocrx_word' id='word_1_927' title='bbox 3326 5629 3556 5683; x_wconf 78' lang='grc' dir='ltr'>ἐνταῦθα</span> <span class='ocrx_word' id='word_1_928' title='bbox 3605 5630 3665 5682; x_wconf 83' lang='grc' dir='ltr'>τὸ</span> <span class='ocrx_word' id='word_1_929' title='bbox 3698 5647 3787 5699; x_wconf 74' lang='grc' dir='ltr'>φι-</span> 
     </span>
    </p>
   </div>
   <div class='ocr_carea' id='block_1_118' title="bbox 2283 5799 3785 5865">
    <p class='ocr_par' dir='ltr' id='par_1_118' title="bbox 2283 5799 3785 5865">
     <span class='ocr_line' id='line_1_118' title="bbox 2283 5799 3785 5865; baseline 0.001 -17"><span class='ocrx_word' id='word_1_930' title='bbox 2283 5800 2308 5840; x_wconf 84' lang='lat' dir='ltr'><strong>d</strong></span> <span class='ocrx_word' id='word_1_931' title='bbox 2345 5801 2679 5865; x_wconf 55' lang='lat' dir='ltr'>Agsaﬁmuévo;</span> <span class='ocrx_word' id='word_1_932' title='bbox 2697 5799 2840 5850; x_wconf 69' lang='lat' dir='ltr'>deest</span> <span class='ocrx_word' id='word_1_933' title='bbox 2861 5800 2909 5850; x_wconf 83' lang='lat' dir='ltr'>in</span> <span class='ocrx_word' id='word_1_934' title='bbox 2933 5799 3219 5862; x_wconf 84' lang='lat' dir='ltr'>quibusdam</span> <span class='ocrx_word' id='word_1_935' title='bbox 3239 5813 3354 5849; x_wconf 85' lang='lat' dir='ltr'>mss.</span> <span class='ocrx_word' id='word_1_936' title='bbox 3425 5811 3448 5840; x_wconf 86' lang='lat' dir='ltr'><strong>e</strong></span> <span class='ocrx_word' id='word_1_937' title='bbox 3469 5801 3626 5850; x_wconf 80' lang='grc' dir='ltr'>Καλόν</span> <span class='ocrx_word' id='word_1_938' title='bbox 3644 5799 3785 5849; x_wconf 83' lang='lat' dir='ltr'>decsl</span> 
     </span>
    </p>
   </div>
   <div class='ocr_carea' id='block_1_119' title="bbox 2223 5864 2604 5924">
    <p class='ocr_par' dir='ltr' id='par_1_119' title="bbox 2223 5864 2604 5924">
     <span class='ocr_line' id='line_1_119' title="bbox 2223 5864 2604 5924; baseline -0.016 -9"><span class='ocrx_word' id='word_1_939' title='bbox 2223 5864 2271 5915; x_wconf 87' lang='lat' dir='ltr'>in</span> <span class='ocrx_word' id='word_1_940' title='bbox 2296 5864 2604 5924; x_wconf 81' lang='lat' dir='ltr'>quibusdam.</span> 
     </span>
    </p>
   </div>
  </div>
