4024 6552
232 398 291 458 55
1256 384 1322 447 IN
1359 387 1538 447 acra
1578 356 2346 445 APOSTOLORUM.HOMIL.
2383 385 2470 444 tu.
3426 396 3497 454 ει

235 520 389 575 licere
437 511 745 589 debuistif]
786 513 929 584 Ergo
972 519 1027 568 te
1077 507 1146 565 ab
1182 506 1284 563 hoc
1321 521 1536 561 carcere
1585 505 1813 560 liberare

236 610 504 680 aportuit!
531 609 778 680 Alioquin
804 622 931 661 vero
960 606 1099 659 Deus
1125 618 1229 655 non
1259 610 1433 670 potest
1460 599 1674 653 vincere
1700 611 1811 651 ma-

237 704 440 766 teriam,
470 701 573 756 nisi
605 716 726 754 cum
753 699 842 752 illa
870 697 1173 751 miéceatur.
1204 691 1317 746 Non
1352 698 1529 761 potest
1557 688 1702 743 enim
1734 686 1808 741 illi

238 794 545 863 praecipere,
573 790 750 845 donec
784 803 903 843 cum
935 786 1020 840 illa
1053 784 1241 847 fuerit,
1270 797 1333 836 ac
1360 796 1455 850 per
1482 788 1646 833 totam
1690 792 1810 846 per-

234 886 409 938 radat.
436 881 481 939 0
502 882 917 937 imbecillitatem
940 880 953 932 !
982 877 1093 931 Rex
1114 872 1423 943 imperando
1447 870 1573 925 facit
1596 868 1805 933 omnia;

233 978 370 1030 Deus
400 991 530 1029 vero
556 973 711 1027 malis
738 987 843 1026 non
874 967 1134 1037 imperat?
1164 966 1219 1020 ln
1246 978 1474 1026 summa,
1506 960 1607 1015 nisi
1638 967 1808 1013 mate-

228 1069 303 1121 ria
344 1067 472 1121 boui
502 1063 797 1133 cujuspiam
843 1069 987 1117 esset
1026 1058 1323 1127 particeps,
1369 1051 1659 1107 subsistere
1702 1064 1807 1103 non

226 1171 431 1231 posset.
475 1158 669 1213 Malitia
709 1156 848 1211 enim
889 1151 1181 1206 subsistere
1218 1146 1434 1216 nequit,
1480 1142 1584 1197 nisi
1627 1141 1807 1195 virtuti

224 1253 629 1306 admisceatur:
677 1246 899 1316 proinde
943 1242 1043 1296 nisi
1082 1240 1267 1295 fuisset
1310 1235 1541 1290 admixta
1589 1231 1806 1296 virtuti,

222 1344 430 1414 jamdiu
460 1341 712 1410 periisset
737 1355 749 1390 :
782 1352 902 1391 nam
932 1335 1045 1389 haec
1066 1341 1147 1388 est
1170 1330 1428 1385 malorum
1448 1325 1703 1382 conditio.
1729 1324 1809 1380 Sit

224 1434 489 1504 quispiam
520 1431 776 1491 lascivus,
819 1428 906 1497 qui
950 1426 1028 1480 sui
1070 1425 1334 1491 impotens
1362 1418 1581 1474 omnino
1608 1417 1711 1482 sit,
1736 1431 1805 1469 an

223 1530 369 1582 vivet
401 1526 585 1581 decem
613 1524 764 1578 dies?
794 1521 875 1576 Sit
899 1520 1032 1574 latro
1060 1516 1319 1587 quispiam
1337 1554 1352 1579 ,
1382 1511 1475 1581 qui
1500 1509 1648 1563 nulla
1673 1509 1805 1563 reti-

222 1632 387 1676 nente
414 1620 735 1674 conscientia
763 1616 813 1669 in
836 1627 1021 1668 omnes
1046 1610 1311 1677 etiamque
1340 1605 1391 1659 in
1414 1601 1806 1658 consceleratos

219 1722 521 1783 grassetur,
555 1724 679 1763 num
709 1707 894 1761 vixerit
915 1702 1171 1758 omnino?
1201 1698 1280 1753 Sit
1305 1694 1494 1763 aliquis
1522 1693 1606 1746 fur
1633 1692 1805 1760 impu-

220 1807 373 1860 dens.
408 1804 497 1873 qui
530 1803 644 1855 sine
673 1800 866 1855 rubore
896 1796 1065 1866 palam
1090 1792 1314 1855 furctur,
1342 1803 1465 1842 num
1494 1784 1585 1839 diu
1618 1798 1804 1852 supcr-

216 1908 328 1952 stcs
353 1894 499 1949 erit?
526 1893 780 1947 Malorum
803 1897 987 1943 natura
1012 1885 1130 1939 talis
1158 1891 1258 1945 cst,
1288 1888 1347 1935 ut
1371 1877 1470 1932 nisi
1493 1875 1617 1930 boni
1646 1873 1803 1944 quid-

217 1989 357 2058 piam
390 1986 645 2047 habeant,
672 1995 816 2038 stare
844 1995 947 2035 non
971 1978 1210 2049 possint:
1240 1975 1318 2028 sic
1344 1972 1429 2026 illa
1461 1971 1618 2033 Deus,
1641 1977 1698 2021 ut
1727 1966 1801 2020 illi

214 2081 435 2145 dicunt,
467 2076 761 2133 constituit.
787 2073 868 2129 Sit
893 2072 1078 2126 civitas
1104 2065 1467 2138 improborum
1498 2060 1799 2124 hominum,

212 2187 275 2225 an
311 2172 487 2226 stabit
527 2166 812 2239 umquam?
856 2164 1011 2219 Stent
1041 2160 1203 2227 mali,
1234 2172 1341 2213 non
1378 2151 1796 2215 contrabonos,

214 2291 1455 2317 Μ

1922 504 2017 559 sed
2046 514 2231 583 contra
2271 506 2505 577 seipsos,
2539 515 2684 563 certe
2709 516 2853 565 stare
2880 520 3170 581 nequeunt.
3202 511 3330 569 Vm.
3355 517 3498 570 εωιιῖ

1915 597 2042 667 facti
2067 607 2215 662 sunt,
2253 614 2367 652 cum
2406 599 2577 652 dicant
2601 616 2654 653 se
2678 618 2785 655 esse
2806 604 3053 672 sapientes
3090 605 3263 667 (Rom.
3296 607 3348 660 1.
3380 606 3493 675 2'2).

1912 686 1967 743 Si
2008 702 2203 759 corpus
2233 690 2429 745 malum
2457 701 2571 755 est,
2614 693 2806 749 frustra
2835 694 2971 750 facta
3010 707 3134 751 sunt
3172 714 3348 752 omnia
3377 716 3495 769 quire

1911 782 2331 851 conspiciuntur,
2362 799 2519 855 aqua,
2542 794 2681 841 terra
2705 828 2721 850 ,
2747 788 2848 855 sol,
2879 804 2991 845 aer.
3021 792 3152 845 Nam
3181 803 3234 845 et
3259 809 3351 847 aer
3374 810 3495 847 cor-

1912 885 2011 940 pus
2035 879 2117 926 est
2134 874 2173 939 ¹,
2194 873 2401 929 etiamsi
2430 890 2535 929 non
2581 876 2803 932 densum
2822 888 2875 933 et
2913 881 3160 938 solidum.
3182 882 3489 952 Opportune

1910 977 2038 1033 ergo
2083 964 2336 1019 dicatur:
2388 964 2738 1022 Narraverunt
2784 971 2909 1024 mihi
2952 973 3112 1043 iniqui
3157 974 3492 1044 fabulationes

1911 1053 2084 1125 (Psal.
2116 1056 2237 1111 118.
2263 1056 2377 1128 85).
2413 1058 2608 1115 Verum
2635 1062 2748 1117 lucc
2777 1079 2842 1119 ne
2872 1065 3180 1134 toleremus,
3212 1068 3306 1123 sed
3335 1085 3491 1125 aures

1908 1146 1977 1201 ab
2006 1147 2109 1202 illis
2144 1158 2469 1205 avertamus.
2516 1151 2611 1206 Est
2649 1154 2820 1219 enim,
2863 1166 2946 1211 est
2988 1160 3169 1228 utique
3207 1175 3489 1229 corporum

1909 1240 2253 1295 resurrectio.
2301 1240 2415 1296 Hoc
2460 1241 2696 1298 declarat
2748 1248 3053 1314 sepulcrum
3101 1251 3487 1321 Jerosolymis,

1911 1346 2119 1386 necnon
2146 1332 2369 1404 lignum,
2392 1336 2477 1389 cui
2500 1336 2597 1391 fuit
2622 1338 2889 1409 alligatus,
2926 1352 2982 1395 ut
3010 1342 3229 1413 ﬂagellis
3255 1313 3491 1401 medere;

1910 1429 2018 1475 tur.
2047 1421 2365 1479 Consedimus
2391 1426 2544 1491 enim,
2577 1427 2766 1498 inquit,
2794 1441 2841 1484 et
2862 1431 3073 1488 bibimus
3097 1452 3211 1489 cum
3236 1437 3324 1490 illo
3352 1436 3486 1509 (Act.

1910 1511 1997 1566 10.
2023 1513 2138 1583 41).
2163 1513 2460 1571 Credamus
2485 1533 2613 1589 ergo
2634 1524 3032 1590 resurrectioni,
3063 1536 3119 1581 et
3148 1545 3265 1597 quae
3292 1528 3389 1582 hac
3410 1530 3491 1584 ᾱὶτ

1907 1617 2010 1671 gna
2042 1604 2148 1660 sint
2182 1622 2489 1677 operemur,
2524 1621 2584 1666 ut
2609 1612 2783 1668 futura
2817 1630 3207 1687 consequamur
3230 1621 3364 1676 bona
3385 1663 3399 1688 ,
3436 1624 3488 1678 in

1908 1693 2120 1749 Christo
2144 1697 2271 1752 Jesu
2298 1699 2527 1757 Domino
2551 1716 2752 1771 nostro,
2785 1707 2999 1776 quicum
3028 1709 3171 1765 Patri
3196 1722 3249 1765 et
3271 1712 3488 1781 Spiritui

1908 1796 2095 1890 sancto
2123 1790 2313 1890 gloria,
2347 1793 2628 1864 imperium
2648 1839 2663 1863 ,
2692 1797 2884 1868 honor,
2920 1818 3062 1858 nunc
3090 1813 3144 1859 et
3173 1818 3403 1875 semper,
3432 1817 3489 1862 et

1907 1881 1960 1933 in
1992 1881 2184 1937 saecula
2206 1884 2545 1942 saeculorum.
2579 1890 2773 1945 Amen.

1905 2032 2205 2159 ω’ξρεέοὲξιιὲ
2227 2036 2436 2151 £312....
2461 2054 2603 2107 aqua,
2643 2050 2776 2096 terra
2792 2082 2807 2108 ,
2831 2045 2919 2108 sol,
2954 2047 3110 2100 homo.
3135 2060 3255 2103 Nam
3276 2060 3322 2105 et
3343 2054 3482 2106 homo

1464 2290 1533 2296 _
1550 2283 3459 2322 --Ἥ

1574 2354 1918 2421 HOMILIA
1959 2355 2071 2418 IlI.

212 2531 341 2586 CAP.
398 2530 450 2583 I.
492 2544 548 2581 π.
579 2526 669 2582 12.
698 2522 842 2579 Tunc
883 2518 1065 2575 reversi
1101 2514 1315 2585 apostoli
1365 2508 1736 2578 Jerosolymam
1768 2518 1802 2554 a

283 2630 456 2675 monte
511 2620 602 2690 qui
626 2625 829 2671 vocatur
857 2611 1060 2679 Oliveti,
1100 2608 1186 2679 qui
1206 2615 1277 2662 est
1304 2606 1452 2673 iuxta
1490 2599 1797 2666 Jerusalem,

279 2714 481 2768 sabbati
527 2712 719 2764 habens
755 2710 869 2761 iter.

284 2810 337 2862 1.
375 2806 545 2871 Tunc,
589 2801 781 2875 inquit,
822 2798 1003 2855 reversi
1042 2804 1178 2852 sunt.
1207 2793 1378 2860 Tunc,
1419 2784 1802 2861 quandonam?

221 2901 505 2968 Postquam
569 2896 657 2951 illa
698 2892 1006 2955 audierant,
1056 2903 1163 2944 non
1195 2887 1338 2942 enim
1384 2884 1490 2938 alio
1538 2879 1699 2937 modo
1747 2879 1801 2934 id

224 2991 627 3053 sustinuissent,
682 2986 783 3041 nisi
834 2984 972 3039 alter
1020 2981 1280 3036 adventus
1343 2977 1447 3032 illis
1504 2973 1800 3046 promissus

228 3084 425 3137 fuisset.
466 3080 698 3136 Videtur
740 3088 915 3133 autem
962 3074 1092 3130 mihi
1129 3073 1245 3127 haec
1284 3071 1340 3126 in
1383 3068 1606 3125 sabbato
1651 3074 1801 3137 gesta

237 3177 411 3228 fuisse.
452 3172 674 3242 Alioqui
705 3186 809 3225 non
856 3168 1085 3237 spatium
1123 3162 1331 3220 itineris
1373 3162 1452 3217 sic
1478 3159 1797 3223 indicasset,

238 3270 279 3320 Α
308 3277 454 3321 monte
488 3267 585 3338 qui
611 3265 799 3318 dicitur
844 3260 1043 3326 Oliveti,
1071 3258 1159 3329 qui
1195 3261 1267 3310 ut
1289 3256 1444 3326 juxta
1480 3250 1796 3315 Jerusalem,

234 3362 414 3413 sabbati
438 3359 633 3413 habens
659 3358 795 3421 iter;
826 3353 928 3408 nisi
974 3349 1339 3422 praescriptum
1386 3345 1575 3400 fuisset
1595 3341 1803 3397 itineris

222 3461 465 3529 spatium,
524 3454 673 3524 quod
727 3452 905 3525 peragi
954 3456 1135 3520 posset
1185 3448 1236 3501 in
1296 3444 1383 3499 die
1432 3440 1654 3496 sabbati.
1710 3438 1799 3492 15.

218 3551 285 3606 Et
324 3569 437 3605 cum
480 3550 795 3612 introissent,
849 3545 905 3597 in
954 3538 1265 3596 cenaculum
1318 3534 1670 3598 ascenderunt,
1720 3529 1804 3583 ubi

214 3656 361 3703 erant
399 3649 774 3714 permanentes.
806 3638 947 3706 Ergo
974 3641 1094 3705 post
1120 3628 1562 3686 resurrectionem
1589 3623 1805 3678 ieroso-

215 3740 375 3809 lymis
403 3713 719 3790 manebant.
756 3729 957 3793 Petrus,
986 3735 1031 3779 et
1056 3723 1294 3786 Jacobus,
1324 3729 1371 3774 et
1409 3717 1651 3772 Joannes.
1687 3713 1803 3769 Non

205 3833 323 3901 jam
354 3830 441 3883 hic
469 3828 623 3882 solus
649 3838 774 3878 cum
798 3821 962 3876 fratre
986 3824 1322 3876 numeratur;
1370 3810 1462 3864 sed
1485 3818 1539 3863 et
1562 3805 1805 3862 Andreas

208 3896 336 3978 cum
372 3922 539 3975 Petro
564 3934 579 3982 ;
612 3926 659 3971 et
686 3913 935 3978 Andreas,
956 3909 1225 3978 Philippus
1255 3914 1300 3958 et
1332 3902 1569 3963 Thomas,
1596 3896 1808 3951 Bartlto-

206 4018 431 4069 [omitus
461 4022 509 4065 et
546 4008 839 4071 Mattheus,
872 4003 1093 4058 Jacobus
1121 3997 1337 4068 Alpluci,
1368 4003 1414 4047 et
1445 3992 1623 4047 Simon
1665 3987 1808 4042 Zelo-

206 4119 284 4161 tes
330 4118 383 4161 et
429 4104 604 4159 ludas
657 4099 858 4154 Jacobi.
920 4096 1085 4151 Recte
1128 4089 1419 4161 discipulos
1467 4083 1801 4140 memoravit.

202 4200 354 4268 Quia
399 4198 547 4253 enim
586 4194 726 4247 alius
770 4189 1019 4261 prodidit,
1052 4185 1185 4239 alius
1211 4179 1459 4252 negavit‘
1479 4219 1496 4245 ,
1526 4176 1664 4230 alius
1696 4188 1805 4228 non

204 4292 491 4353 credidit;
546 4286 787 4341 declarat
831 4296 1037 4345 omnes,
1090 4292 1197 4333 uno
1247 4280 1472 4343 excepto
1513 4268 1804 4341 proditore,

201 4386 407 4442 salvos
466 4382 658 4437 fuisse.
716 4378 806 4433 14.
879 4374 951 4429 Hi
1011 4388 1181 4427 omnes
1238 4376 1382 4424 erant
1439 4372 1808 4436 perseverantes

198 4476 535 4531 unanimiter
563 4472 616 4525 in
643 4470 869 4524 oratione
891 4474 940 4521 et
976 4462 1325 4534 deprecatione
1360 4474 1475 4513 cum
1495 4456 1802 4510 mulieribus.

194 4570 411 4629 Recte.
458 4566 707 4635 Magnum
742 4560 884 4617 enim
924 4557 1095 4613 oratio
1131 4555 1292 4610 telum
1333 4560 1415 4607 est
1454 4544 1513 4605 in
1553 4547 1808 4604 tentatio—

196 4664 403 4726 nihus,
437 4670 493 4714 et
512 4656 582 4711 ad
606 4658 710 4709 hoc
730 4668 761 4707 a
790 4650 1042 4721 Magistro
1066 4662 1164 4702 suo
1183 4645 1314 4701 satis
1333 4642 1539 4698 fuerant
1561 4638 1806 4696 instituti.

192 4754 479 4828 Alioquin
505 4766 637 4806 vero
657 4760 894 4820 praesens
924 4742 1145 4800 tentatio
1184 4739 1251 4795 ad
1278 4739 1379 4794 hoc
1418 4737 1539 4792 illos
1560 4734 1805 4790 ducebat.

194 4824 467 4922 meoque
490 4839 800 4902 ascendunt
825 4838 879 4892 in
914 4832 1280 4892 cmuaculum:
1332 4827 1615 4883 admodum
1666 4824 1809 4879 enim

191 4918 491 4997 timebant
513 4932 756 4988 Iudaeos.
796 4928 922 4982 Cum
944 4923 1256 4979 mulieribus.
1298 4920 1415 4977 Jam
1438 4919 1579 4974 enim
1602 4918 1811 4973 dixerat

189 5036 326 5089 illas
388 5030 588 5085 Iesum
634 5031 890 5093 sequutas
938 5017 1127 5073 fuisse.
1180 5014 1247 5069 Et
1278 5012 1448 5067 Maria
1476 5022 1636 5066 matre
1660 5009 1807 5072 Jcsu,

183 5139 235 5183 et
273 5142 415 5181 cum
452 5118 698 5193 fratribus
723 5118 834 5186 ejus
863 5111 1038 5183 (Joau.
1066 5110 1153 5165 19.
1180 5108 1294 5178 26).
1338 5105 1613 5175 Quomodo
1632 5112 1811 5158 autem

182 5222 425 5275 dictum
452 5190 568 5278 est,
611 5207 930 5276 discipulum
962 5217 1077 5257 eam
1125 5210 1251 5255 tunc
1290 5198 1341 5252 in
1391 5211 1483 5252 sua
1504 5190 1811 5265 recepisse?

183 5312 310 5368 Sed
381 5319 520 5360 cum
582 5303 961 5368 congregasset
1008 5292 1126 5346 illos
1191 5289 1455 5350 Christus,
1509 5301 1631 5341 cum
1682 5282 1812 5353 ipsis

184 5408 421 5460 iterum
479 5396 570 5450 illa
621 5390 956 5447 versabatur.
1013 5385 1074 5439 Et
1115 5400 1229 5437 cum
1274 5380 1515 5454 fratribus
1556 5380 1685 5447 ejus.
1736 5376 1813 5430 De

188 5498 259 5551 iis
318 5489 606 5561 loquitur,
646 5484 736 5554 qui
770 5481 914 5552 prius
962 5493 1067 5532 non
1105 5475 1394 5531 credebant
1431 5474 1483 5527 in
1528 5486 1669 5527 eum.
1721 5470 1809 5525 15.

186 5588 262 5641 Et
318 5589 383 5637 in
451 5579 628 5633 diebus
674 5574 795 5635 illis,
842 5570 1052 5641 surgens
1118 5567 1303 5621 Petrus
1351 5566 1405 5618 in
1449 5563 1611 5617 medio
1657 5561 1812 5615 disci-

189 5679 467 5753 pulorum
518 5670 672 5725 dixit.
721 5665 921 5735 Utpote
970 5663 1201 5725 fervens,
1235 5659 1318 5714 cui
1357 5673 1484 5728 grex
1527 5671 1557 5710 a
1600 5655 1813 5709 Christo

193 5840 279 5951 ﬁ;
318 5836 497 5895 Hec,
520 5830 648 5880 alius
687 5824 909 5891 negavit,
944 5821 1124 5872 desunt
1162 5820 1209 5868 in
1255 5816 1538 5880 quibusdam
1563 5810 1814 5877 exempla-

271 5914 360 5951 us.

271 5914 360 5951 ω.

1908 2506 2250 2565 concreditus
2277 2520 2411 2579 erat,
2443 2523 2605 2587 atque
2635 2527 2693 2573 ut
2721 2520 2927 2591 primus
2957 2524 3010 2578 in
3036 2524 3224 2592 choro,
3276 2530 3480 2598 primus

1905 2608 2119 2669 semper
2152 2615 2457 2660 sermonem
2502 2608 2709 2665 orditur
2744 2608 2895 2681 (Erat
2936 2626 3103 2670 autem
3143 2618 3287 2673 turba
3323 2624 3485 2674 homi—

1905 2707 2028 2745 num
2079 2694 2234 2750 simul
2269 2696 2375 2765 fere
2416 2709 2613 2754 centum
2663 2703 2908 2774 viginti):
2956 2706 3045 2761 16.
3113 2708 3221 2763 Viri
3278 2715 3481 2782 fratres,

1893 2786 2165 2853 'oportebat
2217 2788 2423 2859 impleri
2480 2791 2801 2865 Scripturam
2847 2800 3000 2865 hanc,
3048 2818 3198 2869 quam
3250 2807 3487 2872 prafdixit

1906 2874 2131 2947 Spiritus
2166 2891 2388 2937 sanctus.
2432 2882 2539 2939 Cur
2566 2901 2671 2941 non
2708 2888 2857 2944 solus
2884 2906 2913 2945 a
2956 2889 3168 2949 Christo
3217 2896 3388 2966 petiit,
3423 2908 3481 2953 ut

1906 2968 2006 3026 sibi
2053 2970 2206 3027 daret
2232 2973 2460 3043 aliquem
2499 2976 2550 3030 in
2603 2977 2777 3033 locum
2822 2980 3011 3037 Judaz?
3050 3000 3146 3039 cur
3196 2986 3322 3041 item
3370 3005 3477 3044 non

1906 3076 2003 3132 per
2043 3065 2249 3134 seipsos
2283 3065 2602 3123 electionem
2634 3069 2875 3126 faciunt?
2917 3072 3031 3129 Jam
3079 3076 3266 3132 Petrus
3307 3081 3484 3150 seipso

1906 3155 2098 3211 melior
2127 3157 2295 3213 factus
2320 3168 2457 3214 erat.
2492 3161 2580 3216 Sic
2610 3177 2738 3232 ergo
2766 3164 2830 3218 ad
2864 3165 3094 3235 priorem
3131 3173 3479 3239 quccstioncm

1908 3253 2373 3322 respondendum:
2423 3273 2520 3313 cur
2558 3271 2734 3315 autem
2774 3279 2880 3317 non
2911 3265 3246 3334 simpliciter,
3278 3267 3371 3322 sed
3415 3284 3483 3323 ex

1907 3346 2234 3402 revelatione
2262 3347 2511 3406 choream
2544 3353 2753 3423 impleri
2788 3358 3126 3426 postularint,
3174 3359 3306 3413 duas
3353 3375 3482 3415 cau-

1907 3451 1997 3492 sas
2022 3438 2323 3495 afl‘eremus.
2353 3442 2527 3497 Prima
2557 3454 2655 3510 est,
2690 3447 2831 3517 quod
2864 3450 2983 3505 aliis
3012 3450 3172 3505 rebus
3206 3451 3482 3507 iucmnhe-

1909 3541 2049 3599 rent;
2070 3535 2322 3602 secunda,
2344 3538 2487 3607 quod
2507 3538 2609 3595 hoc
2625 3541 2911 3596 maximum
2931 3553 3071 3598 esset
3090 3555 3483 3614 argumentum,

1908 3624 2177 3681 Christum
2221 3629 2327 3684 illis
2368 3629 2576 3687 adesse.
2636 3631 2702 3688 Ut
2752 3633 2894 3688 enim
2937 3650 3172 3705 prmsens
3220 3637 3478 3706 eligebat,

1909 3716 1981 3772 ita
2031 3727 2087 3773 et
2147 3719 2361 3775 absens.
2416 3722 2527 3777 Nec
2599 3738 2781 3794 parum
2827 3724 2879 3779 id
2932 3725 2999 3780 ad
3066 3728 3484 3784 consolationem

1909 3808 2236 3865 conferebat.
2283 3811 2420 3869 Vide
2460 3824 2638 3870 autem
2669 3817 2935 3886 quomodo
2963 3818 3153 3873 Petrus
3182 3822 3359 3874 omnia
3409 3837 3476 3878 ex

1909 3903 2180 3957 communi
2238 3906 2499 3959 sententia
2527 3904 2706 3970 faciat,
2748 3907 2984 3977 nihilque
3007 3925 3128 3964 cum
3157 3912 3477 3968 auctoritate

1908 3995 1994 4050 vel
2033 4010 2152 4049 cum
2217 3995 2463 4066 imperio.
2527 3996 2711 4066 Neque
2760 4000 3071 4068 simpliciter
3117 4002 3281 4056 dixit:
3344 4002 3488 4058 Loco

1910 4085 2061 4142 JtleB
2094 4087 2235 4142 hunc
2281 4088 2544 4158 eligimus;
2591 4088 2684 4144 sed
2718 4091 3000 4145 consolans
3032 4090 3151 4146 illos
3197 4109 3358 4163 super
3396 4110 3484 4160 eo,

1910 4177 2051 4249 quod
2099 4178 2385 4244 acciderat,
2420 4179 2539 4235 vide
2577 4181 2842 4251 quomodo
2870 4197 3171 4239 sermonem
3203 4194 3483 4255 temperet.

1909 4270 2093 4342 Neque
2114 4272 2254 4328 enim
2273 4272 2476 4329 facinus
2498 4274 2625 4330 illud
2641 4290 2854 4344 parvam
2879 4275 2983 4329 illis
2999 4278 3485 4332 consternationem

1911 4363 2184 4430 attulerat;
2217 4374 2360 4421 etne
2389 4365 2617 4421 mireris.
2650 4366 2780 4421 Nam
2807 4367 2850 4422 si
2886 4366 3013 4423 illud
3046 4367 3308 4438 hodieque
3331 4369 3483 4423 multi

1911 4464 2151 4522 versant,
2193 4456 2318 4528 quid
2370 4466 2496 4514 tunc
2548 4457 2653 4512 illis
2696 4460 2957 4515 accidisse
3004 4460 3341 4530 putandum?
3376 4459 3489 4514 Viri

1913 4554 2116 4620 fratres,
2167 4548 2358 4621 inquit.
2405 4550 2461 4606 Si
2509 4551 2762 4607 Dominus
2794 4552 2915 4607 illos
2958 4552 3151 4609 fratres
3177 4554 3487 4623 appellavit,

1913 4644 2080 4699 multo
2128 4643 2293 4713 magis
2343 4642 2459 4698 hic:
2510 4642 2630 4699 idco
2678 4644 3031 4713 praesentibus
3086 4648 3356 4711 omnibus,
3412 4648 3490 4702 sic

1913 4739 2033 4793 illos
2058 4737 2268 4791 affatur.
2311 4737 2451 4793 Ecce
2494 4737 2745 4791 Ecclesiae
2771 4737 3079 4807 dignitatem
3111 4747 3164 4792 et
3191 4738 3485 4807 angelicum

1913 4841 2132 4893 statum.
2174 4831 2361 4886 Nullus
2410 4840 2529 4886 erat
2558 4830 2629 4887 ibi
2658 4830 2725 4885 ab
2762 4830 2879 4885 aliis
2920 4829 3180 4895 divulsus,
3215 4846 3318 4883 non
3352 4845 3485 4898 mas,

1913 4940 2020 4979 non
2051 4923 2266 4979 femina.
2323 4923 2479 4979 Tales
2504 4939 2646 4979 nunc
2688 4923 2846 4977 etiam
2901 4921 3166 4976 Ecclesias
3193 4935 3310 4975 esse
3342 4921 3485 4974 volo.

1912 5016 2081 5072 Nemo
2124 5017 2192 5071 ibi
2240 5019 2493 5073 saeculare
2534 5016 2802 5087 quidpiam
2837 5014 3095 5081 curabat;
3145 5016 3321 5069 nullus
3369 5025 3487 5070 erat

1913 5110 1981 5166 de
2036 5127 2096 5165 re
2138 5109 2429 5165 domestica
2473 5108 2754 5164 sollicitus.
2806 5106 3031 5161 Tantum
3087 5106 3211 5162 boni
3259 5106 3489 5162 afl‘erunt

1917 5205 2254 5269 teutationes,
2317 5212 2522 5257 tantum
2588 5216 2857 5256 tcrummte
2904 5175 3131 5255 lucrum.
3210 5199 3488 5270 Oportebat

1915 5298 2116 5368 impleri
2184 5296 2501 5366 Scripturam
2551 5294 2697 5356 hanc,
2745 5309 2895 5359 quam
2955 5293 3187 5363 praedixit
3263 5292 3488 5360 Spiritus

1916 5402 2139 5447 sanctus.
2169 5390 2393 5459 Semper
2442 5389 2747 5444 consolatur
2794 5402 2888 5442 eos
2931 5402 2958 5439 a
2990 5387 3352 5456 praedictione.
3398 5383 3487 5439 Sic

1916 5486 2075 5540 etiam
2125 5483 2366 5540 Christus
2410 5480 2608 5551 ubique
2636 5479 2780 5534 facit.
2843 5479 3149 5545 Eodemque
3198 5477 3356 5532 modo
3400 5477 3485 5530 hic

1917 5574 2318 5643 ostenditgnihil
2357 5573 2673 5643 stupendum
2705 5571 2982 5637 accidisse,
3038 5570 3130 5626 sed
3182 5569 3321 5638 quod
3372 5569 3482 5636 jam

1919 5670 2226 5742 prindictum
2273 5666 2465 5723 fuerat.
2512 5666 2801 5737 Oportebat,
2849 5665 3038 5733 inquit,
3088 5662 3287 5732 impleri
3344 5663 3488 5716 Scri-

1918 5776 2119 5834 pturam
2165 5760 2316 5827 hanc,
2343 5775 2494 5830 quam
2531 5757 2765 5828 prwdixit
2805 5754 3027 5824 Spiritus
3069 5764 3272 5807 sanctus
3317 5769 3400 5822 per
3429 5769 3487 5808 os

1924 5855 2104 5911 David.
2135 5854 2247 5911 Non
2287 5861 2397 5908 ait:
2428 5851 2591 5907 David
2622 5849 2778 5914 dixu,
2821 5845 2937 5913 sed,
2963 5844 3191 5916 Spiritus
3216 5860 3312 5916 per
3339 5861 3485 5901 eum.
