4024 6556
471 396 542 450 55
1155 387 1213 445 S.
1251 386 1527 444 IOANNIS
1560 385 2038 443 CIIRYSOSTOMI
2080 385 2393 441 ARCHIEP.
2434 384 2967 442 CONSTANTINOP.
3662 392 3730 451 55

472 514 501 562 κ’
531 527 598 566 ne
618 512 802 566 statim
844 507 900 563 in
937 504 1159 563 exordio
1199 506 1342 572 libri,
1382 520 1487 574 qua
1526 514 1707 559 utatur
1769 504 2032 558 doctrina.

462 602 653 657 Cernis
678 616 806 659 vero
828 613 914 653 me
958 613 1062 651 non
1106 596 1222 651 sine
1261 611 1420 651 causa
1463 596 1516 649 in
1552 594 1813 664 principio
1862 594 2041 664 operis

744 689 886 744 hunc
940 689 1132 743 librum
1174 703 1292 742 esse
1341 688 1571 755 Spiritus
1616 686 1784 740 sancti
1836 685 2043 739 institu-

651 781 815 847 Quam
866 782 1120 850 prazdixit,
1154 780 1341 848 inquit,
1376 778 1601 847 Spiritus
1632 788 1836 831 sanctus
1872 794 1958 845 per
1988 792 2043 829 os

468 872 658 927 David.
709 874 1109 935 Animadverte,
1152 870 1419 940 quomodo
1460 869 1771 940 pr0phetam
1812 869 1913 923 sibi
1951 884 2043 921 ac-

467 965 797 1024 commodet,
850 965 1123 1033 ipsumque
1173 964 1225 1015 in
1271 963 1501 1015 medium
1552 962 1812 1023 adducat;
1869 961 2045 1013 sciens

469 1056 596 1124 ipsis
611 1058 735 1108 utile
757 1058 889 1117 fore,
909 1055 1045 1123 quod
1072 1053 1184 1108 haec
1200 1070 1231 1107 a
1252 1053 1464 1117 Davide,
1482 1069 1585 1106 non
1608 1053 1676 1107 ab
1693 1052 1798 1106 alio
1812 1051 2045 1121 prophe-

471 1158 518 1199 ta
538 1146 674 1199 dicta
690 1150 814 1199 sint.
848 1145 920 1197 De
943 1144 1105 1209 Iuda,
1131 1146 1319 1215 inquit,
1335 1146 1419 1210 qui
1435 1148 1531 1215 fuit
1552 1145 1675 1198 dux.
1698 1144 1795 1198 Hic
1812 1158 2044 1213 perpen-

470 1236 535 1290 de
580 1238 675 1289 viri
723 1236 1129 1305 philosophiam.
1160 1236 1272 1289 Non
1326 1235 1701 1289 contumeliam
1741 1233 1888 1299 dicit,
1939 1249 2043 1288 non

471 1330 708 1387 insultat.
748 1346 846 1382 nec
886 1341 1039 1383 went
1078 1331 1362 1383 scelestum
1399 1339 1486 1381 aut
1512 1327 1915 1389 exsecrandum;
1951 1327 2043 1380 sed

467 1438 579 1476 rem
602 1423 911 1489 simpliciter
931 1431 1130 1485 narrat,
1156 1437 1252 1475 nec
1273 1432 1423 1474 vocat
1442 1436 1561 1474 eum
1584 1420 1927 1489 proditorem;
1950 1420 2041 1475 sed

465 1514 516 1567 in
547 1515 679 1566 alios
701 1518 900 1568 crimen
930 1516 1208 1583 detorquet
1238 1524 1490 1580 quantum
1539 1521 1729 1581 potest.
1764 1514 1840 1566 Ac
1870 1528 2042 1581 neque

465 1606 583 1660 illos
603 1606 947 1661 vehementer
967 1607 1216 1674 exagitat.
1240 1606 1336 1672 Qui
1369 1607 1479 1669 fuit,
1504 1605 1689 1674 inquit.
1714 1605 1820 1657 dux
1848 1621 2039 1671 eorum,

463 1699 547 1767 qui
578 1698 1055 1765 comprehenderunt
1081 1695 1276 1751 Iesum.
1302 1701 1378 1749 Ac
1410 1699 1713 1765 priusquam
1737 1695 1899 1761 dicat,
1952 1695 2042 1749 ubi

467 1790 565 1844 hoc
589 1791 891 1859 pra-dixerit
926 1788 1107 1852 David,
1130 1797 1439 1857 narratquze
1462 1786 1844 1848 feceritIudas,
1883 1796 1940 1839 ut
1976 1801 2043 1841 ex

467 1881 815 1949 pra-sentibus
858 1879 1029 1932 futura
1075 1878 1301 1943 indicet,
1350 1876 1699 1946 ostendatque
1737 1876 1907 1946 ipsum
1932 1876 2041 1944 jam

465 1985 650 2041 pugnas
689 1970 921 2024 dedisse.
951 1970 1038 2023 I7.
1080 1969 1181 2034 Qui
1219 1978 1603 2021 connumeratus
1632 1976 1738 2020 erat
1777 1968 1827 2020 in
1868 1967 2036 2033 nobis,

464 2074 506 2116 et
530 2063 731 2116 sortitus
756 2071 826 2114 est
848 2070 1029 2113 sortem
1051 2060 1311 2113 ministerii
1342 2060 1509 2128 hujus.
1534 2058 1622 2112 I8.
1657 2057 1719 2110 Et
1743 2059 1822 2111 hic
1841 2058 2038 2127 quidem

467 2154 687 2223 possedit
714 2170 891 2225 agrum
918 2154 980 2207 de
1005 2154 1230 2206 mercede
1254 2152 1550 2222 iniquitatis.
1579 2150 1831 2205 Moralem
1865 2149 2040 2203 reddit

464 2260 758 2299 sermonem
785 2284 800 2308 ,
832 2254 886 2297 et
908 2244 1136 2297 latenter
1162 2244 1457 2298 subindicat
1482 2283 1497 2306 ,
1531 2258 1641 2296 rem
1672 2258 1791 2297 esse
1816 2242 1880 2295 ad
1912 2257 2035 2296 cor-

464 2338 753 2407 reptionem
810 2346 1010 2404 aptam.
1060 2333 1175 2388 Non
1237 2334 1369 2389 dicit
1412 2333 1661 2397 Iudaeos,
1720 2333 1815 2387 sed
1864 2334 2036 2401 ipsum

464 2425 760 2494 possedisse
805 2439 1013 2493 agrum.
1058 2424 1189 2490 Quia
1237 2425 1380 2478 enim
1434 2422 1818 2477 imbecillorum
1868 2422 2033 2476 animi

457 2530 562 2567 non
597 2514 663 2567 ita
696 2514 872 2567 futura
899 2523 956 2566 ut
988 2514 1264 2583 praesentia
1297 2512 1657 2581 perspiciunt,
1686 2511 1754 2566 de
1782 2513 2033 2579 praesenti

459 2604 662 2658 ultione
707 2605 955 2673 loquitur.
990 2602 1053 2655 Et
1083 2619 1353 2671 suspensus
1382 2604 1573 2671 crepuit
1614 2602 1826 2656 medius.
1871 2603 2035 2658 Recte

457 2710 561 2749 non
593 2694 643 2747 in
670 2702 887 2764 peci-atn
909 2735 921 2756 ,
951 2694 1042 2746 Sed
1070 2695 1118 2746 in
1146 2694 1341 2746 ultione
1368 2693 1579 2745 insistit.
1611 2691 1678 2745 Et
1702 2693 1861 2759 effusa
1885 2702 2030 2758 sunt,

457 2785 663 2855 inquit,
697 2787 865 2838 omnia
906 2785 1092 2837 viscera
1139 2784 1266 2853 ejus.
1302 2784 1413 2838 Hoc
1462 2784 1567 2838 illis
1613 2785 2033 2839 consolationem

454 2875 727 2929 all'erebat.
762 2874 847 2929 I9.
888 2872 950 2926 Et
978 2884 1149 2926 notum
1198 2876 1389 2942 factum
1432 2882 1506 2926 est
1531 2873 1760 2927 omnibus
1800 2873 2034 2928 habitan-

464 2967 596 3020 tibus
626 2964 945 3032 Icrusalem,
1002 2966 1072 3018 ita
1114 2976 1168 3018 ut
1208 2966 1550 3035 appellaretur
1588 2982 1709 3037 ager
1750 2965 1837 3020 ille
1859 2966 2035 3038 lingua

455 3074 627 3112 eorum
656 3057 925 3110 Aceldama
944 3099 956 3121 ,
988 3056 1081 3109 hoc
1104 3068 1205 3123 est,
1233 3072 1351 3127 ager
1380 3056 1661 3128 sanguinis.

524 3150 580 3205 2.
626 3149 795 3205 Iuda-i
835 3164 961 3219 ergo
1002 3150 1100 3204 hoc
1142 3164 1333 3204 nomen
1376 3164 1503 3219 agro
1540 3150 1771 3213 dedere,
1816 3166 1923 3206 non
1966 3152 2035 3207 ob

458 3258 644 3313 agrum
692 3243 898 3310 ipsum,
937 3242 1029 3296 sed
1062 3242 1129 3297 ob
1157 3240 1345 3296 Iudam
1381 3260 1392 3295 :
1428 3258 1547 3295 nam
1590 3241 1633 3296 is
1676 3258 1803 3311 agro
1841 3259 2034 3298 nomen

460 3334 667 3389 indidit.
703 3335 765 3387 Et
796 3342 955 3388 testes
984 3332 1138 3387 alh-rt
1168 3334 1409 3387 inimicos
1435 3351 1448 3388 :
1480 3334 1530 3387 id
1571 3336 1712 3388 enim
1741 3335 2031 3404 significat,

457 3441 579 3479 cum
606 3424 770 3490 dicit,
814 3425 957 3495 ipsos
980 3424 1350 3493 appellavisse,
1389 3434 1446 3479 et
1483 3440 1601 3479 cum
1628 3426 1805 3490 addit,
1837 3426 2034 3496 Lingua

455 3535 647 3572 eorum.
679 3517 877 3570 Deinde
902 3526 1020 3585 post
1044 3526 1314 3583 eventum,
1339 3518 1579 3585 apposite
1604 3518 1914 3588 prophetam
1940 3517 2035 3571 ad-

454 3608 599 3662 ducit
627 3608 807 3661 tlicens
838 3625 850 3661 :
882 3606 971 3662 20.
1005 3606 1266 3675 Scriptum
1292 3619 1362 3660 est
1389 3608 1520 3660 enim
1548 3608 1601 3661 in
1638 3609 1765 3662 libro
1801 3608 2034 3663 Psalmo-

424 3694 425 3701 “
454 3712 567 3751 rum
588 3714 607 3752 :
643 3695 757 3749 Fiat
784 3699 1108 3750 commoratio
1151 3714 1322 3750 eorum
1361 3697 1586 3763 deserta,
1628 3708 1673 3751 et
1712 3715 1813 3751 non
1851 3700 1914 3752 sit
1948 3700 2035 3769 qui

454 3787 692 3841 inhabitet
717 3790 767 3840 in
790 3804 847 3841 ea
875 3784 1043 3859 (Psal.
1074 3786 1160 3843 68.
1190 3787 1306 3857 26).
1332 3786 1444 3841 Hoc
1465 3788 1532 3843 de
1558 3804 1685 3858 agro
1706 3798 1759 3844 et
1782 3790 1849 3844 de
1873 3789 2034 3844 domo

457 3881 670 3935 dicitur.
706 3879 772 3933 Et
819 3880 1156 3951 episcopatum
1181 3881 1290 3949 ejus
1327 3880 1544 3950 accipiat
1573 3880 1736 3947 alter;
1779 3880 1877 3935 hoc
1919 3890 2029 3950 est,

458 3972 808 4041 principatum
829 4012 844 4035 ,
869 3969 1240 4023 sacerdotium.
1266 3969 1443 4039 Itaque
1463 3968 1579 4024 haec
1605 3987 1707 4024 non
1731 3987 1850 4026 meo
1876 3970 2029 4040 ﬁunt,

452 4060 544 4115 sed
571 4062 707 4129 ejus,
726 4060 815 4128 qui
839 4060 949 4114 haec
966 4059 1228 4129 praedixit,
1252 4060 1493 4115 consilio.
1516 4060 1590 4116 Ne
1609 4060 1873 4116 videretur
1888 4063 2030 4119 enim

458 4165 699 4220 magnam
729 4166 838 4204 rem
868 4150 1109 4220 aggredi,
1144 4160 1195 4206 et
1221 4151 1431 4220 qualem
1457 4149 1699 4205 Christus
1729 4152 1840 4221 ipse
1876 4153 2032 4208 fecis-

457 4250 562 4306 set,
592 4240 899 4309 prophetam
945 4249 1134 4295 testem
1160 4239 1394 4295 adhibel.
1420 4240 1511 4295 2|.
1546 4240 1753 4311 Oportet
1779 4260 1916 4314 ergo,
1943 4244 2029 4297 in-

458 4332 601 4400 quit,
629 4346 691 4384 ea:
713 4331 788 4383 his
812 4331 950 4395 viris,
977 4332 1061 4401 qui
1087 4332 1342 4384 nobiscum
1366 4340 1482 4385 sunt
1507 4334 1790 4403 congregati
1816 4335 1866 4387 in
1896 4335 2031 4388 omni

460 4430 697 4489 tempore.
732 4418 837 4474 Cur
864 4435 983 4474 cum
1015 4421 1121 4475 illis
1149 4420 1249 4476 hoc
1272 4422 1666 4477 communicat?
1708 4422 1773 4478 Ut
1805 4440 1871 4479 ne
1899 4440 2031 4479 con-

456 4513 620 4566 tentio
649 4513 746 4565 hac
770 4512 836 4565 de
862 4526 919 4565 re
945 4512 1194 4575 oriretur,
1221 4522 1273 4565 et
1302 4528 1367 4567 ne
1390 4523 1574 4566 mutuo
1592 4514 1872 4583 litigarent.
1899 4515 2029 4570 Nam

452 4602 496 4655 si
544 4600 593 4655 id
638 4601 765 4669 ipsis
809 4600 1034 4664 accidit,
1080 4603 1247 4657 multo
1289 4604 1456 4671 magis
1495 4604 1601 4657 illis
1626 4605 1902 4660 accidisset
1931 4606 2028 4677 (a).

454 4694 564 4747 Iloc
592 4708 717 4747 vero
746 4706 957 4760 semper
987 4692 1211 4747 devitat.
1244 4694 1367 4749 Ideo
1400 4698 1450 4747 in
1492 4696 1749 4765 principio
1781 4698 1989 4753 dicebat
2010 4742 2025 4767 ,

466 4783 571 4837 Viri
597 4788 797 4855 fratres.
842 4794 1035 4851 oportet
1076 4785 1253 4855 eligere
1289 4802 1351 4838 ea:
1378 4785 1536 4839 nobis.
1567 4786 1879 4842 Multitudini
1906 4804 2031 4858 per-

458 4875 618 4928 mittit
638 4873 917 4942 judicium,
949 4874 1105 4929 simul
1130 4890 1243 4942 eos,
1274 4876 1363 4945 qui
1390 4876 1739 4945 eligebantur,
1768 4894 2027 4933 veneran-

451 4965 549 5017 dos
574 4964 823 5028 reddens,
854 4979 1021 5033 seque
1051 4964 1285 5020 liberans
1310 4966 1375 5019 ab
1401 4965 1616 5029 invidia,
1647 4982 1765 5037 quae
1803 4969 2029 5024 suboriri

457 5063 683 5123 poterat.
713 5054 843 5108 Nam
874 5055 987 5111 htec
1026 5072 1212 5127 magna
1253 5072 1396 5128 saepe
1433 5058 1609 5113 solent
1646 5074 1833 5128 parere
1870 5062 2025 5115 mala.

456 5143 607 5209 Quod
635 5144 795 5213 igitur
823 5148 900 5200 sic
925 5147 1041 5207 fieri
1069 5156 1332 5216 oporteat,
1380 5149 1693 5218 prophetam
1717 5150 1929 5206 adducit
1954 5160 2032 5206 te-

455 5244 627 5289 stem:
656 5249 720 5288 ex
751 5234 943 5304 quibus
966 5251 1093 5290 vero
1111 5238 1549 5294 clectionemlieri
1574 5250 1834 5310 oporteat,
1864 5242 2029 5296 inter-

457 5336 696 5396 pretatur
721 5328 833 5395 ipse
868 5327 1069 5391 dicens,
1102 5328 1182 5382 Ea:
1206 5331 1289 5397 iis,
1329 5332 1415 5399 qui
1452 5334 1707 5387 nobiscum
1745 5336 2032 5404 congregati

458 5427 599 5482 sunt,
626 5417 679 5470 in
704 5419 840 5470 omni
866 5428 1103 5487 tempore.
1128 5420 1183 5475 Si
1214 5423 1352 5475 enim
1374 5422 1626 5490 dixisset,
1653 5425 1846 5496 Dignos
1873 5442 2032 5496 opor-

461 5518 540 5563 tet
558 5507 765 5568 adesse.
789 5519 1010 5563 ca-teros
1030 5509 1293 5567 aﬂecisset
1316 5517 1655 5571 contumelia.
1681 5516 1831 5571 Nunc
1854 5528 2029 5571 autem

461 5600 687 5669 tempori
729 5616 841 5655 rem
883 5601 1187 5666 commisit;
1234 5618 1333 5657 nec
1372 5603 1503 5659 dixit
1542 5605 1872 5675 simpliciter,
1932 5606 2033 5671 Qui

523 5711 595 5772 (a)
637 5709 688 5759 Id
711 5719 800 5776 est
823 5714 892 5769 ,si
915 5713 1143 5776 apostolis
1166 5714 1334 5763 accidit
1352 5720 1405 5763 ut
1425 5713 1489 5763 de
1514 5716 1719 5776 primatu
1758 5715 2028 5765 contende-

461 5781 606 5841 rent:
628 5773 776 5823 multo
788 5775 949 5841 magis
971 5775 1191 5824 accidere
1216 5784 1435 5841 po'erat.
1461 5773 1617 5841 utqui
1641 5777 1859 5840 eligendi
1884 5786 2026 5829 erant

457 5836 505 5886 in
530 5834 687 5884 locum
707 5837 862 5894 Judze,
882 5834 1007 5886 inter
1026 5850 1081 5886 se
1102 5834 1477 5887 contenderent.

2149 505 2435 575 congregati
2460 513 2594 569 sunt,
2622 504 2715 559 sed
2746 505 2972 569 addidit,
3007 502 3071 560 In
3099 506 3236 560 omni
3261 517 3500 577 tempore,
3522 526 3627 579 quo
3652 513 3733 563 in-

2145 596 2293 648 travit
2321 604 2365 648 el
2393 596 2542 648 exivit
2568 598 2700 650 inter
2724 614 2812 649 nos
2842 595 3090 651 Dominus
3112 596 3282 663 Iesus,
3309 599 3399 652 22.
3432 600 3673 667 incipiens
3700 618 3733 651 η

2145 685 2439 753 baptismate
2462 686 2693 752 Joannis,
2722 704 2875 757 usque
2909 690 2959 741 in
2986 688 3117 743 diem
3144 706 3242 757 qua
3268 701 3557 759 assumptus
3582 701 3656 744 est
3698 709 3732 743 a

2148 780 2306 838 nobis.
2336 789 2506 833 testem
2534 781 2908 833 resurrectionis
2937 782 3044 850 ejus
3071 782 3327 834 nobiscum
3352 782 3464 849 ﬁeri
3490 798 3645 835 unum
3666 798 3730 836 ex

2147 869 2275 927 istis.
2305 871 2385 924 Ad
2410 871 2536 941 quid
2562 872 2732 926 illud?
2760 871 2837 927 Ne
2860 873 3058 927 chorus
3081 887 3305 927 numero
3332 882 3607 928 truncatus
3636 888 3725 928 es-

2148 970 2248 1014 set.
2275 962 2409 1030 Quid
2432 964 2598 1033 ergo?
2619 980 2684 1017 an
2710 964 2923 1018 Petrum
2954 964 3126 1032 ipsum
3147 965 3342 1034 eligere
3368 979 3473 1019 non
3495 963 3729 1020 licebat?

2148 1051 2365 1106 Licebat
2394 1055 2574 1124 utique
2598 1072 2611 1119 ;
2640 1054 2735 1109 sed
2766 1070 2831 1109 ne
2859 1054 3127 1109 videretur
3165 1056 3228 1108 ad
3256 1055 3479 1125 gratiam
3511 1056 3684 1110 facere
3708 1097 3725 1120 ,

2148 1144 2396 1199 abstinet.
2440 1145 2687 1216 Alioquin
2731 1161 2861 1200 vero
2904 1146 3138 1200 nondum
3188 1146 3413 1216 Spiritus
3462 1149 3730 1217 particeps

2148 1245 2284 1289 erat.
2316 1235 2405 1290 25.
2434 1234 2501 1288 Et
2527 1246 2834 1301 statuerunt,
2866 1236 3068 1306 inquit,
3101 1236 3248 1302 duos,
3279 1236 3493 1308 Ioseph,
3534 1238 3621 1307 qui
3646 1253 3731 1291 vo-

2147 1329 2351 1381 cabatur
2375 1329 2641 1393 Barsabas,
2673 1331 2754 1397 qui
2784 1330 3166 1399 cognominatus
3192 1340 3264 1383 est
3289 1329 3489 1395 Iustus,
3510 1341 3557 1384 et
3594 1330 3729 1385 Mat-

2148 1421 2323 1473 titiam.
2352 1420 2465 1474 Non
2507 1421 2618 1489 ipse
2657 1421 2777 1475 illos
2806 1421 2989 1475 statuit
3014 1460 3029 1485 ,
3072 1420 3166 1475 sed
3196 1434 3401 1475 omnes.
3432 1420 3729 1475 Consilium

2148 1528 2273 1567 vero
2300 1514 2411 1580 ipse
2437 1514 2674 1582 protulit,
2703 1512 2992 1567 ostendens
3019 1527 3126 1567 non
3150 1528 3303 1567 suum
3329 1526 3469 1578 esse,
3494 1511 3587 1566 sed
3608 1513 3725 1581 jam

2146 1606 2272 1659 olim
2306 1608 2355 1659 in
2387 1605 2659 1675 prOphetia
2689 1605 2887 1661 ederri.
2920 1605 3101 1676 Itaque
3146 1606 3408 1677 interpres
3434 1606 3533 1661 fuit
3554 1649 3569 1673 ,
3615 1624 3724 1662 non

2146 1704 2455 1765 pra-ceptor.
2481 1694 2671 1766 Ioseph
2696 1697 2783 1766 qui
2817 1698 3084 1751 vocabatur
3118 1695 3390 1765 Barsabas,
3416 1698 3502 1766 qui
3528 1714 3722 1769 cogno-

2145 1788 2363 1841 minatus
2417 1799 2491 1842 est
2538 1788 2739 1841 Iustus.
2786 1786 2945 1843 Forte
2986 1787 3128 1857 quod
3161 1789 3341 1858 plures
3378 1791 3725 1859 cognomines

2143 1888 2338 1941 essent,
2366 1888 2646 1946 utrumque
2673 1879 2884 1949 posuit:
2909 1894 3031 1933 nam
3057 1878 3197 1934 inter
3217 1880 3485 1950 apostolos
3509 1897 3725 1951 queque

2143 1970 2443 2038 complures
2467 1980 2620 2025 erant
2656 1970 3022 2040 cognomines,
3052 1970 3282 2026 Iacobus
3323 1971 3597 2039 Zebedazi,
3623 1972 3722 2027 Ia-

2142 2061 2308 2114 cttbus
2336 2060 2537 2129 Alphaai
2556 2102 2571 2125 ,
2603 2060 2787 2115 Simon
2816 2061 3005 2116 Petrus
3024 2102 3038 2124 ,
3065 2060 3248 2117 Simon
3276 2061 3524 2127 Zelotes,
3556 2063 3724 2117 Iudas

2141 2152 2343 2215 Jacobi,
2373 2163 2427 2207 et
2450 2152 2614 2207 Iudas
2642 2154 2938 2208 lscariotes.
2967 2154 3213 2224 Alioquin
3240 2169 3367 2209 vero
3392 2165 3593 2224 poterat
3630 2171 3723 2225 ap-

2142 2246 2354 2313 pellatio
2381 2260 2499 2300 esse
2523 2246 2607 2300 vel
2635 2261 2702 2300 ex
2732 2246 2855 2300 vitae
2876 2246 3189 2309 mutatione,
3217 2247 3299 2300 vel
3336 2262 3403 2301 ex
3432 2246 3596 2318 ipsius
3627 2263 3724 2301 vo-

2140 2338 2362 2392 luntate.
2398 2356 2416 2389 ι
2434 2338 2762 2405 Statuerunt,
2787 2357 2806 2391 ι
2831 2338 3017 2409 inquit,
3042 2357 3060 2390 ι
3086 2338 3304 2409 Ioseph,
3323 2340 3413 2410 qui
3436 2340 3723 2394 vocabatur

2138 2430 2397 2484 Barsabas
2418 2472 2433 2496 ,
2460 2433 2547 2501 qui
2575 2432 2979 2500 cognominatus
2998 2439 3080 2485 est
3102 2430 3304 2498 Iustus,
3336 2439 3391 2486 et
3415 2432 3715 2486 Matthiam.

2136 2520 2225 2575 2t.
2257 2541 2275 2574 ι
2306 2521 2372 2576 Et
2393 2532 2609 2578 orantes
2629 2522 2877 2579 dixerunt
2902 2540 2916 2577 :
2941 2522 3041 2589 Tu,
3071 2523 3314 2587 Domine,
3332 2522 3597 2592 quicorda
3623 2538 3723 2576 no-

2136 2615 2205 2670 Sti
2240 2615 2473 2669 omnium
2497 2655 2515 2681 ,
2559 2614 2781 2670 ostende
2823 2629 2980 2683 quem
3024 2614 3250 2684 elegeris
3285 2628 3351 2668 ex
3398 2614 3478 2669 bis
3508 2614 3724 2670 duobus

2136 2721 2330 2769 unum,
2359 2707 2451 2762 25.
2482 2708 2724 2775 accipere
2752 2715 2955 2761 sortem
2986 2706 3262 2761 miniSterii
3304 2705 3461 2775 hujus
3496 2716 3549 2762 et
3586 2722 3722 2773 apo-

2136 2798 2362 2851 stolatus
2380 2839 2394 2858 ,
2426 2797 2495 2851 de
2522 2814 2629 2867 quo
2655 2797 3037 2866 przevaricatus
3061 2806 3141 2851 est
3160 2796 3323 2851 Iudas
3341 2839 3356 2865 ,
3383 2808 3441 2851 ut
3466 2798 3633 2851 abiret
3660 2796 3724 2851 in

2136 2888 2311 2945 locum
2349 2904 2524 2944 suum.
2551 2908 2569 2941 ι
2604 2888 2767 2943 Recte
2795 2896 3095 2942 memorant
3124 2886 3264 2942 illius
3295 2898 3590 2958 peccatum,
3619 2888 3721 2943 de-

2134 2980 2399 3036 clarantes
2425 2994 2484 3035 se
2508 2988 2694 3034 testem
2720 2994 2982 3049 quaerere,
3008 2994 3112 3035 non
3134 2990 3388 3050 augentes
3408 2996 3717 3047 numerum,

2136 3071 2231 3128 sed
2263 3086 2366 3126 non
2404 3071 2643 3125 imtninui
2679 3071 2937 3126 sinentes.
2966 3070 3055 3126 26.
3094 3090 3115 3125 ι
3138 3071 3205 3126 Et
3241 3070 3501 3127 dederunt
3540 3080 3721 3126 sortes

2136 3163 2216 3218 eis
2258 3162 2527 3235 (nondum
2570 3161 2711 3217 enim
2755 3162 2985 3231 Spiritus
3018 3162 3173 3217 datus
3211 3162 3392 3233 erat),
3431 3170 3487 3217 et
3521 3163 3719 3217 cecidit

2138 3268 2257 3309 sors
2284 3268 2445 3321 super
2469 3252 2760 3317 Mattlnam,
2789 3260 2844 3307 et
2871 3261 3251 3308 annumeratus
3279 3261 3362 3308 est
3388 3267 3508 3308 cum
3536 3254 3714 3309 unde-

2135 3346 2237 3400 cim
2264 3345 2539 3413 apostolis.
2566 3344 2749 3408 Tunc,
2778 3343 2982 3414 inquit,
3023 3345 3221 3399 reversi
3266 3355 3390 3399 sunt
3435 3344 3723 3416 Ierosoly-

2136 3452 2276 3492 mam
2304 3452 2331 3488 a
2364 3444 2573 3499 monte,
2602 3434 2693 3504 qui
2720 3446 2937 3489 vocatur
2960 3436 3150 3491 Oliveti
3174 3476 3190 3501 ,
3218 3437 3306 3507 qui
3337 3447 3419 3492 est
3441 3437 3591 3506 juxta
3617 3438 3714 3493 Ie-

2136 3526 2493 3597 rosolymam,
2521 3526 2722 3579 sabbati
2760 3526 2963 3581 habens
2982 3527 3104 3581 iter.
3133 3546 3153 3580 »
3180 3527 3292 3582 Hoc
3307 3528 3380 3581 ait
3398 3529 3719 3584 utinnueret

2136 3618 2279 3687 ipsos
2306 3632 2411 3671 non
2428 3617 2639 3687 longum
2665 3617 2766 3672 iter
2784 3618 3075 3688 suscipere,
3094 3632 3163 3673 ne
3188 3618 3313 3689 quid
3336 3620 3554 3675 terroris
3577 3620 3716 3676 acci-

2136 3714 2287 3770 deret
2316 3714 2661 3769 trementibus
2687 3712 2859 3768 adhuc
2881 3713 3008 3784 ipsis
3036 3721 3092 3768 et
3114 3712 3486 3768 metuentibus.
3516 3713 3713 3770 Etcum

2135 3806 2435 3871 introissent,
2455 3806 2781 3859 ascenderunt
2800 3806 2852 3859 in
2871 3808 3202 3860 cenaculum.
3235 3804 3348 3859 Non
3377 3804 3518 3860 enim
3540 3806 3711 3860 aude~

2135 3899 2264 3954 bant
2311 3900 2363 3953 in
2410 3899 2624 3954 civitate
2670 3913 3000 3967 comparere.
3049 3898 3117 3952 Et
3165 3906 3310 3954 recte
3352 3897 3713 3953 ascenderunt

2134 3992 2188 4047 in
2225 3992 2579 4057 caenaculum,
2622 4002 2679 4045 ut
2721 4006 2827 4045 non
2872 3990 3027 4047 facile
3077 4000 3221 4045 esset
3265 3991 3409 4059 ipsos
3458 4003 3711 4059 compre-

2136 4085 2389 4141 hendere.
2419 4082 2485 4137 Et
2531 4093 2694 4149 erant,
2754 4084 2957 4153 inquit,
2995 4094 3361 4153 perseverantes
3403 4084 3713 4137 unanimiter

2133 4180 2187 4234 in
2218 4180 2460 4233 oratione.
2506 4176 2694 4232 Viden’
2736 4192 2893 4247 quam
2922 4177 3106 4246 vigiles
3141 4184 3323 4231 essent
3368 4176 3421 4230 in
3464 4175 3716 4232 oratione

2134 4280 2561 4341 perseverantes,
2610 4268 2767 4339 idque
2796 4268 3116 4322 unanimiter
3148 4268 3295 4337 quasi
3338 4282 3443 4321 uno
3481 4266 3708 4322 eodem-

2133 4377 2236 4431 que
2277 4360 2495 4416 animo?
2534 4360 2657 4415 Haac
2697 4358 2803 4415 duo
2851 4358 2919 4413 de
2962 4359 3067 4413 illis
3120 4358 3449 4413 testiﬁcatur.
3504 4357 3707 4427 Ioseph

2134 4451 2360 4506 fortasse
2419 4460 2654 4505 mortuus
2698 4458 2813 4504 erat
2860 4448 2995 4521 (a).
3050 4447 3167 4502 Non
3221 4447 3399 4512 enim,
3455 4447 3717 4503 fratribus

2133 4543 2489 4607 credentibus,
2536 4543 2648 4612 ipse
2692 4557 2797 4595 non
2842 4539 3175 4605 credidisset,
3218 4539 3306 4609 qui
3350 4546 3475 4592 ante
3518 4552 3710 4592 omnes

2133 4634 2449 4690 crediderat.
2478 4634 2637 4689 Certe
2667 4646 2771 4686 non
2801 4630 3075 4685 videbatur
3112 4643 3333 4697 usquam
3372 4628 3459 4681 ille
3492 4627 3711 4682 Christo

2134 4736 2192 4780 ut
2219 4726 2418 4781 homini
2446 4723 2753 4790 attendere,
2792 4732 2850 4777 ut
2888 4721 3054 4776 Mater
3079 4720 3322 4783 dicebat,
3354 4718 3464 4789 Ego
3492 4728 3534 4771 et
3566 4728 3712 4786 pater

2133 4830 2247 4872 tuus
2270 4818 2492 4871 dolentes
2515 4815 2856 4883 quaerebamus
2879 4822 2925 4866 te
2950 4814 2968 4881 (
2984 4811 3109 4865 Luc.
3136 4811 3192 4864 2.
3222 4811 3291 4865 48
3308 4810 3348 4880 ).
3378 4810 3558 4879 Itaque
3585 4818 3718 4863 ante

2133 4925 2318 4965 omnes
2348 4910 2437 4963 ille
2464 4907 2744 4962 Dominum
2772 4915 3012 4961 noverat.
3046 4903 3321 4958 Fratribus
3344 4916 3470 4957 vero
3494 4899 3711 4954 dicebat

2133 5001 2415 5056 Christus:
2449 4996 2569 5052 Non
2595 5005 2750 5063 potest
2796 4995 3010 5048 mundus
3052 5009 3140 5047 vos
3180 4992 3344 5046 odisse
3369 5032 3383 5056 ,
3425 5006 3501 5043 me
3538 4998 3713 5041 autem

2134 5091 2240 5144 odit
2269 5088 2453 5160 (Ioan.
2486 5089 2538 5141 7.
2570 5088 2659 5157 7).
2691 5085 2823 5140 Vide
2848 5094 3022 5137 autem
3049 5083 3228 5137 Jacobi
3261 5080 3592 5135 modestiam.
3618 5078 3714 5133 Ille

2136 5196 2365 5251 namque
2392 5178 2846 5249 Ierosolytnorum
2884 5174 3249 5243 episCOpatum
3279 5171 3483 5240 aetzepit
3505 5210 3519 5232 ,
3548 5177 3604 5222 et
3634 5178 3715 5220 ta-

2137 5286 2258 5328 men
2287 5269 2373 5324 hie
2398 5268 2531 5323 nihil
2551 5268 2808 5337 loquitur.
2835 5265 3073 5320 Aliorum
3097 5279 3307 5333 quoque
3331 5261 3719 5328 discipulorum

2136 5378 2395 5418 summam
2427 5362 2778 5416 humilitatem
2808 5358 3107 5421 considera,
3136 5372 3241 5424 quo
3271 5363 3423 5423 pacto
3450 5352 3522 5405 illi
3562 5352 3707 5405 thro-

2139 5470 2263 5510 num
2301 5452 2641 5518 concedunt,
2682 5466 2853 5520 neque
2886 5450 2995 5518 jam
3036 5456 3217 5501 mutuo
3255 5446 3568 5511 disceptant.
3621 5440 3713 5494 Illa

2137 5548 2279 5601 enim
2306 5546 2545 5601 Ecclesia
2585 5546 2735 5614 quasi
2778 5544 2829 5596 in
2873 5542 3017 5595 cadis
3059 5539 3224 5609 posita
3266 5546 3416 5597 erat,
3456 5534 3719 5587 smculare

2139 5640 2270 5696 nihil
2300 5641 2521 5704 habens,
2554 5653 2658 5692 non
2690 5635 2978 5706 parietibus
3001 5674 3015 5697 ,
3057 5649 3161 5686 non
3191 5628 3571 5687 marmoribus,
3617 5623 3717 5677 sed

2203 5778 2277 5835 (a)
2294 5774 2474 5836 Ioseph
2494 5786 2696 5838 Sponsus
2714 5772 2868 5821 Mariae
2891 5771 3075 5820 videtur
3095 5777 3313 5818 mortuus
3333 5765 3478 5813 fuisse
3503 5772 3616 5810 ante
3632 5770 3716 5808 as-

2148 5852 2440 5889 οειιδιυιιυω.
