4024 6498
241 375 317 431 37
1205 373 1273 430 ΙΝ
1310 373 1489 429 ACTA
1532 372 1817 429 Al’OS'I‘Ol

1922 372 2059 428 lUM.
2077 372 2304 429 llOMiL.
2346 374 2434 430 ΙΙΙ.
3457 386 3522 440 38

242 508 432 549 eorum
476 492 563 563 qui
592 500 950 546 convenerant
979 488 1187 545 fervore
1225 489 1593 560 resplendens.
1634 488 1827 554 Erant,

242 584 451 654 inquit,
485 589 591 653 fere
614 593 811 637 centum
852 582 1044 652 viginti.
1086 580 1248 636 Forte
1282 583 1616 651 septuaginta
1639 623 1654 647 ,
1696 596 1831 652 quos

245 674 358 741 ipse
374 675 629 743 elegerat,
652 673 766 727 sive
785 673 874 727 alii
895 688 1104 743 quoque
1124 690 1187 728 ex
1204 673 1630 739 ferventioribus,
1645 674 1831 743 quales

245 776 397 821 erant
421 766 626 836 Joseph
655 776 710 821 et
734 765 980 820 Matthias
1010 782 1027 820 :
1050 776 1103 820 et
1128 766 1378 821 mulieres
1403 766 1582 823 multa:
1604 782 1722 838 quae
1745 781 1830 823 se-

243 859 545 927 quebantur
586 859 753 920 illum,
790 858 947 911 simul
980 857 1172 927 ubique
1198 857 1438 912 aderant.

307 951 361 1003 5.
399 948 525 1002 Haec
549 947 782 1002 doctoris
814 946 1165 1016 providentia.
1195 948 1403 1003 Primus
1434 948 1520 1004 hic
1547 947 1820 1003 doctorem

234 1041 535 1093 constituit.
567 1039 681 1093 Non
710 1039 861 1103 dixit,
896 1039 1002 1094 Nos
1044 1040 1110 1094 ad
1155 1039 1449 1095 docendum
1490 1039 1823 1095 sufﬁcimus:

232 1131 305 1185 ita
352 1131 541 1200 procul
586 1139 701 1185 erat
744 1146 774 1185 a
822 1146 954 1185 vana
983 1131 1171 1201 gloria,
1215 1140 1269 1185 et
1310 1132 1376 1185 ad
1418 1147 1579 1186 unum
1623 1140 1825 1185 tantum

231 1223 546 1290 speetabat,
592 1237 913 1292 quamquam
946 1238 1050 1276 non
1102 1223 1213 1292 pari
1243 1222 1413 1277 forma
1455 1223 1595 1292 apud
1638 1235 1826 1277 omnes

230 1318 352 1384 ejus
381 1318 595 1386 vigebat
628 1316 937 1370 auctoritas.
966 1316 1071 1371 Sed
1106 1316 1226 1384 jure
1257 1316 1370 1371 lucc
1398 1316 1476 1370 sic
1505 1315 1826 1385 gerebantur

229 1408 302 1459 ob
328 1408 584 1460 virtutem
614 1407 746 1470 viri;
778 1415 833 1461 et
860 1406 1002 1477 quod
1029 1423 1169 1463 nunc
1189 1406 1502 1477 praefectura
1526 1422 1628 1462 non
1652 1407 1824 1463 honor

228 1506 397 1561 esset,
429 1496 526 1550 sed
558 1497 892 1567 providentia
934 1512 1059 1566 erga
1104 1497 1364 1553 subditos.
1407 1498 1479 1552 Ea
1506 1513 1591 1552 res
1613 1512 1721 1552 non
1746 1500 1822 1553 si-

230 1589 400 1642 nebat
424 1590 629 1645 electos
657 1589 869 1655 eli'erri;
901 1590 967 1645 ad
1009 1592 1241 1660 pericula
1282 1592 1423 1646 enim
1450 1592 1820 1659 vocabantur;

233 1694 410 1748 neque
439 1694 536 1735 eos
565 1680 654 1747 qui
684 1681 842 1735 electi
872 1693 977 1736 nan
1010 1681 1238 1746 fuerant,
1269 1691 1325 1736 ut
1353 1682 1699 1738 inhonoratos
1726 1684 1823 1739 do-

230 1770 367 1826 lere.
391 1773 463 1825 At
489 1787 633 1827 nunc
671 1788 775 1827 non
804 1781 872 1826 ita
904 1788 962 1828 se
988 1788 1075 1828 res
1105 1773 1282 1840 habet,
1312 1774 1404 1829 sed
1433 1784 1616 1829 contra
1644 1775 1820 1830 omni-

229 1876 322 1918 no.
360 1863 493 1918 Vide
523 1881 771 1935 namque,
801 1875 1017 1921 centum
1046 1867 1226 1937 viginti
1252 1875 1425 1935 erant,
1451 1877 1506 1923 et
1532 1884 1692 1922 unum
1720 1883 1821 1939 po-

228 1956 394 2009 stulat
422 1956 493 2009 ab
519 1958 667 2010 omni
697 1956 1068 2022 multitudine;
1111 1967 1166 2013 et
1197 1958 1318 2026 jure
1350 1957 1582 2028 quidem.
1612 1958 1822 2015 Primus

225 2051 608 2105 auctoritatem
640 2050 800 2105 habet
828 2052 879 2106 in
909 2053 1138 2123 negotio,
1172 2052 1337 2108 utcui
1363 2070 1548 2109 omnes
1568 2056 1821 2110 commis-

223 2142 275 2195 si
306 2140 557 2195 fuissent.
610 2142 745 2198 Huic
788 2144 929 2198 enim
970 2142 1213 2201 Christus
1241 2146 1450 2201 dixerat
1492 2165 1505 2200 :
1544 2145 1611 2200 Et
1641 2157 1694 2201 tu
1716 2147 1818 2201 ali-

221 2236 431 2303 quando
451 2251 744 2300 conversus,
777 2237 1023 2305 conﬁrma
1056 2237 1239 2306 fratres
1265 2247 1377 2292 tuos
1407 2237 1557 2309 (Luc.
1585 2239 1675 2293 22.
1704 2239 1817 2311 52).

223 2327 382 2393 Quia,
416 2327 617 2397 inquit,
641 2327 1040 2384 Connumeratus
1068 2340 1173 2385 erat
1193 2331 1246 2385 in
1271 2331 1432 2398 nobis,
1465 2330 1585 2387 ideo
1607 2342 1820 2401 oportet

221 2419 387 2472 alium
416 2434 759 2489 proponere,
795 2421 888 2490 qui
919 2421 1062 2476 illius
1106 2423 1225 2476 loco
1272 2423 1341 2477 sit
1385 2425 1553 2479 testis.
1582 2424 1649 2478 Et
1672 2424 1815 2493 vide,

221 2512 497 2580 quomodo
546 2512 824 2567 doctorem
871 2527 1023 2568 suum
1079 2516 1333 2581 imitatur,
1362 2516 1554 2586 ubique
1581 2532 1645 2572 ex
1674 2516 1818 2573 Scri-

222 2606 393 2673 pturis
421 2605 739 2669 disserens;
769 2620 868 2660 nec
890 2606 1169 2677 quidquam
1210 2607 1278 2663 de
1320 2607 1531 2663 Christo
1566 2610 1813 2679 loquens,

224 2696 357 2761 quod
389 2712 590 2764 nempe
620 2696 670 2749 id
700 2696 789 2751 ille
825 2711 968 2766 saepe
996 2697 1342 2766 praedixisset.
1368 2699 1551 2770 Neque
1577 2700 1706 2756 dicit
1726 2702 1815 2757 ubi

225 2786 495 2854 Scriptura
527 2787 886 2855 proditionem
910 2789 1024 2855 ejus
1048 2800 1338 2854 memoret;
1368 2806 1577 2861 nempe,
1606 2792 1675 2847 0s
1695 2810 1815 2863 pec-

229 2882 403 2931 catoris
434 2888 482 2932 et
513 2897 570 2933 os
602 2879 767 2932 dolosi
793 2897 943 2948 super
988 2896 1065 2933 me
1101 2892 1333 2945 apertum
1374 2893 1447 2936 est
1482 2882 1654 2955 (Psal.
1687 2885 1810 2941 108.

228 2970 303 3033 ‘2);
330 2972 419 3024 sed
451 2973 543 3024 ubi
571 2981 779 3026 tantum
814 2972 951 3027 illius
971 2973 1211 3042 supplicii
1241 2975 1481 3029 meminit
1506 2994 1520 3030 :
1544 2976 1643 3031 hoc
1667 2978 1811 3032 enim

235 3063 428 3116 interim
475 3064 605 3119 illos
650 3063 788 3118 scire
817 3063 1055 3132 juvahat.
1098 3065 1229 3119 Illud
1274 3081 1403 3121 vero
1438 3067 1666 3123 maxime
1711 3068 1815 3123 Do-

242 3157 357 3207 mini
381 3156 767 3225 benignitatem
795 3156 1047 3212 declarat.
1079 3158 1361 3224 Quoniam,
1392 3159 1582 3229 inquit,
1608 3160 1812 3215 Connu-

243 3257 438 3298 nteratus
464 3257 579 3299 erat
610 3247 667 3299 in
705 3246 865 3311 nobis,
896 3257 941 3300 et
968 3249 1174 3302 sortitus
1214 3258 1286 3303 est
1329 3259 1513 3303 sortem
1550 3251 1814 3306 ministerii

237 3339 393 3407 hujus.
422 3340 646 3395 Sortem
677 3340 873 3409 ubique
914 3354 1085 3406 vocat,
1121 3342 1408 3397 ostendens
1435 3352 1603 3397 totum
1627 3358 1655 3397 a
1685 3360 1810 3414 gra-

233 3434 293 3483 lin
320 3434 405 3485 Dei
449 3445 503 3487 et
554 3434 627 3486 ah
665 3432 783 3503 ejus
828 3434 1087 3488 electione
1130 3450 1249 3489 esse
1272 3477 1286 3502 ,
1317 3447 1370 3490 et
1395 3446 1571 3490 vetera
1600 3436 1729 3505 ipsis
1758 3438 1810 3493 in

227 3536 453 3577 mentem
486 3539 772 3590 revocans,
802 3524 942 3594 quod
975 3542 1164 3597 nempe
1189 3526 1328 3581 Dens
1354 3527 1480 3597 ipsis
1501 3538 1697 3584 sortem
1719 3529 1813 3586 de-

223 3616 377 3679 derit,
411 3629 473 3671 ut
504 3618 638 3670 olim
662 3617 878 3673 Levitis.
913 3619 977 3673 Et
998 3620 1311 3673 immoratur
1332 3621 1394 3674 iis
1420 3637 1538 3691 quae
1564 3622 1813 3677 dicuntur

225 3709 289 3763 de
317 3709 477 3771 inda,
507 3709 653 3777 quod
699 3725 891 3779 nempe
938 3711 1250 3780 proditionis
1296 3727 1521 3779 merces,
1567 3702 1812 3768 vindicta:

223 3803 293 3854 sit
321 3816 525 3869 pra-en.
558 3800 819 3864 Possedit,
851 3802 1042 3871 inquit,
1065 3818 1242 3873 agrum
1271 3802 1333 3856 de
1370 3804 1594 3857 mercede
1626 3806 1811 3877 iniqui-

221 3894 357 3944 tatis.
388 3892 524 3944 Vide
553 3893 823 3962 quomodo
854 3890 956 3947 hoc
992 3908 1054 3946 ex
1097 3892 1276 3947 divina
1304 3892 1706 3963 dispensatione
1732 3898 1809 3951 fa-

218 3997 362 4041 ctum
383 3988 566 4041 fuerit.
594 3984 908 4052 Iniquitatis,
934 3988 1121 4055 inquit.
1147 3987 1323 4041 Multae
1343 3988 1808 4057 suntiniquitates,

220 4080 315 4132 sed
345 4080 445 4132 hac
474 4078 610 4131 nihil
638 4079 868 4146 iniquius
898 4093 1144 4148 umquam
1177 4077 1369 4133 factum
1390 4090 1488 4133 est.
1512 4078 1690 4149 Itaque
1713 4081 1812 4136 ini-

221 4174 441 4240 quilatis
470 4181 593 4226 erat
619 4172 909 4241 negotium.
954 4171 1061 4226 Nec
1104 4173 1455 4241 pra-sentibus
1484 4182 1684 4227 tantum
1714 4189 1813 4228 no-

224 4274 338 4317 tum
369 4265 489 4329 fuit,
526 4264 623 4319 sed
653 4266 811 4319 etiam
846 4264 1073 4335 posteris
1099 4265 1345 4320 omnibus
1387 4283 1399 4319 :
1431 4266 1500 4320 ita
1533 4276 1589 4320 ut
1618 4266 1701 4321 vel
1729 4267 1813 4321 in-

220 4357 318 4409 viti
363 4367 416 4409 et
461 4356 618 4409 inscii
665 4356 839 4409 locum
891 4356 1246 4422 nominarent,
1287 4356 1731 4426 quemadmodum
1761 4367 1815 4414 et

216 4449 455 4517 Caiphas
494 4448 837 4517 prapbetavit
882 4449 1100 4502 inscius.
1149 4449 1288 4503 Deus
1335 4451 1590 4519 compulit
1635 4466 1728 4505 eos
1758 4460 1815 4506 ut

220 4539 489 4593 ﬂebraice
524 4555 718 4593 nomen
750 4540 940 4593 darent
966 4540 1268 4595 Aceldama.
1304 4540 1439 4595 lliuc
1468 4541 1812 4598 declaraban-

217 4642 311 4685 tur
338 4634 477 4685 mala
508 4632 725 4685 Jndteos
756 4633 1022 4686 invasura.
1067 4634 1239 4702 Atque
1264 4634 1495 4688 ostendit
1527 4634 1662 4689 hanc
1692 4650 1814 4705 pro-

219 4727 465 4797 phetiam
496 4742 563 4780 ex
593 4734 744 4794 parte
763 4725 1080 4797 completam
1109 4746 1121 4781 :
1148 4726 1346 4780 Bonum
1372 4738 1477 4781 erat
1501 4729 1563 4792 ei,
1596 4729 1639 4782 si
1665 4740 1813 4783 natus

217 4838 327 4875 non
349 4823 532 4890 fuisset
558 4821 711 4875 homo
731 4819 819 4874 ille
845 4818 1055 4889 (Matth.
1087 4820 1178 4875 26.
1206 4819 1323 4889 24).
1352 4821 1426 4876 De
1450 4820 1649 4875 JUdll’iS
1677 4837 1812 4891 quo-

216 4930 331 4985 que
359 4915 551 4969 eadem
578 4914 757 4968 dicere
786 4928 882 4982 par
912 4923 1013 4968 est.
1046 4913 1251 4967 Etenim
1281 4914 1324 4967 si
1352 4912 1456 4966 dux
1482 4914 1667 4983 plexus
1695 4915 1811 4980 fuit,

218 5009 401 5061 multo
429 5006 601 5074 magis
648 5004 724 5059 bi.
779 5003 883 5059 Sed
931 5003 1123 5058 horum
1166 5004 1299 5057 nihil
1344 5004 1515 5059 adhuc
1560 5006 1811 5074 loquitur.

219 5098 436 5151 Deinde
465 5096 759 5151 oswndens
796 5097 862 5151 de
890 5096 1004 5165 ipso
1030 5095 1148 5163 jure
1183 5095 1285 5149 dici
1331 5095 1458 5149 illud
1505 5096 1813 5164 Aceldama,

214 5192 437 5245 inducit
474 5190 791 5259 prophetam
821 5190 1081 5244 dicentem
1113 5207 1126 5243 :
1160 5188 1281 5242 Fiat
1310 5189 1550 5243 habitatio
1586 5191 1694 5259 ejus
1722 5190 1812 5243 de-

214 5295 363 5335 serta
397 5281 567 5355 (Psal.
602 5282 691 5338 68.
734 5281 848 5351 26).
895 5281 1030 5347 Quid
1056 5282 1199 5336 enim
1230 5281 1493 5337 desertius
1532 5283 1815 5352 sepulcro?

218 5376 354 5429 Ideo
388 5375 466 5427 sic
504 5373 628 5443 jure
652 5372 837 5428 debuit
877 5388 1004 5443 ager
1044 5374 1243 5427 vocari.
1287 5372 1387 5439 Qui
1417 5373 1558 5427 enim
1587 5376 1816 5444 pretium

219 5467 556 5530 numeravit,
591 5466 798 5520 etiamsi
831 5465 918 5518 alii
958 5464 1207 5529 emerint,
1251 5464 1340 5519 ille
1377 5464 1568 5519 merito
1606 5466 1815 5520 censeri

218 5561 392 5613 debet
420 5574 580 5611 causa
611 5574 733 5613 esse
765 5567 925 5610 tantze
969 5557 1333 5612 desolationis.
1376 5556 1502 5611 Haec
1531 5572 1692 5628 porro
1717 5557 1813 5610 de-
1843 5573 1849 5579 ·

219 5650 426 5704 solatio
471 5650 790 5719 principium
836 5658 917 5702 est
959 5647 1191 5702 Judaicaa
1220 5647 1585 5713 desolationis,
1627 5649 1670 5702 si
1698 5649 1816 5718 quis

221 5742 516 5813 diligenter
543 5743 832 5811 expendat.
862 5740 993 5795 Nam
1028 5749 1082 5795 et
1128 5741 1227 5810 ipsi
1270 5742 1474 5809 seipsos
1508 5741 1645 5795 fame
1669 5742 1816 5796 occi-

230 5837 449 5905 derunt,
478 5835 785 5906 multosque
816 5836 1220 5908 interemerunt,
1253 5842 1307 5889 et
1334 5834 1458 5888 urbs
1488 5834 1607 5906 ipsa
1634 5838 1810 5903 ερρω-

1944 502 2094 542 crum
2123 487 2221 543 fuit
2248 487 2518 559 hospitum
2543 497 2600 545 et
2624 490 2869 547 militum.
2899 493 3021 550 lllos
3047 511 3177 553 vero
3207 514 3275 554 ne
3305 500 3509 571 sepelir

1940 578 2155 649 quidem
2182 580 2449 647 sinebant,
2477 592 2535 636 ut
2562 584 2830 652 sepultura
2874 586 3140 658 indignos.
3185 590 3392 662 Oportet
3425 597 3518 665 igi-

1938 679 2040 736 tur,
2068 672 2254 741 inquit,
2284 690 2345 727 επ
2368 673 2446 726 his
2491 676 2610 727 viris
2646 678 2734 746 qui
2772 678 3030 733 nobiscum
3063 694 3180 735 sunt
3207 688 3515 755 congregati.

1938 761 2089 827 Vide,
2104 766 2371 833 quomodo
2394 766 2507 820 vult
2528 768 2645 821 illos
2662 776 2822 822 testes
2841 770 3079 828 oculatos
3099 772 3280 835 fuisse.
3306 778 3515 832 etiamsi

1933 854 2257 911 adventurus
2300 870 2443 913 esset
2490 859 2762 927 Spiritus:
2791 870 3022 917 attamen
3062 880 3308 935 magnam
3355 867 3514 938 hujus

1932 945 2008 999 rei
2035 960 2213 1001 curam
2236 946 2483 1004 habebat.
2512 947 2598 1003 Ea:
2616 952 2754 1015 viris,
2783 953 2970 1022 inquit,
3002 956 3087 1023 qui
3108 957 3368 1011 nobiscum
3393 972 3514 1013 sunt

1932 1040 2241 1109 congregati,
2271 1040 2323 1092 in
2351 1041 2488 1093 omni
2514 1050 2737 1109 tempore
2759 1061 2857 1112 quo
2883 1046 3087 1100 intravit
3124 1058 3172 1102 et
3200 1050 3347 1103 exiuit
3382 1052 3514 1105 inter

1930 1144 2022 1183 nos
2042 1128 2284 1184 Dominus
2303 1130 2472 1186 Jesus.
2498 1132 2771 1203 Signiﬁcat
2799 1136 2940 1205 ipsos
2963 1138 3229 1196 habitasse
3250 1156 3368 1196 cum
3393 1143 3509 1210 illo,

1929 1233 2030 1273 nec
2054 1220 2363 1289 simpliciter
2383 1223 2545 1279 fuisse
2573 1224 2879 1294 discipulos.
2908 1228 3166 1285 Nimirum
3192 1247 3221 1285 a
3252 1233 3511 1304 principio

1930 1311 2082 1365 multi
2108 1312 2472 1382 sequebantur
2492 1330 2636 1370 eum.
2665 1315 2801 1372 Vide
2841 1318 2999 1388 igitur
3017 1323 3287 1390 quomodo
3320 1324 3463 1382 dicat
3492 1343 3507 1380 :

1929 1398 2058 1454 Erat
2084 1418 2218 1457 unus
2246 1420 2310 1458 ea:
2332 1404 2529 1460 duobus
2552 1406 2640 1476 qui
2659 1408 2925 1463 audierant
2945 1426 2976 1462 a
3001 1408 3223 1480 Joanne,
3245 1424 3291 1468 et
3311 1418 3509 1486 sequuti

1926 1500 2042 1545 sunt
2066 1492 2245 1549 Iesum
2267 1494 2444 1565 (Joan.
2479 1499 2531 1553 1.
2572 1498 2686 1569 40).
2728 1498 2797 1553 1η
2848 1502 2984 1555 omni
3033 1512 3271 1576 tempore,
3317 1506 3503 1578 inquit,

1925 1598 2025 1652 quo
2054 1585 2259 1640 intravit
2288 1599 2335 1641 et
2359 1589 2510 1643 exivit
2537 1592 2669 1643 inter
2692 1608 2784 1645 nos
2810 1590 3060 1649 Dominus
3086 1593 3123 1648 Ι
3128 1613 3239 1650 esus
3263 1598 3507 1668 incipiens

1924 1690 1957 1728 a
1984 1675 2281 1745 baptismate
2303 1678 2539 1735 Joannis.
2569 1681 2732 1737 Recte
2762 1684 2981 1750 etenim,
3012 1700 3132 1756 qua:
3171 1690 3317 1757 prius
3358 1701 3503 1761 gestu

1924 1764 2154 1834 fuerant,
2186 1784 2343 1825 nemo
2378 1783 2598 1827 noverat
2624 1773 2865 1840 edoctus,
2903 1777 2995 1831 sed
3022 1792 3052 1831 a
3080 1778 3277 1849 Spiritu
3305 1783 3504 1839 didice-

1922 1868 2070 1913 runt.
2102 1857 2271 1925 Usque
2288 1862 2340 1915 in
2360 1862 2513 1929 diem,
2536 1863 2723 1933 inquit,
2751 1882 2851 1936 qua
2876 1881 3164 1939 assumptus
3190 1882 3261 1926 est
3286 1891 3315 1926 α
3342 1878 3501 1942 nobis,

1924 1956 2095 2002 testem
2118 1953 2492 2008 resurrectionis
2519 1956 2627 2025 ejus
2667 1957 2922 2011 nobiscum
2955 1960 3065 2026 ﬁeri
3094 1978 3251 2016 unum
3287 1965 3499 2019 existis.

1921 2040 2037 2097 Non
2065 2043 2218 2108 dixit,
2248 2044 2575 2102 Caeterorum
2619 2057 2810 2103 testem
2836 2066 2851 2115 ;
2882 2052 2998 2117 sed,
3050 2052 3243 2108 Testem
3276 2072 3501 2111 resurre-

1921 2133 2121 2201 ctionis,
2153 2144 2378 2191 tantum.
2420 2136 2553 2193 Nam
2586 2139 2691 2195 ﬁde
2718 2140 2930 2211 dignior
2958 2153 3073 2198 erat
3098 2145 3162 2207 is.
3195 2147 3284 2216 qui
3323 2148 3503 2206 dicere

1922 2238 2165 2297 poterat:
2199 2231 2300 2298 Qui
2343 2231 2555 2297 edebat,
2596 2234 2839 2302 bibebat,
2882 2246 2934 2291 et
2980 2239 3266 2295 cruciﬁxus
3303 2250 3402 2308 est,
3455 2244 3502 2298 is

1922 2318 2037 2389 ipse
2083 2323 2395 2376 resurrexit.
2451 2324 2636 2395 Itaque
2679 2341 2853 2396 neque
2893 2330 3168 2397 prazteriti,
3203 2346 3374 2402 neque
3417 2349 3504 2391 se-

1920 2412 2131 2480 quentis
2159 2414 2433 2484 temporis,
2466 2431 2639 2485 neque
2668 2417 2941 2487 signorum
2974 2427 3162 2475 testem
3194 2437 3314 2478 esse
3335 2439 3500 2494 opor-

1921 2503 2087 2571 tebat,
2115 2506 2210 2560 sed
2242 2509 2652 2563 resurrectionis
2681 2520 2910 2566 tantum.
2949 2512 3037 2565 Illa
3071 2529 3298 2585 namque
3324 2518 3499 2573 maui-

1918 2593 2052 2649 festa
2104 2604 2160 2651 et
2198 2596 2250 2650 in
2291 2597 2538 2653 confesso
2585 2610 2767 2664 erant;
2807 2604 3128 2657 resurrectio
3155 2612 3332 2660 autem
3362 2607 3500 2663 clam

1918 2687 2053 2743 facta
2085 2687 2277 2755 fuerat,
2308 2690 2495 2761 hisque
2522 2693 2695 2747 solum
2741 2706 2864 2747 nata
2892 2704 3028 2749 erat.
3056 2695 3237 2766 Neque
3267 2698 3449 2760 dicunt
3480 2718 3496 2755 :

1918 2781 2106 2851 Angeli
2146 2781 2397 2837 dixerunt
2426 2783 2608 2849 nobis;
2643 2784 2757 2847 sed,
2785 2785 2894 2840 Nos
2937 2783 3185 2842 vidimus.
3219 2789 3497 2848 Undenam

1916 2873 1969 2929 id
2001 2874 2339 2931 manifestum
2368 2877 2488 2932 est?
2518 2877 2595 2931 Ex
2634 2878 2904 2934 miraculis
2943 2894 3063 2949 quae
3097 2879 3338 2936 facimus.
3373 2884 3499 2940 ldco

1918 2973 2043 3019 tunc
2073 2966 2405 3034 potissimum
2452 2968 2571 3023 illos
2625 2967 2730 3023 ﬁde
2763 2969 2951 3039 dignos
2985 2984 3104 3026 esse
3138 2974 3390 3040 oportuit.
3433 2974 3498 3028 Et

1913 3066 2218 3126 statuerunt,
2253 3059 2444 3129 inquit,
2473 3060 2618 3114 duos.
2662 3060 2769 3115 Cur
2807 3077 2913 3116 non
2963 3062 3178 3134 plures?
3214 3064 3291 3120 Ne
3326 3066 3497 3136 major

1915 3150 2070 3206 ﬁeret
2096 3152 2395 3207 animorum
2427 3153 2775 3223 perturbatio,
2812 3171 2944 3211 neve
2973 3172 3061 3212 res
3089 3160 3139 3213 in
3172 3160 3367 3215 multos
3390 3177 3495 3217 ex-

1915 3244 2246 3300 tenderetur.
2276 3244 2386 3301 Nec
2413 3245 2532 3301 sine
2568 3261 2726 3302 causa
2758 3247 3032 3304 Matthiam
3078 3252 3280 3321 adjicit,
3315 3255 3410 3310 sed
3440 3266 3498 3313 ut

1914 3337 2159 3393 ostendat
2179 3353 2321 3403 eum,
2345 3337 2433 3408 qui
2457 3338 2597 3408 apud
2622 3338 2863 3396 homines
2884 3340 3209 3398 honorabilis
3230 3354 3332 3414 est,
3353 3348 3495 3417 apud

1914 3430 2081 3486 Deum
2131 3445 2253 3485 esse
2299 3430 2626 3487 inferiorem.
2666 3432 2735 3487 Et
2776 3433 2934 3488 simul
2981 3450 3168 3491 omnes
3211 3450 3497 3508 precantur

1914 3522 2173 3590 dicentes,
2206 3522 2304 3592 Tu,
2326 3524 2565 3591 Domine,
2594 3528 2680 3596 qui
2705 3528 2862 3581 corda
2884 3528 3014 3582 nosti
3044 3532 3291 3599 onmium,
3323 3544 3494 3589 osten-

1914 3613 1997 3667 de.
2038 3614 2157 3681 Tu,
2207 3630 2316 3668 non
2361 3629 2480 3670 nos.
2531 3614 2843 3686 Opportune
2879 3618 3121 3675 cordium
3166 3624 3494 3693 cognitorem

1913 3715 2107 3760 vocant
2132 3723 2151 3761 ε
2180 3709 2247 3761 ab
2291 3707 2384 3761 illo
2427 3709 2570 3763 enim
2601 3709 2794 3764 electio
2829 3710 3064 3765 iacienda
3096 3725 3229 3780 erat,
3275 3730 3380 3769 non
3426 3718 3494 3772 ab

1913 3800 2052 3855 aliis.
2105 3799 2194 3856 Sic
2240 3800 2577 3857 confidenter
2630 3802 3002 3873 loquebantur,
3052 3807 3174 3876 quia
3215 3810 3496 3879 oportebat

1914 3892 2133 3946 omnino
2178 3908 2345 3947 unum
2386 3893 2531 3963 eligi.
2587 3892 2771 3963 Neque
2825 3894 3094 3957 dixerunt,
3148 3899 3324 3969 Elige;
3375 3902 3489 3967 sed,

1915 3982 2148 4038 Ostende
2199 3984 2425 4039 electum
2456 4025 2471 4050 ,
2520 3984 2679 4051 Quem
2717 3985 2964 4054 elegeris,
3012 3989 3217 4057 inquit:
3262 3992 3495 4049 scientes

1915 4077 2094 4128 omnia
2110 4090 2139 4128 a
2169 4074 2276 4129 Deo
2303 4074 2629 4145 prmdelinita
2651 4091 2790 4131 esse.
2812 4077 2896 4131 Ea:
2918 4078 2995 4132 his
3017 4080 3210 4134 duobus
3232 4099 3388 4137 unum
3410 4102 3499 4138 ac-

1915 4167 2081 4237 cipere
2098 4177 2282 4222 sortent
2308 4168 2570 4223 ministerii
2596 4170 2748 4237 hujus
2768 4179 2815 4223 et
2840 4172 3168 4239 apostolatus.
3194 4174 3326 4229 Erat
3352 4178 3494 4233 enim

1916 4262 2076 4315 etiam
2109 4260 2255 4315 aliud
2290 4261 2668 4316 ministerium.
2694 4261 2762 4315 Et
2785 4262 3029 4317 dederunt
3053 4276 3210 4321 sortes
3240 4268 3327 4322 eis.
3349 4268 3497 4323 Non—

1917 4352 2041 4407 dum
2061 4354 2202 4407 enim
2220 4368 2279 4408 se
2299 4352 2489 4423 dignos
2510 4368 2628 4409 esse
2645 4354 2921 4424 putabant,
2938 4358 3026 4426 qui
3047 4372 3113 4412 ex
3140 4374 3260 4415 sese
3287 4361 3385 4430 ipsi
3417 4362 3495 4417 fa-

1918 4455 2102 4501 cerent
2119 4446 2433 4501 electionem
2456 4464 2470 4500 :
2492 4446 2614 4501 ideo
2637 4448 2856 4518 cupiunt
2884 4450 3062 4520 aliquo
3084 4451 3236 4523 signo
3261 4454 3494 4509 edoceri.

1991 4540 2044 4595 4.
2076 4538 2323 4608 Alioquin
2354 4553 2503 4605 vero,
2533 4539 2578 4593 si
2621 4540 2707 4594 ubi
2738 4555 2838 4595 nec
2880 4544 3117 4611 precatio
3147 4555 3279 4610 erat,
3321 4562 3494 4617 neque

1920 4628 2062 4700 digni
2090 4630 2185 4683 viri
2224 4629 2467 4695 aderant,
2499 4638 2703 4684 tantum
2733 4632 2894 4686 valuit
2919 4648 3056 4698 sors,
3086 4650 3151 4688 eo
3178 4637 3317 4707 quod
3348 4645 3497 4693 r‘ecto

1920 4720 2099 4775 animo
2127 4722 2298 4785 fieret,
2338 4736 2530 4791 nempe
2566 4736 2729 4791 super
2771 4723 2905 4777 Jona
2935 4741 2949 4777 :
2999 4727 3167 4780 multo
3194 4730 3359 4797 magis
3386 4729 3493 4794 hic,

1920 4812 2011 4867 ubi
2039 4811 2261 4866 chormu
2305 4812 2560 4882 explevit,
2611 4813 2698 4868 ubi
2746 4813 2987 4869 ordinem
3039 4816 3278 4885 perfecit.
3315 4818 3497 4889 Neque

1921 4903 2056 4957 alter
2084 4903 2281 4969 doluit;
2312 4918 2416 4957 non
2443 4904 2587 4958 enim
2620 4903 2669 4957 id
2695 4906 2984 4960 tacuissent
3004 4908 3248 4974 apostoli,
3279 4910 3367 4978 qui
3392 4925 3495 4964 non

1922 4996 2291 5051 abstinuerunt
2314 5012 2342 5050 a
2373 4996 2668 5052 referendis
2696 4999 2852 5051 etiam
2880 5000 3261 5068 praacipuorum
3285 5014 3500 5072 aposto-

1924 5090 2094 5145 lorum
2121 5091 2281 5155 vittis,
2328 5090 2541 5160 quando
2588 5105 2780 5159 nempe
2827 5091 3080 5161 indignati
3125 5105 3249 5148 sunt
3278 5090 3496 5152 norfse-

1923 5184 2049 5249 mel,
2082 5183 2173 5238 sed
2205 5184 2283 5237 his
2312 5191 2366 5238 et
2388 5184 2605 5252 plurics.
2637 5184 2744 5237 llos
2787 5184 2961 5253 itaque
2986 5195 3040 5239 et
3069 5202 3167 5241 nos
3205 5188 3495 5243 imitemur.

1925 5275 2038 5329 Non
2085 5276 2331 5328 onmihus
2367 5276 2573 5342 loquor,
2615 5274 2709 5328 sed
2750 5275 2833 5338 iis,
2862 5277 2947 5345 qui
2984 5279 3334 5347 principatum
3373 5281 3500 5335 nlic-

1926 5376 2088 5419 ctaut.
2112 5367 2165 5421 Si
2191 5366 2365 5420 credis
2389 5365 2702 5420 electionem
2726 5383 2753 5419 a
2778 5367 2888 5422 Deo
2912 5383 3052 5431 esse,
3084 5387 3147 5423 ne
3174 5372 3459 5441 indigneris
3485 5394 3496 5427 :

1926 5460 2183 5515 adversus
2215 5459 2358 5512 illum
2403 5459 2542 5511 enim
2588 5459 2878 5529 indignaris
2919 5471 2973 5516 et
3008 5463 3230 5517 irritaris
3260 5482 3273 5516 :
3304 5465 3391 5517 ille
3421 5474 3500 5519 est

1926 5555 2013 5623 qui
2063 5552 2244 5621 elegit.
2274 5549 2330 5608 Si
2352 5548 2529 5607 autem
2553 5553 2711 5623 elegit
2733 5555 2839 5619 ille,
2863 5565 2916 5609 et
2937 5556 3014 5610 sic
3031 5555 3290 5625 indignari
3312 5559 3495 5621 audes,

1925 5644 2154 5713 idipsum
2182 5641 2314 5701 facis
2340 5640 2480 5713 quod
2504 5643 2656 5697 Cain.
2679 5642 2812 5698 Cum
2839 5644 2979 5699 enim
3006 5650 3303 5715 approbare
3330 5662 3488 5716 Opnr~

1929 5739 2133 5797 luisset,
2166 5752 2303 5801 nigro
2329 5745 2384 5792 et
2409 5735 2624 5805 indigne
2655 5738 2774 5790 tulit
2799 5738 2908 5801 ille,
2938 5737 3078 5807 quod
3106 5736 3286 5792 fratris
3309 5739 3393 5795 sui
3422 5742 3497 5794 vi-

1924 5828 2095 5884 ctima
2128 5832 2394 5892 acceptior
2421 5840 2600 5896 esset;
2641 5830 2850 5902 quando
2883 5829 3160 5903 couipungi
3183 5830 3487 5900 Oportebat.
