4024 6536
464 440 536 497 59
1174 422 1232 479 S.
1271 414 1549 476 JOAN‘NIS
1583 402 2048 469 εῐιςιγεοετοκιι
2089 401 2104 458 1

2213 397 2419 457 IlllEP.,
2445 389 2973 451 CONSTANTINOP.
3667 374 3739 431 ιο

464 554 580 625 Ego
606 561 733 603 vero
762 558 867 600 non
894 543 997 595 hoc
1021 536 1165 606 dico,
1194 533 1289 589 sed
1315 528 1455 601 quod
1485 529 1624 582 Deus
1647 523 1782 578 sciat
1810 535 1923 575 rem
1944 516 2048 574 uti-

469 646 591 702 liter
630 644 966 712 dispensare.
1009 634 1165 702 Smpe
1208 641 1438 696 namque
1475 632 1533 677 tu
1556 662 1573 687 ,
1605 618 1694 689 qui
1724 614 1963 670 moribus
1991 624 2053 667 es

472 702 903 795 modestioribus,
937 743 1039 782 non
1067 736 1243 779 tamen
1272 720 1494 775 idoneus
1514 729 1593 770 es.
1626 713 1830 766 Rursus
1855 715 1939 761 est
1958 702 2055 760 tibi

475 830 581 883 vita
613 826 875 894 inculpata
898 831 1181 885 moresque
1207 809 1454 867 liberales
1479 814 1605 861 sunt
1633 820 1647 857 :
1682 814 1855 871 neque
1878 808 2055 851 tamen

477 922 530 975 in
563 886 799 975 Ecclesia
842 916 955 967 haec
1006 909 1134 963 satis
1175 912 1318 960 sunt.
1353 899 1614 984 _Alioquin
1652 910 1781 951 vero
1819 891 1953 945 alius
1992 886 2060 942 ad

476 1011 617 1067 aliud
653 1017 731 1064 est
778 1006 1019 1062 idoneus.
1068 1001 1255 1053 Annon
1300 993 1470 1057 vides,
1500 997 1751 1060 quantam
1799 986 2054 1038 harumce

479 1120 659 1160 rerum
690 1100 948 1155 rationem
978 1092 1169 1146 habeat
1193 1088 1372 1142 divina
1398 1081 1707 1152 Scriptura?

555 1192 604 1247 Ε
609 1189 799 1260 ρίεεορὶ
816 1179 1254 1256 Midam—Sed
1273 1178 1467 1238 dicam,
1491 1168 1591 1244 qua
1612 1172 1677 1226 (le
1693 1184 1851 1225 causa
1874 1166 1973 1222 hac
1997 1163 2067 1221 de

483 1301 544 1339 re
570 1258 785 1337 dissidia
816 1277 1055 1330 oriantur
1084 1291 1096 1325 :
1126 1272 1248 1342 quia
1277 1284 1469 1337 nempe
1503 1280 1608 1319 non
1652 1261 1800 1333 quasi
1833 1258 1896 1313 ad
1929 1272 2067 1327 pne-

484 1378 743 1432 fectnram
774 1382 828 1426 et
858 1368 1207 1439 patrocinium
1234 1364 1451 1418 fratrum
1478 1357 1796 1417 accedimus,
1823 1352 1915 1407 sed
1942 1364 2073 1419 qua-

486 1470 531 1524 si
562 1467 626 1522 ad
660 1466 918 1519 honorem
950 1471 1003 1514 et
1034 1458 1296 1528 requiem.
1327 1453 1381 1509 Si
1405 1452 1571 1507 scires
1595 1448 1734 1502 enim
1764 1445 2070 1515 episcopum

489 1562 728 1615 omnium
759 1572 900 1619 esse,
945 1557 1183 1606 omnium
1228 1563 1388 1603 onera
1443 1546 1582 1600 ferre
1616 1549 1903 1610 oportere;
1933 1535 2072 1606 quod

488 1654 611 1707 aliis
636 1646 989 1705 irascentibus
1016 1643 1170 1697 venia
1196 1641 1370 1701 detur,
1400 1638 1477 1690 illi
1504 1648 1631 1688 vero
1657 1630 1910 1692 minime;
1933 1625 2074 1696 quod

489 1744 613 1800 aliis
640 1740 979 1814 peccantibus
1001 1733 1275 1790 excusatio
1304 1729 1489 1790 multa,
1520 1726 1621 1796 ipsi
1648 1738 1776 1778 vero
1804 1721 1943 1775 nulla
1970 1719 2074 1771 sit:

495 1837 562 1891 ad
594 1813 731 1890 hanc
758 1831 1069 1902 dignitatem
1104 1842 1207 1879 non
1258 1821 1600 1878 accurrisses.
1647 1816 1746 1871 llic
1789 1813 1930 1869 enim
1959 1826 2079 1864 om-

494 1930 644 1983 nium
680 1925 873 1995 linguis
897 1919 1178 1988 expositus
1208 1925 1311 1980 est,
1342 1913 1581 1966 omnium
1605 1906 1834 1976 judicio,
1867 1902 2085 1970 sapien-

497 2021 627 2075 tium
651 2027 705 2071 et
736 2014 1097 2083 insipientium
1127 2025 1141 2061 :
1166 2004 1490 2077 quotidianis
1515 2000 1656 2056 curis
1678 1998 1942 2056 atteritur,
1974 1995 2084 2046 imo

498 2122 555 2168 ct
584 2108 858 2167 nocturnis
886 2122 899 2158 :
935 2102 1222 2158 multorum
1253 2097 1397 2158 odio,
1428 2094 1717 2147 multorum
1759 2087 1968 2141 invidiae
1996 2098 2087 2154 pa-

500 2213 600 2260 tet.
625 2201 702 2257 Ne
727 2200 855 2254 mihi
884 2196 1027 2252 enim
1054 2193 1120 2247 de
1148 2191 1252 2247 illis
1280 2186 1532 2256 loquaris,
1554 2184 1641 2253 qui
1672 2179 1849 2236 omnia
1877 2176 1941 2230 ad
1963 2188 2090 2246 gra-

503 2297 633 2351 tiam
666 2294 885 2354 facinnt,
917 2296 971 2343 et
1016 2284 1252 2340 dormire
1297 2278 1540 2348 cupiunt,
1579 2274 1666 2345 qui
1698 2272 1763 2325 ad
1797 2272 1897 2324 hoc
1925 2280 2087 2338 nego.

504 2390 635 2442 tium
663 2384 813 2455 quasi
841 2379 907 2436 ad
930 2379 1166 2449 requiem
1195 2372 1476 2431 accedunt.
1526 2370 1599 2422 De
1630 2367 1713 2420 his
1740 2380 1844 2419 non
1872 2362 2090 2431 loquor,

502 2479 600 2535 am]
631 2452 699 2531 de
730 2476 815 2539 iis,
848 2472 938 2542 qui
984 2469 1201 2539 vigilant
1248 2479 1345 2535 pro
1396 2460 1675 2517 animabus
1723 2456 1953 2520 vestris,
2002 2452 2094 2522 qui

505 2569 841 2625 subditorum
868 2564 1096 2618 salutem
1119 2574 1231 2613 sua:
1256 2561 1607 2624 anteponunt.
1637 2551 1735 2605 Dic
1755 2547 1884 2604 mihi
1912 2564 1926 2601 :
1956 2545 1999 2599 si
2028 2546 2094 2611 is,

506 2664 601 2732 qui
632 2668 818 2716 decem
850 2658 989 2712 filios
1032 2654 1191 2707 habet
1220 2649 1479 2709 subditos,
1514 2660 1697 2701 secum
1746 2656 1961 2711 semper
1999 2639 2099 2694 ha—

513 2757 766 2817 bitantes,
811 2752 927 2806 sine
969 2743 1365 2802 intermissione
1409 2755 1592 2795 curam
1639 2736 1851 2790 illorum
1905 2731 2101 2786 habere

512 2848 758 2917 cogitur;
791 2845 852 2906 is,
883 2842 970 2912 qui
1004 2848 1081 2893 tot
1106 2838 1286 2901 habet,
1316 2849 1419 2888 non
1447 2832 1546 2885 sub
1569 2846 1726 2884 manu
1750 2826 1974 2897 positos.
1995 2838 2101 2879 non

513 2938 909 2999 eohabitantes,
942 2932 1034 2988 sed
1063 2927 1367 2985 auctoritati
1398 2940 1509 2979 suae
1547 2923 1926 2991 obsequentes,
1969 2932 2102 2988 qua-

518 3037 626 3090 lem
655 3047 776 3088 esse
804 3026 1052 3099 oportet?
1092 3023 1222 3087 Sed,
1273 3021 1499 3089 inquies,
1531 3017 1582 3070 iu
1612 3015 1814 3070 honore
1859 3012 2103 3066 habetur.

519 3126 579 3181 lu
615 3138 721 3194 quo
762 3118 1003 3174 honore?
1052 3116 1322 3182 Pauperes
1370 3107 1610 3164 vilissimi
1662 3106 1713 3159 in
1771 3106 1883 3158 foro
1935 3102 2105 3171 ipsum

519 3192 781 3272 conviciis
830 3212 1087 3265 lacerant.
1134 3205 1243 3260 Cur
1287 3216 1416 3271 ergo
1460 3199 1565 3254 illis
1604 3212 1708 3252 non
1740 3212 1801 3249 os
1829 3192 2109 3249 occludit?

522 3308 677 3365 Belle
700 3320 865 3367 sane;
888 3301 979 3356 sed
1010 3316 1114 3353 non
1141 3312 1275 3367 opus
1292 3292 1529 3365 episcopi
1552 3304 1757 3344 narras.
1780 3287 1985 3342 Rursus
2009 3284 2111 3341 nisi

518 3399 775 3456 omnibus
802 3392 1074 3462 largiatur,
1094 3398 1200 3443 tam
1221 3385 1429 3449 otiosis,
1459 3399 1617 3454 quam
1651 3382 1736 3444 iis,
1768 3380 1856 3449 qui
1878 3394 2110 3448 operan-

532 3506 638 3555 tur,
676 3490 823 3547 mille
860 3486 1092 3555 undique
1123 3477 1581 3538 criminationibus
1619 3475 1894 3545 impetitur
1921 3486 2115 3527 :nemo

530 3592 690 3645 timet
711 3586 856 3641 illum
878 3593 1134 3636 accusare
1161 3584 1215 3630 et
1230 3572 1521 3630 criminari.
1544 3570 1673 3625 Nam
1697 3584 1820 3639 erga
1850 3568 2117 3638 principes

533 3690 709 3737 metus
723 3674 959 3737 cohibet,
974 3685 1099 3740 erga
1123 3668 1221 3722 hos
1237 3665 1474 3721 minime.
1496 3663 1533 3717 A
1543 3661 1645 3732 pud
1667 3660 1784 3715 illos
1799 3661 1938 3714 enim
1959 3659 2119 3714 timor

536 3771 631 3827 Dei
648 3768 774 3824 nihil
795 3765 955 3819 valet.
977 3761 1501 3829 Quisrcpmrsentare
1524 3753 1692 3823 possit
1709 3765 1892 3806 curam
1914 3749 1980 3802 de
1998 3764 2120 3803 ver-

539 3865 610 3919 bo
627 3869 681 3915 et
706 3856 972 3919 doctrina,
1004 3849 1371 3907 difficultatem
1400 3846 1450 3900 in
1476 3841 1943 3902 ordinationibus?
1984 3840 2120 3895 For-

542 3965 684 4009 ta-se
704 3949 785 4003 vel
807 3962 907 4017 ego
927 3942 1215 4000 admodum
1238 3936 1532 3994 imbecillus
1556 3949 1693 3997 sam,
1720 3933 1899 3995 miser,
1921 3940 1974 3987 et
2001 3932 2119 3985 lllli-

540 4047 646 4101 lius
665 4041 819 4113 pretii
839 4057 854 4105 ;
878 4039 961 4093 vel
980 4051 1068 4093 res
1086 4037 1155 4089 ita
1176 4048 1235 4088 se
1254 4031 1432 4089 habet.
1451 4039 1508 4082 ut
1523 4028 1662 4081 dico.
1683 4025 1989 4081 Sacerdotis
2007 4024 2122 4077 ani-

542 4155 631 4193 ma
646 4135 775 4191 nihil
793 4132 1011 4188 differta
1032 4127 1150 4183 navi
1176 4124 1423 4181 fluctibus
1444 4122 1639 4191 agitata
1664 4118 1925 4187 :undiqne
1940 4118 2120 4188 pungi-

545 4241 655 4289 tnr,
677 4228 745 4282 ab
765 4224 971 4288 amicis,
1010 4225 1077 4275 ab
1103 4217 1366 4281 inimicis;
1393 4229 1424 4268 a
1455 4213 1586 4278 suis,
1615 4211 1681 4264 ab
1706 4209 1914 4262 alienis.
1935 4215 2124 4261 Annon

552 4321 701 4377 orbis
729 4328 809 4371 est
841 4310 1151 4383 Imperatori
1174 4303 1557 4369 subditus;hic
1589 4317 1717 4356 vero
1742 4316 1897 4354 unam
1926 4308 2128 4353 tantum

546 4414 820 4469 civitatem
859 4402 1044 4473 regit?
1092 4402 1163 4457 At
1189 4407 1335 4452 tanto
1365 4398 1594 4462 majores
1635 4400 1759 4445 sunt
1800 4391 1958 4458 hujus
1986 4389 2131 4443 solli-

550 4504 836 4566 citudines,
860 4504 1060 4569 quanto
1084 4491 1252 4556 majus
1274 4497 1354 4543 est
1374 4487 1592 4559 pelagus
1622 4494 1830 4538 tumens
1859 4498 1920 4535 ac
1953 4480 2133 4536 furens

553 4612 689 4663 aqua
721 4591 972 4648 fluminis.
1019 4588 1187 4652 Quam
1232 4580 1445 4636 tandem
1476 4580 1543 4633 ob
1572 4593 1785 4631 causam
1814 4577 1837 4630 ?
1866 4576 1995 4642 Quia
2028 4574 2133 4628 illic

555 4687 704 4742 multi
732 4692 856 4739 sunt
881 4676 1129 4737 ministri,
1165 4674 1449 4739 omniaque
1484 4671 1598 4739 lege
1641 4678 1696 4722 et
1730 4667 1979 4721 mandato
2010 4682 2135 4734 per-

553 4788 824 4850 aguntur;
872 4774 957 4828 hic
983 4785 1113 4825 vero
1155 4781 1261 4822 non
1304 4766 1432 4821 item
1478 4780 1492 4817 :
1540 4777 1711 4830 neque
1750 4762 1889 4815 enim
1920 4760 2042 4814 licet
2070 4775 2138 4813 ex

560 4871 878 4928 auctoritate
914 4864 1205 4936 prarcipere
1233 4876 1248 4923 ;
1289 4872 1472 4911 verum
1502 4855 1547 4908 si
1576 4853 1859 4907 admodum
1902 4865 2112 4905 commo

558 4978 776 5025 vcatnr,
821 4955 1056 5014 crudelis
1081 4951 1265 5015 audit;
1296 4948 1379 5001 sin
1410 4961 1594 5015 parum
1622 4986 1636 5008 ,
1668 4943 1887 5011 frigidus
1924 4941 2133 4994 dicitur.

566 5056 791 5123 Oportet
817 5060 993 5102 autem
1032 5045 1146 5098 lucc
1174 5042 1281 5095 duo
1310 5038 1575 5094 contraria
1597 5050 1915 5090 concurrere
1938 5074 1950 5093 ,
1985 5032 2051 5085 ita
2086 5043 2134 5084 ιιι

566 5133 1062 5209 nec°contemptus,
1094 5150 1193 5189 nec
1215 5132 1395 5187 odium
1424 5130 1702 5185 excitetur.
1736 5127 1976 5194 Alioq:.in
2017 5140 2143 5176 vero

569 5238 682 5306 ipsa
718 5230 923 5297 negotia
954 5233 1344 5295 pra-occupant.
1375 5220 1513 5288 Quot
1544 5219 1789 5273 homines
1825 5216 2029 5281 cogitur
2058 5214 2123 5266 of-

570 5326 809 5381 fendere,
840 5319 965 5372 velit
992 5315 1123 5369 nolit
1146 5314 1168 5366 ?
1189 5315 1237 5365 in
1271 5323 1394 5381 quot
1430 5312 1565 5365 alios
1592 5309 1783 5363 invitus
1810 5322 1995 5373 aspere
2024 5322 2128 5374 age

584 5420 676 5474 re?
710 5417 820 5468 Non
870 5412 975 5464 alio
1019 5408 1176 5461 modo
1206 5407 1412 5473 loquor,
1443 5418 1600 5473 quam
1648 5412 1704 5457 ut
1748 5399 1965 5469 affectus
2005 5414 2138 5452 sum.

576 5509 692 5563 Non
732 5504 928 5556 multos
972 5510 1098 5567 puto
1128 5494 1429 5550 sacerdotes
1467 5495 1642 5547 salvos
1681 5491 1829 5551 ficri,
1860 5490 1953 5543 sed
1994 5489 2147 5553 longe

578 5603 754 5655 olores
783 5596 977 5665 perire,
1004 5608 1107 5645 non
1140 5590 1238 5641 alia
1269 5587 1335 5640 de
1358 5600 1535 5643 causa.
1560 5600 1715 5651 quam
1746 5582 1885 5652 quod
1916 5597 2002 5634 res
2030 5597 2148 5634 ma-

564 5707 731 5763 gnum
785 5686 1012 5757 postulet
1050 5681 1308 5734 animum.
1342 5676 1513 5729 Multis
1553 5691 1695 5728 enzm
1748 5674 2151 5728 necessitatibus

565 5803 595 5842 :I
647 5781 875 5853 propriis
924 5776 1139 5846 pellitur
1184 5771 1438 5829 moribus,
1482 5777 1532 5822 ot
1582 5766 1870 5820 innumeris
1918 5765 2152 5830 undique

569 5893 706 5949 opus
738 5871 894 5929 habet
930 5869 1117 5925 oculis.
1165 5863 1282 5920 Non
1328 5862 1475 5916 vides
1518 5874 1672 5927 quam
1715 5858 1878 5911 multa
1920 5869 2057 5924 opus
2083 5856 2152 5910 sit

2160 512 2413 583 episcopo
2440 510 2630 564 adesse
2654 508 2679 562 ?
2707 506 2777 563 Ut
2804 502 3044 561 doctrina
3081 497 3296 569 polleat,
3329 504 3387 551 ut
3412 494 3489 550 sit’
3506 493 3737 565 patiens.

2158 614 2216 659 ut
2256 603 2465 658 fidelem
2492 614 2791 657 sermonem
2825 598 2876 652 in
2906 593 3146 650 doctrina
3177 599 3357 645 servet
3391 586 3412 656 (
3435 589 3488 641 i.
3518 586 3656 641 Tim.
3684 584 3742 639 ὅ.

2159 699 2213 753 2.
2239 699 2343 752 Tit.
2377 698 2427 752 l.
2461 694 2537 767 7).
2575 694 2797 761 Quantae
2824 692 2926 745 hoc
2952 682 3314 742 difficultatis?
3344 681 3585 736 Aliorum
3612 692 3745 748 pec-

2161 793 2294 848 catis
2335 790 2448 858 ipse
2496 788 2758 842 obnoxius
2806 794 2905 839 est.
2949 781 3065 835 Alia
3114 795 3216 833 non
3264 788 3540 837 memoro;
3569 770 3661 826 sed
3701 770 3749 824 si

2164 885 2247 938 vel
2276 898 2414 938 unus
2443 881 2664 936 decedat
2691 893 2794 932 non
2820 875 3078 939 initiatus,
3105 887 3281 925 annon
3309 868 3361 923 id
3394 874 3553 922 totam
3583 863 3757 933 ipsius

2167 978 2391 1034 salutem
2418 976 2677 1030 subvertit
2703 971 2727 1025 ?
2754 969 2924 1029 Unius
2952 967 3096 1022 enim
3127 964 3317 1018 anima:
3344 958 3606 1031 pernicies
3634 963 3754 1010 tan-

2172 1080 2281 1124 tum
2310 1078 2393 1123 est
2416 1067 2663 1123 damnum
2683 1105 2698 1130 ,
2746 1073 2802 1117 ut
2831 1061 2977 1116 nullo
3019 1057 3187 1128 possit
3227 1053 3450 1124 exprimi
3479 1061 3756 1105 sermone.

2172 1160 2228 1216 Si
2274 1161 2415 1215 enim
2459 1158 2575 1227 ejus
2619 1156 2766 1209 salus
2809 1153 2940 1207 tanti
2972 1162 3090 1211 est,
3132 1157 3189 1203 ut
3219 1161 3315 1217 pro
3345 1146 3431 1199 illa
3460 1143 3628 1198 Filius
3660 1138 3759 1193 Dei

2175 1255 2337 1309 homo
2368 1256 2536 1308 lactus
2577 1260 2631 1304 et
2678 1257 2822 1303 tanta
2852 1260 3040 1317 passus
3070 1244 3172 1308 sit,
3216 1244 3332 1310 ejus
3368 1238 3634 1309 pernicies
3661 1249 3763 1289 co-

2177 1347 2282 1417 gita
2324 1353 2577 1415 quantum
2617 1340 2805 1394 afferet
2852 1336 3190 1408 supplicium.
3235 1332 3291 1388 Si
3342 1332 3421 1397 is,
3469 1343 3563 1399 per
3599 1339 3763 1395 quem

2178 1438 2314 1491 alius
2341 1436 2495 1504 perit,
2523 1433 2572 1487 in
2598 1430 2697 1485 hac
2725 1431 2829 1484 vita
2859 1440 3027 1482 morte
3054 1426 3243 1495 dignus
3263 1433 3363 1484 est,
3396 1422 3562 1475 multo
3592 1415 3768 1487 magis

2180 1530 2290 1584 ille.
2334 1526 2412 1581 Ne
2452 1525 2579 1579 mihi
2610 1524 2827 1586 dixeris,
2874 1520 3118 1575 Peccavit
3150 1516 3429 1586 presbyter
3456 1523 3547 1566 aut
3578 1510 3769 1564 diaco-

2184 1637 2283 1676 nus
2316 1638 2330 1676 :
2365 1621 2477 1675 lucc
2518 1619 2695 1673 omnia
2740 1617 2792 1671 in
2836 1625 2994 1685 caput
3035 1612 3393 1669 ordinantium
3440 1606 3768 1662 referuntur.

2184 1716 2341 1772 Aliud
2388 1691 2581 1769 iterum
2630 1713 2770 1765 dico.
2812 1708 3099 1779 Contingit,
3132 1714 3187 1761 ut
3213 1706 3331 1776 quis
3373 1700 3769 1757 successionem

2183 1808 2413 1877 excipiat
2458 1804 2820 1875 improborum
2860 1800 3133 1856 hominum
3181 1816 3194 1853 :
3240 1797 3448 1851 dubitat
3485 1793 3609 1857 ille,
3640 1789 3772 1859 quid

2185 1900 2393 1957 consilii
2427 1913 2620 1970 capere
2651 1904 2893 1966 oporteat
2919 1897 3059 1949 circa
3090 1890 3353 1961 pncterita
3389 1894 3624 1956 peccata.
3653 1884 3777 1937 Duo

2187 1992 2331 2049 enim
2365 2001 2489 2046 sunt
2519 1989 2829 2059 prmcipitia,
2864 1996 3023 2056 atque
3050 1991 3261 2052 Oportet
3302 1995 3475 2050 neque
3506 1977 3652 2031 illum
3682 1976 3776 2029 di-

2190 2086 2401 2141 mittere
2420 2126 2436 2151 ,
2478 2096 2651 2153 neque
2681 2080 2812 2134 alios
2841 2076 3132 2133 offendere.
3162 2076 3241 2129 An
3274 2069 3664 2129 exscindendus
3689 2073 3779 2121 est

2194 2176 2395 2246 prior?
2424 2174 2621 2229 Verum
2667 2186 2824 2227 causa
2871 2185 2976 2224 non
3025 2167 3194 2223 adest.
3242 2166 3322 2220 An
3378 2160 3725 2218 dimittendus
3753 2158 3780 2211 ?

2196 2271 2368 2325 Etiam
2392 2309 2409 2335 ,
2455 2266 2664 2337 inquies
2698 2283 2712 2320 :
2745 2279 2868 2320 nam
2901 2263 3016 2332 ejus
3044 2272 3127 2316 est
3172 2257 3327 2328 culpa
3357 2259 3445 2328 qui
3487 2252 3778 2309 ordinavit.

2194 2360 2333 2429 Quid
2378 2359 2555 2431 ergo?
2599 2373 2701 2411 non
2733 2363 2945 2425 oportet
2986 2353 3266 2417 ordinare,
3310 2364 3480 2420 neque
3508 2346 3574 2401 ad
3613 2346 3781 2399 alium

2196 2452 2419 2525 gradum
2445 2448 2712 2505 evehere?
2733 2447 2839 2503 Sed
2868 2446 2990 2502 hinc
3009 2443 3253 2499 omnibus
3280 2443 3450 2512 palam
3475 2440 3598 2500 erit,
3628 2437 3783 2492 illum

2198 2560 2320 2601 esse
2363 2541 2683 2613 improbum.
2731 2540 2914 2609 itaque
2961 2552 3145 2593 rursus
3186 2536 3292 2589 alio
3335 2532 3555 2588 ofl‘eudit
3597 2529 3785 2584 modo.

2200 2636 2338 2694 Num
2384 2636 2451 2690 ad
2495 2634 2749 2704 majorem
2792 2630 3013 2703 gradum
3062 2626 3455 2701 promovendus
3498 2623 3627 2680 est?
3669 2621 3788 2676 Hoc

2202 2729 2377 2783 multo
2400 2727 2637 2782 deterius
2665 2733 2768 2781 est.

2268 2823 2324 2877 5.
2340 2819 2480 2875 Onus
2495 2819 2810 2888 episcopatus
2824 2834 2921 2872 non
2935 2815 3172 2881 ambitur,
3185 2812 3273 2868 sed
3288 2808 3793 2883 dignitas—Itaque

2208 2915 2254 2969 si
2283 2915 2401 2981 quis
2427 2912 2492 2965 ad
2522 2926 2790 2966 summum
2829 2908 3191 2963 sacerdotium
3222 2904 3509 2960 accesserit
3537 2902 3681 2959 velut
3719 2899 3793 2957 ad

2209 2998 2660 3069 sollicitudinem,
2707 3016 2867 3057 nemo
2912 3000 3042 3055 illud
3084 2999 3238 3054 facile
3291 3000 3603 3067 susceperit.
3638 2995 3795 3053 Nunc

2211 3107 2387 3152 autem
2426 3095 2571 3151 velut
2596 3105 2853 3150 externos
2896 3094 3235 3164 magistratus
3283 3090 3410 3145 illud
3453 3090 3793 3144 affectamus.

2212 3189 2345 3244 Nam
2389 3198 2447 3242 ut
2489 3186 2655 3256 gloria
2696 3195 2750 3240 et
2788 3185 2991 3240 honore
3029 3183 3166 3253 apud
3198 3183 3442 3237 homines
3469 3180 3793 3248 efficiamur,

2213 3281 2351 3353 apud
2392 3281 2558 3335 Deum
2590 3280 2842 3349 perimus.
2875 3277 3027 3343 Quod
3066 3276 3285 3331 honoris
3330 3275 3588 3330 lucrum?
3630 3288 3795 3344 quam

2215 3377 2361 3432 clare
2391 3377 2648 3448 probatur
2674 3361 2802 3430 nihil
2832 3391 2952 3432 esse
2981 3376 3003 3429 ?
3030 3375 3251 3443 Quando
3278 3373 3631 3429 sacerdotium
3661 3386 3800 3425 con-

2216 3468 2465 3537 cupiscis,
2491 3483 2554 3523 ex
2584 3468 2812 3523 adverso
2839 3483 2974 3538 pone
2994 3467 3311 3539 gehennam,
3334 3465 3599 3536 perpende
3625 3464 3803 3519 ratio-

2219 3576 2316 3616 nes
2346 3560 2453 3616 illic
2480 3560 2782 3616 reddendas
2812 3578 2825 3614 :
2870 3576 2938 3616 ex
2978 3560 3206 3615 adverso
3237 3575 3374 3630 pone
3402 3559 3562 3612 vitam
3592 3574 3621 3621 a
3652 3556 3805 3611 curis

2219 3653 2467 3720 liberam,
2496 3667 2637 3723 pone
2663 3653 2908 3723 supplicii
2936 3667 3261 3707 mensuram.
3307 3650 3567 3719 Quoniam
3598 3648 3642 3704 si
3683 3647 3804 3718 pri-

2220 3750 2383 3803 vatim
2414 3762 2624 3818 pecces,
2654 3746 2780 3801 nihil
2811 3746 2914 3801 tale
2939 3761 3192 3816 passurus
3217 3738 3276 3801 es
3302 3746 3376 3800 :si
3400 3759 3527 3799 vero
3550 3741 3808 3799 sacerdos

2223 3842 2327 3905 sis,
2362 3841 2584 3910 periisti.
2613 3840 2795 3909 Cogita
2816 3881 2832 3907 ,
2862 3850 3056 3910 quanta
3090 3853 3304 3909 passus,
3336 3848 3533 3908 quanta
3565 3834 3809 3906 philoso-

2228 3934 2347 4003 phia
2376 3950 2504 3989 usus
2541 3936 2611 3988 sit
2644 3934 2874 4007 Moyses,
2906 3943 3102 4003 quanta
3128 3932 3430 3987 exhibuerit
3454 3931 3611 3991 bona.
3644 3939 3698 3985 et
3727 3940 3812 3983 ta-

2228 4041 2348 4080 men
2386 4025 2527 4095 quod
2559 4042 2719 4079 unum
2754 4032 3027 4095 peccatum
3056 4024 3353 4087 admiserit,
3386 4023 3578 4077 acerbe
3608 4021 3808 4090 plexus

2227 4130 2357 4183 est;
2404 4136 2467 4173 ac
2495 4120 2687 4175 merito
2719 4137 2733 4173 :
2762 4119 3013 4188 quoniam
3058 4117 3106 4172 id
3157 4133 3277 4170 cum
3325 4117 3548 4169 aliorum
3594 4114 3815 4183 jactura

2232 4212 2426 4267 factum
2459 4223 2561 4267 est.
2610 4212 2684 4281 (a)
2723 4212 2905 4280 Itaque
2944 4209 3218 4281 graviores
3263 4222 3448 4277 pinnas
3472 4206 3654 4269 dedit,
3698 4222 3815 4261 non

2232 4306 2371 4376 quod
2405 4307 2574 4376 palam
2605 4305 2799 4358 factum
2832 4305 2929 4367 sit,
2974 4302 3066 4357 sed
3098 4301 3235 4372 quod
3280 4300 3573 4355 sacerdotis
3618 4314 3823 4368 pecca-

2236 4407 2345 4453 tum
2377 4408 2538 4452 esset.
2573 4397 2684 4450 Non
2708 4395 2848 4450 enim
2879 4393 2987 4465 pari
3019 4395 3178 4448 modo
3210 4394 3486 4462 plectimur
3512 4407 3605 4461 pro
3634 4390 3822 4443 mani-

2237 4489 2386 4544 festis
2412 4500 2463 4542 et
2498 4504 2593 4559 pro
2621 4488 2863 4542 occultis.
2889 4487 3169 4541 Peccatum
3194 4485 3334 4539 enini
3362 4484 3500 4538 idem
3523 4492 3623 4547 est,
3658 4497 3824 4549 paena

2239 4599 2344 4637 non
2397 4581 2626 4645 eadem;
2680 4581 2786 4633 imo
2831 4594 2896 4633 ne
2944 4588 3217 4647 peccatum
3257 4576 3468 4645 quidem
3513 4585 3594 4629 est
3623 4574 3769 4627 idem
3807 4592 3826 4627 :

2242 4692 2413 4747 neque
2443 4676 2583 4729 enim
2637 4673 2776 4727 idem
2820 4681 2924 4737 est,
2968 4671 3176 4726 occulte
3224 4685 3484 4739 pecizarc,
3534 4678 3585 4723 et
3644 4669 3829 4737 palam

2243 4772 2293 4825 id
2331 4772 2549 4825 audere.
2597 4768 2861 4839 Episcopo
2904 4777 3078 4821 autem
3126 4782 3229 4818 non
3259 4766 3379 4819 licet
3407 4765 3540 4819 clam
3572 4778 3830 4832 peccare.

2244 4864 2542 4935 Optanduin
2580 4863 2720 4917 enim
2755 4862 2827 4916 illi
2857 4870 3001 4915 esset
3041 4876 3145 4913 non
3174 4869 3479 4927 peccantem
3508 4874 3536 4912 a
3564 4858 3833 4913 crimina-

2248 4959 2478 5013 tionibus
2509 4955 2758 5018 liberari;
2805 4963 3010 5007 tantum
3037 4953 3187 5006 abest
3217 4965 3271 5006 ut
3297 4967 3521 5020 peccans
3548 4953 3597 5006 id
3631 4952 3835 5020 possit.

2248 5051 2303 5107 Si
2334 5052 2611 5104 irascatur.
2644 5048 2688 5101 si
2734 5046 2919 5107 rideat,
2970 5048 3012 5097 si
3057 5047 3136 5099 vel
3193 5061 3287 5113 per
3317 5060 3559 5098 somnum
3589 5046 3838 5111 quietem

2250 5151 2482 5211 expetat,
2512 5140 2663 5193 multi
2690 5138 2946 5192 conviciis
2977 5138 3263 5200 incessunt,
3287 5136 3435 5189 inulti
3459 5135 3841 5199 offenduntur,

2254 5234 2402 5288 multi
2440 5236 2581 5301 leges
2607 5232 2978 5302 praescribunt,
3010 5228 3161 5283 multi
3198 5230 3402 5298 priscos
3432 5237 3678 5297 repetunt
3710 5245 3844 5282 me-

2254 5328 2419 5381 moria
2440 5368 2456 5391 ,
2502 5334 2555 5380 et
2590 5326 2839 5394 praesenti
2891 5323 3253 5392 imprOperant
3283 5339 3296 5374 :
3329 5319 3534 5391 hocque
3564 5320 3769 5374 faciunt
3795 5322 3807 5352 ³
3829 5363 3852 5390 ,

2321 5549 2337 5579 ί
2375 5545 2515 5600 Illud,
2550 5542 2730 5604 hocque
2752 5539 2951 5604 fugiimt,
2969 5540 3117 5604 deest
3155 5539 3202 5588 in
3247 5538 3387 5587 savil.
3410 5538 3549 5604 Δ(δι’-ἰπὶ
3576 5550 3673 5585 uno
3693 5535 3853 5597 Cod;

2256 5609 2345 5661 sed
2373 5610 2578 5656 habetur
2605 5599 2662 5654 in'
2676 5599 2783 5652 aliis
2801 5602 2970 5660 Codd,
2998 5610 3049 5651 et
3073 5603 3252 5650 lectum
3278 5608 3355 5649 est
3377 5602 3439 5649 ab
3462 5599 3679 5649 Erasmo.

2322 5672 2394 5731 (ri)
2418 5678 2530 5726 Quae
2554 5675 2848 5731 sequuntur,
2867 5666 3031 5731 vitiata
3052 5664 3178 5724 apud
3202 5662 3384 5731 alorci”
3413 5674 3475 5711 ex
3500 5661 3672 5709 Saviiio
3698 5669 3754 5709 et
3781 5673 3859 5711 ex

2259 5725 2590 5792 Hauuscriptis
2611 5725 2841 5778 restituta
2864 5735 2993 5792 sunt.
3010 5725 3240 5774 lnMorel.
3263 5726 3445 5792 quippe
3460 5736 3607 5792 voces
3619 5725 3862 5787 qnzedam

2261 5787 2641 5848 suistituu'utur,
2679 5803 2790 5850 qua:
2826 5789 3010 5838 seriem
3048 5794 3273 5843 turbant,
3321 5787 3429 5837 alia:
3475 5787 3664 5836 omissa:
3699 5799 3871 5834 voces

2257 5859 2443 5909 hiatum
2465 5854 2662 5906 edicere
2684 5851 2922 5904 videntur.
