4022 6364
581 321 640 373 «Il
1343 315 1400 370 S.
1439 313 1720 369 JOANNIS
1758 312 2241 367 CIIRYSOSTUMI
2286 312 2602 366 ARCHIEP.
2645 310 3187 366 CURSTANTINOP.
3733 314 3795 367 42

583 430 787 501 ζεκιὴλ,
820 430 1127 500 σφάττομεν
1156 431 1248 482 καὶ
1277 428 1759 497 κατεσθίομεν.Τίς
1787 428 1947 498 ἡμῶν
1962 427 2161 480 ἐπιδεί-

583 531 774 567 κνυται
798 512 1065 583 τοσαύτην
1094 514 1348 584 φροντίδα
1398 514 1527 583 περὶ
1560 511 1628 563 τὰ
1662 512 1885 581 ποίμνια
1914 511 2008 564 τοῦ
2033 513 2163 581 Χρι-

585 596 733 660 στοῦ,
756 598 888 667 ὅσην
918 598 1044 666 περὶ
1076 599 1145 649 τά
1173 597 1397 665 ποίμνια
1417 595 1511 647 τοῦ
1546 595 1731 647 Λάϐαν
1763 598 1790 646 ὁ
1822 594 2047 659 Ἰακώϐ;
2080 595 2165 655 τίς

584 682 805 733 δύναται
836 682 1323 751 ἀπαριθμήσασθαι
1372 679 1607 746 παγετὸν
1658 679 1884 744 νυκτός;
1941 679 2033 747 Μὴ
2058 680 2163 747 γάρ

589 781 677 832 μοι
704 764 800 826 τὰς
827 764 1153 832 παννυχίδας
1177 764 1360 834 εἴπῃς,
1426 764 1519 815 καὶ
1550 762 1647 832 τὴν
1683 762 1953 832 τοσαύτην
2006 762 2166 832 θερα-

587 846 765 900 πείαν.
800 849 914 900 Πᾶν
950 848 1045 916 μὲν
1067 843 1157 899 οὖν
1174 846 1502 898 τούναντίον.
1535 847 1805 917 ’Ύπαρχοι
1839 846 1931 898 καὶ
1958 846 2166 915 τοπάρο

587 949 678 1001 χαι
713 931 812 982 οὐκ
842 928 1174 982 ἀπολαύουσι
1204 928 1472 997 τοσαύτης
1494 930 1679 999 τιμῆς,
1711 931 1840 998 ὅσης
1859 930 1886 981 ὁ
1918 930 2016 999 τῆς
2041 928 2164 980 Ἐκ·

590 1015 817 1087 κλησίας
840 1014 1038 1083 ἄρχων.
1067 1013 1164 1064 “Av
1189 1012 1248 1064 ὲν
1284 1011 1572 1081 βασιλείοις
1611 1014 1773 1085 εἰσίῃ,
1799 1012 1882 1075 τίς
1916 1012 2163 1083 πρῶτος;

588 1099 653 1151 ἂν
678 1098 826 1166 παρὰ
855 1095 1121 1163 γυναιξὶν,
1149 1093 1215 1146 ἂν
1243 1095 1523 1165 παράταῖς
1555 1095 1750 1157 οἰκίαις
1775 1095 1881 1149 τῶν
1896 1094 2166 1165 μεγάλων,

589 1182 761 1241 οὐδεὶς
791 1180 974 1248 ἕτερος
1003 1177 1167 1231 αὑτοῦ
1201 1178 1611 1249 προτετίμηται.
1679 1179 1947 1231 Ἀπόλωλε
1991 1178 2169 1231 πάντα

588 1263 683 1316 καὶ
712 1261 1054 1331 διέφθαρται.
1093 1260 1277 1312 Ταῦτα
1308 1262 1407 1330 οὐχ
1440 1261 1583 1331 ὑμᾶς
1617 1261 1976 1333 καταισχῦναι
1996 1262 2171 1332 βουλό-

591 1364 752 1417 μενος
772 1345 935 1412 λέγω,
958 1344 1072 1396 ἀλλ’
1107 1343 1258 1413 ὑμῶν
1289 1346 1531 1413 ἐπισχεῖν
1557 1344 1653 1414 τὴν
1681 1346 1995 1415 ἐπιθυμίαν.
2015 1347 2165 1415 Ποίῳ

588 1429 699 1498 γὰρ
732 1428 992 1480 συνειδότι
1017 1426 1081 1478 ἂν
1109 1428 1242 1502 γένῃ
1262 1428 1567 1490 σπουδάσας
1595 1428 1627 1498 ἢ
1658 1428 1749 1481 διὰ
1792 1429 2011 1492 σαυτοῦ,
2039 1430 2072 1500 ἢ
2105 1431 2171 1483 δι’

592 1514 776 1584 ἑτέρου
799 1510 1005 1575 ;ποίοις
1031 1509 1327 1579 ὀφθαλμοῖς
1355 1512 1696 1581 ἀντιϐλέψεις
1731 1513 1924 1583 ἐκείνῳ
1948 1512 2025 1583 τῷ
2050 1530 2167 1565 συν.

593 1597 918 1666 εργήσαντι;
943 1593 994 1646 τί
1021 1592 1160 1656 ἕξεις
1189 1592 1630 1663 ἀπολογήσασθαι
1652 1612 1666 1659 ;
1707 1595 1764 1648 '0
1789 1596 1886 1665 μὲν
1907 1597 2015 1668 γάρ
2028 1597 2174 1650 ἄκων

594 1682 686 1733 καὶ
718 1677 977 1748 βιασθεὶς,
1022 1677 1114 1729 καὶ
1162 1677 1261 1730 οὐκ
1309 1677 1529 1742 ἐθέλων,
1585 1678 1697 1747 ἔχοι
1746 1679 1952 1732 ἅντινα
1981 1681 2175 1733 ἀπολο-

593 1765 742 1831 γίαν,
766 1764 814 1814 εἰ
845 1760 1023 1814 καὶτὰ
1058 1760 1292 1831 μάλιστα
1324 1761 1416 1813 καὶ
1441 1756 1593 1825 οὗτος
1627 1763 1995 1835 ἀπεστέρηται
2058 1782 2181 1833 συγ-

593 1845 840 1915 γνώμης·
866 1844 1005 1914 πλὴν
1035 1842 1170 1895 ἀλλά
1209 1842 1362 1913 παρά
1385 1842 1543 1896 τοῦτο
1579 1844 1690 1914 ἔχει
1717 1846 1838 1898 τινά
1863 1847 2177 1915 ἀπολογίαν.

605 1928 891 1998 Ἐννόησον
925 1926 977 1979 τί
1005 1926 1187 1996 Σίμων
1212 1925 1416 1989 ἔπαθε;
1455 1927 1520 1979 Τί
1552 1928 1681 1998 γὰρ,
1712 1931 1761 1981 εί
1797 1928 1871 1999 μὴ
1921 1928 2181 2001 ἀργύριον

593 2012 771 2073 δίδως,
788 2009 902 2061 ἀλλ’
924 2008 1045 2060 ἀντὶ
1078 2009 1341 2079 ἀργυρίου
1372 2008 1707 2073 κολακεύεις,
1727 2012 1821 2063 καὶ
1842 2013 2183 2065 κατασκευά-

599 2095 713 2157 ζεις
746 2090 935 2152 πολλὰ,
971 2090 1065 2143 καὶ
1105 2093 1358 2161 μηχανᾷ;
1393 2091 1464 2144 Τὸ
1494 2092 1780 2159 ἀργύριόν
1801 2110 1916 2147 σου
1946 2094 2066 2147 σὺν
2088 2092 2185 2147 σοὶ

600 2177 693 2241 εἴη
714 2177 801 2239 εἰς
816 2174 1137 2227 ἀπώλειαν.
1162 2173 1302 2242 Πρὸς
1317 2176 1524 2226 ἐκεῖνον
1554 2170 1693 2237 εἷπε,
1710 2176 1802 2228 καὶ
1825 2175 2033 2239 τούτοις
2050 2177 2181 2247 ἐρεῖ’

601 2260 637 2329 ἡ
669 2256 869 2325 σπουδὴ
904 2256 1055 2325 ὑμῶν
1108 2255 1226 2326 μεθ’
1255 2255 1408 2325 ὑμῶν
1446 2255 1587 2309 ἔστω
1621 2258 1701 2322 εἰς
1755 2257 2052 2322 ἀπώλειαν,
2102 2259 2184 2311 ὅτι

602 2341 889 2410 ὲνομίσατε
914 2330 1215 2410 περιδρομῇ
1239 2338 1557 2411 ἀνθρωπίνῃ
1582 2340 1678 2412 τὴν
1707 2340 1915 2412 δωρεάν
1943 2342 2035 2394 τοῦ
2049 2340 2183 2393 Θεοῦ

602 2425 856 2495 κτᾶσθαι.
894 2423 1030 2475 Ἀλλ’
1064 2423 1236 2487 οὐδείς
1285 2425 1402 2477 ἐστι
1444 2425 1719 2490 τοιοῦτος;
1773 2426 1925 2496 Μηδὲ
1954 2425 2179 2493 γένοιτο.

605 2509 736 2560 υὺδὲ
756 2508 866 2577 γὰρ
902 2507 1162 2578 βούλομαι
1190 2508 1342 2560 οὐδὲν
1368 2508 1504 2578 πρὸς
1540 2509 1682 2576 ὑμᾶς
1705 2504 1844 2561 εἶναι
1887 2508 1996 2562 τῶν
2029 2509 2185 2577 λεγοο

609 2593 805 2662 μένων·
840 2593 955 2643 νυνὶ
982 2591 1038 2642 δὲ
1068 2593 1131 2643 ἐκ
1158 2591 1258 2660 τῆς
1293 2591 1617 2653 ἀκολουθίας
1649 2593 1729 2655 εἰς
1757 2591 1975 2655 τούτους
2004 2593 2189 2645 ἐνεπέ-

610 2692 775 2744 σομεν
794 2677 919 2737 τοὺς
941 2674 1152 2741 λόγους.
1199 2673 1333 2725 Οὐδὲ
1366 2672 1473 2743 γάρ
1518 2674 1646 2726 ὅταν
1692 2675 1831 2727 κατὰ
1878 2675 2189 2741 πλεονεξίας

607 2758 874 2827 λέγωμεν,
909 2757 1043 2827 πρὸς
1066 2757 1210 2825 ὑμᾶς
1236 2756 1488 2825 λέγομεν,
1519 2756 1632 2808 ἀλλ’
1655 2757 1774 2809 οὐδὲ
1797 2757 1931 2827 πρὸς
1955 2758 2071 2810 ἕνα.
2096 2759 2191 2810 Γέ-

598 2859 754 2895 ⁴νοιτο
781 2844 901 2912 εἰκῆ
932 2841 1001 2892 τὰ
1030 2842 1297 2910 φάρμακα
1324 2843 1451 2910 παρ’
1482 2841 1639 2910 ἡμῶν
1666 2838 2189 2905 κατασκευάζεσθαι.

610 2928 677 2979 Δί
698 2925 806 2978 τῶν
841 2925 1042 2995 ἰατρῶν
1081 2923 1238 2994 εὐχαὶ
1286 2922 1533 2975 τοιαῦταί
1563 2925 1723 2987 εἰσιν,
1760 2925 1860 2977 οὐκ
1919 2924 2053 2977 ἄλλα
2107 2927 2193 2977 αἰ-

610 3009 824 3071 τοῦσαι,
875 3008 908 3077 ἢ
944 3007 1083 3059 ὥστε
1142 3006 1278 3075 μετά
1304 3006 1392 3058 τὸν
1419 3006 1585 3059 πολὺν
1608 3006 1766 3059 πόνον
1798 3008 1982 3069 ἁπλῶς
2033 3006 2193 3077 ῥιφῆ-

602 3111 701 3146 ναι
727 3093 795 3145 τά
822 3092 1107 3162 φάρμακα.
1135 3090 1319 3144 Ταῦτα
1344 3091 1437 3143 καὶ
1463 3092 1623 3160 ἡμεῖς
1654 3091 1925 3161 εὐχόμεθα
1943 3131 1958 3156 ,
2008 3090 2193 3153 ἁπλῶς

614 3178 696 3239 είς
750 3174 891 3244 ἀέρα
942 3174 1197 3241 λέγεσθαι
1232 3174 1297 3225 τά
1353 3176 1573 3244 ῥήματα
1609 3172 1678 3227 τά
1718 3173 1997 3243 ἡμέτερα,
2026 3226 2027 3229 η
2053 3173 2193 3225 ὥστε

618 3260 838 3328 ῥήματα
867 3256 1025 3327 μόνον
1061 3251 1219 3309 εἶναι.
1265 3256 1447 3309 Πάντα
1491 3256 1790 3325 ὑποστῆναι
1810 3256 2023 3325 ἕτοιμος
2060 3255 2192 3323 ἐγὼ,

608 3340 757 3393 ὥστε
786 3342 858 3410 μὴ
898 3342 977 3399 εἰς
1011 3340 1201 3408 χρείαν
1246 3339 1577 3406 καταστῆναι
1623 3336 1721 3390 τοῦ
1773 3338 1947 3392 ταῦτα
1995 3339 2192 3407 λέγειν.

618 3425 683 3476 Εἰ
712 3422 767 3473 δὲ
824 3422 1097 3491 βούλεσθε,
1153 3423 1248 3475 καὶ
1298 3426 1612 3491 σιγήσομεν·
1653 3422 1812 3491 μόνον
1850 3422 1990 3474 ἔστω
2047 3423 2198 3476 ἀκίν-

620 3506 843 3574 δυνοςή
900 3505 1045 3575 σιγή.
1109 3505 1183 3556 Οὐ
1235 3505 1344 3575 γὰρ
1377 3500 1528 3573 οἶμαι
1579 3505 1786 3569 οὐδένα,
1833 3504 1934 3558 κᾶν
1995 3505 2198 3576 σφόδρα

623 3587 892 3649 κενόδοξος
918 3582 974 3657 ᾗ,
1003 3586 1077 3656 μὴ
1105 3586 1376 3657 καλούσης
1399 3587 1585 3656 χρείας
1617 3587 1838 3657 θελῆσαι
1893 3586 1958 3641 ἂν
2011 3586 2197 3649 ἁπλῶς

623 3669 1041 3723 ὲπιδείκνυσθαι.
1058 3671 1537 3741 Παραχωρήσομεν
1569 3669 1668 3738 τῆς
1682 3669 2024 3732 διδασκαλίας
2047 3671 2194 3740 ὑμῖν·

624 3752 762 3823 αῦτη
797 3754 900 3824 γὰρ
932 3755 1131 3823 μείζων
1156 3756 1189 3824 ἡ
1220 3753 1531 3806 διδασκαλία
1634 3753 1720 3805 διὰ
1770 3754 2113 3823 πραγμάτων
2148 3767 2195 3793 τι·

624 3839 746 3891 ἐπεὶ
775 3839 998 3891 καὶτῶν
1027 3838 1224 3909 ἰατρῶν
1262 3839 1311 3889 οἱ
1334 3838 1563 3909 ἄριστοι,
1618 3839 1863 3907 καίτοιγε
1913 3840 2012 3906 τῆς
2040 3838 2194 3893 νόσου

688 3996 714 4025 ⁸
746 3994 846 4046 Alli
867 3997 896 4054 ἢ
917 3999 947 4053 ἡ
971 3996 1049 4044 διὰ
1069 3995 1373 4059 πραγμάτων.

2264 428 2372 480 τῶν
2412 430 2732 495 καμνόντων
2766 427 3039 498 φερούσης
3072 428 3256 490 αὐτοῖς
3291 426 3534 496 μισθοὺς,
3570 426 3826 497 βούλοιντο

2266 512 2331 564 ἂν
2361 512 2621 579 ὑγιαίνειν
2646 514 2772 575 τοὺς
2792 512 2968 565 αὐτῶν
2997 510 3203 580 φίλους.
3222 512 3331 564 Kal
3350 513 3511 581 ἡμεῖς
3542 510 3828 581 βουλόμεθα

2265 593 2509 658 ἅπαντας
2542 596 2825 663 ὑγιαίνειν.
2871 596 2944 647 Οὐ
2981 594 3090 665 γὰρ
3122 596 3207 646 ἰνα
3259 595 3418 664 ἡμεῖς
3445 594 3659 664 δόκιμοι
3688 588 3827 663 ὦμεν

2267 677 2587 748 βουλόμεθα,
2619 680 2774 748 ὑμεῖς
2806 678 2860 730 δὲ
2886 677 3132 747 ἀδόκιμοι
3158 672 3277 747 ἦτε.
3306 675 3634 745 Ἐϐουλόμην
3660 677 3709 728 εί
3727 674 3829 731 οἷόν

2264 779 2323 814 τε
2353 762 2472 830 ὄψει
2494 762 2631 832 αὐτῇ
2665 762 2762 831 τὴν
2796 761 3037 831 ἀγάπην,
3059 761 3125 831 ἣν
3160 761 3287 830 περὶ
3306 760 3452 829 ὑμᾶς
3478 758 3608 829 ἔχω,
3637 759 3830 812 ἐπιδεί-

2266 846 2480 911 ξασθαιο
2518 846 2689 908 οὐδεὶς
2720 845 2829 915 γάρ
2889 862 2978 914 μοι
3010 844 3193 898 λοιπὸν
3223 844 3372 897 οὐδὲν
3402 842 3470 896 ἂν
3502 843 3828 907 ἐνεκάλεσεν,

2268 932 2314 982 εἰ
2346 930 2439 982 καὶ
2468 929 2670 1000 σφόδρα
2698 930 2902 999 τραχὺς
2922 925 2989 999 ἦν
3020 931 3048 981 ό
3080 927 3344 996 λόγος.Τά
3374 928 3479 998 γὰρ
3507 927 3657 997 παρά
3674 926 3832 994 φίλων

2267 1015 2549 1085 λεγόμενα,
2604 1013 2707 1067 κᾶν
2769 1013 2925 1085 ὕϐρις
2976 1007 3051 1085 ᾖ,
3088 1012 3315 1083 φορητά.
3366 1012 3835 1078 Ἀξιοπιστότερα

2268 1096 2377 1167 γὰρ
2436 1098 2740 1165 τραύματα
2805 1097 2986 1164 φίλου
3012 1136 3026 1161 ,
3100 1096 3138 1163 ἢ
3210 1094 3460 1148 ἑκούσια
3543 1092 3835 1161 φιλήματα

2268 1179 2505 1249 ἐχθροῦ.
2526 1180 2689 1233 Οὐδὲν
2720 1181 2845 1250 ἐμοὶ
2873 1173 3252 1248 ποθεινότερον
3282 1177 3593 1248 ὑμῶν,οὑδὲ
3615 1175 3770 1228 τοῦτο
3783 1176 3840 1229 τὸ

2272 1264 2407 1332 φῶς.
2424 1264 2698 1334 Μυριάκις
2721 1263 2829 1333 γὰρ
2856 1263 2922 1316 ἂν
2954 1261 3219 1332 εὐξαίμην
3237 1261 3401 1322 αὐτὸς
3433 1260 3770 1330 πηρωθῆναι,
3795 1258 3843 1310 εί

2271 1365 2333 1415 γε
2358 1347 2484 1417 ἐνῆν
2508 1347 2596 1400 διὰ
2623 1346 2812 1400 τούτου
2860 1345 2958 1409 τὰς
2987 1346 3259 1415 ὑμετέρας
3294 1343 3619 1414 ἐπιστρέψαι
3648 1342 3837 1412 ψυχάς·

2270 1432 2443 1495 οὕτως
2471 1430 2634 1484 αὐτοῦ
2663 1430 2758 1483 τοῦ
2788 1431 2964 1498 φωτὸς
3010 1430 3248 1498 γλυκίων
3286 1428 3411 1498 ἐμοὶ
3452 1430 3485 1498 ἡ
3536 1428 3779 1497 σωτηρία
3808 1426 3838 1497 ἡ

2275 1517 2538 1587 ὑμετέρα.
2568 1517 2633 1568 Τί
2667 1516 2776 1586 γὰρ
2802 1514 2990 1583 ὄφελός
3022 1531 3113 1583 μοι
3154 1512 3262 1565 τῶν
3295 1512 3528 1564 ἀκτίνων
3560 1510 3666 1562 τῶν
3697 1510 3842 1579 ἡλια-

2275 1601 2407 1663 κῶν,
2446 1601 2571 1652 ὅταν
2622 1601 2655 1670 ἡ
2685 1600 2751 1653 δι’
2778 1600 2922 1668 ὑμᾶς
2953 1598 3157 1667 ἀθυμία
3183 1596 3318 1650 πολὺ
3349 1592 3727 1663 κατασκεδάζῃ
3744 1592 3843 1645 τῶν

2278 1680 2686 1752 [52]όφθαλμῶν
2705 1682 2765 1734 τὸ
2783 1682 3000 1747 σκότος;
3029 1681 3101 1733 Τὸ
3116 1680 3223 1749 γὰρ
3241 1679 3353 1749 φῶς
3374 1678 3494 1731 τότε
3513 1676 3704 1740 καλὸν,
3725 1676 3845 1727 ὃταν

2280 1766 2662 1837 ὲνεὺφροσύνῃ
2698 1766 2973 1835 φαίνηται*
3002 1765 3123 1818 ἐπεὶ
3153 1767 3219 1834 τῇ
3254 1761 3566 1833 λυπουμένῃ
3584 1760 3733 1831 ψυχῇ
3759 1760 3848 1812 καὶ

2282 1850 2633 1922 παρενοχλεῖν
2663 1850 2827 1902 δοκεῖ.
2854 1849 2977 1901 Ὅτι
3028 1847 3083 1899 δὲ
3111 1848 3170 1900 οὐ
3199 1846 3484 1916 ψεύδομαι,
3549 1845 3623 1914 μὴ
3647 1844 3849 1911 γένοιτο

2286 1935 2385 2005 μέν
2410 1951 2538 1987 ποτε
2574 1936 2767 2005 πεῖραν
2797 1932 3001 1986 λαϐεῖν.
3061 1931 3203 2001 Πλὴν
3225 1931 3406 1983 εἴποτε
3446 1928 3689 1999 συμϐαίη
3736 1926 3850 1979 τινὰ

2283 2016 2436 2087 ὑμῶν
2471 2017 2826 2087 ἁμαρτάνειν,
2872 2012 3185 2067 καθεύδοντί
3225 2030 3313 2084 μοι
3351 2013 3689 2081 παράστητε·
3727 2010 3852 2060 ἀπο-

2282 2101 2539 2171 λοίμηνὶ),
2570 2104 2618 2152 εἰ
2655 2099 2729 2171 μὴ
2752 2101 2864 2161 τοῖς
2888 2097 3223 2170 παραλύτοις
3252 2096 3424 2159 ἔοικα,
3456 2097 3502 2147 εί
3533 2093 3608 2164 μὴ
3638 2094 3751 2155 τοῖς
3775 2090 3853 2154 ἐξ·

2281 2186 2554 2261 εστηκόσι,
2575 2186 2670 2237 xal
2686 2184 2825 2237 κατά
2842 2182 2934 2235 τὸν
2957 2181 3293 2253 προφητικὸν
3313 2179 3488 2246 λόγον,
3513 2178 3617 2231 Καὶ
3640 2176 3717 2261 τὸ-
3738 2174 3853 2261 φῶς

2279 2256 2731 2336 τῶνόφθαλμῶν
2747 2283 2886 2334 μου,
2920 2264 3021 2318 καὶ
3044 2263 3190 2317 αὑτὸ
3243 2264 3353 2317 οὐκ
3385 2262 3511 2316 ἔστι
3545 2262 3669 2328 μετ’
3691 2256 3851 2325 ἐμοῦ.

2294 2352 2379 2415 Γίς
2407 2352 2515 2421 γὰρ
2557 2350 2686 2419 ὑμῖν
2721 2349 2899 2413 ἐλπὶς,
2939 2347 3095 2418 ὑμῶν
3123 2346 3197 2416 μὴ
3227 2342 3669 2416 προκοπτόντων;
3694 2340 3778 2401 τίς
3804 2338 3857 2390 δὲ

2290 2434 2512 2504 ἀθυμία,
2532 2433 2685 2503 ὑμῶν
2713 2430 3173 2502 εὐδοκιμούντων;
3204 2422 3856 2504 Πτεροῦσθαιδοκῶ,δταν

2286 2503 2482 2586 τιπερὶ
2513 2515 2666 2585 ὑμῶν
2697 2514 2915 2568 ἀκούσω
2944 2513 3200 2584 χρηστόν.
3228 2507 3591 2576 Πληρώσατέ
3601 2523 3724 2574 μου
3754 2503 3861 2569 τὴν

2288 2598 2500 2669 χαράν.
2530 2596 2793 2651 Τοσοῦτον
2833 2598 2989 2667 μόνον
3013 2598 3305 2666 εἰσήνεγκα
3332 2594 3410 2655 είς
3434 2589 3532 2661 τὴν
3567 2590 3755 2659 εὐχὴν,
3784 2588 3861 2639 ὅτι

2292 2681 2540 2752 ἐπιθυμῶ
2558 2681 2709 2751 ὑμῶν
2724 2679 2821 2751 τὴν
2837 2680 3141 2751 προκοπήν.
3154 2678 3217 2732 Ὃ
3237 2676 3292 2728 δὲ
3302 2672 3665 2744 διαμιλλῶμαι
3690 2682 3716 2710 (ε
3734 2669 3864 2737 πρὸς

2293 2766 2499 2829 πάντας
2523 2764 2681 2818 τοῦτό
2732 2767 2899 2829 ἐστιν,
2952 2764 3033 2816 ὅτι
3077 2761 3244 2831 φιλῶ,
3303 2761 3385 2813 ὅτι
3416 2756 3862 2829 συμπέπλεγμαι,

2293 2848 2376 2900 ὅτι
2405 2848 2581 2900 πάντα
2612 2863 2701 2917 μοι
2746 2848 2902 2916 ὑμεῖς
2954 2847 3099 2910 ἐστε,
3134 2845 3229 2897 καὶ
3275 2842 3478 2914 πατὴρ,
3513 2841 3604 2894 καὶ
3656 2840 3864 2909 μήτηρ.

2295 2934 2387 2985 καὶ
2409 2930 2647 2999 ἀδελφοὶ,
2673 2930 2766 2983 καὶ
2786 2928 2992 2982 παιδία.
3016 2928 3105 2998 Μὴ
3128 2927 3193 2998 δὴ
3216 2926 3472 2997 νομίσητέ
3498 2939 3553 2975 τι
3585 2921 3702 2975 τῶν
3740 2920 3866 2989 παρ’

2296 3016 2454 3085 ἡμῶν
2477 3014 2782 3084 λεγομένων
2816 3013 2951 3083 πρὸς
2974 3011 3266 3081 ἀπέχθειαν
3292 3006 3565 3078 λέγεσθαι,
3583 3005 3725 3083 ἀλλὰ
3737 3004 3870 3074 πρὸς

2297 3098 2600 3169 διόρθωσιν.
2667 3096 2943 3164 Ἁδελφὸς
3000 3096 3141 3167 γὰρ,
3203 3095 3385 3163 φησιν,
3431 3090 3550 3147 ὑπὸ
3599 3086 3872 3156 ἀδελφοῦ

2293 3184 2727 3252 βοηθούμενος.
2749 3181 2829 3247 ὡς
2845 3182 3021 3245 πόλις
3047 3178 3254 3247 ὀχυρά.
3287 3178 3377 3247 Μὴ
3402 3178 3464 3245 δὴ
3498 3172 3873 3246 amenaqu-

2300 3268 2422 3321 οὐδὲ
2442 3268 2550 3337 γὰρ
2583 3264 2693 3334 ἐγὼ
2720 3266 2811 3319 τὸν
2867 3267 2996 3336 παρ’
3033 3264 3185 3333 ὑμῶν
3221 3261 3474 3331 ἀτιμάξω
3500 3260 3679 3326 λόγον,
3743 3262 3879 3315 ἀλλά

2303 3351 2593 3422 βουλοίμην
2640 3351 2705 3404 ἂν
2727 3349 3071 3420 διορθοῦσθαι
3101 3348 3231 3418 παρ’
3259 3346 3433 3417 ὑμῶν,
3492 3343 3790 3416 βουλοίμην
3817 3346 3879 3397 ἂν

2301 3435 2614 3507 μανθάνειν.
2662 3435 2873 3497 Πάντες
2904 3433 3012 3504 γὰρ
3035 3434 3193 3504 ἡμεῖς
3240 3429 3457 3499 ἀδελφοί
3488 3432 3672 3499 ἐσμεν,
3710 3423 3796 3492 εἷς
3825 3429 3883 3481 δὲ

2297 3520 2453 3590 ἡμῶν
2484 3520 2629 3572 ἐστιν
2678 3520 2705 3571 ὁ
2728 3516 3065 3587 καθηγητὴς.
3096 3515 3253 3567 Ἐστι
3288 3514 3344 3567 δὲ
3380 3513 3476 3565 καὶ
3521 3513 3578 3563 ὲν
3626 3511 3883 3579 ἀδελφοῖς

2295 3605 2393 3656 Eva
2417 3603 2742 3663 ἐπιτάττειν,
2799 3602 2892 3655 καὶ
2928 3602 3055 3664 τοὺς
3105 3599 3298 3661 ἄλλους
3352 3594 3654 3650 πείθεσθαι.
3688 3595 3788 3666 Μὴ
3819 3595 3881 3664 δὴ

2300 3686 2671 3757 ἀπαξιώσητε,
2702 3684 2838 3737 ἀλλά
2865 3684 3043 3737 πάντα
3064 3681 3305 3753 ποιῶμεν
3323 3681 3402 3745 είς
3429 3678 3583 3746 δόξαν
3601 3677 3701 3731 τοῦ
3720 3678 3880 3731 Θεοῦ·

2298 3770 2378 3823 δτι
2415 3768 2563 3840 αὑτῷ
2588 3772 2621 3839 ἡ
2649 3768 2775 3834 δόξα
2806 3770 2887 3832 εἰς
2917 3768 3043 3831 τοὺς
3063 3767 3267 3830 αἰῶνας
3284 3766 3391 3819 τῶν
3408 3764 3640 3820 αἰώνων.
3677 3764 3877 3834 ’Λμὴκ

2364 3933 2392 3973 b
2434 3933 2723 3995 Ἀπολοίμην
2774 3933 2917 3981 deest
2963 3934 3015 3981 in
3067 3942 3165 3981 uno
3205 3929 3303 3995 [in
3350 3929 3575 3982 omnibus
3625 3925 3883 3991 nostris].

2305 3998 2328 4025 θ
2363 3996 2507 4046 Alius
2544 3996 2571 4043 ὃ
2614 3996 2665 4043 δὲ
2704 3996 2993 4057 άμιλλῶμαι.

2102 4460 2347 4513 OMIAIA
2383 4461 2456 4513 A'.

634 4610 744 4667 Kal
774 4610 844 4663 ἐν
870 4608 957 4681 τῷ
976 4610 1480 4681 συμπληροῦσθαι
1511 4611 1626 4677 τὴν
1659 4612 1888 4680 ἡμέραν
1910 4612 2018 4681 τῆς
2044 4617 2194 4667 Πεν-

705 4680 1028 4749 τηκοστῆς,
1057 4678 1240 4751 ⁷’ἦσαν
1282 4682 1660 4749 ὁμοθυμαδὸν
1691 4678 1787 4735 ἐπὶ
1820 4684 1885 4737 τὸ
1911 4678 2077 4738 αὑτά
2108 4686 2205 4737 καὶ

705 4753 942 4822 ἐγένετο
972 4751 1141 4820 ἄφνω
1172 4752 1241 4805 ἐκ
1269 4752 1376 4806 τοῦ
1403 4752 1662 4820 οὐρανοῦ
1687 4753 1855 4820 ἦχος.

706 4870 775 4925 a'.
793 4870 889 4933 Τίς
920 4872 1067 4923 ἐστιν
1096 4869 1232 4940 αῦτη
1260 4870 1292 4939 ἠ
1316 4870 1680 4939 Πεντηκοστής
1719 4871 1844 4922 Ὅτε
1866 4870 1925 4922 τὸ
1949 4869 2210 4941 δρέπανον

637 4954 944 5007 ἐπιϐάλλειν
997 4954 1101 5005 ἔδει
1134 4951 1210 5022 τῷ
1246 4951 1473 5022 ἀμητῴ·
1519 4952 1606 5003 ὅτε
1638 4969 1761 5015 τους
1807 4956 2047 5024 καρποὺς
2084 4971 2210 5005 συν-

638 5038 792 5103 ἀγειν
815 5037 998 5106 ἐχρῆν,
1023 5033 1174 5099 Εἶδες
1198 5035 1287 5088 τὸν
1315 5037 1516 5101 τύπον;
1543 5035 1714 5088 Βλέπε
1746 5037 1907 5090 πάλιν
1942 5038 2041 5108 τὴν
2078 5037 2211 5108 ἁλή-

640 5121 805 5172 θειαν.
840 5119 969 5170 Ὅτε
1001 5120 1062 5170 τὸ
1102 5118 1365 5188 δρέπανον
1406 5117 1715 5172 ἐπιϐάλλειν
1758 5119 1863 5173 ἔδει
1910 5120 2004 5173 τοῦ
2031 5120 2210 5187 λόγου,

639 5202 729 5253 ὅτε
750 5201 840 5253 τὸν
871 5200 1078 5271 ἀμητὸν
1111 5200 1406 5270 συλλέγειν,
1430 5203 1549 5255 τότε
1580 5202 1831 5274 καθάπερ
1859 5203 2125 5274 δρέπανον
2152 5203 2213 5254 τὸ

642 5284 903 5353 Πνεῦμαα
930 5284 1265 5356 ἠκονημένον
1289 5285 1599 5355 ἐφίπταται.
1624 5288 1819 5339 ’Ἄκουε
1839 5286 1947 5355 γὰρ
1972 5286 2063 5338 τοῦ
2088 5287 2216 5355 Χρι-

644 5367 773 5421 στοῦ
820 5368 1103 5436 λέγοντος·
1139 5368 1430 5435 Ἐπάρατε
1466 5369 1609 5435 τοὺς
1646 5368 1992 5437 ὀφθαλμοὺς
2023 5368 2209 5436 ὑμῶν.

644 5452 741 5505 καὶ
792 5452 1089 5507 θεάσασθε
1125 5452 1232 5518 τὰς
1265 5454 1475 5520 χώρας,
1522 5451 1611 5506 ὅτι
1648 5453 1862 5505 λευκαί
1901 5455 2018 5505 εὶσι
2066 5452 2214 5519 πρὸς

646 5536 926 5604 θερισμὸν
953 5534 1069 5604 ἤδη
1092 5552 1106 5566 ·
1144 5535 1237 5589 καὶ
1266 5536 1448 5599 πάλιν,
1480 5535 1534 5587 '0
1563 5534 1679 5603 μὲν
1698 5535 1972 5603 θερισμὸς
1998 5534 2212 5600 πολὺς,

646 5623 697 5673 οἱ
727 5620 795 5671 δὲ
816 5618 1053 5688 ἐργάται
1085 5620 1297 5688 ὀλίγοι.
1338 5618 1498 5670 Ὥστε
1538 5617 1698 5680 αὐτὸς
1738 5616 1966 5671 ἐπέϐαλε
1998 5618 2059 5671 τὸ
2093 5617 2216 5687 δρέ-

649 5718 818 5756 πανον
863 5702 1145 5773 πρότερος.
1175 5701 1345 5762 Αὐτὸς
1377 5700 1484 5770 γὰρ
1538 5701 1808 5770 ἀνήγαγεν
1837 5701 1916 5765 εἰς
1953 5701 2215 5771 οὐρανοὺς

646 5785 920 5855 ἀπαρχὴν,
950 5784 1011 5838 τὸ
1044 5784 1200 5855 ἡμῶν
1232 5782 1577 5855 προσλαϐών.
1625 5782 1724 5836 Διά
1750 5782 1906 5836 τοῦτο
1941 5785 2035 5836 καὶ
2067 5784 2214 5853 θερι-

714 5923 742 5952 ¹
777 5919 916 5971 Alius
938 5920 1145 5995 καθάπερ
1176 5920 1265 5982 γὰρ
1302 5919 1401 5967 ἀντὶ
1444 5918 1671 5982 δρεπάνου
1700 5918 1755 5965 τὸ
1788 5916 1996 5979 Πνεῦμα.

2304 4615 2439 4685 σμδν
2468 4616 2528 4669 τὸ
2575 4615 2813 4671 τοιοῦτον
2844 4618 3016 4671 καλεῖ.
3068 4620 3165 4672 Ἐν
3208 4619 3289 4685 τῷ
3340 4619 3900 4689 συμπληροῦσθαι,

2310 4702 2463 4771 φησὶ,
2492 4702 2606 4769 τὴν
2634 4703 2861 4771 ἡμέραν
2892 4702 3001 4772 τῆς
3034 4704 3478 4771 Πεντηκοστῆς,
3508 4704 3821 4766 τουτέστιν,
3839 4706 3902 4769 οὐ

2310 4785 2415 4856 πρὸ
2446 4786 2543 4854 τῆς
2576 4786 2975 4856 Πεντηκοστῆς,
3014 4786 3151 4840 ἀλλά
3179 4788 3305 4858 περὶ
3355 4788 3544 4857 αὐτὴν,
3578 4788 3651 4849 ὡς
3681 4790 3903 4851 εἰπεῖν,

2309 4871 2406 4941 τὴν
2439 4871 2838 4941 Πεντηκοστήν.
2876 4872 3021 4924 Ἔδει
3050 4872 3159 4944 γάρ
3216 4873 3406 4943 ἑορτῆς
3441 4872 3469 4912 ὶ)
3515 4871 3680 4941 οῦσης
3728 4874 3907 4927 πάλιν

2309 4954 2483 5009 ταῦτα
2505 4954 2771 5023 γίνεσθαι,
2802 4955 2866 5007 ἵν’
2889 4956 2935 5006 οἱ
2977 4956 3242 5026 παρόντες
3262 4954 3339 5023 τῷ
3374 4953 3592 5026 σταυρῷ
3623 4954 3724 5006 τοῦ
3762 4958 3813 5008 Χ
3824 4975 3910 5027 ριν

2312 5037 2463 5103 στοῦ,
2502 5034 2647 5091 οὑτοι
2674 5040 2768 5090 καὶ
2807 5037 2979 5090 ταῦτα
3010 5039 3181 5092 ἴδωσι.
3214 5038 3319 5091 Καὶ
3346 5038 3582 5106 ἐγένετο
3614 5038 3803 5105 ἄφνω
3838 5042 3911 5093 ἐκ

2310 5123 2416 5176 τοῦ
2445 5122 2704 5189 οὐρανοῦ
2738 5118 2907 5191 ἦχος.
2948 5122 3099 5174 Διατί
3141 5122 3214 5193 μὴ
3244 5122 3410 5192 χωρὶς
3447 5121 3723 5190 αἰσθητῶν
3759 5124 3911 5176 ὑπο-

2310 5206 2617 5275 δειγμάτων
2668 5206 2823 5259 τοῦτο
2858 5205 3109 5273 γέγονενς
3143 5207 3262 5259 Ὅτι
3304 5207 3352 5258 εί
3411 5206 3504 5257 καὶ
3534 5204 3647 5276 153]
3691 5206 3916 5261 τούτου

2312 5289 2603 5359 γενομένου
2644 5289 2846 5356 ἔλεγον,
2876 5289 2957 5341 δτι
3000 5290 3307 5353 Γλεύκους
3332 5286 3791 5357 μεμεστωμένοι
3832 5294 3919 5343 sie

2313 5372 2437 5439 alr,
2469 5375 2518 5424 εἰ
2543 5374 2616 5442 μὴ
2642 5372 2799 5423 τοῦτο
2818 5372 3053 5439 ἐγένετο,
3076 5371 3126 5423 τί
3146 5373 3246 5424 οὑκ
3267 5370 3331 5424 ἂν
3353 5366 3535 5435 εἶπον;
3565 5370 3675 5438 Οὐχ
3697 5370 3918 5431 ἁπλῶς

2311 5456 2369 5510 δὲ
2396 5460 2424 5510 ὁ
2459 5452 2589 5527 ἦχος
2622 5456 2863 5523 γέγονεν,
2914 5455 3025 5507 ἀλλ’
3072 5455 3166 5507 Ἐκ
3215 5454 3321 5507 τοῦ
3363 5452 3644 5519 οὐρανοῦ.
3682 5453 3815 5505 Kal
3856 5456 3923 5506 τὸ

2313 5540 2576 5609 αἰφνίδιον
2623 5539 2679 5593 δὲ
2726 5538 3073 5609 διανέστησεν
3114 5536 3332 5599 αὐτούς.
3373 5536 3481 5590 Καὶ
3528 5533 3926 5600 ἐπλήρωσεν

2315 5623 2463 5678 ὅλον
2495 5622 2601 5676 τὸν
2627 5619 2815 5677 οἶκον.
2845 5623 3052 5693 Πολλὴν
3074 5622 3171 5693 τὴν
3214 5621 3392 5691 ῥύμην
3425 5619 3571 5687 λέγει
3597 5616 3686 5670 τοῦ
3720 5619 3928 5673 Πνεύ-

2321 5725 2509 5778 ματος.
2538 5708 2700 5777 Ὅρα.
2720 5707 2931 5769 Πάντας
2954 5708 3071 5760 ἐκεῖ
3095 5707 3423 5775 συνήγαγεν,
3452 5702 3590 5755 ὥστε
3626 5699 3727 5753 καὶ
3777 5704 3928 5768 τοὺς

2379 5854 2406 5892 b
2450 5853 2587 5901 Alius
2618 5853 2831 5899 τουτέστι
2855 5852 2945 5914 πρὸ
2976 5858 3060 5909 τῆς
3096 5852 3449 5906 Πεντηκοστῆς,
3471 5852 3553 5904 τῆς
3585 5858 3685 5906 περι
3724 5862 3929 5907 αυτ-ην,

2318 5920 2383 5971 ὡς
2416 5916 2572 5963 εἰπεῖν.
2613 5915 2742 5962 Ἔδει
2766 5916 2854 5976 γὰρ
2877 5916 3055 5975 ἑορτῆς.
