4024 6516
237 396 291 453 ιι
1224 388 1291 447 IN
1332 388 1505 445 ACTA
1552 390 1589 440 Α
1601 383 1814 443 r0570

1922 383 2076 440 RL'M.
2131 385 2360 441 HOMII..
2408 384 2495 442 ιν.
3438 396 3510 454 42

239 528 331 568 non
370 511 517 582 quod
547 510 667 567 illos
690 509 912 567 laudare
934 549 950 576 ,
977 506 1074 566 sed
1098 507 1240 581 quod
1282 506 1425 563 hunc
1452 505 1700 562 mordere
1727 520 1811 557 ve-

241 604 345 666 lint,
372 601 724 673 Coepiscopos
747 612 802 657 et
829 600 1172 673 presbyteros
1197 608 1581 654 memorantes.
1618 597 1807 660 Dulce,

239 696 395 757 aiunt,
423 694 623 748 bellum
649 694 959 763 inexpertis.
991 694 1102 749 Hoc
1124 703 1178 748 et
1201 707 1340 747 nunc
1365 691 1543 746 dicere
1569 705 1667 761 par
1692 698 1811 745 est:

244 788 339 842 imo
363 787 526 841 etiam
556 785 786 841 dicimus
813 796 1097 858 antequam
1123 787 1173 841 in
1200 796 1472 841 certamen
1495 785 1811 848 veniamus;

240 894 345 931 cum
376 889 558 934 autem
605 896 672 935 eo
711 881 957 934 venimus
980 921 994 941 ,
1027 894 1130 933 nou
1172 894 1201 932 a
1239 880 1393 947 vulgo
1417 878 1811 947 coguoscimur.

207 971 339 1026 .b'on
373 982 457 1026 est
486 974 632 1028 enim
673 973 781 1042 jam
812 974 965 1027 nobis
992 973 1187 1027 bellum
1213 981 1395 1025 contra
1428 987 1541 1036 eos,
1572 970 1660 1041 qui
1694 984 1813 1038 pau-

234 1079 381 1132 peres
421 1066 765 1134 opprinumt,
816 1079 988 1134 neque
1029 1078 1244 1134 gregem
1287 1062 1667 1124 defendimus;
1719 1059 1811 1113 sed

230 1165 280 1205 ut
306 1166 555 1221 pastores
578 1156 651 1210 illi
677 1156 745 1210 ab
773 1155 1054 1211 Ezechiele
1098 1153 1248 1226 (Cap.
1290 1155 1377 1209 5-1.
1403 1153 1462 1223 2)
1508 1152 1808 1214 metuont“.

230 1256 525 1300 mactamus
568 1259 622 1301 ct
669 1247 1006 1303 devoramus.
1037 1247 1167 1316 Quis
1205 1255 1445 1300 nostrum
1491 1255 1689 1299 tantam
1721 1260 1812 1299 cu-

228 1351 330 1388 ram
388 1337 615 1392 exhibet
656 1337 795 1393 circa
847 1354 1035 1409 greges
1078 1338 1299 1403 Christi,
1347 1349 1600 1408 quantam
1646 1337 1813 1392 Jacnb

225 1428 361 1481 circa
399 1446 591 1497 greges
623 1431 820 1485 Labani
848 1433 871 1485 ἲ
900 1432 1019 1501 quis
1048 1430 1357 1486 describere
1399 1431 1566 1499 possit
1598 1438 1809 1483 noctur-

228 1534 347 1571 num
398 1522 579 1589 gelu?
630 1522 707 1576 Ne
749 1521 877 1576 mihi
927 1522 1125 1578 dixeris
1184 1522 1459 1592 pervigilia
1505 1532 1814 1591 tantamque

225 1612 519 1666 exhibita")
549 1631 753 1670 curam.
777 1615 971 1671 Totum
1000 1617 1158 1688 igitur
1184 1618 1512 1673 contrarium
1537 1627 1637 1671 est.
1670 1617 1814 1671 Con-

224 1705 366 1758 sules
411 1718 463 1759 et
498 1706 732 1775 pra-fecti
770 1723 874 1761 non
909 1716 1055 1763 tanto
1083 1708 1332 1763 fruuntur
1362 1708 1586 1768 honore.
1614 1719 1813 1779 quanto

223 1793 267 1847 is
308 1798 403 1864 qui
454 1808 650 1864 pra-est
696 1798 975 1853 Ecclesim.
1028 1798 1084 1855 Si
1131 1800 1181 1854 in
1215 1799 1413 1869 regiam
1464 1800 1810 1870 ingrediatur,

223 1886 333 1953 quis
370 1888 582 1954 primus
627 1900 708 1942 est
734 1890 757 1943 ?
786 1891 828 1944 si
859 1890 998 1957 apud
1026 1901 1296 1945 matronas
1316 1933 1330 1955 ,
1371 1892 1416 1945 si
1450 1894 1500 1946 iu
1531 1909 1809 1961 procerum

221 1979 384 2040 a-dcs,
411 1997 574 2036 nemo
601 1984 672 2037 illi
708 1984 1069 2055 anteponitur.
1101 1984 1287 2041 Omnia
1321 1988 1591 2055 perierunt
1616 1999 1669 2042 et
1690 2005 1810 2042 cur-

220 2084 373 2139 rupla
404 2084 554 2128 sunt.
586 2075 711 2131 Hmc
738 2077 879 2141 dico,
916 2093 1019 2131 non
1049 2087 1107 2132 ut
1129 2093 1221 2133 vos
1255 2079 1456 2148 pudore
1484 2080 1808 2146 suffundam,

219 2163 305 2215 sed
358 2174 423 2217 ut
467 2175 703 2220 vestram
755 2168 1033 2223 cohibeam
1081 2169 1444 2239 cupiditatem.
1489 2172 1606 2239 Quo
1646 2174 1812 2228 uteris

217 2255 458 2319 conscio,
494 2258 540 2309 si
567 2258 776 2312 ambias
804 2261 888 2314 vel
928 2275 1026 2327 per
1056 2270 1106 2315 te
1140 2262 1219 2316 vel
1247 2278 1343 2330 per
1379 2263 1544 2316 alium
1571 2264 1594 2317 ?
1620 2266 1811 2333 quibus

218 2349 386 2402 oculis
419 2351 682 2418 respicies
707 2367 828 2406 eum
855 2355 945 2424 qui
979 2353 1071 2408 tibi
1108 2354 1206 2409 fuit
1232 2356 1476 2410 auxilio?
1500 2357 1625 2428 quid
1656 2367 1811 2426 pote-

219 2440 288 2492 ris
327 2442 400 2495 ad
450 2444 531 2497 tui
570 2444 939 2502 defensionem
982 2448 1266 2516 proferre?
1311 2448 1442 2503 Nam
1485 2452 1575 2520 qui
1618 2451 1814 2505 invitus

220 2542 433 2587 coactus
485 2534 605 2597 fuit,
660 2537 887 2604 aliquam
934 2540 1093 2594 habet
1128 2541 1560 2606 excusationem,
1603 2544 1812 2597 etiamsi

220 2626 540 2697 plerumque
572 2629 661 2683 hic
689 2647 897 2701 quoque
922 2633 1121 2687 nullam
1150 2634 1344 2689 habeat
1364 2637 1572 2690 veniam
1604 2655 1618 2690 :
1651 2649 1813 2692 carto-

221 2730 332 2769 rum
359 2720 603 2786 aliquam
635 2726 1222 2780 tamenexcusationem
1248 2728 1426 2783 habet.
1453 2728 1658 2799 Cogita,
1685 2732 1812 2801 quid

223 2811 477 2866 acciderit
506 2812 742 2869 Simoni.
771 2817 905 2883 Quid
933 2820 1076 2872 enim
1104 2819 1287 2884 refert,
1323 2822 1365 2874 si
1398 2831 1673 2892 argentum
1706 2840 1812 2879 non

223 2902 427 2955 dederis
455 2921 470 2967 ;
507 2906 553 2958 si
580 2908 788 2975 argenti
817 2907 956 2974 loco,
983 2910 1239 2977 aduleris,
1270 2922 1324 2967 et
1354 2917 1630 2969 machinas
1658 2916 1814 2969 adhi-

229 2996 347 3050 beas
375 2999 398 3049 ?
426 2999 721 3069 Argentum
741 3011 880 3055 tuum
904 3014 1063 3057 tecum
1092 3006 1154 3059 sit
1174 3005 1226 3058 in
1250 3008 1578 3075 perditionem
1598 3009 1733 3074 (Act.
1757 3010 1809 3065 8.

226 3087 333 3156 ΞΟ).
368 3090 477 3145 lloc
510 3094 589 3166 illi
617 3095 789 3158 dixit;
819 3094 1005 3166 bisque
1030 3096 1174 3152 dicet
1206 3118 1219 3153 :
1253 3102 1488 3153 Ambitio
1514 3112 1687 3156 vestra
1717 3120 1813 3155 vo-

223 3189 417 3242 biscum
463 3164 537 3237 sil
568 3186 623 3238 in
657 3187 1025 3254 perditionem,
1056 3193 1176 3257 quia
1212 3194 1435 3260 putastis
1465 3210 1558 3247 vos
1587 3194 1812 3249 humana

234 3278 537 3334 circuitione
575 3280 780 3335 donum
833 3279 928 3334 Dei
970 3261 1326 3348 possessores
1354 3300 1493 3341 esse.
1527 3288 1596 3340 At
1640 3288 1816 3343 nullus

232 3367 340 3421 talis
358 3380 438 3423 est
460 3372 485 3419 ?
514 3370 736 3427 Utinam
765 3391 870 3429 non
899 3373 1279 3448 sithUperem
1312 3392 1442 3432 sane
1472 3379 1659 3433 horum
1685 3381 1815 3435 nihil

220 3461 280 3510 ad
321 3476 417 3513 vos
446 3464 726 3531 pertinere
756 3482 769 3520 :
800 3483 940 3523 nunc
963 3478 1141 3524 autem
1174 3484 1238 3526 cx
1267 3469 1549 3523 verbnrltlll
1593 3472 1730 3525 serie
1762 3473 1814 3526 in

220 3550 313 3603 bos
341 3555 640 3610 incidimus
665 3574 962 3615 sermones.
995 3560 1177 3632 Neque
1207 3564 1375 3628 enim,
1397 3563 1611 3631 quando
1637 3564 1815 3617 avari-

215 3644 340 3697 tiam
369 3651 727 3713 inscctamur,
752 3664 934 3706 contra
954 3669 1048 3709 vos
1071 3656 1360 3725 loquimur,
1380 3654 1473 3711 sed
1504 3671 1674 3725 neque
1697 3674 1818 3709 con-

218 3743 296 3787 tra
334 3755 502 3790 nuqu
534 3741 771 3809 quidem.
803 3743 1017 3799 Utinam
1047 3762 1176 3800 vero
1207 3747 1321 3802 hzec
1347 3748 1634 3818 pharmace
1661 3764 1687 3801 τι
1718 3767 1815 3803 no-

215 3827 297 3878 bis
328 3832 528 3883 frustra
556 3843 816 3901 parentur
844 3851 857 3888 :
887 3836 1001 3891 hst‘c
1018 3849 1142 3893 sunt
1164 3839 1491 3896 medicorum
1520 3854 1658 3909 vota,
1688 3842 1818 3898 ttihil

213 3920 360 3971 alunt
408 3926 823 3990 postulantium,
853 3944 1010 3997 quam
1062 3941 1113 3981 ut
1157 3940 1277 3997 post
1306 3933 1530 3989 multum
1577 3935 1816 3992 laborem

209 4013 458 4065 remedia
494 4016 691 4067 frustra
724 4028 901 4085 parata
936 4019 1299 4089 projiciantur.
1328 4023 1451 4078 lliec
1471 4035 1524 4079 et
1552 4039 1649 4079 nos
1669 4037 1819 4097 opta-

211 4115 357 4164 mus,
398 4114 456 4155 ut
487 4105 649 4157 verba
679 4116 859 4162 nostra
891 4108 1090 4163 frustra
1136 4120 1192 4165 et
1221 4113 1272 4166 in
1303 4128 1482 4168 aerem
1524 4116 1736 4183 abeant,
1764 4128 1819 4174 et

208 4197 385 4248 verba
428 4206 636 4251 unitum
668 4199 796 4253 sint.
835 4200 1097 4272 Equidem
1129 4216 1344 4275 paratus
1384 4223 1503 4262 sum
1547 4209 1611 4263 ad
1641 4213 1817 4266 omnia

210 4290 564 4351 sustinenda,
599 4300 657 4344 ut
687 4308 794 4347 non
826 4298 894 4348 sit
921 4306 1055 4364 opus
1084 4295 1198 4352 haec
1236 4298 1434 4355 dicere.
1463 4299 1599 4370 Quin
1626 4304 1668 4357 si
1698 4305 1818 4358 vul-

211 4380 307 4442 tis,
341 4381 666 4450 tacebimus,
699 4385 826 4440 dum
854 4387 1125 4443 silentium
1168 4391 1239 4445 sit
1278 4390 1393 4448 sine
1432 4396 1689 4462 periculo.
1718 4397 1819 4453 Ne-

1921 518 2025 571 que
2073 503 2216 557 enim
2260 512 2386 573 puto
2432 502 2734 576 quempiam
2767 509 3107 575 quantumvis
3149 525 3299 566 vanze
3325 513 3515 583 gloriae

1921 593 2192 663 cupidum,
2226 595 2326 649 nisi
2356 604 2507 652 Vocet
2537 597 2828 652 necessitas
2852 638 2866 661 ,
2898 598 3031 653 velle
3058 599 3249 657 frustra
3280 617 3399 659 sese
3430 603 3514 660 ef-

1920 683 2082 738 ferre.
2109 684 2478 741 Coucedemus
2504 686 2653 741 vobis
2675 687 2973 744 doctrinam
3000 708 3014 744 :
3044 690 3157 747 inec
3177 696 3373 765 quippe
3396 710 3510 750 mae

1915 773 2002 843 jor
2028 775 2291 844 doctrina,
2315 793 2434 846 qua:
2456 779 2607 833 factis
2633 780 2807 835 docet.
2825 780 3266 853 Quandoquidem
3293 795 3347 841 et
3364 790 3508 856 opti-

1920 868 1991 921 mi
2038 868 2250 934 inedici,
2296 872 2503 926 etiamsi
2529 888 2792 944 agrorum
2827 876 2997 930 morbi
3033 879 3334 934 mercedem
3364 880 3499 950 ipsis

1922 961 2153 1027 pariant,
2184 960 2373 1015 malint
2419 971 2594 1017 tamen
2639 966 2842 1019 amicos
2880 982 3009 1021 suos
3039 970 3174 1023 bene
3200 970 3399 1026 valere.
3434 970 3505 1026 Et

1920 1068 2019 1105 nos
2045 1056 2294 1123 cupimus
2323 1069 2516 1110 omnes
2546 1056 2680 1110 bene
2707 1058 2907 1113 valere.
2937 1060 3051 1114 Non
3086 1061 3228 1115 enim
3259 1065 3504 1133 cupimus

1919 1161 2018 1199 nos
2066 1148 2316 1213 probatos
2359 1163 2515 1213 esse,
2548 1164 2642 1203 vos
2669 1159 2846 1204 autem
2882 1153 3160 1223 reprobus.
3198 1154 3424 1221 Vellem,
3459 1158 3504 1213 si

1920 1236 2031 1292 ficri
2057 1247 2270 1307 posset,
2302 1254 2474 1293 meam
2498 1255 2620 1311 erga
2646 1254 2742 1293 vos
2762 1244 3035 1297 caritatem
3064 1245 3192 1314 ipsis
3216 1243 3382 1302 oculis
3413 1262 3503 1301 ex-

1920 1327 2105 1383 hibere
2140 1347 2151 1382 :
2188 1330 2365 1384 nullus
2386 1332 2530 1386 enim
2565 1342 2746 1402 postea
2783 1351 2867 1389 me
2894 1337 3259 1407 redargueret,
3292 1340 3505 1394 etiamsi

1916 1436 2109 1489 aspero
2136 1438 2386 1477 sermone
2418 1435 2614 1479 uterer.
2663 1425 2792 1479 Nam
2821 1426 2954 1479 Fide
2987 1428 3218 1499 digniora
3244 1441 3364 1484 sunt
3391 1433 3504 1485 rul-

1917 1529 2038 1565 ncra
2063 1514 2232 1579 amici,
2251 1531 2402 1585 quam
2424 1526 2701 1584 spontauea
2722 1519 2893 1571 oscula
2912 1519 3103 1572 inimici
3119 1519 3298 1588 (Prov.
3320 1522 3503 1593 27.6).

1917 1603 2059 1657 Nihil
2092 1606 2220 1659 mihi
2246 1606 2421 1661 carius
2453 1608 2626 1673 vobis,
2655 1624 2722 1664 ne
2746 1610 2855 1679 ipsa
2883 1610 3101 1680 quidem
3127 1613 3236 1667 lux.
3261 1614 3501 1684 Optarim

1918 1697 2059 1750 enim
2086 1698 2165 1752 vel
2196 1698 2392 1753 millies
2417 1702 2697 1764 excmcari,
2724 1703 2766 1754 si
2797 1704 2873 1757 sic
2902 1705 3109 1758 animas
3139 1718 3345 1761 vestras
3369 1723 3501 1761 con.

1918 1799 2126 1844 vertere
2170 1806 2378 1860 possem
2412 1811 2423 1846 :
2452 1793 2528 1846 sic
2565 1794 2693 1846 mihi
2723 1796 2867 1849 salus
2890 1806 3068 1851 vestra
3098 1797 3210 1868 ipsa
3240 1799 3358 1853 luce
3387 1801 3504 1853 dul.
3536 1802 3553 1811 “

1916 1883 2031 1937 cior
2070 1893 2171 1937 est.
2220 1884 2355 1952 Quid
2397 1886 2539 1940 enim
2588 1898 2810 1955 prosunt
2842 1888 2967 1942 mihi
3013 1891 3219 1946 solares
3259 1894 3413 1960 radii,
3458 1895 3505 1948 si

1916 1976 2070 2030 dolor
2112 1986 2331 2046 propter
2361 1992 2454 2032 vos
2498 1989 2681 2043 ortus,
2713 1982 2899 2036 oculos
2941 1984 3174 2038 tenebris
3217 1985 3505 2041 ofl‘undat?

1917 2066 2067 2121 Tunc
2096 2069 2181 2122 lux
2209 2070 2345 2123 bona
2378 2080 2487 2136 cst,
2517 2073 2731 2140 quanth
2756 2089 2876 2127 cum
2910 2075 3089 2129 ltetitia
3118 2078 3297 2146 prodit
3329 2095 3506 2135 :mae—

1917 2160 2051 2212 remi
2081 2161 2276 2230 quippe
2304 2163 2498 2217 animm
2518 2165 2739 2219 molesta
2762 2178 2863 2221 est.
2887 2167 3037 2234 Quod
3066 2184 3195 2224 vero
3220 2185 3322 2225 non
3349 2188 3503 2227 meu-

1917 2250 2039 2312 tiar,
2066 2254 2262 2305 utinam
2287 2268 2574 2324 numquam
2596 2256 2867 2328 contingat
2887 2262 3255 2328 experimento
3276 2264 3501 2318 discere.

1917 2339 2181 2396 Ca-terum
2231 2345 2274 2399 si
2323 2346 2533 2415 quando
2584 2351 2868 2419 contigerit
2914 2355 3219 2423 quempiam
3265 2366 3499 2411 vestrum

1920 2447 2162 2499 peccare,
2194 2434 2477 2491 dormienti
2510 2440 2638 2494 mihi
2669 2441 2890 2508 adeste;
2919 2458 3154 2513 peream,
3190 2448 3233 2499 si
3265 2461 3371 2500 non
3406 2464 3497 2516 pa-

1919 2525 2156 2596 ralyticis
2210 2538 2301 2582 aut
2352 2539 2531 2586 mente
2564 2534 2734 2602 captis
2777 2536 2964 2589 similis
3017 2538 3153 2602 sim,
3209 2540 3500 2594 secundum

1920 2618 2291 2686 propheticum
2322 2620 2544 2687 dictum,
2582 2623 2645 2676 Et
2678 2625 2847 2679 lumen
2886 2630 3149 2682 oculorum
3188 2648 3413 2685 meorum
3456 2643 3502 2686 et

1918 2710 2084 2780 ipsum
2108 2723 2304 2766 nonest
2329 2731 2521 2768 mecum
2557 2718 2575 2787 (
2602 2715 2747 2772 Psal.
2780 2720 2869 2774 57.
2905 2721 3038 2792 10).
3071 2725 3201 2790 Qua:
3232 2727 3373 2780 enim
3402 2744 3502 2781 ηυ-

1917 2801 2004 2858 bis
2033 2818 2176 2873 spes,
2207 2806 2358 2861 vobis
2398 2824 2500 2862 non
2530 2811 2928 2877 proficientibus
2958 2814 2981 2867 ?
3006 2818 3126 2885 quis
3155 2834 3357 2874 maeror
3384 2836 3504 2875 esse

1919 2898 2109 2963 possit,
2142 2897 2293 2950 vobis
2345 2902 2600 2971 prmclare
2646 2904 2975 2973 agentibus?
3006 2910 3114 2961 (Leu
3159 2910 3260 2964 alis
3310 2913 3476 2967 instru

1920 2998 2039 3042 ctus
2070 2991 2272 3057 videor,
2302 3008 2420 3047 cum
2456 2994 2577 3049 boni
2605 2997 2874 3066 quidpiam
2902 2999 2970 3055 de
3000 3001 3151 3057 vobis
3176 3004 3354 3058 audio.
3388 3005 3498 3059 lm-

1922 3083 2051 3149 plete
2077 3085 2318 3153 gaudium
2344 3103 2506 3140 meum
2537 3087 2557 3159 (
2591 3086 2816 3160 Philipp.
2859 3090 2914 3145 2.
2946 3092 3047 3164 2).
3092 3095 3203 3149 Hoc
3246 3098 3417 3152 solmn
3450 3102 3500 3154 in

1920 3185 2044 3227 Vult)
2084 3175 2254 3230 habeo
2278 3218 2293 3241 ,
2326 3179 2467 3247 quod
2497 3178 2795 3235 desiderem
2835 3184 3128 3253 profectum
3158 3198 3413 3245 vestrum.
3445 3190 3500 3246 lu

1922 3264 2024 3319 hoc
2045 3280 2171 3320 vero
2191 3283 2311 3321 cum
2338 3271 2585 3325 omnibus
2606 3271 2844 3337 decerto,
2860 3278 3001 3344 quod
3025 3293 3121 3334 vos
3144 3293 3339 3348 amem,
3360 3286 3502 3354 quod

1921 3361 2249 3430 complectar
2283 3383 2295 3417 :
2330 3366 2449 3434 quia
2481 3381 2577 3421 vos
2606 3367 2734 3421 mihi
2776 3371 2953 3425 omnia
2985 3376 3136 3440 estis,
3167 3383 3221 3429 et
3250 3385 3421 3443 pater,
3451 3388 3507 3433 et

1922 3463 2113 3520 mater,
2146 3464 2200 3509 et
2226 3454 2439 3521 fratres,
2463 3468 2513 3512 et
2537 3460 2649 3515 lilii.
2680 3462 2754 3515 Ne
2779 3464 2972 3530 putetis
2990 3480 3175 3520 eorum
3204 3468 3500 3539 quidpiam,

1920 3562 2039 3616 qum
2081 3563 2109 3601 a
2143 3563 2227 3603 me
2255 3549 2522 3617 dicuntur,
2552 3568 2615 3607 ex
2648 3554 2770 3607 odio
2793 3556 3076 3625 proficisci,
3110 3559 3202 3615 sed
3232 3560 3297 3614 ad
3326 3577 3507 3618 emen-

1922 3640 2191 3697 dationem
2224 3642 2434 3714 loquor.
2478 3644 2606 3700 Nam
2640 3645 2845 3711 Frater,
2890 3649 3078 3718 inquit,
3113 3653 3199 3718 qui
3232 3654 3505 3725 adjuvatur

1931 3751 1961 3786 α
1989 3737 2177 3804 fratre,
2218 3740 2365 3808 quasi
2389 3739 2563 3792 civitas
2603 3741 2751 3808 ﬁrma
2776 3743 2795 3811 (
2821 3741 2975 3798 Prov.
3009 3744 3095 3799 18.
3128 3746 3196 3801 19
3295 3747 3374 3803 Nc
3404 3750 3504 3819 igi-

1926 3838 2010 3880 tur
2032 3829 2370 3897 indignemiui
2399 3850 2411 3885 :
2438 3848 2609 3901 neque
2635 3834 2776 3888 enim
2803 3852 2903 3906 ego
2924 3854 3231 3894 sermonem
3262 3851 3497 3896 vestrum

1926 3929 2232 3986 contemno,
2261 3922 2354 3977 sed
2387 3925 2578 3978 vellem
2611 3941 2639 3977 a
2674 3926 2828 3981 vobis
2868 3930 3164 3992 emendari,
3197 3932 3387 3986 vellem
3418 3934 3502 3988 di-

1920 4030 2093 4071 scere.
2144 4014 2343 4070 Omnes
2372 4016 2512 4069 enim
2560 4016 2749 4072 fratres
2788 4035 2993 4086 sumus,
3043 4038 3178 4077 unus
3218 4035 3299 4078 est
3327 4035 3508 4083 auten:

1924 4108 2181 4178 Magister
2209 4117 2408 4162 uoster.
2458 4106 2602 4164 Inter
2633 4108 2825 4165 fratres
2864 4127 2993 4167 vero
3023 4129 3119 4184 par
3155 4125 3258 4180 est,
3288 4127 3345 4171 ut
3375 4135 3511 4174 unus

1926 4204 2236 4273 praecipiat,
2282 4201 2371 4256 alii
2403 4202 2796 4273 obtemperent.
2826 4205 2901 4260 Ne
2942 4207 3100 4276 igitur
3138 4209 3509 4280 indignemini,

1926 4296 2018 4352 sed
2045 4296 2226 4351 omnia
2258 4295 2513 4349 faciamus
2540 4296 2605 4350 ad
2633 4296 2857 4367 gloriam
2891 4298 2979 4354 Dei
3010 4316 3025 4365 ;
3055 4301 3180 4371 quia
3212 4303 3308 4372 ipsi
3340 4303 3510 4370 gloria

1926 4395 1978 4449 iu
2006 4390 2202 4448 saecula
2224 4387 2563 4444 smeulorum.
2590 4389 2781 4443 Amen.

604 4514 3505 4543 Μ

1657 4605 2000 4670 HOMILIA
2044 4609 2148 4671 IV.

206 4740 349 4793 CAP.
411 4734 467 4786 2.
512 4749 567 4788 ν.
617 4734 669 4788 1.
719 4735 784 4789 Et
828 4753 941 4789 cum
979 4740 1311 4808 compleretur
1351 4743 1456 4796 dies
1489 4742 1822 4809 Pentecostes,

282 4837 445 4881 erant
486 4844 661 4882 omnes
702 4830 893 4898 pariter
931 4832 982 4884 in
1010 4833 1181 4886 eodem
1210 4834 1320 4889 loco
1350 4835 1445 4890 :2.
1471 4847 1516 4891 et
1543 4840 1707 4907 factus
1746 4850 1818 4893 est

284 4934 507 4990 repente
538 4922 601 4974 de
624 4923 746 4973 creto
778 4939 955 4976 sonus.

289 5016 345 5068 I.
412 5013 518 5067 Cur
568 5016 621 5066 in
662 5013 955 5070 Pentecoste
995 5019 1193 5072 advenit
1240 5019 1462 5088 Spiritus
1502 5036 1722 5080 sanctus.
1752 5055 1821 5066 —-

206 5105 353 5172 Qum
386 5117 471 5159 est
503 5104 619 5159 hzrc
656 5106 973 5163 Pentecoste
1003 5111 1026 5161 ἶ)
1066 5109 1197 5165 Cum
1243 5111 1351 5167 falx
1394 5116 1647 5169 mittenda
1680 5126 1823 5172 esset

210 5203 264 5249 in
320 5214 594 5261 "nessem,
644 5216 761 5253 cum
816 5201 1017 5255 fructus
1054 5212 1236 5259 eSsent
1279 5206 1583 5275 colligendi.
1634 5208 1819 5263 Vidisti

209 5300 416 5362 typum
447 5296 466 5323 ¹
501 5290 528 5343 ?
572 5292 700 5345 Vide
737 5292 845 5361 jam
896 5296 1193 5349 veritatem.
1226 5294 1355 5351 Cum
1410 5298 1511 5352 falx
1558 5303 1822 5354 sermonis

205 5396 373 5438 esset
407 5385 904 5448 immittenda,cum
938 5388 1125 5441 messis
1154 5388 1468 5458 colligenda.
1502 5400 1625 5444 tunc
1654 5391 1824 5460 Spiri-

208 5488 303 5531 tus
337 5488 404 5531 ut
432 5489 589 5532 acuta
619 5478 722 5532 falx
752 5478 981 5533 advolat.
1014 5480 1148 5533 Audi
1176 5496 1406 5548 namque
1437 5484 1704 5536 Christum
1734 5488 1818 5537 di-

208 5583 445 5626 centem
481 5590 495 5625 :
532 5569 717 5625 Levate
740 5572 909 5625 oculos
933 5581 1140 5636 vestros,
1164 5583 1209 5625 et
1234 5574 1394 5627 videte
1418 5575 1666 5645 regiones,
1696 5577 1816 5643 quia

210 5665 357 5717 albi?
392 5673 511 5716 sunt
541 5664 647 5728 iam
682 5662 751 5714 ad
788 5679 997 5717 messem
1024 5662 1203 5734 (Joaa.
1234 5664 1286 5718 4.
1319 5663 1390 5718 55
1419 5666 1439 5735 )
1469 5683 1483 5721 ;
1514 5681 1577 5720 ac
1615 5681 1821 5733 rursus,

282 5802 300 5830 ¹
340 5799 402 5847 lu
426 5813 526 5848 uno
543 5798 724 5849 thure
747 5795 942 5864 humilia
968 5799 1037 5849 sic
1061 5799 1229 5861 incipit
1255 5812 1267 5849 :
1299 5798 1471 5851 Vidisti
1492 5806 1678 5864 typum.
1711 5811 1825 5864 qua

218 5868 291 5911 est
319 5864 438 5911 tute
463 5868 738 5912 t'euteroste
767 5860 791 5910 ζ’
815 5869 915 5909 etc.

1934 4751 1987 4804 Μ
1995 4752 2114 4805 essis
2132 4752 2333 4822 quidem
2350 4751 2532 4815 multa,
2557 4749 2776 4820 operarii
2794 4760 2965 4804 autem
2982 4754 3129 4821 pauci
3148 4754 3163 4816 (
3174 4752 3297 4807 Luc.
3320 4754 3406 4808 10.
3430 4754 3508 4825 2).

1930 4842 2112 4912 Itaque
2143 4843 2232 4897 ille
2260 4843 2407 4912 prior
2434 4841 2624 4896 falcem
2658 4841 2900 4895 immisit.
2936 4842 3030 4897 Ille
3075 4846 3216 4897 enim
3250 4845 3513 4913 primitias

1925 4932 1991 4986 ad
2035 4934 2221 4987 czelurn
2251 4934 2483 4994 advexit,
2516 4940 2694 4987 nostra
2722 4944 2994 5004 assumpta
3023 4942 3207 4988 natura
3241 4952 3253 4987 :
3289 4936 3515 5007 ideoque

1928 5024 2055 5078 illud
2087 5040 2315 5079 messem
2347 5024 2597 5094 appellat.
2633 5024 2760 5078 Cum
2801 5025 3155 5093 compleretur,
3188 5028 3383 5097 inquit,
3409 5031 3515 5084 dies

1926 5113 2284 5179 Peutecostes;
2316 5113 2417 5169 hoc
2442 5125 2544 5179 est,
2565 5110 2671 5169 non
2702 5124 2827 5170 ante
2849 5116 3222 5185 Pentecosten,
3251 5120 3343 5174 sed
3372 5124 3512 5175 circa

1927 5205 2132 5275 ipsam,
2169 5216 2225 5260 ut
2261 5205 2332 5259 ita
2378 5206 2573 5271 dicam,
2617 5206 2989 5262 Pentecosten.
3036 5208 3327 5279 Oportebat
3369 5220 3511 5269 enim

1928 5297 2046 5353 haec
2090 5314 2275 5353 rursus
2314 5297 2435 5352 festi
2467 5308 2711 5367 tempore
2751 5302 3081 5371 contingere,
3129 5313 3186 5357 ut
3230 5306 3317 5373 qui
3366 5308 3511 5360 cruci

1927 5388 2123 5443 Christi
2175 5389 2476 5454 adfuerant,
2525 5390 2643 5446 haec
2684 5408 2898 5462 quoque
2944 5394 3209 5449 viderent.
3241 5396 3309 5450 Et
3348 5400 3514 5467 factus

1927 5492 2001 5535 est
2041 5492 2245 5551 repente
2272 5483 2334 5536 de
2361 5483 2486 5536 cwlo
2520 5501 2693 5539 sonus.
2724 5470 2833 5540 Clll‘
2860 5502 2963 5540 nou
2999 5488 3050 5542 id
3078 5490 3194 5543 sine
3240 5492 3512 5544 sensibili-

1930 5574 2029 5629 bus
2058 5576 2222 5646 signis
2255 5575 2447 5630 factum
2470 5578 2588 5631 est?
2614 5579 2896 5647 Quoniam,
2925 5581 2966 5634 si
2994 5598 3053 5635 re
3083 5582 3160 5635 sic
3189 5591 3336 5651 gesta
3364 5583 3513 5638 dice~

1929 5665 2076 5723 bant.
2109 5666 2280 5721 Musto
2304 5668 2440 5737 pleni
2470 5680 2607 5737 sunt,
2640 5674 2740 5725 nisi
2779 5688 2866 5726 res
2892 5674 2969 5727 sic
3000 5674 3131 5728 facta
3157 5674 3363 5737 finisset.
3389 5678 3514 5744 quid

1931 5776 2036 5815 non
2067 5762 2360 5817 dixissent?
2404 5762 2588 5834 Neque
2630 5765 2943 5835 simpliciter
2984 5781 3150 5821 sonus
3191 5766 3361 5823 factus
3409 5781 3513 5834 est,

1933 5853 2051 5918 sed,
2080 5854 2158 5910 De
2178 5856 2324 5911 caelo.
2352 5855 2415 5910 Et
2443 5858 2569 5927 quia
2600 5858 2909 5927 repentinus
2935 5866 3069 5922 erat,
3100 5859 3351 5912 excitavit
3398 5858 3516 5913 illos
