4024 6528
524 444 591 495 41'»
1261 437 1312 492 s.
1346 436 1622 491 JO.\N-.\'iS
1657 427 2126 488 cutn’sos'ront
2159 428 2471 482 animum.
2505 433 3034 489 (ZONSTANTINDP.
3736 432 3804 488 ιι

528 559 591 612 Et
615 558 819 626 repleuit
839 566 990 609 totam
1018 555 1244 607 domum.
1273 553 1513 622 Magnam
1541 552 1669 604 dicit
1697 552 1923 619 Spiritus
1952 550 2109 603 vehe-

525 652 802 706 mentiam.
844 647 1096 701 Attende.
1140 648 1339 698 ()mnes
1391 646 1514 710 illnc
1557 643 1918 712 congregavit,
1959 656 2009 692 ιιι
2059 650 2112 692 ιιι

527 753 816 813 praesentes
846 741 1149 804 crederent,
1195 755 1258 791 ac.
1287 738 1429 807 digni
1461 736 1891 790 ostenderentur.
1932 734 2111 802 Neque

526 838 628 891 hoe
657 844 881 896 tantum,
917 831 1009 886 sed
1049 843 1103 886 et.
1127 831 1269 883 alitul
1313 830 1469 898 longe
1497 828 1788 882 terribilius
1817 827 2026 894 atljerit.
2056 827 2108 876 3.

528 929 590 982 Et
614 937 960 998 apparuerunt
993 923 1095 976 illis
1127 921 1402 991 dispertita:
1436 920 1624 990 lingua:
1668 929 1924 985 tamquam
1959 917 2109 986 ignis.

526 1021 716 1089 inquit.
766 1018 931 1071 llecte
979 1015 1174 1081 ubique
1217 1013 1431 1065 additur
1479 1011 1630 1073 illud,
1683 1009 2000 1078 Tamquam,
2047 1022 2112 1060 ue

524 1112 649 1182 quid
677 1109 930 1165 sensibile
956 1107 1022 1161 de
1067 1106 1266 1175 Spiritu
1308 1105 1602 1160 existimes.
1636 1104 1912 1171 Tamquam
1955 1101 2108 1169 ignis,

526 1205 715 1273 inquit,
763 1213 817 1256 et
859 1211 1125 1270 tamquam
1168 1199 1405 1267 spiritus.
1452 1195 1567 1250 Non
1610 1207 1723 1249 erat
1765 1210 1894 1263 ergo
1923 1205 2113 1247 ventus

524 1294 837 1364 simpliciter
869 1309 961 1362 per
991 1305 1170 1346 aerem
1213 1290 1432 1344 ell'usus.
1464 1288 1594 1342 Nam
1627 1303 1745 1340 cum
1777 1286 1965 1341 .loauni
1996 1287 2114 1354 Spi-

525 1390 659 1440 ritus
684 1387 866 1441 debuit
894 1386 1249 1446 innotescere,
1269 1382 1419 1450 quasi
1451 1381 1501 1435 in
1533 1384 1711 1448 Spt-eie
1741 1379 1999 1433 columbae
2024 1393 2111 1430 εει⁴

527 1497 618 1549 pra
647 1480 843 1535 Christi
893 1491 1052 1550 eaput
1096 1479 1233 1532 venit
1277 1476 1470 1546 (Mare.
1514 1477 1566 1530 1.
1613 1476 1700 1529 10.
1742 1474 1869 1526 Luc.
1920 1475 1972 1528 5.
2019 1473 2109 1526 2'3.

523 1573 679 1626 Joan.
713 1575 762 1626 1.
789 1573 881 1642 52)
907 1590 919 1625 :
954 1586 1092 1626 utmc
1121 1585 1265 1627 vero.
1292 1585 1411 1622 cum
1446 1578 1551 1620 tota
1584 1565 1866 1620 multitudo
1886 1580 2110 1618 convcr-

527 1665 682 1718 tcnda
731 1675 893 1729 esset,
946 1674 1212 1730 tamquam
1263 1661 1400 1729 ignis
1453 1659 1618 1713 venit.
1669 1658 1910 1727 Seditque
1957 1672 2111 1724 supra

524 1757 749 1825 singulos
772 1771 980 1820 eorum;
1011 1753 1059 1806 id
1111 1762 1211 1816 est,
1263 1751 1480 1814 mansit,
1521 1750 1822 1819 requievit;
1869 1764 1988 1801 mnu
2021 1765 2110 1801 sc-

524 1849 674 1908 dcre,
703 1854 846 1898 stare
876 1853 929 1898 et
976 1859 1193 1897 manere
1234 1842 1518 1912 signiticat.
1567 1840 1701 1908 Quid
1746 1842 1910 1894 vero?
1951 1855 2017 1892 an
2061 1839 2110 1890 iu

523 1938 801 1991 duodecim
823 1945 1026 1990 tantum
1053 1936 1218 2001 venit,
1237 1949 1343 1989 non
1373 1935 1423 1988 in
1445 1934 1706 1988 caeteros?
1734 1931 2108 2002 Nequaquam;

524 2033 616 2085 sed
646 2031 791 2085 venit
819 2038 978 2083 etiam
1019 2029 1068 2082 in
1114 2028 1231 2082 illos
1267 2037 1478 2082 centum
1510 2026 1716 2096 viginti.
1759 2025 1941 2094 Neque
1966 2023 2112 2078 enim

524 2128 638 2186 sine
662 2139 819 2177 causa
846 2123 1034 2176 Petrus
1081 2121 1354 2190 propheta:
1388 2118 1749 2173 testimonium
1781 2115 1999 2185 protulit
2026 2113 2111 2168 di-

474 2265 477 2267 _
521 2233 650 2271 cens
681 2235 692 2269 :
729 2216 794 2268 Et
815 2226 906 2269 erit
930 2215 982 2268 in
1010 2214 1292 2268 novissimis
1317 2211 1508 2276 diebus,
1536 2212 1656 2264 dicit
1676 2209 1927 2264 Dominus
1952 2209 2107 2275 Deus,

521 2310 780 2376 e/fundam
806 2309 868 2362 de
893 2307 1092 2377 Spiritu
1124 2323 1232 2360 meo
1259 2321 1412 2374 super
1441 2322 1637 2358 omnem
1665 2321 1866 2358 carnem
1891 2319 1909 2357 :
1931 2313 1976 2356 et
1993 2320 2112 2371 pro-

520 2401 792 2462 pltetabunt
822 2400 918 2467 lilii
957 2399 1125 2461 vestri,
1163 2408 1212 2450 et
1239 2399 1362 2466 filia:
1395 2408 1603 2459 vestrae;
1637 2405 1683 2449 et
1717 2396 1930 2464 juvenes
1960 2395 2110 2448 vestri

518 2497 730 2550 visiones
753 2495 1002 2558 videbant,
1023 2505 1065 2545 et
1088 2510 1230 2547 senes
1248 2492 1394 2545 vestri
1408 2490 1603 2544 somnia
1620 2491 1940 2543 somniabunt
1972 2487 2109 2557 (Joel

516 2588 569 2641 2.
605 2588 722 2656 28).
768 2586 1145 2641 Animadverte
1178 2598 1338 2652 porro
1383 2583 1529 2636 illum
1561 2597 1666 2635 non
1699 2582 1857 2634 modo
1897 2591 1952 2633 ut
1991 2596 2110 2648 per-

517 2681 754 2742 eelleret,
786 2679 879 2733 sed
911 2679 1069 2732 etiam
1101 2686 1158 2730 ut
1182 2677 1348 2744 gratia
1383 2674 1636 2742 repleret,
1668 2674 1720 2727 in
1753 2673 1952 2743 Spiritu
1980 2687 2108 2726 san-

519 2782 606 2825 cto
634 2781 688 2826 et
719 2770 828 2841 igni
853 2769 1063 2824 venisse
1093 2787 1104 2821 :
1135 2767 1405 2836 subjungit
1427 2767 1591 2830 enim,
1621 2765 1676 2819 4.
1707 2764 1771 2818 Et
1794 2764 1969 2834 repleti
1992 2775 2108 2818 sunt

517 2845 689 2916 omnes
719 2862 917 2931 Spiritu
942 2869 1115 2913 sancto
1135 2900 1152 2924 ,
1191 2867 1238 2912 et
1269 2866 1523 2926 casperunt
1552 2855 1688 2924 loqui
1716 2855 1869 2908 uariis
1897 2855 2105 2925 linguis,

519 2963 667 3020 prout
698 2953 920 3022 Spiritus
949 2959 1153 3005 sanctus
1181 2949 1332 3002 dabat
1361 2948 1525 3015 eloqui
1553 2949 1676 3002 illis.
1721 2947 1834 3002 Non
1861 2947 2002 3002 aliud
2030 2948 2108 3000 εἱ-

517 3063 678 3117 gnum
707 3045 991 3113 accipiunt.
1021 3043 1114 3098 sed
1142 3042 1244 3101 hoc
1271 3042 1502 3111 primum
1527 3058 1542 3094 :
1573 3056 1767 3094 novum
1799 3039 1941 3094 enim
1969 3049 2102 3102 erat,

519 3155 619 3194 nec
660 3153 795 3208 opus
824 3135 920 3191 fuit
947 3136 1053 3190 alio
1079 3136 1251 3204 signo.
1277 3133 1443 3198 Sedit,
1473 3133 1664 3202 ittqttit,
1697 3150 1854 3202 supra
1881 3132 2106 3204 singulos

516 3248 719 3296 eorum.
738 3230 875 3301 Ergo
903 3228 1060 3284 etiam
1101 3242 1262 3296 supra
1291 3226 1462 3290 illum,
1491 3226 1581 3296 qui
1615 3227 1818 3281 electus
1847 3242 1951 3280 non
1995 3228 2107 3280 tne-

517 3333 622 3378 rat.
668 3323 791 3378 Ideo
816 3339 918 3376 nou
942 3321 1051 3391 jam
1087 3319 1234 3374 dolet
1276 3318 1417 3390 quod
1462 3335 1568 3373 non
1602 3319 1805 3374 electus
1853 3318 2008 3393 fuerit
2050 3328 2106 3372 ut

515 3417 769 3473 Matthias
791 3415 904 3468 ’.Ιζι
935 3414 1115 3484 repleti
1136 3423 1273 3476 sunt,
1299 3413 1487 3481 inquit,
1513 3429 1704 3466 omnes.
1735 3411 1848 3466 Non
1880 3412 2102 3480 gratiam

515 3510 748 3578 Spiritus
775 3505 1090 3578 simpliciter
1129 3513 1470 3574 acceperunt,
1499 3503 1591 3557 scd
1621 3504 1706 3556 illa
1735 3503 1922 3570 repleti
1959 3513 2100 3554 sunt.

520 3600 589 3656 Et
619 3610 876 3669 creperum
902 3599 1038 3670 loqui
1063 3599 1212 3652 variis
1235 3598 1446 3668 linguis,
1472 3607 1619 3664 prout
1650 3597 1872 3662 Spiritus
1902 3606 2104 3649 sanctus

518 3694 671 3747 dabat
693 3694 860 3762 eloqui
885 3693 1007 3745 illis.
1037 3691 1150 3745 Non
1183 3690 1426 3755 dixisset,
1474 3689 1680 3757 Omnes,
1712 3690 1835 3745 licet
1872 3704 2104 3758 przescn—

518 3795 601 3837 tes
624 3783 1074 3852 essentapostoli,
1123 3782 1221 3836 nisi
1267 3782 1354 3836 alii
1400 3797 1612 3852 quoque
1661 3782 1945 3852 participes
1973 3781 2102 3834 fuis-

517 3889 656 3931 sont.
691 3876 938 3945 Alioquin
965 3888 1166 3938 autem,
1196 3890 1316 3928 cum
1367 3875 1484 3929 illos
1511 3884 1635 3928 ante
1672 3875 1983 3928 nominatim
2015 3890 2102 3928 re-

518 3967 839 4032 censuisset,
871 3981 974 4019 nou
1009 3966 1126 4019 illos
1154 3981 1292 4019 nunc
1322 3980 1442 4018 eum
1481 3965 1600 4018 aliis
1635 3965 1886 4035 jungeret
1922 3965 1972 4018 in
2005 3965 2105 4019 hoc

517 4059 753 4128 negetio.
778 4057 908 4112 Nam
931 4057 998 4123 si,
1031 4057 1116 4110 ubi
1142 4055 1423 4110 dicendum
1455 4065 1658 4109 tantum
1687 4065 1804 4109 erat
1829 4056 2104 4126 apostolos

518 4151 776 4217 adfuisse,
807 4150 950 4218 ipsos
973 4150 1284 4202 nominatim
1314 4148 1601 4212 recensuit,
1635 4149 1802 4202 multo
1825 4148 1994 4218 magis
2017 4147 2104 4202 hic

519 4243 640 4296 illos
669 4241 1019 4296 distinxissct.

595 4333 821 4403 Spiritus
864 4343 1069 4384 sanctus
1110 4331 1161 4383 in
1202 4341 1402 4384 orantes
1446 4329 1721 4384 descendit.
1748 4359 1820 4371 --
1846 4331 2104 4386 Animad-

519 4435 669 4480 verte
695 4432 895 4483 autem,
937 4421 1206 4490 quomodo
1241 4436 1362 4475 cum
1394 4431 1737 4491 perseverant
1761 4422 1812 4475 in
1839 4425 2099 4485 oratione,

519 4532 640 4571 eum
682 4514 958 4568 caritatem
995 4521 1246 4579 servant,
1287 4521 1413 4568 tunc
1458 4512 1688 4582 Spiritus
1730 4513 1994 4570 adveniat.
2048 4515 2101 4569 lu

522 4603 838 4662 memoriam
878 4605 982 4659 illis
1003 4612 1222 4658 revocat
1245 4605 1470 4659 alteram
1495 4606 1776 4667 visionem,
1803 4623 1923 4662 eum
1954 4608 2101 4674 dicit,

523 4700 801 4769 Tamquam
844 4698 995 4768 ignis.
1055 4697 1347 4767 Tamquam
1391 4697 1526 4766 ignis
1574 4698 1715 4752 enim
1759 4699 2004 4768 apparuit
2051 4701 2102 4754 in

524 4794 679 4847 rubo.
725 4789 888 4845 Pront
929 4789 1156 4860 Spiritus
1195 4799 1400 4842 sanctus
1442 4789 1592 4842 dabat
1615 4791 1776 4859 eloqui
1818 4791 1940 4847 illis.
1973 4792 2102 4846 Nam

519 4887 726 4956 eloquia
753 4899 938 4939 eorum
977 4882 1128 4952 quasi
1171 4863 1616 4950 apophtbcgmaia
1655 4892 1828 4937 erant.
1856 4885 1908 4941 5.
1940 4882 2104 4937 Erant

522 4989 688 5032 autem
718 4978 769 5029 in
796 4974 1106 5038 Jerusalem,
1135 4974 1326 5044 inquit,
1363 4973 1642 5029 habitantes
1665 4972 1838 5030 Judtei
1866 4979 1960 5031 viri
1989 4979 2108 5032 reli-

519 5071 666 5140 giosi.
689 5068 810 5122 llarc
837 5068 1093 5122 habitatio
1122 5067 1332 5136 signum
1364 5066 1632 5136 religionis
1653 5075 1787 5122 erat.
1803 5068 2106 5137 Quomodo?

519 5165 652 5217 Cum
685 5178 715 5216 e
743 5171 820 5215 tet
849 5161 1151 5215 nationibus
1177 5168 1375 5225 essent,
1405 5160 1654 5230 patriam,
1674 5160 1882 5228 domos,
1911 5179 2103 5233 cogna-

523 5263 606 5306 tos
646 5254 993 5321 reliquerant,
1026 5261 1073 5304 et
1108 5250 1215 5304 illic
1251 5250 1579 5307 habitabant.
1620 5252 1752 5308 Nam
1797 5255 1871 5308 ait
1900 5273 1913 5309 :
1947 5255 2106 5310 Erant

520 5347 574 5398 in
617 5343 905 5398 Jerusalem
955 5343 1231 5394 lmbituntes
1259 5340 1447 5406 Judtei,
1476 5344 1570 5397 viri
1605 5344 1850 5416 religiosi,
1879 5362 1942 5400 ex
1969 5350 2107 5400 omni

521 5437 744 5500 natione,
788 5450 902 5501 qua:
940 5437 1030 5486 sub
1076 5436 1198 5487 εαξῐο
1238 5445 1329 5487 est.
1361 5434 1413 5488 6.
1442 5433 1604 5490 Facta
1646 5447 1815 5492 autem
1859 5439 1954 5493 hac
1991 5456 2108 5494 voce

522 5528 752 5581 reiiveiiit
780 5527 1068 5591 multitudo,
1092 5535 1136 5578 et
1162 5535 1325 5577 mente
1352 5529 1564 5596 confusa
1584 5536 1674 5582 est.
1699 5528 1834 5598 Quia
1861 5531 1913 5584 in
1946 5530 2107 5586 domo

529 5637 614 5673 res
642 5628 788 5686 gesta
816 5627 918 5682 est,
947 5617 1067 5684 jure
1092 5617 1181 5686 qui
1207 5616 1337 5669 loris
1365 5624 1519 5670 erant
1537 5621 1906 5676 accnrrebant.
1935 5622 2108 5678 Mente

523 5715 744 5765 conl'nsa
777 5721 858 5765 est
897 5709 1202 5764 multitudo.
1225 5708 1362 5776 Quid
1406 5709 1664 5780 signiticet
1701 5711 1851 5781 illud,
1885 5715 2108 5786 Confusa

591 5853 608 5916 ἢ
636 5847 732 5916 _Atii
769 5847 1011 5916 legunt...
1045 5863 1069 5916 ς
1100 5858 1258 5916 supra
1298 5845 1530 5916 singulos.
1551 5859 1738 5916 eorum.
1779 5865 1821 5916 s_
1842 5851 2107 5904 Considera

522 5911 641 5962 milii
662 5907 896 5974 quomodo
918 5922 1010 5960 non
1029 5907 1188 5961 doleat
1219 5909 1346 5969 Quod
1373 5907 1467 5959 non
1485 5907 1664 5962 electus
1687 5910 1854 5970 fuerit.

2217 552 2333 604 est?
2383 553 2649 620 Turbata,
2701 556 2959 610 admirata
3005 567 3104 610 est.
3152 554 3351 611 Deinde
3396 555 3806 610 admirationem

2219 644 2359 698 illam
2401 645 2681 700 declarans
2713 648 2782 700 ita
2817 650 2990 718 pergit
3024 668 3036 701 :
3071 650 3322 715 Quoniam
3367 648 3602 700 audiebat
3643 664 3803 700 imus-

2216 737 2426 804 quisque
2451 736 2625 806 lingua
2665 756 2756 790 sua
2780 739 2895 792 illos
2921 741 3197 807 loquentes.
3230 739 3281 791 7.
3311 736 3376 790 Et
3406 739 3636 791 convenit
3665 737 3804 790 mul-

2218 827 2398 891 titudo,
2423 837 2467 881 et
2497 828 2626 880 inter
2655 847 2707 882 sc
2729 831 2962 884 dicebant
2991 847 3009 883 :
3046 829 3232 883 Nonne
3258 846 3368 882 erce
3395 829 3482 881 isti
3508 846 3700 894 omnes,
3719 830 3806 899 qui

2218 922 2510 988 loquuntur,
2563 918 2765 973 Galilwi
2802 923 2959 974 sunt?
2992 923 3068 974 Ad
3096 923 3368 991 apostolos
3406 923 3585 974 statim
3635 921 3805 990 respi-

2218 1007 2384 1063 ciunt.
2416 1009 2468 1063 8.
2514 1010 2576 1062 Et
2624 1012 2873 1079 quomodo
2903 1028 2996 1066 nos
3035 1013 3272 1066 audimus
3311 1012 3652 1082 unusquisque
3702 1012 3805 1064 lin-

2217 1117 2369 1167 guam
2408 1113 2645 1168 nostram,
2663 1105 2712 1156 in
2739 1121 2838 1174 qua
2867 1106 2974 1158 nati
2998 1122 3170 1158 sumus
3187 1105 3214 1158 ?
3243 1103 3454 1169 Part/ti,
3481 1114 3526 1157 et
3553 1104 3724 1167 Medi,
3756 1117 3807 1156 et

2218 1195 2486 1261 Elamitw,
2521 1207 2566 1250 et
2611 1199 2697 1266 qui
2727 1197 2952 1252 habitant
2994 1198 3444 1266 Mesopotamiam,
3474 1195 3711 1250 Judazam
3755 1205 3807 1249 et

2218 1289 2628 1360 Cappadociam,
2691 1291 2911 1345 Pontum
2950 1305 2996 1344 et
3040 1292 3240 1355 Asiam,
3291 1290 3377 1345 10.
3430 1289 3711 1361 Phrygiam
3755 1298 3808 1342 et

2221 1383 2582 1453 Pamphyliam
2606 1426 2621 1449 ,
2649 1383 2940 1456 [Egyptian
2964 1394 3007 1438 et
3034 1397 3201 1454 partes
3227 1381 3420 1454 Libya',
3443 1399 3557 1453 qua:
3575 1392 3645 1437 est
3670 1384 3807 1435 circa

2219 1476 2465 1546 Cyrenen,
2499 1488 2544 1530 et
2565 1479 2770 1531 advena:
2794 1477 3032 1542 Romani,
3064 1479 3122 1532 11
3180 1475 3354 1530 Judwi
3386 1491 3582 1546 quoque
3607 1483 3652 1527 et
3681 1492 3806 1544 pro-

2216 1570 2381 1638 selyti,
2414 1570 2580 1623 Cretes
2603 1580 2648 1622 et
2679 1570 2866 1623 Arabes
2895 1570 3166 1622 :audimus
3205 1584 3288 1621 eos
3318 1567 3573 1637 loquentes
3621 1564 3811 1618 nostri!

2217 1662 2402 1730 linguis
2444 1663 2698 1731 mugnalia
2736 1661 2852 1716 Dei.
2899 1660 2982 1716 12.
3030 1660 3312 1729 Stupebant
3351 1669 3521 1713 autem
3562 1675 3732 1712 omnes
3757 1671 3809 1710 et

2217 1755 2528 1807 mirabantur
2553 1797 2566 1811 .
2609 1755 2675 1806 ad
2718 1755 2928 1807 invicem
2975 1753 3238 1806 dicentes:
3265 1751 3520 1819 Quidnam
3562 1752 3663 1803 vult
3709 1751 3807 1802 hoe

2216 1847 2356 1900 esse?
2381 1846 2545 1898 Viden
2573 1847 2691 1900 illos
2719 1846 2786 1897 ab
2810 1845 3026 1900 Oriente
3057 1845 3107 1898 iu
3135 1843 3476 1899 Occidentem
3501 1858 3760 1897 accurren
3779 1871 3796 1880 -

2219 1949 2298 1992 tes
2325 1939 2380 1989 ‘?
2405 1939 2488 1992 15.
2517 1937 2617 1991 Alii
2643 1947 2832 2004 autem,
2861 1937 3055 2007 inquit,
3086 1936 3348 1990 irridentes
3385 1935 3636 2000 dicebant,
3672 1934 3810 1999 Quia

2217 2042 2382 2083 musto
2407 2032 2542 2100 pleni
2566 2039 2703 2083 sunt.

2286 2125 2340 2178 2.
2372 2124 2414 2178 Ο
2443 2124 2741 2177 vesaniam!
2765 2137 2800 2177 0
2830 2123 3096 2192 ingentem
3139 2121 3465 2190 nequitiam!
3514 2119 3671 2189 Atqui
3705 2134 3810 2174 nec

2217 2225 2425 2284 tempus
2452 2223 2568 2268 erat
2597 2214 2912 2268 vindemia):
2944 2224 3058 2267 erat
3083 2215 3223 2268 enitn
3257 2214 3588 2267 Pentecoste.
3620 2211 3808 2280 Quod-

2215 2324 2319 2378 que
2361 2307 2577 2377 gravius
2625 2317 2726 2371 est,
2775 2306 3152 2360 conﬁtentibus
3200 2305 3471 2370 omnibus,
3522 2304 3803 2367 Romanis,

2215 2402 2591 2473 proselytis,et
2617 2401 2752 2455 forte
2776 2416 2838 2455 ex
2880 2401 2944 2453 iis
2981 2403 3069 2471 qui
3121 2387 3514 2462 crncilixcranl,
3568 2398 3641 2451 illi
3692 2408 3804 2451 tam

2215 2494 2396 2548 multis
2432 2494 2598 2564 signis
2628 2493 2787 2547 editis
2815 2492 3018 2556 dicunt,
3040 2489 3210 2545 illusto
3237 2491 3371 2559 pleni
3395 2500 3531 2544 sunt.
3551 2488 3654 2545 Sed
3682 2507 3809 2559 qu:e

2213 2600 2370 2654 supra
2399 2583 2536 2638 dicta
2562 2594 2687 2637 sunt
2715 2593 3043 2651 repetamus.
3081 2581 3328 2651 Ileplevit,
3357 2581 3545 2651 inquit,
3571 2581 3806 2635 domum.

2212 2676 2442 2747 Spiritus
2469 2676 2621 2745 quasi
2645 2675 2843 2744 piscina
2876 2689 3026 2743 aqua:
3049 2674 3162 2726 luit.
3196 2672 3334 2742 Ignis
3359 2687 3486 2727 vero
3509 2681 3564 2727 et
3592 2673 3806 2740 copiam

2212 2779 2268 2824 et
2294 2768 2686 2824 vehementiam
2731 2768 3014 2836 signiﬁcat.
3057 2765 3197 2820 Nihil
3241 2766 3343 2821 tale
3369 2766 3560 2820 accidit
3600 2767 3650 2820 iu
3678 2781 3811 2836 pro-

2213 2861 2420 2930 phetis;
2451 2861 2543 2916 sed
2563 2875 2704 2916 nunc
2729 2860 2808 2916 sic
2835 2859 2958 2922 illis,
2982 2858 3258 2929 prophetis
3287 2867 3464 2914 autem
3488 2859 3591 2914 alio
3617 2860 3806 2914 modo.

2213 2952 2511 3024 Capitulum
2563 2953 2706 3008 enim
2765 2951 2884 3007 libri
2926 2951 3106 3005 datum
3135 2960 3219 3004 est
3243 2950 3533 3017 Ezechieli,
3563 2960 3617 3004 et
3655 2965 3810 3007 com-

2211 3046 2322 3100 edit
2349 3060 2410 3100 ea
2438 3061 2557 3115 qnze
2589 3045 2826 3099 dicturus
2853 3051 2970 3098 erat
3002 3059 3015 3095 :
3048 3039 3265 3095 Factum
3285 3052 3354 3096 est
3385 3054 3573 3111 autem,
3609 3042 3807 3113 inquit,

2211 3140 2264 3193 in
2308 3155 2393 3192 ore
2438 3139 2546 3207 ejus
2591 3147 2643 3190 ut
2677 3137 2777 3190 mel
2811 3135 3103 3188 dulcescens
3130 3132 3346 3202 (Ezeelt.
3377 3134 3435 3189 5.
3467 3134 3541 3205 '5).
3579 3134 3642 3188 Et
3685 3148 3812 3187 rur-

2211 3250 2328 3289 sum
2371 3249 2558 3289 manus
2607 3233 2702 3287 Dei
2745 3232 2913 3301 tangit
2957 3230 3191 3297 linguam
3248 3228 3472 3284 alterius
3525 3226 3810 3299 propheta:

2213 3327 2349 3397 (Jer.
2377 3326 2526 3394 L9).
2552 3325 2646 3380 llic
2673 3340 2798 3380 vero
2820 3326 2933 3395 ipse
2958 3326 3187 3396 Spiritus
3215 3330 3430 3378 sanctus
3460 3329 3580 3376 est:
3612 3321 3808 3389 sicque

2210 3435 2305 3489 par
2332 3429 2415 3474 est
2461 3420 2662 3472 honore
2703 3418 2839 3472 l’atri
2869 3428 2923 3473 et
2953 3418 3108 3472 Filio.
3143 3417 3452 3486 Rursusque
3487 3412 3612 3467 alibi
3653 3412 3732 3466 ait
3787 3429 3803 3466 :

2210 3511 2546 3569 Lamentatio,
2579 3520 2624 3563 et
2651 3512 2921 3571 canticum,
2945 3521 2990 3564 et
3019 3526 3092 3564 va:
3117 3508 3328 3581 (Ezeclt.
3346 3507 3403 3560 ‘2.
3425 3507 3500 3576 9).
3528 3505 3635 3560 Illis
3664 3519 3804 3574 ergo

2206 3605 2327 3672 jure
2355 3605 2404 3656 in
2444 3603 2581 3656 libro
2623 3603 2806 3656 datum
2852 3613 2932 3656 est
2966 3621 2980 3656 :
3023 3617 3146 3656 nam
3191 3597 3632 3655 similitudinibus
3669 3612 3808 3667 ege-

2213 3696 2336 3749 bant
2357 3713 2370 3750 :
2392 3710 2612 3764 remque
2642 3694 2715 3748 illi
2732 3693 2998 3749 habebant
3023 3710 3143 3749 cum
3163 3709 3264 3748 una
3289 3704 3488 3746 tantum
3513 3701 3670 3762 gente
3695 3691 3804 3744 sibi

2209 3788 2422 3858 propria
2457 3805 2470 3841 :
2505 3786 2556 3840 hi
2588 3774 2714 3841 vero
2747 3803 2867 3840 eum
2901 3787 3151 3843 universo
3177 3785 3402 3849 orbe,et
3426 3801 3545 3839 cum
3572 3784 3635 3838 iis
3660 3797 3807 3854 quos

2211 3897 2316 3935 non
2347 3891 2625 3935 noverant.
2665 3880 2889 3934 Elis:cns
2920 3896 3015 3949 per
3055 3879 3287 3934 meloteu
3335 3877 3558 3948 gratiam
3602 3877 3807 3943 accipit

2211 3971 2421 4044 (Liteg.
2449 3971 2530 4039 2);
2557 3972 2691 4025 alius
2715 3988 2805 4040 per
2824 3971 3019 4036 oleum,
3052 3981 3109 4024 ut
3139 3969 3302 4024 David
3323 3971 3399 4037 (t.
3423 3968 3546 4038 Reg.
3569 3967 3758 4038 tti.t'5)
3785 3981 3803 4033 ;

2210 4065 2420 4137 Moyses
2469 4080 2561 4134 per
2609 4067 2782 4135 ignem
2827 4065 2943 4117 rubi
2994 4061 3440 4131 vocatnr(Ea:od.
3479 4062 3531 4115 ’5.
3559 4059 3641 4129 2).
3691 4059 3804 4115 Sed

2211 4155 2297 4210 hic
2320 4169 2506 4220 secus;
2539 4157 2653 4225 ipse
2697 4171 2926 4224 namque
2953 4155 3088 4224 ignis
3135 4155 3348 4209 insedit.
3380 4153 3484 4208 Sed
3525 4169 3621 4208 cur
3660 4154 3809 4224 ignis

2211 4265 2315 4304 non
2345 4249 2418 4303 ita
2462 4249 2707 4317 apparuit
2733 4257 2791 4302 ut
2831 4247 3077 4316 impleret
3103 4245 3355 4301 dounnn?
3380 4245 3513 4312 Quia
3553 4245 3810 4303 exterriti

2211 4340 2453 4395 fuissent.
2486 4340 2587 4395 Sed
2615 4340 2850 4394 ostendit
2880 4339 3110 4409 idipsum
3141 4339 3404 4394 evenisse.
3431 4338 3508 4394 Ne
3541 4341 3801 4395 attendas

2209 4435 2350 4489 enim
2382 4434 2520 4503 quod
2543 4435 2756 4494 dixerit.
2782 4435 3143 4504 Apparuerunt
3166 4431 3270 4486 illis
3293 4433 3567 4499 dispertita,
3586 4431 3807 4502 lingua,

2209 4527 2304 4584 sed
2332 4528 2504 4598 ignem
2534 4527 2696 4584 fuisse
2720 4526 3050 4581 consideres.
3084 4525 3288 4580 Tantus
3316 4526 3453 4595 ignis
3477 4526 3806 4580 immensam

2209 4621 2416 4691 sytvam
2455 4628 2630 4689 potest
2674 4617 2974 4673 incendere.
3011 4620 3088 4672 Ac
3121 4627 3262 4672 recte
3289 4617 3436 4682 dicit,
3483 4616 3806 4686 Dispertitae.

2211 4713 2287 4766 Ex
2317 4727 2416 4765 nua
2445 4712 2585 4765 enim
2633 4710 2812 4765 radice
2837 4712 2857 4741 ³
2889 4722 3072 4773 erant;
3102 4718 3159 4762 ut
3183 4708 3359 4764 discas
3391 4709 3498 4764 vim
3535 4711 3811 4778 operandi

2209 4821 2332 4860 esse
2361 4822 2390 4858 a
2412 4805 2693 4860 Paraclcto
2739 4803 2979 4858 missam.
3012 4802 3288 4872 Perpende
3315 4811 3490 4858 autem
3534 4803 3656 4857 illos
3686 4807 3816 4872 pri-

2209 4913 2354 4952 mum
2385 4897 2574 4966 dignos
2601 4895 2899 4950 declaratos
2919 4909 3072 4959 esse,
3103 4903 3158 4948 et
3180 4894 3304 4949 hinc
3323 4893 3596 4964 accepisse
3625 4895 3821 4963 Spiri-

2212 5002 2320 5045 tutu
2369 4999 2641 5056 sanctum,
2672 4989 2808 5043 utin
2843 4987 3038 5041 Davide
3063 4986 3256 5041 accidit
3288 5003 3301 5038 :
3329 5002 3451 5041 nam
3476 5003 3594 5056 qua:
3620 4987 3717 5043 ille
3749 4987 3816 5043 iu

2210 5081 2436 5137 ovilibus
2482 5079 2701 5144 fecerat,
2729 5078 2916 5133 eadem
2959 5078 3083 5132 fecit
3128 5085 3250 5149 post
3291 5077 3571 5133 victoriam
3603 5088 3654 5132 et
3684 5089 3823 5133 tro-

2212 5189 2404 5244 pamm,
2440 5181 2498 5225 ut
2528 5172 2699 5240 palam
2725 5180 2868 5225 esset
2910 5170 3042 5224 tides
3070 5169 3204 5239 ejus.
3241 5168 3378 5224 Vide
3401 5184 3610 5224 rnrsnm
3645 5171 3825 5243 Moy-

2211 5281 2326 5320 sem
2346 5265 2434 5334 qui
2458 5265 2570 5334 ipse
2585 5278 2795 5333 quoque
2816 5263 3014 5332 regiam
3038 5264 3366 5334 deSpicicbat
3397 5263 3653 5335 (Exodi
3683 5267 3745 5321 tt
3765 5271 3824 5335 ),

2211 5369 2265 5413 et
2289 5366 2405 5426 post
2447 5356 2796 5426 quadraginta
2824 5369 2998 5410 annos
3045 5356 3428 5425 rempublicam
3457 5356 3830 5411 administra-

2211 5454 2318 5517 vit;
2365 5449 2666 5506 Samuelem
2710 5448 2765 5504 in
2811 5450 3012 5518 templo
3053 5448 3334 5505 educatum
3360 5451 3436 5517 (1.
3469 5449 3595 5522 Reg.
3622 5451 3682 5506 5.
3713 5452 3772 5519 3)
3809 5472 3828 5514 ξ

2278 5609 2293 5638 ¹
2330 5613 2458 5655 Unus
2501 5606 2651 5655 habet
2681 5616 2696 5655 :
2743 5601 2912 5672 f’iden’
2942 5604 3071 5672 unde
3109 5602 3402 5672 aligerorum
3441 5603 3594 5655 instar
3635 5606 3837 5672 orbe-.-u

2212 5676 2457 5719 terrarum
2479 5665 2827 5731 percurrat-int.
2865 5673 2995 5717 l-tsnc
3016 5665 3278 5718 lectionem
3326 5677 3565 5732 sequutus
3588 5677 3665 5718 est
3693 5669 3842 5719 lira-

2213 5744 2498 5860 srfliusbnus
2551 5787 2733 5860 habet,
2770 5789 2910 5860 (inde,
2941 5803 3032 5860 pro
3055 5824 3070 5848 ,
3095 5789 3281 5841 radice.
3302 5791 3364 5841 Et
3387 5791 3568 5860 iam...
3587 5800 3843 5860 opma-

2215 5852 2555 5968 (ἐξιοὸιᾶῗδῗηιη
2577 5865 2594 5904 :
2615 5854 2701 5916 qui
2711 5852 2840 5916 ignis
2859 5852 3014 5902 iustar
3037 5861 3235 5916 peccata
3268 5853 3436 5904 mundi
3459 5855 3596 5914 quasi
3619 5854 3848 5917 lignum

2277 5930 2322 5964 ιη
2413 5930 2452 5968 si
2482 5951 2494 5964 .

2277 5930 2494 5968 ιηοιιεδίι.
