4024 6494
232 432 294 486 ιε
1240 418 1305 472 IN
1343 417 1516 473 ACTA
1560 414 2328 481 APOSTOLORUMJIOMIL.
2371 423 2460 481 tv.
3424 435 3495 490 to

229 548 509 609 Elismum,
544 540 635 611 qui
670 518 860 594 omnia
895 534 1097 591 dimisit
1129 536 1205 605 ('5.
1241 533 1365 605 Reg.
1395 533 1481 589 19.
1509 533 1624 605 ei);
1663 533 1800 587 Eze-

224 639 444 694 eliielem
489 635 638 688 item.
686 629 840 699 Quod
869 643 998 685 vero
1042 630 1123 683 sic
1150 629 1410 693 evenerit,
1456 628 1620 697 liquet
1647 642 1710 681 ex
1739 627 1806 681 iis

226 749 341 802 qua:
386 735 607 798 sequuta
651 734 778 780 sunt
809 738 969 779 :nam
1001 722 1054 775 hi
1081 735 1175 775 sua
1219 722 1398 776 omnia
1450 722 1799 791 reliquerunt.

226 825 344 878 Ideo
386 830 510 874 tunc
547 816 804 888 Spiritum
840 812 1146 883 accipiunt.
1196 828 1316 867 cum
1357 813 1605 867 virtutem
1649 827 1799 867 suam

219 912 595 969 ostendissent.
637 906 943 962 Didicerant
988 904 1273 959 humanam
1302 904 1660 959 infirmitatem
1706 919 1801 973 per

220 1021 296 1065 ea.
319 1019 438 1074 qua:
466 1001 608 1071 passi
624 999 834 1055 fuerant
858 997 1181 1052 :didicerant
1201 1010 1260 1049 se
1283 1012 1389 1049 non
1414 994 1606 1049 frustra
1634 995 1800 1063 probe

218 1114 327 1153 rem
351 1096 604 1166 gessisse.
623 1096 711 1152 Sic
737 1105 793 1150 et
817 1095 941 1151 Saiil
967 1107 1088 1148 cum
1112 1090 1475 1146 testimonium
1503 1088 1800 1156 accepisset

215 1206 270 1244 se
308 1189 512 1243 bonum
543 1204 664 1244 esse
692 1187 1157 1256 virum,Spiritum
1182 1183 1414 1251 accepit;
1444 1182 1537 1237 sed
1554 1197 1619 1236 eo
1639 1180 1800 1234 modo

213 1299 316 1352 quo
345 1298 494 1337 nunc
533 1281 799 1352 discipuli,
824 1296 1013 1345 nemo;
1057 1293 1228 1348 neque
1258 1276 1467 1348 Moyses
1507 1277 1596 1346 qui
1629 1276 1801 1344 major

212 1375 494 1445 prophetis
532 1383 667 1430 erat.
693 1373 827 1428 Nam
875 1372 983 1438 ille,
1016 1387 1136 1425 cum
1165 1378 1437 1440 oporteret
1475 1368 1608 1422 alios
1637 1367 1799 1436 spiri-

213 1468 388 1521 tualcs
435 1466 618 1531 effici,
667 1465 979 1519 imminutus
1016 1472 1115 1517 est.
1148 1462 1243 1515 Hic
1290 1476 1416 1515 vero
1456 1475 1561 1514 non
1608 1458 1799 1514 eodem

211 1560 397 1623 modo,
424 1558 519 1613 sed
567 1556 1015 1628 quemadmodum
1045 1554 1110 1607 ad
1138 1554 1312 1624 ignem
1343 1560 1473 1622 quot
1513 1551 1652 1605 volet
1679 1550 1797 1620 qni-

206 1655 284 1708 vis
310 1654 565 1707 lucernas
588 1650 865 1714 accendet,
898 1664 996 1705 nec
1017 1649 1218 1703 minuet
1247 1648 1446 1717 ignem,
1480 1644 1556 1699 sic
1583 1656 1637 1699 et
1665 1659 1800 1713 apo-

208 1748 362 1800 stolis
416 1754 543 1800 tunc
571 1744 813 1814 contigit.
859 1742 991 1797 Nam
1023 1757 1119 1811 per
1148 1742 1320 1811 ignem
1360 1755 1463 1793 non
1493 1737 1653 1793 modo
1680 1753 1801 1808 gra-

206 1840 290 1890 tia:
322 1839 551 1891 ubertas
578 1834 988 1899 ostendebatur;
1034 1832 1128 1887 sed
1152 1834 1373 1902 quisque
1401 1830 1601 1885 fontem
1629 1829 1797 1897 Spiri-

207 1942 284 1982 tus
311 1908 643 1996 accipiebat,
675 1936 730 1981 ut
756 1926 890 1981 dixit
941 1927 1049 1991 ille,
1081 1940 1174 1980 eos
1201 1926 1291 1994 qui
1320 1929 1370 1978 in
1394 1941 1454 1979 se
1492 1923 1796 1987 crederent,

204 2030 532 2089 accepturos
562 2034 682 2073 esse
704 2018 905 2073 fontem
936 2032 1088 2087 aqua:
1112 2017 1351 2071 salientis
1380 2018 1430 2069 in
1452 2016 1611 2069 vitam
1644 2026 1799 2069 teter-

203 2128 322 2166 nam
358 2112 550 2181 (Joan.
582 2112 635 2166 4.
667 2111 758 2182 11)
789 2129 801 2163 :
835 2110 994 2180 idque
1038 2110 1159 2177 jure
1206 2109 1417 2163 merito.
1446 2107 1626 2177 Neque
1656 2108 1797 2161 enim

200 2221 317 2258 cum
352 2204 639 2258 Pharaone
667 2202 984 2273 disputaturi
1013 2202 1287 2265 abierant,
1317 2199 1410 2253 sed
1440 2214 1557 2253 cum
1585 2199 1799 2254 diabolo

202 2297 519 2366 pugnaturi.
557 2294 819 2365 Quodque
863 2293 1157 2349 mirabilius
1199 2302 1302 2357 est,
1339 2294 1484 2346 missi
1518 2309 1622 2348 non
1648 2307 1800 2362 repu-

200 2400 455 2457 gnarunt,
486 2406 587 2444 nec
612 2390 859 2444 dixerunt
889 2404 947 2443 se
967 2388 1151 2459 gracili
1178 2403 1305 2442 voce
1334 2396 1387 2441 ct
1410 2386 1584 2457 lingua
1621 2387 1801 2442 tardos

198 2500 316 2540 esse
349 2484 557 2555 (Exod.
582 2485 637 2539 4.
668 2482 791 2554 10);
824 2481 1031 2554 Moyses
1059 2482 1200 2538 enim
1234 2482 1355 2536 illos
1386 2482 1451 2536 ad
1484 2482 1586 2536 hoc
1613 2480 1796 2537 erudi-

201 2590 334 2632 erat.
348 2576 470 2632 Non
490 2577 763 2643 dixerunt,
780 2576 1087 2645 sejuniores
1107 2591 1246 2639 esse;
1270 2592 1389 2630 nam
1408 2574 1665 2630 Jcremias
1681 2576 1798 2630 illos

201 2670 517 2726 instituerat
548 2669 681 2738 (Jer.
713 2673 765 2726 1.
796 2671 875 2739 6).
904 2669 1062 2739 Atqui
1108 2670 1272 2723 multa
1317 2668 1598 2723 audierant
1639 2669 1797 2724 terri-

201 2764 345 2829 bilia,
394 2765 698 2834 multoque,
732 2780 891 2835 quam
938 2765 1031 2828 illi,
1064 2765 1265 2835 majora
1293 2782 1304 2816 :
1335 2774 1388 2819 et
1419 2774 1594 2817 tamen
1640 2764 1794 2817 veriti

203 2869 321 2914 sunt
348 2858 750 2914 contradicere.
796 2858 932 2913 Hinc
959 2859 1130 2928 palam
1160 2867 1241 2913 est
1267 2873 1359 2913 eos
1391 2858 1551 2911 fuisse
1580 2856 1799 2925 angelos

205 2950 350 3015 lucis,
374 2960 432 3004 et
458 2965 817 3018 supernorum
849 2965 1025 3004 rerum
1061 2950 1353 3004 ministros.
1372 2950 1437 3001 Et
1456 2950 1560 3003 illis
1585 2948 1796 3018 quidem

208 3043 256 3097 in
284 3053 423 3097 terra
453 3041 740 3112 agentibus
761 3040 937 3096 nullus
964 3042 1031 3096 de
1058 3043 1193 3098 ctelo
1216 3042 1496 3112 apparuit;
1527 3041 1620 3096 sed
1653 3050 1797 3111 post-

214 3151 358 3203 quam
394 3134 651 3189 ascendit
694 3135 867 3189 Homo
906 3151 1118 3190 sursum
1143 3177 1158 3199 ,
1208 3133 1442 3205 Spiritus
1476 3151 1506 3190 e
1551 3135 1798 3204 supernis

216 3226 446 3291 advenit;
476 3224 760 3296 Tamquam
782 3227 1191 3294 supervenientis,
1216 3226 1405 3296 inquit,
1429 3227 1638 3296 spiritus
1654 3227 1800 3280 vehe-

216 3319 402 3373 utentis.
450 3317 595 3371 Hinc
630 3317 864 3372 declarat
890 3318 1021 3382 fore,
1051 3327 1109 3372 ut
1132 3317 1264 3374 nihil
1292 3319 1458 3388 possit
1484 3319 1612 3387 ipsis
1649 3319 1793 3373 obsi-

208 3419 364 3476 Stere,
397 3409 496 3464 sed
532 3408 775 3464 inimicos
805 3410 870 3464 ab
896 3409 1025 3479 ipsis
1068 3409 1305 3479 pulveris
1339 3411 1506 3464 instar
1534 3410 1798 3465 ventilan-

205 3499 298 3553 dos
340 3515 489 3555 esse.
541 3497 607 3552 Et
655 3500 861 3566 repleuit
908 3508 1064 3555 totam
1117 3500 1340 3555 domum.
1362 3500 1559 3556 Domus
1615 3502 1798 3557 mundi

205 3592 513 3662 symbolum
535 3600 669 3646 erat.
689 3591 930 3662 Seditque
958 3608 1115 3662 supra
1133 3592 1358 3664 singulos
1375 3608 1566 3647 eorum.
1589 3593 1657 3647 Et
1677 3610 1796 3647 con-

204 3687 336 3739 tertii
354 3683 655 3750 multitudo,
672 3693 718 3737 et
733 3695 893 3738 mente
908 3688 1117 3756 confusa
1130 3684 1635 3744 est.Viden‘illorum
1646 3691 1814 3761 pieta-

207 3784 337 3839 tem,
370 3785 428 3830 et
457 3775 734 3844 quomodo
754 3776 887 3831 nihil
913 3777 1087 3831 statim
1112 3780 1473 3848 pronuntient,
1517 3779 1611 3835 sed
1643 3779 1800 3833 hzesi-

204 3870 357 3921 teut?
401 3870 482 3922 Illi
532 3883 660 3923 vero
686 3869 911 3939 improbi
949 3872 1299 3940 pronuntiant
1332 3872 1592 3933 dicentes.
1629 3872 1799 3926 Musto

204 3960 343 4029 pleni
381 3973 519 4013 sunt.
545 3961 807 4027 Quoniam
830 3961 1120 4016 secundum
1151 3963 1322 4033 legem
1362 3964 1557 4020 licebat
1588 3965 1693 4021 illis
1717 3976 1799 4020 ter

204 4052 500 4120 quotannis
532 4052 582 4105 in
630 4053 829 4121 templo
854 4068 1189 4122 comparere,
1215 4055 1338 4110 ideo
1363 4056 1467 4110 illic
1492 4056 1801 4112 habitabant

206 4161 274 4198 ex
300 4145 556 4199 omnilms
582 4146 885 4199 nationibus
911 4146 1010 4201 viri
1041 4147 1296 4218 religiosi.
1340 4148 1475 4203 Hinc
1503 4150 1796 4220 perpende,

208 4252 366 4303 quam
399 4252 506 4289 non
554 4237 801 4291 aduletur
828 4239 931 4292 illis
960 4241 1047 4309 qui
1087 4239 1201 4295 haec
1232 4241 1463 4310 scripsit.
1489 4244 1603 4297 Non
1653 4245 1796 4298 enim

208 4329 338 4383 dicit
365 4330 489 4386 illos
522 4330 650 4399 quid
690 4335 1083 4400 pronuntiasse,
1111 4335 1202 4389 sed
1235 4335 1394 4404 quid?
1426 4334 1589 4390 Facta
1628 4349 1797 4391 autem

206 4422 304 4474 hac
328 4439 447 4475 voce
471 4424 703 4477 convenit
732 4423 1001 4479 multitudo
1018 4437 1063 4479 et
1091 4438 1254 4481 mente
1282 4433 1491 4500 confusa
1512 4439 1603 4485 est.
1632 4430 1793 4485 Juro':

207 4516 471 4584 putabant
502 4517 645 4570 enim
673 4533 784 4572 rem
813 4519 973 4573 finem
1001 4522 1270 4590 accepisse
1300 4539 1393 4591 per
1417 4540 1569 4578 suum
1612 4538 1794 4579 contra

205 4608 482 4662 Christum
514 4608 739 4665 facinus.
771 4612 1019 4680 Alioquin
1044 4629 1195 4679 vero,
1234 4617 1558 4671 conscientia
1584 4618 1793 4673 illorum

207 4700 417 4752 animos
446 4702 790 4769 exagitabat,
822 4718 941 4756 cum
970 4705 1143 4760 czedes
1170 4706 1345 4762 adhuc
1369 4710 1515 4777 quasi
1548 4710 1596 4762 in
1626 4712 1794 4763 mani-

207 4791 306 4846 bus
351 4804 523 4858 esset,
556 4804 612 4849 et
640 4795 817 4849 omnia
851 4797 972 4852 illos
1020 4801 1307 4854 terrebant.
1333 4800 1519 4856 Nonne
1560 4820 1689 4865 erce,
1716 4806 1794 4856 in-

207 4889 339 4956 quit,
383 4890 440 4941 hi
483 4905 681 4956 omnes,
717 4891 802 4959 qui
849 4892 1149 4959 loquuntur,
1190 4894 1394 4948 Galilazi
1431 4899 1588 4950 sunt?
1632 4899 1796 4954 Recte

207 4978 338 5032 dixit
370 4999 388 5032 :
414 4996 542 5033 nam
565 4996 625 5035 se
648 4982 782 5037 tales
814 4982 1216 5052 profitebantur.
1264 4988 1412 5042 Adeo
1439 4989 1556 5043 illos
1589 4993 1797 5047 sonitus

206 5071 449 5125 terrebat
491 5089 507 5124 :
549 5088 671 5126 nam
715 5088 907 5144 magna
952 5090 1075 5145 pars
1113 5078 1257 5132 orbis
1299 5080 1399 5133 huc
1444 5081 1792 5138 confluxerat.

207 5163 336 5217 illud
369 5178 505 5218 vero
533 5164 807 5231 apostolos
838 5166 1145 5235 roborabat,
1189 5170 1329 5238 quod
1359 5186 1479 5225 cum
1523 5175 1797 5228 nescirent

204 5256 327 5322 quid
371 5266 525 5311 esset
572 5256 819 5312 Parthice
858 5259 1019 5329 loqui,
1052 5262 1120 5315 ab
1159 5262 1261 5318 illis
1309 5274 1430 5319 tunc
1460 5281 1518 5321 se
1546 5268 1613 5321 ita
1645 5269 1793 5338 loqui

205 5345 507 5401 discebant.
546 5347 714 5401 Porro
742 5359 928 5417 gentes
957 5366 1217 5407 memorat
1248 5354 1352 5410 illis
1379 5356 1639 5424 inimicas,
1667 5362 1798 5415 Cre-

208 5446 302 5502 tas,
351 5439 586 5500 Arabes,
625 5438 923 5510 Aigyptios,
954 5442 1144 5500 Persas
1174 5460 1187 5500 :
1222 5446 1499 5504 declarans
1534 5452 1657 5507 illos
1702 5454 1798 5508 has

204 5544 391 5583 omnes
418 5530 740 5586 subacturos
765 5548 900 5588 esse.

270 5622 322 5675 '5.
364 5621 503 5677 Cum
549 5633 727 5677 autem
773 5624 943 5680 Judaei
992 5637 1113 5681 tunc
1165 5630 1216 5684 in
1248 5633 1551 5699 captivitate
1593 5648 1792 5701 essent,

210 5715 500 5771 verisimile
541 5725 659 5771 erat
706 5716 1017 5773 ibi'multos
1060 5736 1372 5792 comparere
1414 5740 1477 5780 ex
1508 5730 1795 5796 gentibus;

210 5806 311 5861 sive
337 5808 485 5877 quod
515 5807 629 5877 jam
653 5809 792 5877 apud
823 5819 1012 5878 gentes
1033 5812 1277 5882 dogmata
1305 5817 1565 5873 seminata
1591 5830 1792 5874 essent.

215 5893 432 5970 ldempre
465 5899 621 5955 multi
662 5899 775 5970 jam
824 5902 931 5957 illic
960 5901 1216 5971 aderant,
1245 5921 1431 5963 eorum
1461 5926 1580 5980 qua:
1609 5913 1795 5966 audie-

1916 546 2034 589 rant
2058 553 2343 595 memores.
2368 539 2758 596 Testimonium
2783 558 2910 614 crgo
2932 544 3164 615 undique
3190 557 3355 602 tutmn
3379 563 3500 605 erat

1912 635 1965 681 et
1989 629 2104 683 sine
2126 632 2513 699 controversia,
2541 649 2570 687 a
2596 635 2818 702 civibus,
2842 638 2909 691 ab
2938 640 3224 702 extraneis,
3255 655 3285 693 a
3310 656 3494 708 prosc-

1912 718 2056 789 lytis.
2090 722 2386 777 Audiuimus
2406 742 2492 779 eos
2519 726 2774 795 loquentes
2795 730 2981 782 nostris
3007 730 3195 801 tinguis
3234 734 3497 803 nmgnalio

1909 809 2026 864 Dei.
2050 811 2167 867 Non
2194 814 2336 868 enim
2360 816 2618 888 vulgaria,
2637 818 2734 873 sed
2758 820 3019 875 mirabilia
3040 821 3285 891 quaedam
3306 825 3492 895 loque-

1906 903 2119 960 bantur.
2164 906 2294 962 Jure
2319 924 2446 979 ergo
2494 909 2810 968 hmsitabant
2842 932 2854 966 :
2886 914 3017 969 nihil
3061 915 3203 969 enim
3234 933 3484 987 umquam

1905 994 2080 1049 simile
2110 996 2397 1051 acciderat.
2429 997 2561 1054 Vide
2604 1000 2878 1057 hominum
2926 1005 3261 1073 probitatem.
3293 1006 3483 1076 Stupe-

1906 1088 2028 1141 ltanl
2060 1099 2113 1143 et
2140 1089 2473 1157 dubitabant,
2503 1092 2742 1148 dicentes
2773 1111 2786 1146 :
2822 1095 3080 1162 Quidnam
3111 1100 3211 1150 vult
3238 1097 3333 1151 hoc
3354 1097 3495 1152 esse?

1906 1181 2008 1233 Alii
2036 1192 2202 1235 autem
2228 1183 2494 1238 irridentes
2520 1185 2771 1252 dicebant,
2802 1188 2855 1239 Μ
2864 1198 2972 1242 usto
2999 1190 3137 1259 pleni
3163 1200 3296 1244 sunt.
3320 1192 3364 1245 0
3386 1192 3487 1243 im-

1907 1274 2249 1342 pudentiam!
2279 1278 2336 1333 Si
2365 1294 2427 1332 ea
2457 1278 2524 1333 de
2551 1294 2710 1333 causa
2743 1281 3012 1350 ridebant,
3044 1286 3236 1355 ecquid
3268 1285 3495 1340 mirum?

1907 1368 2336 1437 quandoquidem
2382 1370 2553 1439 ipsum
2588 1371 2868 1429 Dominum
2913 1374 3185 1429 daemonas
3214 1377 3485 1446 expellen-

1904 1468 2033 1525 tem,
2062 1460 2381 1517 daemonium
2404 1461 2601 1517 habere
2622 1463 2869 1519 dicebant
2912 1465 3088 1538 (Joan.
3116 1467 3171 1522 8.
3197 1468 3316 1539 48).
3356 1469 3487 1523 Nam

1903 1553 2197 1622 petulantia
2224 1554 2545 1625 ubicumque
2572 1557 2757 1621 adest;
2792 1574 2953 1613 unum
2980 1561 3172 1629 quierit
3213 1562 3396 1626 modo,
3428 1572 3489 1616 ut

1906 1643 2178 1714 loquatur,
2208 1661 2313 1700 non
2344 1647 2639 1702 secundum
2664 1650 2927 1705 rationem
2954 1693 2969 1719 ,
3004 1651 3099 1706 sed
3126 1653 3382 1721 quidquid
3432 1654 3485 1705 in

1904 1734 2125 1790 buccam
2156 1738 2383 1792 venerit.
2429 1737 2598 1793 Musto
2638 1740 2775 1810 pleni
2819 1752 2958 1797 sunt.
2990 1741 3134 1798 Sane
3159 1759 3289 1797 vero
3322 1763 3334 1797 :
3367 1745 3490 1812 quia

1903 1824 2149 1882 homines
2192 1828 2243 1881 in
2290 1829 2449 1882 tantis
2475 1831 2754 1898 periculis,
2800 1842 3037 1887 extrema
3070 1844 3401 1893 metuentes.
3436 1836 3488 1887 in

1906 1926 2054 1971 tanto
2082 1933 2313 1973 maerore
2339 1931 2633 1984 versantes,
2664 1923 2783 1975 talia
2819 1924 2960 1992 loqui
2993 1924 3207 1979 audent.
3240 1926 3481 1994 Perpen-

1904 2009 1999 2063 das
2027 2010 2183 2064 velim
2214 2011 2482 2080 quomodo
2506 2053 2522 2077 ,
2551 2028 2672 2066 cum
2713 2015 2814 2068 hoe
2840 2016 3130 2071 verisimile
3174 2032 3278 2070 non
3304 2027 3447 2072 esset
3470 2058 3486 2083 ,

1906 2111 1962 2155 ut
1986 2102 2318 2157 auditoribus
2362 2105 2636 2173 imponant
2664 2147 2679 2171 ,
2712 2116 2765 2159 et
2804 2108 3091 2161 ostendant
3137 2108 3281 2176 ipsos
3309 2108 3490 2162 ebrios

1904 2207 2057 2257 esse,
2087 2193 2277 2264 agendi
2307 2204 2361 2249 et
2392 2194 2640 2264 loquendi
2690 2197 2849 2250 modo
2878 2206 3047 2251 totum
3090 2199 3401 2254 adscribunt
3429 2206 3499 2251 et'

1905 2285 2104 2353 dicant,
2137 2285 2307 2340 Musto
2339 2288 2476 2354 pleni
2504 2298 2640 2341 sunt.
2672 2288 2831 2343 Stans
2853 2300 3021 2343 autem
3050 2290 3230 2343 Petrus
3261 2308 3373 2344 cunt
3399 2309 3485 2344 un-

1905 2377 2085 2442 decim,
2118 2377 2297 2431 levavit
2323 2394 2491 2432 vocem
2515 2396 2658 2434 suam
2677 2421 2690 2445 ,
2719 2389 2765 2434 et
2814 2381 3049 2452 loquutus
3075 2392 3149 2436 est
3175 2384 3264 2436 eis.
3298 2382 3488 2437 Vidisti

1907 2468 2065 2523 modo
2094 2468 2237 2523 illius
2271 2469 2660 2538 providentiam
2686 2512 2700 2535 ,
2728 2472 2813 2524 hic
2834 2472 2954 2527 vide
2980 2472 3367 2527 fortitudinem.
3399 2473 3491 2525 Et.

1904 2561 2047 2615 enim
2079 2561 2123 2615 si
2153 2560 2554 2616 admirabantur
2576 2562 2653 2615 illi
2675 2603 2689 2627 ,
2721 2564 2763 2616 si
2797 2564 3101 2634 stupebant,
3127 2581 3303 2618 annon
3333 2582 3487 2633 mque

1903 2651 2202 2706 mirandum
2228 2660 2382 2719 erat,
2410 2652 2684 2708 hominem
2732 2656 3039 2710 illiteratmn
3084 2666 3137 2711 et
3182 2658 3398 2711 idintam
3434 2659 3483 2710 in

1904 2752 2048 2797 tanta
2078 2742 2421 2799 multitudine
2470 2759 2629 2814 posse
2661 2746 2711 2799 in
2751 2747 2912 2801 verba
2941 2748 3325 2817 prorumpere?
3351 2748 3483 2802 Nam

1904 2838 1947 2890 si
1975 2838 2091 2906 quis
2113 2837 2254 2893 inter
2274 2836 2564 2893 familiares
2588 2840 2812 2909 loquens
2842 2842 3102 2904 turbatur,
3128 2843 3292 2896 multo
3320 2843 3486 2910 magis

1907 2928 2047 2982 inter
2071 2928 2315 2984 inimicos
2343 2937 2399 2984 et
2426 2929 2628 2983 caedem
2674 2931 2940 3000 spirantes
2984 2933 3210 3002 loquens
3243 2934 3483 2987 turbabi-

1904 3027 2009 3073 tur.
2037 3020 2191 3087 Quod
2213 3032 2390 3077 autem
2417 3020 2553 3077 ebrii
2581 3038 2685 3076 non
2709 3033 2909 3087 essent,
2928 3024 3105 3077 statim
3127 3039 3197 3079 ex
3223 3024 3335 3093 ipsa
3360 3040 3489 3077 voce

1903 3113 2213 3179 declaravit,
2237 3114 2487 3186 quodque
2512 3129 2618 3170 non
2646 3130 2796 3171 more
2826 3126 3003 3170 vatum
3048 3116 3229 3171 furore
3250 3117 3496 3185 correpti

1903 3218 2106 3271 essent,
2140 3223 2311 3277 neque
2337 3210 2386 3264 vi
2410 3208 2638 3279 quadam
2665 3209 3052 3267 detinerentur.
3080 3210 3215 3279 Quid
3243 3209 3483 3265 sibivult

1904 3298 2057 3365 illud,
2085 3299 2214 3354 Cum
2242 3300 2515 3356 undecim?
2539 3298 2892 3355 Communem
2919 3300 3234 3356 emittebant
3258 3314 3443 3355 vocem
3465 3341 3482 3364 ,

1904 3400 1959 3445 et
1988 3390 2101 3457 ipse
2123 3406 2183 3445 os
2209 3391 2446 3445 omnium
2473 3401 2611 3446 erat.
2641 3390 2870 3446 Adslant
2889 3407 3017 3447 vero
3042 3391 3309 3457 undecim,
3337 3391 3481 3446 dicta

1905 3484 2213 3538 testimonio
2263 3497 2363 3538 suo
2388 3483 2788 3539 confirmantes.
2836 3483 3043 3539 Levavit
3090 3500 3260 3539 vocem
3300 3500 3483 3552 suout,

1904 3573 2113 3643 inquit,
2143 3573 2245 3629 hoc
2274 3584 2357 3629 est
2377 3617 2392 3640 ,
2424 3588 2615 3646 magna
2640 3590 2761 3630 cum
2787 3575 2978 3631 fiducia
3005 3577 3346 3645 loquebatur.

1976 3663 2162 3718 Petrus
2189 3682 2340 3734 quam
2367 3676 2607 3721 mutatus.
2633 3698 2704 3708 —
2732 3668 2844 3723 Hoc
2873 3678 3050 3724 autem
3099 3668 3243 3733 facit,
3275 3679 3334 3723 ut
3357 3668 3483 3739 Spi-

1904 3755 2038 3810 ritus
2083 3757 2307 3825 gratiam
2354 3755 2677 3813 ediscerent.
2722 3758 2769 3813 Is
2808 3760 2950 3813 enim
2995 3759 3085 3829 qui
3122 3759 3242 3814 vilis
3289 3759 3480 3829 puellas

1904 3847 2377 3916 interrogationem
2423 3864 2528 3904 non
2562 3851 2787 3914 tulerat,
2810 3849 2921 3919 jam
2953 3850 3004 3904 in
3047 3849 3225 3905 medio
3252 3850 3480 3920 populo-

1904 3954 2044 4003 rum,
2071 3938 2160 4007 qui
2184 3953 2373 3993 omnes
2396 3939 2595 3993 caedem
2625 3941 2925 4007 spirabant,
2952 3956 3071 3995 cum
3103 3950 3243 3994 tanta
3268 3941 3486 3996 disserit

1905 4028 2116 4093 fiducia,
2154 4037 2209 4082 ut
2236 4038 2381 4083 esset
2413 4029 2542 4083 illud
2589 4029 2941 4084 indubitattun
2972 4032 3382 4086 resurrectionis
3411 4033 3485 4085 si-

1904 4136 2063 4192 gnum
2097 4135 2110 4172 :
2144 4135 2265 4174 nam
2314 4120 2453 4175 inter
2497 4120 2734 4175 ridentes
2788 4123 3029 4177 homines
3073 4134 3127 4178 et
3180 4124 3265 4176 tali
3322 4124 3491 4177 modo

1904 4211 2299 4266 subsannantes
2328 4227 2448 4268 cum
2501 4212 2746 4269 libertate
2794 4214 3049 4285 loquitur.
3079 4215 3301 4282 Quantm
3329 4223 3484 4287 putas

1904 4304 2230 4374 petulantiae,
2264 4314 2478 4373 quanta:
2507 4305 2797 4376 impietatis
2820 4350 2835 4374 ,
2867 4319 3079 4377 quanta:
3106 4308 3484 4379 impudentiae,

1904 4394 2220 4464 stupendum
2244 4396 2372 4451 illud
2400 4397 2696 4468 linguarum
2721 4400 2917 4454 donum
2939 4400 3183 4456 ebrietati
3212 4402 3485 4458 adscribe-

1902 4490 2001 4543 re?
2028 4488 2137 4543 Sed
2167 4489 2299 4543 nihil
2328 4491 2428 4545 hoc
2458 4492 2730 4562 apostolos
2761 4493 3024 4559 turbavit,
3058 4509 3231 4563 neque
3261 4495 3487 4551 timidio-

1902 4594 1989 4634 res
2017 4593 2082 4634 ex
2110 4579 2200 4633 tali
2229 4580 2340 4635 risu
2391 4580 2517 4636 facti
2543 4592 2687 4636 sunt.
2718 4583 2848 4637 Nam
2876 4599 2939 4638 ex
2982 4584 3212 4638 adventu
3256 4585 3487 4654 Spiritus

1901 4670 2055 4739 quasi
2105 4670 2504 4733 transformati,
2549 4675 2828 4742 corporeis
2876 4676 3127 4730 omnibus
3176 4678 3508 4745 superiores-

1901 4770 2074 4817 erant.
2105 4761 2162 4816 Si
2190 4778 2323 4831 quos
2351 4764 2493 4817 enim
2521 4764 2675 4818 adeat
2703 4763 2960 4834 Spiritus,
3009 4780 3202 4820 aureos
3230 4781 3295 4819 ex
3325 4766 3489 4819 luteis

1901 4852 2083 4906 efficit.
2115 4852 2229 4907 lam
2262 4853 2388 4907 mihi
2414 4855 2628 4911 Petrum
2659 4858 2938 4911 considera
2961 4899 2976 4923 ,
3007 4866 3063 4912 et
3105 4858 3325 4924 explora
3352 4857 3483 4912 mihi

1904 4947 2146 5000 timidum
2179 4948 2324 5001 illum
2354 4990 2367 5011 ,
2401 4958 2454 5003 et
2484 4950 2850 5020 insipientem;
2883 4962 2939 5003 ut
2962 4952 3036 5005 ait
3063 4950 3311 5005 Christus
3339 4968 3352 5004 :
3386 4951 3485 5004 Ad-

1903 5040 2002 5093 huc
2032 5050 2077 5093 et
2106 5056 2190 5094 vos
2218 5042 2509 5111 insipientes
2554 5046 2671 5097 estis
2711 5048 2728 5108 (
2753 5042 2941 5101 Matth.
2973 5044 3059 5099 15.
3091 5044 3215 5114 16);
3244 5045 3334 5114 qui
3363 5055 3489 5114 post-

1902 5132 2291 5188 confessiouem
2347 5135 2485 5188 illam
2536 5136 2865 5201 mirabilem,
2918 5146 3067 5191 satan
3114 5148 3337 5194 vocatus
3384 5136 3481 5193 fuit

1905 5224 2014 5298 (Id.
2066 5226 2149 5280 16.
2173 5224 2287 5297 25).
2320 5227 2594 5297 Perpende
2638 5229 2761 5283 item
2792 5232 2806 5261 ³
2837 5232 3202 5298 apostolorum
3245 5248 3473 5287 concor~

1903 5316 2066 5379 diam,
2098 5318 2368 5387 quomodo
2400 5320 2558 5372 l’etro
2586 5322 2848 5375 cesserint
2873 5324 3224 5378 concionandi
3254 5327 3433 5378 officio
3464 5342 3478 5377 :

1903 5424 2076 5477 neque
2101 5409 2242 5462 enim
2273 5411 2555 5478 Oportebat
2582 5427 2769 5467 omnes
2794 5414 2953 5469 simul
2972 5416 3135 5485 loqui.
3171 5415 3236 5468 Et
3268 5416 3480 5482 levavit,

1904 5501 2109 5570 inquit,
2142 5517 2309 5554 vocent
2346 5519 2517 5569 suam,
2547 5514 2601 5559 et
2626 5522 2814 5577 magna
2841 5523 2960 5563 cum
3004 5509 3191 5562 fiducia
3236 5510 3483 5579 loquutus

1961 5655 2090 5728 fuit}
2138 5671 2244 5728 uno
2284 5662 2390 5728 eod.
2448 5662 2517 5709 sic
2565 5663 2772 5728 effertur
2802 5662 2889 5728 hic
2930 5663 3235 5728 locus....._et
3280 5663 3486 5728 captam

1902 5716 2023 5787 mihi
2045 5716 2264 5787 timidum
2280 5719 2435 5787 illum,
2461 5731 2504 5772 et
2528 5726 2649 5773 adeo
2673 5724 2892 5774 timidum
2915 5734 3039 5775 utne
3062 5716 3359 5776 mulierculai
3379 5727 3483 5787 qui-

1906 5779 2017 5828 dem
2041 5779 2463 5849 ξηιετνοίιαιὶοηιξὸιι
2505 5788 2633 5849 ferre
2676 5787 2898 5849 potuerit,
2924 5788 3081 5847 (piatis
3125 5787 3328 5837 evaserit
3353 5779 3481 5849 pom

1905 5853 2049 5912 (ptum
2072 5844 2278 5912 primatu
2300 5851 2345 5892 et
2368 5844 2631 5897 abundanti
2654 5844 2903 5911 largitione
2922 5844 3125 5912 Spiritus
3157 5844 3361 5899 donatus
3381 5856 3478 5900 est.

1905 5904 2154 5969 Perpende
2182 5906 2309 5966 item,
2337 5915 2431 5956 etc.
