4024 6536
487 388 554 446 41
1284 365 1342 424 S.
1382 363 1658 426 JOANNIS
1688 355 2154 420 CHRYSOSTOMI
2183 355 2496 414 ARCIHEP.
2535 353 3064 416 CONSTANTINOP.
3682 363 3750 416 ιδ

487 513 572 560 est
598 504 697 560 eis.
741 499 868 556 Tale
894 493 1166 570 quidpiam
1200 498 1284 544 est
1332 500 1454 544 esse
1489 482 1658 538 virum
1709 475 2063 556 spiritualem.

487 597 716 652 Tantum
746 607 844 647 nos
869 600 1099 658 superna
1127 581 1298 658 gratia
1331 577 1520 646 dignos
1563 570 1950 625 constituamus
1973 606 1989 630 ,
2017 571 2070 617 et

489 694 667 748 omnia
687 693 844 744 erunt
874 657 1067 741 facilia.
1085 657 1234 734 Sicut
1253 671 1394 728 enim
1414 669 1575 726 homo
1592 665 1775 735 igneus
1797 661 1848 714 in
1871 657 2072 716 medias

489 786 710 858 stipulas
731 780 1005 844 incidens,
1030 769 1163 834 nihil
1190 766 1402 822 heditur
1420 804 1434 828 ,
1466 759 1560 816 sed
1592 756 1761 828 magis
1784 760 2070 853 operatur;

493 841 665 947 neque
680 873 822 929 enim
845 870 936 925 ille
951 841 1220 942 quidpiam
1238 856 1454 930 patitur,
1474 850 1567 907 sed
1588 849 1676 920 qui
1695 847 1770 901 nn
1792 841 2071 902 resistunt,

492 934 698 1040 seipsos
739 934 1001 1036 perdunt‘:
1031 958 1100 1013 ita
1151 966 1293 1008 nunc
1339 961 1552 1020 quoque
1596 942 1790 997 factum
1819 944 1920 992 est.
1963 934 2075 988 lmo

495 1025 671 1132 potius
712 1069 764 1115 ut
810 1058 853 1113 si
895 1052 1014 1124 quis
1054 1049 1228 1121 ignem
1256 1053 1472 1116 gestans
1496 1045 1689 1110 pugnet
1713 1047 1835 1090 cum
1865 1045 1960 1093 eo,
1988 1025 2076 1098 qui

496 1131 637 1212 imm»
666 1162 890 1210 onustus
917 1155 1037 1201 est:
1074 1143 1152 1197 sic
1179 1149 1235 1195 et
1275 1133 1503 1208 apostoli
1549 1131 1666 1192 illos
1716 1141 1836 1182 cum
1886 1135 2078 1192 magna

498 1245 804 1310 fortitudine
833 1237 1066 1312 aggressi
1094 1241 1237 1289 sunt.
1266 1227 1404 1298 Quid
1429 1225 1574 1281 enim
1615 1219 1752 1275 kesit
1781 1217 1902 1271 illos
1931 1221 2077 1268 tanta

499 1333 820 1394 multitudo?
865 1331 960 1386 Dic
989 1328 1131 1382 enim
1171 1322 1300 1378 mihi
1330 1337 1344 1372 :
1373 1331 1549 1374 annon
1597 1325 1719 1368 cum
1768 1314 2003 1379 egestate
2028 1312 2083 1356 et

499 1433 640 1488 fame
664 1419 1011 1499 pugnabant?
1035 1431 1212 1478 annon
1252 1427 1374 1468 cum
1427 1403 1710 1478 ignominia
1749 1409 1805 1454 et
1833 1393 2081 1456 infamia?

500 1531 517 1597 (
552 1541 675 1581 nam
709 1522 1024 1591 deceptores
1067 1528 1188 1570 esse
1227 1500 1621 1574 credebantur)
1650 1510 1825 1552 annon
1872 1491 2002 1548 risui
2031 1497 2086 1542 et

501 1618 730 1676 ludibrio
779 1609 1119 1684 praesentium
1163 1599 1390 1672 expositi
1436 1592 1626 1652 erant?
1671 1589 1728 1644 in
1774 1588 1896 1642 illos
1938 1581 2082 1639 enim

503 1674 723 1780 utraque
763 1674 1071 1761 incidebant
1096 1740 1112 1764 ,
1138 1710 1260 1752 cum
1289 1691 1377 1746 alii
1417 1687 1735 1744 irriderent,
1768 1680 1854 1734 alii
1898 1674 2084 1731 illude-

505 1815 643 1862 rent.
676 1800 865 1857 Nonne
899 1792 1060 1849 lurori
1091 1801 1146 1846 et
1170 1785 1390 1842 insaniae
1416 1783 1740 1849 integrarum
1771 1773 2079 1832 civitatum,

507 1910 684 1954 nonne
715 1887 1067 1948 seditionibus
1095 1890 1151 1939 et
1193 1877 1398 1935 insidiis
1426 1869 1654 1944 expositi
1681 1865 1873 1923 erant?
1913 1875 2090 1916 nonne

507 1989 651 2060 igni,
685 1984 846 2046 ferro,
877 1978 1040 2034 leris?
1066 1986 1244 2030 nonne
1273 1967 1506 2036 undique
1551 1960 1680 2031 ipsis
1708 1959 1980 2012 innumera
2012 1952 2092 2005 in.

507 2044 719 2138 sinitaut
754 2044 929 2132 bella?
957 2083 1134 2125 nonne
1161 2065 1274 2119 haec
1299 2060 1523 2115 molesta
1552 2053 1792 2108 videntes
1817 2049 1887 2104 ita
1915 2044 2091 2100 affecti

509 2179 697 2232 erant,
725 2182 789 2223 ac
817 2164 862 2220 si
891 2158 1097 2218 sonmia
1125 2163 1216 2211 aut
1253 2155 1512 2223 picturam
1541 2145 1795 2210 vidissent
1822 2135 2092 2212 (a)?Quid

512 2263 681 2320 vero?
703 2270 881 2316 nonne
904 2254 1113 2312 illorum
1145 2248 1378 2300 furorem
1402 2231 1889 2306 consumpserunt?
1916 2243 2094 2286 nonne

512 2360 566 2424 in
593 2357 737 2424 ipsos
761 2348 922 2404 anitni
960 2341 1257 2414 angustiam
1303 2329 1674 2390 retorserunt?
1705 2341 1882 2381 nonne
1912 2321 1986 2377 illi
2015 2320 2095 2374 l‘n-

513 2421 633 2503 rore
660 2454 714 2502 ct
739 2452 882 2500 metu
911 2436 1148 2494 omnium
1171 2430 1400 2486 maxime
1432 2419 1784 2482 tenebantur?
1816 2430 1993 2472 nonne
2021 2413 2096 2477 illi

513 2538 652 2596 anxii
677 2544 849 2600 crant,
871 2529 1131 2588 timebant
1151 2515 1596 2588 tremebantqne?
1620 2511 1752 2567 Audi
1777 2509 1892 2564 illos
1914 2506 2096 2562 dicen-

517 2645 596 2688 tes
641 2648 654 2683 :
710 2597 874 2680 Vultis
915 2621 1153 2676 inducere
1199 2627 1353 2684 super
1404 2625 1496 2662 nos
1541 2602 1841 2675 sanguinem
1884 2597 2100 2652 hominis

516 2726 661 2779 istius
692 2718 829 2787 (Act.
857 2716 908 2770 5.
941 2711 1056 2780 28).

590 2783 914 2882 Catuparatio
943 2800 1294 2875 apostolorum
1319 2811 1435 2850 cum
1462 2789 1799 2864 philosophis.
1828 2815 1900 2826 —
1923 2783 2106 2853 Quod-

522 2922 625 2978 que
646 2877 890 2960 mirabile
909 2904 1012 2960 est,
1035 2889 1265 2963 apostoli
1283 2885 1408 2942 nudi
1429 2884 1598 2939 aciem
1626 2877 1959 2936 instruebant
1978 2891 2108 2931 con-

523 2968 607 3055 t-ra
627 3002 883 3055 artuatos,
906 2996 1092 3046 contra
1114 2980 1382 3055 principes
1401 2977 1456 3032 in
1486 2989 1545 3030 se
1563 2979 1883 3045 potestatem
1908 2968 2108 3028 haben-

527 3105 611 3149 tes
639 3085 868 3158 imperiti
893 3099 910 3149 ;
933 3082 1193 3152 elingues,
1223 3073 1421 3146 idiotze,
1453 3078 1640 3125 contra
1671 3063 2104 3135 praestigiatores,

525 3152 863 3253 deceptores,
885 3172 1154 3245 sOpbistas
1186 3166 1407 3237 multos,
1436 3162 1703 3223 rhetoras,
1735 3152 2105 3228 philosophos,

527 3281 616 3358 qui
663 3245 717 3340 in
753 3268 1040 3330 Academia
1085 3273 1140 3320 et
1184 3257 1322 3332 apud
1370 3253 1756 3324 Peripateticos
1805 3245 2108 3318 putrefacti,

486 3361 488 3368 ’
531 3343 802 3432 instabant
845 3372 901 3420 et
941 3355 1268 3431 pugnabant.
1302 3349 1368 3405 Et
1399 3347 1466 3415 is,
1495 3344 1585 3415 qui
1611 3343 1754 3397 circa
1781 3348 1965 3410 stagna
1993 3351 2114 3392 ver-

531 3475 679 3519 satus
701 3469 915 3525 semper
946 3450 1139 3512 fuerat,
1168 3446 1236 3504 ita
1270 3442 1393 3498 illos
1417 3435 1726 3510 superavit,
1758 3446 1821 3487 ac
1849 3432 1894 3487 si
1923 3437 2113 3485 contra

535 3565 711 3611 mutos
733 3523 905 3622 pisces
927 3555 1202 3607 certamen
1238 3533 1510 3590 habuisset
1531 3548 1546 3584 :
1566 3543 1691 3584 vere
1727 3525 1868 3581 enim
1891 3565 1906 3587 ,
1933 3531 1990 3577 ut
2029 3523 2114 3593 pi—

535 3657 714 3706 scator
735 3613 874 3697 voce
899 3634 1186 3702 destitutos
1224 3628 1430 3700 pisces,
1465 3622 1585 3676 illos
1613 3617 1830 3674 devicit.
1871 3613 1942 3669 Et
1964 3613 2116 3668 Plato

536 3704 647 3810 ille,
677 3735 766 3810 qui
795 3743 902 3796 tam
931 3728 1095 3786 multa
1126 3729 1352 3800 negatus
1377 3723 1490 3779 est,
1534 3711 1697 3766 tacuit
1719 3722 1735 3767 :
1761 3707 1846 3761 hic
1873 3720 2001 3760 vero
2031 3704 2114 3759 lo-

535 3796 713 3902 quiiur
757 3841 864 3884 non
909 3820 1070 3880 modo
1110 3797 1261 3879 suis,
1291 3809 1389 3867 sed
1435 3807 1593 3864 etiam
1643 3800 1886 3864 Parthis,
1917 3796 2116 3864 Medis,

539 3890 802 3990 ﬁlatnitis,
828 3926 884 3974 et
909 3914 1074 3992 Indis,
1108 3909 1303 3973 ubique
1331 3913 1614 3962 terrarum,
1644 3905 1698 3950 et
1724 3907 1892 3963 usque
1911 3890 1977 3944 ad
2007 3899 2116 3944 ter-

539 3984 714 4078 minus
737 3984 905 4072 orbis.
923 3985 1024 4064 Ubi
1049 4015 1189 4060 nunc
1204 3997 1422 4057 Graecize
1445 3995 1610 4047 fastus
1635 3989 1748 4044 ille?
1770 3985 1858 4046 ubi
1886 3984 2122 4038 Athena.

542 4129 658 4172 rutn
689 4075 939 4163 nomen?
985 4098 1074 4154 ubi
1118 4087 1556 4166 philosophorum
1595 4075 1989 4138 deliramenta?
2031 4075 2124 4130 lllc

541 4205 810 4269 Galilznus,
847 4197 936 4252 ille
963 4209 1029 4248 ex
1056 4184 1363 4249 Betltsaitla,
1394 4179 1485 4238 ille
1518 4175 1748 4232 rusticus
1774 4172 1906 4230 istos
1932 4181 2123 4224 omnes

544 4296 834 4368 superavit.
882 4288 999 4346 Non
1049 4277 1364 4338 erubescitis
1387 4315 1401 4336 ,
1431 4283 1614 4343 quaeso
1636 4310 1652 4336 ,
1682 4265 1765 4322 vel
1797 4264 1865 4318 de
1905 4260 2124 4319 nomine

548 4354 732 4466 patria:
758 4389 874 4458 ejus
892 4425 907 4447 ,
936 4381 1028 4451 qui
1059 4392 1152 4432 vos
1179 4369 1406 4434 devicit?
1431 4365 1489 4422 Si
1517 4377 1644 4418 vero
1670 4372 1864 4426 nomen
1895 4354 2011 4424 ejus
2034 4368 2130 4406 au-

548 4444 1165 4548 dieritisxquodvnempe
1189 4462 1398 4535 Cepbas
1420 4463 1704 4512 vocaretur
1723 4492 1739 4515 ,
1768 4447 1936 4504 multo
1962 4444 2130 4521 magis

673 4536 925 4645 pudebit.
958 4536 1290 4632 Hocquippe
1316 4568 1432 4617 vos,
1458 4551 1582 4613 hoc,
1615 4546 1852 4613 inquam,
1878 4536 2129 4614 perdidit,

714 4661 1108 4731 simplicitatem
1133 4649 1406 4723 probrum,
1427 4638 1786 4712 eloquentiam
1809 4631 2131 4694 laudabilem

553 4721 674 4822 esse
695 4721 912 4832 putatis.
934 4749 1050 4806 Non
1072 4721 1176 4820 qua
1194 4743 1276 4798 via
1299 4734 1533 4808 oportuit
1551 4729 1801 4790 venistis;
1821 4724 1914 4780 sed
1935 4721 2135 4778 omissa

556 4818 756 4927 regali,
800 4844 942 4906 facili
971 4849 1028 4902 et
1069 4818 1224 4913 plana
1251 4830 1334 4886 via
1356 4869 1372 4893 ,
1417 4837 1696 4896 asperam,
1729 4824 2051 4888 praeruptam
2082 4818 2137 4866 et

1932 4905 1994 4927 Α,
2046 4920 2102 4927 ___

555 4905 825 5006 dilfiicilem
851 4905 1099 4999 tenuistis
1127 4949 1143 4986 :
1170 4928 1398 4996 ideoque
1428 4933 1534 4975 non
1579 4909 1898 4986 pervenistis
1929 4905 1997 4960 ad
2046 4920 2137 4959 re-

556 5057 719 5116 gnum
747 5037 1023 5094 calorum.

592 5177 665 5238 (α)
686 5173 828 5224 Hunc
840 5166 998 5215 locum
1015 5173 1113 5209 non
1139 5158 1204 5206 ita
1224 5150 1492 5220 intelligas,
1514 5144 1672 5206 inquit
1696 5135 1877 5213 ttontl.,
1894 5146 1950 5182 ac
1963 5133 2003 5182 si
2027 5142 2143 5214 apo-

859 5231 885 5238 "
911 5229 921 5238 '
949 5225 1070 5238 ""“
1098 5218 1217 5238 ‘4‘
1244 5228 1338 5238 ἠυ-
1364 5221 1520 5238 "Mr-Ic
1538 5207 1790 5238 conaonnt
1810 5233 1824 5238 _
1844 5208 1990 5238 ﬂuam
2013 5207 2056 5238 δι
2092 5205 2142 5238 ιη

565 5205 667 5290 ηδτ(
686 5205 1342 5290 ἒῖῶῖίίηῑλῑιηιθ.
1364 5205 2142 5290 seseese:essem

563 5256 926 5353 diﬁcit?
940 5256 1537 5353 διίἵιῖιξῖἷῖιὶξξιιῖξῖεὸ
1555 5269 1630 5353 sic
1648 5256 2144 5353 itttell

564 5317 748 5353 SUIIIIIIS
771 5317 850 5344 VU!
870 5317 917 5339 Ill
943 5317 1129 5348 γιυιυιυι
1162 5317 1416 5331 ......._,.,-__,
1451 5317 1526 5321 -ν
1555 5331 1565 5340 '
1609 5331 1618 5338 -
1709 5327 1719 5336 θ
1811 5317 1844 5334 .-

564 5375 614 5414 ιο
637 5377 649 5411 :
680 5361 752 5410 Ita
775 5350 1110 5414 inexspectata
1136 5346 1277 5390 erant
1297 5331 1621 5414 illaqumustb't
1648 5317 2147 5414 )ﬁtﬁtﬁ‘gbapt‘gr

565 5379 1226 5481 δ’δῐιῖξιο

566 5437 688 5476 “ulla
710 5459 724 5481 ,
749 5437 806 5469 ιιι
827 5437 967 5478 quam
994 5437 1040 5458 lu
1057 5437 1226 5473 mnu-3;
1257 5437 1331 5469 ἶν-
1360 5437 1372 5451 ,
1393 5437 1542 5466 :-:___
1566 5437 1579 5440 ν
1604 5437 1656 5439 VL
1683 5437 1686 5438 ν
1858 5437 1886 5444 _

566 5489 794 5538 deretur.
821 5487 980 5538 Porro
990 5481 1085 5520 non
1105 5469 1233 5538 satis
1249 5458 1736 5538 tittelltg‘ttuuf‘giqm

565 5505 806 5600 333%.;
821 5505 902 5590 ῐέῗ
914 5505 1705 5600 iaé;"e§356ei§!téeﬂ.wferi‘
1712 5548 1726 5571 ν
1741 5505 2150 5600 Εόίξρῗέηξῗῖηίξῖἒη

823 5566 886 5590 1111
914 5566 1056 5586 Imu-
1078 5566 1344 5587 νωθράν-ην.
1357 5566 1384 5568 η
1400 5566 1404 5567 ,
1422 5579 1431 5588 ι
1713 5566 1721 5571 ν
1767 5566 1777 5572 ν
2028 5566 2038 5571 ⁷

567 5611 763 5660 minime
786 5600 1036 5668 quadrare
1047 5587 1264 5668 uidetur.
1300 5589 1482 5668 Et‘emm
1516 5583 1619 5626 tum
1637 5587 1701 5624 ea:
1739 5566 2142 5622 antecedentibus,

1206 5651 1334 5668 ‘----'
1386 5653 1475 5668 mnt-
1499 5651 1599 5668 num
1625 5641 1829 5668 maniam
1867 5627 2142 5668 rhrusoslo-

570 5627 763 5660 muun
786 5627 996 5668 qrwur-u
1010 5627 1036 5645 ο
1061 5627 1230 5663 τιν-,υτ
1251 5627 1264 5634 -
1300 5627 1426 5633 ---νη

570 5681 673 5724 tum
693 5681 759 5720 επ
774 5654 1165 5724 metuam
1187 5627 2148 5724 Mue}:eeseaes‘fss‘fmwm:

569 5692 2153 5792 fcit-22%?Wﬁlaz'f".a.."lnﬁfi‘Eﬂﬂ‘mﬁﬁ'

575 5748 856 5846 ἒὲἷςιῗὲιῗξῗ
872 5748 1426 5846 ἙῖΐῷξέἝξἭξξᾷ
1435 5748 1547 5814 ῖίδί
1568 5748 1717 5846 ίέιαιέδ
1739 5748 2148 5846 ίξέίδέεηᾟίέἐεὲἃ

575 5811 853 5846 Iamnam-5.
878 5811 971 5836 nun
1007 5811 1157 5847 unum}:
1181 5811 1240 5823 κν
1283 5811 1420 5838 .....τ--
1457 5811 1493 5814 ,ν
1574 5811 1609 5831 ν.
1739 5811 1749 5818 ν
1999 5811 2009 5820 ⁴

572 5870 717 5918 qtmm
763 5849 807 5905 si
836 5849 960 5903 inter
985 5835 1322 5896 somniandum
1358 5829 1442 5882 illa
1480 5837 1637 5890 speci:
1673 5825 1857 5873 tantum
1878 5825 2010 5880 pass:
2030 5811 2152 5874 fuis-

572 5926 693 5973 δεηι.

2248 475 2301 528 4.
2346 471 2542 530 Eadem
2564 476 2877 545 comparatio
2901 474 3182 546 peragitur.
3210 505 3279 515 --
3303 474 3442 544 Quid
3485 474 3648 547 ergo?
3665 478 3751 531 in-

2178 567 2357 644 quies;
2391 583 2490 621 cur
2518 583 2624 626 non
2654 569 2704 624 in
2754 569 2972 626 Platone
2997 579 3053 626 et
3081 571 3131 625 in
3167 570 3467 643 Pythagora
3498 583 3752 641 nperatns

2179 671 2261 726 est
2286 659 2557 716 Christus?
2585 661 2715 732 Quia
2745 661 2887 724 Petri
2915 679 3072 732 quam
3118 664 3330 720 illorum
3357 645 3534 726 vutens
3586 665 3756 718 multo

2179 762 2294 807 erat
2314 753 2378 806 ad
2409 752 2793 826 pltilQSOpltiam
2820 753 3013 835 aptior.
3038 753 3117 810 Illi
3149 770 3378 828 namque
3399 770 3548 824 pucrt
3577 765 3754 820 erant,

2183 845 2377 915 ubique
2426 845 2493 902 ad
2541 846 2752 900 inanem
2780 845 3003 918 gloriam
3031 848 3276 902 conversi
3308 863 3321 900 :
3352 846 3438 902 hic
3467 854 3643 906 autem
3681 847 3760 899 vir

2181 939 2526 1016 philosophus
2551 948 2688 1004 erat,
2710 949 2763 994 et
2781 940 2966 1010 gratia:
2986 954 3179 1008 capax.
3203 939 3355 1012 Quod
3381 940 3426 994 si
3453 939 3540 994 his
3561 939 3761 992 auditis

2183 1031 2378 1096 rideas,
2404 1029 2533 1090 nihil
2556 1030 2778 1096 mirtnn;
2807 1015 3237 1102 quandoquidem
3259 1043 3313 1086 ct
3344 1031 3420 1092 illi
3453 1040 3581 1086 tunc
3607 1031 3756 1084 ride-

2183 1122 2329 1190 bant,
2354 1137 2553 1192 tmsque
2579 1133 2752 1178 musto
2773 1124 2958 1193 plenos
2979 1138 3102 1179 esse
3117 1122 3401 1188 dicebant;
3425 1123 3520 1179 sed
3550 1133 3760 1194 postea,

2182 1227 2302 1268 cum
2331 1215 2442 1268 dira
2475 1215 2560 1268 illa
2597 1223 2652 1270 et
2695 1214 3041 1274 acerbissima
3072 1213 3212 1283 passi
3253 1223 3411 1281 sunt,
3439 1230 3560 1270 cum
3589 1230 3764 1283 expu-

2184 1315 2400 1373 gnatam
2429 1305 2612 1360 urbem
2640 1305 2926 1370 viderunt,
2959 1306 3239 1362 incensum
3271 1307 3445 1377 ignem
3471 1347 3488 1372 ,
3518 1306 3763 1377 deiectos

2186 1412 2391 1463 muros,
2422 1397 2646 1467 illasque
2669 1397 3026 1467 calamitates,
3055 1413 3175 1470 quae
3201 1413 3360 1456 nemo
3381 1399 3549 1470 possit
3576 1414 3769 1453 recen-

2186 1504 2343 1556 sere,
2377 1505 2482 1544 non
2527 1489 2664 1544 ultra
2711 1489 2979 1545 ridebant.
3028 1488 3106 1544 ita
3144 1499 3199 1546 et
3223 1506 3318 1546 vos
3359 1476 3464 1546 non
3497 1489 3764 1553 ridebitis,

2188 1596 2310 1635 cum
2335 1581 2520 1652 judicii
2553 1583 2570 1614 ⁸
2601 1592 2809 1653 tempus
2835 1582 3148 1649 advenerit,
3195 1598 3316 1636 cum
3341 1581 3600 1652 gehenna:
3629 1581 3771 1652 ignis

2189 1688 2448 1728 accensus
2472 1673 2648 1730 fuerit.
2673 1674 2778 1730 Sed
2804 1690 2900 1729 cur
2922 1674 2990 1730 de
3014 1673 3209 1728 futuris
3233 1675 3447 1742 loquor?
3468 1673 3559 1730 Vis
3583 1685 3770 1728 osten-

2191 1765 2314 1821 dam
2347 1767 2438 1821 tibi
2469 1767 2586 1838 quis
2611 1765 2681 1822 sit
2708 1767 2917 1834 Petrus,
2944 1767 3064 1840 quis
3093 1767 3246 1822 Plato
3265 1769 3290 1820 ?
3320 1766 3532 1823 Illorum
3565 1781 3768 1831 mores,

2193 1859 2238 1912 si
2289 1857 2536 1922 videtur,
2565 1858 2967 1930 expendamus,
3016 1857 3397 1927 videamusque
3442 1858 3566 1927 quid
3614 1859 3778 1913 ambo

2193 1950 2476 2019 gesserint.
2507 1950 2602 2004 llic
2625 1960 2788 2006 totam
2807 1951 3139 2022 consumpsit
3165 1951 3330 2004 vitam
3359 1953 3502 2006 circa
3525 1949 3778 2021 dogmata

2195 2039 2400 2112 inutilia
2431 2050 2486 2096 et
2514 2056 2932 2111 supervacanea.
2974 2041 3112 2108 Quid
3141 2043 3284 2098 enim
3335 2040 3553 2110 prodest
3599 2042 3778 2105 scire,

2195 2131 2338 2202 qttod
2367 2134 2542 2187 anima
2577 2132 2877 2204 philosophi
2902 2147 3084 2189 musca
3110 2133 3234 2188 ﬂat?
3263 2133 3402 2188 Vere
3427 2147 3634 2199 musca,
3668 2149 3780 2188 non

2197 2223 2251 2278 in
2281 2241 2518 2280 muscam
2561 2236 2762 2281 mutata
2811 2225 2944 2289 fuit,
2977 2226 3070 2281 sed
3115 2227 3335 2282 accessit
3370 2227 3436 2280 ad
3463 2227 3695 2282 animam
3724 2232 3780 2282 in

2199 2319 2420 2375 Platone
2468 2319 2818 2376 habitantem.
2852 2319 2983 2388 Qua:
3028 2337 3182 2396 nugas
3231 2321 3314 2376 his
3358 2321 3786 2390 comparanda)?

2202 2411 2342 2467 unde
2389 2413 2513 2467 talia
2541 2412 2751 2470 effutire
2797 2413 2851 2468 iu
2900 2423 3136 2468 mentem
3181 2414 3362 2468 venit?
3392 2414 3562 2468 lronia
3595 2414 3789 2483 plenus

2201 2505 2282 2557 vir
2307 2515 2420 2559 crat
2444 2545 2458 2568 ,
2484 2514 2538 2559 et
2561 2503 2817 2560 adversus
2841 2520 3030 2560 omnes
3059 2505 3321 2577 zelotypia
3351 2504 3645 2560 laborabat.
3677 2506 3790 2564 lta-

2203 2611 2308 2666 que
2332 2597 2480 2666 quasi
2512 2597 2751 2652 studeret
2780 2597 2833 2654 itt
2863 2596 2987 2664 hoc,
3010 2608 3069 2652 ut
3093 2613 3193 2653 nec
3212 2614 3277 2658 ex
3303 2613 3444 2665 sese,
3469 2614 3567 2660 nec
3588 2599 3656 2654 ab
3677 2599 3794 2654 alio

2205 2689 2485 2759 quicquam
2513 2687 2729 2743 aﬂ'erret
2751 2689 2918 2746 utile:
2941 2691 3019 2745 sic
3037 2690 3104 2745 ab
3126 2691 3231 2744 alio
3253 2691 3792 2762 metempsychosim,

2206 2796 2235 2833 a
2254 2797 2310 2836 se
2332 2781 2714 2850 rempublicam
2739 2781 2791 2836 in
2822 2781 3056 2837 medium
3072 2783 3272 2848 attulit,
3297 2781 3387 2837 ubi
3409 2784 3589 2838 multa:
3616 2783 3792 2854 turpiv

2209 2873 2408 2928 tudinis
2424 2875 2568 2943 leges
2593 2872 3186 2946 protulit.Communes,
3205 2875 3395 2946 inquit,
3425 2884 3584 2930 sunto
3601 2875 3798 2931 mulie-

2211 2982 2299 3024 res
2319 3009 2335 3034 ,
2380 2967 2535 3022 nudae
2571 2968 2806 3038 virgines
2844 2968 2946 3024 sub
2970 2969 3140 3025 oculis
3167 2970 3458 3030 amantium
3488 2970 3759 3024 luctantor
3779 3009 3800 3036 ,

2210 3074 2523 3116 communes
2551 3067 2711 3116 sunto
2738 3071 2791 3118 et
2835 3072 3083 3132 parentes
3112 3071 3167 3116 et
3215 3060 3330 3116 lilii.
3363 3060 3534 3128 Quam
3563 3060 3680 3115 hate
3707 3060 3802 3114 in-

2210 3154 2414 3210 saniam
2448 3171 2552 3211 non
2593 3155 2888 3226 superant?
2929 3155 3077 3210 Talia
3107 3163 3232 3210 sunt
3269 3168 3371 3223 ea,
3397 3170 3518 3226 qua:
3545 3154 3610 3209 ad
3642 3154 3804 3209 illum

2212 3257 2474 3317 Spectant.
2509 3247 2604 3302 llic
2635 3262 2796 3317 porro
2821 3261 2927 3303 non
2957 3257 3148 3302 natura
3176 3261 3488 3302 communes
3518 3255 3694 3315 patres
3717 3245 3805 3299 ef-

2215 3341 2360 3404 ﬁcit,
2389 3342 2482 3396 sed
2511 3341 2654 3396 Petri
2687 3340 3025 3413 philosophia
3057 3356 3070 3392 :
3104 3355 3224 3394 nam
3260 3337 3388 3395 illud
3428 3338 3666 3394 Platonis
3708 3337 3806 3392 hic

2215 3435 2449 3492 sustulit.
2486 3433 2627 3489 Nihil
2655 3434 2798 3490 enim
2842 3434 2986 3489 aliud
3027 3434 3119 3494 ille
3145 3432 3448 3498 efﬁciebat,
3492 3433 3593 3486 nisi
3623 3441 3683 3490 ut
3707 3431 3804 3501 qui

2217 3541 2371 3601 pater
2396 3538 2512 3584 erat
2541 3529 2892 3599 ignoraretur,
2922 3537 2977 3583 et
3005 3528 3096 3598 qui
3127 3542 3232 3584 non
3264 3538 3380 3582 erat
3412 3525 3764 3582 induceretur
3791 3542 3806 3579 :

2217 3635 2380 3696 atque
2429 3627 2477 3680 in
2523 3625 2836 3686 ebrietatem
2871 3621 3154 3698 quamdam
3203 3630 3260 3684 et
3307 3619 3361 3676 in
3405 3618 3812 3689 sterquilinium

2220 3719 2452 3795 conjecit
2471 3719 2725 3782 animam.
2749 3718 2968 3782 Omnes,
2993 3717 3186 3788 inquit,
3215 3715 3527 3776 mulieribus
3547 3712 3813 3768 audacter

2221 3821 2459 3872 utuntur.
2488 3809 2612 3868 Ideo
2634 3820 2905 3882 poetarum
2927 3809 3176 3882 dogmata
3196 3821 3301 3862 non
3328 3805 3570 3876 exploro,
3599 3818 3667 3857 ne
3687 3802 3817 3872 quis

2225 3904 2369 3959 dicat
2412 3918 2499 3968 me
2546 3902 2752 3958 fabulas
2778 3902 3095 3971 explorare,
3125 3899 3218 3955 sed
3246 3898 3379 3953 alias
3404 3897 3569 3952 adero
3600 3892 3817 3949 fabulas

2227 3998 2454 4068 poeticis
2482 3997 2637 4066 longe
2665 3997 2834 4065 magis
2873 3993 3145 4052 ridiculas.
3173 3991 3400 4048 Ubinam
3429 3987 3554 4060 quid
3585 3987 3658 4041 ita
3686 4001 3822 4056 pro-

2228 4093 2492 4163 digiosum
2519 4092 2839 4146 invenerunt
2869 4087 3081 4156 poetas?
3108 4085 3214 4144 Sed
3239 4084 3308 4150 is,
3341 4081 3430 4153 qui
3462 4079 3824 4151 philosopho-

2229 4202 2344 4241 rum
2376 4187 2624 4258 princeps
2646 4180 2960 4245 habcbatur,
2987 4191 3134 4234 arma
3162 4174 3474 4234 mulieribus
3499 4171 3824 4238 circumpo-

2231 4281 2309 4334 nit
2327 4321 2342 4346 ,
2369 4277 2609 4334 cassides
2634 4317 2648 4339 ,
2677 4288 2864 4330 ocreas
2885 4314 2901 4339 ,
2933 4286 3032 4326 nec
3057 4269 3341 4340 quidquam
3374 4265 3506 4322 dicit
3533 4261 3826 4316 hominum

2231 4389 2400 4446 genus
2429 4388 2456 4426 a
2488 4371 2711 4430 canibus
2743 4367 2988 4422 differre:
3031 4364 3163 4433 Quia
3206 4361 3348 4418 enim
3369 4401 3383 4423 ,
3429 4356 3633 4428 inquit,
3662 4353 3830 4409 canis

2234 4467 2432 4523 femina
2459 4475 2514 4520 et
2543 4478 2658 4517 mas
2682 4458 3082 4517 communicent
3111 4456 3163 4508 in
3195 4453 3344 4508 iactis
3371 4493 3386 4513 ,
3415 4446 3834 4504 communicent

2236 4571 2292 4616 ct
2318 4560 2592 4622 mulieres,
2621 4565 2782 4625 atque
2811 4553 2989 4606 omnia
3018 4565 3112 4610 sus
3137 4547 3312 4615 deque
3340 4550 3631 4600 vertantur.
3659 4538 3834 4593 Sem-

2240 4672 2335 4727 per
2361 4654 2502 4709 enim
2536 4666 2631 4720 per
2669 4649 2790 4703 illas
2831 4646 2933 4700 hoc
2977 4643 3085 4714 egit
3113 4637 3354 4696 diabolus
3375 4676 3391 4702 ,
3426 4643 3482 4690 ut
3509 4629 3839 4688 ostenderet

2239 4762 2406 4816 genus
2437 4753 2675 4797 nostrum
2722 4753 2829 4794 non
2877 4733 3158 4806 pretiosius
3184 4744 3304 4785 esse
3333 4725 3501 4784 brutis
3529 4741 3542 4775 :
3574 4719 3837 4792 quando-

2241 4836 2456 4909 quidem
2485 4831 2727 4896 nonnulli
2752 4831 2803 4884 in
2829 4838 2933 4882 tam
2962 4823 3250 4880 absurdam
3274 4830 3328 4873 ct
3349 4832 3535 4872 vanam
3559 4822 3844 4869 venerum

2243 4928 2551 5000 opinionem
2576 4967 2590 4989 ,
2619 4934 2676 4980 ut
2722 4923 2964 4976 dicerent
2993 4919 3146 4972 bruta
3191 4911 3436 4969 animalia
3485 4903 3843 4963 rationabilia

2243 5042 2383 5081 esse.
2418 5024 2484 5078 Et
2513 5020 2636 5075 vide
2660 5061 2674 5083 ,
2705 5031 2865 5088 quam
2905 5013 3051 5068 varie
3083 5010 3136 5068 in
3167 5007 3447 5066 animabus
3491 5002 3701 5060 illorum
3734 4999 3846 5054 de-

2246 5118 2535 5176 bacchatus
2560 5115 2648 5168 sit.
2680 5111 2895 5166 Illorum
2919 5117 3170 5176 proceres
3191 5099 3444 5155 dixerunt
3468 5095 3700 5153 animam
3728 5107 3846 5144 no-

2249 5223 2412 5267 stram
2457 5209 2509 5262 itt
2542 5218 2754 5260 muscas
2783 5211 2838 5258 et
2875 5211 3036 5254 canes
3084 5202 3138 5249 et
3166 5192 3319 5246 bruta
3353 5185 3545 5242 mutari
3579 5197 3592 5233 :
3626 5181 3844 5236 horum

2251 5314 2590 5358 successores
2614 5295 2737 5350 hinc
2766 5292 2968 5363 pudore
2997 5285 3171 5342 ali'ecti
3203 5285 3255 5337 in
3286 5281 3445 5344 aliam
3470 5275 3676 5345 delapsi
3706 5284 3850 5326 sunt

2251 5392 2654 5465 turpitudinem,
2685 5381 3057 5441 rationabilem
3106 5389 3318 5436 omnem
3352 5368 3628 5425 scientiam
3663 5363 3852 5417 brutis

2254 5485 2732 5548 communicantes,
2762 5489 2816 5532 et
2847 5476 3043 5542 ubique
3073 5474 3440 5524 monstrantes
3465 5475 3529 5515 ea
3553 5472 3678 5528 qua:
3707 5471 3850 5534 pro-

2257 5596 2376 5656 pter
2408 5596 2504 5637 nos
2535 5581 2669 5632 iacta
2709 5583 2862 5636 sunt,
2896 5568 3050 5624 nobis
3075 5579 3198 5624 esse
3230 5554 3622 5630 prmstantiora.
3653 5548 3856 5613 Neque

2260 5641 2360 5734 hoc
2389 5682 2593 5728 tantum
2613 5711 2626 5734 ,
2656 5665 2751 5726 sed
2779 5663 2940 5719 etiam
2983 5653 3378 5732 prmscientiam
3420 5655 3473 5702 et
3517 5641 3855 5712 religionem

2381 5859 2490 5909 Duo
2513 5863 2617 5904 Mss.
2644 5851 2832 5912 legunt,
2862 5840 3108 5909 gehennae,
3134 5847 3240 5900 pro,
3269 5824 3468 5898 judicit'.
