4022 6364
193 354 266 413 ιτ
1160 346 1229 403 1N
1265 344 1450 402 ACTA
1487 337 1768 409 Αροετο]

1870 338 2028 396 RUM.
2070 341 2303 402 HOMIL.
2337 344 2427 403 Ν.
3377 358 3447 412 48

188 466 448 523 πυκτεύοι
468 483 483 499 ·
515 466 660 520 οὕτω
684 465 749 535 δὴ
772 466 868 520 καὶ
888 458 1032 520 οῦτοι
1057 463 1279 527 τούτους
1310 461 1607 533 προσίεσαν
1635 454 1775 531 μετὰ

190 557 393 624 πολλῆς
418 555 521 625 τῆς
552 552 827 626 ἀνδρείας.
862 555 927 607 Τί
952 552 1062 625 γάρ
1080 554 1275 614 αὐτοὺς
1294 552 1494 621 ἔϐλαψε
1515 550 1576 604 τὸ
1595 548 1773 604 τοσοῦ-

180 622 281 699 Ῑτον
305 622 541 713 πλῆθοςς
573 622 710 696 Εἰπὲ
736 643 846 712 γάρ
885 660 997 713 μοι,
1029 622 1150 712 οὐχὶ
1180 642 1343 712 πενίᾳ
1381 642 1646 712 ἐμάχοντο
1675 640 1770 693 καὶ

192 733 363 803 λιμῷ;
394 732 520 801 οὐχὶ
559 732 757 801 ἀτιμίᾳ
801 731 897 785 καὶ
926 730 1053 804 δόξῃ
1080 731 1327 801 πονηρᾷ;
1387 728 1608 800 (πλάνοι
1662 728 1773 797 γὰρ

192 818 321 875 εἶναι
344 821 683 890 ἐνομίζοντο·
705 820 723 891 )
759 821 881 889 οὐχὶ
908 819 1103 889 γέλωτι
1136 821 1229 875 καί⁵
1250 820 1415 891 χλεύῃ
1441 818 1550 872 τῶν
1576 817 1773 888 παρόν-

189 927 289 962 των
332 910 672 973 ὑπέκειντο;
722 908 840 960 Ἐπ’
884 908 1065 962 αὐτῶν
1105 908 1215 980 γὰρ
1253 907 1321 961 τά
1370 908 1606 978 ἑκάτερα
1648 924 1775 963 συν-

188 999 429 1051 έπιπτεν·
449 998 503 1049 οί
532 999 635 1067 μὲν
661 996 772 1072 γὰρ
800 998 999 1061 αὐτοὺς
1033 997 1257 1064 ἐγέλων,
1280 997 1328 1049 οἱ
1355 995 1413 1049 δέ
1440 996 1534 1049 καὶ
1560 994 1775 1065 ἐχλεύα⁸

185 1086 292 1149 ζον,
324 1085 467 1153 Οὐχί
495 1085 719 1157 θυμοῖς,
748 1086 868 1154 οὐχὶ
906 1084 1123 1154 μανίαις
1148 1096 1173 1124 α
1207 1082 1515 1154 ὁλοκλήρων
1542 1083 1772 1143 πόλεων,

183 1174 299 1244 οὐχὶ
332 1174 562 1227 στάσεσι
609 1176 705 1227 καί⁸
747 1174 1060 1237 ἐπιδουλαῖς
1092 1173 1436 1245 προέκειντο;
1474 1172 1596 1242 οὐχί
1637 1172 1775 1242 πυρὶ

182 1262 271 1314 καὶ
296 1262 525 1333 σιδήρῳ,
550 1263 651 1315 καὶ
681 1260 929 1332 θηρίοις;
957 1260 1076 1330 οὐχὶ
1105 1259 1367 1313 πάντοθεν
1393 1260 1587 1323 αὐτοὺς
1612 1258 1642 1299 ιι
1674 1277 1775 1329 μυ-

185 1352 295 1421 ρίος
345 1351 737 1423 περιειστήκει
786 1350 1059 1421 πόλεμος;
1114 1351 1236 1420 οὐχί
1282 1349 1359 1414 ὡς
1420 1349 1554 1421 δναρ
1599 1348 1772 1405 ταῦτα

181 1440 411 1509 δρῶντες
450 1440 525 1493 τὰ
556 1438 714 1493 δεινά
745 1440 778 1510 ἢ
826 1441 886 1493 ἐν
924 1440 1133 1511 γραφῇ,
1178 1438 1319 1493 οὕτω
1357 1437 1650 1502 διέκειντος
1705 1436 1771 1490 Τί

182 1528 291 1591 δαέ;
319 1530 422 1583 οὐκ
454 1528 754 1583 ἀνάλωσαν
777 1528 958 1582 αὐτῶν
983 1529 1110 1592 τοὺς
1142 1526 1343 1597 θυμούς
1367 1544 1381 1593 ;
1412 1528 1512 1581 οὐκ
1541 1529 1623 1591 εἰς
1652 1528 1772 1581 ἐαυ-

180 1619 300 1681 τοῦς
332 1619 433 1689 τὴν
456 1618 702 1690 ἀπορίαν
731 1618 1097 1690 περιέτρεψαν
1124 1636 1138 1683 ;
1167 1618 1288 1687 οὐχὶ
1314 1617 1407 1672 καὶ
1448 1616 1627 1688 θυμῷ,
1675 1617 1770 1673 καὶ

181 1705 282 1758 δέει
310 1708 539 1763 πάντων
569 1709 810 1781 μάλιστα
831 1710 1028 1767 ἐκεῖνοι
1056 1707 1394 1785 συνείχοντος
1423 1705 1545 1777 οὐχί
1569 1705 1772 1776 ἐναγώ-

183 1812 278 1851 νιοι
308 1791 474 1868 ἦσαν,
516 1802 618 1853 καὶ
659 1799 974 1869 ἐφοϐοῦντο,
1007 1798 1102 1853 καὶ
1127 1796 1395 1869 ἔτρεμον;
1430 1797 1629 1853 ’Ἄκουε
1662 1796 1771 1868 γὰρ

185 1884 354 1940 αὐτῶν
392 1885 676 1954 λεγόντων
700 1900 716 1915 °
749 1886 963 1941 Θέλετε
1010 1884 1331 1956 ἐπαγαγεῖν
1371 1883 1464 1954 ἐφ’
1502 1882 1659 1954 ἡμᾶς
1701 1882 1770 1940 τὸ

185 1970 315 2042 αἷμα
343 1973 454 2027 τοῦ
487 1973 816 2041 ἀνθρώπου
835 1975 1073 2035 τούτου.

249 2062 353 2119 Καὶ
373 2064 435 2116 τὸ
465 2061 811 2132 θαυμαστὸν,
843 2062 925 2117 ὅτι
946 2058 1139 2131 γυμνῷ
1160 2059 1239 2131 τῷ
1273 2059 1485 2130 σώματι
1506 2058 1771 2130 παρετάτο

188 2167 325 2204 τοντο
354 2150 497 2220 πρὸς
530 2149 941 2219 ὡπλισμένους,
973 2148 1110 2219 πρὸς
1134 2146 1404 2219 ἄρχοντας
1429 2146 1571 2201 κατὰ
1589 2147 1769 2205 αὐτῶν

196 2242 392 2313 ἔχοντας
418 2238 707 2304 ἐξουσίαν,
740 2239 984 2309 ἄπειροι,
1030 2236 1317 2305 ἄγλωττοι,
1359 2236 1453 2291 καὶ
1489 2235 1770 2289 ἰδιωτικώρ

203 2348 338 2401 τερον
365 2332 731 2399 διαηιμενοι,
764 2326 903 2397 πρὸς
929 2326 1149 2395 γόητας,
1179 2326 1317 2396 πρὸς
1346 2324 1603 2390 πλάνους,
1634 2324 1771 2396 πρὸς

208 2417 458 2485 πιττίνη
494 2417 648 2487 πρὸς
677 2414 923 2486 ῥητόρων
961 2412 1100 2485 [58],
1145 2412 1283 2484 πρὸς
1306 2412 1607 2482 φιλοσόφων
1638 2411 1772 2483 πλῆ-

200 2506 298 2568 θος,
330 2506 425 2559 τῶν
459 2502 905 2559 κατασαπέντων
938 2503 997 2554 ἐν
1039 2501 1342 2572 Ἀκαδημίᾳ
1386 2500 1481 2554 καὶ
1525 2500 1769 2571 Περιπά-

193 2612 307 2656 τοις,
344 2592 641 2649 ἐνίσταντό
686 2607 749 2644 τε
798 2590 896 2644 καὶ
927 2589 1275 2660 ἀπεμάχοντο
1311 2599 1359 2642 ο.
1412 2588 1523 2645 Καὶ
1567 2590 1597 2643 6
1639 2587 1769 2658 περὶ

186 2680 363 2751 λίμνας
407 2679 800 2751 ἠσχολημένος
865 2676 1040 2741 οὕτως
1093 2676 1273 2730 αὐτῶν
1325 2675 1648 2747 ἐκράτησεν,
1693 2676 1769 2739 ὡς

183 2768 288 2820 οῦδὲ
312 2769 360 2820 εἰ
387 2769 537 2840 πρὸς
569 2765 727 2838 ἰχθῦς
740 2764 1049 2834 ἀγλώττους
1073 2768 1101 2819 6
1122 2764 1270 2833 ἀγὼν
1291 2760 1360 2836 ἦν
1383 2764 1532 2835 αὐτῷ
1553 2780 1567 2796 ·
1604 2765 1770 2818 καθά-

181 2872 276 2928 πρ
326 2857 439 2928 γὰρ
490 2856 671 2917 ὅντως
716 2854 901 2918 ἀλιεύς
945 2853 1141 2924 ἰχθύων
1189 2852 1567 2924 ἀφωνοτέρων,
1628 2851 1769 2907 οὕτω

179 2946 368 3000 τώτων
395 2943 789 3016 περιεγένετο.
842 2942 953 2996 Καὶ
978 2943 1007 2996 6
1042 2942 1138 3013 μὲν
1158 2941 1328 2999 πολλά
1350 2940 1597 3015 ληρήσας
1627 2941 1770 2996 Πλά-

176 3054 293 3096 των,
351 3031 664 3102 σεσίγηκεν
688 3047 703 3062 ·
758 3021 915 3094 οὗτος
965 3030 1023 3084 δὲ
1088 3029 1404 3100 φθέγγεται,
1462 3031 1584 3102 οὐχὶ
1635 3032 1769 3103 παρ’

176 3126 387 3187 οἰκείοις
426 3122 647 3192 μόνοις,
692 3118 831 3173 ἀλλά
854 3119 952 3173 καὶ
982 3119 1131 3191 παρά
1164 3118 1423 3192 Πάρθοις,
1463 3121 1614 3194 παρά
1646 3121 1769 3192 Μή-

175 3217 296 3279 δοις,
341 3212 512 3284 παρά
552 3210 894 3280 Ἐλαμίταις,
928 3210 1022 3264 καὶ
1049 3210 1106 3264 ἐν
1142 3208 1321 3281 Ἰνδίᾳ,
1359 3208 1453 3263 καὶ
1490 3209 1768 3280 πανταχοῦ

174 3305 285 3373 τῆς,
314 3304 414 3356 καὶ
443 3301 535 3363 εἰς
560 3298 635 3351 τὰ
662 3298 880 3368 πέρατα
916 3296 1017 3367 τῆς
1039 3297 1384 3369 οἰκουμένης.
1412 3298 1523 3352 Ποῦ
1545 3297 1641 3353 νῦν
1669 3302 1768 3370 τῆς

183 3392 429 3453 Ἑλλάδος
465 3390 501 3441 ό
525 3386 733 3455 τῦφος;
760 3383 863 3438 ποῦ
884 3384 993 3439 τῶν
1038 3384 1276 3458 Ἀθηνῶν
1318 3386 1380 3440 τὸ
1414 3388 1620 3457 δνομα;
1663 3386 1765 3441 ποῦ

170 3482 270 3535 τῶν
306 3478 641 3550 φιλοσόφων
678 3477 709 3528 ό
748 3473 945 3545 λῆρος;
988 3474 1045 3529 '0
1086 3475 1196 3529 ἀπὸ
1237 3476 1548 3543 Γαλιλαίας,
1585 3479 1613 3531 ό
1659 3476 1768 3531 άπὸ

172 3570 476 3639 Βηθσαῖδᾶ,
508 3568 539 3620 6
568 3568 848 3641 ἀγροῖκος,
890 3568 1106 3621 πάντων
1145 3565 1369 3619 ἐκείνων
1399 3564 1763 3638 περιεγένετο.

170 3661 274 3711 UL:
292 3655 662 3728 αἰσχύνεσθε,
694 3656 814 3709 είπέ
844 3673 956 3726 μοι,
984 3657 1075 3708 ἐπέί¹
1096 3653 1174 3724 τῷ
1192 3653 1419 3723 ὀνόματι
1446 3653 1547 3723 τῆς
1574 3652 1763 3725 πατρί-

168 3748 249 3810 δος
279 3748 378 3801 τοῦ
404 3746 773 3815 νενικηκότος
794 3746 939 3814 ὑμᾶς
960 3760 975 3807 ;
1001 3746 1098 3797 Ἂν
1127 3742 1183 3796 δὲ
1211 3742 1384 3796 καὶτὸ
1408 3741 1577 3812 ὄνομα
1601 3740 1766 3796 αὐτοῦ

167 3836 476 3904 ἀκούσητε,
538 3833 638 3886 καὶ
689 3833 770 3886 ὅτι
820 3833 1019 3902 Κηφᾶς
1054 3830 1290 3900 ἐλέγετο,
1348 3828 1525 3900 πολλῷ
1564 3828 1765 3903 μᾶλλον

168 3920 587 3993 ἑγκαλύψεσθε.
628 3919 799 3974 Τοῦτο
840 3920 950 3995 γὰρ
988 3919 1154 3990 ὑμᾶς,
1200 3918 1356 3971 τοῦτο
1402 3916 1762 3982 ἀπολώλεκεν,

166 4015 241 4067 ότι
264 4013 430 4067 τοῦτο
458 4010 671 4073 ὄνειδος
691 4006 828 4062 εἶναι
853 4006 1123 4078 νομίζετε,
1143 4007 1236 4060 καὶ
1257 4006 1586 4077 εὐγλωττίαν
1603 4004 1768 4074 ἐγκώ-

171 4120 306 4172 μιον,
332 4104 437 4156 καὶ
473 4098 743 4170 ἀπειρίαν
772 4097 1125 4167 εὐγλωττίας,
1158 4097 1377 4161 ὄνειδος.
1428 4096 1543 4149 Οὐκ
1575 4094 1765 4166 ἤλθετε

169 4192 232 4259 ἦν
255 4190 436 4244 ἐλθεῖν
478 4188 631 4258 ὑμᾶς
673 4186 702 4225 ά
746 4185 877 4247 ἔδει,
910 4184 1047 4238 ἀλλά
1082 4184 1179 4255 τὴν
1227 4182 1507 4255 βασιλικὴν
1536 4182 1764 4251 ἀφέντες

169 4280 278 4332 ἐιῶν
297 4280 397 4351 τὴν
441 4275 678 4331 εὔκολον
708 4276 801 4330 καὶ
823 4274 992 4338 λείαν,
1023 4273 1120 4345 τὴν
1154 4273 1408 4345 τραχεῖαν
1435 4275 1530 4326 καὶ
1561 4272 1762 4343 ἀνάντη

170 4368 258 4420 καὶ
301 4364 570 4437 χαλεπὴν
613 4364 914 4416 ἐόαδίσατε.
972 4362 1073 4415 Διά
1103 4361 1262 4414 τοῦτο
1319 4360 1440 4415 οὐδὲ
1490 4361 1764 4432 ἐφθάσατε

168 4457 299 4523 πρὸς
330 4456 441 4526 τὴν
479 4451 762 4522 βασιλείαν
786 4451 896 4505 τῶν
922 4450 1184 4519 οὐρανῶν.

234 4545 297 4597 δ’.
323 4546 368 4596 Τ
376 4548 395 4597 ί
429 4538 538 4596 οὖν
569 4543 674 4595 οὐκ
703 4541 780 4604 εἰς
814 4539 1075 4593 Πλάτωνα
1101 4539 1404 4609 ἐνήργησεν
1445 4539 1475 4590 6
1504 4539 1761 4609 Χριστὸς,

170 4633 283 4686 οὐδὲ
312 4635 396 4697 εἰς
424 4628 787 4700 Πυθαγόραν,
825 4629 1024 4697 φησίνς
1079 4627 1204 4681 Ὅτι
1236 4624 1416 4696 πολλῷ
1458 4626 1763 4696 φιλοσοφω-

171 4722 298 4789 τέρα
325 4715 401 4789 ἦν
426 4720 467 4788 ἡ
502 4716 715 4786 Πέτρου
743 4716 888 4786 ψυχὴ
910 4714 1019 4767 τῶν
1036 4713 1225 4784 ψυχῶν
1249 4715 1493 4771 ἐκείνων.
1535 4715 1764 4768 Ἐκεῖνοι

174 4808 265 4875 μὲν
304 4807 425 4877 γὰρ
485 4804 677 4865 παῖδες
705 4803 873 4865 ὅντως
899 4799 1057 4873 ἦσαν,
1103 4802 1210 4855 ὐπὸ
1250 4803 1350 4873 τῆς
1403 4803 1567 4873 κενῆς
1607 4804 1764 4875 δόξης

173 4894 645 4969 περι-τρεπόμενοι
679 4891 975 4961 πανταχοῦ·
1008 4884 1162 4953 οὗτος
1189 4890 1246 4942 δὲ
1274 4891 1414 4962 ἀνὴρ
1453 4893 1760 4963 φιλόσοφος,

174 4989 260 5041 καὶ
288 4985 557 5047 δεκτικὸς
588 4984 688 5051 τῆς
715 4982 953 5052 χάριτος.
981 4981 1042 5033 Εἰ
1061 4980 1118 5032 δὲ
1142 4980 1306 5052 γελᾷς
1329 4982 1499 5036 ταῦτα
1528 4984 1762 5052 ἀκούων,

172 5079 228 5128 οὐ
256 5074 590 5146 θαυμαστόν
611 5088 624 5101 ·
650 5072 773 5123 ἐπεὶ
797 5070 891 5122 καὶ
911 5070 961 5121 οἰ
986 5067 1106 5122 τότε
1129 5070 1350 5138 ἐγέλων,
1376 5073 1471 5125 καὶ
1502 5072 1765 5141 γλεύκους

174 5168 368 5231 αὐτοὺς
398 5165 602 5231 ελεγθν
635 5156 775 5213 εἶναι
807 5156 1065 5229 μεστούς·
1094 5157 1208 5211 ἀλλ’
1243 5158 1487 5233 ὕστερον,
1523 5163 1613 5216 ὅτε
1637 5164 1765 5217 ἐπε-

174 5259 444 5310 πῦνθεσαν
469 5254 543 5308 τά
578 5251 755 5321 πικρά
782 5253 983 5318 ἐκεῖνα,
1023 5252 1116 5304 καὶ
1144 5252 1359 5305 πάντων
1386 5252 1763 5325 χαλεπώτερα,

174 5346 253 5397 ὅτε
301 5346 407 5417 τὴν
472 5344 634 5397 πόλιν
675 5340 1143 5412 κατερειπομένην
1189 5336 1349 5403 εἶδον,
1394 5340 1490 5397 καὶ
1540 5341 1602 5393 τὸ
1655 5341 1766 5412 πῦρ

179 5436 581 5503 αδαπτόμενον,
616 5430 713 5483 καὶ
750 5429 820 5483 τά
857 5429 1010 5500 τείχη
1049 5429 1386 5500 ῥιπτούμενα
1425 5430 1619 5499 χαμαὶ,
1670 5431 1766 5484 καὶ

177 5523 265 5585 τὰς
288 5522 556 5584 ποικίλας
587 5519 851 5590 βακχείας
878 5518 1112 5584 ἐκείνας,
1138 5518 1205 5583 ἃς
1226 5519 1399 5584 οὐδεὶς
1417 5519 1767 5591 παραστῆσαι

254 5738 278 5765 ⁸
328 5738 487 5798 Alius
520 5736 764 5798 aeuumc._
840 5732 872 5775 ιι
915 5734 1053 5785 Unus
1094 5735 1280 5798 αὐτοῖς,
1311 5733 1508 5785 Videsis
1550 5746 1657 5798 qua
1701 5736 1767 5784 ad

188 5796 624 5856 Wewzionem
661 5796 878 5847 Latinam
907 5802 1063 5846 notata
1080 5803 1205 5847 sunt.
1248 5797 1381 5845 Emr.
1450 5799 1472 5827 ο
1506 5796 1646 5846 Αἰὶυει
1684 5814 1768 5847 πε-

192 5863 520 5928 ᾷιῐποις-τήν-
538 5862 755 5928 ἐνστασιν
778 5860 1087 5928 ἐπεμάχοντο.
1112 5860 1368 5928 ι-Δ-Ρίιυιο
1392 5865 1499 5920 post
1520 5859 1764 5928 00316ng

195 5936 275 5965 um
313 5922 429 5969 cod.
460 5920 679 5969 additum
726 5930 821 5969 est.
859 5919 993 5970 Εοίτ.
1098 5919 1125 5960 d
1173 5921 1255 5972 Sic
1297 5919 1423 5970 unus
1445 5920 1582 5981 cod.;
1645 5919 1768 5971 editi

198 5994 240 6029 ει
282 5989 388 6047 ipse
434 5982 610 6034 Humi.
658 5986 787 6035 ὁδόν.
832 5984 955 6035 Enn-

1879 455 2101 515 δύναται
2129 460 2292 532 λόγῳ,
2323 464 2423 517 οὐκ
2452 462 2531 518 ἔτι
2565 464 2787 535 ἐγέλων.
2825 468 2980 523 Οῦτω
3003 469 3097 525 καὶ
3142 471 3297 543 ὑμεῖς
3324 476 3448 532 τότε

1877 546 1940 598 οὐ
1962 547 2275 616 γελάσεσθε,
2322 552 2449 611 ὅταν
2477 556 2505 607 ό
2533 557 2634 625 τῆς
2661 557 2895 627 κρίσεως
2933 568 2957 597 ο
2998 559 3192 631 ἐπιστῇ
3238 563 3447 633 καιρὸς,

1879 635 2006 688 ὅταν
2029 637 2090 692 τὸ
2116 638 2215 708 τῆς
2240 639 2462 712 γεέννης
2491 644 2705 716 ἀναφθῇ
2736 645 2866 717 πῦρ.
2899 647 3060 703 Ἀλλά
3079 651 3133 702 τί
3160 651 3286 721 περὶ
3318 652 3449 722 μελ-

1875 723 2073 779 λόντων
2099 726 2279 794 λέγω;
2309 729 2495 784 Βούλει
2525 731 2681 797 δείξω
2710 733 2791 797 τίς
2839 736 2955 789 ἐστι
3006 738 3231 809 Πέτρος,
3279 741 3362 804 τίς
3391 741 3451 795 δὲ

1876 810 2137 880 Πλάτων;
2178 814 2259 867 Τὰ
2291 817 2399 887 γὰρ
2426 818 2530 889 ἤθη
2560 820 2699 884 τέως
2724 822 2924 889 αὐτῶν,
2970 826 3020 877 εἰ
3063 825 3226 889 δοκεῖ,
3265 828 3451 892 ἐξετά-

1877 917 2078 987 σωμεν,
2116 905 2209 956 καὶ
2261 904 2457 975 ἴδωμεν
2500 906 2639 960 τίσιν
2680 910 3048 983 ἐπεχείρησαν
3105 913 3126 952 ἲ
3176 916 3445 987 ἐκάτεροι.

1877 985 2044 1053 Οὗτος
2100 992 2199 1062 μὲν
2251 990 2344 1048 οὖν
2404 996 2579 1050 πάντα
2624 998 2718 1051 τὸν
2773 1001 2963 1071 χρόνον
3016 1003 3260 1056 ἀνάλωσε
3321 985 3452 1076 περὶ

1874 1077 2117 1149 δόγματα
2145 1083 2509 1154 στρεφόμενος
2540 1086 2771 1156 ἀνόνητα
2816 1089 2907 1141 καὶ
2948 1092 3196 1160 περιττά.
3243 1092 3308 1143 Τί
3339 1093 3452 1165 γάρ

1874 1165 2063 1256 ὄφελος
2092 1170 2156 1222 ἐκ
2188 1171 2281 1223 τοῦ
2310 1171 2521 1256 μαθεῖν,
2546 1174 2627 1227 ὅτι
2661 1177 2791 1243 μυῖα
2819 1175 3011 1248 ἡψυχὴ
3035 1178 3127 1230 τοῦ
3151 1179 3444 1249 φιλοσόφου

1874 1254 2122 1323 γίνεταις
2163 1260 2369 1323 Ὄντως
2427 1254 2579 1330 μυῖα,
2611 1263 2710 1323 οὐκ
2751 1263 2830 1326 εἰς
2876 1268 3039 1334 μυῖαν
3074 1266 3447 1336 μετέπιπτεν,

1874 1345 1988 1398 ἀλλ’
2019 1347 2271 1403 ἐπέϐαινε
2319 1353 2383 1422 τῇ
2430 1352 2489 1404 ἐν
2531 1351 2777 1406 Πλάτωνι
2829 1355 3052 1429 οἰκούσῃ
3075 1356 3238 1430 ψυχῇ.
3284 1359 3446 1425 Ποίας

1874 1434 2044 1488 ταῦτα
2082 1437 2144 1489 οὐ
2190 1438 2607 1509 ματαιολογίας;
2669 1442 2836 1496 πόθεν
2877 1443 2941 1514 δὴ
2986 1445 3211 1499 τοιαῦτα
3260 1446 3449 1518 ληρεῖν

1874 1523 2201 1593 ἐπεϐάλετο;
2228 1528 2522 1597 Εἰρωνείας
2550 1530 2745 1600 μεστὸς
2773 1528 2841 1603 ἦν
2864 1533 2892 1585 ό
2913 1532 3071 1603 ἀνὴρ,
3104 1535 3199 1588 καὶ
3228 1535 3449 1605 ζηλοτύ-

1873 1628 1985 1675 πως
2011 1614 2145 1682 πρὸς
2177 1614 2423 1680 ἅπαντας
2447 1618 2808 1690 διακείμενος.
2843 1619 3055 1692 Ὠσπερ
3090 1617 3182 1676 οὖν
3215 1623 3447 1693 φιλονει-

1872 1700 2004 1763 κῶν,
2049 1703 2184 1773 μήτε
2207 1705 2436 1769 οἴκοθεν,
2477 1708 2615 1778 μήτε
2660 1706 2789 1780 παρ’
2836 1707 3025 1781 ἐτέρου
3072 1712 3341 1783 χρήσιμόν
3394 1731 3451 1769 τι

1872 1789 2219 1858 εἰσαγαγεῖν·
2279 1793 2420 1847 οῦτω
2466 1796 2617 1867 παρά
2654 1796 2753 1866 μὲν
2782 1797 2971 1870 ἐτέρου
3012 1800 3112 1867 τὴν
3168 1801 3449 1872 μετεμψύ-

1872 1893 2038 1945 χωσιν
2072 1878 2308 1945 ἐδέξατο,
2359 1881 2510 1954 παρὰ
2561 1884 2619 1941 δὲ
2660 1885 2854 1945 ἑαυτοῦ
2894 1887 2993 1957 τὴν
3033 1889 3305 1943 πολιτείαν
3333 1892 3446 1947 εἰσ-

1871 1967 2099 2041 ήγαγεν,
2128 1967 2256 2022 ἔνθα
2287 1969 2356 2027 τὰ
2383 1971 2584 2042 πολλῆς
2617 1973 2970 2045 αἰσχρότητος
3000 1977 3240 2047 γέμοντα
3262 1979 3448 2049 ἐνομο-

1873 2053 2090 2127 θέτησε.
2141 2057 2356 2123 Κοιναί,
2402 2060 2586 2129 φησὶν,
2630 2063 2685 2115 αἰ
2728 2065 2986 2130 γυναῖκες
3038 2065 3301 2127 ἔστωσαν,
3355 2065 3450 2120 καὶ

1871 2146 2290 2217 γεγυμνωμέναι
2352 2148 2631 2219 παρθένοι,
2685 2152 2772 2205 ἐπ’
2828 2152 2983 2223 ὄψεσι
3033 2154 3143 2207 τῶν
3200 2156 3449 2226 ἐραστῶν

1873 2230 2272 2299 παλαιέτωσαν,
2317 2236 2411 2293 καὶ
2461 2238 2629 2291 κοινοὶ
2679 2240 2915 2310 πατέρες
2957 2240 3219 2308 ἔστωσαν,
3256 2245 3350 2298 καὶ
3393 2247 3446 2299 οἰ

1870 2318 2178 2389 τικτόμενοι
2207 2319 2324 2392 [59]
2351 2324 2556 2386 παῖδες.
2590 2324 2754 2378 Ποίαν
2793 2313 2890 2396 οὐχ
2923 2328 3246 2398 ὑπερϐάλλει
3274 2332 3447 2387 ταῦτα

1872 2406 2091 2471 ἄνοιαν;
2130 2408 2292 2463 Ἀλλά
2323 2410 2393 2464 τά
2423 2411 2523 2481 μὲν
2565 2411 2774 2473 ἐκείνου
2805 2417 3049 2470 τοιαῦτα,
3097 2416 3358 2472 Ἐνταῦθα
3387 2420 3446 2474 δὲ

1871 2496 1970 2566 οὐχ
2002 2498 2035 2567 ή
2066 2495 2229 2565 φύσις
2253 2502 2398 2552 ποιεῖ
2442 2503 2655 2566 κοινοὺς
2692 2504 2955 2575 πατέρας.
3003 2505 3117 2558 ἀλλ’
3156 2510 3189 2576 ἡ
3232 2509 3444 2579 Πέτρου

1872 2583 2187 2656 φιλοσοφία·
2222 2588 2345 2641 ἐπεὶ
2394 2590 2570 2644 ἐκεῖνό
2610 2608 2674 2660 γε
2728 2593 2821 2645 καί⁸
2871 2592 3081 2664 ἀνῄρει.
3133 2596 3297 2650 Οὐδὲν
3336 2598 3445 2668 γὰρ

1870 2674 2056 2744 ἕτερον
2081 2674 2276 2739 ἐποίει,
2305 2676 2420 2729 ἀλλ’
2462 2677 2494 2748 ἢ
2529 2678 2619 2733 τὸν
2646 2678 2777 2733 ὅντα
2800 2680 3110 2748 ἀγνοεῖσθαι
3140 2685 3443 2753 μονονουχὶ,

1870 2764 1965 2818 καὶ
2007 2763 2100 2817 τὸν
2140 2764 2240 2819 οὐκ
2285 2766 2413 2820 ὄντα
2464 2768 2792 2837 εἰσάγεσθαι.
2840 2771 2936 2833 Εἰς
2979 2770 3151 2843 μέθην
3184 2772 3306 2825 τινά
3352 2774 3444 2827 καὶ

1871 2852 2137 2920 συρφετὸν
2164 2852 2383 2908 ἐνέϐαλε
2412 2856 2511 2926 τὴν
2550 2856 2749 2927 ψυχήν.
2783 2857 3014 2921 Πάντες,
3052 2861 3238 2930 φησὶν,
3274 2861 3445 2923 ἀδεῶς

1870 2943 2264 3013 κεχρήσθωσαν
2305 2944 2429 3007 ταῖς
2463 2945 2698 3013 γυναιξί.
2736 2946 2836 2999 Διά
2871 2946 3028 3001 τοῦτο
3072 2950 3172 3002 οὐκ
3207 2949 3446 3015 ἐξετάζω

1870 3029 2110 3099 ποιητῶν
2130 3027 2398 3099 δόγματα,
2418 3029 2507 3084 ἵνα
2537 3032 2611 3103 μή
2648 3032 2716 3102 μέ
2743 3050 2829 3096 τις
2853 3032 2998 3087 εῐποι
3033 3034 3236 3106 μύθους
3261 3037 3446 3101 ἐξετά-

1870 3116 1985 3181 ζειν
2003 3134 2018 3150 ·
2043 3116 2158 3171 ἀλλ’
2181 3118 2401 3191 ἐτέρους
2429 3119 2575 3189 λέγω
2605 3119 2807 3190 μύθους
2832 3122 3057 3178 ἐκείνων
3071 3124 3251 3195 πολλῷ
3278 3143 3444 3179 καταα

1868 3206 2310 3280 γελαστοτέρους.
2336 3209 2447 3262 Ποῦ
2483 3208 2724 3263 τοιοῦτόν
2756 3228 2809 3264 τι
2830 3211 3252 3282 ἐτερατεύσαντο
3283 3231 3443 3284 ποιηο

1868 3295 1995 3362 ταί;
2032 3295 2225 3349 Ἀλλ’ό
2254 3300 2549 3368 κορυφαῖος
2592 3297 2701 3357 τῶν
2750 3298 3076 3370 φιλοσόφων,
3127 3301 3203 3363 ὡς
3247 3301 3441 3367 ἐδόκει,

1869 3384 1964 3439 καὶ
2000 3384 2143 3438 ὅπλα
2178 3385 2301 3449 ταῖς
2346 3385 2563 3455 γυναιξὶ
2597 3386 2929 3457 περιτίθησι,
2969 3389 3063 3442 καὶ
3105 3390 3301 3461 κράνη,
3351 3391 3441 3443 καί

1868 3473 2154 3544 κνημῖδας,
2179 3473 2274 3528 καὶ
2296 3473 2474 3527 κυνῶν
2505 3473 2657 3527 οὐδὲν
2684 3474 2962 3548 διαφέρειν
2977 3476 3126 3545 λέγει
3146 3477 3205 3530 τὸ
3236 3477 3443 3549 ἀνθρὼ-

1870 3578 2021 3615 πινον
2044 3561 2219 3629 γένος.
2255 3560 2473 3633 Ἐπειδὴ
2500 3560 2610 3633 γὰρ
2637 3564 2669 3633 ὴ
2700 3562 2848 3617 κύων
2870 3565 2902 3636 ἡ
2925 3564 3131 3636 θήλεια.
3167 3565 3320 3637 φησί,
3348 3567 3443 3620 καὶ

1867 3650 1896 3702 6
1932 3649 2108 3723 ἀρῤην
2150 3649 2498 3704 κοινωνοῦσιν
2535 3653 2593 3704 ἐν
2627 3654 2740 3716 τοῖς
2779 3652 2979 3724 ἔργοις,
3018 3653 3443 3708 κοινωνείτωσαν

1869 3740 1962 3791 καὶ
1999 3739 2055 3792 αί
2089 3742 2370 3808 γυναῖκες,
2399 3739 2493 3793 καὶ
2518 3739 2696 3793 πάντα
2726 3741 3131 3813 ἀνατρεπέσθω.
3176 3745 3286 3798 Ἀεὶ
3332 3746 3442 3819 γὰρ

1867 3828 1934 3881 δι’
1963 3827 2143 3881 αὐτῶν
2176 3827 2507 3883 ἐσπούδασεν
2534 3830 2563 3882 6
2592 3828 2860 3894 διάϐολος,
2896 3830 3059 3900 μηδὲν
3096 3833 3441 3905 ἐντιμότερον

1865 3916 1975 3970 τῶν
1998 3916 2210 3985 ἀλόγων
2246 3916 2307 3970 τδ
2334 3915 2599 3987 ἡμέτερον
2619 3916 2789 3982 δεῖξαι
2820 3917 2974 3985 γένος
2993 3936 3006 3948 ·
3036 3919 3169 3972 ὅπου
3207 3919 3271 3987 γέ
3297 3939 3441 3986 τινες

1867 4006 1949 4067 εἰς
1975 4002 2132 4058 τοῦτο
2170 4003 2476 4069 κενοδοξίας
2506 3999 2694 4073 ἦλθον,
2743 4003 2819 4068 ὡς
2860 4006 3054 4067 εἰπεῖν,
3104 4007 3186 4060 ὄτι
3227 4011 3321 4062 καὶ
3369 4010 3439 4069 τά

1868 4090 2038 4158 ἄλογα
2081 4089 2277 4157 λογικά
2322 4088 2603 4159 τυγχάνει.
2666 4090 2778 4147 Καὶ
2827 4091 2950 4160 ὅρα,
3006 4092 3123 4157 πῶς
3178 4096 3439 4161 ποικίλως

1866 4177 2195 4247 ἐϐάκχευσεν
2222 4177 2281 4229 ἐν
2300 4180 2418 4239 ταῖς
2449 4177 2671 4233 ἐκείνων
2692 4179 2910 4249 ψυχαῖς.
2939 4181 3003 4234 Oi
3039 4180 3139 4250 μὲν
3151 4182 3258 4254 γὰρ
3278 4202 3439 4255 κορυ-

1868 4268 2015 4335 φαῖσι
2037 4265 2216 4322 αὐτῶν
2231 4265 2441 4335 ἔφησαν
2468 4265 2567 4336 τὴν
2596 4266 2871 4337 ἡμετέραν
2913 4267 3091 4340 ψυχὴν
3127 4271 3209 4333 εἰς
3248 4273 3434 4342 μυίας,

1866 4353 1960 4408 καὶ
1988 4352 2177 4418 κύνας,
2200 4356 2295 4408 καὶ
2320 4354 2489 4424 ἄλογα
2515 4354 2863 4425 μεθίσταθαι·
2895 4356 2945 4409 οἰ
2970 4356 3028 4409 δὲ
3056 4357 3175 4427 μετ’
3200 4360 3440 4425 ἐκείνους

1864 4442 2025 4496 τοῦτο
2061 4444 2461 4514 αἰσχυνθέντες,
2501 4448 2581 4508 εἰς
2613 4445 2806 4515 ἐτέραν
2830 4446 3093 4518 αἰσχύνην
3112 4450 3435 4515 κατέπεσον,

1867 4532 2047 4600 πάσης
2061 4531 2285 4603 λογικῆς
2300 4534 2609 4605 ἐπιστήμης
2628 4534 2947 4604 μεταδόντες
2960 4540 3072 4600 τοῖς
3089 4537 3323 4606 ἀλόγοις,
3343 4541 3437 4592 καὶ

1866 4619 2141 4691 πανταχοῦ
2188 4620 2460 4687 δείξαντες
2517 4622 2673 4691 ἡμῶν
2718 4622 2787 4676 τά
2850 4624 2919 4677 δι’
2971 4626 3120 4695 ἡμᾶς
3170 4628 3439 4696 γενόμενα

1866 4708 2205 4779 ἐντιμότερα.
2240 4709 2314 4761 Οὐ
2346 4707 2502 4762 τοῦτο
2522 4710 2578 4762 δὲ
2602 4710 2779 4780 μόνον,
2815 4710 2952 4764 ἀλλά
2989 4712 3081 4764 καὶ
3102 4712 3437 4782 προγνώσεις

1866 4792 2005 4850 εἶναι
2043 4799 2172 4869 παρ’
2222 4798 2426 4863 αὐτοῖς,
2492 4799 2585 4852 καὶ
2630 4798 2914 4852 εὐσέϐειαν
2971 4808 2998 4847 6
3044 4800 3309 4868 λέγουσιν.
3378 4803 3436 4855 'U

1867 4884 2055 4956 κόραξ,
2103 4887 2287 4956 φησὶν,
2342 4882 2450 4939 οἶδε
2487 4887 2578 4940 τὸν
2632 4887 2783 4950 Θεὸν,
2837 4887 2930 4939 καί
2961 4888 2995 4958 ή
3050 4887 3284 4960 κορώνη,
3340 4891 3438 4943 καὶ

1866 4975 2204 5049 προφητείας
2255 4974 2438 5044 έχουσι
2490 4976 2822 5045 χαρίσματα,
2890 4976 2985 5027 καὶ
3045 4974 3113 5029 τά
3172 4977 3438 5047 μέλλοντα

1867 5065 2211 5138 προλέγουσι,
2246 5066 2340 5118 καὶ
2367 5063 2682 5134 δικαιοσύνη
2727 5064 2855 5135 παρ’
2894 5065 3099 5130 αὐτοῖς,
3149 5068 3243 5125 καὶ
3278 5069 3436 5123 πολι-

1864 5155 2006 5217 τεία,
2060 5154 2153 5208 καὶ
2202 5152 2378 5223 νόμοι,
2429 5152 2525 5205 καὶ
2589 5151 2743 5222 ζηλοῖ
2796 5154 2925 5223 παρ’
2978 5156 3163 5220 αὐτοῖς
3201 5157 3228 5209 ό
3288 5157 3437 5225 κύων

1866 5241 2009 5299 κατὰ
2048 5241 2329 5296 Πλάτωνα.
2400 5239 2551 5309 Τάχα
2598 5240 2874 5294 ἀπιστεῖτε
2922 5245 3030 5305 τοῖς
3085 5243 3437 5315 λεγομένοις;

1865 5330 2124 5393 Εἰκότως,
2158 5329 2253 5384 ἅτε
2285 5330 2397 5391 τοῖς
2432 5324 2680 5395 ὐγιέσινδ
2697 5327 3120 5400 ἐντεθραμμένοι
3139 5331 3399 5402 δόγμασιν
3420 5347 3434 5362 ·

1868 5423 1986 5477 ἐπεὶ,
2010 5424 2103 5476 καὶ
2158 5423 2211 5475 εἴ
2254 5439 2339 5485 τις
2381 5421 2614 5490 τραφείη
2658 5418 2829 5491 ταύτῃ
2863 5422 2930 5490 τῇ
2966 5424 3163 5491 τροφῇ.
3208 5422 3438 5491 ἀπιστή-

1868 5528 2012 5565 σειεν
2059 5510 2147 5573 ἂν,
2200 5510 2281 5565 ὅτι
2340 5508 2486 5563 ἔστιν
2540 5507 2825 5578 ἄνθρωπος
2873 5508 3081 5578 κόπρου
3144 5509 3437 5580 γενόμενος

1866 5600 2059 5671 ἡδέως.
2088 5600 2258 5653 Ὅταν
2295 5592 2387 5653 οὗν
2414 5598 2663 5667 λέγωμεν
2696 5596 2900 5665 αὐτοῖς,
2945 5597 3029 5652 ὃτι
3064 5597 3225 5669 μῦθοι
3265 5598 3437 5653 ταῦτα

1938 5869 1960 5897 e
1987 5856 2095 5905 Duo
2114 5868 2255 5917 mss:
2271 5854 2382 5917 ὅταν
2407 5854 2432 5899 ὁ
2455 5858 2537 5908 τῆς
2569 5852 2770 5917 γεέννης·
2814 5851 2870 5917 ,Δί
2901 5849 3072 5899 Morel.
3117 5848 3433 5917 ἐπεχάρηειανο

1872 5919 1897 5957 3
1925 5918 2023 5969 ,‘Sic
2060 5931 2174 5965 mss.
2224 5916 2350 5964 Editi
2394 5928 2515 5961 vero
2556 5921 2665 5976 post
2715 5913 2955 5961 εὐσέϐειαν
3010 5911 3431 5971 τρρρῐυιιυεῖναι.

1872 5978 1901 6017 ιι
1924 5980 2066 6033 Alius
2105 5980 2202 6033 τοῖς
2246 5977 2550 6038 ὑγιαίνουσιν.
