  <div class='ocr_page' id='page_1' title='image "/cluster/home/n/w/nwhite01/storage/ocr_20150623/60/hvd.32044019207810/054.png"; bbox 0 0 4024 6498; ppageno 0'>
   <div class='ocr_carea' id='block_1_1' title="bbox 173 419 3459 502">
    <p class='ocr_par' dir='ltr' id='par_1_1' title="bbox 173 419 3459 502">
     <span class='ocr_line' id='line_1_1' title="bbox 173 419 3459 502; baseline -0.011 0"><span class='ocrx_word' id='word_1_1' title='bbox 173 443 239 502; x_wconf 69' lang='lat' dir='ltr'><strong>is</strong></span> <span class='ocrx_word' id='word_1_2' title='bbox 1168 432 1233 490; x_wconf 80' lang='lat' dir='ltr'><strong>IN</strong></span> <span class='ocrx_word' id='word_1_3' title='bbox 1274 432 1455 488; x_wconf 76' lang='lat' dir='ltr'><strong>ACTA</strong></span> <span class='ocrx_word' id='word_1_4' title='bbox 1493 419 2264 484; x_wconf 74' lang='lat' dir='ltr'><strong>APOSTOLORUMJlOMlL.</strong></span> <span class='ocrx_word' id='word_1_5' title='bbox 2306 421 2371 477; x_wconf 88' lang='lat' dir='ltr'><strong>v.</strong></span> <span class='ocrx_word' id='word_1_6' title='bbox 3392 426 3459 481; x_wconf 61' lang='grc' dir='ltr'><strong>δυ</strong></span> 
     </span>
    </p>
   </div>
   <div class='ocr_carea' id='block_1_2' title="bbox 175 549 1763 633">
    <p class='ocr_par' dir='ltr' id='par_1_2' title="bbox 175 549 1763 633">
     <span class='ocr_line' id='line_1_2' title="bbox 175 549 1763 633; baseline -0.011 -16"><span class='ocrx_word' id='word_1_7' title='bbox 175 563 315 633; x_wconf 76' lang='grc' dir='ltr'><strong>η)υά</strong></span> <span class='ocrx_word' id='word_1_8' title='bbox 344 562 471 617; x_wconf 83' lang='lat' dir='ltr'><strong>illos</strong></span> <span class='ocrx_word' id='word_1_9' title='bbox 496 576 617 617; x_wconf 81' lang='lat' dir='ltr'><strong>esse</strong></span> <span class='ocrx_word' id='word_1_10' title='bbox 637 559 839 614; x_wconf 89' lang='lat' dir='ltr'><strong>dicunt.</strong></span> <span class='ocrx_word' id='word_1_11' title='bbox 860 557 1091 621; x_wconf 83' lang='lat' dir='ltr'><strong>Corvus,</strong></span> <span class='ocrx_word' id='word_1_12' title='bbox 1117 554 1382 623; x_wconf 90' lang='lat' dir='ltr'><strong>inquitmt,</strong></span> <span class='ocrx_word' id='word_1_13' title='bbox 1406 551 1553 605; x_wconf 85' lang='lat' dir='ltr'><strong>novit</strong></span> <span class='ocrx_word' id='word_1_14' title='bbox 1572 549 1763 614; x_wconf 89' lang='lat' dir='ltr'><strong>Deum,</strong></span> 
     </span>
    </p>
   </div>
   <div class='ocr_carea' id='block_1_3' title="bbox 176 643 1769 721">
    <p class='ocr_par' dir='ltr' id='par_1_3' title="bbox 176 643 1769 721">
     <span class='ocr_line' id='line_1_3' title="bbox 176 643 1769 721; baseline -0.01 -12"><span class='ocrx_word' id='word_1_15' title='bbox 176 668 232 709; x_wconf 91' lang='lat' dir='ltr'><strong>nt</strong></span> <span class='ocrx_word' id='word_1_16' title='bbox 252 665 306 710; x_wconf 90' lang='lat' dir='ltr'><strong>et</strong></span> <span class='ocrx_word' id='word_1_17' title='bbox 324 652 541 718; x_wconf 79' lang='lat' dir='ltr'><strong>cornix,</strong></span> <span class='ocrx_word' id='word_1_18' title='bbox 565 668 628 707; x_wconf 90' lang='lat' dir='ltr'><strong>ac</strong></span> <span class='ocrx_word' id='word_1_19' title='bbox 650 650 943 721; x_wconf 76' lang='lat' dir='ltr'><strong>prophetia:</strong></span> <span class='ocrx_word' id='word_1_20' title='bbox 960 649 1160 703; x_wconf 82' lang='lat' dir='ltr'><strong>donum</strong></span> <span class='ocrx_word' id='word_1_21' title='bbox 1189 647 1407 709; x_wconf 88' lang='lat' dir='ltr'><strong>habent,</strong></span> <span class='ocrx_word' id='word_1_22' title='bbox 1433 643 1605 698; x_wconf 90' lang='lat' dir='ltr'><strong>futura</strong></span> <span class='ocrx_word' id='word_1_23' title='bbox 1630 656 1769 711; x_wconf 76' lang='lat' dir='ltr'><strong>pra:-</strong></span> 
     </span>
    </p>
   </div>
   <div class='ocr_carea' id='block_1_4' title="bbox 182 732 1770 814">
    <p class='ocr_par' dir='ltr' id='par_1_4' title="bbox 182 732 1770 814">
     <span class='ocr_line' id='line_1_4' title="bbox 182 732 1770 814; baseline -0.009 -17"><span class='ocrx_word' id='word_1_24' title='bbox 182 746 361 799; x_wconf 88' lang='lat' dir='ltr'><strong>dicunt</strong></span> <span class='ocrx_word' id='word_1_25' title='bbox 384 763 397 798; x_wconf 88' lang='lat'>:</span> <span class='ocrx_word' id='word_1_26' title='bbox 418 743 562 814; x_wconf 89' lang='lat' dir='ltr'><strong>apud</strong></span> <span class='ocrx_word' id='word_1_27' title='bbox 581 742 704 798; x_wconf 92' lang='lat' dir='ltr'><strong>illos</strong></span> <span class='ocrx_word' id='word_1_28' title='bbox 719 741 945 811; x_wconf 82' lang='lat' dir='ltr'><strong>justitia,</strong></span> <span class='ocrx_word' id='word_1_29' title='bbox 970 737 1290 807; x_wconf 84' lang='lat' dir='ltr'><strong>respublica,</strong></span> <span class='ocrx_word' id='word_1_30' title='bbox 1311 736 1476 805; x_wconf 86' lang='lat' dir='ltr'><strong>leges,</strong></span> <span class='ocrx_word' id='word_1_31' title='bbox 1498 732 1770 787; x_wconf 87' lang='lat' dir='ltr'><strong>invidiam-</strong></span> 
     </span>
    </p>
   </div>
   <div class='ocr_carea' id='block_1_5' title="bbox 179 823 1766 905">
    <p class='ocr_par' dir='ltr' id='par_1_5' title="bbox 179 823 1766 905">
     <span class='ocr_line' id='line_1_5' title="bbox 179 823 1766 905; baseline -0.008 -16"><span class='ocrx_word' id='word_1_32' title='bbox 179 852 282 905; x_wconf 88' lang='lat' dir='ltr'><strong>que</strong></span> <span class='ocrx_word' id='word_1_33' title='bbox 300 834 441 903; x_wconf 90' lang='lat' dir='ltr'><strong>apud</strong></span> <span class='ocrx_word' id='word_1_34' title='bbox 465 835 590 889; x_wconf 92' lang='lat' dir='ltr'><strong>illos</strong></span> <span class='ocrx_word' id='word_1_35' title='bbox 608 834 755 889; x_wconf 90' lang='lat' dir='ltr'><strong>canis</strong></span> <span class='ocrx_word' id='word_1_36' title='bbox 775 832 935 886; x_wconf 90' lang='lat' dir='ltr'><strong>habet</strong></span> <span class='ocrx_word' id='word_1_37' title='bbox 960 828 1253 884; x_wconf 88' lang='lat' dir='ltr'><strong>secundum</strong></span> <span class='ocrx_word' id='word_1_38' title='bbox 1286 827 1582 882; x_wconf 80' lang='lat' dir='ltr'><strong>Platonem.</strong></span> <span class='ocrx_word' id='word_1_39' title='bbox 1606 823 1766 878; x_wconf 79' lang='lat' dir='ltr'><strong>Dictis</strong></span> 
     </span>
    </p>
   </div>
   <div class='ocr_carea' id='block_1_6' title="bbox 180 911 1774 990">
    <p class='ocr_par' dir='ltr' id='par_1_6' title="bbox 180 911 1774 990">
     <span class='ocr_line' id='line_1_6' title="bbox 180 911 1774 990; baseline -0.006 -11"><span class='ocrx_word' id='word_1_40' title='bbox 180 931 407 981; x_wconf 84' lang='lat' dir='ltr'><strong>fortasse</strong></span> <span class='ocrx_word' id='word_1_41' title='bbox 435 926 598 981; x_wconf 82' lang='lat' dir='ltr'><strong>fidem</strong></span> <span class='ocrx_word' id='word_1_42' title='bbox 615 942 722 979; x_wconf 91' lang='lat' dir='ltr'><strong>non</strong></span> <span class='ocrx_word' id='word_1_43' title='bbox 749 921 987 977; x_wconf 86' lang='lat' dir='ltr'><strong>habetis?</strong></span> <span class='ocrx_word' id='word_1_44' title='bbox 1006 920 1167 990; x_wconf 85' lang='lat' dir='ltr'><strong>idque</strong></span> <span class='ocrx_word' id='word_1_45' title='bbox 1189 919 1400 977; x_wconf 89' lang='lat' dir='ltr'><strong>merito.</strong></span> <span class='ocrx_word' id='word_1_46' title='bbox 1426 926 1608 986; x_wconf 85' lang='lat' dir='ltr'><strong>utpote</strong></span> <span class='ocrx_word' id='word_1_47' title='bbox 1628 911 1774 970; x_wconf 90' lang='lat' dir='ltr'><strong>sanis</strong></span> 
     </span>
    </p>
   </div>
   <div class='ocr_carea' id='block_1_7' title="bbox 178 1007 1772 1088">
    <p class='ocr_par' dir='ltr' id='par_1_7' title="bbox 178 1007 1772 1088">
     <span class='ocr_line' id='line_1_7' title="bbox 178 1007 1772 1088; baseline -0.008 -15"><span class='ocrx_word' id='word_1_48' title='bbox 178 1019 391 1073; x_wconf 77' lang='lat' dir='ltr'><strong>educati</strong></span> <span class='ocrx_word' id='word_1_49' title='bbox 416 1017 781 1088; x_wconf 82' lang='lat' dir='ltr'><strong>dogmatibus.</strong></span> <span class='ocrx_word' id='word_1_50' title='bbox 814 1014 997 1083; x_wconf 82' lang='lat' dir='ltr'><strong>Quiris</strong></span> <span class='ocrx_word' id='word_1_51' title='bbox 1026 1012 1168 1067; x_wconf 91' lang='lat' dir='ltr'><strong>enim</strong></span> <span class='ocrx_word' id='word_1_52' title='bbox 1209 1010 1310 1065; x_wconf 91' lang='lat' dir='ltr'><strong>hoc</strong></span> <span class='ocrx_word' id='word_1_53' title='bbox 1337 1008 1457 1063; x_wconf 89' lang='lat' dir='ltr'><strong>cibo</strong></span> <span class='ocrx_word' id='word_1_54' title='bbox 1487 1007 1772 1072; x_wconf 88' lang='lat' dir='ltr'><strong>educatus,</strong></span> 
     </span>
    </p>
   </div>
   <div class='ocr_carea' id='block_1_8' title="bbox 178 1098 1777 1179">
    <p class='ocr_par' dir='ltr' id='par_1_8' title="bbox 178 1098 1777 1179">
     <span class='ocr_line' id='line_1_8' title="bbox 178 1098 1777 1179; baseline -0.007 -16"><span class='ocrx_word' id='word_1_55' title='bbox 178 1126 477 1179; x_wconf 89' lang='lat' dir='ltr'><strong>numquam</strong></span> <span class='ocrx_word' id='word_1_56' title='bbox 511 1109 697 1164; x_wconf 85' lang='lat' dir='ltr'><strong>credet</strong></span> <span class='ocrx_word' id='word_1_57' title='bbox 726 1108 998 1161; x_wconf 87' lang='lat' dir='ltr'><strong>hominem</strong></span> <span class='ocrx_word' id='word_1_58' title='bbox 1029 1119 1149 1159; x_wconf 87' lang='lat' dir='ltr'><strong>esse</strong></span> <span class='ocrx_word' id='word_1_59' title='bbox 1171 1143 1186 1168; x_wconf 95' lang='lat'><strong>,</strong></span> <span class='ocrx_word' id='word_1_60' title='bbox 1214 1103 1302 1172; x_wconf 91' lang='lat' dir='ltr'><strong>qui</strong></span> <span class='ocrx_word' id='word_1_61' title='bbox 1332 1111 1567 1157; x_wconf 85' lang='lat' dir='ltr'><strong>stercora</strong></span> <span class='ocrx_word' id='word_1_62' title='bbox 1604 1098 1777 1153; x_wconf 90' lang='lat' dir='ltr'><strong>liben-</strong></span> 
     </span>
    </p>
   </div>
   <div class='ocr_carea' id='block_1_9' title="bbox 179 1192 1775 1271">
    <p class='ocr_par' dir='ltr' id='par_1_9' title="bbox 179 1192 1775 1271">
     <span class='ocr_line' id='line_1_9' title="bbox 179 1192 1775 1271; baseline -0.005 -18"><span class='ocrx_word' id='word_1_63' title='bbox 179 1213 257 1255; x_wconf 86' lang='lat' dir='ltr'><strong>ter</strong></span> <span class='ocrx_word' id='word_1_64' title='bbox 282 1202 559 1271; x_wconf 80' lang='lat' dir='ltr'><strong>degustet.</strong></span> <span class='ocrx_word' id='word_1_65' title='bbox 589 1200 721 1254; x_wconf 88' lang='lat' dir='ltr'><strong>Cum</strong></span> <span class='ocrx_word' id='word_1_66' title='bbox 744 1215 872 1270; x_wconf 87' lang='lat' dir='ltr'><strong>ergo</strong></span> <span class='ocrx_word' id='word_1_67' title='bbox 892 1198 1120 1252; x_wconf 89' lang='lat' dir='ltr'><strong>dicimus</strong></span> <span class='ocrx_word' id='word_1_68' title='bbox 1145 1196 1269 1258; x_wconf 87' lang='lat' dir='ltr'><strong>illis,</strong></span> <span class='ocrx_word' id='word_1_69' title='bbox 1294 1194 1408 1248; x_wconf 62' lang='lat' dir='ltr'><strong>haec</strong></span> <span class='ocrx_word' id='word_1_70' title='bbox 1433 1192 1636 1247; x_wconf 89' lang='lat' dir='ltr'><strong>fabulas</strong></span> <span class='ocrx_word' id='word_1_71' title='bbox 1656 1205 1775 1245; x_wconf 86' lang='lat' dir='ltr'><strong>esse</strong></span> 
     </span>
    </p>
   </div>
   <div class='ocr_carea' id='block_1_10' title="bbox 176 1280 1768 1363">
    <p class='ocr_par' dir='ltr' id='par_1_10' title="bbox 176 1280 1768 1363">
     <span class='ocr_line' id='line_1_10' title="bbox 176 1280 1768 1363; baseline -0.008 -18"><span class='ocrx_word' id='word_1_72' title='bbox 176 1302 231 1345; x_wconf 90' lang='lat' dir='ltr'><strong>et</strong></span> <span class='ocrx_word' id='word_1_73' title='bbox 257 1293 574 1363; x_wconf 83' lang='lat' dir='ltr'><strong>insipientia</strong></span> <span class='ocrx_word' id='word_1_74' title='bbox 604 1292 759 1362; x_wconf 90' lang='lat' dir='ltr'><strong>plena</strong></span> <span class='ocrx_word' id='word_1_75' title='bbox 794 1306 809 1355; x_wconf 91' lang='lat'><strong>;</strong></span> <span class='ocrx_word' id='word_1_76' title='bbox 855 1305 963 1344; x_wconf 88' lang='lat' dir='ltr'><strong>non</strong></span> <span class='ocrx_word' id='word_1_77' title='bbox 989 1286 1287 1357; x_wconf 88' lang='lat' dir='ltr'><strong>intelligitis</strong></span> <span class='ocrx_word' id='word_1_78' title='bbox 1316 1327 1332 1351; x_wconf 89' lang='lat'><strong>,</strong></span> <span class='ocrx_word' id='word_1_79' title='bbox 1362 1284 1625 1351; x_wconf 78' lang='lat' dir='ltr'><strong>inquiunt.</strong></span> <span class='ocrx_word' id='word_1_80' title='bbox 1652 1280 1768 1337; x_wconf 80' lang='lat' dir='ltr'><strong>Uti-</strong></span> 
     </span>
    </p>
   </div>
   <div class='ocr_carea' id='block_1_11' title="bbox 186 1375 1777 1449">
    <p class='ocr_par' dir='ltr' id='par_1_11' title="bbox 186 1375 1777 1449">
     <span class='ocr_line' id='line_1_11' title="bbox 186 1375 1777 1449; baseline -0.005 -13"><span class='ocrx_word' id='word_1_81' title='bbox 186 1403 307 1437; x_wconf 82' lang='lat' dir='ltr'><strong>nam</strong></span> <span class='ocrx_word' id='word_1_82' title='bbox 342 1401 459 1438; x_wconf 88' lang='lat' dir='ltr'><strong>rem</strong></span> <span class='ocrx_word' id='word_1_83' title='bbox 496 1395 602 1438; x_wconf 87' lang='lat' dir='ltr'><strong>tam</strong></span> <span class='ocrx_word' id='word_1_84' title='bbox 651 1382 933 1437; x_wconf 87' lang='lat' dir='ltr'><strong>ridiculam</strong></span> <span class='ocrx_word' id='word_1_85' title='bbox 974 1394 1264 1449; x_wconf 90' lang='lat' dir='ltr'><strong>numquam</strong></span> <span class='ocrx_word' id='word_1_86' title='bbox 1304 1375 1777 1446; x_wconf 67' lang='lat' dir='ltr'><strong>intelliganiusllﬂt</strong></span> 
     </span>
    </p>
   </div>
   <div class='ocr_carea' id='block_1_12' title="bbox 179 1470 1773 1547">
    <p class='ocr_par' dir='ltr' id='par_1_12' title="bbox 179 1470 1773 1547">
     <span class='ocr_line' id='line_1_12' title="bbox 179 1470 1773 1547; baseline -0.007 -16"><span class='ocrx_word' id='word_1_87' title='bbox 179 1493 309 1531; x_wconf 82' lang='lat' dir='ltr'><strong>sane</strong></span> <span class='ocrx_word' id='word_1_88' title='bbox 336 1493 445 1531; x_wconf 88' lang='lat' dir='ltr'><strong>non</strong></span> <span class='ocrx_word' id='word_1_89' title='bbox 477 1478 548 1532; x_wconf 90' lang='lat' dir='ltr'><strong>ita</strong></span> <span class='ocrx_word' id='word_1_90' title='bbox 573 1476 835 1547; x_wconf 86' lang='lat' dir='ltr'><strong>profundo</strong></span> <span class='ocrx_word' id='word_1_91' title='bbox 864 1489 1023 1530; x_wconf 86' lang='lat' dir='ltr'><strong>sensu</strong></span> <span class='ocrx_word' id='word_1_92' title='bbox 1047 1488 1182 1544; x_wconf 90' lang='lat' dir='ltr'><strong>opus</strong></span> <span class='ocrx_word' id='word_1_93' title='bbox 1216 1481 1297 1527; x_wconf 89' lang='lat' dir='ltr'><strong>est</strong></span> <span class='ocrx_word' id='word_1_94' title='bbox 1324 1512 1339 1535; x_wconf 90' lang='lat'><strong>,</strong></span> <span class='ocrx_word' id='word_1_95' title='bbox 1380 1480 1435 1524; x_wconf 90' lang='lat' dir='ltr'><strong>nt</strong></span> <span class='ocrx_word' id='word_1_96' title='bbox 1462 1470 1729 1524; x_wconf 84' lang='lat' dir='ltr'><strong>discamus</strong></span> <span class='ocrx_word' id='word_1_97' title='bbox 1758 1509 1773 1533; x_wconf 90' lang='lat'><strong>,</strong></span> 
     </span>
    </p>
   </div>
   <div class='ocr_carea' id='block_1_13' title="bbox 180 1561 1775 1636">
    <p class='ocr_par' dir='ltr' id='par_1_13' title="bbox 180 1561 1775 1636">
     <span class='ocr_line' id='line_1_13' title="bbox 180 1561 1775 1636; baseline -0.005 -14"><span class='ocrx_word' id='word_1_98' title='bbox 180 1571 307 1635; x_wconf 81' lang='lat' dir='ltr'><strong>quin</strong></span> <span class='ocrx_word' id='word_1_99' title='bbox 357 1570 463 1623; x_wconf 85' lang='lat' dir='ltr'><strong>sibi</strong></span> <span class='ocrx_word' id='word_1_100' title='bbox 494 1571 604 1623; x_wconf 91' lang='lat' dir='ltr'><strong>vult</strong></span> <span class='ocrx_word' id='word_1_101' title='bbox 631 1569 719 1624; x_wconf 90' lang='lat' dir='ltr'><strong>illa</strong></span> <span class='ocrx_word' id='word_1_102' title='bbox 747 1577 888 1622; x_wconf 89' lang='lat' dir='ltr'><strong>tanta</strong></span> <span class='ocrx_word' id='word_1_103' title='bbox 930 1567 1174 1636; x_wconf 88' lang='lat' dir='ltr'><strong>impietas</strong></span> <span class='ocrx_word' id='word_1_104' title='bbox 1213 1574 1266 1619; x_wconf 92' lang='lat' dir='ltr'><strong>et</strong></span> <span class='ocrx_word' id='word_1_105' title='bbox 1307 1577 1485 1618; x_wconf 88' lang='lat' dir='ltr'><strong>rerum</strong></span> <span class='ocrx_word' id='word_1_106' title='bbox 1513 1561 1775 1617; x_wconf 81' lang='lat' dir='ltr'><strong>confusio.</strong></span> 
     </span>
    </p>
   </div>
   <div class='ocr_carea' id='block_1_14' title="bbox 181 1654 1779 1730">
    <p class='ocr_par' dir='ltr' id='par_1_14' title="bbox 181 1654 1779 1730">
     <span class='ocr_line' id='line_1_14' title="bbox 181 1654 1779 1730; baseline -0.007 -12"><span class='ocrx_word' id='word_1_107' title='bbox 181 1663 317 1718; x_wconf 73' lang='lat' dir='ltr'><strong>Num</strong></span> <span class='ocrx_word' id='word_1_108' title='bbox 343 1679 633 1717; x_wconf 84' lang='lat' dir='ltr'><strong>corvorum</strong></span> <span class='ocrx_word' id='word_1_109' title='bbox 663 1679 813 1716; x_wconf 90' lang='lat' dir='ltr'><strong>more</strong></span> <span class='ocrx_word' id='word_1_110' title='bbox 842 1660 1153 1730; x_wconf 90' lang='lat' dir='ltr'><strong>loquimini,</strong></span> <span class='ocrx_word' id='word_1_111' title='bbox 1184 1673 1217 1711; x_wconf 92' lang='grc' dir='ltr'><strong>ο</strong></span> <span class='ocrx_word' id='word_1_112' title='bbox 1239 1657 1409 1711; x_wconf 85' lang='lat' dir='ltr'><strong>insani</strong></span> <span class='ocrx_word' id='word_1_113' title='bbox 1439 1698 1454 1722; x_wconf 90' lang='lat'><strong>,</strong></span> <span class='ocrx_word' id='word_1_114' title='bbox 1489 1665 1546 1709; x_wconf 89' lang='lat' dir='ltr'><strong>ut</strong></span> <span class='ocrx_word' id='word_1_115' title='bbox 1576 1654 1779 1709; x_wconf 90' lang='lat' dir='ltr'><strong>faciunt</strong></span> 
     </span>
    </p>
   </div>
   <div class='ocr_carea' id='block_1_15' title="bbox 185 1744 1779 1824">
    <p class='ocr_par' dir='ltr' id='par_1_15' title="bbox 185 1744 1779 1824">
     <span class='ocr_line' id='line_1_15' title="bbox 185 1744 1779 1824; baseline -0.008 -13"><span class='ocrx_word' id='word_1_116' title='bbox 185 1757 381 1824; x_wconf 78' lang='lat' dir='ltr'><strong>pueri?</strong></span> <span class='ocrx_word' id='word_1_117' title='bbox 414 1757 652 1809; x_wconf 76' lang='lat' dir='ltr'><strong>Infantes</strong></span> <span class='ocrx_word' id='word_1_118' title='bbox 692 1754 889 1824; x_wconf 88' lang='lat' dir='ltr'><strong>quippe</strong></span> <span class='ocrx_word' id='word_1_119' title='bbox 918 1752 1048 1807; x_wconf 88' lang='lat' dir='ltr'><strong>estis</strong></span> <span class='ocrx_word' id='word_1_120' title='bbox 1074 1792 1087 1813; x_wconf 88' lang='lat'><strong>,</strong></span> <span class='ocrx_word' id='word_1_121' title='bbox 1120 1759 1174 1804; x_wconf 93' lang='lat' dir='ltr'><strong>ut</strong></span> <span class='ocrx_word' id='word_1_122' title='bbox 1205 1749 1299 1803; x_wconf 90' lang='lat' dir='ltr'><strong>illi.</strong></span> <span class='ocrx_word' id='word_1_123' title='bbox 1331 1748 1401 1801; x_wconf 86' lang='lat' dir='ltr'><strong>At</strong></span> <span class='ocrx_word' id='word_1_124' title='bbox 1430 1747 1618 1802; x_wconf 83' lang='lat' dir='ltr'><strong>Petrus</strong></span> <span class='ocrx_word' id='word_1_125' title='bbox 1646 1744 1779 1799; x_wconf 84' lang='lat' dir='ltr'><strong>nihil</strong></span> 
     </span>
    </p>
   </div>
   <div class='ocr_carea' id='block_1_16' title="bbox 184 1836 1779 1914">
    <p class='ocr_par' dir='ltr' id='par_1_16' title="bbox 184 1836 1779 1914">
     <span class='ocr_line' id='line_1_16' title="bbox 184 1836 1779 1914; baseline -0.007 -12"><span class='ocrx_word' id='word_1_126' title='bbox 184 1849 290 1903; x_wconf 85' lang='lat' dir='ltr'><strong>tale</strong></span> <span class='ocrx_word' id='word_1_127' title='bbox 319 1849 486 1914; x_wconf 81' lang='lat' dir='ltr'><strong>dixit,</strong></span> <span class='ocrx_word' id='word_1_128' title='bbox 518 1846 615 1901; x_wconf 88' lang='lat' dir='ltr'><strong>sed</strong></span> <span class='ocrx_word' id='word_1_129' title='bbox 645 1863 827 1901; x_wconf 87' lang='lat' dir='ltr'><strong>vocem</strong></span> <span class='ocrx_word' id='word_1_130' title='bbox 865 1844 1043 1899; x_wconf 90' lang='lat' dir='ltr'><strong>emisit</strong></span> <span class='ocrx_word' id='word_1_131' title='bbox 1074 1885 1089 1907; x_wconf 86' lang='lat'><strong>,</strong></span> <span class='ocrx_word' id='word_1_132' title='bbox 1127 1858 1244 1911; x_wconf 70' lang='lat' dir='ltr'><strong>qua:</strong></span> <span class='ocrx_word' id='word_1_133' title='bbox 1269 1841 1420 1911; x_wconf 87' lang='lat' dir='ltr'><strong>quasi</strong></span> <span class='ocrx_word' id='word_1_134' title='bbox 1453 1839 1505 1892; x_wconf 92' lang='lat' dir='ltr'><strong>in</strong></span> <span class='ocrx_word' id='word_1_135' title='bbox 1541 1836 1779 1893; x_wconf 84' lang='lat' dir='ltr'><strong>tenebris</strong></span> 
     </span>
    </p>
   </div>
   <div class='ocr_carea' id='block_1_17' title="bbox 184 1930 1778 2011">
    <p class='ocr_par' dir='ltr' id='par_1_17' title="bbox 184 1930 1778 2011">
     <span class='ocr_line' id='line_1_17' title="bbox 184 1930 1778 2011; baseline -0.008 -16"><span class='ocrx_word' id='word_1_136' title='bbox 184 1942 357 1995; x_wconf 89' lang='lat' dir='ltr'><strong>lucem</strong></span> <span class='ocrx_word' id='word_1_137' title='bbox 380 1956 631 2011; x_wconf 82' lang='lat' dir='ltr'><strong>magnam</strong></span> <span class='ocrx_word' id='word_1_138' title='bbox 663 1940 966 2003; x_wconf 90' lang='lat' dir='ltr'><strong>emitteret,</strong></span> <span class='ocrx_word' id='word_1_139' title='bbox 992 1945 1046 1991; x_wconf 90' lang='lat' dir='ltr'><strong>et</strong></span> <span class='ocrx_word' id='word_1_140' title='bbox 1074 1934 1353 2004; x_wconf 90' lang='lat' dir='ltr'><strong>caliginem</strong></span> <span class='ocrx_word' id='word_1_141' title='bbox 1377 1932 1430 1987; x_wconf 91' lang='lat' dir='ltr'><strong>in</strong></span> <span class='ocrx_word' id='word_1_142' title='bbox 1460 1931 1589 1986; x_wconf 90' lang='lat' dir='ltr'><strong>orbe</strong></span> <span class='ocrx_word' id='word_1_143' title='bbox 1615 1930 1778 1985; x_wconf 72' lang='lat' dir='ltr'><strong>dissi-</strong></span> 
     </span>
    </p>
   </div>
   <div class='ocr_carea' id='block_1_18' title="bbox 183 2023 1776 2104">
    <p class='ocr_par' dir='ltr' id='par_1_18' title="bbox 183 2023 1776 2104">
     <span class='ocr_line' id='line_1_18' title="bbox 183 2023 1776 2104; baseline -0.008 -17"><span class='ocrx_word' id='word_1_144' title='bbox 183 2044 357 2104; x_wconf 85' lang='lat' dir='ltr'><strong>paret.</strong></span> <span class='ocrx_word' id='word_1_145' title='bbox 398 2033 600 2087; x_wconf 82' lang='lat' dir='ltr'><strong>Verum</strong></span> <span class='ocrx_word' id='word_1_146' title='bbox 646 2047 828 2087; x_wconf 87' lang='lat' dir='ltr'><strong>mores</strong></span> <span class='ocrx_word' id='word_1_147' title='bbox 867 2030 1012 2085; x_wconf 90' lang='lat' dir='ltr'><strong>illius</strong></span> <span class='ocrx_word' id='word_1_148' title='bbox 1063 2042 1223 2098; x_wconf 89' lang='lat' dir='ltr'><strong>quam</strong></span> <span class='ocrx_word' id='word_1_149' title='bbox 1270 2034 1423 2081; x_wconf 90' lang='lat' dir='ltr'><strong>erant</strong></span> <span class='ocrx_word' id='word_1_150' title='bbox 1469 2023 1730 2078; x_wconf 88' lang='lat' dir='ltr'><strong>mansueti</strong></span> <span class='ocrx_word' id='word_1_151' title='bbox 1761 2062 1776 2086; x_wconf 91' lang='lat'><strong>,</strong></span> 
     </span>
    </p>
   </div>
   <div class='ocr_carea' id='block_1_19' title="bbox 182 2116 1780 2197">
    <p class='ocr_par' dir='ltr' id='par_1_19' title="bbox 182 2116 1780 2197">
     <span class='ocr_line' id='line_1_19' title="bbox 182 2116 1780 2197; baseline -0.006 -18"><span class='ocrx_word' id='word_1_152' title='bbox 182 2144 341 2197; x_wconf 86' lang='lat' dir='ltr'><strong>quam</strong></span> <span class='ocrx_word' id='word_1_153' title='bbox 370 2127 613 2185; x_wconf 89' lang='lat' dir='ltr'><strong>humani.</strong></span> <span class='ocrx_word' id='word_1_154' title='bbox 637 2140 796 2195; x_wconf 87' lang='lat' dir='ltr'><strong>quam</strong></span> <span class='ocrx_word' id='word_1_155' title='bbox 822 2122 892 2177; x_wconf 92' lang='lat' dir='ltr'><strong>ob</strong></span> <span class='ocrx_word' id='word_1_156' title='bbox 917 2122 1062 2177; x_wconf 90' lang='lat' dir='ltr'><strong>omni</strong></span> <span class='ocrx_word' id='word_1_157' title='bbox 1090 2135 1223 2175; x_wconf 84' lang='lat' dir='ltr'><strong>vana</strong></span> <span class='ocrx_word' id='word_1_158' title='bbox 1252 2118 1420 2189; x_wconf 90' lang='lat' dir='ltr'><strong>gloria</strong></span> <span class='ocrx_word' id='word_1_159' title='bbox 1443 2116 1622 2181; x_wconf 87' lang='lat' dir='ltr'><strong>alieni,</strong></span> <span class='ocrx_word' id='word_1_160' title='bbox 1649 2130 1780 2185; x_wconf 84' lang='lat' dir='ltr'><strong>quo-</strong></span> 
     </span>
    </p>
   </div>
   <div class='ocr_carea' id='block_1_20' title="bbox 182 2210 1781 2285">
    <p class='ocr_par' dir='ltr' id='par_1_20' title="bbox 182 2210 1781 2285">
     <span class='ocr_line' id='line_1_20' title="bbox 182 2210 1781 2285; baseline -0.007 -12"><span class='ocrx_word' id='word_1_161' title='bbox 182 2220 348 2273; x_wconf 83' lang='lat' dir='ltr'><strong>modo</strong></span> <span class='ocrx_word' id='word_1_162' title='bbox 379 2218 450 2271; x_wconf 92' lang='lat' dir='ltr'><strong>ad</strong></span> <span class='ocrx_word' id='word_1_163' title='bbox 476 2217 667 2271; x_wconf 63' lang='lat' dir='ltr'><strong>emittm</strong></span> <span class='ocrx_word' id='word_1_164' title='bbox 701 2214 1024 2285; x_wconf 88' lang='lat' dir='ltr'><strong>respiciebat</strong></span> <span class='ocrx_word' id='word_1_165' title='bbox 1053 2212 1170 2267; x_wconf 90' lang='lat' dir='ltr'><strong>sine</strong></span> <span class='ocrx_word' id='word_1_166' title='bbox 1198 2210 1336 2265; x_wconf 90' lang='lat' dir='ltr'><strong>fastu</strong></span> <span class='ocrx_word' id='word_1_167' title='bbox 1356 2252 1371 2277; x_wconf 95' lang='lat'><strong>,</strong></span> <span class='ocrx_word' id='word_1_168' title='bbox 1397 2210 1521 2264; x_wconf 89' lang='lat' dir='ltr'><strong>licet</strong></span> <span class='ocrx_word' id='word_1_169' title='bbox 1540 2218 1781 2263; x_wconf 89' lang='lat' dir='ltr'><strong>mortuos</strong></span> 
     </span>
    </p>
   </div>
   <div class='ocr_carea' id='block_1_21' title="bbox 183 2300 1780 2376">
    <p class='ocr_par' dir='ltr' id='par_1_21' title="bbox 183 2300 1780 2376">
     <span class='ocr_line' id='line_1_21' title="bbox 183 2300 1780 2376; baseline -0.009 -12"><span class='ocrx_word' id='word_1_170' title='bbox 183 2310 485 2364; x_wconf 74' lang='lat' dir='ltr'><strong>suSt-itaret</strong></span> <span class='ocrx_word' id='word_1_171' title='bbox 517 2310 531 2363; x_wconf 89' lang='lat'>!</span> <span class='ocrx_word' id='word_1_172' title='bbox 562 2308 713 2376; x_wconf 86' lang='lat' dir='ltr'><strong>Quod</strong></span> <span class='ocrx_word' id='word_1_173' title='bbox 732 2309 776 2361; x_wconf 92' lang='lat' dir='ltr'><strong>si</strong></span> <span class='ocrx_word' id='word_1_174' title='bbox 801 2307 885 2361; x_wconf 90' lang='lat' dir='ltr'><strong>cui</strong></span> <span class='ocrx_word' id='word_1_175' title='bbox 910 2304 1271 2374; x_wconf 88' lang='lat' dir='ltr'><strong>insipientium</strong></span> <span class='ocrx_word' id='word_1_176' title='bbox 1299 2302 1510 2356; x_wconf 92' lang='lat' dir='ltr'><strong>illorum</strong></span> <span class='ocrx_word' id='word_1_177' title='bbox 1554 2300 1780 2353; x_wconf 86' lang='lat' dir='ltr'><strong>accidis-</strong></span> 
     </span>
    </p>
   </div>
   <div class='ocr_carea' id='block_1_22' title="bbox 184 2392 1778 2471">
    <p class='ocr_par' dir='ltr' id='par_1_22' title="bbox 184 2392 1778 2471">
     <span class='ocr_line' id='line_1_22' title="bbox 184 2392 1778 2471; baseline -0.008 -16"><span class='ocrx_word' id='word_1_178' title='bbox 184 2412 284 2466; x_wconf 87' lang='lat' dir='ltr'><strong>set,</strong></span> <span class='ocrx_word' id='word_1_179' title='bbox 320 2411 380 2455; x_wconf 94' lang='lat' dir='ltr'><strong>ut</strong></span> <span class='ocrx_word' id='word_1_180' title='bbox 407 2417 506 2471; x_wconf 89' lang='lat' dir='ltr'><strong>per</strong></span> <span class='ocrx_word' id='word_1_181' title='bbox 530 2400 863 2470; x_wconf 85' lang='lat' dir='ltr'><strong>phantasiam</strong></span> <span class='ocrx_word' id='word_1_182' title='bbox 893 2408 948 2452; x_wconf 88' lang='lat' dir='ltr'><strong>et</strong></span> <span class='ocrx_word' id='word_1_183' title='bbox 972 2396 1207 2467; x_wconf 89' lang='lat' dir='ltr'><strong>speciem</strong></span> <span class='ocrx_word' id='word_1_184' title='bbox 1238 2394 1341 2448; x_wconf 88' lang='lat' dir='ltr'><strong>tale</strong></span> <span class='ocrx_word' id='word_1_185' title='bbox 1362 2392 1633 2463; x_wconf 88' lang='lat' dir='ltr'><strong>quidpiam</strong></span> <span class='ocrx_word' id='word_1_186' title='bbox 1654 2406 1778 2458; x_wconf 79' lang='lat' dir='ltr'><strong>age-</strong></span> 
     </span>
    </p>
   </div>
   <div class='ocr_carea' id='block_1_23' title="bbox 186 2484 1781 2559">
    <p class='ocr_par' dir='ltr' id='par_1_23' title="bbox 186 2484 1781 2559">
     <span class='ocr_line' id='line_1_23' title="bbox 186 2484 1781 2559; baseline -0.008 -10"><span class='ocrx_word' id='word_1_187' title='bbox 186 2506 267 2551; x_wconf 87' lang='lat' dir='ltr'><strong>ret</strong></span> <span class='ocrx_word' id='word_1_188' title='bbox 301 2536 318 2559; x_wconf 87' lang='lat'><strong>,</strong></span> <span class='ocrx_word' id='word_1_189' title='bbox 377 2510 564 2548; x_wconf 89' lang='lat' dir='ltr'><strong>annon</strong></span> <span class='ocrx_word' id='word_1_190' title='bbox 610 2494 791 2548; x_wconf 89' lang='lat' dir='ltr'><strong>statim</strong></span> <span class='ocrx_word' id='word_1_191' title='bbox 842 2505 988 2544; x_wconf 90' lang='lat' dir='ltr'><strong>aram</strong></span> <span class='ocrx_word' id='word_1_192' title='bbox 1042 2487 1355 2558; x_wconf 86' lang='lat' dir='ltr'><strong>expetiisset</strong></span> <span class='ocrx_word' id='word_1_193' title='bbox 1392 2500 1453 2539; x_wconf 89' lang='lat' dir='ltr'><strong>ac</strong></span> <span class='ocrx_word' id='word_1_194' title='bbox 1491 2484 1781 2553; x_wconf 90' lang='lat' dir='ltr'><strong>templum,</strong></span> 
     </span>
    </p>
   </div>
   <div class='ocr_carea' id='block_1_24' title="bbox 187 2574 1784 2653">
    <p class='ocr_par' dir='ltr' id='par_1_24' title="bbox 187 2574 1784 2653">
     <span class='ocr_line' id='line_1_24' title="bbox 187 2574 1784 2653; baseline -0.006 -14"><span class='ocrx_word' id='word_1_195' title='bbox 187 2601 249 2639; x_wconf 88' lang='lat' dir='ltr'><strong>ac</strong></span> <span class='ocrx_word' id='word_1_196' title='bbox 304 2588 417 2640; x_wconf 86' lang='lat' dir='ltr'><strong>Deo</strong></span> <span class='ocrx_word' id='word_1_197' title='bbox 476 2601 572 2653; x_wconf 87' lang='lat' dir='ltr'><strong>par</strong></span> <span class='ocrx_word' id='word_1_198' title='bbox 620 2584 803 2638; x_wconf 89' lang='lat' dir='ltr'><strong>haberi</strong></span> <span class='ocrx_word' id='word_1_199' title='bbox 858 2581 1211 2652; x_wconf 66' lang='lat' dir='ltr'><strong>postulasset;</strong></span> <span class='ocrx_word' id='word_1_200' title='bbox 1261 2593 1382 2633; x_wconf 92' lang='lat' dir='ltr'><strong>cum</strong></span> <span class='ocrx_word' id='word_1_201' title='bbox 1428 2576 1561 2630; x_wconf 91' lang='lat' dir='ltr'><strong>nihil</strong></span> <span class='ocrx_word' id='word_1_202' title='bbox 1603 2574 1784 2644; x_wconf 89' lang='lat' dir='ltr'><strong>hujus-</strong></span> 
     </span>
    </p>
   </div>
   <div class='ocr_carea' id='block_1_25' title="bbox 188 2669 1780 2747">
    <p class='ocr_par' dir='ltr' id='par_1_25' title="bbox 188 2669 1780 2747">
     <span class='ocr_line' id='line_1_25' title="bbox 188 2669 1780 2747; baseline -0.007 -16"><span class='ocrx_word' id='word_1_203' title='bbox 188 2679 330 2732; x_wconf 89' lang='lat' dir='ltr'><strong>mndi</strong></span> <span class='ocrx_word' id='word_1_204' title='bbox 399 2688 672 2747; x_wconf 79' lang='lat' dir='ltr'><strong>agentes,</strong></span> <span class='ocrx_word' id='word_1_205' title='bbox 725 2676 848 2729; x_wconf 88' lang='lat' dir='ltr'><strong>talia</strong></span> <span class='ocrx_word' id='word_1_206' title='bbox 909 2672 1306 2745; x_wconf 81' lang='lat' dir='ltr'><strong>imaginentur?</strong></span> <span class='ocrx_word' id='word_1_207' title='bbox 1350 2669 1483 2737; x_wconf 89' lang='lat' dir='ltr'><strong>Quid</strong></span> <span class='ocrx_word' id='word_1_208' title='bbox 1535 2669 1634 2723; x_wconf 90' lang='lat' dir='ltr'><strong>sibi</strong></span> <span class='ocrx_word' id='word_1_209' title='bbox 1687 2683 1780 2721; x_wconf 84' lang='lat' dir='ltr'><strong>vo-</strong></span> 
     </span>
    </p>
   </div>
   <div class='ocr_carea' id='block_1_26' title="bbox 192 2758 1785 2841">
    <p class='ocr_par' dir='ltr' id='par_1_26' title="bbox 192 2758 1785 2841">
     <span class='ocr_line' id='line_1_26' title="bbox 192 2758 1785 2841; baseline -0.009 -15"><span class='ocrx_word' id='word_1_210' title='bbox 192 2771 302 2826; x_wconf 92' lang='lat' dir='ltr'><strong>lunt</strong></span> <span class='ocrx_word' id='word_1_211' title='bbox 340 2771 490 2841; x_wconf 88' lang='lat' dir='ltr'><strong>apud</strong></span> <span class='ocrx_word' id='word_1_212' title='bbox 531 2771 653 2825; x_wconf 90' lang='lat' dir='ltr'><strong>illos</strong></span> <span class='ocrx_word' id='word_1_213' title='bbox 692 2768 926 2823; x_wconf 79' lang='lat' dir='ltr'><strong>Minerva</strong></span> <span class='ocrx_word' id='word_1_214' title='bbox 958 2807 974 2834; x_wconf 86' lang='lat'><strong>,</strong></span> <span class='ocrx_word' id='word_1_215' title='bbox 1028 2764 1221 2835; x_wconf 81' lang='lat' dir='ltr'><strong>Apollo</strong></span> <span class='ocrx_word' id='word_1_216' title='bbox 1263 2772 1318 2818; x_wconf 91' lang='lat' dir='ltr'><strong>et</strong></span> <span class='ocrx_word' id='word_1_217' title='bbox 1365 2761 1546 2817; x_wconf 87' lang='lat' dir='ltr'><strong>Juno?</strong></span> <span class='ocrx_word' id='word_1_218' title='bbox 1574 2758 1785 2816; x_wconf 89' lang='lat' dir='ltr'><strong>Genera</strong></span> 
     </span>
    </p>
   </div>
   <div class='ocr_carea' id='block_1_27' title="bbox 207 2900 1724 2927">
    <p class='ocr_par' dir='ltr' id='par_1_27' title="bbox 207 2900 1724 2927">
     <span class='ocr_line' id='line_1_27' title="bbox 207 2900 1724 2927; baseline -0.001 -17"><span class='ocrx_word' id='word_1_219' title='bbox 207 2900 1724 2927; x_wconf 83' lang='lat'><strong>_______________________</strong></span> 
     </span>
    </p>
   </div>
   <div class='ocr_carea' id='block_1_28' title="bbox 1872 538 3457 609">
    <p class='ocr_par' dir='ltr' id='par_1_28' title="bbox 1872 538 3457 609">
     <span class='ocr_line' id='line_1_28' title="bbox 1872 538 3457 609; baseline -0.002 -13"><span class='ocrx_word' id='word_1_220' title='bbox 1872 540 2176 597; x_wconf 68' lang='lat' dir='ltr'><strong>daemonum</strong></span> <span class='ocrx_word' id='word_1_221' title='bbox 2210 548 2335 594; x_wconf 91' lang='lat' dir='ltr'><strong>sunt</strong></span> <span class='ocrx_word' id='word_1_222' title='bbox 2364 538 2502 609; x_wconf 88' lang='lat' dir='ltr'><strong>apud</strong></span> <span class='ocrx_word' id='word_1_223' title='bbox 2533 538 2672 593; x_wconf 87' lang='lat' dir='ltr'><strong>illos.</strong></span> <span class='ocrx_word' id='word_1_224' title='bbox 2727 539 2927 609; x_wconf 84' lang='lat' dir='ltr'><strong>Estque</strong></span> <span class='ocrx_word' id='word_1_225' title='bbox 2980 556 3073 594; x_wconf 77' lang='lat' dir='ltr'><strong>rex</strong></span> <span class='ocrx_word' id='word_1_226' title='bbox 3124 556 3285 609; x_wconf 85' lang='lat' dir='ltr'><strong>penes</strong></span> <span class='ocrx_word' id='word_1_227' title='bbox 3335 544 3457 600; x_wconf 74' lang='lat' dir='ltr'><strong>illos</strong></span> 
     </span>
    </p>
   </div>
   <div class='ocr_carea' id='block_1_29' title="bbox 1876 633 3441 706">
    <p class='ocr_par' dir='ltr' id='par_1_29' title="bbox 1876 633 3441 706">
     <span class='ocr_line' id='line_1_29' title="bbox 1876 633 3441 706; baseline 0.004 -20"><span class='ocrx_word' id='word_1_228' title='bbox 1876 634 1965 704; x_wconf 92' lang='lat' dir='ltr'><strong>qui</strong></span> <span class='ocrx_word' id='word_1_229' title='bbox 2000 634 2135 688; x_wconf 90' lang='lat' dir='ltr'><strong>mori</strong></span> <span class='ocrx_word' id='word_1_230' title='bbox 2165 641 2336 702; x_wconf 82' lang='lat' dir='ltr'><strong>Optat,</strong></span> <span class='ocrx_word' id='word_1_231' title='bbox 2366 644 2422 686; x_wconf 93' lang='lat' dir='ltr'><strong>ut</strong></span> <span class='ocrx_word' id='word_1_232' title='bbox 2449 648 2545 702; x_wconf 91' lang='lat' dir='ltr'><strong>par</strong></span> <span class='ocrx_word' id='word_1_233' title='bbox 2571 633 2673 688; x_wconf 91' lang='lat' dir='ltr'><strong>diis</strong></span> <span class='ocrx_word' id='word_1_234' title='bbox 2696 633 2974 690; x_wconf 83' lang='lat' dir='ltr'><strong>habeatur.</strong></span> <span class='ocrx_word' id='word_1_235' title='bbox 3003 635 3195 690; x_wconf 73' lang='lat' dir='ltr'><strong>\‘erum</strong></span> <span class='ocrx_word' id='word_1_236' title='bbox 3227 638 3441 706; x_wconf 70' lang='lat' dir='ltr'><strong>apostoli</strong></span> 
     </span>
    </p>
   </div>
   <div class='ocr_carea' id='block_1_30' title="bbox 1878 723 3461 795">
    <p class='ocr_par' dir='ltr' id='par_1_30' title="bbox 1878 723 3461 795">
     <span class='ocr_line' id='line_1_30' title="bbox 1878 723 3461 795; baseline 0.005 -17"><span class='ocrx_word' id='word_1_237' title='bbox 1878 740 1983 779; x_wconf 91' lang='lat' dir='ltr'><strong>non</strong></span> <span class='ocrx_word' id='word_1_238' title='bbox 2006 726 2104 784; x_wconf 90' lang='lat' dir='ltr'><strong>sic.</strong></span> <span class='ocrx_word' id='word_1_239' title='bbox 2134 724 2228 778; x_wconf 91' lang='lat' dir='ltr'><strong>sed</strong></span> <span class='ocrx_word' id='word_1_240' title='bbox 2251 733 2434 779; x_wconf 89' lang='lat' dir='ltr'><strong>contra</strong></span> <span class='ocrx_word' id='word_1_241' title='bbox 2466 723 2686 779; x_wconf 91' lang='lat' dir='ltr'><strong>faciunt.</strong></span> <span class='ocrx_word' id='word_1_242' title='bbox 2714 725 2849 779; x_wconf 87' lang='lat' dir='ltr'><strong>Audi</strong></span> <span class='ocrx_word' id='word_1_243' title='bbox 2883 741 3109 795; x_wconf 79' lang='lat' dir='ltr'><strong>namque</strong></span> <span class='ocrx_word' id='word_1_244' title='bbox 3137 729 3257 783; x_wconf 92' lang='lat' dir='ltr'><strong>illos</strong></span> <span class='ocrx_word' id='word_1_245' title='bbox 3282 732 3461 786; x_wconf 82' lang='lat' dir='ltr'><strong>dicen-</strong></span> 
     </span>
    </p>
   </div>
   <div class='ocr_carea' id='block_1_31' title="bbox 1879 816 3454 888">
    <p class='ocr_par' dir='ltr' id='par_1_31' title="bbox 1879 816 3454 888">
     <span class='ocr_line' id='line_1_31' title="bbox 1879 816 3454 888; baseline 0.003 -16"><span class='ocrx_word' id='word_1_246' title='bbox 1879 829 1978 882; x_wconf 81' lang='lat' dir='ltr'><strong>tes,</strong></span> <span class='ocrx_word' id='word_1_247' title='bbox 2004 827 2282 888; x_wconf 86' lang='lat' dir='ltr'><strong>postquam</strong></span> <span class='ocrx_word' id='word_1_248' title='bbox 2303 816 2522 872; x_wconf 89' lang='lat' dir='ltr'><strong>claudus</strong></span> <span class='ocrx_word' id='word_1_249' title='bbox 2547 828 2764 873; x_wconf 89' lang='lat' dir='ltr'><strong>sanatus</strong></span> <span class='ocrx_word' id='word_1_250' title='bbox 2797 820 2967 873; x_wconf 83' lang='lat' dir='ltr'><strong>fuerat</strong></span> <span class='ocrx_word' id='word_1_251' title='bbox 2991 838 3003 872; x_wconf 92' lang='lat'><strong>:</strong></span> <span class='ocrx_word' id='word_1_252' title='bbox 3040 820 3148 874; x_wconf 83' lang='lat' dir='ltr'><strong>Viri</strong></span> <span class='ocrx_word' id='word_1_253' title='bbox 3166 820 3417 877; x_wconf 79' lang='lat' dir='ltr'><strong>Israelin</strong></span> <span class='ocrx_word' id='word_1_254' title='bbox 3439 865 3454 887; x_wconf 87' lang='lat'><strong>,</strong></span> 
     </span>
    </p>
   </div>
   <div class='ocr_carea' id='block_1_32' title="bbox 1876 911 3459 985">
    <p class='ocr_par' dir='ltr' id='par_1_32' title="bbox 1876 911 3459 985">
     <span class='ocr_line' id='line_1_32' title="bbox 1876 911 3459 985; baseline 0.001 -21"><span class='ocrx_word' id='word_1_255' title='bbox 1876 912 1999 981; x_wconf 83' lang='lat' dir='ltr'><strong>quid</strong></span> <span class='ocrx_word' id='word_1_256' title='bbox 2046 928 2137 966; x_wconf 87' lang='lat' dir='ltr'><strong>nos</strong></span> <span class='ocrx_word' id='word_1_257' title='bbox 2180 911 2489 975; x_wconf 89' lang='lat' dir='ltr'><strong>intuemini,</strong></span> <span class='ocrx_word' id='word_1_258' title='bbox 2520 912 2665 981; x_wconf 81' lang='lat' dir='ltr'><strong>quasi</strong></span> <span class='ocrx_word' id='word_1_259' title='bbox 2721 921 2894 965; x_wconf 86' lang='lat' dir='ltr'><strong>nostra</strong></span> <span class='ocrx_word' id='word_1_260' title='bbox 2936 914 3116 967; x_wconf 85' lang='lat' dir='ltr'><strong>virtute</strong></span> <span class='ocrx_word' id='word_1_261' title='bbox 3160 926 3246 968; x_wconf 84' lang='lat' dir='ltr'><strong>aut</strong></span> <span class='ocrx_word' id='word_1_262' title='bbox 3273 918 3459 985; x_wconf 77' lang='lat' dir='ltr'><strong>pietate</strong></span> 
     </span>
    </p>
   </div>
   <div class='ocr_carea' id='block_1_33' title="bbox 1881 1002 3453 1076">
    <p class='ocr_par' dir='ltr' id='par_1_33' title="bbox 1881 1002 3453 1076">
     <span class='ocr_line' id='line_1_33' title="bbox 1881 1002 3453 1076; baseline 0.003 -20"><span class='ocrx_word' id='word_1_263' title='bbox 1881 1003 2149 1075; x_wconf 76' lang='lat' dir='ltr'><strong>fecerimus</strong></span> <span class='ocrx_word' id='word_1_264' title='bbox 2180 1002 2348 1074; x_wconf 90' lang='lat' dir='ltr'><strong>ipsum</strong></span> <span class='ocrx_word' id='word_1_265' title='bbox 2369 1003 2626 1057; x_wconf 87' lang='lat' dir='ltr'><strong>ambulare</strong></span> <span class='ocrx_word' id='word_1_266' title='bbox 2654 1002 2789 1073; x_wconf 87' lang='lat' dir='ltr'><strong>(Act.</strong></span> <span class='ocrx_word' id='word_1_267' title='bbox 2819 1005 2871 1058; x_wconf 78' lang='grc'><strong>5.</strong></span> <span class='ocrx_word' id='word_1_268' title='bbox 2904 1003 2993 1076; x_wconf 74' lang='grc'><strong>12)</strong></span> <span class='ocrx_word' id='word_1_269' title='bbox 3021 1005 3044 1058; x_wconf 85' lang='lat'><strong>?</strong></span> <span class='ocrx_word' id='word_1_270' title='bbox 3074 1022 3259 1061; x_wconf 65' lang='lat' dir='ltr'><strong>rursm</strong></span> <span class='ocrx_word' id='word_1_271' title='bbox 3286 1009 3412 1061; x_wconf 90' lang='lat' dir='ltr'><strong>alibi</strong></span> <span class='ocrx_word' id='word_1_272' title='bbox 3438 1050 3453 1073; x_wconf 94' lang='lat'><strong>,</strong></span> 
     </span>
    </p>
   </div>
   <div class='ocr_carea' id='block_1_34' title="bbox 1884 1094 3456 1170">
    <p class='ocr_par' dir='ltr' id='par_1_34' title="bbox 1884 1094 3456 1170">
     <span class='ocr_line' id='line_1_34' title="bbox 1884 1094 3456 1170; baseline 0.005 -22"><span class='ocrx_word' id='word_1_273' title='bbox 1884 1094 1997 1149; x_wconf 84' lang='lat' dir='ltr'><strong>Nos</strong></span> <span class='ocrx_word' id='word_1_274' title='bbox 2020 1096 2210 1148; x_wconf 77' lang='lat' dir='ltr'><strong>similes</strong></span> <span class='ocrx_word' id='word_1_275' title='bbox 2239 1094 2376 1148; x_wconf 90' lang='lat' dir='ltr'><strong>vobis</strong></span> <span class='ocrx_word' id='word_1_276' title='bbox 2403 1095 2664 1165; x_wconf 87' lang='lat' dir='ltr'><strong>passibiles</strong></span> <span class='ocrx_word' id='word_1_277' title='bbox 2709 1098 2936 1151; x_wconf 84' lang='lat' dir='ltr'><strong>homines</strong></span> <span class='ocrx_word' id='word_1_278' title='bbox 2982 1115 3157 1152; x_wconf 85' lang='lat' dir='ltr'><strong>sumus</strong></span> <span class='ocrx_word' id='word_1_279' title='bbox 3198 1100 3332 1170; x_wconf 84' lang='lat' dir='ltr'><strong>(Act.</strong></span> <span class='ocrx_word' id='word_1_280' title='bbox 3367 1103 3456 1157; x_wconf 69' lang='grc'><strong>14.</strong></span> 
     </span>
    </p>
   </div>
   <div class='ocr_carea' id='block_1_35' title="bbox 1881 1184 3457 1263">
    <p class='ocr_par' dir='ltr' id='par_1_35' title="bbox 1881 1184 3457 1263">
     <span class='ocr_line' id='line_1_35' title="bbox 1881 1184 3457 1263; baseline 0.004 -24"><span class='ocrx_word' id='word_1_281' title='bbox 1881 1185 1991 1255; x_wconf 63' lang='lat' dir='ltr'><strong>li).</strong></span> <span class='ocrx_word' id='word_1_282' title='bbox 2022 1184 2135 1239; x_wconf 86' lang='lat' dir='ltr'><strong>Illic</strong></span> <span class='ocrx_word' id='word_1_283' title='bbox 2166 1200 2292 1240; x_wconf 89' lang='lat' dir='ltr'><strong>vero</strong></span> <span class='ocrx_word' id='word_1_284' title='bbox 2324 1187 2521 1240; x_wconf 89' lang='lat' dir='ltr'><strong>multus</strong></span> <span class='ocrx_word' id='word_1_285' title='bbox 2563 1196 2645 1241; x_wconf 89' lang='lat' dir='ltr'><strong>est</strong></span> <span class='ocrx_word' id='word_1_286' title='bbox 2692 1187 2855 1243; x_wconf 87' lang='lat' dir='ltr'><strong>fastus</strong></span> <span class='ocrx_word' id='word_1_287' title='bbox 2875 1230 2889 1252; x_wconf 87' lang='lat'><strong>,</strong></span> <span class='ocrx_word' id='word_1_288' title='bbox 2921 1191 3083 1244; x_wconf 88' lang='lat' dir='ltr'><strong>multa</strong></span> <span class='ocrx_word' id='word_1_289' title='bbox 3113 1194 3411 1263; x_wconf 83' lang='lat' dir='ltr'><strong>arrogantia</strong></span> <span class='ocrx_word' id='word_1_290' title='bbox 3439 1210 3457 1245; x_wconf 92' lang='lat'><strong><em>:</em></strong></span> 
     </span>
    </p>
   </div>
   <div class='ocr_carea' id='block_1_36' title="bbox 1881 1278 3464 1355">
    <p class='ocr_par' dir='ltr' id='par_1_36' title="bbox 1881 1278 3464 1355">
     <span class='ocr_line' id='line_1_36' title="bbox 1881 1278 3464 1355; baseline 0.008 -26"><span class='ocrx_word' id='word_1_291' title='bbox 1881 1278 2060 1331; x_wconf 92' lang='lat' dir='ltr'><strong>omnia</strong></span> <span class='ocrx_word' id='word_1_292' title='bbox 2101 1279 2243 1331; x_wconf 92' lang='lat' dir='ltr'><strong>enim</strong></span> <span class='ocrx_word' id='word_1_293' title='bbox 2285 1293 2382 1347; x_wconf 89' lang='lat' dir='ltr'><strong>pro</strong></span> <span class='ocrx_word' id='word_1_294' title='bbox 2410 1278 2659 1334; x_wconf 89' lang='lat' dir='ltr'><strong>humanis</strong></span> <span class='ocrx_word' id='word_1_295' title='bbox 2683 1279 2977 1337; x_wconf 91' lang='lat' dir='ltr'><strong>honoribus</strong></span> <span class='ocrx_word' id='word_1_296' title='bbox 3003 1323 3019 1349; x_wconf 91' lang='lat'><strong>,</strong></span> <span class='ocrx_word' id='word_1_297' title='bbox 3066 1284 3195 1339; x_wconf 85' lang='lat' dir='ltr'><strong>nihil</strong></span> <span class='ocrx_word' id='word_1_298' title='bbox 3225 1285 3464 1355; x_wconf 86' lang='lat' dir='ltr'><strong>philoso-</strong></span> 
     </span>
    </p>
   </div>
   <div class='ocr_carea' id='block_1_37' title="bbox 1880 1369 3463 1445">
    <p class='ocr_par' dir='ltr' id='par_1_37' title="bbox 1880 1369 3463 1445">
     <span class='ocr_line' id='line_1_37' title="bbox 1880 1369 3463 1445; baseline 0.008 -26"><span class='ocrx_word' id='word_1_299' title='bbox 1880 1369 2020 1439; x_wconf 74' lang='lat' dir='ltr'><strong>phiae</strong></span> <span class='ocrx_word' id='word_1_300' title='bbox 2051 1369 2219 1439; x_wconf 88' lang='lat' dir='ltr'><strong>gratia</strong></span> <span class='ocrx_word' id='word_1_301' title='bbox 2251 1369 2498 1440; x_wconf 85' lang='lat' dir='ltr'><strong>agebant.</strong></span> <span class='ocrx_word' id='word_1_302' title='bbox 2538 1370 2636 1425; x_wconf 91' lang='lat' dir='ltr'><strong>Ubi</strong></span> <span class='ocrx_word' id='word_1_303' title='bbox 2666 1373 2807 1426; x_wconf 90' lang='lat' dir='ltr'><strong>enim</strong></span> <span class='ocrx_word' id='word_1_304' title='bbox 2857 1372 3041 1443; x_wconf 68' lang='lat' dir='ltr'><strong>gloria:</strong></span> <span class='ocrx_word' id='word_1_305' title='bbox 3084 1390 3241 1429; x_wconf 90' lang='lat' dir='ltr'><strong>causa</strong></span> <span class='ocrx_word' id='word_1_306' title='bbox 3268 1378 3463 1445; x_wconf 84' lang='lat' dir='ltr'><strong>agitur,</strong></span> 
     </span>
    </p>
   </div>
   <div class='ocr_carea' id='block_1_38' title="bbox 1882 1460 3463 1536">
    <p class='ocr_par' dir='ltr' id='par_1_38' title="bbox 1882 1460 3463 1536">
     <span class='ocr_line' id='line_1_38' title="bbox 1882 1460 3463 1536; baseline 0.006 -22"><span class='ocrx_word' id='word_1_307' title='bbox 1882 1460 2061 1514; x_wconf 87' lang='lat' dir='ltr'><strong>omnia</strong></span> <span class='ocrx_word' id='word_1_308' title='bbox 2094 1460 2217 1514; x_wconf 87' lang='lat' dir='ltr'><strong>vilia</strong></span> <span class='ocrx_word' id='word_1_309' title='bbox 2246 1471 2483 1516; x_wconf 89' lang='lat' dir='ltr'><strong>manent.</strong></span> <span class='ocrx_word' id='word_1_310' title='bbox 2526 1462 2678 1517; x_wconf 90' lang='lat' dir='ltr'><strong>Licet</strong></span> <span class='ocrx_word' id='word_1_311' title='bbox 2711 1464 2853 1519; x_wconf 88' lang='lat' dir='ltr'><strong>enim</strong></span> <span class='ocrx_word' id='word_1_312' title='bbox 2879 1468 3056 1520; x_wconf 89' lang='lat' dir='ltr'><strong>omnia</strong></span> <span class='ocrx_word' id='word_1_313' title='bbox 3085 1468 3205 1536; x_wconf 88' lang='lat' dir='ltr'><strong>quis</strong></span> <span class='ocrx_word' id='word_1_314' title='bbox 3226 1468 3421 1525; x_wconf 90' lang='lat' dir='ltr'><strong>habeat</strong></span> <span class='ocrx_word' id='word_1_315' title='bbox 3445 1512 3463 1535; x_wconf 89' lang='lat'><strong>,</strong></span> 
     </span>
    </p>
   </div>
   <div class='ocr_carea' id='block_1_39' title="bbox 1882 1549 3462 1626">
    <p class='ocr_par' dir='ltr' id='par_1_39' title="bbox 1882 1549 3462 1626">
     <span class='ocr_line' id='line_1_39' title="bbox 1882 1549 3462 1626; baseline 0.007 -22"><span class='ocrx_word' id='word_1_316' title='bbox 1882 1549 1926 1604; x_wconf 94' lang='lat' dir='ltr'><strong>si</strong></span> <span class='ocrx_word' id='word_1_317' title='bbox 1950 1550 2052 1604; x_wconf 89' lang='lat' dir='ltr'><strong>hoc</strong></span> <span class='ocrx_word' id='word_1_318' title='bbox 2073 1566 2179 1605; x_wconf 90' lang='lat' dir='ltr'><strong>non</strong></span> <span class='ocrx_word' id='word_1_319' title='bbox 2210 1561 2407 1617; x_wconf 87' lang='lat' dir='ltr'><strong>teneat,</strong></span> <span class='ocrx_word' id='word_1_320' title='bbox 2439 1552 2507 1606; x_wconf 91' lang='lat' dir='ltr'><strong>ab</strong></span> <span class='ocrx_word' id='word_1_321' title='bbox 2528 1554 2673 1607; x_wconf 92' lang='lat' dir='ltr'><strong>omni</strong></span> <span class='ocrx_word' id='word_1_322' title='bbox 2706 1553 3043 1626; x_wconf 86' lang='lat' dir='ltr'><strong>philosophia</strong></span> <span class='ocrx_word' id='word_1_323' title='bbox 3065 1559 3261 1613; x_wconf 83' lang='lat' dir='ltr'><strong>excidit</strong></span> <span class='ocrx_word' id='word_1_324' title='bbox 3295 1601 3309 1625; x_wconf 93' lang='lat'><strong>,</strong></span> <span class='ocrx_word' id='word_1_325' title='bbox 3345 1561 3462 1615; x_wconf 83' lang='lat' dir='ltr'><strong>vio-</strong></span> 
     </span>
    </p>
   </div>
   <div class='ocr_carea' id='block_1_40' title="bbox 1883 1641 3466 1720">
    <p class='ocr_par' dir='ltr' id='par_1_40' title="bbox 1883 1641 3466 1720">
     <span class='ocr_line' id='line_1_40' title="bbox 1883 1641 3466 1720; baseline 0.007 -25"><span class='ocrx_word' id='word_1_326' title='bbox 1883 1641 2110 1696; x_wconf 90' lang='lat' dir='ltr'><strong>lentiore</strong></span> <span class='ocrx_word' id='word_1_327' title='bbox 2153 1658 2216 1696; x_wconf 89' lang='lat' dir='ltr'><strong>ac</strong></span> <span class='ocrx_word' id='word_1_328' title='bbox 2248 1644 2485 1713; x_wconf 90' lang='lat' dir='ltr'><strong>turpiore</strong></span> <span class='ocrx_word' id='word_1_329' title='bbox 2524 1645 2714 1700; x_wconf 91' lang='lat' dir='ltr'><strong>morbo</strong></span> <span class='ocrx_word' id='word_1_330' title='bbox 2749 1645 3018 1701; x_wconf 88' lang='lat' dir='ltr'><strong>detentus.</strong></span> <span class='ocrx_word' id='word_1_331' title='bbox 3068 1649 3238 1718; x_wconf 82' lang='lat' dir='ltr'><strong>Hujus</strong></span> <span class='ocrx_word' id='word_1_332' title='bbox 3280 1650 3466 1720; x_wconf 78' lang='lat' dir='ltr'><strong>gloriae</strong></span> 
     </span>
    </p>
   </div>
   <div class='ocr_carea' id='block_1_41' title="bbox 1885 1735 3467 1804">
    <p class='ocr_par' dir='ltr' id='par_1_41' title="bbox 1885 1735 3467 1804">
     <span class='ocr_line' id='line_1_41' title="bbox 1885 1735 3467 1804; baseline 0.006 -15"><span class='ocrx_word' id='word_1_333' title='bbox 1885 1742 2226 1804; x_wconf 88' lang='lat' dir='ltr'><strong>contemptus</strong></span> <span class='ocrx_word' id='word_1_334' title='bbox 2252 1735 2317 1790; x_wconf 91' lang='lat' dir='ltr'><strong>ad</strong></span> <span class='ocrx_word' id='word_1_335' title='bbox 2351 1737 2486 1791; x_wconf 89' lang='lat' dir='ltr'><strong>bona</strong></span> <span class='ocrx_word' id='word_1_336' title='bbox 2516 1738 2693 1792; x_wconf 90' lang='lat' dir='ltr'><strong>omnia</strong></span> <span class='ocrx_word' id='word_1_337' title='bbox 2719 1738 2956 1794; x_wconf 88' lang='lat' dir='ltr'><strong>docenda</strong></span> <span class='ocrx_word' id='word_1_338' title='bbox 2976 1750 3057 1794; x_wconf 91' lang='lat' dir='ltr'><strong>est</strong></span> <span class='ocrx_word' id='word_1_339' title='bbox 3077 1741 3299 1797; x_wconf 91' lang='lat' dir='ltr'><strong>idoneus</strong></span> <span class='ocrx_word' id='word_1_340' title='bbox 3328 1755 3380 1796; x_wconf 85' lang='lat' dir='ltr'><strong>et</strong></span> <span class='ocrx_word' id='word_1_341' title='bbox 3400 1743 3467 1799; x_wconf 92' lang='lat' dir='ltr'><strong>ad</strong></span> 
     </span>
    </p>
   </div>
   <div class='ocr_carea' id='block_1_42' title="bbox 1884 1827 3465 1899">
    <p class='ocr_par' dir='ltr' id='par_1_42' title="bbox 1884 1827 3465 1899">
     <span class='ocr_line' id='line_1_42' title="bbox 1884 1827 3465 1899; baseline 0.006 -20"><span class='ocrx_word' id='word_1_342' title='bbox 1884 1827 2259 1896; x_wconf 82' lang='lat' dir='ltr'><strong>expellendum</strong></span> <span class='ocrx_word' id='word_1_343' title='bbox 2285 1843 2349 1882; x_wconf 86' lang='lat' dir='ltr'><strong>ex</strong></span> <span class='ocrx_word' id='word_1_344' title='bbox 2367 1829 2541 1881; x_wconf 90' lang='lat' dir='ltr'><strong>anima</strong></span> <span class='ocrx_word' id='word_1_345' title='bbox 2569 1844 2782 1884; x_wconf 92' lang='lat' dir='ltr'><strong>omnem</strong></span> <span class='ocrx_word' id='word_1_346' title='bbox 2815 1831 3171 1899; x_wconf 89' lang='lat' dir='ltr'><strong>perniciosum</strong></span> <span class='ocrx_word' id='word_1_347' title='bbox 3195 1834 3465 1889; x_wconf 75' lang='lat' dir='ltr'><strong>affectum.</strong></span> 
     </span>
    </p>
   </div>
   <div class='ocr_carea' id='block_1_43' title="bbox 1885 1916 3468 1991">
    <p class='ocr_par' dir='ltr' id='par_1_43' title="bbox 1885 1916 3468 1991">
     <span class='ocr_line' id='line_1_43' title="bbox 1885 1916 3468 1991; baseline 0.007 -21"><span class='ocrx_word' id='word_1_348' title='bbox 1885 1916 2011 1971; x_wconf 88' lang='lat' dir='ltr'><strong>Ideo</strong></span> <span class='ocrx_word' id='word_1_349' title='bbox 2032 1933 2125 1972; x_wconf 88' lang='lat' dir='ltr'><strong>vos</strong></span> <span class='ocrx_word' id='word_1_350' title='bbox 2150 1918 2337 1973; x_wconf 84' lang='lat' dir='ltr'><strong>hortor</strong></span> <span class='ocrx_word' id='word_1_351' title='bbox 2369 1961 2383 1983; x_wconf 93' lang='lat'><strong>,</strong></span> <span class='ocrx_word' id='word_1_352' title='bbox 2415 1929 2473 1973; x_wconf 91' lang='lat' dir='ltr'><strong>nt</strong></span> <span class='ocrx_word' id='word_1_353' title='bbox 2505 1935 2697 1991; x_wconf 87' lang='lat' dir='ltr'><strong>magno</strong></span> <span class='ocrx_word' id='word_1_354' title='bbox 2724 1922 2900 1976; x_wconf 90' lang='lat' dir='ltr'><strong>studio</strong></span> <span class='ocrx_word' id='word_1_355' title='bbox 2937 1924 3180 1979; x_wconf 87' lang='lat' dir='ltr'><strong>morbum</strong></span> <span class='ocrx_word' id='word_1_356' title='bbox 3211 1926 3468 1982; x_wconf 89' lang='lat' dir='ltr'><strong>radicitus</strong></span> 
     </span>
    </p>
   </div>
   <div class='ocr_carea' id='block_1_44' title="bbox 1883 2008 3468 2088">
    <p class='ocr_par' dir='ltr' id='par_1_44' title="bbox 1883 2008 3468 2088">
     <span class='ocr_line' id='line_1_44' title="bbox 1883 2008 3468 2088; baseline 0.006 -25"><span class='ocrx_word' id='word_1_357' title='bbox 1883 2008 2170 2063; x_wconf 87' lang='lat' dir='ltr'><strong>evellatis:</strong></span> <span class='ocrx_word' id='word_1_358' title='bbox 2207 2010 2356 2064; x_wconf 91' lang='lat' dir='ltr'><strong>nullo</strong></span> <span class='ocrx_word' id='word_1_359' title='bbox 2400 2010 2595 2080; x_wconf 90' lang='lat' dir='ltr'><strong>quippe</strong></span> <span class='ocrx_word' id='word_1_360' title='bbox 2643 2012 2752 2066; x_wconf 88' lang='lat' dir='ltr'><strong>alio</strong></span> <span class='ocrx_word' id='word_1_361' title='bbox 2794 2013 2955 2068; x_wconf 89' lang='lat' dir='ltr'><strong>modo</strong></span> <span class='ocrx_word' id='word_1_362' title='bbox 3003 2030 3285 2084; x_wconf 89' lang='lat' dir='ltr'><strong>possumus</strong></span> <span class='ocrx_word' id='word_1_363' title='bbox 3327 2018 3468 2088; x_wconf 90' lang='lat' dir='ltr'><strong>apud</strong></span> 
     </span>
    </p>
   </div>
   <div class='ocr_carea' id='block_1_45' title="bbox 1886 2100 3474 2172">
    <p class='ocr_par' dir='ltr' id='par_1_45' title="bbox 1886 2100 3474 2172">
     <span class='ocr_line' id='line_1_45' title="bbox 1886 2100 3474 2172; baseline 0.008 -19"><span class='ocrx_word' id='word_1_364' title='bbox 1886 2100 2054 2153; x_wconf 90' lang='lat' dir='ltr'><strong>Deum</strong></span> <span class='ocrx_word' id='word_1_365' title='bbox 2081 2116 2201 2155; x_wconf 88' lang='lat' dir='ltr'><strong>esse</strong></span> <span class='ocrx_word' id='word_1_366' title='bbox 2227 2102 2435 2172; x_wconf 91' lang='lat' dir='ltr'><strong>probati</strong></span> <span class='ocrx_word' id='word_1_367' title='bbox 2466 2144 2480 2167; x_wconf 92' lang='lat'><strong>,</strong></span> <span class='ocrx_word' id='word_1_368' title='bbox 2531 2114 2586 2158; x_wconf 91' lang='lat' dir='ltr'><strong>et</strong></span> <span class='ocrx_word' id='word_1_369' title='bbox 2618 2105 2879 2160; x_wconf 90' lang='lat' dir='ltr'><strong>insomnis</strong></span> <span class='ocrx_word' id='word_1_370' title='bbox 2906 2106 3050 2162; x_wconf 88' lang='lat' dir='ltr'><strong>illius</strong></span> <span class='ocrx_word' id='word_1_371' title='bbox 3075 2111 3213 2165; x_wconf 90' lang='lat' dir='ltr'><strong>oculi</strong></span> <span class='ocrx_word' id='word_1_372' title='bbox 3242 2111 3474 2167; x_wconf 86' lang='lat' dir='ltr'><strong>benevo-</strong></span> 
     </span>
    </p>
   </div>
   <div class='ocr_carea' id='block_1_46' title="bbox 1884 2194 3469 2268">
    <p class='ocr_par' dir='ltr' id='par_1_46' title="bbox 1884 2194 3469 2268">
     <span class='ocr_line' id='line_1_46' title="bbox 1884 2194 3469 2268; baseline 0.007 -21"><span class='ocrx_word' id='word_1_373' title='bbox 1884 2194 2104 2248; x_wconf 87' lang='lat' dir='ltr'><strong>lentiam</strong></span> <span class='ocrx_word' id='word_1_374' title='bbox 2136 2194 2292 2249; x_wconf 90' lang='lat' dir='ltr'><strong>nobis</strong></span> <span class='ocrx_word' id='word_1_375' title='bbox 2316 2196 2612 2252; x_wconf 87' lang='lat' dir='ltr'><strong>attrahere.</strong></span> <span class='ocrx_word' id='word_1_376' title='bbox 2646 2196 2830 2268; x_wconf 85' lang='lat' dir='ltr'><strong>Itaque</strong></span> <span class='ocrx_word' id='word_1_377' title='bbox 2856 2214 3041 2255; x_wconf 89' lang='lat' dir='ltr'><strong>curam</strong></span> <span class='ocrx_word' id='word_1_378' title='bbox 3068 2217 3282 2257; x_wconf 90' lang='lat' dir='ltr'><strong>omnem</strong></span> <span class='ocrx_word' id='word_1_379' title='bbox 3312 2204 3469 2258; x_wconf 89' lang='lat' dir='ltr'><strong>adhi-</strong></span> 
     </span>
    </p>
   </div>
   <div class='ocr_carea' id='block_1_47' title="bbox 1886 2284 3470 2364">
    <p class='ocr_par' dir='ltr' id='par_1_47' title="bbox 1886 2284 3470 2364">
     <span class='ocr_line' id='line_1_47' title="bbox 1886 2284 3470 2364; baseline 0.008 -27"><span class='ocrx_word' id='word_1_380' title='bbox 1886 2284 2108 2338; x_wconf 85' lang='lat' dir='ltr'><strong>beamus</strong></span> <span class='ocrx_word' id='word_1_381' title='bbox 2138 2326 2154 2351; x_wconf 89' lang='lat'><strong>,</strong></span> <span class='ocrx_word' id='word_1_382' title='bbox 2188 2294 2244 2338; x_wconf 91' lang='lat' dir='ltr'><strong>nt</strong></span> <span class='ocrx_word' id='word_1_383' title='bbox 2271 2299 2500 2354; x_wconf 84' lang='lat' dir='ltr'><strong>superna</strong></span> <span class='ocrx_word' id='word_1_384' title='bbox 2531 2286 2619 2340; x_wconf 91' lang='lat' dir='ltr'><strong>illa</strong></span> <span class='ocrx_word' id='word_1_385' title='bbox 2648 2287 2888 2343; x_wconf 79' lang='lat' dir='ltr'><strong>fruamur</strong></span> <span class='ocrx_word' id='word_1_386' title='bbox 2918 2293 3087 2361; x_wconf 90' lang='lat' dir='ltr'><strong>gratia</strong></span> <span class='ocrx_word' id='word_1_387' title='bbox 3114 2334 3129 2358; x_wconf 93' lang='lat'><strong>,</strong></span> <span class='ocrx_word' id='word_1_388' title='bbox 3172 2303 3230 2346; x_wconf 91' lang='lat' dir='ltr'><strong>ut</strong></span> <span class='ocrx_word' id='word_1_389' title='bbox 3256 2303 3311 2348; x_wconf 88' lang='lat' dir='ltr'><strong>et</strong></span> <span class='ocrx_word' id='word_1_390' title='bbox 3336 2311 3470 2364; x_wconf 73' lang='lat' dir='ltr'><strong>pra:-</strong></span> 
     </span>
    </p>
   </div>
   <div class='ocr_carea' id='block_1_48' title="bbox 1886 2374 3470 2451">
    <p class='ocr_par' dir='ltr' id='par_1_48' title="bbox 1886 2374 3470 2451">
     <span class='ocr_line' id='line_1_48' title="bbox 1886 2374 3470 2451; baseline 0.009 -24"><span class='ocrx_word' id='word_1_391' title='bbox 1886 2375 2057 2428; x_wconf 90' lang='lat' dir='ltr'><strong>sentia</strong></span> <span class='ocrx_word' id='word_1_392' title='bbox 2107 2376 2245 2429; x_wconf 88' lang='lat' dir='ltr'><strong>mala</strong></span> <span class='ocrx_word' id='word_1_393' title='bbox 2290 2374 2553 2445; x_wconf 82' lang='lat' dir='ltr'><strong>fugiamus</strong></span> <span class='ocrx_word' id='word_1_394' title='bbox 2587 2418 2601 2443; x_wconf 91' lang='lat'><strong>,</strong></span> <span class='ocrx_word' id='word_1_395' title='bbox 2631 2387 2687 2433; x_wconf 88' lang='lat' dir='ltr'><strong>et</strong></span> <span class='ocrx_word' id='word_1_396' title='bbox 2732 2381 2919 2434; x_wconf 83' lang='lat' dir='ltr'><strong>futuris</strong></span> <span class='ocrx_word' id='word_1_397' title='bbox 2964 2381 3247 2451; x_wconf 86' lang='lat' dir='ltr'><strong>dignemur</strong></span> <span class='ocrx_word' id='word_1_398' title='bbox 3276 2385 3429 2441; x_wconf 89' lang='lat' dir='ltr'><strong>bonis</strong></span> <span class='ocrx_word' id='word_1_399' title='bbox 3453 2427 3470 2451; x_wconf 87' lang='lat'><strong>,</strong></span> 
     </span>
    </p>
   </div>
   <div class='ocr_carea' id='block_1_49' title="bbox 1885 2465 3456 2548">
    <p class='ocr_par' dir='ltr' id='par_1_49' title="bbox 1885 2465 3456 2548">
     <span class='ocr_line' id='line_1_49' title="bbox 1885 2465 3456 2548; baseline 0.008 -29"><span class='ocrx_word' id='word_1_400' title='bbox 1885 2466 2053 2535; x_wconf 86' lang='lat' dir='ltr'><strong>gratia</strong></span> <span class='ocrx_word' id='word_1_401' title='bbox 2082 2476 2137 2520; x_wconf 91' lang='lat' dir='ltr'><strong>ct</strong></span> <span class='ocrx_word' id='word_1_402' title='bbox 2158 2465 2484 2535; x_wconf 85' lang='lat' dir='ltr'><strong>benignitate</strong></span> <span class='ocrx_word' id='word_1_403' title='bbox 2512 2468 2719 2524; x_wconf 88' lang='lat' dir='ltr'><strong>Domini</strong></span> <span class='ocrx_word' id='word_1_404' title='bbox 2750 2475 2918 2527; x_wconf 91' lang='lat' dir='ltr'><strong>nostri</strong></span> <span class='ocrx_word' id='word_1_405' title='bbox 2936 2474 3063 2528; x_wconf 88' lang='lat' dir='ltr'><strong>.lcsu</strong></span> <span class='ocrx_word' id='word_1_406' title='bbox 3093 2475 3316 2543; x_wconf 83' lang='lat' dir='ltr'><strong>Christi,</strong></span> <span class='ocrx_word' id='word_1_407' title='bbox 3343 2480 3456 2548; x_wconf 88' lang='lat' dir='ltr'><strong>qui-</strong></span> 
     </span>
    </p>
   </div>
   <div class='ocr_carea' id='block_1_50' title="bbox 1886 2557 3470 2636">
    <p class='ocr_par' dir='ltr' id='par_1_50' title="bbox 1886 2557 3470 2636">
     <span class='ocr_line' id='line_1_50' title="bbox 1886 2557 3470 2636; baseline 0.008 -25"><span class='ocrx_word' id='word_1_408' title='bbox 1886 2572 2005 2612; x_wconf 91' lang='lat' dir='ltr'><strong>cum</strong></span> <span class='ocrx_word' id='word_1_409' title='bbox 2033 2557 2176 2611; x_wconf 89' lang='lat' dir='ltr'><strong>Patri</strong></span> <span class='ocrx_word' id='word_1_410' title='bbox 2204 2566 2256 2612; x_wconf 92' lang='lat' dir='ltr'><strong>et</strong></span> <span class='ocrx_word' id='word_1_411' title='bbox 2282 2558 2499 2628; x_wconf 90' lang='lat' dir='ltr'><strong>Spiritui</strong></span> <span class='ocrx_word' id='word_1_412' title='bbox 2527 2570 2713 2616; x_wconf 88' lang='lat' dir='ltr'><strong>sancto</strong></span> <span class='ocrx_word' id='word_1_413' title='bbox 2730 2563 2917 2633; x_wconf 88' lang='lat' dir='ltr'><strong>gloria,</strong></span> <span class='ocrx_word' id='word_1_414' title='bbox 2943 2564 3249 2636; x_wconf 90' lang='lat' dir='ltr'><strong>imperium,</strong></span> <span class='ocrx_word' id='word_1_415' title='bbox 3278 2570 3470 2635; x_wconf 87' lang='lat' dir='ltr'><strong>honor,</strong></span> 
     </span>
    </p>
   </div>
   <div class='ocr_carea' id='block_1_51' title="bbox 1888 2653 3318 2723">
    <p class='ocr_par' dir='ltr' id='par_1_51' title="bbox 1888 2653 3318 2723">
     <span class='ocr_line' id='line_1_51' title="bbox 1888 2653 3318 2723; baseline 0.009 -19"><span class='ocrx_word' id='word_1_416' title='bbox 1888 2665 2029 2706; x_wconf 87' lang='lat' dir='ltr'><strong>nunc</strong></span> <span class='ocrx_word' id='word_1_417' title='bbox 2044 2661 2097 2705; x_wconf 88' lang='lat' dir='ltr'><strong>et</strong></span> <span class='ocrx_word' id='word_1_418' title='bbox 2118 2664 2353 2723; x_wconf 90' lang='lat' dir='ltr'><strong>semper,</strong></span> <span class='ocrx_word' id='word_1_419' title='bbox 2383 2661 2437 2708; x_wconf 90' lang='lat' dir='ltr'><strong>et</strong></span> <span class='ocrx_word' id='word_1_420' title='bbox 2466 2653 2520 2707; x_wconf 91' lang='lat' dir='ltr'><strong>in</strong></span> <span class='ocrx_word' id='word_1_421' title='bbox 2550 2656 2743 2710; x_wconf 65' lang='lat' dir='ltr'><strong>sarcula</strong></span> <span class='ocrx_word' id='word_1_422' title='bbox 2764 2657 3102 2713; x_wconf 72' lang='lat' dir='ltr'><strong>smculorum.</strong></span> <span class='ocrx_word' id='word_1_423' title='bbox 3127 2663 3318 2718; x_wconf 87' lang='lat' dir='ltr'><strong>Amen.</strong></span> 
     </span>
    </p>
   </div>
   <div class='ocr_carea' id='block_1_52' title="bbox 1728 2896 3479 2923">
    <p class='ocr_par' dir='ltr' id='par_1_52' title="bbox 1728 2896 3479 2923">
     <span class='ocr_line' id='line_1_52' title="bbox 1728 2896 3479 2923; baseline -0.001 -16"><span class='ocrx_word' id='word_1_424' title='bbox 1728 2896 3479 2923; x_wconf 79' lang='lat'><strong>__.__________________________</strong></span> 
     </span>
    </p>
   </div>
   <div class='ocr_carea' id='block_1_53' title="bbox 1593 2974 2062 3037">
    <p class='ocr_par' dir='ltr' id='par_1_53' title="bbox 1593 2974 2062 3037">
     <span class='ocr_line' id='line_1_53' title="bbox 1593 2974 2062 3037; baseline -0.004 0"><span class='ocrx_word' id='word_1_425' title='bbox 1593 2974 1942 3037; x_wconf 87' lang='lat' dir='ltr'><strong>HOMILIA</strong></span> <span class='ocrx_word' id='word_1_426' title='bbox 1983 2974 2062 3035; x_wconf 83' lang='lat' dir='ltr'><strong>V.</strong></span> 
     </span>
    </p>
   </div>
   <div class='ocr_carea' id='block_1_54' title="bbox 201 3115 1785 3192">
    <p class='ocr_par' dir='ltr' id='par_1_54' title="bbox 201 3115 1785 3192">
     <span class='ocr_line' id='line_1_54' title="bbox 201 3115 1785 3192; baseline -0.013 -5"><span class='ocrx_word' id='word_1_427' title='bbox 201 3131 322 3187; x_wconf 67' lang='lat' dir='ltr'><strong>Car.</strong></span> <span class='ocrx_word' id='word_1_428' title='bbox 345 3129 399 3182; x_wconf 78' lang='lat'><strong>9..</strong></span> <span class='ocrx_word' id='word_1_429' title='bbox 426 3144 484 3182; x_wconf 73' lang='grc' dir='ltr'><strong>ν.</strong></span> <span class='ocrx_word' id='word_1_430' title='bbox 524 3126 614 3181; x_wconf 54' lang='lat' dir='ltr'><strong>is.</strong></span> <span class='ocrx_word' id='word_1_431' title='bbox 650 3124 755 3178; x_wconf 84' lang='lat' dir='ltr'><strong>Viri</strong></span> <span class='ocrx_word' id='word_1_432' title='bbox 783 3123 954 3177; x_wconf 76' lang='lat' dir='ltr'><strong>Iudici</strong></span> <span class='ocrx_word' id='word_1_433' title='bbox 985 3165 1001 3188; x_wconf 89' lang='lat'><strong>,</strong></span> <span class='ocrx_word' id='word_1_434' title='bbox 1039 3132 1087 3177; x_wconf 88' lang='lat' dir='ltr'><strong>et</strong></span> <span class='ocrx_word' id='word_1_435' title='bbox 1121 3122 1205 3192; x_wconf 85' lang='lat' dir='ltr'><strong>qui</strong></span> <span class='ocrx_word' id='word_1_436' title='bbox 1233 3118 1470 3173; x_wconf 75' lang='lat' dir='ltr'><strong>habitatis</strong></span> <span class='ocrx_word' id='word_1_437' title='bbox 1496 3115 1785 3170; x_wconf 82' lang='lat' dir='ltr'><strong>Jerusalem</strong></span> 
     </span>
    </p>
   </div>
   <div class='ocr_carea' id='block_1_55' title="bbox 273 3209 1786 3289">
    <p class='ocr_par' dir='ltr' id='par_1_55' title="bbox 273 3209 1786 3289">
     <span class='ocr_line' id='line_1_55' title="bbox 273 3209 1786 3289; baseline -0.011 -12"><span class='ocrx_word' id='word_1_438' title='bbox 273 3222 489 3277; x_wconf 77' lang='lat' dir='ltr'><strong>universi</strong></span> <span class='ocrx_word' id='word_1_439' title='bbox 517 3263 533 3289; x_wconf 94' lang='lat'><strong>,</strong></span> <span class='ocrx_word' id='word_1_440' title='bbox 582 3220 677 3273; x_wconf 83' lang='lat' dir='ltr'><strong>hoc</strong></span> <span class='ocrx_word' id='word_1_441' title='bbox 702 3218 839 3272; x_wconf 87' lang='lat' dir='ltr'><strong>vobis</strong></span> <span class='ocrx_word' id='word_1_442' title='bbox 869 3226 1040 3271; x_wconf 83' lang='lat' dir='ltr'><strong>nolunt</strong></span> <span class='ocrx_word' id='word_1_443' title='bbox 1067 3217 1131 3270; x_wconf 85' lang='lat' dir='ltr'><strong>sit</strong></span> <span class='ocrx_word' id='word_1_444' title='bbox 1160 3256 1175 3280; x_wconf 91' lang='lat'><strong>,</strong></span> <span class='ocrx_word' id='word_1_445' title='bbox 1230 3223 1277 3267; x_wconf 86' lang='lat' dir='ltr'><strong>et</strong></span> <span class='ocrx_word' id='word_1_446' title='bbox 1302 3212 1507 3266; x_wconf 85' lang='lat' dir='ltr'><strong>auribus</strong></span> <span class='ocrx_word' id='word_1_447' title='bbox 1536 3209 1786 3282; x_wconf 87' lang='lat' dir='ltr'><strong>percipite</strong></span> 
     </span>
    </p>
   </div>
   <div class='ocr_carea' id='block_1_56' title="bbox 273 3317 580 3369">
    <p class='ocr_par' dir='ltr' id='par_1_56' title="bbox 273 3317 580 3369">
     <span class='ocr_line' id='line_1_56' title="bbox 273 3317 580 3369; baseline -0.003 0"><span class='ocrx_word' id='word_1_448' title='bbox 273 3317 414 3369; x_wconf 74' lang='lat' dir='ltr'><strong>verba</strong></span> <span class='ocrx_word' id='word_1_449' title='bbox 440 3330 580 3368; x_wconf 87' lang='lat' dir='ltr'><strong>mea.</strong></span> 
     </span>
    </p>
   </div>
   <div class='ocr_carea' id='block_1_57' title="bbox 268 3382 1788 3475">
    <p class='ocr_par' dir='ltr' id='par_1_57' title="bbox 268 3382 1788 3475">
     <span class='ocr_line' id='line_1_57' title="bbox 268 3382 1788 3475; baseline -0.011 -13"><span class='ocrx_word' id='word_1_450' title='bbox 268 3410 315 3462; x_wconf 84' lang='grc'><strong>1.</strong></span> <span class='ocrx_word' id='word_1_451' title='bbox 344 3408 500 3475; x_wconf 85' lang='lat' dir='ltr'><strong>Quos</strong></span> <span class='ocrx_word' id='word_1_452' title='bbox 547 3404 796 3473; x_wconf 90' lang='lat' dir='ltr'><strong>superius</strong></span> <span class='ocrx_word' id='word_1_453' title='bbox 845 3382 1159 3471; x_wconf 86' lang='lat' dir='ltr'><strong>peregrinos</strong></span> <span class='ocrx_word' id='word_1_454' title='bbox 1200 3397 1371 3461; x_wconf 82' lang='lat' dir='ltr'><strong>dixit,</strong></span> <span class='ocrx_word' id='word_1_455' title='bbox 1426 3394 1492 3449; x_wconf 89' lang='lat' dir='ltr'><strong>ad</strong></span> <span class='ocrx_word' id='word_1_456' title='bbox 1540 3395 1658 3448; x_wconf 90' lang='lat' dir='ltr'><strong>illos</strong></span> <span class='ocrx_word' id='word_1_457' title='bbox 1702 3391 1788 3445; x_wconf 90' lang='lat' dir='ltr'><strong>hic</strong></span> 
     </span>
    </p>
   </div>
   <div class='ocr_carea' id='block_1_58' title="bbox 200 3484 1785 3558">
    <p class='ocr_par' dir='ltr' id='par_1_58' title="bbox 200 3484 1785 3558">
     <span class='ocr_line' id='line_1_58' title="bbox 200 3484 1785 3558; baseline -0.012 -3"><span class='ocrx_word' id='word_1_458' title='bbox 200 3513 510 3555; x_wconf 84' lang='lat' dir='ltr'><strong>sertnonem</strong></span> <span class='ocrx_word' id='word_1_459' title='bbox 533 3495 803 3551; x_wconf 86' lang='lat' dir='ltr'><strong>convertit</strong></span> <span class='ocrx_word' id='word_1_460' title='bbox 832 3512 844 3547; x_wconf 91' lang='lat'>:</span> <span class='ocrx_word' id='word_1_461' title='bbox 874 3502 928 3546; x_wconf 89' lang='lat' dir='ltr'><strong>et</strong></span> <span class='ocrx_word' id='word_1_462' title='bbox 951 3491 1162 3545; x_wconf 90' lang='lat' dir='ltr'><strong>videtur</strong></span> <span class='ocrx_word' id='word_1_463' title='bbox 1183 3488 1398 3558; x_wconf 92' lang='lat' dir='ltr'><strong>quidem</strong></span> <span class='ocrx_word' id='word_1_464' title='bbox 1423 3487 1542 3541; x_wconf 90' lang='lat' dir='ltr'><strong>illos</strong></span> <span class='ocrx_word' id='word_1_465' title='bbox 1563 3484 1785 3554; x_wconf 86' lang='lat' dir='ltr'><strong>alloqui,</strong></span> 
     </span>
    </p>
   </div>
   <div class='ocr_carea' id='block_1_59' title="bbox 197 3576 1790 3649">
    <p class='ocr_par' dir='ltr' id='par_1_59' title="bbox 197 3576 1790 3649">
     <span class='ocr_line' id='line_1_59' title="bbox 197 3576 1790 3649; baseline -0.013 -1"><span class='ocrx_word' id='word_1_466' title='bbox 197 3593 287 3647; x_wconf 87' lang='lat' dir='ltr'><strong>sed</strong></span> <span class='ocrx_word' id='word_1_467' title='bbox 335 3591 600 3645; x_wconf 88' lang='lat' dir='ltr'><strong>irrisores</strong></span> <span class='ocrx_word' id='word_1_468' title='bbox 650 3586 921 3641; x_wconf 86' lang='lat' dir='ltr'><strong>emendat.</strong></span> <span class='ocrx_word' id='word_1_469' title='bbox 967 3582 1101 3638; x_wconf 88' lang='lat' dir='ltr'><strong>Nam</strong></span> <span class='ocrx_word' id='word_1_470' title='bbox 1155 3582 1334 3636; x_wconf 88' lang='lat' dir='ltr'><strong>divina</strong></span> <span class='ocrx_word' id='word_1_471' title='bbox 1383 3576 1790 3649; x_wconf 86' lang='lat' dir='ltr'><strong>dispensatione</strong></span> 
     </span>
    </p>
   </div>
   <div class='ocr_carea' id='block_1_60' title="bbox 199 3669 1789 3749">
    <p class='ocr_par' dir='ltr' id='par_1_60' title="bbox 199 3669 1789 3749">
     <span class='ocr_line' id='line_1_60' title="bbox 199 3669 1789 3749; baseline -0.011 -10"><span class='ocrx_word' id='word_1_472' title='bbox 199 3684 401 3739; x_wconf 86' lang='lat' dir='ltr'><strong>factum</strong></span> <span class='ocrx_word' id='word_1_473' title='bbox 434 3692 521 3736; x_wconf 82' lang='lat' dir='ltr'><strong>est</strong></span> <span class='ocrx_word' id='word_1_474' title='bbox 554 3689 611 3734; x_wconf 91' lang='lat' dir='ltr'><strong>ut</strong></span> <span class='ocrx_word' id='word_1_475' title='bbox 636 3680 849 3749; x_wconf 91' lang='lat' dir='ltr'><strong>quidam</strong></span> <span class='ocrx_word' id='word_1_476' title='bbox 882 3676 1192 3739; x_wconf 89' lang='lat' dir='ltr'><strong>irriderent,</strong></span> <span class='ocrx_word' id='word_1_477' title='bbox 1224 3687 1331 3744; x_wconf 90' lang='lat' dir='ltr'><strong>quo</strong></span> <span class='ocrx_word' id='word_1_478' title='bbox 1360 3672 1487 3727; x_wconf 88' lang='lat' dir='ltr'><strong>hinc</strong></span> <span class='ocrx_word' id='word_1_479' title='bbox 1513 3669 1789 3725; x_wconf 85' lang='lat' dir='ltr'><strong>defensio-</strong></span> 
     </span>
    </p>
   </div>
   <div class='ocr_carea' id='block_1_61' title="bbox 198 3758 1791 3837">
    <p class='ocr_par' dir='ltr' id='par_1_61' title="bbox 198 3758 1791 3837">
     <span class='ocr_line' id='line_1_61' title="bbox 198 3758 1791 3837; baseline -0.011 -8"><span class='ocrx_word' id='word_1_480' title='bbox 198 3791 321 3829; x_wconf 90' lang='lat' dir='ltr'><strong>nem</strong></span> <span class='ocrx_word' id='word_1_481' title='bbox 354 3774 672 3835; x_wconf 88' lang='lat' dir='ltr'><strong>ordiretur,</strong></span> <span class='ocrx_word' id='word_1_482' title='bbox 712 3784 776 3823; x_wconf 89' lang='lat' dir='ltr'><strong>ac</strong></span> <span class='ocrx_word' id='word_1_483' title='bbox 823 3785 916 3837; x_wconf 79' lang='lat' dir='ltr'><strong>per</strong></span> <span class='ocrx_word' id='word_1_484' title='bbox 962 3767 1105 3820; x_wconf 88' lang='lat' dir='ltr'><strong>illam</strong></span> <span class='ocrx_word' id='word_1_485' title='bbox 1152 3765 1390 3819; x_wconf 89' lang='lat' dir='ltr'><strong>doceret.</strong></span> <span class='ocrx_word' id='word_1_486' title='bbox 1432 3762 1635 3833; x_wconf 68' lang='lat' dir='ltr'><strong>Magna:</strong></span> <span class='ocrx_word' id='word_1_487' title='bbox 1688 3758 1791 3814; x_wconf 90' lang='lat' dir='ltr'><strong>sibi</strong></span> 
     </span>
    </p>
   </div>
   <div class='ocr_carea' id='block_1_62' title="bbox 199 3854 1787 3931">
    <p class='ocr_par' dir='ltr' id='par_1_62' title="bbox 199 3854 1787 3931">
     <span class='ocr_line' id='line_1_62' title="bbox 199 3854 1787 3931; baseline -0.01 -10"><span class='ocrx_word' id='word_1_488' title='bbox 199 3868 343 3921; x_wconf 84' lang='lat' dir='ltr'><strong>laudi</strong></span> <span class='ocrx_word' id='word_1_489' title='bbox 389 3879 516 3919; x_wconf 87' lang='lat' dir='ltr'><strong>esse</strong></span> <span class='ocrx_word' id='word_1_490' title='bbox 567 3861 823 3931; x_wconf 88' lang='lat' dir='ltr'><strong>putabant</strong></span> <span class='ocrx_word' id='word_1_491' title='bbox 852 3902 867 3923; x_wconf 93' lang='lat'><strong>,</strong></span> <span class='ocrx_word' id='word_1_492' title='bbox 909 3859 1047 3929; x_wconf 92' lang='lat' dir='ltr'><strong>quod</strong></span> <span class='ocrx_word' id='word_1_493' title='bbox 1088 3854 1438 3927; x_wconf 80' lang='lat' dir='ltr'><strong>Jerosoly‘mis</strong></span> <span class='ocrx_word' id='word_1_494' title='bbox 1465 3855 1787 3909; x_wconf 88' lang='lat' dir='ltr'><strong>habitarent.</strong></span> 
     </span>
    </p>
   </div>
   <div class='ocr_carea' id='block_1_63' title="bbox 204 3943 1795 4023">
    <p class='ocr_par' dir='ltr' id='par_1_63' title="bbox 204 3943 1795 4023">
     <span class='ocr_line' id='line_1_63' title="bbox 204 3943 1795 4023; baseline -0.009 -13"><span class='ocrx_word' id='word_1_495' title='bbox 204 3957 320 4010; x_wconf 79' lang='lat' dir='ltr'><strong>Hoc</strong></span> <span class='ocrx_word' id='word_1_496' title='bbox 339 3956 500 4016; x_wconf 67' lang='lat' dir='ltr'><strong>vobis.</strong></span> <span class='ocrx_word' id='word_1_497' title='bbox 544 3952 734 4023; x_wconf 90' lang='lat' dir='ltr'><strong>inquit,</strong></span> <span class='ocrx_word' id='word_1_498' title='bbox 770 3961 938 4004; x_wconf 84' lang='lat' dir='ltr'><strong>uotum</strong></span> <span class='ocrx_word' id='word_1_499' title='bbox 961 3950 1023 4002; x_wconf 87' lang='lat' dir='ltr'><strong>sit</strong></span> <span class='ocrx_word' id='word_1_500' title='bbox 1049 3991 1063 4014; x_wconf 94' lang='lat'><strong>,</strong></span> <span class='ocrx_word' id='word_1_501' title='bbox 1087 3958 1131 4002; x_wconf 89' lang='lat' dir='ltr'><strong>et</strong></span> <span class='ocrx_word' id='word_1_502' title='bbox 1153 3948 1361 4001; x_wconf 85' lang='lat' dir='ltr'><strong>auribus</strong></span> <span class='ocrx_word' id='word_1_503' title='bbox 1388 3946 1628 4017; x_wconf 85' lang='lat' dir='ltr'><strong>percipite</strong></span> <span class='ocrx_word' id='word_1_504' title='bbox 1647 3943 1795 3998; x_wconf 87' lang='lat' dir='ltr'><strong>verba</strong></span> 
     </span>
    </p>
   </div>
   <div class='ocr_carea' id='block_1_64' title="bbox 201 4035 1783 4107">
    <p class='ocr_par' dir='ltr' id='par_1_64' title="bbox 201 4035 1783 4107">
     <span class='ocr_line' id='line_1_64' title="bbox 201 4035 1783 4107; baseline -0.007 -7"><span class='ocrx_word' id='word_1_505' title='bbox 201 4066 338 4101; x_wconf 81' lang='lat' dir='ltr'><strong>mea.</strong></span> <span class='ocrx_word' id='word_1_506' title='bbox 370 4045 706 4100; x_wconf 77' lang='lat' dir='ltr'><strong>Attentiores</strong></span> <span class='ocrx_word' id='word_1_507' title='bbox 735 4042 947 4096; x_wconf 90' lang='lat' dir='ltr'><strong>interim</strong></span> <span class='ocrx_word' id='word_1_508' title='bbox 976 4042 1095 4094; x_wconf 91' lang='lat' dir='ltr'><strong>illos</strong></span> <span class='ocrx_word' id='word_1_509' title='bbox 1125 4039 1299 4093; x_wconf 86' lang='lat' dir='ltr'><strong>reddit</strong></span> <span class='ocrx_word' id='word_1_510' title='bbox 1333 4080 1348 4102; x_wconf 92' lang='lat'><strong>,</strong></span> <span class='ocrx_word' id='word_1_511' title='bbox 1389 4046 1443 4092; x_wconf 91' lang='lat' dir='ltr'><strong>et</strong></span> <span class='ocrx_word' id='word_1_512' title='bbox 1478 4045 1661 4107; x_wconf 88' lang='lat' dir='ltr'><strong>postea</strong></span> <span class='ocrx_word' id='word_1_513' title='bbox 1688 4035 1783 4090; x_wconf 89' lang='lat' dir='ltr'><strong>dc-</strong></span> 
     </span>
    </p>
   </div>
   <div class='ocr_carea' id='block_1_65' title="bbox 202 4128 1794 4207">
    <p class='ocr_par' dir='ltr' id='par_1_65' title="bbox 202 4128 1794 4207">
     <span class='ocr_line' id='line_1_65' title="bbox 202 4128 1794 4207; baseline -0.009 -13"><span class='ocrx_word' id='word_1_514' title='bbox 202 4139 509 4194; x_wconf 79' lang='lat' dir='ltr'><strong>fensionem</strong></span> <span class='ocrx_word' id='word_1_515' title='bbox 538 4145 710 4207; x_wconf 89' lang='lat' dir='ltr'><strong>parat.</strong></span> <span class='ocrx_word' id='word_1_516' title='bbox 744 4136 833 4190; x_wconf 83' lang='grc'><strong>15.</strong></span> <span class='ocrx_word' id='word_1_517' title='bbox 871 4132 989 4187; x_wconf 86' lang='lat' dir='ltr'><strong>Non</strong></span> <span class='ocrx_word' id='word_1_518' title='bbox 1017 4134 1179 4196; x_wconf 84' lang='lat' dir='ltr'><strong>enim,</strong></span> <span class='ocrx_word' id='word_1_519' title='bbox 1209 4131 1335 4183; x_wconf 86' lang='lat' dir='ltr'><strong>sicut</strong></span> <span class='ocrx_word' id='word_1_520' title='bbox 1363 4145 1447 4183; x_wconf 87' lang='lat' dir='ltr'><strong>vos</strong></span> <span class='ocrx_word' id='word_1_521' title='bbox 1487 4128 1794 4198; x_wconf 83' lang='lat' dir='ltr'><strong>suspicami-</strong></span> 
     </span>
    </p>
   </div>
   <div class='ocr_carea' id='block_1_66' title="bbox 207 4218 1797 4295">
    <p class='ocr_par' dir='ltr' id='par_1_66' title="bbox 207 4218 1797 4295">
     <span class='ocr_line' id='line_1_66' title="bbox 207 4218 1797 4295; baseline -0.006 -12"><span class='ocrx_word' id='word_1_522' title='bbox 207 4232 261 4283; x_wconf 85' lang='lat' dir='ltr'><strong>ni</strong></span> <span class='ocrx_word' id='word_1_523' title='bbox 288 4271 303 4295; x_wconf 95' lang='lat'><strong>,</strong></span> <span class='ocrx_word' id='word_1_524' title='bbox 339 4231 391 4281; x_wconf 80' lang='lat' dir='ltr'><strong>hi</strong></span> <span class='ocrx_word' id='word_1_525' title='bbox 441 4228 566 4281; x_wconf 88' lang='lat' dir='ltr'><strong>ebrii</strong></span> <span class='ocrx_word' id='word_1_526' title='bbox 611 4235 749 4280; x_wconf 88' lang='lat' dir='ltr'><strong>sunt.</strong></span> <span class='ocrx_word' id='word_1_527' title='bbox 806 4224 993 4278; x_wconf 80' lang='lat' dir='ltr'><strong>Viden‘</strong></span> <span class='ocrx_word' id='word_1_528' title='bbox 1015 4239 1173 4294; x_wconf 89' lang='lat' dir='ltr'><strong>quam</strong></span> <span class='ocrx_word' id='word_1_529' title='bbox 1221 4222 1364 4276; x_wconf 82' lang='lat' dir='ltr'><strong>initis</strong></span> <span class='ocrx_word' id='word_1_530' title='bbox 1408 4220 1478 4275; x_wconf 91' lang='lat' dir='ltr'><strong>sit</strong></span> <span class='ocrx_word' id='word_1_531' title='bbox 1506 4218 1797 4275; x_wconf 87' lang='lat' dir='ltr'><strong>defensio?</strong></span> 
     </span>
    </p>
   </div>
   <div class='ocr_carea' id='block_1_67' title="bbox 208 4315 1796 4391">
    <p class='ocr_par' dir='ltr' id='par_1_67' title="bbox 208 4315 1796 4391">
     <span class='ocr_line' id='line_1_67' title="bbox 208 4315 1796 4391; baseline -0.007 -13"><span class='ocrx_word' id='word_1_532' title='bbox 208 4323 363 4378; x_wconf 87' lang='lat' dir='ltr'><strong>Licet</strong></span> <span class='ocrx_word' id='word_1_533' title='bbox 391 4321 651 4391; x_wconf 81' lang='lat' dir='ltr'><strong>majorem</strong></span> <span class='ocrx_word' id='word_1_534' title='bbox 686 4320 863 4389; x_wconf 89' lang='lat' dir='ltr'><strong>populi</strong></span> <span class='ocrx_word' id='word_1_535' title='bbox 897 4328 1099 4386; x_wconf 87' lang='lat' dir='ltr'><strong>partem</strong></span> <span class='ocrx_word' id='word_1_536' title='bbox 1131 4331 1313 4372; x_wconf 90' lang='lat' dir='ltr'><strong>secum</strong></span> <span class='ocrx_word' id='word_1_537' title='bbox 1356 4315 1613 4383; x_wconf 90' lang='lat' dir='ltr'><strong>haberet,</strong></span> <span class='ocrx_word' id='word_1_538' title='bbox 1641 4329 1796 4369; x_wconf 85' lang='lat' dir='ltr'><strong>man-</strong></span> 
     </span>
    </p>
   </div>
   <div class='ocr_carea' id='block_1_68' title="bbox 207 4405 1793 4480">
    <p class='ocr_par' dir='ltr' id='par_1_68' title="bbox 207 4405 1793 4480">
     <span class='ocr_line' id='line_1_68' title="bbox 207 4405 1793 4480; baseline -0.006 -12"><span class='ocrx_word' id='word_1_539' title='bbox 207 4416 417 4469; x_wconf 87' lang='lat' dir='ltr'><strong>suetius</strong></span> <span class='ocrx_word' id='word_1_540' title='bbox 447 4423 625 4466; x_wconf 90' lang='lat' dir='ltr'><strong>tamen</strong></span> <span class='ocrx_word' id='word_1_541' title='bbox 650 4411 773 4465; x_wconf 91' lang='lat' dir='ltr'><strong>illos</strong></span> <span class='ocrx_word' id='word_1_542' title='bbox 812 4410 1103 4480; x_wconf 88' lang='lat' dir='ltr'><strong>alloquitur</strong></span> <span class='ocrx_word' id='word_1_543' title='bbox 1138 4426 1151 4466; x_wconf 90' lang='lat'><strong>:</strong></span> <span class='ocrx_word' id='word_1_544' title='bbox 1185 4423 1248 4462; x_wconf 88' lang='lat' dir='ltr'><strong>ac</strong></span> <span class='ocrx_word' id='word_1_545' title='bbox 1276 4407 1447 4477; x_wconf 93' lang='lat' dir='ltr'><strong>primo</strong></span> <span class='ocrx_word' id='word_1_546' title='bbox 1477 4405 1669 4460; x_wconf 87' lang='lat' dir='ltr'><strong>malam</strong></span> <span class='ocrx_word' id='word_1_547' title='bbox 1698 4420 1793 4460; x_wconf 89' lang='lat' dir='ltr'><strong>su-</strong></span> 
     </span>
    </p>
   </div>
   <div class='ocr_carea' id='block_1_69' title="bbox 206 4498 1797 4578">
    <p class='ocr_par' dir='ltr' id='par_1_69' title="bbox 206 4498 1797 4578">
     <span class='ocr_line' id='line_1_69' title="bbox 206 4498 1797 4578; baseline -0.007 -16"><span class='ocrx_word' id='word_1_548' title='bbox 206 4510 513 4578; x_wconf 71' lang='lat' dir='ltr'><strong>spicionem</strong></span> <span class='ocrx_word' id='word_1_549' title='bbox 586 4505 768 4569; x_wconf 89' lang='lat' dir='ltr'><strong>tollit,</strong></span> <span class='ocrx_word' id='word_1_550' title='bbox 816 4504 1111 4573; x_wconf 89' lang='lat' dir='ltr'><strong>deindequc</strong></span> <span class='ocrx_word' id='word_1_551' title='bbox 1158 4500 1525 4556; x_wconf 89' lang='lat' dir='ltr'><strong>defensionem</strong></span> <span class='ocrx_word' id='word_1_552' title='bbox 1593 4498 1797 4553; x_wconf 92' lang='lat' dir='ltr'><strong>statuit.</strong></span> 
     </span>
    </p>
   </div>
   <div class='ocr_carea' id='block_1_70' title="bbox 210 4586 1800 4669">
    <p class='ocr_par' dir='ltr' id='par_1_70' title="bbox 210 4586 1800 4669">
     <span class='ocr_line' id='line_1_70' title="bbox 210 4586 1800 4669; baseline -0.007 -13"><span class='ocrx_word' id='word_1_553' title='bbox 210 4602 450 4669; x_wconf 81' lang='lat' dir='ltr'><strong>Ideoque</strong></span> <span class='ocrx_word' id='word_1_554' title='bbox 495 4616 602 4654; x_wconf 92' lang='lat' dir='ltr'><strong>non</strong></span> <span class='ocrx_word' id='word_1_555' title='bbox 633 4599 782 4666; x_wconf 79' lang='lat' dir='ltr'><strong>dicit,</strong></span> <span class='ocrx_word' id='word_1_556' title='bbox 813 4598 927 4654; x_wconf 85' lang='lat' dir='ltr'><strong>Non</strong></span> <span class='ocrx_word' id='word_1_557' title='bbox 950 4599 1091 4652; x_wconf 91' lang='lat' dir='ltr'><strong>enim</strong></span> <span class='ocrx_word' id='word_1_558' title='bbox 1122 4596 1260 4650; x_wconf 91' lang='lat' dir='ltr'><strong>sicut</strong></span> <span class='ocrx_word' id='word_1_559' title='bbox 1286 4610 1381 4649; x_wconf 90' lang='lat' dir='ltr'><strong>vos</strong></span> <span class='ocrx_word' id='word_1_560' title='bbox 1412 4586 1752 4648; x_wconf 69' lang='lat' dir='ltr'><strong>subsannatis</strong></span> <span class='ocrx_word' id='word_1_561' title='bbox 1784 4635 1800 4660; x_wconf 90' lang='lat'><strong>,</strong></span> 
     </span>
    </p>
   </div>
   <div class='ocr_carea' id='block_1_71' title="bbox 209 4686 1804 4758">
    <p class='ocr_par' dir='ltr' id='par_1_71' title="bbox 209 4686 1804 4758">
     <span class='ocr_line' id='line_1_71' title="bbox 209 4686 1804 4758; baseline -0.003 -14"><span class='ocrx_word' id='word_1_562' title='bbox 209 4694 295 4746; x_wconf 72' lang='lat' dir='ltr'><strong>vel</strong></span> <span class='ocrx_word' id='word_1_563' title='bbox 328 4692 539 4756; x_wconf 89' lang='lat' dir='ltr'><strong>ridetis,</strong></span> <span class='ocrx_word' id='word_1_564' title='bbox 567 4690 682 4754; x_wconf 89' lang='lat' dir='ltr'><strong>sed,</strong></span> <span class='ocrx_word' id='word_1_565' title='bbox 714 4690 859 4745; x_wconf 85' lang='lat' dir='ltr'><strong>Sicut</strong></span> <span class='ocrx_word' id='word_1_566' title='bbox 892 4689 1221 4758; x_wconf 83' lang='lat' dir='ltr'><strong>suspicamini</strong></span> <span class='ocrx_word' id='word_1_567' title='bbox 1252 4703 1270 4742; x_wconf 91' lang='lat'><strong><em>:</em></strong></span> <span class='ocrx_word' id='word_1_568' title='bbox 1300 4686 1587 4742; x_wconf 82' lang='lat' dir='ltr'><strong>ostendere</strong></span> <span class='ocrx_word' id='word_1_569' title='bbox 1618 4686 1804 4740; x_wconf 83' lang='lat' dir='ltr'><strong>volens</strong></span> 
     </span>
    </p>
   </div>
   <div class='ocr_carea' id='block_1_72' title="bbox 208 4778 1799 4850">
    <p class='ocr_par' dir='ltr' id='par_1_72' title="bbox 208 4778 1799 4850">
     <span class='ocr_line' id='line_1_72' title="bbox 208 4778 1799 4850; baseline -0.006 -10"><span class='ocrx_word' id='word_1_570' title='bbox 208 4786 337 4840; x_wconf 89' lang='lat' dir='ltr'><strong>illos</strong></span> <span class='ocrx_word' id='word_1_571' title='bbox 370 4800 479 4839; x_wconf 89' lang='lat' dir='ltr'><strong>non</strong></span> <span class='ocrx_word' id='word_1_572' title='bbox 498 4784 642 4837; x_wconf 88' lang='lat' dir='ltr'><strong>serio</strong></span> <span class='ocrx_word' id='word_1_573' title='bbox 669 4782 783 4835; x_wconf 62' lang='lat' dir='ltr'><strong>haec</strong></span> <span class='ocrx_word' id='word_1_574' title='bbox 807 4782 1028 4845; x_wconf 82' lang='lat' dir='ltr'><strong>dixisse,</strong></span> <span class='ocrx_word' id='word_1_575' title='bbox 1064 4793 1120 4835; x_wconf 93' lang='lat' dir='ltr'><strong>ut</strong></span> <span class='ocrx_word' id='word_1_576' title='bbox 1140 4780 1306 4850; x_wconf 91' lang='lat' dir='ltr'><strong>magis</strong></span> <span class='ocrx_word' id='word_1_577' title='bbox 1327 4779 1432 4833; x_wconf 91' lang='lat' dir='ltr'><strong>illis</strong></span> <span class='ocrx_word' id='word_1_578' title='bbox 1454 4778 1799 4847; x_wconf 67' lang='lat' dir='ltr'><strong>ignorantia),</strong></span> 
     </span>
    </p>
   </div>
   <div class='ocr_carea' id='block_1_73' title="bbox 212 4870 1807 4947">
    <p class='ocr_par' dir='ltr' id='par_1_73' title="bbox 212 4870 1807 4947">
     <span class='ocr_line' id='line_1_73' title="bbox 212 4870 1807 4947; baseline -0.004 -17"><span class='ocrx_word' id='word_1_579' title='bbox 212 4894 375 4947; x_wconf 81' lang='lat' dir='ltr'><strong>quant</strong></span> <span class='ocrx_word' id='word_1_580' title='bbox 405 4876 627 4930; x_wconf 70' lang='lat' dir='ltr'><strong>malitia:</strong></span> <span class='ocrx_word' id='word_1_581' title='bbox 656 4875 859 4930; x_wconf 90' lang='lat' dir='ltr'><strong>crimen</strong></span> <span class='ocrx_word' id='word_1_582' title='bbox 887 4873 1119 4928; x_wconf 86' lang='lat' dir='ltr'><strong>offerret.</strong></span> <span class='ocrx_word' id='word_1_583' title='bbox 1147 4870 1269 4926; x_wconf 88' lang='lat' dir='ltr'><strong>Non</strong></span> <span class='ocrx_word' id='word_1_584' title='bbox 1295 4873 1591 4937; x_wconf 84' lang='lat' dir='ltr'><strong>enim,sicut</strong></span> <span class='ocrx_word' id='word_1_585' title='bbox 1616 4887 1701 4925; x_wconf 87' lang='lat' dir='ltr'><strong>vos</strong></span> <span class='ocrx_word' id='word_1_586' title='bbox 1721 4888 1807 4924; x_wconf 82' lang='lat' dir='ltr'><strong>su—</strong></span> 
     </span>
    </p>
   </div>
   <div class='ocr_carea' id='block_1_74' title="bbox 212 4961 1808 5039">
    <p class='ocr_par' dir='ltr' id='par_1_74' title="bbox 212 4961 1808 5039">
     <span class='ocr_line' id='line_1_74' title="bbox 212 4961 1808 5039; baseline -0.007 -14"><span class='ocrx_word' id='word_1_587' title='bbox 212 4971 514 5039; x_wconf 86' lang='lat' dir='ltr'><strong>spicamini,</strong></span> <span class='ocrx_word' id='word_1_588' title='bbox 548 4969 601 5022; x_wconf 78' lang='lat' dir='ltr'><strong>hi</strong></span> <span class='ocrx_word' id='word_1_589' title='bbox 634 4968 755 5022; x_wconf 83' lang='lat' dir='ltr'><strong>ebrii</strong></span> <span class='ocrx_word' id='word_1_590' title='bbox 778 4976 892 5022; x_wconf 79' lang='lat' dir='ltr'><strong>sunt</strong></span> <span class='ocrx_word' id='word_1_591' title='bbox 919 5009 932 5031; x_wconf 94' lang='lat'><strong>,</strong></span> <span class='ocrx_word' id='word_1_592' title='bbox 963 4982 1077 5019; x_wconf 74' lang='lat' dir='ltr'><strong>cum</strong></span> <span class='ocrx_word' id='word_1_593' title='bbox 1104 4966 1170 5018; x_wconf 84' lang='lat' dir='ltr'><strong>sit</strong></span> <span class='ocrx_word' id='word_1_594' title='bbox 1200 4964 1323 5018; x_wconf 84' lang='lat' dir='ltr'><strong>hora</strong></span> <span class='ocrx_word' id='word_1_595' title='bbox 1364 4965 1463 5018; x_wconf 86' lang='lat' dir='ltr'><strong>diei</strong></span> <span class='ocrx_word' id='word_1_596' title='bbox 1510 4966 1673 5018; x_wconf 88' lang='lat' dir='ltr'><strong>tertia.</strong></span> <span class='ocrx_word' id='word_1_597' title='bbox 1699 4961 1808 5017; x_wconf 88' lang='lat' dir='ltr'><strong>Cur</strong></span> 
     </span>
    </p>
   </div>
   <div class='ocr_carea' id='block_1_75' title="bbox 213 5057 1806 5129">
    <p class='ocr_par' dir='ltr' id='par_1_75' title="bbox 213 5057 1806 5129">
     <span class='ocr_line' id='line_1_75' title="bbox 213 5057 1806 5129; baseline -0.006 -10"><span class='ocrx_word' id='word_1_598' title='bbox 213 5063 325 5120; x_wconf 82' lang='lat' dir='ltr'><strong>hoc</strong></span> <span class='ocrx_word' id='word_1_599' title='bbox 353 5063 484 5117; x_wconf 89' lang='lat' dir='ltr'><strong>dicit</strong></span> <span class='ocrx_word' id='word_1_600' title='bbox 512 5062 535 5115; x_wconf 81' lang='lat'><strong>?</strong></span> <span class='ocrx_word' id='word_1_601' title='bbox 566 5077 745 5115; x_wconf 87' lang='lat' dir='ltr'><strong>annon</strong></span> <span class='ocrx_word' id='word_1_602' title='bbox 806 5068 1054 5129; x_wconf 85' lang='lat' dir='ltr'><strong>poterant</strong></span> <span class='ocrx_word' id='word_1_603' title='bbox 1099 5059 1228 5112; x_wconf 90' lang='lat' dir='ltr'><strong>hora</strong></span> <span class='ocrx_word' id='word_1_604' title='bbox 1288 5058 1443 5113; x_wconf 89' lang='lat' dir='ltr'><strong>tertia</strong></span> <span class='ocrx_word' id='word_1_605' title='bbox 1498 5057 1755 5112; x_wconf 89' lang='lat' dir='ltr'><strong>inebriari</strong></span> <span class='ocrx_word' id='word_1_606' title='bbox 1783 5060 1806 5110; x_wconf 71' lang='grc' dir='ltr'><em>’ἐ</em></span> 
     </span>
    </p>
   </div>
   <div class='ocr_carea' id='block_1_76' title="bbox 217 5148 1808 5217">
    <p class='ocr_par' dir='ltr' id='par_1_76' title="bbox 217 5148 1808 5217">
     <span class='ocr_line' id='line_1_76' title="bbox 217 5148 1808 5217; baseline -0.005 -7"><span class='ocrx_word' id='word_1_607' title='bbox 217 5155 481 5210; x_wconf 84' lang='lat' dir='ltr'><strong>Poterant</strong></span> <span class='ocrx_word' id='word_1_608' title='bbox 506 5167 639 5207; x_wconf 90' lang='lat' dir='ltr'><strong>sane</strong></span> <span class='ocrx_word' id='word_1_609' title='bbox 669 5167 685 5217; x_wconf 93' lang='lat'><strong>;</strong></span> <span class='ocrx_word' id='word_1_610' title='bbox 715 5150 809 5206; x_wconf 90' lang='lat' dir='ltr'><strong>sed</strong></span> <span class='ocrx_word' id='word_1_611' title='bbox 838 5152 886 5203; x_wconf 94' lang='lat' dir='ltr'><strong>in</strong></span> <span class='ocrx_word' id='word_1_612' title='bbox 920 5150 1020 5204; x_wconf 91' lang='lat' dir='ltr'><strong>hoc</strong></span> <span class='ocrx_word' id='word_1_613' title='bbox 1049 5149 1137 5203; x_wconf 91' lang='lat' dir='ltr'><strong>ille</strong></span> <span class='ocrx_word' id='word_1_614' title='bbox 1159 5164 1263 5202; x_wconf 91' lang='lat' dir='ltr'><strong>non</strong></span> <span class='ocrx_word' id='word_1_615' title='bbox 1295 5148 1519 5202; x_wconf 89' lang='lat' dir='ltr'><strong>multum</strong></span> <span class='ocrx_word' id='word_1_616' title='bbox 1555 5148 1808 5202; x_wconf 83' lang='lat' dir='ltr'><strong>instabat:</strong></span> 
     </span>
    </p>
   </div>
   <div class='ocr_carea' id='block_1_77' title="bbox 220 5240 1808 5315">
    <p class='ocr_par' dir='ltr' id='par_1_77' title="bbox 220 5240 1808 5315">
     <span class='ocr_line' id='line_1_77' title="bbox 220 5240 1808 5315; baseline -0.005 -15"><span class='ocrx_word' id='word_1_617' title='bbox 220 5260 401 5315; x_wconf 88' lang='lat' dir='ltr'><strong>neque</strong></span> <span class='ocrx_word' id='word_1_618' title='bbox 421 5245 569 5300; x_wconf 89' lang='lat' dir='ltr'><strong>enim</strong></span> <span class='ocrx_word' id='word_1_619' title='bbox 593 5244 664 5297; x_wconf 91' lang='lat' dir='ltr'><strong>ita</strong></span> <span class='ocrx_word' id='word_1_620' title='bbox 687 5258 746 5296; x_wconf 91' lang='lat' dir='ltr'><strong>se</strong></span> <span class='ocrx_word' id='word_1_621' title='bbox 767 5251 1061 5312; x_wconf 87' lang='lat' dir='ltr'><strong>gesserant,</strong></span> <span class='ocrx_word' id='word_1_622' title='bbox 1089 5251 1148 5294; x_wconf 92' lang='lat' dir='ltr'><strong>ut</strong></span> <span class='ocrx_word' id='word_1_623' title='bbox 1170 5240 1416 5295; x_wconf 91' lang='lat' dir='ltr'><strong>irrisores</strong></span> <span class='ocrx_word' id='word_1_624' title='bbox 1440 5240 1511 5294; x_wconf 92' lang='lat' dir='ltr'><strong>illi</strong></span> <span class='ocrx_word' id='word_1_625' title='bbox 1537 5240 1808 5295; x_wconf 87' lang='lat' dir='ltr'><strong>dicebant.</strong></span> 
     </span>
    </p>
   </div>
   <div class='ocr_carea' id='block_1_78' title="bbox 222 5332 1810 5406">
    <p class='ocr_par' dir='ltr' id='par_1_78' title="bbox 222 5332 1810 5406">
     <span class='ocr_line' id='line_1_78' title="bbox 222 5332 1810 5406; baseline -0.004 -15"><span class='ocrx_word' id='word_1_626' title='bbox 222 5336 363 5391; x_wconf 86' lang='lat' dir='ltr'><strong>llinc</strong></span> <span class='ocrx_word' id='word_1_627' title='bbox 394 5350 527 5406; x_wconf 83' lang='lat' dir='ltr'><strong>ergo</strong></span> <span class='ocrx_word' id='word_1_628' title='bbox 552 5334 812 5388; x_wconf 90' lang='lat' dir='ltr'><strong>discimus</strong></span> <span class='ocrx_word' id='word_1_629' title='bbox 845 5375 860 5397; x_wconf 91' lang='lat'><strong>,</strong></span> <span class='ocrx_word' id='word_1_630' title='bbox 892 5333 944 5387; x_wconf 92' lang='lat' dir='ltr'><strong>in</strong></span> <span class='ocrx_word' id='word_1_631' title='bbox 993 5332 1158 5387; x_wconf 91' lang='lat' dir='ltr'><strong>rebus</strong></span> <span class='ocrx_word' id='word_1_632' title='bbox 1206 5346 1312 5385; x_wconf 88' lang='lat' dir='ltr'><strong>non</strong></span> <span class='ocrx_word' id='word_1_633' title='bbox 1358 5332 1675 5386; x_wconf 83' lang='lat' dir='ltr'><strong>necessariis</strong></span> <span class='ocrx_word' id='word_1_634' title='bbox 1706 5347 1810 5384; x_wconf 89' lang='lat' dir='ltr'><strong>non</strong></span> 
     </span>
    </p>
   </div>
   <div class='ocr_carea' id='block_1_79' title="bbox 220 5422 1814 5495">
    <p class='ocr_par' dir='ltr' id='par_1_79' title="bbox 220 5422 1814 5495">
     <span class='ocr_line' id='line_1_79' title="bbox 220 5422 1814 5495; baseline -0.002 -14"><span class='ocrx_word' id='word_1_635' title='bbox 220 5429 389 5495; x_wconf 79' lang='lat' dir='ltr'><strong>longo</strong></span> <span class='ocrx_word' id='word_1_636' title='bbox 434 5425 696 5479; x_wconf 90' lang='lat' dir='ltr'><strong>utendmn</strong></span> <span class='ocrx_word' id='word_1_637' title='bbox 744 5439 865 5479; x_wconf 90' lang='lat' dir='ltr'><strong>esse</strong></span> <span class='ocrx_word' id='word_1_638' title='bbox 904 5438 1182 5479; x_wconf 87' lang='lat' dir='ltr'><strong>sermone.</strong></span> <span class='ocrx_word' id='word_1_639' title='bbox 1231 5422 1478 5492; x_wconf 81' lang='lat' dir='ltr'><strong>Alioquin</strong></span> <span class='ocrx_word' id='word_1_640' title='bbox 1525 5438 1654 5476; x_wconf 85' lang='lat' dir='ltr'><strong>vero</strong></span> <span class='ocrx_word' id='word_1_641' title='bbox 1698 5422 1814 5478; x_wconf 77' lang='lat' dir='ltr'><strong>lia-c</strong></span> 
     </span>
    </p>
   </div>
   <div class='ocr_carea' id='block_1_80' title="bbox 224 5514 1815 5587">
    <p class='ocr_par' dir='ltr' id='par_1_80' title="bbox 224 5514 1815 5587">
     <span class='ocr_line' id='line_1_80' title="bbox 224 5514 1815 5587; baseline -0.003 -14"><span class='ocrx_word' id='word_1_642' title='bbox 224 5520 557 5573; x_wconf 83' lang='lat' dir='ltr'><strong>confirmant</strong></span> <span class='ocrx_word' id='word_1_643' title='bbox 600 5533 719 5587; x_wconf 76' lang='lat' dir='ltr'><strong>qua:</strong></span> <span class='ocrx_word' id='word_1_644' title='bbox 765 5525 1101 5586; x_wconf 84' lang='lat' dir='ltr'><strong>sequuntur:</strong></span> <span class='ocrx_word' id='word_1_645' title='bbox 1134 5530 1195 5569; x_wconf 91' lang='lat' dir='ltr'><strong>ac</strong></span> <span class='ocrx_word' id='word_1_646' title='bbox 1234 5515 1448 5569; x_wconf 89' lang='lat' dir='ltr'><strong>demum</strong></span> <span class='ocrx_word' id='word_1_647' title='bbox 1510 5514 1576 5566; x_wconf 91' lang='lat' dir='ltr'><strong>ad</strong></span> <span class='ocrx_word' id='word_1_648' title='bbox 1627 5529 1815 5569; x_wconf 88' lang='lat' dir='ltr'><strong>omnes</strong></span> 
     </span>
    </p>
   </div>
   <div class='ocr_carea' id='block_1_81' title="bbox 226 5606 1817 5679">
    <p class='ocr_par' dir='ltr' id='par_1_81' title="bbox 226 5606 1817 5679">
     <span class='ocr_line' id='line_1_81' title="bbox 226 5606 1817 5679; baseline -0.003 -14"><span class='ocrx_word' id='word_1_649' title='bbox 226 5625 410 5665; x_wconf 79' lang='lat' dir='ltr'><strong>sermo</strong></span> <span class='ocrx_word' id='word_1_650' title='bbox 437 5608 706 5679; x_wconf 86' lang='lat' dir='ltr'><strong>dirigitur.</strong></span> <span class='ocrx_word' id='word_1_651' title='bbox 749 5608 837 5661; x_wconf 87' lang='grc'><strong>16.</strong></span> <span class='ocrx_word' id='word_1_652' title='bbox 865 5606 971 5662; x_wconf 83' lang='lat' dir='ltr'><strong>Sed</strong></span> <span class='ocrx_word' id='word_1_653' title='bbox 997 5607 1091 5660; x_wconf 84' lang='lat' dir='ltr'><strong>hoc</strong></span> <span class='ocrx_word' id='word_1_654' title='bbox 1125 5615 1199 5659; x_wconf 87' lang='lat' dir='ltr'><strong>est</strong></span> <span class='ocrx_word' id='word_1_655' title='bbox 1240 5606 1374 5677; x_wconf 82' lang='lat' dir='ltr'><strong>quod</strong></span> <span class='ocrx_word' id='word_1_656' title='bbox 1416 5607 1604 5659; x_wconf 83' lang='lat' dir='ltr'><strong>dictum</strong></span> <span class='ocrx_word' id='word_1_657' title='bbox 1627 5615 1699 5660; x_wconf 83' lang='lat' dir='ltr'><strong>est</strong></span> <span class='ocrx_word' id='word_1_658' title='bbox 1728 5623 1817 5672; x_wconf 85' lang='lat' dir='ltr'><strong>per</strong></span> 
     </span>
    </p>
   </div>
   <div class='ocr_carea' id='block_1_82' title="bbox 226 5698 1816 5772">
    <p class='ocr_par' dir='ltr' id='par_1_82' title="bbox 226 5698 1816 5772">
     <span class='ocr_line' id='line_1_82' title="bbox 226 5698 1816 5772; baseline -0.002 -16"><span class='ocrx_word' id='word_1_659' title='bbox 226 5703 534 5772; x_wconf 73' lang='lat' dir='ltr'><strong>praphetam</strong></span> <span class='ocrx_word' id='word_1_660' title='bbox 558 5700 678 5755; x_wconf 82' lang='lat' dir='ltr'><strong>Joel</strong></span> <span class='ocrx_word' id='word_1_661' title='bbox 704 5716 723 5754; x_wconf 90' lang='lat'><strong><em>:</em></strong></span> <span class='ocrx_word' id='word_1_662' title='bbox 759 5700 849 5754; x_wconf 84' lang='grc'><strong>17.</strong></span> <span class='ocrx_word' id='word_1_663' title='bbox 875 5698 943 5753; x_wconf 82' lang='lat' dir='ltr'><strong>Et</strong></span> <span class='ocrx_word' id='word_1_664' title='bbox 968 5700 1060 5753; x_wconf 87' lang='lat' dir='ltr'><strong>erit</strong></span> <span class='ocrx_word' id='word_1_665' title='bbox 1086 5700 1137 5752; x_wconf 90' lang='lat' dir='ltr'><strong>in</strong></span> <span class='ocrx_word' id='word_1_666' title='bbox 1168 5699 1446 5754; x_wconf 82' lang='lat' dir='ltr'><strong>novissimis</strong></span> <span class='ocrx_word' id='word_1_667' title='bbox 1473 5700 1667 5764; x_wconf 87' lang='lat' dir='ltr'><strong>diebus,</strong></span> <span class='ocrx_word' id='word_1_668' title='bbox 1692 5700 1816 5753; x_wconf 80' lang='lat' dir='ltr'><strong>dicit</strong></span> 
     </span>
    </p>
   </div>
   <div class='ocr_carea' id='block_1_83' title="bbox 227 5789 1815 5861">
    <p class='ocr_par' dir='ltr' id='par_1_83' title="bbox 227 5789 1815 5861">
     <span class='ocr_line' id='line_1_83' title="bbox 227 5789 1815 5861; baseline -0.001 -14"><span class='ocrx_word' id='word_1_669' title='bbox 227 5790 489 5848; x_wconf 84' lang='lat' dir='ltr'><strong>Dominus</strong></span> <span class='ocrx_word' id='word_1_670' title='bbox 512 5792 654 5848; x_wconf 84' lang='lat' dir='ltr'><strong>Deus</strong></span> <span class='ocrx_word' id='word_1_671' title='bbox 684 5789 826 5861; x_wconf 82' lang='lat' dir='ltr'><strong>(Joel</strong></span> <span class='ocrx_word' id='word_1_672' title='bbox 855 5791 914 5845; x_wconf 72' lang='lat'><strong>2.</strong></span> <span class='ocrx_word' id='word_1_673' title='bbox 962 5790 1078 5861; x_wconf 78' lang='lat'><strong>28).</strong></span> <span class='ocrx_word' id='word_1_674' title='bbox 1109 5790 1355 5846; x_wconf 85' lang='lat' dir='ltr'><strong>Nondum</strong></span> <span class='ocrx_word' id='word_1_675' title='bbox 1383 5791 1598 5845; x_wconf 87' lang='lat' dir='ltr'><strong>auditur</strong></span> <span class='ocrx_word' id='word_1_676' title='bbox 1619 5806 1815 5847; x_wconf 90' lang='lat' dir='ltr'><strong>nomen</strong></span> 
     </span>
    </p>
   </div>
   <div class='ocr_carea' id='block_1_84' title="bbox 236 5881 1817 5954">
    <p class='ocr_par' dir='ltr' id='par_1_84' title="bbox 236 5881 1817 5954">
     <span class='ocr_line' id='line_1_84' title="bbox 236 5881 1817 5954; baseline 0 -16"><span class='ocrx_word' id='word_1_677' title='bbox 236 5881 432 5940; x_wconf 83' lang='lat' dir='ltr'><strong>Christi</strong></span> <span class='ocrx_word' id='word_1_678' title='bbox 462 5924 480 5952; x_wconf 88' lang='lat'><strong>,</strong></span> <span class='ocrx_word' id='word_1_679' title='bbox 510 5899 612 5939; x_wconf 90' lang='lat' dir='ltr'><strong>nec</strong></span> <span class='ocrx_word' id='word_1_680' title='bbox 638 5883 927 5954; x_wconf 88' lang='lat' dir='ltr'><strong>promissio</strong></span> <span class='ocrx_word' id='word_1_681' title='bbox 957 5882 1099 5938; x_wconf 90' lang='lat' dir='ltr'><strong>illius</strong></span> <span class='ocrx_word' id='word_1_682' title='bbox 1143 5892 1224 5938; x_wconf 87' lang='lat' dir='ltr'><strong>est</strong></span> <span class='ocrx_word' id='word_1_683' title='bbox 1257 5924 1271 5951; x_wconf 90' lang='lat'><strong>,</strong></span> <span class='ocrx_word' id='word_1_684' title='bbox 1301 5881 1396 5938; x_wconf 91' lang='lat' dir='ltr'><strong>sed</strong></span> <span class='ocrx_word' id='word_1_685' title='bbox 1436 5882 1635 5936; x_wconf 81' lang='lat' dir='ltr'><strong>Patris.</strong></span> <span class='ocrx_word' id='word_1_686' title='bbox 1687 5883 1817 5939; x_wconf 79' lang='lat' dir='ltr'><strong>Vide</strong></span> 
     </span>
    </p>
   </div>
   <div class='ocr_carea' id='block_1_85' title="bbox 1891 3115 3477 3197">
    <p class='ocr_par' dir='ltr' id='par_1_85' title="bbox 1891 3115 3477 3197">
     <span class='ocr_line' id='line_1_85' title="bbox 1891 3115 3477 3197; baseline 0.009 -29"><span class='ocrx_word' id='word_1_687' title='bbox 1891 3115 2228 3185; x_wconf 90' lang='lat' dir='ltr'><strong>sapientiam.</strong></span> <span class='ocrx_word' id='word_1_688' title='bbox 2262 3116 2380 3174; x_wconf 83' lang='lat' dir='ltr'><strong>Non</strong></span> <span class='ocrx_word' id='word_1_689' title='bbox 2405 3120 2584 3175; x_wconf 87' lang='lat' dir='ltr'><strong>statim</strong></span> <span class='ocrx_word' id='word_1_690' title='bbox 2614 3123 2911 3180; x_wconf 89' lang='lat' dir='ltr'><strong>transiitad</strong></span> <span class='ocrx_word' id='word_1_691' title='bbox 2942 3140 3026 3192; x_wconf 91' lang='lat' dir='ltr'><strong>ea,</strong></span> <span class='ocrx_word' id='word_1_692' title='bbox 3056 3142 3177 3197; x_wconf 86' lang='lat' dir='ltr'><strong>quae</strong></span> <span class='ocrx_word' id='word_1_693' title='bbox 3203 3126 3477 3184; x_wconf 88' lang='lat' dir='ltr'><strong>Christum</strong></span> 
     </span>
    </p>
   </div>
   <div class='ocr_carea' id='block_1_86' title="bbox 1892 3208 3478 3291">
    <p class='ocr_par' dir='ltr' id='par_1_86' title="bbox 1892 3208 3478 3291">
     <span class='ocr_line' id='line_1_86' title="bbox 1892 3208 3478 3291; baseline 0.009 -30"><span class='ocrx_word' id='word_1_694' title='bbox 1892 3208 2242 3277; x_wconf 81' lang='lat' dir='ltr'><strong>spectabant;</strong></span> <span class='ocrx_word' id='word_1_695' title='bbox 2274 3226 2466 3282; x_wconf 89' lang='lat' dir='ltr'><strong>nempe</strong></span> <span class='ocrx_word' id='word_1_696' title='bbox 2491 3214 2633 3283; x_wconf 91' lang='lat' dir='ltr'><strong>quod</strong></span> <span class='ocrx_word' id='word_1_697' title='bbox 2659 3214 2775 3283; x_wconf 86' lang='lat' dir='ltr'><strong>ipse</strong></span> <span class='ocrx_word' id='word_1_698' title='bbox 2805 3216 2922 3273; x_wconf 62' lang='lat' dir='ltr'><strong>haec</strong></span> <span class='ocrx_word' id='word_1_699' title='bbox 2951 3219 3295 3287; x_wconf 90' lang='lat' dir='ltr'><strong>promiserit,</strong></span> <span class='ocrx_word' id='word_1_700' title='bbox 3325 3231 3478 3291; x_wconf 81' lang='lat' dir='ltr'><strong>post-</strong></span> 
     </span>
    </p>
   </div>
   <div class='ocr_carea' id='block_1_87' title="bbox 1891 3301 3481 3378">
    <p class='ocr_par' dir='ltr' id='par_1_87' title="bbox 1891 3301 3481 3378">
     <span class='ocr_line' id='line_1_87' title="bbox 1891 3301 3481 3378; baseline 0.009 -26"><span class='ocrx_word' id='word_1_701' title='bbox 1891 3315 2048 3370; x_wconf 92' lang='lat' dir='ltr'><strong>quam</strong></span> <span class='ocrx_word' id='word_1_702' title='bbox 2075 3301 2363 3357; x_wconf 85' lang='lat' dir='ltr'><strong>crucifixus</strong></span> <span class='ocrx_word' id='word_1_703' title='bbox 2388 3302 2595 3360; x_wconf 86' lang='lat' dir='ltr'><strong>fuerat:</strong></span> <span class='ocrx_word' id='word_1_704' title='bbox 2626 3307 2859 3378; x_wconf 89' lang='lat' dir='ltr'><strong>alioquin</strong></span> <span class='ocrx_word' id='word_1_705' title='bbox 2900 3311 3076 3365; x_wconf 90' lang='lat' dir='ltr'><strong>omnia</strong></span> <span class='ocrx_word' id='word_1_706' title='bbox 3127 3313 3481 3367; x_wconf 58' lang='lat' dir='ltr'><strong>subvertisset</strong></span> 
     </span>
    </p>
   </div>
   <div class='ocr_carea' id='block_1_88' title="bbox 1893 3392 3481 3473">
    <p class='ocr_par' dir='ltr' id='par_1_88' title="bbox 1893 3392 3481 3473">
     <span class='ocr_line' id='line_1_88' title="bbox 1893 3392 3481 3473; baseline 0.009 -27"><span class='ocrx_word' id='word_1_707' title='bbox 1893 3392 2008 3448; x_wconf 72' lang='lat' dir='ltr'><strong>haec</strong></span> <span class='ocrx_word' id='word_1_708' title='bbox 2034 3393 2281 3450; x_wconf 90' lang='lat' dir='ltr'><strong>dicendo.</strong></span> <span class='ocrx_word' id='word_1_709' title='bbox 2308 3397 2469 3467; x_wconf 87' lang='lat' dir='ltr'><strong>Atqui</strong></span> <span class='ocrx_word' id='word_1_710' title='bbox 2515 3408 2785 3469; x_wconf 89' lang='lat' dir='ltr'><strong>poterant,</strong></span> <span class='ocrx_word' id='word_1_711' title='bbox 2819 3402 3026 3472; x_wconf 89' lang='lat' dir='ltr'><strong>inquies</strong></span> <span class='ocrx_word' id='word_1_712' title='bbox 3046 3444 3060 3468; x_wconf 90' lang='lat'><strong>,</strong></span> <span class='ocrx_word' id='word_1_713' title='bbox 3087 3406 3205 3473; x_wconf 91' lang='lat' dir='ltr'><strong>ejus</strong></span> <span class='ocrx_word' id='word_1_714' title='bbox 3229 3406 3481 3463; x_wconf 85' lang='lat' dir='ltr'><strong>divinita-</strong></span> 
     </span>
    </p>
   </div>
   <div class='ocr_carea' id='block_1_89' title="bbox 1896 3488 3476 3561">
    <p class='ocr_par' dir='ltr' id='par_1_89' title="bbox 1896 3488 3476 3561">
     <span class='ocr_line' id='line_1_89' title="bbox 1896 3488 3476 3561; baseline 0.008 -22"><span class='ocrx_word' id='word_1_715' title='bbox 1896 3496 2002 3539; x_wconf 90' lang='lat' dir='ltr'><strong>tem</strong></span> <span class='ocrx_word' id='word_1_716' title='bbox 2049 3488 2356 3544; x_wconf 84' lang='lat' dir='ltr'><strong>ostendere.</strong></span> <span class='ocrx_word' id='word_1_717' title='bbox 2402 3489 2545 3546; x_wconf 85' lang='lat' dir='ltr'><strong>Sane</strong></span> <span class='ocrx_word' id='word_1_718' title='bbox 2591 3493 2843 3561; x_wconf 89' lang='lat' dir='ltr'><strong>quidem,</strong></span> <span class='ocrx_word' id='word_1_719' title='bbox 2875 3496 2917 3549; x_wconf 91' lang='lat' dir='ltr'><strong>si</strong></span> <span class='ocrx_word' id='word_1_720' title='bbox 2966 3496 3166 3551; x_wconf 89' lang='lat' dir='ltr'><strong>credita</strong></span> <span class='ocrx_word' id='word_1_721' title='bbox 3212 3497 3476 3552; x_wconf 86' lang='lat' dir='ltr'><strong>fuissent:</strong></span> 
     </span>
    </p>
   </div>
   <div class='ocr_carea' id='block_1_90' title="bbox 1895 3581 3478 3654">
    <p class='ocr_par' dir='ltr' id='par_1_90' title="bbox 1895 3581 3478 3654">
     <span class='ocr_line' id='line_1_90' title="bbox 1895 3581 3478 3654; baseline 0.008 -21"><span class='ocrx_word' id='word_1_722' title='bbox 1895 3582 2039 3650; x_wconf 92' lang='lat' dir='ltr'><strong>quod</strong></span> <span class='ocrx_word' id='word_1_723' title='bbox 2076 3590 2257 3636; x_wconf 89' lang='lat' dir='ltr'><strong>autem</strong></span> <span class='ocrx_word' id='word_1_724' title='bbox 2302 3581 2410 3651; x_wconf 89' lang='lat' dir='ltr'><strong>jam</strong></span> <span class='ocrx_word' id='word_1_725' title='bbox 2443 3586 2786 3654; x_wconf 63' lang='lat' dir='ltr'><strong>quaerebatur</strong></span> <span class='ocrx_word' id='word_1_726' title='bbox 2815 3629 2830 3653; x_wconf 98' lang='lat'><strong>,</strong></span> <span class='ocrx_word' id='word_1_727' title='bbox 2863 3598 2980 3642; x_wconf 87' lang='lat' dir='ltr'><strong>erat</strong></span> <span class='ocrx_word' id='word_1_728' title='bbox 3006 3598 3063 3643; x_wconf 94' lang='lat' dir='ltr'><strong>ut</strong></span> <span class='ocrx_word' id='word_1_729' title='bbox 3090 3590 3478 3645; x_wconf 83' lang='lat' dir='ltr'><strong>crederentur:</strong></span> 
     </span>
    </p>
   </div>
   <div class='ocr_carea' id='block_1_91' title="bbox 1896 3674 3477 3749">
    <p class='ocr_par' dir='ltr' id='par_1_91' title="bbox 1896 3674 3477 3749">
     <span class='ocr_line' id='line_1_91' title="bbox 1896 3674 3477 3749; baseline 0.006 -22"><span class='ocrx_word' id='word_1_730' title='bbox 1896 3688 2003 3727; x_wconf 90' lang='lat' dir='ltr'><strong>non</strong></span> <span class='ocrx_word' id='word_1_731' title='bbox 2031 3674 2234 3728; x_wconf 86' lang='lat' dir='ltr'><strong>credita</strong></span> <span class='ocrx_word' id='word_1_732' title='bbox 2262 3686 2441 3731; x_wconf 89' lang='lat' dir='ltr'><strong>autem</strong></span> <span class='ocrx_word' id='word_1_733' title='bbox 2468 3677 2519 3731; x_wconf 93' lang='lat' dir='ltr'><strong>id</strong></span> <span class='ocrx_word' id='word_1_734' title='bbox 2547 3677 2869 3744; x_wconf 71' lang='lat' dir='ltr'><strong>effecissent,</strong></span> <span class='ocrx_word' id='word_1_735' title='bbox 2897 3690 2951 3733; x_wconf 92' lang='lat' dir='ltr'><strong>ut</strong></span> <span class='ocrx_word' id='word_1_736' title='bbox 2977 3680 3053 3735; x_wconf 91' lang='lat' dir='ltr'><strong>illi</strong></span> <span class='ocrx_word' id='word_1_737' title='bbox 3088 3682 3477 3749; x_wconf 86' lang='lat' dir='ltr'><strong>lapidarentnr.</strong></span> 
     </span>
    </p>
   </div>
   <div class='ocr_carea' id='block_1_92' title="bbox 1898 3763 3484 3840">
    <p class='ocr_par' dir='ltr' id='par_1_92' title="bbox 1898 3763 3484 3840">
     <span class='ocr_line' id='line_1_92' title="bbox 1898 3763 3484 3840; baseline 0.009 -24"><span class='ocrx_word' id='word_1_738' title='bbox 1898 3763 2180 3831; x_wconf 73' lang='lat' dir='ltr'><strong>Eﬂ&#39;undam</strong></span> <span class='ocrx_word' id='word_1_739' title='bbox 2207 3767 2270 3820; x_wconf 84' lang='lat' dir='ltr'><strong>de</strong></span> <span class='ocrx_word' id='word_1_740' title='bbox 2298 3767 2497 3837; x_wconf 85' lang='lat' dir='ltr'><strong>Spiritu</strong></span> <span class='ocrx_word' id='word_1_741' title='bbox 2542 3786 2650 3823; x_wconf 88' lang='lat' dir='ltr'><strong>meo</strong></span> <span class='ocrx_word' id='word_1_742' title='bbox 2678 3788 2828 3840; x_wconf 86' lang='lat' dir='ltr'><strong>super</strong></span> <span class='ocrx_word' id='word_1_743' title='bbox 2875 3789 3074 3827; x_wconf 86' lang='lat' dir='ltr'><strong>onmem</strong></span> <span class='ocrx_word' id='word_1_744' title='bbox 3117 3791 3338 3829; x_wconf 85' lang='lat' dir='ltr'><strong>carnem.</strong></span> <span class='ocrx_word' id='word_1_745' title='bbox 3388 3777 3484 3831; x_wconf 87' lang='lat' dir='ltr'><strong>Dat</strong></span> 
     </span>
    </p>
   </div>
   <div class='ocr_carea' id='block_1_93' title="bbox 1898 3859 3484 3932">
    <p class='ocr_par' dir='ltr' id='par_1_93' title="bbox 1898 3859 3484 3932">
     <span class='ocr_line' id='line_1_93' title="bbox 1898 3859 3484 3932; baseline 0.005 -19"><span class='ocrx_word' id='word_1_746' title='bbox 1898 3859 2005 3913; x_wconf 89' lang='lat' dir='ltr'><strong>illis</strong></span> <span class='ocrx_word' id='word_1_747' title='bbox 2031 3874 2244 3928; x_wconf 89' lang='lat' dir='ltr'><strong>quoque</strong></span> <span class='ocrx_word' id='word_1_748' title='bbox 2269 3875 2418 3929; x_wconf 71' lang='lat' dir='ltr'><strong>spem</strong></span> <span class='ocrx_word' id='word_1_749' title='bbox 2442 3861 2655 3927; x_wconf 91' lang='lat' dir='ltr'><strong>bonam,</strong></span> <span class='ocrx_word' id='word_1_750' title='bbox 2680 3863 2724 3917; x_wconf 89' lang='lat' dir='ltr'><strong>si</strong></span> <span class='ocrx_word' id='word_1_751' title='bbox 2756 3864 2968 3932; x_wconf 89' lang='lat' dir='ltr'><strong>quidem</strong></span> <span class='ocrx_word' id='word_1_752' title='bbox 2995 3864 3178 3920; x_wconf 90' lang='lat' dir='ltr'><strong>velint.</strong></span> <span class='ocrx_word' id='word_1_753' title='bbox 3221 3865 3328 3921; x_wconf 87' lang='lat' dir='ltr'><strong>Nec</strong></span> <span class='ocrx_word' id='word_1_754' title='bbox 3354 3867 3484 3922; x_wconf 92' lang='lat' dir='ltr'><strong>sinit</strong></span> 
     </span>
    </p>
   </div>
   <div class='ocr_carea' id='block_1_94' title="bbox 1899 3952 3479 4027">
    <p class='ocr_par' dir='ltr' id='par_1_94' title="bbox 1899 3952 3479 4027">
     <span class='ocr_line' id='line_1_94' title="bbox 1899 3952 3479 4027; baseline 0.004 -20"><span class='ocrx_word' id='word_1_755' title='bbox 1899 3952 2020 4007; x_wconf 91' lang='lat' dir='ltr'><strong>illos</strong></span> <span class='ocrx_word' id='word_1_756' title='bbox 2044 3953 2245 4021; x_wconf 90' lang='lat' dir='ltr'><strong>majore</strong></span> <span class='ocrx_word' id='word_1_757' title='bbox 2274 3954 2428 4023; x_wconf 88' lang='lat' dir='ltr'><strong>copia</strong></span> <span class='ocrx_word' id='word_1_758' title='bbox 2455 3954 2579 4017; x_wconf 86' lang='lat' dir='ltr'><strong>frui,</strong></span> <span class='ocrx_word' id='word_1_759' title='bbox 2613 3956 2756 4024; x_wconf 91' lang='lat' dir='ltr'><strong>quod</strong></span> <span class='ocrx_word' id='word_1_760' title='bbox 2785 3957 3005 4011; x_wconf 87' lang='lat' dir='ltr'><strong>livorem</strong></span> <span class='ocrx_word' id='word_1_761' title='bbox 3035 3961 3364 4027; x_wconf 87' lang='lat' dir='ltr'><strong>peperisset,</strong></span> <span class='ocrx_word' id='word_1_762' title='bbox 3393 3969 3479 4014; x_wconf 87' lang='lat' dir='ltr'><strong>at-</strong></span> 
     </span>
    </p>
   </div>
   <div class='ocr_carea' id='block_1_95' title="bbox 1899 4042 3479 4121">
    <p class='ocr_par' dir='ltr' id='par_1_95' title="bbox 1899 4042 3479 4121">
     <span class='ocr_line' id='line_1_95' title="bbox 1899 4042 3479 4121; baseline 0.005 -24"><span class='ocrx_word' id='word_1_763' title='bbox 1899 4059 2005 4113; x_wconf 87' lang='lat' dir='ltr'><strong>que</strong></span> <span class='ocrx_word' id='word_1_764' title='bbox 2042 4042 2167 4097; x_wconf 91' lang='lat' dir='ltr'><strong>hinc</strong></span> <span class='ocrx_word' id='word_1_765' title='bbox 2191 4044 2443 4099; x_wconf 90' lang='lat' dir='ltr'><strong>invidiam</strong></span> <span class='ocrx_word' id='word_1_766' title='bbox 2471 4046 2716 4101; x_wconf 91' lang='lat' dir='ltr'><strong>succidit.</strong></span> <span class='ocrx_word' id='word_1_767' title='bbox 2752 4047 2819 4100; x_wconf 83' lang='lat' dir='ltr'><strong>Et</strong></span> <span class='ocrx_word' id='word_1_768' title='bbox 2852 4049 3243 4119; x_wconf 80' lang='lat' dir='ltr'><strong>prop/tetabunt,</strong></span> <span class='ocrx_word' id='word_1_769' title='bbox 3267 4052 3479 4121; x_wconf 90' lang='lat' dir='ltr'><strong>inquit,</strong></span> 
     </span>
    </p>
   </div>
   <div class='ocr_carea' id='block_1_96' title="bbox 1902 4134 3485 4211">
    <p class='ocr_par' dir='ltr' id='par_1_96' title="bbox 1902 4134 3485 4211">
     <span class='ocr_line' id='line_1_96' title="bbox 1902 4134 3485 4211; baseline 0.006 -23"><span class='ocrx_word' id='word_1_770' title='bbox 1902 4135 1998 4204; x_wconf 79' lang='lat' dir='ltr'><strong>ﬁlii</strong></span> <span class='ocrx_word' id='word_1_771' title='bbox 2027 4135 2197 4188; x_wconf 83' lang='lat' dir='ltr'><strong>vestri.</strong></span> <span class='ocrx_word' id='word_1_772' title='bbox 2232 4134 2349 4189; x_wconf 87' lang='lat' dir='ltr'><strong>Non</strong></span> <span class='ocrx_word' id='word_1_773' title='bbox 2390 4150 2561 4192; x_wconf 76' lang='lat' dir='ltr'><strong>vesn-a</strong></span> <span class='ocrx_word' id='word_1_774' title='bbox 2591 4148 2673 4193; x_wconf 90' lang='lat' dir='ltr'><strong>est</strong></span> <span class='ocrx_word' id='word_1_775' title='bbox 2704 4139 2818 4195; x_wconf 70' lang='lat' dir='ltr'><strong>hmc</strong></span> <span class='ocrx_word' id='word_1_776' title='bbox 2862 4154 2948 4194; x_wconf 91' lang='lat' dir='ltr'><strong>res</strong></span> <span class='ocrx_word' id='word_1_777' title='bbox 2979 4142 3231 4211; x_wconf 68' lang='lat' dir='ltr'><strong>prmclara</strong></span> <span class='ocrx_word' id='word_1_778' title='bbox 3257 4183 3273 4209; x_wconf 90' lang='lat'><strong>,</strong></span> <span class='ocrx_word' id='word_1_779' title='bbox 3310 4158 3485 4210; x_wconf 88' lang='lat' dir='ltr'><strong>neque</strong></span> 
     </span>
    </p>
   </div>
   <div class='ocr_carea' id='block_1_97' title="bbox 1901 4226 3490 4302">
    <p class='ocr_par' dir='ltr' id='par_1_97' title="bbox 1901 4226 3490 4302">
     <span class='ocr_line' id='line_1_97' title="bbox 1901 4226 3490 4302; baseline 0.005 -23"><span class='ocrx_word' id='word_1_780' title='bbox 1901 4236 2077 4281; x_wconf 84' lang='lat' dir='ltr'><strong>vestra</strong></span> <span class='ocrx_word' id='word_1_781' title='bbox 2108 4226 2261 4293; x_wconf 89' lang='lat' dir='ltr'><strong>laus;</strong></span> <span class='ocrx_word' id='word_1_782' title='bbox 2288 4227 2381 4281; x_wconf 92' lang='lat' dir='ltr'><strong>sed</strong></span> <span class='ocrx_word' id='word_1_783' title='bbox 2413 4228 2480 4282; x_wconf 89' lang='lat' dir='ltr'><strong>ad</strong></span> <span class='ocrx_word' id='word_1_784' title='bbox 2523 4228 2660 4283; x_wconf 87' lang='lat' dir='ltr'><strong>filios</strong></span> <span class='ocrx_word' id='word_1_785' title='bbox 2688 4240 2899 4285; x_wconf 90' lang='lat' dir='ltr'><strong>vestros</strong></span> <span class='ocrx_word' id='word_1_786' title='bbox 2924 4232 3091 4302; x_wconf 88' lang='lat' dir='ltr'><strong>gratia</strong></span> <span class='ocrx_word' id='word_1_787' title='bbox 3122 4234 3349 4287; x_wconf 84' lang='lat' dir='ltr'><strong>transiit.</strong></span> <span class='ocrx_word' id='word_1_788' title='bbox 3401 4236 3490 4287; x_wconf 80' lang='lat' dir='ltr'><strong>Di-</strong></span> 
     </span>
    </p>
   </div>
   <div class='ocr_carea' id='block_1_98' title="bbox 1903 4319 3488 4397">
    <p class='ocr_par' dir='ltr' id='par_1_98' title="bbox 1903 4319 3488 4397">
     <span class='ocr_line' id='line_1_98' title="bbox 1903 4319 3488 4397; baseline 0.005 -25"><span class='ocrx_word' id='word_1_789' title='bbox 1903 4319 2141 4388; x_wconf 90' lang='lat' dir='ltr'><strong>scipulos</strong></span> <span class='ocrx_word' id='word_1_790' title='bbox 2169 4329 2324 4374; x_wconf 83' lang='lat' dir='ltr'><strong>vocat</strong></span> <span class='ocrx_word' id='word_1_791' title='bbox 2350 4320 2485 4374; x_wconf 84' lang='lat' dir='ltr'><strong>filios</strong></span> <span class='ocrx_word' id='word_1_792' title='bbox 2506 4362 2521 4384; x_wconf 91' lang='lat'><strong>,</strong></span> <span class='ocrx_word' id='word_1_793' title='bbox 2553 4332 2608 4375; x_wconf 92' lang='lat' dir='ltr'><strong>et</strong></span> <span class='ocrx_word' id='word_1_794' title='bbox 2636 4322 2753 4377; x_wconf 91' lang='lat' dir='ltr'><strong>illos</strong></span> <span class='ocrx_word' id='word_1_795' title='bbox 2785 4333 2982 4393; x_wconf 86' lang='lat' dir='ltr'><strong>patres.</strong></span> <span class='ocrx_word' id='word_1_796' title='bbox 3014 4323 3080 4378; x_wconf 84' lang='lat' dir='ltr'><strong>Et</strong></span> <span class='ocrx_word' id='word_1_797' title='bbox 3104 4326 3315 4397; x_wconf 84' lang='lat' dir='ltr'><strong>juvenes</strong></span> <span class='ocrx_word' id='word_1_798' title='bbox 3339 4327 3488 4381; x_wconf 79' lang='lat' dir='ltr'><strong>vestri</strong></span> 
     </span>
    </p>
   </div>
   <div class='ocr_carea' id='block_1_99' title="bbox 1905 4410 3490 4482">
    <p class='ocr_par' dir='ltr' id='par_1_99' title="bbox 1905 4410 3490 4482">
     <span class='ocr_line' id='line_1_99' title="bbox 1905 4410 3490 4482; baseline 0.005 -19"><span class='ocrx_word' id='word_1_799' title='bbox 1905 4410 2118 4465; x_wconf 84' lang='lat' dir='ltr'><strong>visiones</strong></span> <span class='ocrx_word' id='word_1_800' title='bbox 2142 4411 2397 4479; x_wconf 84' lang='lat' dir='ltr'><strong>videbunt,</strong></span> <span class='ocrx_word' id='word_1_801' title='bbox 2418 4423 2464 4465; x_wconf 89' lang='lat' dir='ltr'><strong>et</strong></span> <span class='ocrx_word' id='word_1_802' title='bbox 2490 4414 2707 4468; x_wconf 86' lang='lat' dir='ltr'><strong>seniores</strong></span> <span class='ocrx_word' id='word_1_803' title='bbox 2737 4415 2885 4469; x_wconf 87' lang='lat' dir='ltr'><strong>vestri</strong></span> <span class='ocrx_word' id='word_1_804' title='bbox 2913 4417 3110 4470; x_wconf 87' lang='lat' dir='ltr'><strong>somnia</strong></span> <span class='ocrx_word' id='word_1_805' title='bbox 3137 4419 3490 4482; x_wconf 85' lang='lat' dir='ltr'><strong>somniabunt;</strong></span> 
     </span>
    </p>
   </div>
   <div class='ocr_carea' id='block_1_100' title="bbox 1906 4501 3488 4577">
    <p class='ocr_par' dir='ltr' id='par_1_100' title="bbox 1906 4501 3488 4577">
     <span class='ocr_line' id='line_1_100' title="bbox 1906 4501 3488 4577; baseline 0.006 -22"><span class='ocrx_word' id='word_1_806' title='bbox 1906 4501 1996 4555; x_wconf 85' lang='grc'><strong>18.</strong></span> <span class='ocrx_word' id='word_1_807' title='bbox 2014 4510 2061 4553; x_wconf 84' lang='lat' dir='ltr'><strong>et</strong></span> <span class='ocrx_word' id='word_1_808' title='bbox 2086 4501 2289 4571; x_wconf 86' lang='lat' dir='ltr'><strong>quidem</strong></span> <span class='ocrx_word' id='word_1_809' title='bbox 2316 4519 2469 4572; x_wconf 84' lang='lat' dir='ltr'><strong>super</strong></span> <span class='ocrx_word' id='word_1_810' title='bbox 2493 4521 2659 4558; x_wconf 89' lang='lat' dir='ltr'><strong>servos</strong></span> <span class='ocrx_word' id='word_1_811' title='bbox 2684 4522 2817 4558; x_wconf 88' lang='lat' dir='ltr'><strong>meos</strong></span> <span class='ocrx_word' id='word_1_812' title='bbox 2856 4517 2901 4559; x_wconf 86' lang='lat' dir='ltr'><strong>et</strong></span> <span class='ocrx_word' id='word_1_813' title='bbox 2928 4524 3079 4577; x_wconf 83' lang='lat' dir='ltr'><strong>super</strong></span> <span class='ocrx_word' id='word_1_814' title='bbox 3106 4509 3320 4563; x_wconf 84' lang='lat' dir='ltr'><strong>ancillas</strong></span> <span class='ocrx_word' id='word_1_815' title='bbox 3352 4527 3488 4564; x_wconf 71' lang='grc' dir='ltr'><strong>τηεσε</strong></span> 
     </span>
    </p>
   </div>
   <div class='ocr_carea' id='block_1_101' title="bbox 1904 4591 3491 4669">
    <p class='ocr_par' dir='ltr' id='par_1_101' title="bbox 1904 4591 3491 4669">
     <span class='ocr_line' id='line_1_101' title="bbox 1904 4591 3491 4669; baseline 0.007 -26"><span class='ocrx_word' id='word_1_816' title='bbox 1904 4591 1959 4645; x_wconf 88' lang='lat' dir='ltr'><strong>in</strong></span> <span class='ocrx_word' id='word_1_817' title='bbox 1985 4591 2157 4645; x_wconf 88' lang='lat' dir='ltr'><strong>diebus</strong></span> <span class='ocrx_word' id='word_1_818' title='bbox 2186 4592 2287 4645; x_wconf 87' lang='lat' dir='ltr'><strong>illis</strong></span> <span class='ocrx_word' id='word_1_819' title='bbox 2314 4591 2570 4659; x_wconf 74' lang='lat' dir='ltr'><strong>effundam</strong></span> <span class='ocrx_word' id='word_1_820' title='bbox 2590 4594 2652 4647; x_wconf 86' lang='lat' dir='ltr'><strong>de</strong></span> <span class='ocrx_word' id='word_1_821' title='bbox 2670 4595 2866 4665; x_wconf 88' lang='lat' dir='ltr'><strong>Spiritu</strong></span> <span class='ocrx_word' id='word_1_822' title='bbox 2884 4609 3071 4663; x_wconf 85' lang='lat' dir='ltr'><strong>meo,et</strong></span> <span class='ocrx_word' id='word_1_823' title='bbox 3100 4599 3491 4669; x_wconf 81' lang='lat' dir='ltr'><strong>prop/tetabunt.</strong></span> 
     </span>
    </p>
   </div>
   <div class='ocr_carea' id='block_1_102' title="bbox 1909 4682 3473 4761">
    <p class='ocr_par' dir='ltr' id='par_1_102' title="bbox 1909 4682 3473 4761">
     <span class='ocr_line' id='line_1_102' title="bbox 1909 4682 3473 4761; baseline 0.011 -25"><span class='ocrx_word' id='word_1_824' title='bbox 1909 4682 2123 4738; x_wconf 91' lang='lat' dir='ltr'><strong>Interim</strong></span> <span class='ocrx_word' id='word_1_825' title='bbox 2153 4685 2385 4738; x_wconf 83' lang='lat' dir='ltr'><strong>ostendit</strong></span> <span class='ocrx_word' id='word_1_826' title='bbox 2416 4701 2472 4740; x_wconf 87' lang='lat' dir='ltr'><strong>se</strong></span> <span class='ocrx_word' id='word_1_827' title='bbox 2500 4687 2748 4755; x_wconf 87' lang='lat' dir='ltr'><strong>probatos</strong></span> <span class='ocrx_word' id='word_1_828' title='bbox 2777 4704 2929 4757; x_wconf 87' lang='lat' dir='ltr'><strong>esse,</strong></span> <span class='ocrx_word' id='word_1_829' title='bbox 2959 4699 3143 4760; x_wconf 88' lang='lat' dir='ltr'><strong>utpote</strong></span> <span class='ocrx_word' id='word_1_830' title='bbox 3169 4693 3259 4761; x_wconf 91' lang='lat' dir='ltr'><strong>qui</strong></span> <span class='ocrx_word' id='word_1_831' title='bbox 3289 4692 3473 4761; x_wconf 75' lang='lat' dir='ltr'><strong>Spiritu</strong></span> 
     </span>
    </p>
   </div>
   <div class='ocr_carea' id='block_1_103' title="bbox 1910 4775 3489 4852">
    <p class='ocr_par' dir='ltr' id='par_1_103' title="bbox 1910 4775 3489 4852">
     <span class='ocr_line' id='line_1_103' title="bbox 1910 4775 3489 4852; baseline 0.003 -21"><span class='ocrx_word' id='word_1_832' title='bbox 1910 4785 2096 4831; x_wconf 90' lang='lat' dir='ltr'><strong>essent</strong></span> <span class='ocrx_word' id='word_1_833' title='bbox 2124 4775 2325 4846; x_wconf 89' lang='lat' dir='ltr'><strong>dignati</strong></span> <span class='ocrx_word' id='word_1_834' title='bbox 2359 4793 2373 4841; x_wconf 90' lang='lat'><strong>;</strong></span> <span class='ocrx_word' id='word_1_835' title='bbox 2406 4777 2526 4831; x_wconf 91' lang='lat' dir='ltr'><strong>illos</strong></span> <span class='ocrx_word' id='word_1_836' title='bbox 2553 4794 2678 4833; x_wconf 78' lang='lat' dir='ltr'><strong>vero</strong></span> <span class='ocrx_word' id='word_1_837' title='bbox 2701 4780 2920 4835; x_wconf 88' lang='lat' dir='ltr'><strong>minime</strong></span> <span class='ocrx_word' id='word_1_838' title='bbox 2953 4822 2966 4843; x_wconf 88' lang='lat'><strong>,</strong></span> <span class='ocrx_word' id='word_1_839' title='bbox 3001 4790 3185 4851; x_wconf 91' lang='lat' dir='ltr'><strong>utpote</strong></span> <span class='ocrx_word' id='word_1_840' title='bbox 3217 4783 3308 4852; x_wconf 90' lang='lat' dir='ltr'><strong>qui</strong></span> <span class='ocrx_word' id='word_1_841' title='bbox 3333 4782 3489 4836; x_wconf 79' lang='lat' dir='ltr'><strong>Chri-</strong></span> 
     </span>
    </p>
   </div>
   <div class='ocr_carea' id='block_1_104' title="bbox 1912 4868 3494 4931">
    <p class='ocr_par' dir='ltr' id='par_1_104' title="bbox 1912 4868 3494 4931">
     <span class='ocr_line' id='line_1_104' title="bbox 1912 4868 3494 4931; baseline 0.004 -10"><span class='ocrx_word' id='word_1_842' title='bbox 1912 4878 2050 4921; x_wconf 88' lang='lat' dir='ltr'><strong>stum</strong></span> <span class='ocrx_word' id='word_1_843' title='bbox 2074 4868 2485 4924; x_wconf 86' lang='lat' dir='ltr'><strong>crucifixisscnt.</strong></span> <span class='ocrx_word' id='word_1_844' title='bbox 2520 4869 2644 4924; x_wconf 90' lang='lat' dir='ltr'><strong>Ideo</strong></span> <span class='ocrx_word' id='word_1_845' title='bbox 2669 4881 2723 4926; x_wconf 89' lang='lat' dir='ltr'><strong>et</strong></span> <span class='ocrx_word' id='word_1_846' title='bbox 2750 4869 2994 4925; x_wconf 66' lang='lat' dir='ltr'><strong>Christus</strong></span> <span class='ocrx_word' id='word_1_847' title='bbox 3018 4882 3073 4925; x_wconf 91' lang='lat' dir='ltr'><strong>ut</strong></span> <span class='ocrx_word' id='word_1_848' title='bbox 3102 4872 3314 4927; x_wconf 90' lang='lat' dir='ltr'><strong>illorum</strong></span> <span class='ocrx_word' id='word_1_849' title='bbox 3348 4874 3494 4931; x_wconf 85' lang='lat' dir='ltr'><strong>luro-</strong></span> 
     </span>
    </p>
   </div>
   <div class='ocr_carea' id='block_1_105' title="bbox 1912 4958 3493 5036">
    <p class='ocr_par' dir='ltr' id='par_1_105' title="bbox 1912 4958 3493 5036">
     <span class='ocr_line' id='line_1_105' title="bbox 1912 4958 3493 5036; baseline 0.003 -22"><span class='ocrx_word' id='word_1_850' title='bbox 1912 4974 2027 5014; x_wconf 89' lang='lat' dir='ltr'><strong>rem</strong></span> <span class='ocrx_word' id='word_1_851' title='bbox 2056 4958 2270 5014; x_wconf 89' lang='lat' dir='ltr'><strong>sedaret</strong></span> <span class='ocrx_word' id='word_1_852' title='bbox 2297 5001 2311 5023; x_wconf 89' lang='lat'><strong>,</strong></span> <span class='ocrx_word' id='word_1_853' title='bbox 2368 4960 2579 5015; x_wconf 81' lang='lat' dir='ltr'><strong>dicebat</strong></span> <span class='ocrx_word' id='word_1_854' title='bbox 2608 4981 2620 5015; x_wconf 91' lang='lat'><strong>:</strong></span> <span class='ocrx_word' id='word_1_855' title='bbox 2655 4961 2780 5015; x_wconf 81' lang='lat' dir='ltr'><strong>Filii</strong></span> <span class='ocrx_word' id='word_1_856' title='bbox 2819 4973 2984 5014; x_wconf 85' lang='lat' dir='ltr'><strong>autem</strong></span> <span class='ocrx_word' id='word_1_857' title='bbox 3011 4965 3159 5017; x_wconf 85' lang='lat' dir='ltr'><strong>vestri</strong></span> <span class='ocrx_word' id='word_1_858' title='bbox 3188 4965 3240 5018; x_wconf 90' lang='lat' dir='ltr'><strong>in</strong></span> <span class='ocrx_word' id='word_1_859' title='bbox 3267 4981 3366 5036; x_wconf 87' lang='lat' dir='ltr'><strong>quo</strong></span> <span class='ocrx_word' id='word_1_860' title='bbox 3395 4966 3493 5035; x_wconf 85' lang='lat' dir='ltr'><strong>eji-</strong></span> 
     </span>
    </p>
   </div>
   <div class='ocr_carea' id='block_1_106' title="bbox 1915 5053 3497 5132">
    <p class='ocr_par' dir='ltr' id='par_1_106' title="bbox 1915 5053 3497 5132">
     <span class='ocr_line' id='line_1_106' title="bbox 1915 5053 3497 5132; baseline 0.006 -26"><span class='ocrx_word' id='word_1_861' title='bbox 1915 5054 2052 5106; x_wconf 82' lang='lat' dir='ltr'><strong>ciunt</strong></span> <span class='ocrx_word' id='word_1_862' title='bbox 2078 5053 2327 5107; x_wconf 78' lang='lat' dir='ltr'><strong>dwnwnia</strong></span> <span class='ocrx_word' id='word_1_863' title='bbox 2372 5053 2585 5125; x_wconf 77' lang='lat' dir='ltr'><strong>(Matth.</strong></span> <span class='ocrx_word' id='word_1_864' title='bbox 2616 5054 2700 5108; x_wconf 71' lang='grc'><strong>19..</strong></span> <span class='ocrx_word' id='word_1_865' title='bbox 2728 5055 2819 5123; x_wconf 65' lang='grc' dir='ltr'><strong>ΞἹ)</strong></span> <span class='ocrx_word' id='word_1_866' title='bbox 2845 5056 2867 5109; x_wconf 87' lang='lat'><strong>?</strong></span> <span class='ocrx_word' id='word_1_867' title='bbox 2896 5056 3009 5111; x_wconf 86' lang='lat' dir='ltr'><strong>Non</strong></span> <span class='ocrx_word' id='word_1_868' title='bbox 3035 5057 3167 5112; x_wconf 81' lang='lat' dir='ltr'><strong>dixit</strong></span> <span class='ocrx_word' id='word_1_869' title='bbox 3200 5102 3214 5126; x_wconf 97' lang='lat'><strong>,</strong></span> <span class='ocrx_word' id='word_1_870' title='bbox 3245 5060 3497 5132; x_wconf 85' lang='lat' dir='ltr'><strong>Discipuli</strong></span> 
     </span>
    </p>
   </div>
   <div class='ocr_carea' id='block_1_107' title="bbox 1917 5144 3496 5218">
    <p class='ocr_par' dir='ltr' id='par_1_107' title="bbox 1917 5144 3496 5218">
     <span class='ocr_line' id='line_1_107' title="bbox 1917 5144 3496 5218; baseline 0.007 -20"><span class='ocrx_word' id='word_1_871' title='bbox 1917 5144 2021 5198; x_wconf 90' lang='lat' dir='ltr'><strong>mei</strong></span> <span class='ocrx_word' id='word_1_872' title='bbox 2049 5161 2063 5211; x_wconf 92' lang='lat'><strong>;</strong></span> <span class='ocrx_word' id='word_1_873' title='bbox 2116 5160 2238 5198; x_wconf 90' lang='lat' dir='ltr'><strong>nam</strong></span> <span class='ocrx_word' id='word_1_874' title='bbox 2270 5145 2371 5199; x_wconf 91' lang='lat' dir='ltr'><strong>sibi</strong></span> <span class='ocrx_word' id='word_1_875' title='bbox 2402 5146 2704 5201; x_wconf 87' lang='lat' dir='ltr'><strong>adulantem</strong></span> <span class='ocrx_word' id='word_1_876' title='bbox 2735 5148 3017 5218; x_wconf 81' lang='lat' dir='ltr'><strong>sapuisset.</strong></span> <span class='ocrx_word' id='word_1_877' title='bbox 3045 5150 3134 5207; x_wconf 89' lang='lat' dir='ltr'><strong>Sic</strong></span> <span class='ocrx_word' id='word_1_878' title='bbox 3164 5153 3253 5208; x_wconf 91' lang='lat' dir='ltr'><strong>ille</strong></span> <span class='ocrx_word' id='word_1_879' title='bbox 3284 5169 3388 5209; x_wconf 91' lang='lat' dir='ltr'><strong>non</strong></span> <span class='ocrx_word' id='word_1_880' title='bbox 3416 5155 3496 5209; x_wconf 90' lang='lat' dir='ltr'><strong>di-</strong></span> 
     </span>
    </p>
   </div>
   <div class='ocr_carea' id='block_1_108' title="bbox 1920 5235 3493 5315">
    <p class='ocr_par' dir='ltr' id='par_1_108' title="bbox 1920 5235 3493 5315">
     <span class='ocr_line' id='line_1_108' title="bbox 1920 5235 3493 5315; baseline 0.007 -26"><span class='ocrx_word' id='word_1_881' title='bbox 1920 5235 2002 5289; x_wconf 83' lang='lat' dir='ltr'><strong>xit</strong></span> <span class='ocrx_word' id='word_1_882' title='bbox 2032 5276 2045 5299; x_wconf 89' lang='lat'><strong>,</strong></span> <span class='ocrx_word' id='word_1_883' title='bbox 2080 5235 2226 5303; x_wconf 91' lang='lat' dir='ltr'><strong>ipsos</strong></span> <span class='ocrx_word' id='word_1_884' title='bbox 2272 5252 2375 5288; x_wconf 92' lang='lat' dir='ltr'><strong>non</strong></span> <span class='ocrx_word' id='word_1_885' title='bbox 2405 5237 2584 5290; x_wconf 86' lang='lat' dir='ltr'><strong>ebrios</strong></span> <span class='ocrx_word' id='word_1_886' title='bbox 2614 5252 2735 5292; x_wconf 91' lang='lat' dir='ltr'><strong>esse</strong></span> <span class='ocrx_word' id='word_1_887' title='bbox 2765 5280 2780 5300; x_wconf 83' lang='lat'><strong>,</strong></span> <span class='ocrx_word' id='word_1_888' title='bbox 2833 5240 2925 5293; x_wconf 87' lang='lat' dir='ltr'><strong>sed</strong></span> <span class='ocrx_word' id='word_1_889' title='bbox 2954 5257 3018 5295; x_wconf 84' lang='lat' dir='ltr'><strong>ex</strong></span> <span class='ocrx_word' id='word_1_890' title='bbox 3051 5242 3253 5311; x_wconf 89' lang='lat' dir='ltr'><strong>Spiritu</strong></span> <span class='ocrx_word' id='word_1_891' title='bbox 3301 5245 3443 5315; x_wconf 87' lang='lat' dir='ltr'><strong>loqui</strong></span> <span class='ocrx_word' id='word_1_892' title='bbox 3480 5264 3493 5300; x_wconf 92' lang='lat'><strong>:</strong></span> 
     </span>
    </p>
   </div>
   <div class='ocr_carea' id='block_1_109' title="bbox 1919 5325 3497 5406">
    <p class='ocr_par' dir='ltr' id='par_1_109' title="bbox 1919 5325 3497 5406">
     <span class='ocr_line' id='line_1_109' title="bbox 1919 5325 3497 5406; baseline 0.006 -26"><span class='ocrx_word' id='word_1_893' title='bbox 1919 5341 2095 5396; x_wconf 90' lang='lat' dir='ltr'><strong>neque</strong></span> <span class='ocrx_word' id='word_1_894' title='bbox 2118 5325 2244 5380; x_wconf 84' lang='lat' dir='ltr'><strong>illud</strong></span> <span class='ocrx_word' id='word_1_895' title='bbox 2268 5326 2582 5394; x_wconf 86' lang='lat' dir='ltr'><strong>simpliciter</strong></span> <span class='ocrx_word' id='word_1_896' title='bbox 2607 5370 2622 5394; x_wconf 90' lang='lat'><strong>,</strong></span> <span class='ocrx_word' id='word_1_897' title='bbox 2655 5329 2747 5384; x_wconf 86' lang='lat' dir='ltr'><strong>sed</strong></span> <span class='ocrx_word' id='word_1_898' title='bbox 2776 5329 2842 5385; x_wconf 86' lang='lat' dir='ltr'><strong>ad</strong></span> <span class='ocrx_word' id='word_1_899' title='bbox 2870 5333 3181 5402; x_wconf 82' lang='lat' dir='ltr'><strong>prephetam</strong></span> <span class='ocrx_word' id='word_1_900' title='bbox 3208 5335 3449 5406; x_wconf 86' lang='lat' dir='ltr'><strong>confugit</strong></span> <span class='ocrx_word' id='word_1_901' title='bbox 3478 5376 3497 5405; x_wconf 88' lang='lat'><strong>,</strong></span> 
     </span>
    </p>
   </div>
   <div class='ocr_carea' id='block_1_110' title="bbox 1920 5426 3501 5502">
    <p class='ocr_par' dir='ltr' id='par_1_110' title="bbox 1920 5426 3501 5502">
     <span class='ocr_line' id='line_1_110' title="bbox 1920 5426 3501 5502; baseline 0.004 -21"><span class='ocrx_word' id='word_1_902' title='bbox 1920 5438 1975 5482; x_wconf 89' lang='lat' dir='ltr'><strong>et</strong></span> <span class='ocrx_word' id='word_1_903' title='bbox 2006 5428 2097 5481; x_wconf 90' lang='lat' dir='ltr'><strong>illo</strong></span> <span class='ocrx_word' id='word_1_904' title='bbox 2129 5430 2294 5481; x_wconf 81' lang='lat' dir='ltr'><strong>fretus</strong></span> <span class='ocrx_word' id='word_1_905' title='bbox 2322 5426 2531 5481; x_wconf 87' lang='lat' dir='ltr'><strong>fortiter</strong></span> <span class='ocrx_word' id='word_1_906' title='bbox 2556 5431 2684 5500; x_wconf 89' lang='lat' dir='ltr'><strong>agit.</strong></span> <span class='ocrx_word' id='word_1_907' title='bbox 2714 5430 2802 5485; x_wconf 90' lang='lat' dir='ltr'><strong>Sic</strong></span> <span class='ocrx_word' id='word_1_908' title='bbox 2831 5446 2926 5500; x_wconf 88' lang='lat' dir='ltr'><strong>per</strong></span> <span class='ocrx_word' id='word_1_909' title='bbox 2953 5447 3011 5487; x_wconf 91' lang='lat' dir='ltr'><strong>se</strong></span> <span class='ocrx_word' id='word_1_910' title='bbox 3045 5432 3260 5502; x_wconf 90' lang='lat' dir='ltr'><strong>quidem</strong></span> <span class='ocrx_word' id='word_1_911' title='bbox 3290 5434 3407 5488; x_wconf 86' lang='lat' dir='ltr'><strong>illos</strong></span> <span class='ocrx_word' id='word_1_912' title='bbox 3432 5436 3501 5487; x_wconf 87' lang='lat' dir='ltr'><strong>ab</strong></span> 
     </span>
    </p>
   </div>
   <div class='ocr_carea' id='block_1_111' title="bbox 1922 5518 3500 5592">
    <p class='ocr_par' dir='ltr' id='par_1_111' title="bbox 1922 5518 3500 5592">
     <span class='ocr_line' id='line_1_111' title="bbox 1922 5518 3500 5592; baseline 0.004 -20"><span class='ocrx_word' id='word_1_913' title='bbox 1922 5518 2262 5573; x_wconf 85' lang='lat' dir='ltr'><strong>accusatione</strong></span> <span class='ocrx_word' id='word_1_914' title='bbox 2285 5521 2529 5589; x_wconf 85' lang='lat' dir='ltr'><strong>purgavit</strong></span> <span class='ocrx_word' id='word_1_915' title='bbox 2556 5562 2570 5586; x_wconf 94' lang='lat'><strong>,</strong></span> <span class='ocrx_word' id='word_1_916' title='bbox 2600 5523 2913 5591; x_wconf 87' lang='lat' dir='ltr'><strong>prophetam</strong></span> <span class='ocrx_word' id='word_1_917' title='bbox 2937 5538 3066 5579; x_wconf 88' lang='lat' dir='ltr'><strong>vero</strong></span> <span class='ocrx_word' id='word_1_918' title='bbox 3093 5525 3276 5592; x_wconf 70' lang='lat' dir='ltr'><strong>gratia:</strong></span> <span class='ocrx_word' id='word_1_919' title='bbox 3306 5534 3500 5580; x_wconf 89' lang='lat' dir='ltr'><strong>testem</strong></span> 
     </span>
    </p>
   </div>
   <div class='ocr_carea' id='block_1_112' title="bbox 1924 5608 3504 5681">
    <p class='ocr_par' dir='ltr' id='par_1_112' title="bbox 1924 5608 3504 5681">
     <span class='ocr_line' id='line_1_112' title="bbox 1924 5608 3504 5681; baseline 0.003 -16"><span class='ocrx_word' id='word_1_920' title='bbox 1924 5610 2146 5665; x_wconf 90' lang='lat' dir='ltr'><strong>inducit.</strong></span> <span class='ocrx_word' id='word_1_921' title='bbox 2181 5608 2460 5677; x_wconf 75' lang='lat' dir='ltr'><strong>Effundam</strong></span> <span class='ocrx_word' id='word_1_922' title='bbox 2486 5612 2548 5666; x_wconf 86' lang='lat' dir='ltr'><strong>de</strong></span> <span class='ocrx_word' id='word_1_923' title='bbox 2584 5614 2783 5681; x_wconf 81' lang='lat' dir='ltr'><strong>Spiritu</strong></span> <span class='ocrx_word' id='word_1_924' title='bbox 2825 5629 2933 5668; x_wconf 82' lang='lat' dir='ltr'><strong>meo</strong></span> <span class='ocrx_word' id='word_1_925' title='bbox 2975 5632 3130 5680; x_wconf 86' lang='lat' dir='ltr'><strong>super</strong></span> <span class='ocrx_word' id='word_1_926' title='bbox 3160 5631 3359 5669; x_wconf 85' lang='lat' dir='ltr'><strong>omnem</strong></span> <span class='ocrx_word' id='word_1_927' title='bbox 3383 5631 3504 5669; x_wconf 81' lang='lat' dir='ltr'><strong>car-</strong></span> 
     </span>
    </p>
   </div>
   <div class='ocr_carea' id='block_1_113' title="bbox 1926 5701 3504 5774">
    <p class='ocr_par' dir='ltr' id='par_1_113' title="bbox 1926 5701 3504 5774">
     <span class='ocr_line' id='line_1_113' title="bbox 1926 5701 3504 5774; baseline 0.004 -18"><span class='ocrx_word' id='word_1_928' title='bbox 1926 5718 2059 5756; x_wconf 86' lang='lat' dir='ltr'><strong>nem.</strong></span> <span class='ocrx_word' id='word_1_929' title='bbox 2086 5701 2174 5757; x_wconf 91' lang='lat' dir='ltr'><strong>Sic</strong></span> <span class='ocrx_word' id='word_1_930' title='bbox 2198 5703 2351 5765; x_wconf 88' lang='lat' dir='ltr'><strong>dixit,</strong></span> <span class='ocrx_word' id='word_1_931' title='bbox 2381 5705 2504 5773; x_wconf 86' lang='lat' dir='ltr'><strong>quia</strong></span> <span class='ocrx_word' id='word_1_932' title='bbox 2527 5706 2646 5759; x_wconf 88' lang='lat' dir='ltr'><strong>aliis</strong></span> <span class='ocrx_word' id='word_1_933' title='bbox 2675 5721 2768 5774; x_wconf 90' lang='lat' dir='ltr'><strong>per</strong></span> <span class='ocrx_word' id='word_1_934' title='bbox 2791 5706 2999 5760; x_wconf 86' lang='lat' dir='ltr'><strong>somnia</strong></span> <span class='ocrx_word' id='word_1_935' title='bbox 3035 5748 3050 5771; x_wconf 93' lang='lat'><strong>,</strong></span> <span class='ocrx_word' id='word_1_936' title='bbox 3078 5708 3198 5761; x_wconf 90' lang='lat' dir='ltr'><strong>aliis</strong></span> <span class='ocrx_word' id='word_1_937' title='bbox 3224 5706 3504 5763; x_wconf 81' lang='lat' dir='ltr'><strong>manifeste</strong></span> 
     </span>
    </p>
   </div>
   <div class='ocr_carea' id='block_1_114' title="bbox 1927 5793 3506 5870">
    <p class='ocr_par' dir='ltr' id='par_1_114' title="bbox 1927 5793 3506 5870">
     <span class='ocr_line' id='line_1_114' title="bbox 1927 5793 3506 5870; baseline 0.004 -23"><span class='ocrx_word' id='word_1_938' title='bbox 1927 5794 2093 5862; x_wconf 85' lang='lat' dir='ltr'><strong>gratia</strong></span> <span class='ocrx_word' id='word_1_939' title='bbox 2115 5793 2282 5849; x_wconf 72' lang='lat' dir='ltr'><strong>effusa</strong></span> <span class='ocrx_word' id='word_1_940' title='bbox 2306 5804 2403 5848; x_wconf 87' lang='lat' dir='ltr'><strong>est.</strong></span> <span class='ocrx_word' id='word_1_941' title='bbox 2426 5795 2557 5849; x_wconf 84' lang='lat' dir='ltr'><strong>Nam</strong></span> <span class='ocrx_word' id='word_1_942' title='bbox 2580 5806 2634 5850; x_wconf 89' lang='lat' dir='ltr'><strong>et</strong></span> <span class='ocrx_word' id='word_1_943' title='bbox 2662 5814 2756 5867; x_wconf 89' lang='lat' dir='ltr'><strong>per</strong></span> <span class='ocrx_word' id='word_1_944' title='bbox 2778 5795 2980 5851; x_wconf 89' lang='lat' dir='ltr'><strong>somnia</strong></span> <span class='ocrx_word' id='word_1_945' title='bbox 3007 5797 3250 5853; x_wconf 84' lang='lat' dir='ltr'><strong>viderunt</strong></span> <span class='ocrx_word' id='word_1_946' title='bbox 3276 5798 3506 5870; x_wconf 82' lang='lat' dir='ltr'><strong>prophe—</strong></span> 
     </span>
    </p>
   </div>
   <div class='ocr_carea' id='block_1_115' title="bbox 1933 5889 3506 5964">
    <p class='ocr_par' dir='ltr' id='par_1_115' title="bbox 1933 5889 3506 5964">
     <span class='ocr_line' id='line_1_115' title="bbox 1933 5889 3506 5964; baseline 0.004 -23"><span class='ocrx_word' id='word_1_947' title='bbox 1933 5897 2003 5942; x_wconf 62' lang='lat' dir='ltr'><strong>ta:</strong></span> <span class='ocrx_word' id='word_1_948' title='bbox 2032 5929 2047 5955; x_wconf 91' lang='lat'><strong>,</strong></span> <span class='ocrx_word' id='word_1_949' title='bbox 2076 5897 2131 5943; x_wconf 91' lang='lat' dir='ltr'><strong>et</strong></span> <span class='ocrx_word' id='word_1_950' title='bbox 2173 5889 2533 5945; x_wconf 86' lang='lat' dir='ltr'><strong>revelationes</strong></span> <span class='ocrx_word' id='word_1_951' title='bbox 2563 5900 2907 5962; x_wconf 81' lang='lat' dir='ltr'><strong>acceperunt.</strong></span> <span class='ocrx_word' id='word_1_952' title='bbox 2941 5889 3141 5948; x_wconf 85' lang='lat' dir='ltr'><strong>Deinde</strong></span> <span class='ocrx_word' id='word_1_953' title='bbox 3164 5891 3506 5964; x_wconf 75' lang='lat' dir='ltr'><strong>progreditur</strong></span> 
     </span>
    </p>
   </div>
  </div>
