4024 6544
421 345 430 355 ’
472 375 534 433 st
1199 368 1258 425 s.
1297 366 1574 424 JOANNIS
1610 364 2080 422 cnnrsosrout

2199 363 2433 420 lClllEP.
2471 360 3000 418 CONSTANTINOP.
3676 361 3746 415 fit!

473 489 528 543 in
549 484 826 556 prophetia
863 524 878 544 .
909 497 1028 554 qum
1071 481 1339 551 quidpiam
1372 480 1610 536 terribile
1655 479 1832 532 habet.
1871 479 1955 532 l9.
1987 476 2054 530 Et

476 579 607 632 dabo
636 619 652 643 ,
701 577 912 646 inquit,
973 575 1206 646 prodigia
1230 575 1281 627 in
1308 574 1432 627 carlo
1474 589 1676 626 sursum
1701 612 1715 636 ,
1757 583 1804 624 et
1831 571 1976 641 signa
2004 571 2054 623 in

474 684 609 726 terra
625 671 880 724 deorsum.
909 668 1002 723 His
1021 681 1071 722 et
1097 667 1326 721 futurum
1347 665 1602 733 judicium
1628 663 2058 732 ethrosolymo-

476 780 596 818 rum
625 762 887 816 excidium
913 760 1231 814 subiudicat.
1262 756 1576 828 Sanguinem
1607 765 1650 810 et
1677 756 1865 827 ignem,
1897 766 1943 809 et
1971 771 2058 808 ua-

480 872 654 925 porem
681 854 826 923 fumi.
868 852 1000 907 Vide
1020 893 1035 918 ,
1067 850 1336 920 quomodo
1366 850 1631 904 excidium
1655 850 1943 904 describat.
1963 850 2054 904 20.

480 945 576 998 Sol
596 953 906 997 conuertetur
936 943 989 995 in
1020 940 1246 995 tenebras
1273 981 1288 1007 ,
1335 949 1381 993 et
1410 940 1533 1004 luna
1559 941 1612 993 in
1639 942 1953 1012 sanguinem.
1984 941 2058 994 Ex

478 1035 670 1088 all'ectu
697 1033 1006 1104 patientium
1042 1032 1112 1087 ita
1134 1031 1387 1100 loquitur.
1410 1030 1666 1086 Narratur
1693 1041 1867 1085 tamen
1897 1031 2058 1085 multa

478 1125 670 1178 similia
694 1125 743 1178 in
766 1124 896 1178 caelo
913 1125 1024 1177 visa
1047 1123 1231 1188 fuisse,
1251 1133 1308 1178 ut
1336 1123 1647 1178 testilicatur
1666 1121 1933 1193 Josephus
1961 1121 2057 1191 (a).

481 1217 699 1272 interim
729 1215 849 1270 illos
887 1230 1100 1285 quoque
1140 1214 1467 1284 perstrinxit,
1501 1213 1744 1268 tenebras
1767 1228 1886 1282 qua:
1916 1212 2058 1265 acci-

483 1308 614 1362 dcre
684 1320 988 1360 memorans
1020 1347 1034 1372 ,
1087 1314 1140 1360 et
1190 1305 1349 1359 futuri
1400 1304 1856 1374 exspectationem
1909 1301 2060 1356 indu-

483 1414 633 1454 cens.
679 1398 958 1472 Antequam
985 1399 1148 1452 ueniat
1176 1398 1282 1451 dies
1311 1397 1516 1450 Domini
1542 1412 1755 1466 magnus
1783 1406 1828 1448 et
1848 1395 2064 1464 manife-

485 1503 614 1546 stus.
661 1491 740 1546 Ne
779 1493 903 1561 quia
941 1505 1085 1545 nunc
1130 1490 1347 1559 impune
1390 1489 1622 1559 peccatis
1652 1529 1666 1551 ,
1703 1486 1916 1558 inquit,
1946 1484 2065 1539 ideo

485 1582 788 1638 conﬁdatis.
846 1582 972 1637 Haec
1019 1583 1276 1652 prooemia
1313 1590 1437 1636 sunt
1482 1579 1656 1651 magni
1693 1578 1968 1649 cujusdam
2014 1587 2069 1633 et

489 1676 788 1747 gravissimi
810 1675 938 1730 diei.
967 1675 1171 1740 Videu',
1197 1674 1466 1746 quomodo
1487 1674 1696 1731 animos
1723 1689 1910 1728 eorum
1937 1687 2066 1726 exa-

488 1769 694 1837 gitavit,
723 1777 778 1822 et
807 1769 970 1823 risum
1001 1767 1268 1821 convertit
1288 1766 1339 1819 in
1363 1764 1810 1821 excusationem?
1843 1763 1897 1816 Si
1925 1763 2068 1818 enim

493 1862 606 1916 haec
629 1870 755 1915 sunt
780 1861 1039 1929 prooemia
1069 1860 1174 1914 diei
1207 1859 1347 1914 illius
1373 1901 1387 1925 ,
1421 1874 1641 1914 necesse
1665 1867 1739 1913 est
1774 1857 2067 1928 perieulum

493 1955 560 2008 de
587 1954 841 2008 extremis
864 1953 974 2022 jam
1022 1953 1323 2006 imminere.
1353 1951 1489 2018 Quid
1531 1952 1708 2005 vero?
1739 1967 1864 2004 num
1900 1950 2073 2020 pergit

496 2046 752 2100 terribilia
783 2044 1005 2099 dicere?
1034 2044 1402 2114 Nequaquam.
1435 2043 1537 2098 Sed
1569 2042 1734 2113 quid?
1763 2043 1966 2096 Rursus
1983 2040 2073 2094 dat

495 2137 602 2192 illis
632 2135 930 2205 reSpiraudi
960 2135 1155 2198 locum,
1188 2145 1241 2189 et
1271 2135 1345 2188 ait
1368 2153 1382 2188 :
1405 2134 1495 2188 21.
1526 2133 1594 2187 Et
1619 2135 1710 2187 erit
1740 2174 1756 2200 ,
1787 2133 1947 2186 omnis
1973 2135 2075 2202 qui-

495 2245 705 2300 cumque
728 2229 1028 2282 iuuocauerit
1058 2244 1237 2282 nomen
1268 2227 1493 2292 Domini,
1524 2227 1694 2280 saluus
1721 2226 1832 2279 erit.
1868 2225 1979 2279 Hoc
2009 2225 2075 2279 de

496 2321 717 2376 Christo
739 2320 936 2374 dictum
964 2331 1063 2385 est,
1102 2331 1156 2374 ut
1184 2320 1376 2374 Paulus
1404 2319 1478 2372 ait
1506 2314 1679 2389 (Rom.
1708 2317 1796 2373 10.
1826 2318 1913 2388 15)
1946 2335 1958 2370 :
1993 2317 2078 2371 hic

497 2429 628 2466 vero
655 2428 760 2466 non
791 2411 950 2465 audet
974 2412 1023 2465 id
1051 2412 1221 2480 palam
1255 2411 1512 2466 revelare.
1547 2409 1696 2464 Dicta
1717 2424 1844 2464 vero
1875 2424 1904 2463 a
1933 2408 2079 2479 priu-

498 2504 641 2571 cipio
679 2511 1003 2571 repetamus.
1061 2501 1226 2556 Recte
1265 2500 1414 2564 quasi
1462 2499 1722 2554 adversus
1767 2498 2001 2554 ridentes
2027 2507 2081 2551 et

499 2595 1154 2664 subsannautesinsurgit,
1187 2593 1410 2647 dicens:
1446 2591 1640 2646 Notum
1657 2591 1721 2645 sit
1744 2589 1974 2643 omnibus
1996 2607 2082 2642 vo-

502 2687 597 2750 bis,
621 2697 668 2740 et
696 2685 901 2738 auribus
931 2685 1172 2755 percipite
1197 2685 1343 2737 verba
1382 2699 1512 2736 mea.
1546 2682 1702 2736 Initio
1727 2690 1904 2736 autem
1932 2681 2081 2735 dice-

502 2779 615 2842 bat,
651 2776 758 2831 Viri
784 2777 978 2830 Judtui.
1009 2777 1224 2831 Juda:os
1254 2776 1382 2830 mihi
1410 2776 1590 2831 dicere
1619 2775 1830 2830 videtur
1860 2789 1972 2834 eos,
1995 2773 2082 2842 qui

506 2870 560 2925 in
587 2868 768 2923 .Iudtea
803 2868 1136 2922 habitabant.
1175 2869 1276 2932 Et,
1317 2868 1361 2921 si
1388 2868 1562 2938 placet
1595 2909 1610 2933 ,
1657 2867 1942 2920 aﬁ'eraznus
1995 2865 2084 2918 illa

509 2962 780 3032 Evangelii
816 2961 977 3015 verba
1011 3003 1026 3023 .
1073 2970 1130 3014 ut
1155 2961 1331 3015 discas
1366 2961 1536 3031 qualis
1570 2969 1791 3030 repente
1827 2960 1992 3014 lactus
2019 2958 2089 3012 sit

509 3055 724 3111 Petrus.
774 3053 949 3121 Exiit,
981 3054 1188 3124 inquit,
1219 3055 1389 3127 puella
1417 3054 1585 3108 dicens
1615 3069 1633 3108 :
1663 3053 1728 3110 Et
1757 3063 1811 3106 tu
1836 3070 1950 3106 eras
1975 3069 2088 3105 cum

507 3146 635 3200 Jesu
663 3145 952 3200 Nazarene.
989 3145 1088 3200 Ille
1114 3156 1281 3199 autem
1305 3145 1584 3217 respondit,
1611 3143 1797 3198 Nescio
1815 3143 2086 3197 hominem.

513 3235 582 3291 Et
608 3254 783 3291 rursus
813 3237 1146 3308 interrogatus
1174 3236 1320 3306 coepit
1343 3235 1575 3290 detestari
1600 3245 1646 3290 et
1667 3235 1849 3306 jurare
1869 3232 2088 3305 (Matth.

510 3327 602 3384 26.
632 3327 841 3395 69-72).

582 3421 638 3474 2.
681 3421 917 3474 Adulatio
946 3421 1168 3476 uitanda.
1197 3452 1265 3461 —
1283 3421 1388 3477 Sed
1417 3421 1503 3477 hic
1526 3420 1648 3476 vide
1673 3419 1814 3474 illius
1846 3417 2088 3474 fiduciam

514 3529 866 3582 magnamque
891 3513 1099 3567 dicendi
1123 3513 1442 3568 libertatem.
1467 3512 1581 3568 Non
1610 3513 1843 3568 laudavit
1866 3529 1980 3576 eos,
2005 3514 2092 3583 qui

515 3603 758 3658 dixerant
792 3621 805 3658 :
836 3603 1128 3656 Audiuimus
1157 3620 1240 3659 eos
1268 3605 1524 3674 loquentes
1556 3607 1738 3660 nostris
1768 3605 1953 3676 linguis
1984 3623 2093 3658 ma-

517 3694 691 3767 gnalia
715 3695 843 3758 Dei;
864 3695 958 3750 sed
981 3695 1068 3750 illa
1089 3711 1190 3765 qua
1218 3712 1338 3767 erga
1368 3697 1498 3752 alios
1525 3712 1650 3753 usus
1672 3707 1787 3752 erat
1815 3697 2094 3767 gravitate,

518 3790 617 3843 llos
660 3787 1007 3843 studiosiores
1052 3787 1276 3845 reddere
1319 3789 1542 3853 volens,
1592 3799 1647 3845 et
1689 3805 1992 3845 sermonem
2032 3789 2099 3844 ab

519 3881 825 3936 adulatione
865 3880 1099 3935 alienum
1136 3881 1441 3938 ostendere.
1475 3883 1585 3937 lloc
1612 3882 1752 3937 enim
1786 3882 1980 3952 ubique
2006 3881 2102 3934 oh—

521 3973 842 4029 servandum
872 3981 985 4039 est,
1013 3973 1281 4044 quomodo
1321 3974 1655 4044 indulgenter
1684 3974 1805 4028 licet
1835 3975 2097 4044 loquatur.

521 4079 700 4120 sermo
727 4074 900 4119 tamen
926 4064 996 4117 ah
1025 4065 1329 4121 adulatione
1363 4066 1519 4120 simul
1545 4075 1599 4120 et
1621 4081 1652 4120 a
1681 4066 2002 4120 contumelia
2035 4067 2100 4118 sit

521 4158 766 4220 alienus;
795 4155 936 4224 quod
970 4166 1143 4210 tamen
1181 4157 1397 4212 difﬁcile
1436 4168 1536 4211 est.
1578 4157 1730 4226 Quod
1766 4167 1946 4212 autem
1989 4157 2103 4212 ha-c

525 4248 654 4301 hora
679 4247 831 4301 tertia
855 4245 988 4300 facta
1013 4248 1139 4311 sint,
1166 4264 1268 4302 non
1294 4250 1409 4303 sine
1431 4265 1590 4304 causa
1611 4249 1974 4318 diSpensatum
1997 4259 2100 4304 est.

523 4339 658 4394 Cum
691 4339 833 4394 enim
863 4339 996 4394 lucis
1022 4339 1275 4406 splendor
1306 4350 1558 4410 apparet,
1593 4351 1718 4396 tunc
1749 4358 1854 4396 non
1899 4342 2102 4411 prandii

525 4432 668 4486 curis
701 4430 942 4485 homines
971 4439 1334 4499 occupantur,
1367 4443 1492 4485 tunc
1529 4433 1646 4486 lana
1674 4432 1788 4488 dies
1825 4442 1942 4498 est,
1983 4443 2107 4489 tunc

527 4538 716 4578 omnes
743 4522 794 4576 in
827 4521 942 4576 foro
972 4532 1114 4576 sunt.
1150 4522 1334 4577 Videu'
1365 4539 1664 4578 sermonem
1708 4524 1950 4579 libertate
1989 4525 2104 4596 ple-

525 4617 693 4671 nutu?
720 4615 786 4668 Et
813 4615 1019 4670 auribus
1051 4616 1288 4685 percipite
1316 4617 1460 4670 verba
1487 4634 1617 4671 mea.
1657 4617 1750 4672 His
1774 4617 1930 4673 dictis
1955 4634 2018 4673 ex
2048 4635 2108 4673 se

527 4707 658 4762 nihil
684 4707 903 4769 addidit,
929 4706 1021 4762 sed
1047 4708 1160 4761 luec
1187 4707 1460 4776 subjuuxit
1485 4728 1497 4763 :
1522 4707 1632 4761 Hoc
1651 4719 1744 4775 est,
1766 4710 1900 4781 quod
1920 4711 2108 4764 dictum

523 4811 598 4856 est
637 4819 726 4870 per
761 4801 1056 4872 prapltetam
1096 4800 1213 4856 Joel
1241 4817 1262 4856 :
1294 4801 1358 4854 Et
1385 4803 1478 4856 erit
1511 4803 1563 4856 in
1601 4803 1881 4857 novissimis
1911 4804 2104 4857 diebus.

527 4895 774 4951 Ostendit
797 4897 941 4950 cnim
965 4905 1147 4968 postea
1173 4897 1686 4953 consummationem
1719 4913 1881 4967 prope
1918 4897 2109 4952 ali'utu-

527 5004 662 5042 ram.
687 4989 775 5044 Sic
800 4989 927 5043 illud
948 5031 961 5053 ,
989 4988 1055 5042 1η
1095 4989 1376 5044 novissimis
1402 4989 1575 5044 diebus
1595 5032 1608 5058 ,
1641 4991 1922 5061 quamdam
1952 4992 2108 5046 habet

527 5080 845 5148 emphasim.
896 5081 1096 5135 Deinde
1137 5097 1206 5137 ne
1243 5081 1486 5137 videatur
1527 5083 1639 5137 ha'c
1679 5082 1744 5138 ad
1789 5085 1931 5138 solos
1973 5083 2110 5139 ﬁlios

531 5170 820 5240 pertinere,
843 5171 1113 5241 subjungit
1138 5191 1152 5227 :
1179 5171 1247 5225 Et
1265 5174 1482 5228 seniores
1502 5174 1648 5229 uestri
1672 5176 1866 5228 somnia
1890 5179 2111 5231 somnia-

531 5263 673 5317 bunt.
708 5261 840 5316 Vide
868 5261 942 5316 rei
969 5262 1184 5316 seriem.
1213 5263 1390 5318 Primo
1417 5265 1508 5319 lilii
1535 5283 1549 5330 ;
1573 5266 1710 5320 sicut
1730 5277 1780 5322 et
1809 5267 1970 5320 David
1997 5268 2106 5323 ait:

534 5350 641 5408 Pro
669 5353 892 5424 patribus
921 5353 1017 5407 tuis
1057 5354 1162 5406 nati
1199 5364 1316 5407 sunt
1351 5356 1438 5410 tibi
1463 5357 1558 5424 ﬁlii
1583 5356 1753 5427 (Psal.
1781 5359 1868 5413 44.
1907 5359 2029 5427 17);
2058 5371 2111 5414 et

531 5459 718 5500 rursus
747 5443 1032 5499 Malachias
1065 5461 1078 5496 :
1111 5443 1407 5499 Conuertens
1447 5449 1601 5501 corda
1646 5459 1844 5518 patrum
1873 5451 1925 5503 in
1955 5451 2108 5519 ﬁlios.

535 5535 603 5589 Et
625 5553 776 5606 super
796 5551 961 5589 seruos
988 5550 1122 5588 meos
1146 5576 1162 5600 ,
1191 5544 1238 5588 et
1264 5552 1418 5605 super
1453 5539 1664 5592 ancillas
1693 5555 1826 5592 meas
1857 5543 1872 5606 (
1901 5541 2024 5594 Mal.
2055 5543 2105 5594 4.

535 5631 614 5700 6).
657 5630 723 5685 Et
762 5630 862 5684 hoc
901 5629 1108 5682 virtutis
1145 5629 1396 5684 iudicium
1430 5649 1442 5684 :
1471 5631 1610 5685 servi
1651 5632 1792 5686 enim
1832 5633 1949 5703 ejus
1990 5633 2109 5688 facti

598 5765 672 5826 (α)
691 5771 831 5830 signa
854 5775 967 5830 quae
984 5761 1399 5830 ierosolymorum
1426 5768 1675 5815 exctdtum
1713 5779 2072 5829 prtecesseruut
2094 5807 2107 5830 ,

535 5824 698 5878 narrat
718 5824 960 5889 Jbsephtts
981 5825 1046 5876 de
1072 5824 1202 5876 bello
1223 5826 1434 5875 Judaico.

3715 400 3746 415 α

2165 491 2388 542 sumus,
2421 474 2630 530 liberati
2670 490 2699 529 a
2744 482 2981 545 peccato.
3027 473 3269 544 Magnum
3305 485 3483 532 autem
3522 485 3606 531 est
3644 475 3749 532 hoc

2163 569 2360 624 donum
2383 609 2398 635 ,
2427 569 2640 640 quando
2681 569 2733 624 in
2771 568 2932 622 alium
2958 584 3169 638 quoque
3195 584 3380 622 sexum
3411 569 3597 623 transit
3625 584 3746 637 gra-

2165 662 2266 726 tia;
2296 677 2401 716 non
2430 662 2480 715 in
2512 677 2670 715 unam
2696 661 2992 717 alterumve
3017 661 3155 714 sicut
3183 659 3330 726 olim,
3355 675 3546 730 nempe
3571 660 3624 714 in
3649 661 3752 714 De-

2165 752 2350 808 boram
2374 761 2428 807 et
2452 751 2660 808 Oldam.
2687 752 2870 823 Neque
2891 752 3031 807 dixit
3055 766 3172 807 esse
3194 751 3449 822 Spiritum
3479 764 3748 814 sanctum,

2169 859 2339 913 neque
2369 843 2641 914 propheta:
2669 844 2828 898 verba
2861 844 3180 910 explicavit;
3210 843 3306 900 sed
3341 843 3510 898 solam
3547 843 3755 898 induxit

2167 935 2502 1006 prophetiam
2529 951 2621 1006 per
2642 936 2874 1005 seipsam
2903 945 3220 990 certantem.
3253 933 3501 1005 Nihilque
3523 936 3590 989 de
3615 933 3751 990 Juda

2163 1027 2272 1097 jam
2298 1027 2552 1098 loquitur,
2572 1028 2690 1095 quia
2714 1027 2960 1081 omnibus
2985 1028 3154 1098 palam
3177 1034 3293 1080 erat
3312 1027 3497 1098 quales
3517 1025 3758 1080 dedisset

2172 1133 2356 1186 patrias
2380 1135 2392 1180 ;
2425 1117 2520 1171 sed
2550 1118 2704 1179 silet,
2739 1119 2916 1171 sciens
2945 1117 3077 1172 nihil
3106 1115 3329 1172 validius
3357 1131 3475 1172 esse
3500 1133 3659 1186 quam
3686 1132 3756 1171 ex

2171 1209 2448 1278 prophetia
2479 1211 2619 1277 l0qui
2651 1210 2752 1264 illis
2786 1227 2799 1263 :
2832 1209 2934 1264 hoc
2961 1210 3102 1264 enim
3145 1208 3274 1280 ipsis
3311 1211 3472 1264 etiam
3504 1209 3758 1281 operibus

2170 1300 2360 1355 fortius
2397 1310 2498 1356 est.
2541 1300 2672 1356 Nam
2714 1316 2836 1356 cum
2875 1302 3027 1372 signa
3069 1303 3271 1357 faceret
3301 1301 3575 1368 Christus,
3613 1317 3759 1370 saepe

2172 1391 2637 1456 contradicebant;
2661 1408 2780 1446 cum
2803 1401 2979 1448 autem
3009 1392 3324 1464 prophetam
3350 1393 3628 1448 induceret
3654 1393 3761 1446 illis

2174 1482 2443 1539 dicentem
2471 1501 2483 1537 ε
2506 1483 2649 1537 Dia-it
2678 1483 2926 1539 Dominus
2949 1484 3164 1538 Domino
3192 1501 3321 1549 meo,
3353 1484 3488 1539 Sede
3511 1502 3542 1538 tt
3567 1485 3762 1538 dextris

2175 1576 2296 1629 meis
2313 1574 2523 1645 (Matth.
2541 1575 2629 1630 9.2.
2645 1576 2734 1631 44.
2758 1574 2903 1630 Psal.
2924 1575 3048 1632 109.
3070 1578 3145 1648 1),
3162 1575 3232 1631 ita
3262 1576 3511 1642 silebant,
3527 1587 3582 1631 ut
3601 1591 3764 1635 nemo

2177 1666 2432 1737 deinceps
2447 1677 2626 1736 posset
2641 1667 2714 1721 illi
2730 1669 3073 1739 respondere.
3096 1669 3174 1724 Ac
3198 1683 3341 1739 saepe
3359 1669 3447 1724 ille
3459 1669 3765 1739 Senipturas

2178 1768 2461 1826 memorat,
2491 1760 2696 1825 dicens,
2724 1760 2912 1816 Siillos
2936 1762 3066 1816 dixit
3095 1762 3234 1829 deos,
3253 1762 3321 1816 ad
3337 1780 3460 1834 quos
3477 1779 3635 1816 sermo
3665 1762 3764 1816 Dei

2180 1857 2348 1922 factus
2370 1861 2442 1906 est
2467 1851 2644 1920 (Joan.
2662 1852 2746 1910 10.
2765 1853 2876 1923 55).
2894 1853 3004 1908 lmo
3019 1853 3212 1923 ubique
3231 1854 3330 1909 hoc
3345 1855 3464 1926 quis
3478 1855 3762 1908 invenerit.

2183 1945 2305 1998 Ideo
2341 1945 2426 1999 hic
2465 1946 2539 1999 ait
2569 1963 2582 1999 :
2614 1945 2894 2013 Effundant
2922 1946 2984 1999 de
3013 1945 3211 2017 Spiritu
3245 1964 3354 2001 meo
3389 1964 3542 2017 super
3567 1963 3768 2001 omnem

2180 2051 2384 2088 carnem
2405 2051 2425 2100 ,°
2456 2034 2557 2090 hoc
2587 2045 2689 2102 est,
2716 2035 2766 2089 in
2793 2044 2999 2107 gentes.
3027 2035 3133 2092 Sed
3166 2037 3397 2091 nondum
3422 2040 3642 2101 revelat,
3669 2052 3769 2092 nec

2184 2129 2596 2200 interpretatur;
2626 2145 2798 2199 neque
2817 2130 2958 2184 enim
2983 2129 3318 2200 expediebat,
3341 2130 3461 2201 quia
3482 2131 3639 2184 etiam
3667 2130 3772 2184 hoc

2184 2223 2467 2277 obscurum
2497 2232 2630 2277 erat.
2661 2221 2807 2276 Dabo
2838 2224 3070 2294 prodigia
3103 2224 3156 2276 in
3197 2222 3320 2278 aulo
3357 2240 3574 2278 sursum.
3607 2223 3774 2293 Magis

2187 2314 2304 2367 illos
2351 2313 2453 2368 hoc
2494 2313 2766 2382 terrebat,
2799 2314 2938 2385 quod
2981 2323 3125 2370 esset
3166 2316 3472 2370 obscurum.
3505 2315 3558 2369 Si
3590 2324 3768 2368 autem

2189 2409 2290 2463 hoc
2316 2408 2694 2479 interpretatus
2715 2419 2878 2477 esset,
2904 2409 3073 2479 magis
3100 2409 3205 2464 illis
3229 2409 3539 2464 obstitisset.
3571 2408 3774 2463 Deinde

2189 2499 2318 2554 illud
2348 2501 2588 2569 prmterit
2621 2501 2770 2568 quasi
2811 2499 3184 2565 manifestum,
3227 2501 3386 2554 talem
3426 2500 3606 2554 volens
3643 2498 3777 2553 dare

2189 2591 2520 2659 opinionem.
2567 2589 2806 2660 Denique
2846 2590 2949 2646 hoc
2989 2591 3090 2644 illis
3129 2593 3527 2660 interpretatur,
3557 2606 3676 2643 cum
3707 2591 3778 2643 de

2191 2684 2584 2739 resurrectione
2612 2685 2867 2754 loquitur,
2896 2693 2952 2739 et
2977 2683 3045 2738 ad
3075 2683 3126 2738 id
3157 2699 3408 2739 sermone
3439 2684 3575 2736 viam
3605 2693 3776 2752 parat.

2193 2773 2318 2829 Ideo
2347 2783 2537 2844 sponte
2568 2776 2805 2844 praeterit
2830 2817 2844 2840 ,
2877 2775 3126 2845 quoniam
3159 2774 3294 2828 bona
3322 2775 3388 2828 ad
3419 2775 3539 2828 illos
3577 2783 3784 2842 pertra-

2195 2865 2402 2920 hendos
2444 2882 2546 2920 non
2584 2867 2713 2920 satis
2751 2876 2904 2920 erant
2937 2884 2951 2920 :
2981 2881 3304 2936 quamquam
3345 2865 3446 2919 hoc
3487 2879 3783 2934 numquam

2195 2956 2394 3012 factum
2424 2968 2524 3013 est.
2559 2958 2726 3012 Nemo
2751 2959 2894 3012 enim
2923 2967 3047 3012 tunc
3075 2957 3290 3028 ell'ugit;
3321 2973 3460 3012 nunc
3490 2973 3617 3012 vero
3646 2957 3784 3010 ﬁde-

2196 3048 2275 3104 les
2301 3049 2599 3119 ell‘ugerunt
2623 3048 2722 3103 sub
2755 3049 3096 3120 Vespasiano.
3124 3049 3192 3102 Et
3218 3051 3318 3103 hoc
3341 3048 3583 3117 estquod
3609 3047 3783 3102 dicit:

2200 3141 2319 3197 Nisi
2345 3143 2616 3196 abbreviati
2640 3143 2852 3213 fuissent
2879 3143 2984 3196 dies
3012 3142 3109 3208 illi,
3139 3159 3239 3195 non
3261 3147 3453 3195 saluata
3476 3141 3648 3209 fuisset
3675 3156 3790 3192 om-

2201 3236 2278 3290 nis
2308 3252 2428 3288 caro
2455 3234 2668 3305 (Matth.
2700 3235 2788 3289 2i.
2819 3233 2934 3305 22).
2963 3235 3113 3302 Quod
3145 3234 3419 3288 molestius
3447 3241 3582 3298 erat,
3613 3232 3791 3302 primo

2200 3326 2421 3396 contigit
2450 3344 2464 3380 :
2499 3327 2668 3396 primo
2695 3325 2835 3379 enim
2867 3325 3061 3380 accidit
3087 3335 3141 3378 ut
3173 3324 3495 3378 habitatores
3523 3338 3789 3393 Caperen-

2204 3429 2310 3485 tur,
2337 3427 2392 3473 et
2422 3418 2548 3472 urbs
2578 3418 2980 3473 subverteretur
3005 3428 3059 3470 et
3085 3418 3520 3472 succenderetur.

2279 3511 2414 3580 Quid
2435 3523 2529 3579 est,
2558 3512 2731 3566 lunam
2756 3513 2942 3565 mutari
2968 3512 3021 3564 in
3046 3512 3340 3583 sanguinem
3363 3511 3388 3564 ?
3411 3541 3483 3551 —
3510 3511 3706 3564 Deinde
3737 3510 3790 3564 in

2205 3605 2517 3676 metaphora
2557 3605 2790 3669 insistit,
2824 3603 2922 3660 sub
2956 3603 3139 3657 oculos
3179 3603 3482 3656 auditorum
3520 3602 3792 3656 excidium

2207 3700 2496 3754 adducens.
2530 3699 2624 3754 Sol
2649 3708 2961 3752 conuertetur
2993 3698 3046 3751 in
3077 3698 3302 3750 tenebras
3326 3737 3340 3760 ,
3371 3706 3417 3750 et
3444 3696 3563 3750 luna
3588 3700 3640 3748 in
3666 3713 3792 3747 san-

2208 3793 2430 3862 guinem.
2461 3789 2575 3862 (a)[
2600 3789 2734 3858 Quid
2757 3797 2840 3844 est
2862 3831 2877 3854 ,
2898 3790 3074 3843 lunam
3105 3788 3292 3841 mutari
3323 3789 3374 3842 in
3405 3784 3793 3858 sanguinem?)

2211 3883 2432 3938 Videtur
2462 3883 2590 3936 mihi
2625 3883 2709 3936 hic
2735 3882 3020 3936 maximam
3055 3879 3254 3935 ctedcm
3284 3879 3518 3934 indicare
3540 3921 3552 3941 .
3581 3893 3792 3932 sermo-

2215 3990 2441 4043 nemque
2484 3974 2555 4027 ita
2600 3973 2975 4027 concinnatum
3025 3987 3174 4037 esse,
3219 3980 3274 4025 ut
3318 3971 3549 4025 maximo
3591 3980 3798 4024 terrore

2213 4067 2450 4136 impleat.
2487 4066 2552 4120 Et
2582 4067 2674 4119 erit
2695 4108 2709 4131 ,
2743 4066 2904 4118 onmis
2939 4066 3236 4134 quicumque
3273 4063 3573 4117 inuocauerit
3613 4079 3799 4115 nomen

2218 4161 2443 4226 Domini,
2472 4162 2638 4214 saluus
2679 4162 2790 4215 erit.
2827 4149 3025 4220 Omnis,
3061 4160 3249 4228 inquit,
3281 4167 3336 4212 et
3364 4157 3409 4210 si
3446 4156 3697 4211 sacerdos
3728 4155 3802 4208 sit

2215 4254 2332 4325 (sed
2363 4253 2594 4308 nondum
2621 4253 2866 4319 revelat),
2889 4253 3000 4306 sive
3021 4267 3206 4306 servus
3228 4251 3316 4318 sit,
3347 4250 3457 4304 sive
3478 4249 3610 4304 liber
3634 4266 3647 4300 :
3675 4247 3801 4301 Non

2215 4356 2287 4401 est
2313 4346 2443 4400 enim
2472 4362 2579 4398 mas
2606 4361 2765 4412 neque
2790 4345 2979 4416 femina
3006 4345 3059 4398 in
3086 4343 3284 4398 Christo
3309 4341 3451 4406 Jesu,
3475 4359 3574 4396 non
3602 4357 3799 4400 seruus,

2215 4457 2316 4500 non
2341 4439 2463 4494 liber
2492 4439 2632 4510 (Gal.
2660 4440 2713 4493 5.
2740 4437 2854 4509 Ξ8).
2881 4438 3006 4492 Jure
3033 4437 3242 4507 quidem
3273 4453 3286 4489 :
3315 4437 3415 4491 hoc
3444 4436 3584 4489 enim
3612 4434 3804 4486 discri-

2216 4550 2338 4588 men
2373 4533 2456 4587 hic
2483 4545 2598 4597 est,
2629 4532 2715 4587 ubi
2742 4531 2918 4586 omnia
2946 4531 3127 4585 umbra
3168 4538 3310 4584 sunt.
3342 4529 3473 4583 Nam
3505 4529 3546 4582 si
3578 4529 3625 4580 in
3657 4528 3802 4588 regia

2219 4640 2376 4679 nemo
2405 4623 2618 4691 nobilis,
2649 4640 2804 4680 nemo
2829 4623 3095 4694 ignobilis,
3121 4623 3211 4676 sed
3237 4638 3330 4677 sua
3355 4637 3616 4690 quemque
3635 4636 3805 4691 opera

2219 4725 2422 4782 notant,
2445 4726 2497 4771 et
2518 4719 2562 4772 si
2585 4717 2636 4770 in
2657 4723 2770 4772 arte
2793 4732 2927 4786 Opus
2951 4716 3289 4771 commendat
3312 4716 3568 4769 artiﬁcem
3597 4733 3610 4768 :
3635 4715 3808 4766 inulto

2219 4808 2384 4877 magis
2411 4809 2462 4862 in
2489 4808 2578 4862 illo
2602 4817 2762 4862 statu.
2788 4807 2964 4863 Omnis
2987 4809 3280 4878 quicumque
3305 4807 3619 4862 iuuacauerit.
3650 4804 3812 4860 Inuo-

2219 4903 2426 4969 cauerit,
2453 4902 2686 4970 inquam,
2713 4918 2815 4954 non
2837 4902 3021 4970 quavis
3043 4902 3244 4955 ratione
3266 4899 3411 4971 (Non
3433 4902 3582 4962 enim,
3609 4899 3806 4968 inquit,

2220 4995 2382 5048 omnis
2409 4994 2494 5064 qui
2515 4994 2636 5046 dicit
2664 4993 2807 5059 mihi,
2838 4993 3068 5060 Domine,
3095 4991 3308 5046 Domine
3334 4991 3542 5064 [.llatth.
3571 4993 3623 5045 7.
3650 4990 3744 5060 22]
3765 4992 3809 5061 ),

2219 5087 2312 5143 sed
2335 5087 2422 5157 qui
2445 5103 2565 5141 etnn
2592 5086 2804 5150 affectu,
2827 5103 2946 5141 cum
2971 5088 3168 5154 optima
3195 5087 3320 5153 vita,
3344 5102 3463 5140 cum
3492 5087 3808 5154 congruenti

2220 5177 2430 5232 ﬁducia.
2465 5176 2678 5231 Interim
2709 5193 2814 5231 non
2845 5177 3066 5231 moleste
3097 5177 3345 5246 loquitur,
3373 5176 3442 5230 de
3474 5175 3574 5230 ﬁde
3603 5191 3772 5245 agens
3791 5216 3808 5241 ,

2223 5286 2395 5341 neque
2421 5271 2662 5340 supplicii
2694 5282 2950 5325 terrorem
2985 5270 3337 5326 abscondens.
3365 5270 3676 5338 Quomodo?
3701 5270 3812 5326 Os-

2225 5363 2392 5418 tendit
2417 5365 2466 5416 in
2500 5363 2833 5418 invocatione
2858 5365 3084 5418 salutem
3114 5379 3252 5420 esse.

2294 5454 2344 5507 5.
2378 5454 2533 5519 Quid,
2563 5470 2764 5519 qiiarso,
2797 5454 2967 5509 dicis?
2991 5455 3214 5509 salutem
3240 5470 3504 5510 memoms
3537 5465 3655 5526 post
3678 5470 3815 5510 rru-

2222 5545 2377 5599 cem?
2420 5544 2679 5614 Exspecta
2725 5546 2932 5600 interim
2963 5564 2976 5600 :
3007 5562 3193 5616 magno
3219 5557 3318 5621 est
3364 5547 3453 5601 Dei
3498 5547 3812 5602 clementia.

2223 5639 2287 5692 Et
2319 5639 2418 5691 hoe
2461 5655 2564 5692 non
2605 5639 2778 5694 minus
2821 5639 3052 5694 ostendit
3082 5639 3230 5693 illum
3266 5654 3384 5694 esse
3416 5639 3578 5694 Demu
3600 5679 3613 5704 ,
3645 5657 3813 5709 quam

2255 5774 2360 5887 ιιςιι)
2376 5783 2488 5830 Qum
2507 5777 2693 5824 uncinis
2715 5775 3021 5838 clauduntur,
3040 5775 3243 5825 deerant
3282 5773 3330 5825 in
3354 5774 3512 5834 editis,
3534 5780 3586 5823 et
3604 5787 3664 5824 ex
3696 5779 3814 5820 ass.

2290 5847 2415 5887 tecta
2439 5848 2572 5887 SUIll.

2227 5847 2415 5900 adjecta
2439 5848 2572 5887 sunt.
