4022 6364
620 200 692 255 53
1211 204 1270 260 S.
1305 196 2114 262 JOANNIS'CHRYSOSTOMI
2151 196 2474 255 ARCHIEP.
2516 199 3065 259 CONSTANTINOP.
3806 204 3878 258 ει

616 316 779 369 αὐτὸν
804 314 1041 370 δείκνυσι
1068 319 1219 381 Θεὸν.
1265 326 1359 375 καὶ
1385 324 1492 377 τῶν
1518 322 1780 394 σημείων,
1816 321 1875 374 16
1906 312 2128 380 τούτους
2158 330 2182 356 α

619 401 1061 469 προσκαλεῖσθαι.
1099 404 1171 456 T6
1214 406 1323 477 γὰρ
1359 408 1562 476 σφόδρα
1604 406 1827 474 ἀγαθὸν,
1861 404 2020 456 τοῦτο
2049 398 2185 454 Θεοῦ

602 482 855 549 ⁸μάλιστα
892 482 1041 537 ἴδιον.
1066 487 1165 538 Διὰ
1189 487 1345 541 τοῦτο
1374 490 1468 542 καὶ
1496 489 1663 557 λέγει·
1703 488 1912 553 Οὐδείς
1939 485 2181 556 ἀγαθὸς.

614 565 665 614 εἰ
704 563 789 630 μὴ
830 558 917 627 εἷς
967 570 999 619 ό
1046 570 1205 634 Θεός.
1251 570 1409 623 Ἀλλά
1457 572 1531 641 μὴ
1590 570 1687 641 τὴν
1742 569 2053 638 ἀγαθότητα
2094 568 2175 629 εἰς

615 646 870 717 ἀφορμὴν
923 649 1196 720 ῥᾳθυμίας
1250 653 1524 724 λάϐωμεν’
1573 655 1666 707 καὶ
1698 653 1806 724 γὰρ
1839 653 1933 707 καὶ
1969 649 2185 711 κολάζει

616 731 867 803 καθάπερ
904 733 1052 796 Θεός.
1096 736 1245 789 Αύτά
1276 737 1405 803 γοῦν
1430 737 1602 791 ταῦτα
1636 738 1796 800 αὐτὸς
1829 735 2120 807 εἰργάσατο
2158 735 2186 786 6

616 814 803 875 εἰπὼν,
859 818 956 882 Ὃς
1008 817 1085 870 ἂν
1123 818 1553 889 ἐπικαλέσηται
1596 820 1662 874 τὸ
1712 820 1897 889 ὄνομα
1937 817 2184 886 Κυρίου,

614 897 974 962 σωθήσεται.
1010 899 1089 952 T6
1142 902 1285 954 κατὰ
1337 902 1432 973 τὴν
1466 903 1823 973 Ἰερουσαλὴμ
1872 901 2037 969 λέγω,
2085 898 2185 969 τὴν

612 982 881 1051 ἀφόρητον
928 983 1142 1053 ἐκείνην
1175 986 1418 1039 κόλασιψ
1452 980 1521 1056 ἦς
1560 986 1817 1057 βούλομαι
1857 984 2014 1052 ὀλίγα
2049 982 2186 1053 πρὸς

613 1064 757 1134 ὑμᾶς
796 1066 989 1129 εἰπεῖν,
1025 1071 1430 1141 χρησιμεύοντα
1457 1073 1586 1141 ἡμῖν
1630 1071 1724 1125 καὶ
1754 1068 1889 1140 πρὸς
1920 1070 2186 1139 Μαρκιω-

612 1148 799 1211 νιστὰς
858 1150 950 1203 καὶ
1004 1152 1141 1222 πρὸς
1187 1153 1379 1216 ἄλλους
1432 1153 1660 1216 πολλοὺς
1711 1154 1821 1206 τῶν
1869 1150 2181 1221 αἰρετικῶν.

624 1230 839 1303 Ἐπειδὴ
867 1233 976 1305 γὰρ
1004 1235 1252 1304 λέγουσιν
1276 1238 1477 1301 ἀγαθὸν
1503 1237 1634 1290 Θεὸν
1659 1237 1750 1290 τὸν
1775 1236 2026 1307 Χριστὸν,
2051 1235 2186 1287 ἐκεῖ·

611 1332 699 1367 νον
728 1316 785 1369 δὲ
832 1319 1087 1390 πονηρὸν,
1131 1321 1329 1391 ίδωμεν
1362 1323 1445 1384 τίς
1480 1321 1650 1373 ταῦτα
1684 1320 1923 1390 ἐποίησε.
1953 1320 2047 1383 Τίς
2076 1318 2185 1371 τοί-

611 1416 705 1452 νυν
750 1400 922 1455 ταῦτα
972 1404 1297 1475 εἰργάσατο;
1352 1406 1380 1457 6
1430 1406 1687 1475 πονηρὸς,
1720 1405 1894 1475 τούτῳ
1925 1403 2179 1475 ἀμύνων;

611 1484 898 1553 Οὐδαμῶς.
932 1487 1053 1551 Πῶς
1077 1483 1168 1541 οὖν
1192 1489 1353 1542 αὐτοῦ
1384 1488 1695 1560 ἀλλότριοςς
1734 1488 1872 1541 Ἀλλ’
1899 1491 1926 1541 6
1948 1487 2178 1556 ἀγαθός;

623 1568 787 1621 Ἀλλὰ
814 1571 1087 1625 δείκνυται
1121 1573 1213 1625 καὶ
1237 1576 1264 1626 6
1300 1574 1486 1645 Πατὴρ
1513 1574 1604 1627 καὶ
1632 1577 1660 1627 6
1694 1575 1820 1631 Υἱὸς
1842 1570 2179 1644 πεποιηκώς⁸

609 1651 638 1703 6
673 1652 770 1721 μὲν
796 1654 986 1724 Πατὴρ
1016 1656 1305 1727 πολλαχοῦ,
1339 1659 1414 1720 ώς
1449 1659 1577 1710 ὅταν
1616 1658 1768 1729 λέγῃ,
1810 1658 1867 1709 ἐν
1897 1656 1976 1726 τῷ
2001 1657 2182 1724 ἀμπε-

609 1732 739 1785 λῶνι
786 1736 1025 1807 πέμπειν
1070 1739 1137 1792 τὰ
1185 1740 1569 1810 στρατεύματα
1629 1739 1827 1793 αὐτοῦ⁸
1870 1742 1899 1792 6
1942 1738 2000 1791 66
2033 1736 2180 1799 Υἰὸς,

608 1816 738 1868 ὅταν
788 1818 940 1890 λέγῃ,
999 1820 1144 1886 Τοὺς
1186 1821 1254 1873 δὲ
1315 1824 1566 1891 ἐχθρούς
1617 1840 1736 1891 μου
1784 1821 2032 1889 ἀγάγετε
2081 1820 2181 1873 καί

610 1902 1035 1969 κατασφάξατε
1060 1904 1317 1958 ἐνώπιόν
1347 1923 1489 1975 μου,
1524 1906 1665 1971 τοὺς
1688 1904 1774 1974 μὴ
1803 1901 2178 1971 θελήσαντάς

607 2002 681 2048 με
708 1985 905 2039 αὐτῶν
933 1988 1327 2051 βασιλεῦσαι.
1360 1990 1571 2053 ’Ἄλλως
1620 1990 1676 2042 66
1718 1991 1813 2043 καὶ⁵
1846 1988 2007 2051 αὐτὸς
2035 1987 2182 2055 λέγει

608 2067 706 2129 τὰς
740 2067 947 2137 θλίψεις
970 2069 1068 2133 τὰς
1100 2072 1385 2142 ἐσομένας,
1412 2066 1487 2125 ὧν
1509 2072 1661 2125 οὐδὲν
1688 2072 1966 2143 ὠμότερον
1990 2070 2181 2138 γέγονε

608 2150 719 2203 τῶν
745 2151 962 2205 πώποτε
999 2157 1426 2225 πεπραγμένων,
1456 2156 1549 2209 καὶ
1574 2157 1736 2218 αὐτὸς
1763 2155 1933 2219 αὐτάς
1964 2154 2180 2222 ἀπεφή-

610 2252 756 2288 νατο.
795 2236 984 2300 Θέλεις
1033 2234 1126 2291 οὖν
1177 2239 1407 2293 ἀκοῦσαι
1445 2240 1516 2293 τά
1560 2241 1931 2311 γεγενημένα;
1973 2238 2183 2291 Ὀϐελί-

611 2335 760 2381 σκοις
787 2319 984 2384 αὐτοὺς
1019 2320 1317 2393 διέπειραν.
1361 2324 1426 2375 Τί
1456 2323 1660 2377 τούτων
1692 2324 1821 2377 ἰδεῖν
1849 2323 2179 2394 βαρύτερον;

622 2401 780 2455 Ἀλλά
810 2402 868 2455 16
898 2404 996 2474 τῆς
1022 2406 1279 2471 γυναικὸς
1309 2406 1489 2476 βούλει
1522 2408 1692 2471 πάθος
1719 2407 2053 2479 διηγήσομαι
2091 2406 2185 2459 καὶ

607 2485 705 2554 τὴν
728 2486 1034 2555 τραγῳδίαν
1082 2488 1316 2558 ἐκείνην,
1352 2489 1473 2559 ἥτις
1504 2493 1684 2544 πᾶσαν
1717 2490 2004 2560 ἀπέκρυψε
2046 2507 2185 2560 συμ-

608 2568 815 2638 φοράν;
868 2569 1004 2621 ἀλλά
1037 2573 1161 2633 τοὺς
1213 2570 1403 2641 λιμοὺς
1452 2574 1546 2625 καὶ
1593 2575 1718 2637 τοὺς
1766 2572 2018 2642 λοιμούς;
2072 2572 2183 2625 Καὶ

607 2649 846 2721 παρίημι
901 2652 971 2705 16
1019 2654 1226 2707 τούτων
1283 2655 1661 2726 χαλεπώτερα.
1721 2655 1993 2726 Ἡγνοήθη
2052 2656 2180 2725 παρ’

606 2733 836 2798 ἐκείνοις
868 2736 900 2806 ἡ
930 2736 1110 2804 φύσις,
1141 2739 1380 2809 ἠγνοήθη
1434 2741 1461 2791 6
1506 2739 1689 2808 νόμοςο
1718 2738 1786 2791 16
1815 2739 1980 2810 θηρία
2008 2739 2179 2811 ὑπερ-

603 2816 915 2885 ηκόντισαν.
970 2820 1154 2874 Πάντα
1202 2820 1257 2873 δέ
1308 2821 1481 2874 ταῦτα
1523 2821 1628 2874 ὑπὸ
1670 2822 1767 2892 τῆς
1793 2824 2041 2893 ἀνάγκης
2071 2821 2181 2875 τῶν

605 2899 856 2970 πολέμων
884 2902 1097 2970 γέγονε,
1128 2903 1220 2957 τοῦ
1260 2904 1395 2958 Θεοῦ
1440 2905 1761 2976 βουλομένου
1792 2907 1885 2960 καὶ
1914 2906 2009 2961 τοῦ
2041 2906 2179 2980 Χρι-

606 2982 754 3039 στοῦ.
789 2984 973 3039 Ταῦτα
1002 2986 1097 3039 καὶ
1150 2988 1285 3059 πρὸς
1325 2990 1747 3061 Μαρκιωνιστάς
1786 2990 2037 3061 ἁρμόσει,
2086 2991 2179 3045 καὶ

605 3066 741 3136 πρὸς
766 3068 893 3132 τοὺς
935 3069 1298 3133 ἀπιστοῦντας
1324 3075 1389 3142 τῇ
1421 3072 1633 3144 γεέννῃ*
1669 3073 1829 3126 ἱκανά
1862 3073 1971 3145 γὰρ
2000 3073 2179 3127 αὐτῶν

603 3152 953 3221 ἐπιστομίσαι
978 3152 1075 3224 τὴν
1105 3156 1505 3225 ἀναισχυντίαν.
1532 3158 1651 3210 Τῶν
1682 3161 1739 3212 ἐν
1770 3158 2048 3211 Βαϐυλῶνι
2078 3176 2177 3211 κα-

603 3233 715 3286 κῶν
747 3235 865 3305 οὐχὶ
895 3238 1066 3290 ταῦτα
1126 3239 1515 3310 χαλεπώτερα;
1566 3240 1675 3295 τῶν
1736 3242 1910 3313 λιμῶν
1954 3242 2176 3296 ἐκείνων

600 3319 724 3388 οὐχὶ
753 3319 925 3373 ταῦτα
956 3322 1133 3392 πολλῷ
1164 3323 1464 3394 βαρύτερα;
1500 3326 1634 3395 Περί
1660 3326 1863 3379 τούτων
1892 3327 1987 3380 καὶ
2017 3328 2177 3391 αὐτὸς

601 3403 918 3473 ἀπεφήνατο
946 3410 973 3459 6
995 3408 1247 3476 Χριστὸς,
1273 3407 1467 3475 λέγων·
1497 3411 1701 3463 Ἔσται
1735 3411 1941 3478 θλίψις
1968 3412 2066 3464 οἶα
2103 3415 2176 3466 οὐ

600 3484 866 3553 γέγονεν,
900 3488 1042 3542 οὐδὲ
1065 3490 1151 3559 μὴ
1185 3490 1441 3559 γένηται.
1478 3492 1601 3555 Πῶς
1634 3488 1727 3545 οὖν
1756 3492 1977 3561 λέγουσί
2009 3510 2171 3558 τινες,

600 3568 909 3623 ὅτιιεῖασεν
959 3573 1140 3636 αὐτοῖς
1185 3576 1213 3627 6
1247 3574 1476 3644 Χριστὸς
1527 3574 1624 3644 τὴν
1668 3574 1968 3646 ἀμαρτίαν;
2023 3577 2177 3648 Τάχα

597 3650 747 3703 δοκεῖ
774 3652 952 3705 κοινὸν
980 3650 1119 3708 εἶναι
1144 3656 1205 3709 τὸ
1235 3658 1476 3728 ζήτημαο
1513 3657 1627 3710 ἀλλ’
1660 3659 1817 3728 ὑμεῖς
1845 3658 1977 3712 αὐτὸ
2000 3660 2176 3713 ἱκανοὶ

598 3732 779 3813 λῦσαι.
828 3737 1015 3802 οὐδεὶς
1044 3739 1278 3810 οὐδαμοῦ
1310 3742 1537 3813 πλάσμα
1568 3742 1806 3795 τοιοῦτον
1835 3742 1946 3812 ἔχει
1981 3743 2171 3808 δεῖξαι,

597 3812 709 3871 οἷον
736 3821 829 3873 ἐπὶ
856 3823 951 3892 τῆς
979 3823 1237 3893 ἀληθείας
1268 3812 1479 3894 γέγονεν.
1517 3826 1625 3878 Καὶ
1648 3826 1696 3878 εἰ
1728 3825 1827 3895 μὲν
1853 3828 2175 3897 Χριστιανὸς

597 3902 627 3954 6
659 3903 830 3957 ταῦτα
859 3904 1086 3975 γράφων
1126 3904 1213 3979 ἦν,
1246 3909 1348 3962 κᾶν
1379 3908 1617 3973 ὕποπτος
1640 3913 1668 3965 6
1697 3910 1853 3980 λόγος
1883 3908 1951 3983 ἦν
1976 3930 1989 3943 ·
2039 3914 2086 3965 εἰ
2118 3912 2175 3966 δὲ

611 3987 877 4053 Ἰουδαῖος.
903 3992 996 4044 καὶ
1028 3991 1273 4055 Ἰουδαῖος
1297 3994 1561 4064 ζηλωτὴς,
1592 3994 1730 4063 μετά
1761 3996 1821 4047 16
1846 3995 2174 4065 Εὐαγγέλιον

598 4069 787 4134 ἐλθὼν,
824 4073 940 4136 πῶς
973 4074 1034 4126 οὐ
1069 4077 1203 4127 πᾶσι
1251 4076 1525 4145 κατάδηλα
1569 4077 1637 4130 16
1680 4079 2173 4148 γενόμενα;·”οψει

596 4152 706 4224 γάρ
756 4155 919 4209 αὐτὸν
964 4158 1237 4228 πανταχοῦ
1285 4160 1377 4213 καί
1440 4160 1736 4231 ἐπαίροντα
1780 4162 1850 4214 τὰ
1883 4162 2169 4219 Ἰουδαῖκά.

597 4236 808 4291 Οὐκοῦν
865 4239 978 4293 ἐστι
1018 4243 1109 4295 καὶ
1156 4242 1369 4310 γέεννα,
1400 4244 1494 4296 καὶ
1540 4245 1741 4313 ἀγαθός
1783 4247 1930 4299 ἐστιν
1964 4249 1991 4299 6
2019 4248 2169 4312 Θεός.

582 4315 741 4390 "Ap:
778 4322 1029 4393 ἐφρίξατε
1056 4324 1228 4378 ταῦτα
1269 4327 1628 4390 ἀκούσαντες;
1670 4328 1831 4381 Ἀ).λά
1876 4328 2049 4383 ταῦτα
2087 4332 2166 4383 ἐν·

595 4403 770 4456 ταῦθα
798 4406 1057 4477 γινόμενα
1084 4408 1238 4461 οὐδέν
1265 4410 1380 4463 ἐστι
1410 4411 1545 4481 πρὸς
1567 4413 1635 4465 16
1655 4412 1785 4465 ἐκεῖ.
1819 4412 1987 4466 Πάλιν
2003 4416 2172 4483 ἀναγ-

596 4486 831 4557 κάζομαι
876 4489 1045 4561 ἀηδὴς
1072 4490 1356 4559 φαίνεσθαι
1413 4494 1506 4546 καὶ
1564 4495 1815 4566 φορτικὸς
1850 4495 1944 4548 καλ⁵
1974 4495 2168 4567 βαρύς⁸

595 4571 733 4625 ἀλλά
769 4573 821 4626 τί
862 4574 1050 4632 πάθω;
1110 4576 1203 4637 Εἰς
1239 4576 1398 4630 τοῦτο
1447 4582 1654 4649 κεῖμαι.
1700 4580 1965 4651 Καθάπερ
2018 4581 2174 4634 παιδ-

595 4656 811 4724 αγωγὸς
860 4656 1091 4725 χαλεπὸς
1141 4658 1221 4721 είς
1264 4658 1421 4712 τοῦτο
1454 4664 1653 4725 κεῖται,
1685 4664 1765 4725 εἰς
1811 4662 1871 4714 16
1902 4665 2171 4733 μισεῖσθαι

596 4738 749 4808 παρά
798 4738 905 4791 τῶν
937 4739 1489 4810 παιδαγωγουμένων·
1544 4744 1685 4797 οῦτω
1731 4744 1795 4816 δὴ
1846 4748 1940 4799 καὶ
1986 4749 2168 4817 ἡμεῖς.

596 4819 721 4883 Πῶς
750 4821 858 4893 γάρ
888 4823 988 4875 οὐκ
1015 4822 1236 4888 ἄτοπον,
1267 4826 1392 4889 τοὺς
1425 4827 1521 4896 μὲν
1553 4828 1703 4899 παρὰ
1731 4829 1993 4899 βασιλέων
2018 4831 2172 4895 τάξιν

593 4904 716 4956 τινά
737 4904 850 4975 μὸι
873 4906 1194 4975 ταχθέντας,
1212 4908 1313 4961 κᾶν
1335 4910 1494 4979 ἀηδὲς
1580 4912 1639 4964 16
1660 4915 2123 4983 προσταττόμενον
2143 4916 2171 4955 ι)

596 4989 790 5039 ποιεῖν·
827 4990 973 5057 ἡμᾶς
994 4989 1050 5041 δὲ
1078 4989 1167 5041 διὰ
1194 4992 1291 5061 τὴν
1329 4994 1458 5064 παρ’
1490 4993 1644 5065 ὑμῶν
1672 4995 1878 5067 μέμψιν
1908 4998 2171 5052 ἐλλείπειν

596 5067 695 5139 τὴν
723 5068 899 5134 τάξιν,
936 5073 1001 5141 ἢν
1030 5073 1373 5144 ἐτάχθημεν;

667 5152 858 5216 Ἀλλος
890 5154 1047 5225 ἔργον
1076 5156 1186 5227 έχει
1227 5158 1444 5228 ἕτερον’
1496 5160 1649 5230 ὑμῶν
1677 5161 1733 5214 66
1783 5161 1966 5216 πολλοὶ
2011 5163 2169 5234 ἔργον

594 5234 797 5305 ἔχουσι.
828 5236 889 5288 16
920 5238 1111 5303 ἐλεεῖν,
1156 5240 1216 5293 τὸ
1254 5242 1812 5313 φιλανθρωπεύεσθαι,
1856 5247 2001 5315 ἡδεῖς
2030 5244 2169 5300 εἶναι

594 5318 690 5370 καὶ
718 5323 1005 5388 προσηνεῖς
1030 5324 1140 5384 τοῖς
1183 5324 1675 5396 εὐεργετουμένοις.
1733 5329 1924 5397 Ἡμεῖς
1961 5330 2015 5382 δὲ
2059 5334 2170 5395 τοῖς

593 5401 991 5472 ὠφελουμένοις
1044 5405 1229 5476 βαρεῖς
1278 5409 1579 5479 φαινόμεθα
1633 5410 1724 5464 καὶ
1769 5412 2024 5481 χαλεποὶ,
2078 5417 2171 5467 καὶ

594 5485 841 5553 φορτικοὶ
902 5485 995 5538 καὶ
1058 5489 1239 5556 ἀηδεῖς
1270 5505 1283 5517 ·
1352 5491 1410 5542 οὐ
1476 5490 1584 5562 γάρ
1649 5491 1716 5543 δι’
1762 5487 1837 5544 ὧν
1897 5494 2170 5563 τέρπομεν

598 5563 941 5635 ώφελοῦμεν,
999 5569 1139 5623 ἀλλά
1212 5572 1277 5625 δι’
1312 5565 1386 5625 ὧν
1424 5572 1710 5643 δάκνομεν.
1769 5575 2017 5638 Τοιοῦτός
2056 5580 2169 5632 ἐστι

594 5648 688 5700 καὶ
748 5651 777 5700 6
834 5652 1033 5721 ἰατρός.
1097 5654 1232 5705 Ἀλλ’
1284 5658 1490 5719 ἐκεῖνος
1545 5658 1641 5725 μὲν
1700 5657 1760 5708 οὐ
1806 5660 2009 5726 σφόδρα
2066 5662 2169 5731 ἀη-

654 5782 679 5843 ξ
720 5772 851 5821 Idem
873 5777 967 5823 τῶν
993 5777 1202 5838 σημείων
1228 5777 1315 5841 οὐχ
1344 5776 1486 5836 ἧττον
1524 5778 1579 5825 τὸ
1604 5777 1811 5834 τούτους.
1880 5780 1907 5820 b
1937 5782 2072 5833 L’nus
2114 5786 2168 5834 16

591 5848 891 5897 προσταγμα.

2291 315 2418 386 δής·
2474 316 2672 383 εὐθέως
2724 320 2832 389 γὰρ
2869 322 2969 391 τῆς
3010 319 3175 374 αὐτοῦ
3230 320 3423 390 τέχνης
3474 318 3572 390 τὴν
3604 317 3882 387 ὠφέλειαν

2292 402 2591 473 παρέχεται
2619 422 2632 435 ·
2685 406 2845 475 ἡμεῖς
2874 406 2930 460 δὲ
2964 408 3023 459 ἐν
3054 406 3133 476 τῷ
3168 406 3433 475 μέλλοντι.
3468 403 3720 468 Τοιοῦτός
3760 408 3883 457 ἐστι

2291 486 2386 537 καὶ
2400 488 2427 538 ό
2449 486 2724 558 δικαστὴς,
2742 488 2982 560 λυπηρὸς
3002 492 3113 553 τοῖς
3128 488 3344 543 νοσοῦσι
3370 488 3465 541 καὶ
3495 489 3876 551 στασιάζουσι.

2288 566 2530 633 τοιοῦτος
2559 572 2587 624 6
2627 572 2944 643 νομοθέτης.
2966 573 3207 644 λυπηρὸς
3227 576 3339 636 τοῖς
3364 572 3877 644 νομοθετουμένοις.

2300 652 2439 705 Ἀλλ’
2460 655 2557 724 οὐχ
2575 657 2602 708 6
2623 655 2801 709 καλῶν
2822 658 2913 709 ἐπὶ
2928 656 3155 728 τρυφὴν,
3175 656 3294 709 οὐδὲ
3315 658 3342 709 6
3361 656 3676 726 δημοτελεῖς
3704 656 3880 709 ποιῶν

2286 733 2479 805 ἐορτάς
2512 738 2605 790 καὶ
2636 740 2992 810 πανηγύρεις,
3022 740 3143 792 οὐδέ
3174 740 3203 791 6
3236 738 3513 807 στεφανῶν
3540 739 3632 792 16v
3665 739 3875 809 δῆμον·

2286 818 2423 870 6116
2451 824 2740 889 προσηνεῖς
2759 815 2925 883 οὗτοι,
2952 821 3282 893 εὐωχοῦντες
3303 821 3402 885 τὰς
3428 821 3611 885 πόλεις
3633 822 3878 892 θεάμασι

2286 902 2667 969 παντοδαποῖς,
2714 906 3057 977 εἰσφέροντες
3086 946 3101 969 ,
3124 904 3527 967 ἀναλίσκοντες.
3581 905 3678 958 Διά
3712 906 3879 958 τοῦτο

2286 984 2381 1036 καὶ
2407 984 2704 1055 εὐφημίαις
2735 997 2757 1024 ε
2791 988 2986 1051 αὐτοὺς
3021 988 3338 1059 ἀμείϐονται
3381 989 3431 1040 οἱ
3475 988 3739 1051 παθόντες
3787 984 3872 1051 εὖ,

2285 1067 2379 1121 καὶ
2444 1069 2924 1139 παραπετάσμασι,
2974 1072 3069 1124 καὶ
3123 1071 3423 1140 λαμπάδων
3487 1072 3720 1142 πλήθει.
3776 1075 3876 1125 καὶ

2288 1150 2581 1220 στέμμασι,
2613 1154 2707 1205 καὶ
2736 1152 2973 1216 κλάδοις,
3010 1154 3106 1207 καὶ
3147 1155 3335 1225 ἐσθῆτι
3368 1154 3613 1226 λαμπρᾷ.
3672 1157 3773 1207 Ἂν
3812 1156 3875 1207 66

2283 1234 2373 1286 τὸν
2401 1236 2579 1306 ἰατρὸν
2601 1237 2781 1289 ἴδωσιν
2808 1238 2856 1289 οί
2891 1238 3210 1307 κάμνοντες.
3236 1238 3455 1306 στυγνολ⁵
3479 1240 3573 1291 καὶ
3601 1242 3875 1307 κατηφεῖς

2283 1316 2554 1384 γίνονται·
2590 1317 2655 1371 ἂν
2694 1319 2784 1371 16v
2829 1320 3089 1393 δικαστὴν
3135 1320 3335 1391 ὁμοίως
3361 1322 3411 1373 οἱ
3464 1320 3870 1385 στασιάζοντες,

2286 1401 2702 1472 συνεσταλμένοι
2745 1404 3005 1470 γίνονται,
3059 1404 3181 1475 οὐχὶ
3227 1404 3552 1473 διαχέονται,
3605 1404 3727 1456 οὐδὲ
3784 1405 3875 1475 ὀρ-

2283 1483 2524 1553 χοῦνται,
2549 1485 2688 1555 πλὴν
2718 1486 2846 1539 ὅταν
2874 1488 3122 1550 κάκεῖνος
3150 1489 3228 1551 εἰς
3260 1488 3475 1559 ἐκείνην
3502 1490 3740 1558 μεταστῇ
3767 1490 3870 1559 τὴν

2282 1566 2453 1630 τάξιν.
2499 1567 2728 1638 Ἴδωμεν
2756 1566 2849 1622 οὖν
2880 1570 3027 1632 τίνες
3077 1569 3309 1639 μάλιστα
3355 1570 3453 1631 τὰς
3498 1569 3679 1633 πόλεις
3722 1570 3873 1639 ὠφε-

2283 1650 2483 1717 λοῦσιν,
2509 1652 2559 1704 οἰ
2592 1651 2688 1715 τὰς
2726 1652 2920 1724 ἐορτάς
2970 1653 3171 1717 ταύτας
3203 1652 3447 1721 ἄγοντες,
3493 1652 3588 1706 καὶ
3621 1652 3721 1717 16;
3769 1654 3871 1707 θαο

2284 1734 2425 1798 λίας,
2460 1734 2552 1787 καί
2587 1735 2685 1798 τάς
2709 1735 2987 1805 τραπέζας
3017 1736 3115 1798 16;
3144 1735 3476 1799 πολυτελεῖς,
3500 1736 3717 1799 καὶτὰς
3746 1737 3869 1807 τέρ-

2284 1817 2408 1884 ψεις
2432 1816 2529 1881 τὰς
2565 1817 2816 1881 ποικίλας
2837 1835 2850 1848 ·
2886 1819 2919 1889 ἢ
2949 1821 2997 1872 οἰ
3032 1818 3212 1872 πάντα
3243 1821 3426 1872 ἐκεῖνα
3462 1818 3864 1884 συστείλαντες,

2285 1902 2381 1954 καὶ
2418 1900 2480 1953 16
2522 1901 2677 1967 ξύλον
2711 1903 3115 1974 ἐπιφερόμενοι,
3168 1902 3261 1955 καὶ
3314 1902 3604 1973 μάστιγας,
3638 1903 3732 1956 καὶ
3765 1904 3863 1973 δη-

2289 1983 2465 2055 μίους,
2494 1985 2589 2038 καὶ
2633 1985 2970 2056 στρατιώτας
3003 1986 3286 2055 φοϐεροὺς,
3320 1987 3414 2040 καὶ
3448 1984 3629 2056 φωνὴν
3678 1990 3866 2057 προϊέ-

2288 2086 2437 2140 μενοι
2465 2070 2659 2124 πολλοῦ
2691 2072 2894 2143 τρόμου
2933 2073 3231 2143 γέμουσαν,
3274 2072 3369 2125 καὶ
3409 2072 3862 2142 ἐπισκήπτοντες,

2284 2154 2379 2207 καὶ
2432 2156 2697 2225 κατηφεῖν
2750 2154 3047 2218 ποιοῦντες,
3095 2156 3190 2209 καὶ
3244 2155 3423 2227 ῥάϐδῳ
3464 2155 3862 2219 ἀποσοϐοῦντες

2283 2238 2409 2301 τοὺς
2448 2239 2541 2290 ἐπὶ
2564 2241 2662 2308 τῆς
2702 2240 2931 2307 ἀγορᾶς.
2978 2238 3206 2307 Ἴδωμεν
3234 2239 3413 2291 τοίνυν
3440 2238 3544 2291 ποῦ
3573 2238 3635 2291 16
3674 2239 3863 2309 κέρδος

2282 2320 2459 2390 λήγει.
2506 2316 2662 2375 Οὗτοι
2698 2322 2796 2391 μὲν
2824 2322 2932 2392 γάρ
2966 2323 3103 2374 εἰσιν
3134 2322 3336 2391 ἀηδεῖς,
3371 2323 3568 2374 ἐκεῖνοι
3594 2322 3650 2374 66
3679 2323 3860 2375 ποθει-

2284 2404 2384 2458 νοί.
2415 2404 2479 2457 Τί
2516 2400 2608 2457 οὖν
2636 2405 2731 2457 ἀπ’
2760 2405 2984 2457 ἐκείνων
3011 2406 3218 2473 γίνεται
3250 2404 3351 2458 τῶν
3376 2405 3713 2475 τερπόντωνς
3769 2406 3859 2457 'H—

2281 2488 2403 2557 δονή
2434 2506 2517 2552 τις
2567 2488 2771 2561 ψυχρὰ,
2809 2489 2968 2560 μέχρι
3000 2489 3098 2559 τῆς
3131 2489 3367 2560 ἑσπέρας
3405 2489 3639 2559 μένουσα
3668 2488 3763 2542 καὶ
3788 2491 3857 2560 τῇ

2282 2572 2510 2645 ἐπιούσῃ
2538 2573 2878 2645 διαρρέουσα,
2906 2572 3079 2641 γέλως
3105 2571 3359 2634 ἄτακτος,
3388 2572 3606 2642 ῥήματα
3633 2572 3857 2642 ἀπρεπῆ

2282 2654 2375 2707 καὶ
2402 2654 2786 2725 διακεχυμένα.
2816 2656 2883 2708 Τί
2924 2655 3011 2709 δαὶ
3039 2655 3145 2709 ἀπὸ
3168 2655 3400 2721 τούτωνς
3431 2654 3616 2718 Φόϐος,
3648 2672 3858 2726 σωφρο-

2284 2736 2438 2807 σύνη.
2493 2737 2749 2808 λογισμὸς
2812 2737 3267 2810 συνεσταλμένος,
3328 2739 3507 2808 ψυχῆς
3563 2738 3853 2800 ἐπιείκεια,

2283 2820 2551 2890 ῥᾳθυμίας
2599 2822 2895 2893 ἀναίρεσις,
2940 2821 3153 2893 χαλινὸς
3182 2822 3290 2875 τῶν
3315 2820 3343 2861 ἀ
3375 2821 3521 2875 ἔνδον
3558 2820 3726 2875 ὄντων
3752 2838 3858 2873 πα-

2281 2901 2409 2968 θῶν,
2461 2905 2637 2974 τεῖχος
2669 2905 2775 2958 τῶν
2817 2904 3013 2969 ἔξωθεν
3048 2905 3326 2958 ἐπιόντων.
3383 2906 3482 2957 Διά
3506 2904 3726 2968 τούτους
3759 2903 3859 2967 16;

2278 2984 2465 3048 οὐσίας
2492 2986 2684 3057 ἔχομεν
2712 2987 2960 3051 ἕκαστος,
2990 2988 3057 3041 δι’
3086 2989 3296 3051 ἐκείνας
3324 2988 3381 3041 δὲ
3418 2988 3517 3047 τὰς
3548 2989 3740 3059 ἐορτάς
3764 2989 3855 3040 καὶ

2279 3067 2587 3133 ἐπιϐλαϐῶς
2625 3070 2889 3141 κενοῦμεν
2920 3071 3109 3135 αὐτὰς,
3158 3072 3217 3124 οὐ
3262 3069 3473 3144 λῃστῶν
3516 3070 3854 3123 ἐπεισελθόν-

2277 3169 2407 3218 των,
2455 3153 2593 3208 ἀλλά
2624 3155 2723 3224 τῆς
2754 3156 2871 3225 μεθ’
2904 3156 3096 3227 ἡδονῆς
3132 3154 3500 3227 λῃστευούσης
3528 3154 3850 3218 κενοδοξίας.

2291 3236 2422 3308 Ὀρᾷ
2470 3238 2563 3292 τὸν
2610 3237 2811 3311 λῃστὴν
2860 3238 3089 3302 ἕκαστος
3136 3238 3468 3309 ἐκφοροῦντα
3516 3237 3713 3301 πάντα,
3760 3239 3855 3290 καὶ

2276 3321 2481 3390 ἥδεται.
2517 3322 2715 3386 Καινὸς
2746 3323 2844 3393 τῆς
2870 3322 3125 3395 λῃστείας
3157 3326 3187 3378 6
3222 3324 3456 3395 τρόπος⁸
3501 3323 3683 3376 ἔπεισε
3727 3323 3853 3387 τοὺς

2277 3405 2677 3475 ἀποδυομένους
2705 3407 3112 3478 εὐφραίνεσθαι.

2346 3501 2408 3554 δ’.
2428 3502 2566 3555 Ἀλλ’
2586 3504 2686 3556 οὐκ
2706 3504 2821 3556 ἐκεῖ
2846 3504 3085 3558 τοιοῦτον
3104 3504 3273 3558 οὐδέν’
3300 3504 3436 3559 ἀλλά
3453 3505 3616 3559 πᾶσιν
3636 3503 3855 3557 ἀπετείο

2278 3603 2426 3654 χισεν
2454 3587 2483 3639 6
2501 3586 2634 3650 Θεὸς
2664 3587 2917 3659 καθάπερ
2946 3589 3121 3653 κοινὸς
3151 3589 3358 3661 Πατὴρ,
3386 3590 3613 3651 καὶτοῖς
3641 3588 3853 3660 ὁρωμιο

2275 3685 2408 3734 νοις,
2454 3670 2549 3722 καὶ
2598 3672 2711 3734 τοῖς
2756 3671 2829 3741 μὴ
2867 3672 3180 3743 ὁρωμένοις.
3238 3671 3501 3727 Βλέπετε
3531 3671 3661 3743 γάρ,
3695 3671 3847 3741 φησὶ,

2275 3753 2391 3820 τὴν
2448 3754 2869 3822 ἐλεημοσύνην
2917 3754 3086 3824 ὑμῶν
3128 3755 3215 3825 μὴ
3278 3754 3472 3810 ποιεῖν
3514 3755 3853 3824 ἔμπροσθεν

2276 3835 2393 3889 τῶν
2426 3837 2771 3906 ἀνθρώπων.
2823 3837 3099 3892 Μανθάνει
3148 3838 3295 3911 ψυχὴ
3342 3836 3591 3891 ἐντεῦθεν
3638 3837 3851 3891 ἀδικίαν

2275 3920 2517 3989 φεύγειν.
2570 3921 2777 3975 Ἀδικία
2818 3921 2946 3993 γὰρ,
3005 3922 3066 3975 οὐ
3118 3923 3180 3976 16
3230 3924 3485 3995 χρήματα
3513 3922 3852 3977 πλεονεκτεῖν

2277 4004 2457 4073 μόνον,
2487 4004 2621 4057 6116
2663 4006 2757 4059 καὶ
2788 4005 2848 4058 16
2874 4004 3035 4059 πλέον
3062 4005 3160 4075 τῆς
3181 4006 3491 4078 ὡρισμένης
3524 4007 3731 4078 τροφῆς
3769 4006 3850 4059 δι-

2272 4090 2419 4144 δόναι
2449 4094 2516 4163 τῇ
2546 4094 2764 4164 γαστρὶ,
2814 4094 2909 4146 καὶ
2964 4092 3064 4164 τὴν
3104 4093 3441 4165 εὐφροσύνην
3482 4094 3591 4147 τῶν
3636 4093 3851 4147 οἰκείων

2275 4176 2489 4245 ἐξάγειν
2520 4176 2753 4247 μέτρων,
2786 4178 2881 4231 καὶ
2908 4178 3084 4231 ποιεῖν
3110 4176 3563 4248 ἐκϐακχεύεσθαι.
3612 4176 3852 4231 Ἐκεῖθεν

2276 4260 2626 4331 σωφροσύνην
2675 4260 2956 4329 μανθάνει.
3008 4261 3255 4315 ἐντεῦθεν
3284 4260 3596 4314 ἀκολασίαν.
3641 4260 3716 4314 Οὐ
3742 4263 3850 4333 γάρ

2273 4343 2334 4395 16
2380 4344 2603 4413 μιγῆναι
2637 4345 2855 4411 γυναικί
2913 4344 3071 4414 μόνον
3126 4344 3409 4406 ἀκολασία,
3462 4343 3598 4398 6116
3655 4344 3749 4397 καὶ
3791 4345 3854 4397 16

2273 4427 2592 4491 ἀκολάστοις
2652 4426 2777 4481 ἰδεῖν
2836 4426 3154 4498 ὀφθαλμοῖς.
3238 4427 3475 4481 Ἐκεῖθεν
3551 4428 3852 4481 ἐπιείκειαν

2277 4510 2556 4581 μανθάνει,
2590 4510 2837 4564 ἐντεῦθεν
2866 4510 3055 4579 τῦφον.
3108 4510 3309 4565 Πάντα
3348 4511 3456 4582 γάρ
3496 4530 3619 4580 μοι,
3662 4514 3852 4583 φησιν.

2272 4594 2543 4659 ἔξεστιν.
2589 4595 2726 4649 ἀλλ’
2752 4596 2825 4648 οὐ
2862 4596 3061 4649 πάντα
3090 4595 3401 4665 συμφέρει.
3443 4595 3560 4668 [46]
3612 4597 3853 4649 Ἐκεῖθεν

2274 4678 2609 4750 κοσμιότητα
2629 4718 2644 4741 ,
2674 4677 2925 4731 ἐντεῦθεν
2970 4679 3379 4750 ἀσχημοσύνην.
3416 4680 3498 4731 Τά
3524 4680 3632 4750 γάρ
3660 4682 3716 4732 ἐν
3736 4683 3852 4743 10E;

2274 4762 2519 4834 θεάτροις
2573 4760 2833 4833 παρίημι.
2887 4763 3009 4815 Ὀτι
3055 4762 3111 4815 δέ
3167 4762 3289 4816 οὐδέ
3340 4763 3499 4833 ἡδονή
3548 4764 3631 4825 τίς
3680 4766 3853 4828 ἐστιν,

2272 4848 2409 4902 ἀλλά
2459 4846 2625 4917 λύπη,
2666 4847 2874 4911 δείξατέ
2907 4864 2996 4917 μοι
3027 4848 3164 4917 μετὰ
3194 4849 3322 4918 μίαν
3346 4848 3554 4919 ἡμέραν
3584 4849 3683 4916 τῆς
3724 4850 3853 4916 ἐορ-

2271 4934 2369 5002 τῆς
2410 4932 2535 4996 τούς
2560 4949 2620 4984 τε
2672 4929 3078 4995 ἀναλώσαντας,
3107 4930 3233 4995 τούς
3260 4948 3320 4984 τε
3355 4931 3701 4995 ἐστιαθέντας
3734 4935 3854 4996 τοῖς

2273 5015 2527 5085 θεάμασι,
2560 5014 2653 5067 καὶ
2677 5013 2795 5083 ὄψει
2818 5014 3013 5077 αὐτοὺς
3049 5016 3147 5085 μὲν
3181 5017 3238 5067 ἐν
3279 5015 3550 5086 κατηφείᾳ
3580 5015 3851 5079 ἅπαντας,

2271 5098 2329 5150 ἐν
2361 5098 2564 5169 μείζονι
2600 5098 2657 5151 66
2692 5100 2896 5150 ἐκεῖνον
2940 5096 3031 5151 τὸν
3066 5098 3403 5152 ἀναλωκότα.
3441 5100 3549 5152 Καὶ
3581 5100 3813 5162 εἰκότως
3840 5118 3851 5130 -

2271 5181 2463 5252 ἔτερψε
2500 5180 2608 5253 γὰρ
2649 5184 2715 5251 τῇ
2751 5182 3053 5252 προτεραίᾳ
3077 5182 3169 5235 τὸν
3216 5182 3430 5254 ἰδιώτην
3454 5198 3471 5215 ο
3527 5181 3621 5235 κα)⁸
3663 5185 3693 5235 ὁ
3749 5184 3856 5252 μὲν

2274 5265 2487 5334 ἰδιώτης
2512 5266 2571 5318 ἐν
2592 5266 2829 5336 εὐθυμία
2854 5259 2923 5335 ἦν
2947 5265 3039 5317 καὶ
3063 5264 3223 5336 ἡδονῇ
3255 5264 3443 5337 πολλῇ·
3477 5264 3616 5327 τέως
3641 5264 3753 5334 γάρ
3783 5269 3856 5335 τῇ

2270 5362 2456 5431 ἐσθῆτι
2482 5361 2667 5431 ἔχαιρε
2694 5364 2760 5433 τῇ
2788 5362 3045 5433 λαμπρᾷο
3082 5362 3180 5433 τὴν
3224 5362 3419 5433 χρῆσιν
3449 5362 3505 5415 66
3535 5363 3705 5431 αὐτῆς
3751 5364 3859 5416 οὐκ

2270 5444 2427 5513 ἔχων,
2458 5444 2571 5497 611’
2597 5446 2739 5515 ὁρῶν
2770 5446 2964 5499 ἐαυτὸν
3001 5446 3386 5515 ἀποδυόμενον,
3418 5446 3574 5517 ήλγει
3603 5448 3698 5499 καὶ
3732 5448 3859 5501 ἐδά-

2270 5543 2445 5581 κνετο.
2485 5528 2719 5593 Ἐκεῖνος
2771 5530 2829 5582 δέ
2884 5530 2913 5581 6
2955 5529 3280 5596 ἀναλίσκων,
3332 5529 3425 5582 καὶ
3491 5529 3591 5600 τὴν
3639 5530 3856 5585 οἰκείαν

2813 5665 2825 5681 ν

2327 5664 2349 5691 ⁸⁵
2398 5661 2572 5712 Morel.
2614 5664 2742 5713 male
2782 5665 2832 5713 εὐ

2270 5724 2613 5797 εἶδον..(ἶοό.ςχ
2636 5740 2763 5797 guns
2783 5724 2971 5789 χαλινὸς
3008 5726 3108 5797 ἐστι
3147 5728 3249 5797 τῶν.
3287 5724 3431 5796 ἔνδον.
3468 5724 3624 5797 βίην.
3656 5725 3859 5797 χαλινὸς

2268 5788 2363 5833 τῶν
2381 5786 2524 5850 ἔνδον.
2545 5788 2692 5835 Paulo
2712 5786 2820 5850 νοεῖ
2838 5802 2963 5850 unus
2983 5788 3139 5835 codex
3159 5788 3218 5835 δι’
3233 5786 3411 5840 ἐκείνας
3431 5786 3511 5845 μὲν
3528 5786 3615 5847 γὰρ
3636 5786 3720 5840 τὰς
3741 5788 3831 5850 top

2269 5850 2353 5902 τὰς
2374 5848 2639 5904 ἐπιϐλιϐεἰς
2659 5849 2929 5909 στενοῦμεν.
2948 5849 3185 5900 Prmslarv
3202 5849 3394 5896 videtur
3414 5850 3654 5895 editorum
3668 5848 3853 5901 lectio.

2902 5664 3027 5739 μίαῆ
3094 5661 3119 5701 δ
3147 5662 3319 5738 Μοτρί.
3340 5662 3546 5739 λχαλιχρς
3568 5662 3859 5739 όβωςὶτῷν
