4024 6506
261 351 324 404 55
1207 343 1271 398 ιΝ
1312 343 1487 398 ACTA
1529 345 1566 397 Α
1579 343 1806 398 l‘OSTOl

1913 342 2052 400 iUM.
2069 343 2296 400 1101111..
2345 343 2402 396 ν.

252 465 566 523 resurrectio
593 472 648 518 et
674 464 823 533 signa
847 504 860 524 ,
890 461 1028 532 quod
1061 476 1251 530 nempe
1279 461 1395 514 illos
1421 460 1666 514 advocet.
1693 459 1825 513 Nam

252 559 384 628 quod
411 559 698 613 admodum
731 557 928 609 bonum
951 597 965 619 ,
1007 555 1114 607 Deo
1152 556 1382 607 maxime
1424 553 1690 621 preprium
1721 559 1824 604 est.

250 651 368 706 ideo
390 650 536 710 dicit,
569 647 732 702 Nemo
759 648 938 711 bonus,
962 646 1062 699 nisi
1097 660 1225 698 unus
1250 643 1388 696 Deus
1413 643 1559 702 (Luc.
1596 643 1683 697 18.
1716 639 1824 711 19).

248 743 347 797 Sed
377 757 444 796 ne
470 741 764 796 bonitatem
794 741 844 793 in
866 738 1083 793 desidia
1110 738 1442 791 occasionem
1469 735 1786 803 arripiamus
1809 749 1822 783 :

246 851 360 888 nam
392 834 542 900 punit
562 832 721 886 etiam
745 842 802 884 ut
829 831 988 886 Deus.
1013 829 1138 882 [hec
1158 843 1285 896 ergo
1309 826 1430 881 fecit
1457 827 1518 889 is,
1548 825 1635 895 qui
1657 824 1821 880 dixit:

245 926 420 979 Omnis
463 926 763 995 quicumque
805 924 1104 977 invocaverit
1148 937 1327 974 nomen
1372 917 1618 982 Domini,
1655 917 1823 972 saluus

239 1020 350 1071 erit.
388 1017 461 1071 De
493 1017 652 1070 rebus
679 1015 1026 1086 Jerosolymte
1053 1015 1262 1083 loquor,
1292 1011 1360 1066 de
1387 1008 1706 1066 intolerabili
1734 1009 1821 1063 illa

237 1108 438 1160 ultione
466 1125 478 1160 :
509 1107 576 1161 de
603 1122 708 1176 qua
737 1106 884 1160 vobis
915 1121 1057 1162 nunc
1096 1119 1258 1173 pauca
1290 1103 1476 1173 loquar
1501 1102 1674 1164 utilia,
1709 1109 1818 1154 tum

232 1208 419 1251 contra
450 1197 838 1261 Marcionistas,
871 1205 980 1248 tum
1008 1205 1190 1250 contra
1218 1193 1352 1247 alios
1381 1193 1575 1246 multos
1606 1191 1818 1245 haereti-

232 1305 344 1342 cos.
375 1291 510 1355 Quia
538 1292 681 1343 enim
711 1289 893 1350 dicunt
921 1289 1117 1342 bonum
1151 1288 1317 1342 Deum
1346 1286 1636 1350 Christum,
1671 1284 1816 1338 illtnn

233 1397 360 1436 vero
405 1383 600 1435 malum
634 1397 650 1442 ;
678 1381 952 1435 videamus
973 1422 986 1444 ,
1017 1381 1134 1449 quis
1173 1379 1286 1433 huic
1314 1378 1514 1433 fecerit.
1549 1377 1678 1444 Quis
1705 1377 1816 1430 htnc

230 1490 360 1544 ergo
390 1474 534 1537 fecit,
565 1475 805 1529 malusnc
832 1474 975 1528 illum
1009 1470 1306 1527 ulciscens?
1328 1471 1559 1524 Minime.
1587 1469 1819 1536 Quomo-

229 1567 296 1618 do
339 1565 507 1634 igitur
545 1565 614 1618 ab
654 1565 745 1618 illo
783 1564 1025 1618 alienus?
1055 1564 1136 1616 An
1177 1561 1348 1616 bonus
1391 1561 1490 1614 hoc
1525 1559 1682 1614 fecit?
1710 1558 1812 1613 Sed

227 1662 631 1711 demonstratur
668 1667 726 1712 et
766 1657 974 1712 Patrem
1002 1667 1055 1710 et
1095 1655 1284 1709 Filium
1316 1654 1416 1708 hoc
1444 1652 1632 1708 fecisse
1666 1671 1679 1706 :
1710 1651 1813 1706 Pa-

228 1758 362 1803 trem
401 1750 582 1804 multis
612 1751 662 1802 in
695 1749 856 1812 locis,
889 1759 940 1801 ut
970 1762 1091 1802 cum
1117 1746 1343 1809 dicitur,
1377 1746 1660 1800 missurum
1691 1759 1811 1797 eum

222 1857 343 1895 esse
372 1844 642 1897 exercitus
662 1855 790 1895 suos
815 1841 866 1894 in
891 1840 1096 1893 vincam
1119 1838 1332 1909 (.llattlt.
1360 1837 1450 1891 20.
1477 1836 1532 1903 2)
1557 1852 1571 1899 ;
1597 1833 1809 1896 Filimn,

223 1948 275 1985 ut
299 1935 526 2001 quando
552 1933 677 1987 dicit
701 1950 716 1986 :
743 1931 980 1986 Inimicos
1003 1941 1170 1984 autem
1199 1947 1332 1984 meos
1359 1930 1596 1983 adducite
1615 1939 1660 1984 et
1681 1928 1811 1982 occi-

218 2029 320 2076 (hic
350 2042 529 2077 coram
558 2042 635 2076 me
652 2066 666 2086 ,
697 2040 780 2078 eos
806 2024 889 2094 qui
915 2025 1182 2077 noluerunt
1211 2040 1289 2076 me
1317 2039 1528 2091 regnare
1553 2039 1703 2090 super
1727 2037 1812 2075 eos

219 2116 389 2180 (Luc.
428 2117 512 2171 19.
541 2116 669 2187 27).
703 2117 950 2186 Alioquin
983 2132 1108 2172 vero
1139 2124 1194 2172 et
1233 2116 1346 2186 ipse
1389 2125 1566 2169 narrat
1607 2116 1811 2171 futuras

221 2210 624 2274 tribulationes,
651 2209 841 2278 quibus
872 2209 1010 2262 nulla
1041 2224 1287 2278 umquam
1319 2208 1582 2262 crudelior
1611 2207 1724 2274 fuit,
1757 2217 1810 2262 et

218 2303 333 2370 ipse
369 2303 493 2356 illas
529 2302 879 2358 annuntiavit.
915 2301 1238 2369 Vis-audire,
1269 2318 1386 2371 qua:
1418 2300 1549 2355 facta
1579 2300 1811 2354 fuerint?

218 2394 470 2449 Verubus
502 2395 621 2448 illos
650 2397 1049 2449 transtixerunt.
1075 2395 1210 2463 Quid
1239 2394 1338 2448 hoc
1363 2393 1667 2462 spectaculo
1692 2407 1810 2462 gra-

217 2491 331 2540 vius
350 2489 376 2540 ?
407 2488 514 2542 Sed
546 2489 624 2541 vis
655 2504 863 2541 narrem
902 2488 1043 2544 illam
1072 2487 1308 2542 mulieris
1334 2487 1662 2557 tragmdiam,
1690 2502 1808 2556 quae

217 2599 435 2635 omnem
468 2591 687 2650 superat
723 2581 1117 2636 calamitatem?
1149 2584 1225 2635 vis
1265 2581 1454 2634 famem
1487 2591 1538 2636 et
1566 2581 1808 2649 pestem?

217 2673 305 2726 liis
330 2675 582 2742 graviora
614 2683 898 2745 prmtereo.
927 2673 1243 2741 ignorabant
1269 2673 1340 2725 illi
1371 2683 1632 2738 naturam,
1661 2673 1809 2741 igno-

219 2769 409 2819 rabant
439 2765 640 2834 legem,
669 2765 870 2820 belluas
898 2765 1105 2819 feritate
1128 2766 1471 2834 superabant.
1500 2765 1621 2818 lla-c
1648 2779 1806 2833 porro

218 2859 390 2910 oumia
422 2873 492 2912 ex
526 2857 652 2912 belli
680 2858 929 2912 violentia
959 2855 1263 2925 contigere,
1291 2865 1347 2910 et
1375 2857 1480 2910 Deo
1509 2866 1563 2911 et
1591 2855 1806 2910 Christo

219 2953 447 3005 volente.
477 2951 606 3004 llzec
633 2960 684 3003 et
703 2959 887 3004 contra
908 2949 1268 3004 Marcionistas
1287 2947 1384 3021 (a),
1411 2958 1464 3002 et
1482 2957 1664 3003 contra
1687 2963 1801 3012 eos,

222 3046 301 3112 qui
332 3060 439 3096 non
467 3044 700 3097 credunt
727 3059 848 3098 esse
875 3044 1196 3112 gehennam,
1221 3051 1340 3112 apta
1371 3054 1562 3105 erunt;
1595 3043 1802 3096 illorum

231 3139 355 3189 rttim
394 3137 784 3204 impudentiam
826 3137 1182 3206 comprimere
1220 3134 1416 3189 valent.
1457 3137 1646 3188 Annon
1691 3133 1805 3188 hzec

213 3229 560 3296 .Bahvlonicis
609 3228 760 3281 malis
799 3228 1040 3296 graviora
1079 3227 1236 3280 sunt?
1271 3241 1458 3298 annon.
1488 3225 1600 3280 haec
1640 3225 1802 3280 fames

227 3322 301 3371 illa
324 3319 648 3375 crudelior?
679 3320 751 3374 De
782 3318 862 3372 his
903 3320 1014 3389 ipse
1051 3335 1261 3388 quoque
1287 3318 1530 3372 Christus
1566 3333 1801 3386 pronun-

221 3413 359 3466 tiaiit
392 3430 407 3462 :
443 3411 560 3464 Erit
589 3412 865 3474 tribulatio,
899 3411 1062 3480 qualis
1088 3427 1357 3480 numquam
1387 3411 1500 3482 fuit,
1533 3427 1688 3479 neque
1710 3411 1802 3463 erit

214 3508 424 3569 (.ilutllt.
455 3507 552 3560 24.
591 3507 705 3573 21).
733 3505 1012 3572 Quomodo
1041 3521 1168 3575 ergo
1196 3505 1377 3559 dicunt
1405 3505 1616 3574 quidam
1647 3504 1798 3557 Chri-

209 3611 346 3651 stum
380 3599 660 3652 remisisse
687 3597 787 3651 illis
817 3608 1086 3666 peccatum
1109 3599 1131 3651 ?
1154 3596 1315 3651 Forte
1337 3596 1564 3665 vulgaris
1595 3595 1802 3649 videtur

207 3707 325 3746 esse
367 3693 640 3761 qmestio;
687 3692 778 3746 sed
822 3706 915 3743 vos
962 3690 1180 3758 potestis
1210 3689 1348 3743 illam
1378 3674 1605 3744 solvere.
1636 3687 1802 3742 Nemo

207 3803 465 3854 umquam
497 3785 693 3854 poterit
723 3784 826 3837 tale
858 3787 1161 3852 ﬁgmentum
1195 3781 1475 3836 ostendi-re
1495 3821 1509 3844 ,
1540 3781 1694 3850 quale
1721 3788 1804 3833 est

205 3877 253 3929 id
275 3876 424 3944 quod
453 3890 640 3930 revera
661 3876 871 3929 accidit.
897 3873 960 3927 Et
985 3873 1028 3926 si
1051 3873 1262 3943 quidem
1285 3872 1616 3927 Christianus
1636 3880 1797 3936 esset,

202 3971 292 4038 qui
326 3971 447 4022 hau:
477 3969 728 4036 scripsit,
759 3982 846 4021 res
873 3976 1014 4021 esset
1044 3967 1178 4020 forte
1205 3975 1448 4036 suspecta
1485 3983 1497 4018 :
1525 3981 1644 4018 cum
1673 3980 1801 4018 vero

200 4062 431 4114 Judmns
456 4059 620 4115 fuerit
639 4067 692 4114 et
710 4058 1049 4114 Judaicorum
1077 4057 1367 4120 studiosus,
1391 4058 1476 4125 qui
1503 4063 1618 4124 post
1641 4071 1770 4110 evan

201 4156 412 4224 gelium
445 4153 593 4206 venit
619 4195 634 4218 ,
665 4151 937 4222 quomodo
967 4167 1069 4205 non
1102 4151 1347 4203 omnibus
1387 4148 1665 4202 manifesta
1695 4150 1800 4202 sint

201 4263 290 4309 ea,
317 4262 445 4316 qua:
471 4255 625 4315 gesta
655 4246 812 4298 sunt?
838 4242 1052 4297 Videbis
1079 4256 1308 4310 namque
1335 4241 1478 4294 illum
1503 4241 1695 4310 ubique
1717 4255 1801 4294 res

199 4341 463 4396 Jmlaicas
491 4338 857 4394 extollentem.
890 4337 980 4390 Est
1021 4337 1195 4406 itaque
1225 4335 1463 4406 gehenna
1489 4376 1504 4397 ,
1536 4343 1589 4388 et
1629 4333 1801 4388 bonus

199 4445 285 4487 est
317 4433 486 4485 Deus.
518 4431 710 4484 Annon
737 4427 1087 4482 exhorruistis
1117 4426 1228 4480 haec
1254 4423 1573 4479 audientes?
1602 4422 1798 4478 Verum

200 4540 323 4591 qua:
373 4523 463 4576 hic
504 4521 671 4579 fiunt,
718 4517 846 4573 nihil
891 4525 1014 4570 sunt
1052 4517 1101 4569 in
1140 4515 1535 4584 comparatione
1565 4513 1795 4566 illorum.

203 4614 422 4670 Rursus
463 4623 626 4681 cogor
666 4613 904 4680 ingratus
937 4608 1105 4662 videri
1142 4617 1196 4661 et
1237 4607 1526 4670 molestus;
1554 4607 1646 4660 sed
1675 4606 1797 4674 quid

204 4705 443 4762 iaciam?
475 4705 533 4758 ln
574 4705 675 4756 hoc
704 4702 908 4772 positus
945 4716 1080 4754 sum.
1122 4701 1268 4755 Sicut
1304 4699 1618 4768 pzedagogus
1645 4712 1802 4765 aSper

195 4797 596 4866 discipulorum
624 4794 748 4847 odio
773 4793 1044 4861 expositus
1068 4799 1170 4856 est,
1193 4791 1270 4846 sic
1298 4801 1352 4845 ct
1379 4804 1493 4844 nos.
1522 4787 1800 4858 Quomodo

195 4892 346 4943 enim
379 4887 674 4941 absurdum
706 4901 810 4940 non
849 4885 1037 4948 fuerit,
1075 4884 1119 4938 si
1159 4883 1282 4938 dum
1311 4883 1383 4949 ii,
1415 4883 1503 4952 qui
1530 4899 1560 4936 a
1587 4883 1800 4953 regibus

196 4995 324 5035 sunt
357 4979 662 5040 constituti.
688 4995 775 5035 res
800 4980 1136 5048 quantumvis
1163 4977 1473 5048 injucundas
1496 4978 1795 5047 perﬁciunt,

198 5093 319 5139 nns,
357 5093 427 5129 oe
450 5092 478 5128 a
509 5075 659 5129 vobis
691 5073 1165 5144 reprehendamur,
1196 5071 1428 5126 ofﬁcium
1456 5071 1677 5140 implere
1707 5071 1800 5124 de-

193 5186 448 5224 Stttmnus
465 5169 490 5221 ?

272 5261 572 5332 Episcopus
616 5274 752 5328 stepe
797 5275 898 5311 non
944 5252 1149 5327 prodest
1193 5273 1282 5326 per
1307 5273 1366 5310 ea
1395 5271 1509 5324 qua:
1552 5256 1793 5324 placent,

192 5353 286 5407 sed
318 5368 416 5420 per
443 5367 504 5404 ea
532 5365 646 5419 qua:
688 5356 938 5419 pungunt.
979 5378 1051 5388 —
1079 5347 1231 5402 Alius
1259 5347 1402 5401 aliud
1433 5347 1593 5402 habet
1618 5362 1749 5414 opus
1781 5365 1794 5399 :

196 5445 504 5499 multorum
572 5452 754 5496 autem
797 5457 862 5496 ex
913 5441 1062 5496 vobis
1124 5441 1225 5496 hoc
1289 5441 1518 5495 officium
1580 5451 1692 5506 cst,
1743 5451 1800 5494 ut

263 5579 346 5641 (a)
371 5579 575 5627 διποίοη
601 5576 798 5641 dicebat
821 5574 1063 5641 Christum
1090 5588 1198 5641 non
1224 5573 1336 5641 fore
1345 5571 1558 5637 iudicem
1574 5578 1799 5641 mortuo-

197 5636 336 5703 rum;
356 5641 515 5703 inquit
537 5639 821 5703 Philastrius
842 5640 899 5703 in
913 5637 1103 5686 Haresi
1122 5636 1521 5703 Marcionistarum
1542 5649 1554 5684 :
1574 5636 1684 5684 hinc
1705 5647 1798 5698 ge-

201 5698 441 5751 bennam‘
471 5701 825 5752 excludebant.
865 5698 1108 5750 Cteterutn
1139 5699 1454 5748 Marcionista:
1490 5710 1586 5746 non
1627 5709 1801 5746 omnes

201 5765 340 5831 inter
366 5777 423 5814 se
443 5762 856 5816 consentiebant:
881 5761 969 5813 sed
989 5763 1119 5813 inter
1141 5759 1251 5812 illos
1271 5767 1410 5812 erant
1432 5760 1711 5824 opinionum
1729 5759 1798 5808 di-

205 5833 384 5875 τυη.
1455 5847 1458 5849 ν

3452 337 3516 388 54

1943 457 2332 520 misereantur,
2385 457 2644 522 immani,
2688 472 2914 528 suaves,
2945 461 3207 531 mitesque
3255 460 3360 516 sint
3406 462 3512 530 iis,

1931 550 2122 618 quibus
2154 551 2424 605 beneficia.
2456 561 2728 618 prmstant.
2754 551 2860 606 Nos
2891 567 3018 606 vero
3048 563 3106 608 ut
3135 553 3358 608 subditis
3387 571 3511 624 pro-

1930 643 2132 705 simus,
2175 658 2364 713 graves
2390 643 2667 705 videntur,
2698 643 2816 698 duri
2843 686 2857 709 ,
2905 646 3156 710 onerosi,
3191 645 3465 715 injucundi
3491 663 3508 713 ;

1930 748 2103 802 neque
2129 734 2268 787 enim
2303 749 2588 803 prosumus
2615 751 2710 805 per
2751 751 2814 791 ea
2841 751 2960 806 qua:
3000 737 3245 806 placent,
3291 739 3386 792 sed
3417 754 3510 808 per

1926 839 1987 880 ea
2013 843 2131 895 quze
2176 836 2433 896 pungunt.
2465 828 2506 881 'l‘
2510 828 2609 883 alis
2633 843 2846 899 quoque
2891 840 2974 884 cst
3009 831 3248 886 medicus
3275 849 3288 883 :
3321 846 3505 886 verum

1929 918 2019 972 ille
2069 935 2173 972 non
2224 929 2328 973 tam
2378 920 2733 988 injucundus;
2781 924 2958 977 statim
3006 926 3202 994 quippe
3247 933 3362 979 arte
3409 940 3506 980 sua

1926 1010 2206 1064 utilitatem
2240 1011 2434 1079 prmbot
2468 1029 2480 1064 :
2516 1027 2612 1066 nos
2641 1023 2817 1068 autem
2851 1017 2900 1069 in
2935 1017 3131 1069 futuro.
3165 1016 3309 1072 Talis
3336 1029 3418 1072 est
3445 1033 3503 1072 et

1921 1104 2085 1172 judex
2110 1146 2125 1170 ,
2176 1105 2376 1159 invisus
2425 1106 2684 1160 morbidis
2720 1123 2782 1162 ac
2811 1109 3080 1163 seditiosis
3118 1127 3131 1162 :
3168 1110 3287 1165 talis
3335 1111 3500 1182 legis-

1928 1197 2098 1261 lator,
2131 1199 2390 1252 molestus
2412 1200 2510 1253 sub
2536 1199 2650 1270 lege
2681 1202 2884 1269 positis.
2918 1205 2986 1256 At
3024 1218 3128 1256 non
3152 1203 3196 1257 is
3215 1203 3304 1272 qui
3347 1213 3502 1259 vocat

1921 1291 1986 1344 ad
2036 1290 2291 1352 delicias,
2345 1307 2445 1346 nec
2496 1293 2584 1362 qui
2637 1293 2768 1347 festa
2815 1295 3256 1366 cclebritatesque
3302 1305 3452 1366 par-at
3481 1337 3498 1363 ,

1925 1397 2022 1434 nec
2050 1383 2138 1450 qui
2170 1382 2420 1451 populum
2461 1393 2684 1438 coronat
2712 1401 2725 1437 :
2775 1383 2826 1438 hi
2855 1395 3000 1440 certe
3026 1389 3157 1455 grati
3202 1387 3460 1443 habentur
3479 1429 3498 1455 ,

1919 1474 2007 1541 qui
2039 1475 2279 1528 civitates
2307 1478 2630 1544 sumptuosis
2657 1479 2974 1546 spectaculis
2999 1480 3268 1548 excipiunt
3291 1523 3304 1544 ,
3339 1496 3500 1550 pecu-

1920 1570 2020 1623 nia:
2064 1585 2167 1622 non
2215 1581 2517 1640 parcentes.
2576 1572 2805 1642 Ideoque
2851 1572 3187 1627 celebrantur
3229 1589 3257 1628 a
3303 1577 3498 1646 populo

1921 1662 2055 1717 bene
2098 1673 2322 1733 excepto
2345 1706 2360 1729 ,
2411 1679 2530 1719 cum
2582 1667 2846 1734 tapetibus
2875 1708 2890 1731 ,
2938 1667 3170 1721 lucernis
3193 1708 3207 1730 ,
3237 1668 3449 1722 coronis
3478 1709 3495 1731 ,

1917 1757 2079 1807 ramis
2109 1765 2163 1809 et
2204 1755 2478 1825 Splendida
2526 1766 2692 1811 veste.
2740 1756 2937 1811 Inﬁrmi
2981 1773 3109 1812 vero
3145 1758 3188 1812 si
3230 1759 3494 1814 medicum

1915 1849 2176 1915 viderint,
2210 1850 2385 1904 maesti
2430 1859 2586 1913 sunt;
2645 1858 2702 1904 et
2729 1850 2772 1904 si
2811 1851 3044 1919 judiccm
3091 1851 3364 1915 seditiosi,
3397 1851 3493 1906 de-

1911 1941 2036 2008 jecti
2088 1941 2254 2004 liunt,
2297 1957 2400 1995 non
2431 1941 2620 2003 eil'usi,
2669 1957 2768 1996 nec
2815 1942 3172 2007 exsultantes,
3221 1943 3357 2008 quod
3404 1943 3496 1998 illc

1914 2033 1978 2085 ad
2012 2033 2112 2086 hoc
2141 2033 2374 2086 officium
2404 2035 2473 2086 sit
2513 2034 2848 2088 constitutus.
2898 2033 3184 2089 Videamus
3213 2049 3342 2101 ergo
3367 2035 3490 2104 qui-

1916 2140 2034 2178 nam
2069 2125 2297 2178 maxime
2333 2124 2632 2178 civitatibus
2665 2129 2868 2194 prosint
2894 2142 2908 2190 ;
2939 2140 3004 2178 an
3031 2127 3100 2188 ii,
3136 2127 3221 2195 qui
3252 2125 3383 2179 tales
3403 2141 3494 2180 cc-

1915 2216 2186 2270 Iebrilates
2211 2227 2426 2285 parant,
2472 2215 2881 2280 thalias,lautas
2929 2226 3210 2272 mensaset
3243 2217 3490 2284 delicias;

1912 2323 1978 2360 an
2012 2308 2068 2372 ii,
2099 2307 2222 2374 qui,
2270 2306 2354 2360 his
2395 2306 2618 2361 sublatis
2663 2307 2942 2368 otnnibus,
2977 2307 3173 2373 lignum
3221 2308 3488 2374 inferunt,

1914 2399 2142 2468 flagella,
2181 2398 2497 2460 carnifices,
2562 2397 2757 2451 milites
2821 2397 3122 2461 terribiles,
3187 2395 3490 2454 tremendas

1892 2507 2105 2555 .voces,
2139 2493 2386 2547 mandata
2407 2535 2422 2556 ,
2466 2493 2810 2557 maestitiam,
2843 2494 2930 2562 qui
2955 2494 3097 2562 virga
3141 2508 3235 2547 eos
3259 2534 3274 2558 ,
3305 2495 3392 2562 qui
3434 2495 3487 2547 in

1913 2585 2030 2637 foro
2069 2593 2226 2648 sunt,
2259 2593 2554 2638 semovent.
2602 2582 2919 2647 Videamus,
2967 2584 3210 2652 inquam,
3257 2594 3372 2637 utra
3404 2600 3489 2638 res

1912 2677 1962 2730 in
2011 2677 2213 2730 lucrmn
2266 2677 2493 2731 desinat.
2546 2677 2609 2731 lli
2667 2693 2893 2746 namque
2939 2677 3147 2731 molesti
3196 2688 3358 2741 sunt,
3411 2679 3485 2733 illi

1909 2769 2184 2823 amabiles.
2228 2769 2365 2837 Quid
2409 2770 2567 2839 igitur
2614 2770 2790 2824 evenit
2835 2785 2897 2823 ex
2944 2772 3008 2823 iis
3041 2771 3128 2839 qui
3174 2771 3489 2825 oblectant?

1912 2860 2163 2929 Voluptas
2187 2861 2373 2930 frigida
2387 2903 2400 2925 ,
2425 2877 2542 2930 qme
2563 2879 2727 2930 usque
2745 2862 2809 2914 ad
2827 2877 3100 2930 vesperam
3127 2873 3322 2928 manet,
3343 2873 3396 2916 et
3416 2863 3490 2916 in-

1907 2952 2150 3020 sequenti
2174 2952 2260 3006 die
2277 2952 2449 3006 el'lluit
2466 2993 2482 3018 ,
2505 2954 2643 3006 risus
2665 2953 3048 3020 incompositus
3064 2994 3076 3016 ,
3102 2954 3260 3006 verba
3282 2953 3490 3007 indeco-

1907 3059 1964 3098 ra
1995 3055 2046 3098 et
2072 3044 2350 3098 dissoluta.
2384 3044 2519 3112 Quid
2560 3059 2623 3098 ex
2666 3044 2827 3098 aliis?
2853 3043 3066 3108 Timor,
3098 3047 3484 3114 temperantia,

1905 3139 2156 3206 Cogitatio
2185 3137 2472 3192 demissior
2494 3178 2510 3202 ,
2548 3138 2711 3190 animi
2742 3137 3000 3192 modestia
3021 3179 3037 3203 ,
3079 3138 3298 3192 desidia:
3328 3139 3445 3210 iuga
3464 3183 3480 3205 ,

1908 3229 2118 3284 frenum
2160 3228 2473 3282 interiorum
2521 3228 2803 3283 all'ectuum
2830 3269 2844 3292 ,
2897 3245 3080 3282 murus
3127 3229 3382 3284 adversus
3420 3245 3483 3285 ea

1906 3337 2024 3391 qua:
2067 3321 2194 3373 foris
2225 3321 2492 3388 ingruunt.
2529 3320 2629 3374 Per
2677 3319 2773 3373 hos
2800 3319 3024 3389 quisque
3054 3318 3330 3374 facultates
3359 3335 3483 3375 suas

1907 3412 2172 3482 possidet,
2205 3426 2298 3480 per
2323 3411 2408 3463 illa
2439 3422 2615 3462 autem
2648 3409 2778 3465 festa
2810 3426 2898 3464 eas
2927 3410 3068 3478 ipsas
3094 3411 3480 3480 dilapidamus,

1907 3519 2011 3555 non
2048 3501 2416 3554 invadentibus
2445 3500 2773 3564 latronibus,
2808 3500 2900 3554 sed
2931 3515 3062 3553 vana
3106 3500 3270 3570 gloria
3303 3510 3356 3555 et
3384 3516 3478 3554 vo-

1907 3594 2104 3661 luptate
2132 3594 2417 3660 pra-dante.
2449 3592 2683 3660 Quisque
2709 3592 2842 3645 videt
2873 3592 3129 3646 latronem
3153 3591 3483 3646 attlerenlcm

1906 3683 2082 3736 omnia
2115 3724 2127 3743 ,
2175 3692 2228 3735 ct
2276 3683 2501 3734 la-tatur.
2566 3681 2742 3734 Novus
2790 3682 3051 3737 latrocinii
3115 3683 3348 3738 modus:
3392 3684 3480 3753 qui

1905 3776 2113 3835 exutis,
2147 3785 2202 3828 ut
2230 3774 2524 3844 gaudeant,
2557 3775 2766 3829 suadet.

1976 3867 2029 3920 4.
2077 3867 2270 3921 Verum
2300 3865 2407 3919 illic
2437 3866 2563 3918 nihil
2592 3865 2720 3926 tale;
2755 3864 2848 3919 scd
2879 3865 2947 3919 ab
2975 3866 3224 3922 omnibus
3259 3867 3486 3922 removit

1907 3959 2067 4024 Deus,
2103 3969 2160 4011 ut
2185 3960 2485 4011 cotnmunis
2515 3958 2692 4017 Pater,
2728 3964 2836 4008 tum
2889 3973 3007 4025 qum
3054 3959 3322 4023 videnlur,
3371 3969 3480 4014 ttttn

1903 4070 2023 4124 qua:
2052 4069 2155 4106 non
2189 4053 2452 4106 videntur.
2491 4051 2621 4104 Nam
2663 4050 2769 4104 ait:
2808 4049 2980 4104 Videte
3015 4067 3077 4104 ne
3118 4052 3482 4121 eleemosynant

1905 4155 2117 4201 vestram
2147 4147 2348 4218 faciatis
2386 4161 2556 4198 coram
2605 4144 2891 4198 hominibus
2924 4143 3132 4215 (Matth.
3163 4145 3214 4199 6.
3246 4147 3318 4214 1).
3351 4145 3484 4200 Iliuc

1905 4241 2060 4294 discit
2102 4240 2276 4292 anima
2318 4237 2626 4308 injustitiam
2674 4236 2872 4306 fugere.
2908 4237 3162 4305 lujustitia
3209 4237 3348 4292 enim
3379 4248 3480 4302 est,

1905 4348 2010 4387 non
2056 4330 2215 4384 modo
2245 4329 2495 4398 pecunias
2536 4345 2630 4400 per
2656 4328 2891 4397 rapinam
2931 4344 3140 4400 parare,
3187 4330 3279 4384 sed
3320 4330 3481 4384 etiam

1903 4425 2024 4492 plus
2050 4422 2150 4476 cibi
2180 4421 2306 4476 dare
2335 4420 2524 4482 ventri.
2561 4437 2718 4492 quam
2740 4421 2870 4474 satis
2889 4421 2975 4482 sit,
3004 4429 3058 4475 et
3079 4420 3312 4475 laetitiam
3333 4432 3482 4478 extra

1907 4517 2163 4571 terminos
2205 4516 2417 4575 etl'crre,
2445 4524 2603 4584 atque
2636 4513 2976 4569 debacchari.
3002 4513 3152 4569 Illinc
3186 4523 3482 4570 casttatem

1905 4608 2080 4669 discit,
2119 4607 2240 4660 hinc
2268 4605 2558 4660 libidinem.
2587 4605 2700 4660 Non
2741 4605 2914 4659 solum
2959 4606 3102 4659 enim
3143 4606 3348 4659 mulieri
3379 4606 3483 4659 mi-

1905 4700 2041 4754 sceri
2071 4698 2234 4752 libido
2259 4707 2361 4759 est,
2410 4696 2503 4751 sed
2534 4697 2692 4750 etiam
2739 4697 2950 4751 lascivis
2992 4696 3162 4751 oculis
3190 4697 3480 4764 respicere.

1905 4791 2054 4846 Illinc
2085 4790 2396 4845 mode~tiam
2423 4790 2599 4854 discit,
2631 4788 2755 4843 hinc
2787 4787 3203 4842 fastum.0mnia
3225 4789 3485 4852 enim,in-

1905 4886 2039 4954 quit,
2073 4885 2194 4936 mihi
2226 4883 2395 4949 licent,
2423 4882 2511 4936 sed
2533 4900 2631 4936 non
2659 4882 2830 4935 omnia
2869 4882 3144 4949 expediunt
3167 4882 3245 4951 (1.
3279 4882 3394 4935 Cor.
3427 4882 3478 4936 6.

1907 4979 2017 5047 1⁸2).
2066 4977 2215 5030 illinc
2265 4977 2619 5039 honestatem,
2652 4974 2772 5026 hinc
2803 4973 3199 5041 turpitudinem.
3242 4973 3391 5026 Mitto
3420 4988 3482 5026 ea

1904 5091 2023 5144 qua:
2064 5074 2114 5126 in
2166 5075 2405 5128 theatris.
2450 5071 2599 5138 Quod
2629 5079 2806 5124 autem
2855 5068 2995 5122 nulla
3027 5068 3095 5121 ibi
3126 5069 3366 5137 voluptas
3393 5069 3482 5133 sit,

1906 5167 1999 5221 sed
2035 5167 2207 5234 potius
2231 5164 2515 5219 mtestitia:
2544 5161 2807 5215 ostendite
2835 5160 2961 5214 mihi
2991 5160 3076 5214 dic
3111 5159 3306 5214 festum
3335 5162 3484 5215 inse-

1905 5270 2101 5330 quente
2128 5274 2221 5315 eos
2241 5261 2328 5328 qui
2352 5265 2594 5325 sumptus
2622 5254 2942 5318 ell'nderunt,
2965 5268 3163 5324 eosque
3183 5256 3269 5322 qui
3285 5254 3349 5306 ad
3363 5269 3484 5321 Spe-

1882 5353 2110 5414 ctacula
2139 5350 2341 5404 invitati
2367 5348 2610 5402 fuerunt:
2638 5346 3040 5416 videbimusque
3070 5359 3257 5400 omnes
3281 5343 3481 5399 intesti-

1909 5449 1979 5500 tia
2006 5453 2302 5513 correptos,
2333 5442 2564 5495 maxime
2591 5455 2720 5494 vero
2747 5439 2916 5504 illum,
2943 5439 3031 5508 qui
3056 5448 3322 5506 sumptum
3347 5452 3477 5503 sup-

1909 5534 2181 5605 peditavit.
2212 5533 2278 5586 Et
2311 5532 2431 5602 jure
2459 5531 2671 5602 quidem
2696 5548 2710 5585 :
2737 5531 3028 5586 oblectavit
3055 5530 3197 5583 enim
3218 5527 3303 5581 die
3339 5543 3479 5595 pra--

1905 5625 2116 5682 cedenti
2158 5623 2466 5693 popularem
2512 5623 2778 5676 hominem
2805 5663 2818 5684 ,
2868 5621 2954 5691 qui
3005 5620 3155 5674 laetus
3193 5619 3480 5674 admodum

1908 5725 2050 5782 erat;
2080 5716 2352 5787 splendida
2379 5731 2605 5784 namque
2621 5723 2767 5768 veste
2793 5713 3095 5776 fruebatur;
3120 5711 3212 5765 sed
3236 5725 3354 5766 cum
3373 5727 3480 5766 non

1912 5807 1977 5862 ad
2004 5823 2156 5864 usum
2204 5823 2357 5863 suum
2403 5818 2567 5873 esset,
2598 5824 2655 5861 se
2678 5807 2765 5860 illa
2792 5815 3007 5858 cautum
3033 5802 3236 5869 videns,
3267 5803 3482 5859 dolebat
