4024 6536
525 337 593 391 '55
1302 332 1359 388 S.
1397 331 1670 388 JOANXIS
1706 330 2169 388 CHRYSOSTUMI
2212 332 2528 388 APClllEl‘.
2567 331 3098 393 CUNSTANTINOP.
3734 340 3804 396 56

523 458 580 504 et
607 444 1095 516 cruciabaturzqui
1136 459 1267 500 vero
1294 455 1562 514 sumptum
1613 443 1772 505 fecit,
1795 457 1946 497 suam
1996 458 2108 514 pra:

530 540 678 598 illius
707 540 958 595 felicitate
985 554 1202 609 parvam
1245 537 1479 607 putabat.
1517 537 1590 590 ld.
1610 537 1722 590 irco
1749 538 1993 606 sequenti
2023 537 2111 591 die

526 631 825 688 redduntur
851 641 1049 695 vestes,
1079 628 1441 698 majoremque
1486 643 1771 681 mmrorem
1823 628 1912 696 qui
1957 643 2110 682 com-

528 725 843 780 modaverat
867 721 1115 792 concipit.
1143 719 1293 787 Quod
1323 719 1367 773 si
1392 718 1444 772 in
1467 717 1824 773 exterioribus
1855 718 1972 772 lzeta
1997 728 2114 772 tan-

528 827 636 872 tam
668 817 899 871 inferunt
921 813 1244 879 molestiam,
1274 820 1328 866 et
1356 811 1578 867 molesta
1611 812 1914 876 utilitatem,
1945 812 2114 866 multo

529 906 700 976 magis
731 906 784 962 in
809 904 1192 976 spiritualibus.
1223 902 1348 957 ideo
1377 919 1535 957 nemo
1564 912 1846 958 succenset
1887 903 2111 972 legibus,

527 999 623 1055 sed
654 1011 748 1054 eas
775 996 1078 1052 communis
1105 1010 1226 1051 esse
1255 994 1502 1049 utilitatis
1529 1003 1752 1049 censent
1778 1011 1985 1049 omnes.
2009 994 2112 1048 Ne-

529 1106 633 1157 que
655 1091 796 1145 enim
827 1087 1092 1158 peregrini
1120 1086 1204 1141 vel
1236 1085 1433 1140 inimici
1460 1086 1554 1139 has
1578 1086 1720 1154 leges
1745 1095 1999 1151 statuere,
2020 1085 2114 1140 sed

533 1182 635 1252 ipsi
665 1182 836 1247 cives,
867 1179 1102 1250 patroni,
1132 1187 1442 1233 curatores:
1467 1177 1676 1247 hocque
1706 1178 1893 1232 salutis
1916 1191 1980 1230 ac
2019 1177 2113 1231 be-

533 1273 852 1328 nevolentia:
883 1271 1138 1327 indicium
1186 1279 1391 1341 putant,
1439 1270 1579 1338 quod
1628 1270 1774 1339 leges
1827 1278 2112 1338 ponantur.

532 1368 692 1437 Atqui
723 1367 868 1436 leges
895 1366 1068 1436 pmnis
1095 1375 1148 1419 et
1174 1364 1377 1419 ultione
1402 1363 1573 1433 pleme
1599 1373 1751 1426 sunt;
1778 1377 1878 1416 nec
1905 1361 2007 1416 nlla
2033 1361 2114 1414 lex

533 1460 801 1515 invenitur
827 1459 945 1514 sine
975 1472 1150 1526 pmua.
1195 1457 1474 1524 Quomodo
1513 1471 1641 1523 ergo
1685 1471 1788 1508 non
1827 1455 2113 1510 absurdum

534 1553 712 1617 fuerit,
745 1567 838 1608 eos
860 1552 1100 1623 quidem,
1126 1551 1216 1621 qui
1245 1550 1390 1619 leges
1413 1549 1531 1603 illas
1549 1558 1845 1618 exponunt,
1877 1558 2115 1602 servato-

532 1660 641 1707 res,
694 1643 985 1709 beneﬁcos,
1034 1652 1290 1713 patronos
1331 1655 1556 1703 vocare;
1589 1655 1686 1694 nos
1712 1655 1838 1695 vero
1875 1639 2038 1694 duros
2065 1649 2119 1694 et

534 1751 781 1791 morosos
833 1745 1042 1806 putare,
1088 1733 1231 1804 quod
1277 1733 1423 1804 leges
1469 1732 1559 1786 Dei
1607 1733 1956 1787 enarremus?
1985 1730 2115 1786 Cum

534 1831 676 1884 enim
704 1830 770 1884 de
797 1830 1041 1899 gebenna
1086 1829 1314 1898 agimus,
1368 1826 1514 1897 leges
1560 1826 1678 1879 illas
1716 1823 2008 1879 all‘erimus.
2044 1827 2120 1879 Ae

535 1919 984 1990 quemadmodum
1014 1919 1087 1974 illi
1119 1918 1326 1974 externi
1355 1918 1500 1988 leges
1524 1917 1593 1971 de
1623 1916 1922 1981 homicidis,
1946 1917 2015 1971 de
2037 1916 2116 1969 iu-

536 2014 706 2077 ribus,
737 2013 804 2066 de
829 2012 1024 2082 nuptiis
1050 2020 1104 2067 et
1128 2011 1424 2066 similibus:
1453 2010 1529 2065 sic
1550 2021 1601 2066 et
1625 2027 1722 2065 nos
1749 2011 1892 2080 leges
1913 2009 1981 2064 de
1997 2025 2122 2078 snp-

537 2105 712 2176 pliciis
731 2104 1024 2167 all'erimus,
1049 2119 1181 2173 quas
1205 2118 1308 2156 non
1339 2103 1496 2156 homo
1526 2102 1719 2172 posuit,
1750 2104 1843 2157 sed
1871 2105 1983 2171 ipse
2008 2105 2124 2154 uni-

536 2200 746 2270 genitus
773 2197 940 2252 Filius
972 2198 1085 2252 Dei.
1132 2198 1233 2262 Qui
1278 2198 1657 2252 immisericors
1701 2205 1802 2260 est,
1853 2197 2118 2266 puniatur,

538 2292 737 2361 inquit;
783 2291 884 2346 hoe
912 2291 1053 2346 enim
1099 2291 1200 2346 sibi
1229 2291 1338 2344 vult
1371 2291 1637 2360 parabola.
1669 2290 1770 2358 Qui
1803 2307 2009 2346 memor
2037 2293 2120 2345 in-

532 2383 794 2452 juriarum
816 2391 916 2446 est,
935 2389 1234 2437 extremum
1264 2382 1371 2435 luat
1396 2382 1712 2450 supplicium
1735 2400 1748 2436 :
1771 2383 1858 2452 qui
1879 2383 2124 2437 irascitur

538 2485 763 2540 temere,
795 2475 845 2528 in
879 2475 1052 2545 ignem
1085 2475 1384 2545 injiciatur:
1409 2475 1500 2542 qui
1541 2475 1890 2544 conviciatur,
1938 2491 2124 2547 pinnas

538 2565 632 2621 det
663 2566 712 2619 in
743 2566 1007 2636 gehenna.

611 2658 839 2713 Christus
864 2675 1016 2712 nouas
1053 2659 1218 2727 posuit
1261 2658 1572 2729 ἰθεῖα-81
1611 2660 1810 2729 putatis
1852 2677 2001 2728 vero,
2030 2677 2126 2716 vos

542 2763 713 2808 novas
751 2751 937 2805 audire
978 2750 1140 2820 leges,
1176 2766 1243 2805 ne
1276 2751 1580 2806 turbemini.
1622 2751 1733 2806 Nisi
1774 2753 1914 2808 enim
1963 2770 2126 2810 novas

541 2843 812 2916 positurus
836 2842 1078 2898 Christus
1105 2843 1313 2900 luisset.
1336 2857 1433 2897 cur
1451 2842 1793 2899 advenisset?
1814 2845 1902 2900 llla
1930 2847 2127 2916 quippe

543 2937 825 2992 manifesta
869 2935 1023 2990 nobis
1052 2944 1193 2997 sunt,
1226 2934 1364 3004 quod
1400 2933 1720 2990 homicidam
1750 2946 1802 2991 et
1827 2936 2125 2995 adulterum

544 3032 734 3101 punire
759 3035 1023 3098 oporteat.
1056 3027 1112 3082 Si
1145 3043 1274 3097 ergo
1303 3027 1488 3083 eadem
1518 3027 1748 3084 audituri
1775 3044 2008 3095 eramus,
2034 3047 2129 3088 cur

543 3121 745 3177 cadesti
783 3123 1002 3176 doctore
1028 3120 1044 3150 ¹
1072 3133 1205 3187 opus
1229 3120 1388 3174 erat?
1416 3119 1541 3175 Ideo
1587 3136 1691 3177 non
1722 3120 1872 3188 dicit,
1906 3123 2130 3180 Adulter

546 3213 827 3284 puniatur;
877 3211 994 3275 sed,
1037 3211 1140 3277 Qui
1187 3212 1400 3268 lascivis
1434 3214 1602 3269 oculis
1648 3216 1865 3285 respicit
1895 3233 1909 3271 :
1937 3227 1992 3272 et
2018 3218 2127 3285 ubi,

610 3347 626 3377 ¹
648 3352 776 3395 Unus
799 3343 940 3407 legit,
965 3341 1062 3395 alio
1081 3344 1292 3396 doctore.

2215 455 2271 500 et
2294 444 2507 511 quando
2537 459 2748 512 prmium
2774 448 2995 502 daturus
3020 449 3110 514 sit,
3143 448 3311 504 addit.
3347 447 3462 504 Non
3507 449 3560 504 in
3605 451 3803 506 tabulis

2217 535 2362 603 leges
2386 537 2688 606 descripsit,
2721 553 2896 608 neque
2936 541 3123 610 cippos
3164 556 3335 596 mrces
3376 543 3577 608 erexit,
3629 554 3684 596 ttt
3733 545 3806 599 ibi

2217 625 2397 680 litt-ras
2426 628 2729 696 seuiperet;
2760 630 2854 685 sed
2886 632 3081 686 creetis
3117 632 3399 688 duodecim
3444 633 3808 702 apostolorum

2217 718 2514 781 animabus,
2549 719 2619 772 ibi
2654 737 2747 788 per
2772 719 3026 790 Spiritum
3050 732 3295 777 sanctum
3323 725 3417 778 has
3443 726 3658 793 scripsit
3682 727 3806 780 lite-

2220 821 2328 867 ras,
2359 825 2490 876 quas
2519 810 2670 864 vobis
2707 826 2802 866 nos
2843 814 3036 868 merito
3068 815 3422 883 pradegimus.
3467 814 3599 869 Nam
3631 817 3676 870 si
3706 817 3810 872 Ju-

2217 898 2348 953 daeis
2393 899 2497 954 hoc
2538 901 2749 967 licebat,
2776 907 2987 973 nequis
3031 906 3096 957 ad
3141 907 3490 976 ignorantiam
3543 908 3808 977 confuge-

2219 1001 2336 1054 ret;
2372 993 2541 1046 multo
2572 996 2742 1065 magis
2771 995 2923 1050 nobis
2953 995 3030 1050 las
3059 1007 3160 1051 est.
3210 997 3266 1053 Si
3312 999 3432 1068 quis
3467 1015 3593 1054 vero
3641 1001 3809 1066 dicat,

2221 1083 2337 1137 Non
2367 1085 2600 1152 audiam,
2632 1102 2732 1141 nec
2755 1086 3012 1156 judicnum
3054 1089 3265 1150 subibo,
3298 1089 3419 1143 ideo
3454 1091 3684 1145 maxime
3715 1105 3814 1160 pn-

2221 1162 2547 1232 nitnr.'Nam
2579 1178 2625 1233 si
2657 1195 2814 1234 nemo
2839 1180 3077 1243 doceret,
3109 1191 3290 1249 posset
3315 1182 3378 1235 ad
3408 1184 3530 1236 talia
3566 1184 3809 1253 confugi;

2221 1266 2315 1320 sed
2345 1281 2468 1321 eum
2497 1267 2637 1322 adsit
2664 1269 2880 1333 Doctor,
2914 1285 3018 1324 non
3050 1272 3190 1326 licet.
3226 1271 3358 1326 Vide
3385 1287 3513 1343 ergo
3539 1275 3814 1343 quomodo

2219 1356 2436 1411 Judmos
2460 1375 2490 1412 a
2518 1359 2668 1414 venia
2701 1361 2984 1428 excludat,
3015 1361 3200 1417 dicens
3231 1380 3244 1416 :
3275 1363 3336 1418 Si
3361 1380 3462 1418 non
3491 1367 3731 1419 venissem
3765 1375 3813 1419 et

2221 1451 2458 1520 loquutus
2484 1453 2688 1523 fuissem
2713 1455 2805 1519 eis,
2834 1464 3092 1523 peccatum
3121 1472 3222 1508 non
3242 1456 3480 1510 haberent
3510 1455 3688 1527 (Joan.
3722 1459 3810 1512 15.

2219 1541 2356 1612 2‘2);
2389 1543 2686 1614 iterumque
2727 1545 2946 1613 Paulus,
2989 1547 3096 1602 Sed
3125 1549 3258 1613 dico,
3293 1547 3557 1620 Numquid
3583 1567 3683 1605 non
3719 1569 3817 1605 eu-

2222 1635 2422 1689 dierunt
2445 1637 2471 1690 ?
2524 1635 2586 1690 Et
2628 1639 2830 1708 quidem
2876 1641 2930 1693 in
2978 1657 3175 1694 onmem
3223 1651 3408 1697 terram
3461 1645 3610 1698 exivit
3652 1662 3812 1700 sonus

2221 1743 2394 1781 eorum
2438 1727 2614 1801 (Rom.
2647 1731 2731 1786 10.
2763 1733 2852 1788 13.
2885 1732 3028 1788 Psnl.
3061 1735 3149 1790 18.
3178 1737 3258 1803 5).
3297 1736 3623 1793 Tuncenim
3649 1739 3813 1794 venia

2223 1827 2326 1882 est,
2358 1821 2573 1889 quando
2617 1824 2791 1878 nullus
2819 1835 2900 1878 est
2929 1825 3017 1895 qui
3065 1827 3358 1896 praedicet;
3389 1831 3602 1900 quando
3631 1841 3816 1885 autem

2223 1913 2526 1981 speculator
2552 1915 2729 1981 sedet,
2759 1927 2812 1971 et
2835 1917 2936 1972 hoc
2964 1917 3124 1974 habet
3152 1920 3407 1982 ol'lieium,
3437 1937 3542 1976 non
3567 1923 3700 1977 ultra
3731 1932 3821 1978 est

2224 2007 2402 2059 venia.
2441 2007 2550 2060 Imo
2579 2024 2706 2064 vero
2731 2025 2838 2064 non
2868 2019 3073 2066 tantum
3115 2014 3283 2068 voluit
3330 2015 3570 2070 Christus
3612 2031 3712 2070 nos
3762 2018 3818 2070 in

2226 2097 2504 2151 columnas
2548 2099 2663 2154 illas
2709 2102 2995 2168 respicere,
3041 2103 3134 2159 sed
3176 2119 3274 2160 nos
3301 2121 3512 2176 queque
3557 2109 3666 2162 vult
3693 2124 3821 2163 esse

2225 2191 2516 2244 columnas.
2549 2191 2679 2257 Quia
2703 2207 2831 2246 vero
2853 2209 2950 2248 nos
2975 2195 3169 2250 talibus
3189 2197 3402 2267 scriptis
3429 2198 3672 2268 indignos
3692 2200 3822 2255 red-

2229 2281 2498 2347 diditnus,
2545 2283 2658 2336 illas
2700 2285 2888 2339 saltem
2928 2287 3202 2342 cohnnnas
3251 2289 3615 2358 respiciamus.
3667 2290 3824 2346 Sicut

2228 2373 2370 2426 enim
2401 2373 2663 2428 columna:
2693 2376 2811 2430 aliis
2846 2378 3137 2444 minantur,
3177 2380 3278 2434 ilhe
3307 2397 3434 2436 vero
3473 2397 3575 2436 non
3603 2391 3730 2438 sunt
3764 2383 3822 2438 in

2227 2465 2406 2534 culpa,
2437 2476 2493 2518 ut
2517 2482 2687 2536 neque
2710 2469 2851 2538 leges
2880 2487 2894 2522 τ
2927 2471 3001 2523 sic
3021 2480 3075 2525 et
3106 2471 3243 2526 beati
3275 2474 3522 2543 apostoli.
3555 2475 3618 2529 Et
3643 2476 3768 2531 vide
3800 2494 3819 2528 :

2229 2569 2336 2608 non
2377 2572 2482 2610 uno
2513 2557 2562 2610 in
2590 2558 2709 2614 loco
2729 2567 2835 2613 stat
2864 2559 2975 2615 ha~c
3001 2562 3263 2624 columna,
3299 2563 3393 2619 sed
3424 2564 3617 2635 ubique
3645 2566 3824 2622 litera:

2231 2647 2442 2715 scripta:
2471 2649 2930 2703 circumferuntur.
2958 2652 3087 2706 Nam
3119 2654 3161 2706 si
3185 2654 3250 2708 at]
3275 2653 3429 2710 Indos
3451 2657 3670 2727 migres,
3700 2659 3824 2714 illas

2232 2737 2456 2803 audies;
2487 2739 2530 2792 si
2579 2740 2629 2793 in
2673 2740 2998 2809 llispaniam,
3042 2754 3096 2798 et
3145 2746 3194 2798 in
3234 2763 3420 2802 «nunes
3464 2749 3596 2803 lines
3628 2759 3824 2816 terrar,

2234 2844 2393 2884 nemo
2420 2841 2503 2885 est
2521 2831 2645 2901 quin
2671 2832 2866 2898 audiat,
2893 2837 2990 2888 nisi
3023 2837 3093 2889 ob
3119 2837 3396 2893 desidiam.
3430 2839 3504 2895 Ne
3529 2857 3656 2911 ergo
3679 2857 3828 2913 a‘grc

2234 2919 2439 2980 feratis.
2467 2921 2560 2976 sed
2590 2922 2746 2978 dictis
2781 2927 3059 2990 attendite,
3093 2938 3148 2980 nt
3181 2931 3392 2997 possitis
3426 2933 3632 2985 virtutis
3659 2949 3824 3002 opera

2235 3013 2526 3082 suscipere,
2558 3023 2612 3069 et
2640 3025 2835 3072 aeterna
2864 3020 3115 3089 consequi
3161 3021 3317 3086 bona,
3353 3024 3404 3076 in
3434 3024 3648 3079 Christo
3686 3026 3821 3080 .lesu

2237 3103 2462 3159 Domino
2489 3116 2693 3170 nostro,
2717 3110 2930 3179 quicum
2959 3111 3098 3167 Patri
3132 3129 3339 3184 unaque
3368 3117 3583 3185 Spiritui
3626 3132 3817 3172 sancto

2236 3197 2425 3263 gloria,
2454 3198 2753 3268 imperium,
2788 3200 2977 3266 honor,
3011 3217 3151 3259 nunc
3187 3214 3240 3258 ct
3277 3221 3509 3274 semper,
3541 3217 3593 3262 ct
3633 3211 3684 3262 in
3724 3225 3830 3262 sm-

2241 3289 2356 3341 cula
2385 3291 2726 3348 smculorum.
2755 3295 2941 3348 Amen.

2115 3484 3816 3512 ._____.___________________________

1956 3557 2302 3622 HOMILIA
2355 3563 2462 3624 VI.

551 3705 679 3758 CAP.
719 3703 772 3757 2.
802 3718 854 3756 v.
887 3697 980 3758 22.
1021 3701 1130 3756 Viri
1160 3703 1431 3769 Israelitte,
1460 3705 1632 3758 audite
1671 3705 1821 3760 verba
1855 3724 1964 3761 mea
2007 3710 2137 3764 Ιιανσ.

627 3799 678 3850 1.
712 3796 824 3850 Non
860 3805 941 3851 est
985 3797 1085 3850 hoc
1116 3812 1212 3865 per
1235 3795 1590 3853 adulationem
1630 3798 1861 3866 dictum;
1901 3803 1994 3857 sed
2023 3806 2142 3873 quia

554 3888 674 3942 illos
702 3889 896 3943 acriter
927 3891 1326 3958 perstrinxerat,
1366 3891 1476 3959 jam
1514 3893 1789 3948 remissior
1812 3906 1915 3962 eSt,
1958 3907 2010 3950 ct
2045 3915 2141 3965 op-

558 3994 784 4050 portune
810 3981 1058 4036 Davidem
1093 3993 1376 4038 memorat.
1415 3984 1480 4038 Et
1506 4000 1692 4040 rursus
1719 4001 1747 4039 a
1777 3991 2035 4056 protentio
2064 3992 2143 4044 in-

555 4071 704 4142 cipit,
737 4088 802 4126 ne
831 4073 1131 4138 turbentur,
1156 4073 1276 4142 quia
1300 4073 1366 4128 de
1391 4073 1520 4128 Jesu
1555 4077 1878 4131 mentionem
1910 4078 2144 4135 l‘acturns

557 4173 660 4218 est.
701 4163 830 4218 Nam
870 4165 1113 4233 superius
1153 4165 1346 4219 turbati
1387 4181 1491 4219 non
1531 4178 1653 4221 sunt
1694 4169 2010 4238 Prophetam
2053 4189 2148 4227 au-

559 4255 806 4319 dientes;
851 4271 1042 4310 nomen
1089 4272 1220 4313 vero
1261 4257 1383 4313 Jcsu
1427 4261 1603 4314 statim
1655 4261 1773 4315 illos
1815 4263 2141 4321 oll‘endisset.

559 4346 670 4402 Nec
697 4347 854 4406 dixit.
881 4346 1279 4416 Obtemperate,
1309 4351 1423 4412 sed,
1459 4352 1671 4416 Audite,
1700 4355 1839 4422 quod
1870 4371 1999 4410 sane
2030 4374 2144 4411 mo-

563 4435 754 4492 lestum
784 4451 890 4491 non
911 4445 1045 4492 erat.
1085 4437 1151 4493 Et
1177 4439 1537 4495 animadverte
1560 4445 1826 4512 quomodo
1861 4448 1988 4502 nihil
2022 4449 2150 4504 sub-

565 4528 692 4582 time
737 4527 912 4589 dicat,
963 4527 1058 4583 sed
1118 4528 1185 4583 ab
1245 4527 1616 4585 humilioribus
1665 4533 1899 4602 incipiat.
1947 4535 2145 4602 Iesum,

563 4619 756 4690 inquit,
796 4617 1142 4673 Nazareuum.
1190 4619 1420 4675 Patriam
1470 4625 1644 4678 statim
1689 4624 1835 4685 dicit.
1880 4645 1996 4696 quze
2034 4630 2150 4684 vilis

565 4728 686 4769 esse
723 4711 1024 4768 videbatur.
1067 4711 1174 4768 Nec
1223 4715 1489 4783 quidpiam
1535 4719 1744 4772 interim
1791 4735 2038 4790 magnum
2084 4724 2151 4777 de

565 4805 657 4859 illo
685 4803 834 4865 dicit,
862 4820 928 4860 tle
957 4805 1169 4876 quidem
1203 4806 1342 4876 quod
1372 4806 1439 4862 de
1477 4810 1730 4879 propheta
1757 4813 1890 4866 alius
1927 4814 2144 4869 diceret.

565 4897 761 4962 Jesum,
793 4899 982 4968 inquit,
1030 4895 1376 4960 Nazareuunt,
1421 4901 1582 4954 virum
1619 4904 1948 4973 approbatum
1987 4925 2018 4959 a
2048 4907 2152 4961 Deo

567 4992 623 5043 in
659 4991 818 5045 vobis.
851 4990 982 5046 Vide
1019 5007 1175 5061 quam
1217 5009 1462 5062 magnum
1512 4994 1635 5047 illud
1679 5007 1811 5061 erat,
1840 4998 1978 5066 quod
2013 4999 2156 5054 dit-at

571 5081 722 5136 illum
749 5097 777 5135 a
809 5081 919 5136 Deo
948 5082 1165 5136 missum
1198 5083 1376 5138 fuisse.
1407 5083 1516 5138 lloc
1544 5087 1684 5138 enim
1720 5101 1930 5154 semper
1959 5099 2009 5143 et
2041 5090 2156 5143 ubi-

571 5188 676 5241 que
710 5171 944 5228 Joannes
985 5183 1041 5228 et
1089 5175 1311 5244 apostoli
1363 5176 1648 5232 ostendere
1696 5181 1970 5234 curabant.
2020 5182 2152 5234 Audi

572 5281 803 5334 namque
846 5265 1105 5321 Joannem
1143 5267 1407 5323 dicentem
1442 5289 1454 5324 :
1493 5270 1590 5325 Ille
1626 5272 1751 5325 mihi
1793 5275 1938 5335 dia-it,
1991 5275 2158 5343 Super

573 5375 720 5428 quem
745 5358 928 5412 videris
952 5359 1200 5429 Spiritum
1223 5361 1599 5417 descendentem
1626 5375 1672 5418 et
1697 5377 1974 5418 manentem
2011 5385 2160 5437 super

576 5465 710 5513 eum,
751 5450 832 5501 hic
867 5459 940 5504 est
978 5450 1156 5521 (Joau.
1193 5452 1243 5505 1.
1286 5451 1397 5518 '53).
1438 5453 1548 5507 line
1588 5459 1852 5526 pra'eipne
1882 5457 2004 5511 iacit
2047 5461 2159 5528 ipse

575 5541 838 5602 Christus,
861 5541 1065 5608 dicens,
1103 5544 1146 5596 Α
1179 5545 1466 5613 memetipso
1494 5559 1591 5599 non
1619 5550 1747 5608 veni,
1781 5550 1888 5618 ipse
1915 5567 1991 5603 nte
2025 5552 2160 5604 misit

577 5636 594 5705 (
628 5633 713 5686 Id.
741 5635 793 5688 7.
833 5633 904 5690 28
933 5632 975 5706 ).
999 5633 1067 5689 Et
1093 5635 1286 5706 ubique
1313 5637 1362 5689 in
1390 5635 1674 5707 Scripturis
1696 5637 1797 5694 hoc
1828 5641 2158 5709 potissimum

576 5737 767 5795 agitur.

652 5815 795 5871 Petri
817 5817 1053 5889 dignitas.
1077 5817 1280 5874 -ldco
1310 5819 1393 5875 hic
1425 5830 1638 5878 sanctus
1665 5824 1802 5882 beati
1833 5831 1981 5886 chori
2013 5834 2157 5902 prin-

2243 3730 2392 3784 ceps,
2417 3725 2622 3771 amator
2640 3716 2856 3784 Christi,
2878 3718 3070 3773 ardens
3091 3719 3398 3789 discipulus,
3418 3722 3498 3774 t-ni
3527 3723 3837 3778 connnissre

2244 3817 2369 3860 sunt
2403 3808 2655 3862 caelorum
2688 3810 2886 3870 claves,
2932 3812 3018 3879 qui
3069 3811 3446 3866 revelationem
3499 3815 3835 3882 spiritualen:

2247 3899 2474 3967 accepit,
2521 3911 2800 3970 postquam
2834 3902 2952 3955 illos
2982 3903 3170 3956 timore
3199 3905 3534 3972 compressit,
3568 3907 3840 3960 ostendit-

2249 4003 2351 4058 que
2382 3993 2584 4059 magnis
2629 3991 2745 4043 illos
2781 3991 2935 4044 donis
2965 4008 3084 4047 esse
3128 3993 3391 4063 tlignatos,
3422 4008 3580 4066 atque
3611 3997 3715 4052 lide
3751 3999 3840 4050 di-

2249 4094 2382 4148 gnos
2425 4081 2674 4145 reddidit,
2710 4093 2832 4136 tunc
2861 4083 2927 4137 dc
2959 4083 3048 4137 illo
3082 4083 3315 4139 disserit.
3361 4085 3536 4156 Pap:e..
3564 4091 3844 4158 quomodo

2251 4185 2412 4224 ausus
2431 4182 2511 4224 est
2542 4173 2678 4225 inter
2710 4173 3002 4228 homicidas
3031 4175 3208 4230 dicere
3237 4177 3408 4246 ipsum
3440 4181 3799 4236 resurresisse
3825 4184 3842 4238 !

2250 4261 2359 4317 Nec
2385 4263 2512 4317 dicit
2547 4266 2743 4327 statim,
2775 4265 2914 4334 quod
2947 4271 3330 4326 resurreserit;
3360 4269 3450 4322 sed
3483 4269 3620 4339 and
3658 4287 3685 4323 a
3729 4272 3848 4324 Ιὶυη

2252 4355 2316 4408 ad
2347 4356 2490 4426 ipsos
2535 4357 2756 4412 venerit.
2794 4358 2903 4412 lloe
2935 4369 3109 4413 autem
3151 4359 3490 4415 manifestum
3532 4373 3612 4416 est
3650 4379 3713 4416 ex
3752 4365 3847 4427 iis,

2253 4461 2371 4516 qua:
2414 4447 2558 4502 fecit.
2592 4448 2704 4502 Non
2729 4449 2836 4516 jam
2879 4448 3028 4515 dicit,
3057 4451 3195 4520 quod
3230 4451 3363 4520 ipse,
3396 4452 3488 4506 sed
3518 4453 3656 4521 quod
3702 4455 3852 4508 lli-us

2255 4553 2350 4607 per
2379 4539 2569 4607 ipsum,
2601 4548 2656 4591 ιιι
2685 4538 2972 4593 modestius
3019 4539 3282 4610 loquendo
3311 4543 3454 4610 ipsos
3485 4543 3850 4612 pertraheret,

2255 4629 2320 4682 ad
2351 4646 2507 4700 quam
2549 4647 2656 4685 rem
2690 4631 2834 4700 ipsos
2874 4641 3036 4686 testes
3081 4641 3253 4695 vocat,
3297 4632 3571 4704 dicitque:
3613 4633 3790 4687 l'irum
3819 4656 3855 4688 η

2257 4719 2367 4774 Deo
2412 4723 2809 4776 demonstratum
2853 4724 2904 4777 in
2957 4725 3094 4777 vobis
3148 4725 3447 4792 uirtutibus,
3504 4727 3750 4796 prodigiis
3803 4740 3856 4780 et

2255 4815 2431 4888 signis,
2467 4831 2578 4886 qua:
2601 4817 2718 4886 fecit
2756 4833 2845 4884 per
2870 4817 3034 4885 ipsum
3073 4813 3207 4868 Deus
3234 4819 3284 4869 in
3309 4820 3471 4871 medio
3509 4821 3677 4880 vestri,
3713 4821 3857 4873 sicut

2260 4919 2304 4959 et
2336 4907 2432 4975 ipsi
2461 4908 2614 4960 scitis.
2652 4904 2849 4961 Deinde
2881 4909 2930 4960 in
2962 4907 3168 4960 illorum
3201 4907 3405 4962 facinus
3433 4919 3485 4962 et
3513 4911 3687 4962 set-lus
3715 4911 3859 4964 int-i-

2259 4997 2410 5055 deas.
2439 4999 2556 5051 vide
2575 4999 2841 5066 quomodo
2865 5009 3089 5052 conetur
3120 4999 3237 5051 illos
3261 5016 3290 5051 a
3319 4999 3541 5054 crimine
3569 5001 3804 5055 liberare
3843 5022 3859 5058 :

2262 5085 2376 5160 (u)(
2408 5089 2506 5142 etsi
2539 5088 2680 5141 enim
2717 5087 2993 5142 tlelinitum
3025 5099 3188 5151 esset,
3224 5091 3294 5144 illi
3329 5100 3504 5145 tamen
3563 5089 3864 5149 homicith

2261 5181 2471 5247 erant).
2520 5180 2611 5235 ‘25.
2646 5180 2819 5242 Hunc,
2865 5182 3056 5250 inquit,
3098 5183 3307 5251 deﬁnito
3361 5184 3579 5238 consilio
3625 5195 3674 5237 et
3707 5203 3862 5253 pra:—

2261 5276 2469 5328 scieutia
2496 5273 2592 5328 Dei
2622 5274 2865 5327 traditum
2891 5275 3210 5344 accipientes,
3239 5293 3328 5346 per
3355 5293 3535 5329 manus
3555 5278 3865 5347 iniquorum

2327 5408 2398 5471 (tt)
2422 5417 2533 5466 Quze
2556 5409 2746 5457 uncinis
2765 5407 3051 5457 clauduntur
3071 5409 3276 5458 deerant
3314 5411 3361 5458 in
3397 5407 3565 5460 Editis.
3617 5409 3680 5457 At
3711 5424 3865 5466 vero,

2262 5470 2508 5521 bisetiam
2541 5472 2796 5527 restitutis,
2822 5484 3000 5519 sensus
3034 5471 3188 5519 adhuc
3231 5472 3546 5532 imperlectus
3571 5485 3682 5520 esse
3719 5473 3868 5518 vidu-

2264 5541 2360 5582 tur.
2386 5541 2516 5595 Nam,
2539 5539 2591 5580 ut
2614 5533 2662 5580 iu
2683 5532 2967 5594 prtcl'atioue
2989 5533 3202 5584 diximus
3219 5570 3232 5592 ,
3251 5547 3391 5595 smpe
3412 5532 3782 5595 Chrysostnmus
3811 5537 3865 5584 in

2263 5595 2400 5644 hisce
2433 5593 3136 5656 Ctnumetttariis__sententiam
3190 5593 3420 5656 relinquit
3489 5593 3864 5656 imperfectam.

2263 5657 2341 5724 sic
2364 5669 2483 5718 ergo
2507 5663 2658 5724 totum
2685 5653 2939 5724 intelligas
2973 5664 3168 5716 oportet
3193 5671 3206 5705 :
3241 5653 3358 5724 ("ide
3395 5653 3630 5724 quomodo
3652 5667 3867 5724 vincetur

2265 5718 2374 5781 illos
2397 5715 2650 5781 (crimine
2678 5715 2909 5775 liberare,
2937 5715 3372 5781 qunuttuusrilicet
3395 5715 3505 5781 ﬁeri
3530 5723 3869 5781 poterunt-tsi

2267 5779 2393 5842 enin:
2416 5775 2466 5825 id
2491 5779 2740 5842 definitum
2762 5792 2794 5827 η
2821 5787 2918 5842 Deo
2940 5775 3080 5837 esset,
3116 5777 3266 5842 nihilo
3298 5775 3457 5830 timum
3489 5775 3646 5829 minus
3669 5780 3745 5831 illi
3771 5785 3862 5834 Ito»

2267 5841 2466 5892 mirtdw
2487 5841 2641 5892 erant.
2674 5851 2827 5899 tlttuc,
2852 5841 3025 5902 inquit,
3047 5841 3243 5902 deﬁnito
3261 5843 3474 5902 consilio,
3499 5849 3597 5893 etc.
