4022 6364
580 259 653 318 57
1272 278 1329 333 ε.
1371 278 1656 335 JOANNIS
1688 278 2183 338 CIIRYSOSTOMI
2221 281 2539 339 ARCHIEP.
2580 280 3125 338 CONSTANTINOP.
3751 277 3819 335 ss

577 379 677 457 καί
709 383 1042 452 προγνώσει
1073 388 1179 443 τοῦ
1217 391 1365 443 Θεοῦ
1406 392 1657 446 ἔκδοτον
1703 393 2013 458 λαϐόντες,
2054 392 2154 447 διὰ

564 466 783 534 χειρῶν
828 469 1067 539 ἀνόμων
1096 475 1558 542 προσπήξαντες
1602 477 1889 532 ἀνείλετε.
1941 479 2149 531 Μονον-

565 551 687 619 ουχὶ
732 551 800 603 τά
837 553 973 607 αύτά
1021 572 1099 621 τῳ
1138 558 1332 626 Ἰωσὴφ
1383 558 1555 627 λέγων
1610 562 1845 631 ῥήματα,
1895 560 2039 631 ἅπερ
2082 559 2147 631 δὴ

568 636 816 693 κάκεῖνοξ
850 636 1003 704 ἔλεγε
1034 638 1172 709 πρὸς
1206 642 1331 703 τοῦς
1358 642 1620 712 ἀδελφούς
1640 661 1652 675 ·
1702 644 1799 710 Μὴ
1851 644 2152 712 φοϐεῖσθε,

570 716 657 769 ὅτι
685 717 987 772 ἀπέδοσθέ
1010 738 1085 787 με
1125 723 1237 790 οὐχ
1284 725 1470 792 ὑμεῖς,
1522 726 1659 780 ἀλλ’
1693 730 1726 782 ό
1760 728 1902 793 Θεός
1927 743 2005 794 με
2036 720 2154 781 ὦδε

567 799 945 858 ἀπέστειλεν.
986 798 1115 857 Εἶτα
1143 805 1333 870 εἰπὼν,
1383 809 1465 863 ὅτι
1516 809 1679 883 βουλὴ
1721 810 1879 875 Θεοῦ,
1936 812 2023 864 ἶνα
2077 809 2153 884 μὴ

569 884 819 949 εἴπωσιν,
854 885 960 955 ἀρα
999 888 1178 950 καλῶς
1202 890 1356 944 τοῦτο
1386 894 1743 964 ἐποιήσαμεν,
1777 895 2153 964 συλλογίζεται

570 970 766 1033 αὐτοὺς
789 969 854 1023 δι’
878 964 938 1024 οὗ
967 972 1294 1043 προσέθηκε.
1326 976 1429 1029 Διὰ
1468 977 1681 1046 χειρῶν
1702 979 1941 1048 ἀνόμων
1966 991 2154 1044 προσ-

568 1050 867 1117 πήξαντες
897 1053 1184 1119 ἀνείλετε,
1234 1057 1499 1112 Ἐνταῦθα
1537 1058 1627 1112 τδν
1668 1060 1868 1114 Ἰούδαν
1920 1060 2154 1114 αἰνίττε-

568 1151 693 1187 ται·
726 1135 841 1214 ἆμα
893 1136 949 1188 δὲ
999 1138 1183 1201 αὐτοῖς
1222 1140 1514 1209 δείκνυσιν,
1571 1144 1652 1196 ὃτι
1707 1145 1769 1199 οὐ
1822 1144 1925 1214 τῆς
1976 1143 2157 1198 αὐτῶν

573 1216 750 1285 ἰσχύος
780 1213 869 1287 ἦν,
900 1221 949 1270 εί
981 1219 1054 1290 μὴ
1082 1222 1176 1274 καὶ
1205 1224 1367 1287 αὐτὸς
1399 1226 1744 1297 συνεχώρησε
1774 1228 1869 1281 καὶ⁸
1885 1213 2157 1295 ἐξέδωκεν

570 1298 599 1349 6
627 1300 756 1361 θεὸς
792 1302 973 1355 αὐτόν.
1020 1302 1189 1356 Τοῦτο
1229 1305 1338 1376 γάρ
1384 1308 1498 1359 ἐστι
1540 1308 1600 1360 τὸ
1628 1309 1932 1363 Ἔκδοτον.
1972 1307 2158 1373 Οῦτως

571 1381 691 1433 ὅλον
726 1384 818 1435 ἐπὶ
856 1384 961 1454 τὴν
1000 1387 1245 1456 κεφαλὴν
1275 1388 1367 1441 τοῦ
1404 1390 1580 1443 Ἰούδα
1616 1393 1941 1463 περιέστησε
1967 1392 2027 1444 16
2064 1391 2156 1458 ἐγ-

573 1464 760 1534 κλημα
781 1466 875 1519 τοῦ
900 1469 1361 1539 παραδεδωκότος
1380 1473 1540 1537 αὐτὸς
1560 1475 1667 1546 γάρ
1684 1476 1846 1528 αὐτὸν
1872 1474 2158 1545 παρέδωκε

542 1578 543 1581 η
573 1547 652 1619 τῷ
687 1549 976 1621 φιλήματι.
1016 1553 1085 1605 Ἦ
1124 1553 1301 1607 τοίνυν
1336 1556 1463 1627 περὶ
1490 1556 1678 1610 τούτου
1702 1558 1783 1618 τὸ,
1826 1557 1929 1611 Διά
1949 1555 2161 1626 χειρῶν

574 1631 836 1699 ἀνόμων,
877 1634 909 1704 ἢ
941 1635 1048 1688 τῶν
1080 1639 1425 1707 στρατιωτῶν
1472 1638 1654 1709 λέγει,
1680 1640 1855 1712 δηλῶν
1876 1680 1891 1699 ,
1920 1640 2002 1693 ὅτι
2027 1640 2161 1692 οὐδὲ

578 1714 763 1777 ἁπλῶς
783 1717 1040 1781 ἀνείλετε,
1062 1719 1217 1783 ἀλλὰ,
1241 1723 1345 1773 Διά
1368 1720 1487 1774 τῶν
1514 1724 1755 1792 ἀνόμων
1772 1722 2025 1790 ἀνδρῶν.
2050 1720 2162 1775 Καὶ

578 1796 694 1859 θέα,
712 1798 827 1863 πῶς
844 1802 1118 1872 πανταχοῦ
1132 1803 1490 1868 σπουδάζουσι
1506 1806 1566 1858 16
1579 1806 1750 1869 πάθος
1764 1804 2161 1877 ὁμολογηθῆναι

578 1882 862 1954 πρότερον.
886 1885 966 1938 Τά
996 1885 1050 1939 δὲ
1076 1890 1172 1957 τῆς
1202 1889 1550 1952 ἀναστάσεως
1579 1893 1702 1944 ἐπεὶ
1739 1890 1882 1960 μέγα
1904 1886 1994 1961 ἦν,
2023 1888 2164 1952 τέως

580 1966 881 2031 συσκιάζει,
908 1969 1001 2022 καὶ
1028 1968 1171 2022 οὐτω
1196 1988 1313 2034 πως
1339 1972 1499 2040 μέσον
1519 1973 1650 2026 αὐτὸ
1675 1973 1907 2043 τίθησιν.
1947 1971 2165 2025 Ἐκεῖνα

582 2048 681 2116 μὲν
709 2050 816 2119 γὰρ
845 2051 1177 2123 ὡμολόγητο.
1213 2050 1322 2107 οἷον
1351 2056 1380 2108 6
1411 2057 1639 2125 σταυρὸς
1670 2056 1764 2110 καὶ
1792 2058 1821 2109 6
1854 2055 2101 2119 θάνατος,
2126 2056 2161 2126 ἡ

579 2130 634 2185 δὲ
668 2137 980 2202 ἀνάστασις,
1016 2135 1201 2191 οῦπω⁸
1240 2139 1321 2192 διὸ
1368 2141 1463 2192 καὶ
1515 2138 1741 2211 ὕστερον
1790 2141 1918 2211 περὶ
1961 2139 2162 2207 ταύτης

581 2217 744 2285 φησὶν
792 2218 1041 2287 ἐπάγων·
1086 2224 1195 2275 ’ον
1222 2226 1255 2278 ό
1285 2223 1429 2289 Θεὸς
1477 2222 1781 2289 ἀνέστησε
1828 2224 2028 2289 λύσας
2059 2222 2166 2289 τὰς

578 2297 793 2365 ὠδῖνας
817 2300 923 2354 τοῦ
947 2302 1227 2368 θανάτου,
1255 2309 1458 2360 καθότι
1487 2308 1598 2359 οὐκ
1626 2303 1706 2376 ἦν
1731 2305 1994 2360 δυνατόν
2022 2321 2164 2372 κρα-

577 2380 805 2435 τεῖσθαι
845 2384 1032 2438 αὑτὸν
1060 2386 1160 2440 ὑπ’
1189 2388 1398 2443 αὑτοῦ.
1452 2387 1717 2442 Ἐνταῦθά
1775 2406 1827 2441 τι
1883 2387 2023 2457 μέγα
2071 2386 2167 2439 καὶ

580 2463 783 2534 ὑψηλὸν
813 2466 1051 2538 ᾐνίξατο.
1081 2471 1154 2523 Τὸ
1183 2472 1308 2541 γὰρ,
1333 2474 1454 2525 Οὐκ
1481 2468 1558 2541 ἦν
1575 2472 1863 2532 δυνατὸν,
1890 2470 1983 2523 καὶ
2004 2468 2166 2521 αὐτὸν

578 2548 788 2602 διδόντα
817 2551 1069 2620 ἐμφαίνει
1098 2557 1407 2624 κατασχεῖν·
1435 2556 1528 2608 καὶ
1555 2555 1636 2608 ὃτι
1660 2556 1754 2607 καὶ
1781 2554 1941 2616 αὐτὸς
1964 2552 2121 2605 ῶδινε
2138 2564 2165 2592 ι

579 2631 824 2701 κατέχων
876 2633 1038 2686 αὐτὸν
1072 2636 1101 2687 6
1146 2636 1393 2702 θάνατος,
1441 2638 1536 2691 καὶ
1586 2638 1654 2691 τά
1702 2636 1851 2691 δεινά
1908 2636 2165 2705 ἔπασχεν.

593 2716 765 2769 Ὧδῖνα
789 2716 898 2787 γὰρ
936 2716 1163 2772 θανάτου
1191 2721 1224 2789 ἡ
1258 2720 1448 2791 Γραφὴ
1496 2721 1587 2774 16v
1622 2720 1864 2775 κίνδυνον
1891 2718 2165 2790 πανταχοῦ

578 2794 687 2852 οἶδε
717 2800 899 2853 καλεῖν
922 2814 939 2831 '
972 2802 1066 2853 καὶ
1098 2802 1180 2854 ὅτι
1206 2802 1377 2867 οὕτως
1404 2804 1625 2873 ἀνέστη,
1658 2804 1733 2867 ὡς
1769 2804 1967 2873 μηκέτι
2002 2803 2167 2856 πάλιν

578 2882 969 2937 ἀποθανεῖν.“Η
989 2884 1065 2954 τῷ
1084 2886 1278 2951 εἰπεῖν,
1300 2885 1412 2958 [49]
1434 2888 1649 2941 Καθότι
1674 2890 1784 2941 οὐκ
1802 2883 1882 2955 ἦν
1904 2887 2170 2941 δυνατὸν

579 2965 920 3032 κρατεῖσθαι
943 2968 1131 3022 αὐτὸν
1151 2968 1250 3022 ὑπ’
1271 2969 1477 3034 αὐτοῦ,
1504 2969 1661 3023 τοῦτο
1683 2968 1969 3040 δηλοῦντός
1998 2970 2167 3036 ἐστιν,

578 3048 660 3101 ὄτι
704 3048 763 3101 ού
806 3050 957 3121 κοινὴ
986 3052 1099 3115 τοῖς
1130 3051 1309 3114 ἄλλοις
1342 3051 1563 3120 γέγονεν
1597 3053 1631 3124 ἡ
1673 3054 1987 3116 ἀνάστασις.
2035 3049 2168 3107 Εἶτα

580 3132 712 3202 πρὶν
748 3132 782 3202 ἦ
829 3149 881 3187 τι
918 3133 1018 3205 τὴν
1049 3134 1287 3188 διάνοιαν
1329 3134 1509 3189 αὐτῶν
1546 3135 1820 3206 ἐννοῆσαι,
1868 3136 2168 3206 ἐπέστησεν

580 3216 763 3280 αὐτοῖς
800 3216 892 3269 τὸν
930 3216 1094 3271 Δαυῒδ
1128 3219 1302 3273 πάντα
1345 3218 1602 3289 λογισμὸν
1637 3218 1977 3291 ἀνθρώπινον
2011 3220 2168 3273 ἀναι-

580 3298 798 3369 ροῦντα.
831 3300 1013 3354 Δαυῒδ
1041 3301 1171 3371 γὰρ,
1197 3302 1350 3373 φησὶ,
1371 3302 1533 3372 λέγει
1554 3308 1643 3367 εις
1662 3304 1870 3357 αὐτόν.
1904 3303 2017 3358 Καὶ
2044 3303 2168 3374 δρα,

582 3383 701 3447 πῶς
739 3383 901 3437 πάλιν
938 3385 971 3455 ὴ
1005 3386 1284 3455 μαρτυρία
1321 3387 1593 3456 ταπεινή·
1644 3386 1731 3440 διά
1767 3386 1833 3456 δὴ
1871 3385 2029 3440 τοῦτο
2076 3388 2173 3440 καὶ

582 3464 788 3519 ἄνωθεν
835 3467 1007 3536 αὐτὴν
1046 3466 1303 3521 ἀνέλαϐεν
1335 3468 1443 3521 ἀπὸ
1480 3468 1590 3521 τῶν
1621 3468 2045 3540 ταπεινοτέρων,
2083 3469 2171 3522 ῐνα

582 3548 761 3621 δείξῃ,
811 3550 893 3602 ὃτι
926 3550 986 3603 οὐ
1020 3550 1129 3603 τῶν
1159 3551 1473 3605 λυπούντων
1515 3552 1543 3592 ι)
1581 3547 1645 3625 ἦν
1681 3555 1710 3607 6
1741 3552 1990 3615 θάνατος.
2018 3554 2172 3620 Προ-

583 3632 849 3701 ωρώμην,
869 3634 1019 3704 φησὶ,
1043 3634 1151 3689 τόν
1165 3636 1381 3703 Κύριον
1395 3634 1652 3690 ἐνώπιόν
1667 3653 1787 3705 μου
1806 3634 1904 3689 διὰ
1923 3633 2171 3701 παντὸς,

585 3714 676 3768 ὅτι
715 3715 783 3768 ἐκ
821 3715 1036 3779 δεξιῶν
1056 3717 1175 3787 μού
1219 3720 1412 3783 ἐστιν,
1468 3720 1568 3773 ἵνα
1600 3719 1686 3789 μὴ
1733 3716 2042 3773 σαλευθῶ*
2086 3716 2175 3771 ὅτι

586 3802 698 3853 οὺκ
755 3800 1211 3870 ἐγκαταλείψεις
1263 3801 1380 3870 τὴν
1423 3802 1639 3873 ψυχήν
1674 3820 1793 3872 μου
1850 3802 1939 3868 είς
1999 3800 2172 3868 ᾷδου.

587 3880 723 3939 Εἶτα
753 3885 1048 3956 πληρώσας
1088 3886 1188 3958 τὴν
1216 3888 1523 3960 μαρτυρίαν
1549 3888 1646 3960 τὴν
1688 3884 2050 3959 προφητικὴν,
2080 3886 2177 3937 ἐπ-

588 3968 712 4037 άγει
732 3983 750 4001 “
788 3969 1039 4037 Ἀνδρες
1065 3969 1337 4040 ἀδελφοί.
1378 3973 1544 4025 Ὅταν
1576 3971 1745 4042 μέλλῃ
1776 3988 1828 4024 τι
1868 3969 2048 4037 λέγειν
2076 3968 2174 4037 μέ-

588 4068 682 4120 γα,
715 4051 889 4123 τούτῳ
920 4052 1184 4125 κέχρηται
1216 4052 1292 4123 τῷ
1334 4054 1626 4125 προοιμίῳ,
1657 4053 1937 4125 διεγείρων
1980 4051 2176 4113 αὐτοὺς

568 4137 684 4216 ,καὶ
708 4134 1076 4206 οἰκειούμενος
1098 4135 1367 4190 ἐντεῦθεν.
1408 4137 1586 4200 Ἐξόν
1606 4135 1818 4200 ειπεῒν,
1849 4134 2006 4206 φησὶ,
2029 4134 2177 4204 μετὰ

590 4220 932 4287 παρρησίας
958 4219 1109 4288 πρὸς
1125 4217 1283 4288 ὑμᾶς
1300 4221 1432 4287 περὶ
1455 4220 1562 4274 τοῦ
1585 4218 1952 4288 πατριάρχου
1972 4216 2173 4272 Δαυΐδ.

592 4300 770 4370 Πολλὴ
796 4303 830 4371 ή
863 4301 1359 4373 ταπεινοφροσύνῃ·
1394 4301 1524 4356 ἔνθα
1560 4301 1713 4355 οὐδὲν
1740 4300 1997 4367 ἔϐλαπτε,
2042 4316 2176 4368 συγ-

593 4385 929 4439 καταϐαίνει.
980 4385 1080 4439 Διά
1115 4402 1196 4439 τοι
1233 4384 1391 4439 τοῦτο
1426 4386 1523 4439 καὶ
1546 4386 1647 4439 οὐκ
1672 4380 1843 4449 εἶπεν,
1879 4384 1962 4437 ὃτι
2004 4382 2179 4437 ταῦτα

592 4469 725 4539 περὶ
752 4468 844 4521 τοῦ
876 4468 1112 4540 Χριστοῦ
1142 4467 1375 4539 εῐρηται,
1425 4470 1485 4522 οὐ
1534 4470 1661 4541 περὶ
1696 4467 1789 4521 τοῦ
1820 4466 2012 4520 Δαυῖδ’
2049 4465 2180 4535 σφό-

593 4552 697 4623 δρα
752 4553 1010 4615 συνετῶς,
1053 4554 1120 4624 τῇ
1166 4552 1334 4623 πολλῇ
1380 4553 1509 4623 περὶ
1547 4552 1638 4605 16v
1692 4553 1962 4626 μακάριον
2013 4550 2179 4605 Δαυῖδ

594 4640 727 4709 τιμῇ
763 4636 1040 4708 ἐντρέπων
1074 4638 1290 4700 αὐτοὺς,
1340 4638 1434 4690 καὶ
1470 4636 1720 4707 περὶτοῦ
1756 4634 2179 4707 ὼμολογημένου

597 4723 690 4774 καὶ
715 4720 790 4783 ὡς
813 4720 1086 4792 τολμηροῦ
1127 4720 1407 4782 δοκοῦντος
1442 4721 1712 4791 είρῆσθαι,
1748 4718 2182 4791 παραιτούμενος

595 4804 793 4866 αὐτοὺς
834 4798 914 4867 οἷς
945 4803 1281 4873 ἐγκωμιάζει
1310 4804 1514 4875 ἠρέμα.
1556 4804 1644 4856 Διὸ
1679 4805 1772 4857 καὶ
1802 4803 1885 4867 οὐ,
1926 4802 2057 4871 Περὶ
2085 4796 2180 4853 τοῦ

596 4886 781 4953 Δαυῒδ,
820 4888 985 4958 φησὶν
1020 4888 1227 4951 ἁπλῶς,
1272 4887 1430 4949 ἀλλά,
1476 4889 1616 4956 Περὶ
1657 4888 1762 4942 τοῦ
1816 4884 2183 4956 πατριάρχου

598 4969 800 5035 Δαυῒδ,
865 4970 953 5024 ὅτι
1002 4971 1099 5025 καί
1153 4972 1512 5039 ἐτελεύτησε
1567 4970 1665 5024 καί
1711 4970 1921 5040 ἐτάφη.
1986 4970 2182 5022 Οὐκέτι

598 5053 769 5121 λέγει,
814 5054 922 5105 Καὶ
958 5054 1060 5106 οὐκ
1107 5054 1331 5125 ἀνέστη,
1377 5055 1491 5107 ἀλλ’
1526 5055 1728 5127 ἑτέρως
1769 5055 1829 5119 ἐξ
1875 5053 2087 5116 εὐθείας
2124 5054 2184 5107 16

599 5136 729 5188 αὐτὸ
758 5136 1038 5208 παριστῶν
1076 5138 1169 5189 καὶ
1206 5136 1409 5205 λέγων·
1458 5140 1566 5192 Καὶ
1603 5138 1667 5192 τὸ
1708 5137 1962 5209 μνῆμαο
1996 5138 2183 5191 αὐτοῦ

597 5220 772 5273 ἐστιν
798 5219 868 5273 ἐν
910 5218 1056 5289 ἡμῖν
1091 5220 1230 5289 ἄχρι
1268 5220 1381 5291 τῆς
1430 5222 1654 5293 ἡμέρας
1696 5224 1939 5288 ταύτης.
1990 5216 2122 5274 Εἶτα
2155 5220 2184 5273 6

602 5301 849 5356 ἐϐούλετο
899 5304 1333 5367 κατασκευάσας,
1387 5305 1507 5358 οὐδὲ
1557 5305 1730 5370 οὕτως
1772 5303 1936 5378 ἦλθεν
1970 5306 2062 5359 ἐπὶ
2092 5304 2184 5358 τὸν

601 5386 857 5456 Χριστὸν,
892 5386 1029 5440 ἀλλά
1062 5386 1221 5441 πάλιν
1256 5388 1372 5458 μετ’
1400 5390 1690 5461 ἐγκωμίων
1722 5390 1829 5444 τῶν
1853 5389 1946 5442 τοῦ
1982 5390 2146 5443 Δαυῖδ
2166 5406 2177 5420 ·

602 5467 917 5537 Προφήτης
957 5464 1070 5524 οὖν
1118 5469 1425 5541 ὑπάρχων,
1471 5474 1571 5527 καὶ
1626 5471 1838 5541 εἰδὼς,
1892 5473 1981 5527 ὅτι
2031 5474 2184 5543 ὅρκῳ

602 5552 848 5621 ῶμωσεν
874 5551 1034 5618 αὐτῷ
1057 5556 1089 5608 ό
1114 5556 1280 5623 Θεός.

663 5751 969 5823 ‘_Dug_mss.
1003 5757 1085 5823 καὶ
1117 5755 1233 5803 αὐτὸ
1270 5757 1475 5823 διδόντος
1517 5758 1618 5823 ἐστί
1643 5776 1703 5807 τι.
1728 5758 1971 5823 Δείκνυσιν
2006 5760 2077 5807 ὃτι
2104 5760 2184 5806 καὶ

602 5814 742 5883 αὐτὸς
794 5815 949 5889 ῶδιγε,
992 5814 1158 5889 minus
1200 5826 1359 5889 reply:
1426 5820 1450 5857 ι)
1482 5822 1644 5889 Anius
1685 5822 2045 5889 ταπεινοτέρων,
2097 5822 2183 5889 ςδιά

600 5878 743 5948 τοῦτο
762 5878 853 5951 ριαὶ
884 5878 1171 5951 λυπούντων.
1240 5882 1263 5909 ε
1307 5880 1443 5931 Idem
1477 5882 1663 5945 ἑτέρως,
1699 5882 1855 5930 καίτοι
1890 5878 1999 5930 οὐδὲ
2040 5880 2183 5930 τοῦτο

602 5940 723 5997 μέγα
754 5940 840 5999 iv:
864 5940 945 5986 καὶ
967 5940 1022 5987 τὸ
1044 5944 1219 6001 μνῆμα.

2331 394 2396 466 β’.
2417 394 2604 448 Ταῦτα
2630 395 2685 448 δὲ
2707 394 2874 463 λέγει.
2893 395 2979 448 ἴνα
2996 396 3100 448 κᾶν
3116 397 3204 449 διά
3235 393 3334 465 τὴν
3350 394 3427 457 εἰς
3442 394 3647 447 ἐκεῖνον
3660 396 3824 467 τιμὴν

2258 479 2353 531 καὶ
2386 480 2447 531 τὸ
2477 479 2631 547 γένος
2650 478 2906 544 δέξωνται
2938 480 3028 532 τόν
3062 480 3190 551 περὶ
3217 480 3315 551 τῆς
3347 479 3694 541 ἀναστάσεως
3739 478 3845 535 λόει

2255 579 2385 631 γυνθ
2439 563 2515 626 ὡς
2568 564 2792 632 καὶτῆς
2838 564 3174 635 προφητείας
3225 562 3601 633 βλαπτομένης
3651 564 3700 615 εί
3753 564 3825 637 μὴ

2250 646 2409 699 τοῦτο
2443 645 2550 717 εἴη,
2605 648 2699 699 καὶ
2743 646 2840 716 τῆς
2899 648 2978 711 είς
3016 647 3213 710 αὐτοὺς
3266 645 3454 716 τιμῆς.
3489 645 3598 699 Καὶ
3636 645 3807 711 εἰδὼς

2261 683 2409 699 ,νυν
2443 683 2550 717 νη,
2608 683 2699 699 σε...
2754 683 2837 716 ..ις
2899 683 2974 711 ει,
3016 683 3211 710 ...υνυς
3277 683 3454 716 ...μην
3489 683 3598 699 ..νη
3636 683 3798 711 ...νη

2253 730 2438 798 φησὶν,
2466 729 2555 783 ὅτι
2587 729 2740 799 ὅρκῳ
2764 730 3012 797 ὥμωσεν
3038 727 3198 794 αὐτῷ
3225 732 3256 783 ό
3306 731 3471 793 Θεός.
3509 728 3623 781 Οὐκ
3651 683 3842 790 είττενῖι

2264 811 2659 883 Ἐπηγγείλατο
2684 813 2889 876 ἁπλῶς,
2908 813 3025 867 ἀλλ’
3042 812 3071 865 6
3099 812 3261 865 πλέον
3289 808 3379 884 ἦν,
3400 813 3595 879 Ὀρκῳ
3610 811 3827 880 ὤμοσε,

2262 895 2358 947 Ἐκ
2414 895 2646 964 καρποῦ
2692 896 2803 964 τῆς
2836 898 3067 965 ὀσφύος
3119 894 3307 949 αὐτοῦ
3341 896 3406 949 τὸ
3449 896 3595 949 κατά
3634 894 3834 961 σάρκα

2250 980 2623 1045 ἀναστήσειν
2652 980 2760 1033 τὸν
2790 981 3067 1047 Χριστὸν,
3083 980 3323 1033 καθίσαι
3346 977 3445 1033 ἐπὶ
3481 978 3589 1032 τοῦ
3617 980 3831 1045 θρόνου

2251 1063 2456 1116 αὑτοῦ.
2494 1064 2637 1134 Ὅρα
2667 1063 2729 1116 τὸ
2764 1063 2967 1133 ὑψηλὸν
2995 1062 3113 1125 πῶς
3142 1062 3303 1115 πάλιν
3333 1060 3572 1132 ᾐνίξατο.
3614 1059 3832 1130 Ἐπειδὴ

2251 1146 2361 1218 γάρ
2392 1147 2590 1209 αὐτοὺς
2619 1148 2962 1217 κατεπράϋνε
3014 1149 3128 1208 τοῖς
3183 1144 3383 1212 λόγοις,
3420 1143 3640 1215 θαρρῶν
3676 1142 3833 1196 τοῦτο

2254 1228 2624 1298 παρενέθηκεν
2638 1228 2732 1281 τοῦ
2758 1231 3061 1301 προφήτου,
3084 1228 3179 1280 καὶ
3207 1230 3336 1298 περὶ
3364 1228 3457 1298 τῆς
3484 1226 3830 1289 ἀναστάσεως

2253 1311 2578 1379 διαλέγεται.
2610 1314 2737 1365 Ὅτι
2765 1313 2902 1366 οὔτε
2931 1314 2968 1381 ὴ
2999 1311 3170 1380 ψυχὴ
3194 1311 3382 1364 αὐτοῦ
3403 1309 3832 1380 ἐγκατελείφθη

2254 1396 2340 1459 εις
2390 1394 2560 1462 ᾅδου,
2597 1396 2737 1448 οὔτε
2786 1396 2823 1463 ἡ
2864 1396 3021 1462 σὰρξ
3075 1393 3261 1447 αὑτοῦ
3309 1390 3430 1448 εἶδε
3484 1392 3832 1461 διαφθοράν.

2256 1480 2425 1533 Τοῦτο
2458 1481 2618 1533 πάλιν
2643 1479 2954 1549 θαυμαστόν
2976 1497 2989 1509 '
3019 1480 3257 1533 δείκνυσι
3289 1478 3417 1549 γάρ,
3449 1478 3527 1530 ὅτι
3548 1478 3644 1545 οὐχ
3672 1476 3835 1547 ὁμοία

2255 1569 2365 1629 τοῖς
2395 1567 2637 1638 ἀλλοιςὴ
2698 1566 3013 1629 ἀνάστασις,
3071 1565 3317 1633 Κατέσχε
3358 1564 3456 1633 μὲν
3490 1565 3598 1633 γάρ
3646 1562 3832 1621 αὐτὸν,

2256 1653 2357 1705 οὐκ
2386 1651 2679 1721 εἰργάσατο
2704 1650 2839 1703 δὲτὸ
2865 1650 3030 1703 αὐτοῦ
3047 1650 3168 1701 τότε
3191 1652 3219 1701 ό
3246 1648 3495 1710 θάνατος.
3523 1646 3633 1698 Καὶ
3650 1645 3713 1697 16
3738 1646 3835 1716 μὲν

2259 1734 2563 1805 ἁμάρτημα
2601 1728 2721 1785 εἷπε
2746 1732 3069 1794 συσκιάσας.
3095 1731 3264 1801 τὴνδέ
3295 1728 3563 1800 τιμωρίαν
3597 1728 3700 1780 οὐκ
3736 1729 3835 1779 ἐπι

2258 1819 2465 1890 ήγαγεν
2484 1834 2497 1847 ⁸
2536 1817 2648 1869 ἀλλ’
2669 1817 2750 1869 ὃτι
2780 1818 2877 1887 μὲν
2908 1816 3133 1874 ἀνεῖλον,
3170 1814 3425 1884 ἐδήλωσε⁸
3453 1811 3636 1864 λοιπὸν
3663 1811 3722 1863 δὲ
3747 1812 3836 1864 ἐπὶ

2257 1902 2318 1955 τὸ
2352 1900 2809 1971 σημεῖονέρχεται
2838 1900 2898 1953 16
2922 1899 3016 1953 τοῦ
3052 1898 3207 1951 Θεοῦ.
3234 1898 3403 1951 Ὅταν
3429 1897 3483 1950 δὲ
3517 1895 3834 1966 ἀποδειχθῇ,

2259 1986 2342 2039 ὅτι
2375 1984 2627 2047 δίκαιοςό
2656 1983 2981 2054 ἀναιρεθεὶς,
3013 1984 3106 2035 καὶ
3125 1983 3206 2034 ὅτι
3237 1980 3355 2051 Θεῷ
3381 1979 3550 2049 φίλος,
3578 1977 3683 2031 κᾶν
3714 1995 3837 2029 σιω-

2260 2071 2441 2141 πήσῃς
2460 2069 2557 2139 τὴν
2585 2067 2827 2130 κόλασιν,
2853 2067 3051 2137 μᾶλλόν
3082 2083 3175 2119 σου
3200 2064 3610 2132 καταγνώσεται
3640 2060 3835 2116 ἑαυτοῦ

2258 2150 2666 2222 όήμαρτηκώς.
2708 2151 2894 2204 Πάντα
2922 2150 3102 2203 τοίνυν
3148 2147 3433 2219 ἀνατίθησι
3495 2145 3574 2216 τῷ
3637 2146 3835 2217 Πατρὶ,

2260 2236 2349 2289 ἵνα
2369 2236 2623 2299 δέξωνται
2661 2234 2732 2287 τά
2780 2234 3068 2304 λεγόμενα.
3118 2228 3252 2286 Εἶτα
3294 2232 3373 2298 16,
3422 2233 3503 2285 υύ
3553 2230 3834 2294 δυνατὸν,

2260 2320 2368 2372 ἀπὸ
2397 2320 2495 2389 τῆς
2520 2318 2855 2390 προφητείας
2873 2315 2986 2388 [50]
3012 2316 3207 2385 ἐπάγει
3226 2333 3240 2347 ο
3277 2315 3477 2385 ἴδωμεν
3510 2313 3689 2366 τοίνυν
3708 2313 3839 2369 ἄνω-

2262 2403 2354 2457 θεν
2386 2403 2551 2456 πάλιν
2580 2402 2651 2453 τὰ
2681 2401 2966 2471 εἰρημένα.
3008 2399 3261 2466 Ἰησοῦν,
3311 2397 3464 2467 φησὶ,
3512 2397 3619 2450 τὸν
3648 2394 3839 2456 Ναζω-

2252 2486 2450 2556 ραῖον,
2485 2484 2672 2553 ἄνδρα
2725 2482 3225 2553 ἀποδεδειγμένον
3252 2480 3371 2536 ἀπὸ
3409 2481 3519 2535 τοῦ
3572 2479 3725 2533 Θεοῦ
3752 2482 3837 2545 είς

2260 2570 2418 2640 ὑμᾶς
2439 2588 2453 2601 ·
2505 2568 2801 2630 τουτέστιν,
2839 2568 2939 2619 οὐκ
2972 2565 3504 2637 ἀμφισϐητούμενον,
3550 2563 3667 2619 ἀλλ’
3700 2564 3837 2617 ἀπο-

2261 2652 2603 2722 δεδειγμένον
2630 2650 2719 2704 διὰ
2742 2650 2850 2703 τῶν
2881 2650 3076 2721 ἔργων.
3112 2648 3269 2702 Οὕτω
3318 2650 3413 2702 καὶ
3455 2650 3483 2701 ὁ
3527 2646 3838 2718 Νικόδημος

2262 2738 2444 2807 ἔλεγε·
2490 2738 2565 2790 Τὰ
2588 2735 2805 2805 σημεῖα
2834 2735 3020 2790 ταῦτα
3048 2733 3247 2800 οὐδεὶς
3274 2734 3521 2787 δύναται
3554 2730 3771 2796 ποιεῖν,
3801 2727 3839 2783 d

2263 2822 2344 2877 σὺ
2361 2820 2566 2887 ποιεῖς.
2587 2821 2903 2889 Δυνὰμεσι,
2923 2837 2995 2890 φη
3004 2820 3074 2881 σὶ,
3088 2819 3185 2872 καὶ
3205 2818 3409 2886 τέρασι
3430 2818 3527 2871 καὶ
3545 2817 3836 2885 σημείοις,

2263 2901 2353 2972 οἷς
2411 2906 2665 2971 ἐποίησε
2712 2904 2793 2957 δι’.
2837 2902 3024 2957 αὐτοῦ
3064 2905 3097 2956 o’
3136 2901 3279 2966 Θεὸς
3330 2903 3589 2969 ἐνμέσῳ
3646 2897 3836 2969 ὑμῶν.

2265 2991 2428 3043 Ὥστε
2478 2990 2541 3042 οὐ
2575 2989 2781 3059 λάθρα,
2830 2990 2878 3039 εί
2917 2986 2987 3039 ἐν
3029 2983 3262 3055 μέσῳά.
3310 2984 3529 3053 Πρῶτον
3573 2983 3682 3036 ἀπὸ
3735 2983 3840 3037 τῶν

2264 3073 2491 3137 ἐκείνοις
2539 3073 2830 3143 γνωρίμων
2879 3071 3128 3141 ἄρχεται,
3163 3070 3256 3121 καὶ
3292 3068 3412 3120 τότε
3446 3068 3538 3120 ἐπὶ
3566 3069 3633 3119 τά
3664 3066 3839 3138 ἄδηλα

2264 3159 2502 3229 ἔρχεται.
2542 3156 2774 3208 Ἔπειτα
2811 3153 3006 3221 λέγων,
3039 3151 3116 3220 Τῇ
3153 3149 3259 3205 τοῦ
3290 3151 3438 3203 Θεοῦ
3467 3149 3699 3219 βουλῇ,
3734 3151 3842 3204 δεί-

2264 3257 2474 3302 κνυσιν,
2509 3240 2589 3291 ὅτι
2621 3239 2719 3291 οὐκ
2757 3237 2910 3291 αὐτοὶ
2946 3236 3189 3305 ἴσχυσαν,
3245 3236 3339 3288 καὶ
3384 3236 3466 3287 ὅτι
3511 3235 3670 3303 σοφόν
3705 3252 3761 3287 τι
3783 3233 3841 3286 16

2265 3326 2549 3395 γινόμενον
2580 3319 2648 3396 ἦν
2677 3324 2770 3377 καὶ
2790 3321 3161 3393 οἱκονομία,εἴ
3188 3338 3252 3389 γε
3284 3320 3435 3390 παρά
3452 3318 3544 3372 τοῦ
3574 3317 3713 3371 Θεοῦ
3754 3314 3838 3389 ἦν.

2267 3409 2377 3464 Καὶ
2408 3409 2469 3461 τὸ
2489 3407 2743 3479 φορτικὸν
2767 3406 2976 3475 ταχέως
3007 3403 3271 3475 παρῆλθε.
3291 3403 3501 3472 Σποιδὴ
3524 3402 3632 3472 γὰρ
3658 3402 3843 3464 αὐτοῖς

2267 3492 2563 3563 πανταχοῦ,
2594 3490 2795 3556 δεῖξαι,
2826 3491 2906 3542 ὃτι
2937 3487 3186 3555 τέθνηκε.
3241 3487 3361 3541 Κᾶν
3402 3487 3554 3556 ὑμεῖς
3597 3486 3842 3556 ἀρνήση-

2270 3578 2385 3640 σθε,
2417 3578 2600 3647 φησὶν,
2626 3578 2819 3627 ἐκεῖνοι
2857 3573 3317 3645 μαρτυρήσουσιν.
3356 3571 3415 3623 '0
3443 3571 3498 3622 δὲ
3528 3569 3605 3639 τῷ
3627 3570 3845 3638 θανάτῳ

2270 3662 2573 3733 πράγματα
2627 3657 2906 3729 παρέχων,
2935 3654 3116 3724 πολλῷ
3144 3654 3343 3725 μᾶλλον
3377 3658 3487 3717 τοῖς
3528 3654 3847 3723 σταυρώσα-

2270 3760 2372 3799 σιν·
2405 3743 2519 3797 ἀλλ’
2542 3741 2694 3794 οὐδὲν
2710 3740 2949 3793 τοιοῦτον
2965 3738 3135 3807 λέγει,
3169 3739 3251 3792 ὅτι
3279 3738 3536 3790 Ἦδύνατο
3569 3738 3718 3806 ὑμᾶς
3739 3738 3845 3789 ἀν-

2269 3828 2429 3889 ελεῖν,
2447 3824 2561 3880 ἀλλ’
2583 3824 2770 3887 ἁπλῶς
2787 3823 2948 3893 μόνον
2973 3822 3221 3891 ἐνέφηνε.
3240 3821 3389 3883 Τέως
3412 3822 3469 3874 δὲ
3502 3820 3845 3891 μανθάνωμεν

2270 3912 2365 3965 καὶ
2394 3912 2555 3981 ἡμεῖς
2575 3908 2663 3962 διά
2693 3908 2803 3960 τῶν
2833 3906 3139 3977 εἰρημένων
3173 3904 3226 3959 τί
3256 3906 3373 3958 ἐστι
3400 3904 3459 3957 16
3482 3904 3758 3973 κατέχειν.
3789 3904 3846 3955 ὐ

2269 3997 2379 4067 γάρ
2424 3993 2629 4046 ὠδίνων
2661 3993 2722 4046 οὐ
2757 3992 2979 4060 κατέχει
3010 3992 3071 4044 16
3106 3989 3491 4060 κατεχόμενον,
3550 3987 3668 4041 οὐδὲ
3723 3987 3845 4067 δρᾷ,

2270 4066 2406 4131 ἀλλά
2448 4077 2647 4146 πάσχει
2697 4077 2791 4129 καὶ
2833 4075 2985 4144 ῥῖψαι
3040 4072 3281 4127 σπεύδει.
3340 4073 3449 4125 Καὶ
3492 4070 3672 4133 καλῶς
3700 4066 3843 4124 εἶπε·

2270 4162 2452 4218 Δαυῒδ
2475 4164 2586 4231 τὰρ
2608 4161 2769 4229 λέγει
2788 4162 2874 4225 εὶς
2893 4156 3099 4223 αὑτὸν,
3124 4159 3210 4211 ἵνα
3242 4158 3316 4228 μὴ
3336 4158 3416 4219 είς
3441 4156 3532 4209 τὸν
3557 4155 3847 4226 προφήτην

2273 4247 2508 4318 ἐλκύσῃς
2537 4243 2599 4297 16
2635 4242 2942 4313 εἰρημένον.
2977 4242 3161 4312 Ὁρᾷς,
3196 4240 3314 4303 πῶς
3345 4237 3637 4310 ἐρμηνεύει
3661 4236 3848 4290 λοιπὸν

2272 4331 2371 4403 τὴν
2388 4327 2722 4400 προφητείαν
2743 4327 2837 4379 καὶ
2855 4324 3068 4395 γυμνὴν
3094 4336 3117 4363 ε
3139 4324 3342 4394 τίθησι,
3360 4322 3533 4394 δηλῶν
3556 4320 3672 4383 πῶς
3686 4320 3848 4374 ἐκάθ-

2276 4430 2388 4467 ισεν
2422 4414 2514 4465 ἐπὶ
2538 4409 2631 4464 τοῦ
2659 4409 2846 4481 θρόνου
2882 4410 3083 4475 αύτοῦ;
3120 4412 3153 4480 ἡ
3185 4410 3292 4480 γὰρ
3318 4407 3460 4462 κατά
3499 4405 3728 4476 Πνεῦμα
3750 4407 3847 4475 βα-

2277 4496 2451 4551 σιλεία
2482 4498 2540 4549 ἐν
2573 4495 2837 4565 οὐρανοῖς.
2867 4495 3028 4565 Ὅρα,
3066 4492 3181 4556 πῶς
3212 4492 3349 4563 μετὰ
3382 4494 3481 4561 τῆς
3501 4492 3850 4550 ἀναστάσεως

2276 4582 2370 4635 καὶ
2418 4581 2516 4652 τὴν
2562 4580 2840 4651 βασιλείαν
2871 4578 3124 4647 ἐνέφηνεν
3152 4578 3210 4628 ἐν
3249 4574 3326 4645 τῷ
3370 4574 3689 4643 ἀναστῆναι.
3736 4571 3851 4624 Δεί-

2276 4683 2484 4730 κνυσιν,
2515 4666 2597 4717 ὅτι
2626 4664 2872 4731 ἀνάγκην
2904 4658 3047 4731 εἶχεν
3077 4663 3104 4714 6
3126 4660 3431 4730 προφήτης
3454 4659 3579 4727 περὶ
3614 4657 3727 4727 γάρ
3754 4656 3852 4709 αὐο

2276 4750 2371 4804 τοῦ
2400 4745 2469 4820 ἦν
2498 4750 2531 4819 ἡ
2556 4746 2879 4818 προφητεία.
2918 4745 3018 4797 Διά
3050 4744 3102 4796 τί
3137 4742 3211 4813 μὴ
3233 4738 3373 4804 εἷπε,
3410 4741 3545 4811 Περὶ
3577 4740 3673 4809 τῆς
3705 4739 3856 4809 βασι-

2278 4833 2425 4894 λείας
2466 4831 2653 4885 αὐτοῦ’
2690 4830 2845 4891 ἀλλά,
2887 4829 3027 4896 Περί
3069 4824 3176 4894 τῆς
3207 4824 3597 4887 ἀναστάσεως
3626 4822 3853 4884 αὐτοῦς

2279 4918 2437 4985 Μέγα
2463 4916 2621 4969 τοῦτο
2658 4911 2746 4986 ἦν.
2773 4913 2895 4976 Πῶς
2915 4914 2972 4965 δὲ
2996 4912 3087 4964 ἐπὶ
3113 4909 3206 4965 τοῦ
3228 4908 3419 4980 θρόνου
3452 4906 3672 4960 ἐκάθισε
3695 4922 3710 4970 ;
3748 4907 3854 4957 Βα-

2282 5000 2508 5054 σιλεύων
2556 4998 2845 5052 Ἰουδαίων.
2906 4998 2969 5050 El
3009 4996 3066 5049 δὲ
3106 4994 3397 5055 Ἰουδαίων,
3438 4988 3619 5059 πολλῷ
3654 4988 3855 5058 μᾶλλον

2279 5084 2389 5138 τῶν
2443 5083 2871 5155 σταυρωσάντων
2920 5079 3101 5133 αὐτόν.
3144 5081 3226 5132 Οὐ
3257 5076 3368 5146 γὰρ
3408 5077 3446 5143 ἡ
3478 5074 3634 5141 σὰρξ
3665 5072 3854 5126 αὑτοῦ

2279 5167 2419 5231 εἶδε,
2456 5170 2610 5239 φησὶ,
2634 5163 2980 5236 διαφθοράν.
3006 5162 3177 5215 Τοῦτο
3205 5160 3305 5230 τῆς
3333 5158 3681 5218 ἀναστάσεως
3711 5157 3858 5209 δοκεῖ

2284 5257 2382 5327 μὲν
2411 5250 2573 5326 ἦττον
2598 5250 2754 5308 εἶναι.
2782 5250 2921 5320 πλὴν
2952 5249 3013 5302 16
3046 5247 3176 5301 αὐτό
3198 5249 3333 5300 ἐστι.
3357 5245 3577 5299 Τοῦτον
3608 5242 3717 5295 τὸν
3751 5241 3855 5301 ’1η-

2280 5323 2446 5393 σοῦν
2458 5337 2800 5404 ἀνέστησεν
2832 5338 2863 5389 ό
2896 5334 3058 5397 Θεός.
3084 5332 3245 5400 Ὅρα,
3274 5328 3392 5393 πῶς
3426 5328 3485 5381 οὐ
3515 5326 3672 5380 καλεῖ
3693 5323 3855 5377 αὐτὸν

2280 5423 2503 5492 ἑτέρως.
2568 5416 2650 5475 Οὖ
2714 5418 2935 5484 πάντες
2990 5414 3160 5484 ἡμεῖς
3195 5414 3383 5483 ἐσμεν
3420 5411 3736 5482 μάρτυρες.
3769 5404 3856 5492 ῌΤῇ

2280 5490 2450 5572 δεξιᾷ
2479 5500 2592 5559 οὖν
2615 5503 2719 5557 τοῦ
2748 5502 2896 5556 Θεοῦ
2928 5500 3201 5568 ὑψωθείς.
3227 5498 3398 5551 Πάλιν
3416 5496 3507 5549 ἐπὶ
3529 5495 3620 5548 τὸν
3638 5490 3856 5559 Πατέρα

2282 5587 2639 5657 καταφεύγει,
2672 5586 2849 5639 καίτοι
2873 5602 2936 5651 γε
2964 5584 3120 5653 ἢρκει
3150 5584 3322 5634 εἰπεῖν
3351 5581 3411 5633 τό
3438 5581 3719 5647 πρότερονο
3740 5574 3853 5627 αλλ’

2280 5674 2421 5728 οἶδεν
2449 5676 2573 5727 ὅσον
2602 5672 2759 5724 τοῦτό
2788 5671 2955 5722 ἐστιν.
2989 5667 3252 5720 Ἐνταῦθα
3277 5669 3371 5719 καὶ
3394 5664 3639 5736 περὶτῆς
3664 5658 3855 5726 ἀναλή-

2283 5759 2429 5828 ψεως
2472 5755 2713 5828 ᾐνίξατο,
2759 5755 2853 5807 καὶ
2893 5754 2975 5806 ὅτι
3013 5754 3070 5804 ἐν
3112 5755 3225 5815 τοῖς
3251 5751 3503 5822 οὐρανοῖς
3536 5749 3703 5802 ἐστιν.
3737 5740 3855 5795 ἀλλ’

2344 5880 2371 5919 d
2398 5882 2449 5928 Εἰ
2471 5880 2516 5927 ἐν
2540 5881 2671 5940 μέσῳ
2691 5880 2828 5925 deest
2855 5891 2902 5924 In
2930 5876 3239 5940 quibusdam.

2349 5948 2371 5973 ε
2420 5932 2551 5990 ίζιιιιέ
2579 5932 2731 5991 codex
2775 5932 3060 6003 προφητείαν
3102 5938 3157 5985 οὐ
3194 5937 3388 5998 γυμνήν,
3432 5945 3592 6010 mlgus
3635 5932 3788 5976 rect".
