4024 6558
222 472 285 528 ω
1176 457 1240 512 IN
1282 453 1456 509 ACTA
1502 441 2271 506 APOSTOLORUMJIOMIL.
2312 440 2403 499 Vl.

224 588 477 657 apigeutes
512 578 857 636 interemistis.
890 574 1081 631 Iisdem
1127 575 1236 626 iere
1277 569 1454 623 verbis
1483 578 1659 627 utens,
1694 560 1812 631 qui~

342 675 542 747 Ioseph
567 674 760 729 fratres
783 685 911 726 suos
927 669 1229 738 ailoquutns
1254 670 1338 717 est
1366 679 1380 715 :
1414 659 1590 714 Nolite
1617 655 1809 719 timere,

225 773 343 842 quia
372 788 476 824 non
505 785 593 823 vos
636 764 919 820 tradidistis
963 778 1063 827 me,
1103 758 1193 813 sed
1239 755 1375 809 Deus
1418 769 1496 807 me
1539 752 1637 804 huc
1680 747 1816 801 misit

232 838 381 934 tam.
407 862 501 915 t5.
524 861 605 930 5).
634 856 833 912 Deinde
862 862 1138 923 postquam
1159 848 1313 912 dixit,
1342 846 1443 899 hoc
1470 841 1566 897 Dei
1592 838 1817 894 consilio

227 929 421 1010 iactum
445 929 601 1017 esse;
632 966 700 1005 ne
729 949 991 1008 dicerent,
1021 943 1165 1011 Ergo
1195 939 1244 994 id
1277 938 1412 993 bene
1433 934 1673 995 iecimus,
1697 929 1819 985 illos

227 1049 469 1119 coarguit
495 1062 592 1117 per
634 1059 698 1099 ea
742 1058 862 1112 quae
905 1037 1088 1118 adjicit
1120 1053 1134 1089 :
1163 1033 1265 1087 Per
1304 1045 1484 1086 manus
1530 1027 1845 1119 iniquorum.

227 1114 851 1213 unigentesiuteremistis.
882 1114 979 1187 Hie
1001 1128 1191 1185 Judam
1213 1123 1531 1184 subindtcat,
1560 1117 1822 1186 simulque

228 1231 487 1296 ostendit,
520 1230 571 1284 id
592 1244 698 1283 non
726 1225 965 1297 potuisse
994 1223 1116 1278 illos
1144 1220 1340 1281 facere,
1381 1215 1483 1270 nisi
1522 1214 1664 1267 Deus
1691 1224 1821 1265 con-

227 1326 506 1386 cessisset,
554 1319 968 1387 tradidissetque
1010 1314 1181 1369 illum.
1232 1310 1344 1365 Hoc
1384 1306 1527 1361 enim
1566 1303 1668 1358 sibi
1711 1300 1827 1354 vult

230 1416 387 1482 illud,
418 1408 708 1469 Traditum.
741 1410 833 1465 Sic
862 1417 1032 1464 totum
1073 1403 1250 1460 scelus
1280 1396 1547 1456 convertit
1586 1394 1638 1448 in
1667 1398 1827 1461 caput

230 1510 406 1575 Judte,
433 1507 523 1576 qui
554 1503 771 1560 tradidit
798 1518 920 1556 eum
950 1518 965 1555 :
1000 1499 1114 1569 ipse
1139 1494 1282 1550 enim
1310 1492 1455 1545 illum
1486 1485 1670 1542 osculo
1701 1496 1828 1554 pro-

232 1600 388 1654 didit.
422 1597 515 1651 Vel
548 1596 650 1651 ltoc
680 1592 946 1663 intelligit,
980 1604 1099 1644 cum
1137 1587 1231 1649 ait,
1284 1583 1382 1638 Per
1421 1595 1600 1634 tnanus
1629 1576 1830 1646 iniquo-

232 1708 383 1753 rum;
414 1691 498 1743 vel
525 1689 595 1742 de
616 1685 875 1741 militibus
892 1682 1143 1752 loquitur,
1166 1693 1229 1732 ac
1248 1676 1291 1731 si
1316 1674 1567 1734 insinuet,
1600 1668 1713 1724 Non
1736 1680 1832 1718 vos

236 1782 613 1844 interemisti's,
645 1777 871 1839 sed,Per
893 1791 1074 1830 manus
1099 1773 1408 1842 iniquorum.
1436 1767 1500 1822 Et
1526 1764 1669 1828 vide,
1700 1775 1834 1831 quo-

235 1874 400 1930 modo
438 1873 639 1941 ubique
693 1877 880 1925 curent
935 1865 1237 1937 passionem
1292 1860 1521 1931 primum
1568 1853 1831 1910 conﬁteri.

235 1963 716 2021 Itesurrectionem
747 1974 896 2023 vero,
930 1957 1052 2028 quia
1090 1968 1281 2026 magna
1319 1966 1408 2007 res
1444 1957 1582 2017 erat,
1619 1947 1833 2002 interim

234 2057 579 2121 subindicat,
616 2065 671 2109 et
706 2052 857 2124 quasi
901 2051 954 2105 in
995 2047 1172 2105 medio
1216 2045 1384 2118 ponit.
1440 2042 1534 2098 Illa
1585 2038 1833 2110 namque,

234 2166 369 2205 crux
402 2148 661 2204 nimirum
691 2154 747 2201 et
776 2158 944 2207 mors,
983 2143 1037 2197 in
1082 2138 1330 2197 confesso
1378 2146 1551 2201 erant,
1600 2133 1837 2189 nondum

234 2252 422 2297 autem
468 2236 796 2295 resurrectio
826 2252 841 2289 :
873 2234 993 2290 ideo
1030 2232 1146 2287 haec
1183 2228 1454 2301 subiungit
1494 2245 1509 2283 :
1547 2225 1640 2281 24.
1682 2224 1841 2289 Quem

237 2336 382 2389 Deus
410 2332 697 2398 suscitavit,
745 2329 923 2385 solutis
960 2326 1218 2381 doloribus
1259 2323 1456 2387 mortis,
1488 2337 1545 2375 eo
1580 2319 1715 2390 quod
1742 2318 1840 2370 int-

241 2426 492 2497 possibile
529 2431 636 2477 erat
666 2420 822 2475 teneri
850 2420 996 2473 illum
1023 2417 1084 2471 ab
1112 2433 1192 2471 ea.
1235 2415 1330 2469 Hic
1359 2427 1609 2484 magnum
1647 2420 1701 2466 et
1717 2409 1844 2464 sub-

241 2519 372 2572 lime
418 2514 696 2585 quidpiam
747 2510 1068 2567 subindicat.
1135 2506 1270 2564 Illud
1311 2506 1476 2570 enim,
1522 2500 1846 2573 lmpossibile

244 2621 374 2673 erat,
406 2608 675 2679 signiﬁcat
701 2607 876 2678 ipsum
908 2618 1121 2676 quoque
1158 2601 1371 2657 dedisse
1400 2605 1718 2669 potestatem
1759 2596 1845 2649 in-

245 2702 404 2757 ferno
432 2711 492 2755 ut
518 2716 578 2755 se
599 2708 827 2764 teneret,
855 2706 911 2753 et
948 2705 1174 2751 mortem
1206 2694 1356 2748 illum
1395 2691 1723 2746 detinentem
1750 2686 1847 2740 do-

248 2794 452 2847 loribus
478 2800 666 2861 partus
695 2788 937 2845 allectum
966 2785 1147 2856 gravia
1181 2798 1389 2853 passam
1425 2795 1565 2835 esse.
1598 2778 1846 2833 DOIOI‘GIII

250 2889 447 2958 quippe
490 2884 683 2939 mortis
714 2880 1010 2951 periculum
1044 2878 1317 2947 Scriptura
1356 2874 1494 2929 solet
1533 2871 1802 2941 appellare
1833 2887 1846 2923 :

257 2990 309 3034 et
327 2979 551 3037 iudicat,
572 2973 715 3045 quod
737 2973 816 3028 sic
837 2968 1189 3027 resurrexerit
1213 2965 1365 3037 quasi
1397 2979 1500 3019 non
1530 2963 1664 3017 ultra
1690 2959 1854 3016 mori-

260 3083 426 3126 turus.
471 3069 569 3124 Vel
596 3084 718 3123 eum
744 3066 895 3131 dicit,
925 3062 1005 3117 Eo
1031 3060 1166 3134 quod
1194 3057 1503 3129 {inpossibile
1546 3064 1652 3109 erat
1697 3052 1853 3107 teneri

267 3167 405 3220 illum
442 3166 509 3219 ab
539 3180 625 3229 ea,
656 3160 920 3233 signiﬁcat
962 3154 1410 3211 resurrectionem
1440 3153 1555 3220 ejus
1584 3164 1690 3203 non
1734 3160 1854 3202 esse

275 3271 602 3311 communem
628 3269 750 3309 cum
794 3251 933 3306 aliis.
977 3247 1177 3304 Deinde
1208 3245 1517 3315 priusquam
1554 3254 1706 3295 mens
1737 3238 1856 3291 illo-

274 3367 380 3404 rum
406 3346 615 3418 aliqttid
640 3344 857 3415 cogitet,
885 3340 1087 3397 inducit
1120 3336 1396 3400 Davidem,
1424 3348 1637 3387 omnem
1670 3330 1857 3384 Imma-

265 3456 381 3492 nam
405 3437 788 3508 cogitationem
814 3433 881 3487 de
903 3429 1079 3486 medio
1105 3430 1398 3484 tollentem.
1422 3424 1513 3479 25.
1543 3422 1706 3476 David
1724 3421 1859 3477 enim

258 3534 381 3585 dicit
410 3532 463 3584 in
490 3545 629 3595 eum,
661 3528 850 3598 inquit.
897 3525 965 3579 Et
1006 3523 1145 3587 vide,
1181 3519 1450 3592 quomodo
1480 3533 1663 3572 rursus
1707 3515 1858 3570 testi-

253 3624 503 3678 monium
536 3620 607 3675 sit
642 3618 861 3672 humile.
895 3616 1019 3671 Ideo
1055 3614 1182 3669 illud
1208 3627 1367 3683 supra
1389 3627 1457 3665 ex
1488 3607 1861 3665 humilioribus

250 3715 487 3783 accepit,
530 3722 585 3766 ut
628 3709 875 3765 ostendat
916 3708 983 3763 de
1023 3716 1196 3761 morte
1237 3721 1342 3759 non
1387 3718 1508 3759 esse
1548 3700 1858 3757 dolendum.

252 3806 635 3867 Proeidebum,
668 3805 859 3874 inquit,
896 3801 1168 3856 Dominum
1204 3801 1257 3853 itt
1282 3808 1552 3870 conspectu
1589 3812 1699 3850 meo
1727 3812 1861 3850 sem-

248 3920 371 3972 per.
404 3900 653 3970 quoniam
680 3916 711 3950 ιι
748 3896 938 3951 dextris
967 3902 1040 3949 est
1069 3893 1213 3957 mihi,
1260 3908 1323 3946 ne
1349 3905 1662 3945 commovear
1688 3886 1859 3957 (Psal.

251 3995 354 4049 15.
383 3994 444 4062 8)
470 4012 485 4047 :
516 3991 609 4044 ‘27.
632 3990 869 4060 quoniam
892 4004 995 4041 non
1024 3985 1336 4056 derelinquas
1359 3985 1583 4037 animant
1611 3998 1774 4036 meam
1808 3981 1863 4033 in

242 4090 489 4157 inferno.
548 4082 752 4139 Deinde
800 4081 1108 4136 testimonio
1158 4077 1468 4149 prophetico
1521 4075 1668 4130 addit
1713 4093 1727 4130 :
1770 4073 1863 4129 9.9.

258 4180 385 4231 Viri
416 4182 625 4249 fratres.
646 4172 779 4231 Cum
803 4188 1053 4243 magnum
1074 4170 1345 4241 quidpiam
1373 4169 1611 4223 dicturus
1631 4176 1731 4231 est,
1760 4165 1861 4219 hoc

243 4274 442 4326 utitur
468 4269 757 4340 prommio,
792 4275 849 4321 nt
868 4266 986 4319 illos
1009 4263 1205 4318 excitet
1232 4270 1287 4316 et
1306 4260 1526 4315 alliciat.
1558 4258 1749 4320 Liceat,
1783 4257 1867 4312 iu-

241 4368 414 4438 quit,
443 4365 688 4418 audenter
711 4363 879 4416 dicere
902 4359 1038 4414 vobis
1062 4357 1126 4412 de
1156 4357 1447 4427 patriarcha
1471 4353 1654 4408 David.
1684 4348 1869 4422 Magna

240 4458 600 4514 humilitas:
635 4453 723 4509 ubi
766 4451 893 4507 nihil
920 4458 1004 4505 est
1028 4448 1230 4510 danmi,
1275 4445 1565 4501 demissius
1608 4443 1867 4513 loquitur.

238 4550 512 4617 Ideoque
550 4560 656 4600 non
684 4544 839 4605 dixit,
886 4541 998 4595 haec
1026 4540 1095 4595 de
1133 4537 1371 4600 Christo,
1415 4551 1520 4589 non
1562 4534 1630 4589 de
1673 4531 1873 4587 Davide

232 4644 420 4696 dicta
450 4638 655 4699 fuisse;
699 4634 858 4705 idque
882 4630 1171 4686 admodum
1210 4627 1521 4698 prudenter,
1565 4635 1621 4679 ut
1663 4624 1783 4678 illos
1806 4639 1871 4678 ex

234 4745 478 4801 magno
508 4743 633 4798 erga
664 4726 875 4781 beatum
909 4722 1160 4777 Davideut
1196 4719 1401 4774 honore
1425 4716 1490 4771 ad
1520 4714 1872 4771 reverentiam

228 4827 599 4883 deduceret,
628 4818 788 4873 simul
817 4817 959 4871 circa
982 4813 1108 4867 illud
1133 4809 1276 4881 quod
1304 4809 1354 4863 in
1384 4806 1631 4863 confesso
1658 4815 1791 4868 erat,
1821 4813 1876 4859 et

229 4918 409 4977 illud
467 4912 610 4985 quod
660 4909 914 4964 audacius
955 4907 1158 4960 dictum
1212 4900 1511 4958 videbatur,
1565 4895 1877 4952 demulcens

228 5016 404 5070 illos
431 5007 620 5065 Iaudes
657 5000 979 5058 adhibendo.
1028 4998 1153 5053 Ideo
1188 5012 1315 5061 non,
1349 4994 1423 5048 De
1452 4992 1637 5055 David,
1672 4999 1875 5045 tantum

222 5102 425 5159 dixit
451 5115 468 5161 ;
499 5096 616 5160 sed,
650 5094 723 5148 De
748 5090 1039 5163 patriarcha
1074 5086 1261 5151 David,
1292 5085 1411 5153 quia
1436 5085 1704 5153 defunctus
1734 5090 1805 5134 est
1829 5089 1879 5134 et

220 5193 539 5267 sepultus.
568 5188 683 5243 Non
711 5186 823 5255 jam
860 5183 1007 5245 dicit,
1044 5180 1114 5235 Et
1152 5196 1257 5233 non
1290 5176 1617 5238 resurrexit;
1648 5174 1743 5229 sed
1773 5174 1880 5229 alio

224 5285 455 5344 nimio
476 5290 620 5336 recte
642 5280 745 5334 hoc
766 5278 941 5348 ipsum
968 5274 1207 5329 declarat
1229 5286 1292 5324 ac
1316 5269 1444 5324 dicit
1470 5288 1482 5319 :
1511 5268 1574 5323 Et
1594 5268 1881 5337 sepulcrum

220 5383 427 5439 illius
464 5382 533 5428 est
561 5371 700 5434 apud
728 5386 821 5424 nos
849 5384 1003 5437 usque
1045 5367 1098 5418 in
1126 5363 1423 5416 hodiernam
1466 5361 1617 5414 diem.
1652 5359 1876 5421 Deinde,

222 5489 302 5530 ..ι
348 5467 525 5541 quod
556 5466 799 5521 voluerat
825 5461 1124 5530 apparavit,
1154 5471 1327 5525 neque
1353 5455 1431 5508 sic
1468 5453 1612 5507 venit
1636 5450 1702 5505 ad
1726 5450 1883 5506 Chri-

220 5580 461 5628 ssunl,
489 5558 580 5614 sed
612 5571 799 5613 rursus
830 5553 1082 5608 Davideni
1106 5550 1303 5605 laudat.
1327 5548 1417 5602 30.
1445 5546 1706 5603 Proolteta
1727 5544 1882 5613 igitur

220 5678 394 5720 cum
437 5662 585 5715 esset,
611 5661 658 5706 et
679 5650 827 5704 sciret
852 5647 971 5712 quia
997 5642 1338 5716 jurejurando
1374 5640 1590 5705 iurasset
1620 5637 1697 5691 illi
1718 5634 1879 5690 Deus.

319 5756 405 5809 2.
470 5746 591 5802 IIth
620 5759 781 5815 porro
800 5740 949 5803 dicit,
978 5748 1036 5793 ut
1062 5738 1250 5791 saltem
1272 5734 1343 5788 ob
1363 5733 1620 5788 honorem
1642 5739 1699 5786 et
1713 5744 1882 5801 genus

225 5850 488 5924 ipsius,
533 5840 758 5894 verbum
786 5836 857 5891 de
896 5831 1289 5890 resurrectione
1327 5827 1690 5895 susciperent;
1730 5824 1877 5894 quasi

236 5917 580 6015 {pug-licita
605 5932 892 5989 lmdcretur
918 5927 1018 5982 nisi
1051 5924 1151 5980 hoc
1179 5930 1345 5993 esset,
1373 5928 1427 5975 et
1456 5918 1602 5987 quasi
1640 5917 1873 5986 ipsorum

1920 558 2108 613 honori
2126 558 2492 629 derogare-tur.
2514 556 2582 611 Et
2606 561 2788 628 sciens,
2817 561 3005 633 inquit,
3031 566 3150 636 quia
3165 570 3507 642 jurejurando

1912 652 2137 723 jurasset
2174 653 2252 706 illi
2302 653 2457 709 Deus.
2497 653 2610 708 Non
2647 657 2962 727 simpliciter
3004 660 3158 727 dixit,
3210 663 3507 732 Promisit;

1922 746 2185 815 sed,quod
2238 746 2409 815 majus
2434 759 2570 814 erat,
2611 749 2925 807 iuramento
2958 752 3177 822 juravit,
3219 756 3299 811 De
3342 761 3514 829 fructu

1924 840 2080 893 lumbi
2121 843 2236 905 eius
2271 842 2522 896 oriturum
2566 844 2823 898 Christum
2858 848 3135 901 secundum
3182 866 3425 915 carnem;
3457 862 3515 905 ut

1923 932 2115 985 sederet
2149 949 2302 1001 super
2329 934 2563 987 thronum
2590 936 2769 1004 ipsius.
2812 936 2964 1002 Vide,
2994 947 3051 991 ut
3076 940 3286 993 excelsa
3319 940 3513 996 iterum

1925 1024 2247 1080 subindicet.
2308 1026 2595 1095 Postquam
2647 1029 2791 1083 enim
2846 1030 2965 1085 illos
3015 1032 3197 1087 verbis
3248 1032 3516 1102 placavit,

1930 1118 2156 1172 ﬁdenter
2184 1118 2288 1174 hoc
2317 1118 2590 1189 prophetae
2627 1121 2829 1175 dictum
2867 1124 3061 1190 attulit,
3096 1133 3152 1179 et
3178 1125 3243 1180 de
3271 1141 3521 1181 resurre-

1929 1213 2107 1268 ctione
2132 1212 2384 1283 loquitur.
2420 1214 2509 1268 51.
2556 1215 2689 1279 Quia
2733 1232 2892 1286 neque
2922 1219 3094 1271 anima
3131 1220 3241 1289 ejus
3280 1220 3523 1275 derelicta

1930 1315 2002 1360 est
2027 1306 2081 1358 in
2113 1306 2331 1375 inferno,
2360 1323 2519 1375 neque
2545 1323 2665 1360 caro
2692 1308 2800 1378 ejus
2826 1308 2949 1362 vidit
2975 1312 3368 1380 corruptionem.
3404 1310 3521 1366 Hoc

1931 1412 2117 1452 rursus
2142 1398 2335 1452 mirum
2381 1406 2465 1453 est
2491 1416 2505 1451 :
2531 1399 2766 1453 ostendit
2790 1400 2957 1463 enim,
2996 1416 3104 1455 non
3144 1402 3373 1457 similem
3402 1402 3526 1457 aliis

1934 1504 2055 1546 esse
2080 1490 2547 1546 resurrectionem.
2579 1491 2813 1545 Detinuit
2842 1492 2984 1546 enim
3028 1493 3174 1547 illum
3213 1509 3380 1559 mors,
3422 1510 3527 1550 nec

1935 1596 2030 1635 sua
2054 1581 2106 1636 in
2135 1597 2255 1636 eum
2287 1591 2506 1651 operata
2535 1592 2636 1637 est.
2671 1583 2738 1637 Et
2759 1595 3033 1653 peceatum
3056 1585 3271 1654 quidem
3293 1586 3395 1641 sub
3417 1603 3529 1641 nmo

1938 1677 2031 1731 bra
2060 1677 2212 1741 dixit,
2247 1691 2458 1746 pinnam
2491 1688 2668 1731 autem
2701 1693 2805 1731 non
2836 1678 3060 1745 addidit,
3094 1679 3188 1733 sed
3213 1679 3355 1748 quod
3382 1682 3527 1735 oeci-

1938 1770 2116 1825 derint
2157 1769 2445 1825 declaravit
2489 1788 2502 1824 :
2548 1772 2742 1826 deinde
2798 1771 2864 1826 ad
2925 1773 3135 1842 signum
3198 1773 3293 1829 Dei
3353 1774 3527 1830 venit.

1941 1862 2165 1931 Quando
2199 1874 2378 1917 autem
2406 1863 2827 1918 demonstratum
2859 1874 2962 1928 est,
3002 1864 3204 1933 justum
3243 1880 3365 1921 esse
3404 1881 3531 1921 eum

1941 1956 2029 2024 qui
2058 1954 2267 2008 occisus
2312 1955 2424 2019 luit,
2458 1964 2513 2010 et
2550 1954 2643 2009 Dei
2688 1956 2937 2019 amicum,
2972 1955 3179 2010 etiamsi
3204 1970 3416 2024 poenam
3445 1965 3534 2011 ta.

1942 2062 2089 2112 ceas,
2121 2047 2163 2101 is
2203 2047 2289 2115 qui
2332 2048 2593 2116 peccavit,
2628 2062 2747 2102 sese
2792 2048 2957 2113 magis
2995 2063 3153 2119 quam
3196 2056 3251 2102 tu
3302 2048 3530 2115 faceres,

1944 2140 2343 2195 condemnabit.
2367 2140 2555 2196 Omnia
2582 2142 2759 2210 itaque
2778 2140 2844 2196 ad
2867 2141 3079 2197 Patrem
3105 2141 3287 2205 refert,
3312 2150 3369 2197 ut
3392 2142 3534 2198 dicta

1946 2233 2223 2302 recipiant.
2254 2232 2454 2287 Deinde
2481 2233 2630 2298 illud,
2656 2231 2979 2303 Impossibile
3006 2245 3133 2300 erat,
3162 2250 3225 2288 ex
3255 2233 3535 2303 prophetia

1952 2325 2178 2380 Indnxit.
2230 2325 2436 2380 Rursus
2464 2341 2589 2380 vero
2620 2326 2796 2396 priora
2840 2334 3166 2397 repetamus.
3215 2326 3416 2391 Jesum,
3451 2326 3538 2381 in—

1951 2418 2086 2486 quit,
2117 2416 2465 2482 Nazarenam,
2496 2417 2660 2470 virum
2692 2418 3028 2487 approbatum
3061 2435 3092 2471 a
3121 2417 3231 2471 Deo
3267 2421 3321 2472 in
3359 2418 3497 2472 vobis
3519 2434 3540 2473 :

1953 2508 2003 2563 id
2026 2517 2128 2573 est,
2160 2508 2228 2564 de
2252 2525 2359 2579 quo
2381 2508 2511 2563 nihil
2539 2508 2758 2564 dubium
2784 2518 2888 2575 est,
2921 2510 3016 2564 sed
3040 2524 3105 2563 ex
3137 2510 3389 2578 operibus
3416 2526 3543 2581 pro-

1954 2599 2157 2654 batum.
2200 2599 2291 2655 Sic
2325 2611 2380 2655 et
2408 2600 2731 2656 Nicodemus
2754 2600 2966 2656 dicebat
2996 2619 3009 2656 :
3045 2601 3209 2672 Signa
3245 2602 3352 2655 Iure
3394 2620 3542 2657 nemo

1957 2702 2119 2761 potest
2162 2696 2330 2763 facere
2365 2707 2480 2761 quae
2520 2700 2574 2746 tu
2618 2691 2748 2761 facis
2785 2691 2964 2763 (Joun.
3007 2693 3061 2747 5.
3106 2693 3186 2762 2).
3242 2693 3541 2759 Virtutibus,

1958 2785 2149 2853 inquit,
2182 2786 2446 2855 prodigiis,
2480 2794 2527 2837 et
2570 2784 2750 2854 signis,
2782 2800 2896 2854 qua:
2936 2785 3054 2855 fecit
3085 2783 3219 2839 Deus
3250 2802 3339 2856 per
3375 2785 3545 2855 ipsum

1958 2879 2012 2931 in
2043 2877 2206 2930 medio
2228 2878 2395 2929 vestri.
2428 2877 2605 2946 Itaque
2632 2892 2735 2929 non
2760 2876 2919 2939 clam,
2951 2878 2993 2930 si
3028 2879 3079 2931 in
3104 2877 3332 2933 ntedio‘.
3365 2878 3547 2933 Primo

1961 2972 2028 3026 ab
2054 2972 2138 3038 iis,
2176 2988 2296 3041 qua:
2328 2981 2450 3025 nota
2495 2970 2624 3039 ipsis
2650 2980 2824 3036 erant,
2851 2971 3090 3036 orditur;
3120 2983 3173 3026 et
3201 2982 3325 3026 tunc
3364 2971 3431 3027 ad
3457 2987 3549 3027 oco

1963 3064 2103 3118 culta
2149 3064 2312 3118 venit.
2347 3064 2549 3118 Deinde
2590 3078 2712 3117 cum
2760 3065 2854 3126 ait,
2899 3062 2994 3117 Dei
3037 3064 3268 3128 consilio,
3313 3064 3552 3120 ostendit

1965 3158 2108 3227 ipsos
2139 3156 2189 3210 id
2220 3155 2395 3211 facere
2423 3172 2529 3211 non
2562 3156 2798 3226 potuisse
2825 3174 2840 3223 ;
2867 3165 2922 3212 et
2964 3157 3091 3212 illud
3131 3173 3250 3213 esse
3276 3158 3548 3229 quidpiam

1964 3249 2233 3317 sapienter
2260 3257 2312 3303 et
2338 3264 2434 3318 per
2463 3249 2817 3303 meonomiam
2846 3247 3065 3315 factum,
3093 3250 3354 3320 siquidem
3381 3266 3410 3304 a
3442 3251 3552 3306 Deo

1967 3338 2082 3408 ipso
2120 3348 2255 3393 erat.
2293 3338 2554 3408 Quodque
2589 3339 2871 3394 molestum
2900 3350 3035 3403 erat,
3068 3342 3175 3395 cito
3211 3344 3549 3399 transcurrit.

1966 3431 2175 3501 Ubique
2204 3431 2310 3485 illis
2335 3431 2569 3486 studium
2598 3441 2714 3486 erat
2739 3432 3046 3500 ostendere,
3080 3434 3252 3502 ipsqu
3282 3445 3552 3490 mortuum

1969 3524 2131 3581 fuisse
2158 3540 2173 3578 :
2203 3524 2355 3580 Licet
2384 3539 2479 3579 vos
2510 3527 2851 3596 negaveritis,
2876 3525 3066 3597 inquit,
3093 3527 3169 3583 illi
3192 3528 3558 3584 testiﬁcabun—

1969 3625 2072 3671 tur.
2107 3616 2207 3685 Qui
2256 3632 2383 3672 vero
2418 3618 2587 3675 morti
2632 3619 2842 3689 negotia
2882 3619 3118 3685 lacessit,
3164 3619 3334 3673 multo
3380 3621 3554 3690 magis

1972 3713 2168 3783 poterit
2208 3712 2271 3767 iis
2298 3712 2387 3782 qui
2428 3712 2829 3768 erucilixerunt.
2882 3714 2952 3767 At
2998 3711 3128 3766 nihil
3182 3711 3359 3767 simile
3404 3713 3557 3778 dicit,

1973 3820 2185 3875 nempe,
2215 3804 2435 3859 Poterat
2462 3819 2557 3859 vos
2581 3803 2651 3860 de
2681 3804 2857 3859 medio
2882 3804 3090 3870 tollere,
3119 3802 3214 3858 sed
3245 3804 3563 3874 simpliciter

1972 3898 2350 3955 subindicavit.
2393 3898 2611 3955 Interim
2640 3912 2772 3953 vero
2813 3913 2881 3951 ex
2929 3898 3088 3951 dictis
3124 3896 3402 3963 discimus,
3434 3896 3563 3967 quid

1970 3992 2041 4046 sit
2082 3991 2233 4057 illud,
2283 4001 2488 4046 tenere.
2511 3990 2645 4046 Nam
2674 3991 2762 4060 qui
2791 4005 2912 4045 cum
2944 3989 3133 4044 dolore
3160 3988 3358 4058 aliquid
3392 3998 3563 4047 tenet.

1972 4099 2077 4139 non
2117 4076 2245 4139 illud
2291 4083 2514 4147 retinet;
2561 4097 2734 4151 neque
2779 4081 2909 4151 agit,
2940 4078 3035 4134 sed
3079 4080 3296 4149 patitur,
3336 4088 3389 4133 et
3432 4078 3564 4133 illud

1973 4178 2207 4247 abjicere
2236 4175 2470 4232 festinat.
2495 4178 2571 4228 Ac
2590 4173 2811 4245 pulchre
2835 4172 2986 4239 dicit,
3005 4171 3175 4226 David
3206 4172 3340 4226 enint
3367 4171 3489 4225 dicit
3512 4171 3567 4225 in

1975 4289 2087 4329 eum
2111 4286 2131 4336 ;
2160 4285 2227 4326 ne
2250 4268 2451 4326 dictum
2474 4267 2603 4323 illud
2625 4269 2676 4321 in
2697 4265 3012 4338 prophetam
3040 4265 3332 4321 derivares.
3356 4264 3567 4333 Viden‘,

1975 4362 2244 4435 quomodo
2264 4361 2481 4418 demum
2502 4359 2834 4431 prophetiam
2863 4357 3263 4429 interpretetur,
3291 4366 3344 4411 et
3371 4355 3567 4411 nudam

1976 4464 2227 4526 exponat,
2259 4452 2551 4510 ostendens
2588 4449 2859 4522 quomodo
2890 4448 3076 4505 sedeat
3113 4463 3278 4518 super
3314 4446 3569 4502 thronum

1978 4553 2170 4607 suum?
2206 4564 2430 4620 regnum
2470 4547 2614 4603 enim
2659 4543 2939 4616 spirituale
2982 4543 3034 4597 in
3081 4542 3226 4598 caelis
3266 4551 3368 4597 est.
3411 4539 3570 4608 Vide,

1979 4643 2249 4715 quomodo
2274 4657 2393 4696 cum
2426 4639 2817 4694 resurrectione
2843 4650 3065 4706 regnum
3089 4633 3382 4688 declaravit
3406 4631 3461 4687 in
3487 4647 3577 4686 re-

1979 4734 2248 4806 surgendo
2271 4744 2566 4803 acceptum.
2595 4729 2840 4785 Ostendit
2868 4727 3239 4783 necessitatem
3261 4723 3427 4780 fuisse
3448 4738 3573 4793 pro-

1981 4829 2157 4900 phetm
2199 4824 2412 4880 dicendi
2445 4841 2459 4878 :
2488 4823 2556 4878 de
2580 4822 2672 4877 illo
2705 4835 2934 4890 namque
2974 4827 3090 4873 erat
3128 4816 3428 4887 prephctia.
3466 4812 3578 4870 Cur

1984 4936 2088 4974 non
2119 4917 2274 4979 dixit,
2308 4916 2385 4971 De
2411 4928 2578 4985 regno
2607 4912 2724 4983 ejus
2747 4926 2764 4977 ;
2790 4910 2908 4976 sed,
2939 4908 3017 4963 De
3035 4907 3402 4962 resurrectione
3426 4906 3582 4977 ejus?

1984 5013 2226 5080 Magnum
2258 5008 2359 5063 hoc
2386 5013 2525 5064 erat.
2555 5002 2836 5073 Quomodo
2859 5010 3037 5056 autem
3081 4999 3135 5054 in
3165 4998 3361 5054 throno
3396 4998 3581 5054 sedit?

1986 5104 2040 5158 1η
2071 5101 2285 5158 Judteos
2314 5111 2566 5169 regnans.
2597 5094 2748 5161 Quod
2778 5092 2827 5147 si
2854 5092 2908 5147 in
2944 5090 3178 5153 Judaeos,
3208 5088 3379 5144 multo
3405 5090 3577 5158 magis

1986 5199 2039 5252 in
2066 5212 2159 5252 eos
2199 5195 2288 5265 qui
2318 5191 2703 5249 crncilixerunt
2744 5186 2919 5241 illum.
2950 5182 3073 5239 Non
3102 5182 3237 5238 enim
3273 5197 3398 5237 caro
3439 5183 3573 5253 ejus,
3613 5240 3617 5247 ⁴

1987 5291 2179 5362 inquit,
2210 5288 2335 5343 vidit
2373 5282 2766 5354 corruptionem.
2796 5278 2909 5333 Hoc
2936 5274 3348 5337 resurrectione,
3380 5273 3570 5343 inquit,

1985 5386 2162 5440 minus
2211 5379 2442 5438 videtur,
2491 5373 2585 5430 sed
2640 5371 2868 5442 idipsum
2913 5378 3015 5425 est.
3056 5366 3145 5423 52.
3200 5364 3351 5420 Hunc
3393 5362 3574 5417 Jcsum

1986 5475 2242 5532 suscitavit
2286 5470 2442 5524 Deus.
2477 5465 2630 5529 Vide,
2660 5462 2929 5534 quomodo
2959 5475 3064 5515 non
3104 5458 3261 5513 aliter
3291 5456 3438 5511 illum
3476 5464 3575 5523 ap-

1989 5571 2168 5641 pellet.
2199 5565 2358 5636 Cujus
2396 5579 2490 5615 nos
2517 5574 2689 5614 omnes
2725 5567 2871 5611 testes
2893 5569 3085 5608 sumus.
3107 5552 3198 5608 35.
3230 5548 3453 5603 Dextera
3476 5546 3575 5616 igi-

1989 5632 2070 5719 ὶυτ
2102 5660 2193 5713 Dei
2215 5632 2486 5712 eaialtatus.
2523 5652 2729 5708 Rursus
2754 5648 2820 5703 ad
2847 5648 3059 5701 Patrem
3080 5642 3335 5711 confugit,
3363 5632 3577 5695 etiamsi

1988 5755 2117 5813 satis
2144 5761 2259 5809 erat
2288 5749 2339 5805 id
2368 5747 2570 5804 dixisse
2612 5743 2793 5815 prius;
2834 5739 2927 5795 sed
2967 5736 3071 5793 scit
3103 5734 3284 5806 quanti
3315 5740 3575 5789 momenti

2060 5916 2073 5947 ί
2113 5910 2254 5970 Illud,
2278 5920 2320 5959 st
2344 5906 2395 5959 in
2429 5899 2607 5962 medio,
2640 5898 2784 5951 deest
2817 5906 2867 5943 in
2903 5886 3218 5956 quibusdam.
3446 5907 3485 5990 ἓ.
