4024 6582
495 447 565 506 59
1216 438 1274 496 S.
1313 434 1591 494 10thle
1622 431 2093 492 CllRYFOS’l‘OMl
2133 431 2447 488 ARCIIIEP.
2487 432 3018 498 CONSTANTINOP.
3709 456 3775 514 ω

493 568 567 622 sit
614 561 763 619 illud.
821 559 918 616 llic
961 569 1176 627 quoque
1217 553 1638 621 assumptionem
1683 548 2075 607 subiudicavit.

497 660 778 728 ipsumque
809 653 860 710 in
890 652 1038 707 caelis
1062 663 1218 715 esse;
1265 646 1359 703 sed
1410 645 1513 700 hoc
1559 659 1665 698 non
1708 641 1884 713 palam
1931 641 2081 696 dicit.

504 748 563 803 Et
594 746 949 818 promissione,
989 742 1180 813 inquit,
1218 738 1382 796 sancti
1426 738 1652 806 Spiritus
1676 744 1906 805 accepta.
1950 733 2085 789 Vide

492 840 766 913 quomodo
794 840 945 894 initio
971 836 1114 893 dicat
1140 849 1244 889 non
1264 831 1558 896 Christum,
1582 830 1675 885 sed
1699 829 1909 884 Patrem
1937 827 2083 882 illum

494 935 707 990 misisse
732 951 743 986 :
773 941 1050 1003 postquam
1079 942 1207 984 vero
1232 926 1381 997 signa
1402 927 1518 995 ejus
1540 921 1873 988 memoravit,
1892 928 1947 975 et
1965 935 2085 990 qua:

494 1029 663 1084 Judcei
697 1029 745 1081 in
779 1026 930 1083 illum
972 1023 1228 1084 fecerant,
1259 1035 1323 1074 ac
1350 1019 1418 1073 de
1462 1016 1855 1073 resurrectione
1889 1015 2083 1085 loquu—

496 1132 577 1174 tus
605 1120 723 1181 fuit,
758 1126 881 1171 tunc
910 1115 1133 1169 ﬁdenter
1154 1112 1220 1167 de
1248 1110 1330 1166 his
1355 1124 1660 1164 sermonem
1695 1107 1874 1167 habet,
1898 1117 2085 1161 rursus

494 1214 611 1265 illos
640 1221 804 1267 testes
848 1222 942 1277 per
980 1216 1265 1274 utrumque
1309 1217 1527 1259 sensum
1576 1199 1862 1270 producit:
1895 1212 1959 1253 ac
1996 1212 2087 1253 re-

496 1301 846 1355 surrectionis
906 1297 1121 1367 quidem
1178 1296 1487 1367 frequenter
1533 1291 1816 1355 meminit,
1869 1289 2081 1344 illorum

494 1410 625 1448 vero
652 1392 874 1448 sceleris
904 1390 1074 1445 semel
1107 1399 1330 1454 tantum,
1359 1402 1426 1441 ne
1452 1385 1583 1456 ipsis
1612 1383 1763 1438 oneri
1793 1382 1988 1437 essct‘.
2014 1379 2084 1434 Et

488 1499 717 1557 accepta,
748 1485 938 1554 inquit,
982 1482 1206 1551 Spiritus
1245 1480 1409 1535 sancti
1438 1479 1787 1549 promissione.
1820 1475 1933 1529 Hoc
1959 1488 2080 1526 rur-

490 1593 582 1633 Sus
611 1593 857 1647 maguum
890 1585 991 1631 est.
1025 1576 1160 1629 Puto
1179 1582 1379 1638 autem,
1403 1572 1576 1640 ipsum
1607 1584 1746 1624 llllllC
1771 1572 2085 1638 promissio-

495 1686 616 1723 nem
643 1669 827 1723 dicere
853 1677 978 1722 ante
1003 1666 1307 1737 passionem
1336 1663 1538 1719 datam.
1570 1662 1702 1716 Vide
1728 1670 1930 1726 autem,
1951 1674 2082 1728 quo-

492 1760 652 1815 modo
685 1769 853 1815 totum
876 1760 985 1829 jam
1029 1758 1103 1812 illi
1134 1756 1424 1821 adsoribat,
1457 1770 1569 1810 rem
1602 1767 1849 1824 magnam
1876 1752 2084 1807 occulte

491 1852 714 1907 faciens.
760 1851 892 1906 Nam
924 1851 967 1905 si
1014 1850 1129 1919 ipse
1176 1848 1381 1911 effudit,
1410 1846 1477 1901 de
1518 1845 1609 1900 illo
1633 1861 1791 1916 supra
1820 1844 2083 1915 propheta

492 1947 828 2015 loquebatur,
850 1943 1037 1999 ἀίοιαιιε
1066 1961 1079 1996 :
1110 1940 1175 1995 In
1205 1940 1489 1995 novissimis
1514 1938 1692 1993 diebus
1733 1936 1996 2004 effundam
2020 1940 2085 1991 de

493 2039 694 2106 Spiritu
721 2055 829 2092 meo
855 2054 1005 2108 super
1015 2053 1184 2091 seruos
1205 2051 1341 2091 meos
1360 2045 1406 2089 et
1424 2051 1574 2105 super
1598 2032 1813 2087 ancillas
1838 2048 2011 2096 meas;
2034 2041 2083 2086 et

488 2131 621 2187 (ιιιὺο
644 2131 875 2200 prodigia
905 2132 959 2183 in
993 2130 1117 2183 cazlo
1154 2145 1377 2182 sursum.
1398 2126 1551 2191 Vide,
1575 2126 1749 2196 qualia
1768 2125 1976 2180 occulte
2003 2124 2083 2178 in-

494 2234 739 2280 torserat.
774 2224 878 2278 Sed
901 2225 1023 2294 quia
1046 2237 1237 2293 magna
1262 2235 1347 2276 res
1373 2229 1508 2287 emt,
1526 2234 1713 2274 rursus
1735 2219 1877 2273 illam
1901 2219 2085 2273 obum-

491 2317 632 2383 brat,
677 2318 828 2387 quasi
867 2331 899 2371 a
939 2316 1098 2370 Patre
1136 2314 1425 2383 acceperit.
1468 2313 1606 2368 Dicit
1644 2312 1779 2367 bona
1823 2315 2078 2382 praestita,

489 2412 667 2480 signa;
708 2408 851 2479 quod
890 2410 961 2463 sit
997 2408 1133 2472 Rex,
1174 2406 1317 2477 quod
1354 2406 1422 2460 ad
1462 2407 1609 2475 ipsos
1646 2408 1899 2461 venerit:
1941 2406 2083 2462 dixit

486 2501 631 2572 quod
661 2502 776 2570 ipse
814 2500 905 2555 det
943 2500 1202 2569 Spiritum
1240 2508 1509 2553 sanctum.
1537 2497 1899 2568 Quaecumque
1935 2498 2080 2554 enim

486 2597 607 2664 quis
644 2593 859 2657 dixerit,
891 2593 991 2648 nisi
1025 2593 1090 2647 ad
1131 2592 1414 2647 utilitatem
1454 2591 1657 2656 tendat,
1700 2602 1900 2647 temere
1928 2592 2078 2647 dicit.

488 2686 638 2743 Sicut
667 2696 722 2742 et
750 2685 985 2741 Joannes
1017 2685 1161 2752 facit,
1200 2686 1388 2740 dicens
1422 2704 1435 2739 :
1469 2685 1591 2755 Ipse
1614 2702 1701 2739 vos
1730 2685 2002 2753 baptizabit
2027 2688 2082 2741 in

490 2779 693 2849 Spiritu
735 2788 911 2832 sancto
955 2777 1173 2847 (Matth.
1217 2778 1270 2832 5.
1313 2775 1425 2843 ll).
1469 2777 1533 2830 Et
1572 2777 1825 2842 ostendit,
1866 2792 2080 2832 crucem

488 2887 595 2926 non
635 2870 796 2926 modo
837 2872 1005 2938 ipsum
1049 2883 1154 2923 non
1196 2869 1473 2930 minuisse.
1512 2867 1605 2923 sed
1644 2870 1804 2923 etiam
1846 2868 2084 2938 splendi-

488 2963 693 3018 diorem
721 2962 1051 3024 reddidisse;
1082 2960 1340 3030 siquidem
1370 2961 1509 3029 quod
1535 2961 1607 3014 illi
1639 2962 1764 3015 olim
1800 2962 1938 3016 Deus
1960 2976 2083 3031 pro-

490 3057 729 3117 miserat,
764 3067 886 3110 tunc
912 3055 1079 3110 dedit.
1114 3056 1209 3109 \‘el
1240 3056 1671 3128 promissionem,
1702 3057 1894 3130 inquit,
1920 3073 2080 3130 quam

489 3148 642 3202 nobis
671 3147 937 3220 promisit.
972 3146 1061 3205 Sic
1107 3149 1334 3204 futuram
1376 3151 1709 3219 pra-sciebat,
1741 3160 1796 3206 et
1823 3152 2079 3221 majorem

489 3243 646 3297 nobis
678 3252 797 3311 post
823 3257 1037 3297 crucem
1079 3242 1300 3312 largitus
1340 3252 1443 3298 est.
1481 3244 1567 3309 Et,
1622 3241 1842 3310 E/fudit,
1885 3244 2077 3315 inquit.

488 3338 587 3393 llic
624 3337 935 3406 dignitatem
986 3337 1245 3402 declarat,
1300 3353 1401 3392 nec
1443 3337 1772 3406 simpliciter,
1823 3339 1916 3394 sed
1956 3354 2079 3395 cum

490 3430 756 3483 ubertate.
798 3427 919 3482 Ideo
950 3427 1052 3483 hoc
1093 3430 1262 3499 ipsum
1314 3432 1486 3499 palam
1532 3431 1751 3493 faciens,
1800 3433 2078 3502 sequentia

491 3519 711 3575 inducit.
755 3518 943 3575 Postea
993 3520 1136 3575 enim
1178 3520 1423 3584 ﬁdenter,
1474 3531 1593 3590 post
1639 3521 1869 3590 Spiritus
1908 3524 2078 3578 sancti

489 3626 682 3665 munus
727 3610 931 3674 datum,
976 3611 1044 3667 de
1081 3613 1447 3682 assumptione
1491 3615 1541 3667 in
1588 3616 1749 3669 cmlos
1796 3615 2073 3685 loquitur:

490 3719 663 3774 neque
694 3704 1006 3775 simpliciter
1034 3722 1047 3769 ;
1077 3705 1171 3760 sed
1203 3714 1388 3760 testem
1420 3722 1632 3759 rursum
1662 3705 1982 3776 producens,
2023 3718 2079 3762 et

491 3798 639 3852 illum
671 3813 973 3852 memorans
992 3798 1058 3852 de
1078 3814 1184 3868 quo
1203 3798 1448 3854 Christus
1468 3799 1622 3854 dixit.
1656 3802 1745 3855 54.
1778 3799 1898 3855 Non
1917 3802 2074 3865 enim,

488 3892 680 3963 inquit,
726 3892 890 3947 David
919 3893 1144 3947 ascendit
1170 3894 1225 3946 in
1246 3894 1446 3947 caelum.

562 3987 616 4041 5.
649 3986 746 4041 llic
770 3990 879 4055 jam
906 4002 1008 4040 non
1049 3986 1285 4041 demisse
1315 3987 1570 4058 loquitur,
1604 3998 1874 4059 assumpta
1907 4005 1971 4044 ex
1996 3990 2078 4045 di-

487 4079 587 4133 etis
616 4078 804 4133 ﬁducia
840 4097 852 4131 :
889 4095 1061 4148 neque
1086 4078 1233 4143 dicit,
1262 4078 1446 4133 Liceat
1476 4079 1678 4143 dicere,
1708 4081 1794 4136 vel
1842 4082 2074 4150 similia;

486 4171 582 4225 sed
616 4173 786 4238 palam
816 4187 829 4222 :
863 4171 1006 4227 Dicit
1036 4171 1281 4225 Dominus
1313 4170 1537 4225 Domino
1570 4189 1700 4237 meo,
1733 4173 1868 4229 Sede
1890 4193 1922 4227 a
1951 4176 2077 4230 dea:-

489 4267 581 4319 tris
610 4266 750 4329 meis,
789 4264 947 4317 donec
976 4281 1161 4332 ponam
1177 4266 1405 4319 inimicos
1427 4274 1559 4331 tuos,
1588 4266 1865 4321 scabellum
1891 4270 2075 4337 pedum

490 4368 691 4411 tuorum
736 4356 1075 4426 (Psal.109.
1103 4358 1194 4425 1).
1237 4356 1295 4413 Si
1342 4357 1556 4411 Davidis
1604 4359 1863 4414 Dominus
1914 4371 2072 4428 erat,

488 4453 655 4505 inuito
686 4450 855 4520 magis
883 4451 1113 4504 illorum.
1148 4450 1284 4505 Sede
1316 4466 1347 4503 a
1377 4450 1567 4506 dextris
1591 4454 1733 4507 meis.
1766 4451 1959 4507 Totum
1990 4453 2076 4509 hic

488 4544 683 4613 posuit.
709 4544 798 4597 53.
840 4540 1018 4595 Donec
1043 4558 1229 4610 ponam
1266 4540 1498 4597 inimicos
1525 4553 1659 4605 tuos,
1689 4544 1963 4599 scabellum
1988 4562 2077 4612 pe-

488 4636 607 4688 dum
636 4646 857 4687 tuorum.
892 4634 987 4687 Hic
1018 4644 1217 4688 metum
1264 4650 1512 4703 magnum
1554 4637 1761 4701 incutit,
1816 4649 1874 4693 ut
1917 4639 2071 4695 initio

486 4727 832 4792 ministravit;
886 4725 1059 4795 qualia
1114 4741 1305 4796 nempe
1361 4729 1569 4795 amicis,
1611 4730 1787 4799 qualia
1840 4731 2072 4786 inimicis

487 4819 664 4873 faciat.
695 4820 772 4873 Ac
796 4832 982 4871 rursus
1006 4818 1307 4886 imperium.
1345 4835 1412 4874 ne
1441 4834 1544 4874 non
1597 4821 1875 4887 credatur,
1930 4822 2074 4877 Patri

484 4910 763 4965 adscribit.
786 4910 917 4977 Quia
951 4912 1129 4980 itaque
1156 4925 1345 4980 magna
1369 4912 1619 4981 loquutus
1647 4922 1759 4978 est,
1801 4930 1987 4968 rursus
2008 4916 2074 4969 ad

487 5001 709 5056 humilia
734 5017 1040 5056 sermonem
1090 5001 1329 5057 deducit.
1361 5002 1451 5058 56.
1503 5004 1655 5059 Certo
1705 5006 1864 5075 igitur
1918 5008 2070 5072 sciat,

488 5093 676 5161 inquit,
706 5094 870 5147 omnis
898 5093 1079 5147 domus
1102 5093 1265 5148 Israel
1280 5112 1301 5160 ;
1330 5094 1433 5152 hoc
1461 5105 1563 5157 est,
1598 5111 1665 5151 ne
1688 5097 1964 5161 dubitetis,
2006 5115 2073 5155 ne

485 5184 785 5251 atilbigatis.
830 5185 1019 5238 Postea
1064 5201 1183 5239 cum
1216 5188 1483 5256 imperio:
1520 5190 1654 5254 Quia
1696 5201 1743 5244 et
1798 5191 2073 5245 Dominum

483 5293 597 5330 eum
625 5287 671 5330 et
698 5276 955 5331 Christum
978 5279 1093 5347 fecit
1119 5279 1271 5335 Deus.
1295 5282 1407 5336 Hoc
1433 5297 1464 5336 a
1491 5282 1690 5338 Davide
1720 5293 1774 5340 et
1802 5302 1832 5339 a
1859 5284 2073 5339 Psalmo

483 5369 953 5422 commemoravit.
971 5369 1100 5424 Nam
1121 5387 1241 5425 cum
1270 5373 1539 5429 videretur
1565 5375 1850 5430 dicendum
1874 5394 1887 5429 :
1912 5377 2074 5434 Certo

486 5459 647 5528 igitur
661 5459 798 5514 sciat
816 5462 994 5516 omnis
1014 5461 1206 5516 domus
1224 5464 1406 5531 Israel,
1431 5467 1570 5535 quod
1589 5482 1618 5520 a
1639 5467 1843 5523 dextris
1864 5469 2069 5533 sedeat;

486 5550 538 5605 id
569 5550 713 5621 quod
740 5567 989 5623 magnum
1018 5565 1133 5608 erat
1161 5570 1175 5607 :
1201 5570 1266 5609 eo
1286 5558 1473 5612 relicto
1494 5560 1635 5614 aliud
1662 5561 1864 5616 inducit
1901 5564 2071 5617 multo

487 5642 762 5711 humilius,
790 5659 911 5699 cum
940 5644 1089 5710 dicit.
1136 5647 1298 5714 Fecit,
1331 5650 1383 5704 id
1412 5662 1517 5715 est,
1548 5654 1844 5708 constituit.
1889 5658 2071 5725 Itaque

490 5733 619 5789 mhil
650 5737 733 5790 hic
760 5737 828 5792 de
853 5738 1176 5807 substantia,
1224 5741 1318 5796 sed
1358 5751 1526 5798 totum
1559 5745 1658 5800 hac
1705 5746 1773 5802 de
1821 5764 1881 5804 re
1917 5749 2067 5805 dicit.

552 5899 569 5929 ί
593 5904 717 5957 tunc,
744 5912 802 5949 ne
827 5914 943 5963 ipsis
964 5902 1101 5954 oneri
1122 5911 1261 5964 esset,
1286 5903 1468 5955 desunt
1490 5906 1539 5955 in
1557 5908 1835 5971 quibusdan'
1869 5918 1974 5962 διεδ.

2194 547 2347 603 Hunc
2372 548 2569 618 Iesum,
2592 568 2738 623 quem
2764 572 2852 610 vos
2873 558 3215 628 cruci/ixistis.
3249 562 3393 622 Bene
3418 565 3525 623 huc
3546 568 3775 639 desinit.

2189 639 2402 696 illorum
2441 645 2677 699 animum
2706 649 3004 718 exagitans.
3048 650 3337 723 Postquam
3364 660 3507 713 enim
3536 662 3777 719 ostendit

2187 744 2441 802 quantum
2469 737 2539 790 sit
2569 736 2791 805 facinus,
2823 749 2949 795 tunc
2972 740 3188 799 demum
3220 746 3389 814 ipsum
3421 749 3680 816 declarat,
3712 766 3771 812 ut

2188 826 2267 879 sic
2296 827 2465 897 majus
2503 832 2851 898 ostendatur,
2881 844 2934 890 et
2963 837 3153 893 timore
3195 839 3313 896 illos
3341 846 3620 916 corripiat.
3650 848 3769 907 Non

2188 919 2332 972 enim
2372 921 2451 975 sic
2503 921 2747 980 homines
2779 927 3049 984 beneficiis
3100 931 3427 999 alliciuutnr,
3479 949 3538 993 ut
3584 943 3779 1000 timore

2179 1012 2532 1080 castigantur.
2565 1014 2878 1072 Admirandi
2907 1029 3086 1075 autem
3124 1024 3247 1089 viri,
3281 1028 3350 1096 pii
3382 1044 3447 1083 ac
3476 1031 3565 1085 Dei
3592 1035 3774 1101 amici,

2186 1111 2378 1159 neutro
2398 1120 2533 1174 opus
2562 1107 2792 1175 habent;
2837 1113 3012 1181 qualis
3048 1128 3165 1171 erat
3192 1118 3409 1187 Paulus,
3439 1125 3530 1193 qui
3561 1142 3663 1182 nec
3690 1143 3772 1185 re-

2185 1197 2277 1267 gni
2305 1213 2405 1253 nec
2433 1200 2693 1268 gehennte
2718 1204 2978 1261 rationem
3010 1206 3259 1265 habebat.

2243 1290 2380 1357 Quid
2396 1293 2459 1345 sit
2478 1311 2650 1348 amare
2668 1294 2942 1352 Christum.
2964 1298 3026 1354 In
3040 1305 3327 1371 spiritualia
3347 1311 3583 1379 segnities
3601 1312 3779 1367 redar-

2186 1384 2454 1450 guitur.—-—
2470 1384 2582 1441 Hoc
2607 1397 2690 1443 est
2718 1403 2899 1446 amare
2924 1391 3192 1449 Christum
3212 1436 3227 1461 ,
3264 1397 3365 1454 hoc
3403 1410 3486 1455 est
3523 1418 3627 1457 non
3655 1420 3777 1461 esse

2189 1478 2608 1546 mercenarium,
2642 1496 2813 1552 neque
2855 1495 3117 1554 quaestum
3158 1489 3239 1543 vel
3270 1493 3684 1561 negotiationem
3725 1497 3778 1552 id

2186 1566 2531 1635 existimare;
2563 1570 2657 1626 sed
2687 1574 2881 1629 virtute
2910 1591 3036 1631 vere
3082 1579 3362 1646 praeditum
3408 1598 3559 1649 esse,
3614 1596 3669 1641 et
3706 1588 3776 1643 ob

2188 1655 2280 1711 Dei
2326 1674 2564 1716 amorem
2613 1664 2792 1718 omnia
2835 1666 3029 1722 facere.
3063 1668 3287 1735 Quantis
3318 1673 3476 1743 igitur
3520 1676 3778 1748 laerymis

2185 1748 2331 1819 digni
2361 1767 2567 1820 sumus,
2590 1755 2679 1824 qui
2709 1764 2910 1811 tantam
2930 1758 3189 1815 debentes
3209 1778 3537 1833 mensuram,
3568 1785 3635 1823 ne
3654 1770 3777 1839 qui-

2185 1838 2308 1895 dem
2354 1853 2410 1896 ut
2454 1847 2814 1915 negotiatores
2861 1864 3082 1920 regnum
3128 1852 3384 1909 caelorum
3439 1838 3778 1927 expetimus?

2185 1935 2355 1990 Tanta
2405 1938 2561 1993 nobis
2606 1940 2919 2009 pollicetur,
2964 1958 3138 2015 neque
3191 1947 3270 2001 sic
3317 1949 3563 2005 audimus
3612 1954 3780 2007 eum?

2185 2027 2325 2096 Quid
2365 2030 2489 2088 huic
2517 2033 2811 2089 inimicitia:
2839 2052 2935 2106 par
2964 2037 3161 2093 fuerit?
3190 2040 3348 2111 Atqui
3378 2043 3433 2105 ii,
3466 2044 3555 2116 qui
3588 2046 3776 2101 insana

2188 2124 2427 2191 pecunia:
2447 2125 2736 2196 cupiditate
2764 2127 3028 2193 laborant,
3056 2133 3170 2186 sive
3199 2133 3381 2189 hostes
3401 2137 3633 2202 adeant,
3663 2141 3780 2197 sive

2185 2229 2395 2275 servos,
2422 2216 2536 2272 sive
2563 2217 2967 2276 inimicissimos
2993 2224 3115 2291 sibi,
3146 2234 3201 2281 et
3240 2228 3477 2282 omnium
3505 2233 3775 2298 nequissi-

2186 2320 2338 2372 mos;
2384 2307 2428 2362 si
2459 2316 2634 2365 tamen
2683 2322 2903 2381 sperent
2950 2330 3009 2370 se
3037 2331 3198 2385 posse
3238 2334 3336 2388 per
3372 2320 3493 2376 illos
3524 2325 3780 2392 pecunias

2184 2396 2432 2468 adipisci,
2463 2400 2595 2455 nihil
2628 2417 2734 2456 non
2774 2414 2958 2475 agunt,
3008 2407 3139 2477 ipsis
3168 2409 3475 2477 adulantur,
3519 2414 3662 2483 ipsos
3715 2425 3779 2472 ut

2185 2490 2325 2543 servi
2352 2491 2558 2553 colunt,
2584 2501 2642 2548 et
2665 2496 2905 2551 omnium
2930 2497 3340 2558 honestissimos
3371 2504 3589 2570 habent,
3619 2516 3679 2561 ut
3707 2509 3778 2564 ab

2186 2581 2293 2636 illis
2324 2586 2587 2654 accipiant
2620 2603 2636 2640 :
2672 2591 3019 2659 pecuniarum
3046 2593 3192 2648 enim
3229 2610 3354 2666 spes
3389 2612 3496 2652 non
3526 2599 3653 2654 sinit
3680 2615 3779 2656 eos

2188 2672 2375 2728 borum
2401 2676 2670 2747 quidpiam
2697 2681 2951 2751 cogitare.
2978 2683 3218 2755 Regnum
3241 2698 3417 2743 autem
3441 2706 3547 2744 non
3569 2702 3777 2747 tantum

2186 2768 2403 2836 poterit,
2428 2780 2684 2837 quantum
2712 2774 2983 2842 pecuniae;
3015 2776 3123 2831 into
3151 2794 3217 2833 ne
3243 2780 3523 2836 minimum
3554 2783 3774 2853 quidem

2187 2860 2421 2927 poterit:
2450 2863 2693 2931 quamvis
2725 2880 2829 2920 non
2860 2881 2890 2921 e
2921 2868 3077 2938 vulgo
3106 2869 3367 2940 quispiam
3396 2873 3485 2939 sit,
3519 2875 3607 2944 qui
3643 2875 3778 2931 illud

2186 2953 2466 3021 promittit.
2498 2956 2591 3010 sed
2635 2958 2753 3027 ipso
2801 2976 3016 3030 quoque
3058 2978 3224 3034 regno
3259 2966 3417 3035 longe
3465 2969 3638 3039 major
3679 2971 3775 3025 sit.

2184 3045 2408 3116 Quando
2432 3057 2610 3107 autem
2641 3050 2691 3109 id
2720 3052 2860 3125 quod
2893 3054 3220 3128 promittitur
3240 3073 3461 3132 regnum
3492 3072 3592 3131 cst,
3617 3061 3751 3122 illud

2184 3156 2291 3211 que
2317 3141 2409 3197 dat
2436 3144 2596 3212 Deus,
2630 3162 2879 3217 magnum
2907 3161 3053 3207 certe
3081 3163 3161 3208 est
3195 3163 3251 3209 et
3271 3155 3401 3211 illud
3432 3166 3487 3212 et
3507 3173 3536 3213 a
3569 3158 3660 3214 tali
3677 3175 3776 3215 ac-

2183 3233 2385 3303 cipere.
2418 3234 2570 3293 Nunc
2589 3246 2768 3294 autem
2789 3242 3009 3310 perinde
3035 3243 3114 3310 ﬁt,
3137 3260 3201 3301 ac
3221 3246 3266 3301 si
3292 3262 3386 3302 rex
3413 3250 3499 3319 qui
3529 3250 3777 3308 hzcredes

2183 3334 2238 3380 et
2268 3326 2380 3381 lilio
2405 3327 2717 3386 cohteredes
2749 3333 2860 3388 vult
2892 3335 3070 3392 facere
3114 3353 3241 3404 eos,
3284 3356 3419 3410 quos
3465 3343 3608 3398 mille
3638 3356 3780 3401 ante

2183 3417 2461 3475 beneﬁciis
2482 3420 2676 3487 all‘ecit,
2698 3435 3109 3495 contemnatur;
3134 3440 3187 3485 et
3204 3432 3469 3487 latronum
3498 3436 3773 3505 princeps,

2184 3513 2274 3582 qui
2297 3512 2591 3569 innumeris
2616 3526 2671 3571 et
2698 3534 2794 3573 nos
2813 3528 2865 3574 et
2888 3531 3136 3589 parentes
3163 3534 3374 3581 nostros
3396 3528 3549 3582 malis
3571 3530 3774 3597 all‘ecit,

2183 3616 2240 3661 et
2270 3607 2415 3662 mille
2443 3609 2596 3665 malis
2625 3610 2739 3680 ipse
2765 3614 2955 3682 plenus
2985 3626 3089 3682 est,
3122 3619 3165 3671 si
3196 3635 3356 3672 unum
3383 3620 3599 3675 obolum
3633 3623 3779 3678 olfe-

2184 3706 2287 3763 rat,
2335 3699 2593 3755 adoretur
2628 3719 2657 3756 a
2709 3705 2886 3761 nobis.
2920 3706 3158 3777 Regnum
3192 3710 3470 3779 pollicetur
3501 3713 3663 3780 Dens,
3720 3728 3779 3771 et

2181 3787 2512 3859 despicitur;
2543 3794 2841 3864 gehennam
2864 3801 3114 3855 conciliat
3142 3802 3419 3872 diabolus,
3450 3816 3503 3860 et
3535 3805 3777 3861 honora-

2184 3888 2289 3936 tur.
2319 3881 2414 3938 Hic
2446 3883 2605 3951 Deus,
2638 3886 2726 3941 ille
2754 3888 3017 3946 diabolus.
3050 3891 3155 3947 Sed
3181 3893 3453 3949 videamus
3477 3908 3778 3967 praecepto-

2182 3988 2299 4028 rum
2321 3974 2633 4033 discrimen.
2666 3978 2722 4033 Si
2751 3982 2891 4035 enim
2916 3982 3045 4037 nihil
3076 3983 3267 4040 horum
3295 3996 3455 4053 esset,
3492 4003 3667 4058 neque
3688 3988 3776 4046 hic

2183 4065 2343 4132 Deus,
2398 4068 2489 4123 ille
2534 4070 2815 4137 diabolus;
2849 4089 3023 4143 neque
3051 4076 3138 4131 hic
3169 4092 3413 4147 regnum,
3446 4080 3537 4139 ille
3566 4082 3775 4151 gehen-

2181 4174 2304 4213 nam
2326 4162 2676 4231 conciliaret;
2708 4180 2885 4221 annon
2907 4168 2992 4223 vel
3018 4169 3132 4238 ipsa
3159 4182 3546 4243 praeceptorum
3579 4188 3774 4233 natura

2181 4251 2406 4307 suadere
2434 4263 2613 4322 posset
2643 4265 2701 4309 ut
2725 4256 2850 4312 huic
2875 4257 3240 4317 luereremus?
3262 4262 3399 4331 Quid
3428 4265 3585 4334 igitur
3614 4277 3771 4323 nter-

2180 4358 2285 4413 que
2312 4345 2574 4414 imperat?
2597 4348 2688 4403 llle
2708 4365 2827 4418 qua:
2856 4360 3060 4420 turpes,
3090 4353 3178 4407 hic
3203 4371 3322 4424 quae
3348 4357 3614 4426 gloriosos
3642 4361 3771 4414 red-

2181 4436 2342 4504 dunt;
2374 4440 2462 4495 ille
2495 4457 2615 4511 quae
2645 4443 2793 4499 mille
2820 4446 3210 4503 Calamitatihus
3237 4458 3290 4503 et
3339 4450 3553 4505 infamia
3592 4452 3771 4509 invol-

2182 4537 2332 4593 vunt,
2368 4531 2453 4585 hic
2482 4548 2600 4601 qua:
2623 4549 2865 4604 magnam
2901 4538 3113 4605 pariunt
3144 4541 3601 4608 tranquillitatem.
3641 4545 3772 4600 Vide

2182 4636 2412 4691 namque
2445 4638 2458 4674 :
2498 4625 2587 4679 ille
2620 4626 2787 4681 dicit:
2818 4628 3008 4684 Discite
3058 4647 3090 4684 a
3128 4648 3207 4685 me
3233 4635 3355 4704 quia
3398 4636 3531 4689 mitis
3561 4653 3678 4690 sum
3723 4647 3769 4691 et

2181 4714 2387 4768 humilis
2441 4717 2611 4778 corde,
2644 4730 2692 4772 et
2720 4720 2980 4776 invenietis
3022 4725 3241 4793 requiem
3285 4727 3548 4781 animabus
3591 4731 3770 4784 uestris

2180 4804 2393 4876 (Matth.
2426 4808 2514 4861 il.
2541 4807 2666 4881 29);
2700 4812 2785 4866 ille
2812 4813 2885 4866 ait
2919 4830 2931 4865 :
2962 4812 3135 4869 Ferox
3170 4826 3291 4871 esto
3338 4828 3393 4872 et
3421 4819 3767 4886 inhumanus,

2179 4908 2337 4969 atque
2368 4900 2654 4956 iracundus
2678 4944 2692 4968 ,
2725 4912 2780 4957 et
2809 4904 2916 4958 fera
2946 4908 3115 4976 magis
3140 4922 3298 4976 quam
3345 4908 3527 4965 immo.
3567 4911 3766 4967 Videa-

2181 5006 2301 5045 mus
2330 4987 2454 5060 q'uid
2487 4994 2690 5059 utilius,
2717 4995 2844 5064 quid
2874 5000 3248 5067 opportunius.
3281 5000 3393 5055 lino
3421 5018 3488 5056 ne
3515 5002 3617 5058 hoc
3648 5015 3769 5059 tan-

2180 5090 2327 5149 tum;
2383 5084 2476 5138 sed
2507 5087 2681 5155 cogita
2714 5087 2863 5141 illum
2916 5104 3038 5144 esse
3087 5090 3404 5146 diabolum:
3452 5094 3579 5148 illud
3623 5097 3767 5150 enim

2181 5174 2412 5230 maxime
2442 5177 2483 5230 si
2514 5176 2939 5233 demonstratum
2964 5190 3077 5245 est,
3108 5182 3219 5251 jam
3269 5184 3570 5254 triumphus
3599 5187 3770 5257 major

2179 5267 2300 5319 erit.
2333 5265 2447 5321 Non
2478 5269 2620 5323 enim
2646 5271 2735 5340 qui
2768 5272 2945 5326 facilia
2988 5273 3249 5343 imperat,
3280 5284 3497 5331 curator
3534 5288 3640 5343 est,
3674 5280 3767 5332 sed

2181 5357 2271 5426 qui
2319 5358 2489 5411 utilia.
2526 5359 2656 5414 Nam
2711 5374 2889 5431 patres
2932 5378 3159 5419 onerosa
3214 5366 3497 5436 imperant,
3546 5379 3599 5421 et
3655 5369 3767 5423 heri

2180 5462 2391 5517 quoque
2436 5452 2638 5515 servis;
2673 5454 2766 5507 sed
2797 5455 2919 5509 ideo
2948 5455 3001 5509 hi
3031 5458 3245 5526 quidem
3281 5470 3460 5527 patres
3500 5468 3662 5525 sunt,
3695 5461 3768 5514 illi

2182 5556 2307 5593 vero
2336 5542 2468 5606 heri,
2492 5544 2797 5614 subigentes
2819 5556 2873 5601 et
2894 5548 3178 5616 perniciosi
3196 5559 3252 5604 et
3278 5553 3454 5604 omnia
3475 5554 3770 5608 ceutnaria.

2253 5634 2436 5687 Anima
2457 5637 2588 5704 justi
2635 5654 2784 5707 quant
2839 5640 3041 5706 diﬂ'erut
3085 5644 3147 5696 ab
3176 5645 3347 5696 anima
3396 5647 3773 5715 peccatoris.—

2184 5724 2379 5779 Vcrum
2409 5728 2549 5796 quod
2599 5729 2922 5799 voluptatem
2960 5733 3223 5798 habeant,
3278 5736 3401 5791 hinc
3455 5738 3627 5805 palam
3662 5750 3765 5793 est.

2179 5820 2293 5882 Qua
2323 5820 2465 5872 enim
2493 5820 2798 5876 conditione
2827 5834 2976 5891 pums
3003 5840 3120 5879 esse
3152 5828 3461 5882 iracundum
3486 5871 3500 5895 ,
3534 5846 3636 5897 qua
3672 5847 3768 5899 pa-

2182 5911 2402 5967 tientem
2448 5922 2496 5968 ct
2548 5914 2770 5971 mitem?
2819 5915 3006 5971 Nonne
3050 5918 3206 5989 hujus
3261 5924 3435 5977 anima
3464 5924 3658 5979 snnilis’
3687 5934 3768 5979 est
