4022 6364
239 285 308 338 59
1231 285 1299 340 IN
1337 283 1520 340 ACTA
1562 281 2106 342 APOSTOLORUM.
2154 284 2384 343 IIOMIL.
2422 287 2511 342 Vl.
3445 295 3547 350 σο..

231 401 352 454 οὐδὲ
382 400 518 453 αὐτὸ
542 401 796 471 φανερῶς
826 401 997 470 λέγει.
1025 403 1142 467 Τήν
1162 419 1224 455 τε
1253 403 1644 474 ἐπαγγελίαν,
1665 402 1821 472 φησὶ,

230 484 332 540 τοῦ
374 486 730 552 Πνεύματος
762 485 870 538 τοῦ
903 486 1078 554 ἁγίου
1101 488 1320 540 λαϐὼν.
1343 491 1506 558 Ὅρα,
1521 487 1636 550 πῶς
1659 487 1823 557 ἀρχό-

229 567 386 638 μενος
403 568 505 638 μὲν
526 570 626 638 οὐχ
649 569 749 621 ἐαυ
759 570 846 621 τὸν
870 569 977 638 ἔφη
1007 570 1140 622 αὐτὸ
1157 572 1667 642 καταπεπομφέναι,
1685 571 1820 624 ἀλλά

226 654 312 706 τὸν
344 654 576 723 Πατέρα
598 671 611 684 ·
648 653 840 725 ἐπειδὴ
869 655 928 706 δὲ
967 655 1215 725 ἐμνήσθη
1243 655 1354 708 τῶν
1381 656 1624 726 σημείων
1657 654 1823 710 αὐτοῦ

225 735 439 790 καὶτῶν
469 739 556 800 είς
593 737 760 790 αὐτὸν
786 738 1174 808 γεγενημένων
1203 738 1356 809 παρᾶ
1394 740 1684 801 Ἰουδαίων,
1727 743 1823 793 καὶ

224 820 348 890 περὶ
379 820 483 888 τῆς
516 823 879 884 ἀναστάσεως
927 821 1197 894 διελέχθη,
1235 823 1454 894 θαρρῶν
1504 823 1690 878 λοιπὸν
1725 827 1821 877 καὶ

221 903 306 955 τὸν
334 905 468 974 περὶ
503 904 717 958 τούτων
751 905 960 972 εἰσάγει
987 905 1165 974 λόγον,
1188 906 1350 958 πάλιν
1377 908 1576 971 αὐτοὺς
1613 909 1820 980 μάρτυ-

225 1002 316 1056 ρας
341 983 414 1038 δι’
445 987 739 1057 ἑκατέρων
769 987 880 1040 τῶν
913 989 1219 1058 αἰσθήσεων
1255 991 1521 1062 παράγων
1542 1008 1555 1021 ·
1600 993 1818 1062 καὶτῆς

223 1069 318 1139 μὲν
343 1071 715 1134 ἀναστάσεως
743 1071 984 1141 συνεχῶς
1037 1073 1341 1143 μέμνηται,
1372 1075 1467 1128 τοῦ
1513 1075 1571 1128 δέ
1613 1075 1818 1146 τολμή-

222 1168 382 1220 ματος
407 1151 604 1206 αὐτῶν
633 1151 804 1218 ἅπαξ,
837 1154 924 1206 ἴνα
951 1154 1026 1225 μὴ
1047 1156 1245 1218 αὐτοὺς
1271 1156 1552 1229 βαρήσῃι.
1591 1159 1711 1227 Τήν
1751 1175 1817 1211 τε

216 1240 608 1309 ἐπαγγελίαν,
654 1243 811 1311 φησὶ,
840 1242 949 1296 τοῦ
992 1243 1334 1311 Πνεύματος
1359 1245 1466 1297 τοῦ
1491 1245 1664 1314 ἁγίου
1704 1250 1814 1299 λα-

384 1324 568 1377 Τοῦτο
613 1326 782 1378 πάλιν
817 1325 980 1396 μέγα.
1034 1321 1202 1396 Οἶμαι
1233 1326 1290 1379 δὲ
1337 1326 1433 1380 νῦν
1482 1328 1814 1396 ἐπαγγελίαν

217 1407 368 1461 αὐτὸν
396 1409 594 1477 λέγειν
649 1410 752 1479 τὴν
785 1411 894 1480 πρὸ
918 1409 1014 1464 τοῦ
1049 1411 1261 1466 παθεῖν.
1295 1412 1437 1483 Ὅρα
1457 1453 1471 1477 ,
1497 1414 1616 1476 πῶς
1644 1414 1813 1468 αὐτοῦ

216 1496 354 1545 ποιεῖ
384 1495 525 1546 αὐτὸ
555 1493 748 1546 λοιπὸν
764 1495 903 1556 ὅλον,
937 1495 1081 1565 μέγα
1097 1496 1469 1562 λανθανόντως
1499 1499 1632 1552 αὐτὸ
1652 1501 1814 1572 ἐργα-

215 1574 449 1646 ζόμενος.
511 1578 580 1632 Εἰ
633 1577 745 1648 γάρ
790 1580 952 1642 αὐτὸς
985 1578 1100 1652 [5|]
1131 1581 1315 1650 ἐξέχεε
1341 1622 1356 1644 ,
1401 1583 1532 1653 περὶ
1570 1584 1737 1637 αὐτοῦ
1781 1588 1811 1640 6

215 1662 495 1729 προφήτης
555 1661 784 1731 εἴρηκεν
851 1663 1148 1734 ἀνωτέρω⁸
1213 1666 1310 1718 Ἑν
1346 1666 1476 1732 ταῖς
1519 1666 1810 1734 ἐσχάταις

215 1746 454 1814 ἡμέραις
485 1747 691 1816 ἐκχεῶ
724 1749 843 1814 ἀπὸ
876 1750 982 1803 τοῦ
1023 1752 1366 1820 Πνεύματός
1382 1771 1503 1822 μου
1534 1753 1634 1806 ἐπὶ
1664 1755 1808 1822 τοὺς

213 1827 462 1895 δούλους
501 1848 635 1900 μου
667 1831 766 1884 καὶ
796 1832 896 1884 ἐπὶ
945 1837 1052 1900 τὰς
1082 1833 1311 1900 δούλας
1331 1854 1470 1902 μου,
1495 1837 1590 1888 καὶ
1635 1836 1807 1890 δώσω

214 1913 408 1979 τέρατα
437 1914 516 1967 ἐν
541 1913 625 1979 τῷ
675 1914 910 1982 οὐρανῷ
951 1916 1090 1970 ἄνω.
1128 1919 1270 1987 Ὅρα
1296 1913 1384 1971 οἷα
1424 1921 1808 1989 κεκρυμμένος

213 1996 492 2065 ἐντίθησιν.
543 1996 693 2050 Ἀλλ’
718 1999 908 2068 ἐπειδὴ
939 1999 1079 2069 μέγα
1110 1995 1199 2071 ἦν,
1230 2001 1391 2054 πάλιν
1407 2002 1538 2054 αὐτὸ
1574 2003 1804 2055 συσκιάο

217 2079 288 2142 ζει
316 2081 386 2150 τῷ
421 2081 584 2150 παρά
604 2081 707 2133 τοῦ
740 2081 957 2152 ῐιατρὸς
984 2083 1187 2136 λαϐεῖν.
1207 2081 1340 2137 Εἷπε
1369 2084 1438 2138 τά
1463 2086 1804 2156 γεγενημένα

224 2165 398 2231 ἀγαθά,
437 2166 510 2217 τά
546 2169 758 2234 σημεῖα
781 2183 795 2195 ·
832 2162 1006 2229 εἶπεν,
1027 2168 1106 2220 ὅτι
1132 2168 1386 2237 βασιλεύς
1415 2172 1562 2223 ἐστιν
1583 2185 1597 2198 °
1619 2170 1700 2222 ὅτι
1721 2171 1804 2232 είς

232 2249 398 2312 αὐτοὺς
429 2245 612 2319 ἦκενδ
632 2267 646 2279 ⁸
694 2246 870 2312 εἶπεν,
901 2252 982 2303 ὅτι
1020 2251 1181 2316 αὐτὸς
1210 2252 1272 2304 τὸ
1296 2253 1524 2318 Πνεῦμα
1559 2252 1794 2309 δίδωσιν.

236 2328 357 2380 Ὅσα
380 2332 475 2398 γὰρ
499 2330 568 2383 ἃν
596 2330 734 2400 ετπη
762 2349 865 2394 τις,
899 2335 945 2384 εἰ
971 2333 1044 2402 μὴ
1092 2336 1170 2395 εἰς
1199 2333 1258 2385 τὸ
1293 2334 1572 2404 συμφέρον
1611 2333 1796 2387 τελευ-

228 2413 382 2482 τήσει,
405 2415 522 2484 εἰκῆ
553 2413 736 2482 λέγει.
775 2415 986 2486 Ὥσπερ
1017 2418 1106 2469 καὶ
1147 2418 1400 2489 Ἰωάννης
1427 2422 1590 2483 ποιεῖ,
1608 2415 1798 2486 Οὗτος

220 2495 373 2563 ὑμᾶς,
424 2499 630 2568 λέγων,
671 2498 964 2563 βαπτίσει
1001 2501 1071 2553 ἐν
1109 2503 1408 2570 Πνεύματι
1463 2503 1628 2572 ἁγίῳ.
1685 2504 1796 2556 Καὶ

211 2579 480 2644 δείκνυσιν,
510 2583 600 2635 ὃτι
631 2585 662 2635 6
685 2583 920 2653 σταυρὸς
952 2585 1012 2637 οὐ
1051 2585 1209 2655 μόνον
1236 2587 1399 2639 αὐτὸν
1424 2587 1525 2640 οὐκ
1555 2587 1802 2656 ἠλάττωο.

207 2680 304 2727 σεν,
342 2665 479 2719 ἀλλά
523 2667 627 2720 καὶ
671 2665 1052 2738 λαμπρότερον
1110 2670 1426 2738 εἰργάσατο,
1457 2671 1511 2723 εί
1535 2687 1598 2738 γε
1623 2671 1794 2724 πάλαι

203 2748 290 2815 μὲν
316 2749 700 2818 ἐπγγέλλετο
747 2753 776 2802 ὀ
811 2751 947 2813 Θεὸς
984 2753 1153 2821 αὐτῷ,
1189 2754 1314 2806 τότε
1364 2754 1422 2807 δέ
1459 2755 1680 2809 ἔδωκεν.
1719 2756 1791 2808 Ἢ

196 2830 548 2900 ἐπαγγελίαν,
574 2835 766 2902 φησὶν,
805 2834 872 2904 ἣν
895 2837 1029 2904 ἡμῖν
1055 2838 1436 2907 ἐπηγγείλατο.
1470 2838 1625 2892 Οὕτω
1665 2857 1792 2910 προ-

198 2914 301 2984 ῄδει
340 2918 652 2987 ἐσομένην,
689 2919 785 2970 καὶ
822 2919 1044 2988 μείζονα
1091 2923 1224 2990 ἡμῖν
1272 2923 1409 2990 μετὰ
1437 2921 1528 2974 τὸν
1556 2923 1791 2996 σταυρὸν

191 2999 499 3069 ἐχαρίσατο.
529 3002 670 3062 Καὶ,
706 3001 959 3070 Ἐξὲχεε,
995 3005 1179 3073 φησίν.
1210 3005 1471 3058 Ἐνταῦθα
1488 3007 1548 3058 τὸ
1572 3007 1789 3078 ἀξίωμα

190 3082 463 3150 ἐμφαίνει·
507 3083 614 3136 καὶ
648 3083 730 3136 ὅτι
765 3085 864 3154 οὐχ
907 3085 1111 3148 ἁπλῶς,
1166 3086 1302 3140 ἀλλά
1336 3089 1430 3140 καὶ
1459 3089 1595 3158 μετά
1630 3089 1788 3160 δαψι-

189 3163 344 3232 λείας.
372 3169 469 3221 Διὸ
523 3170 625 3222 καὶ
660 3170 796 3222 αὐτὸ
837 3170 994 3224 τοῦτο
1043 3171 1203 3241 δῆλον
1240 3175 1430 3234 ποιῶν,
1470 3175 1664 3244 ἐπάγει
1717 3176 1787 3230 τὰ

184 3249 318 3321 ἑξῆς.
349 3253 571 3307 Λοιπὸν
599 3255 710 3325 γάρ
730 3254 1076 3325 θαρρούντως
1103 3257 1240 3326 μετὰ
1273 3257 1370 3329 τὴν
1405 3258 1500 3313 τοῦ
1534 3260 1785 3330 Πνεῦμα-

182 3351 262 3398 τος
280 3337 453 3400 δόσιν,
483 3338 587 3390 καὶ
609 3341 743 3408 περὶ
767 3339 867 3408 τῆς
896 3341 976 3402 είς
1013 3342 1141 3404 τοὺς
1170 3343 1433 3414 οὐρανοὺς
1464 3344 1784 3416 ἀναλήψεως

181 3417 521 3488 διαλέγεταιο
553 3423 651 3474 καὶ
684 3422 784 3492 οὐχ
818 3421 1028 3487 ἁπλῶς,
1057 3424 1193 3478 ἀλλά
1211 3426 1373 3480 πάλιν
1404 3427 1496 3482 τὸν
1529 3428 1785 3500 μάρτυρα

178 3505 462 3573 παράγων,
478 3505 584 3558 καὶ
624 3506 836 3558 ἐκείνου
871 3508 1304 3578 ἀναμιμνήσκων
1346 3510 1475 3582 περὶ
1504 3506 1564 3566 οὐ
1593 3513 1622 3564 6
1644 3512 1782 3583 Χρι-

177 3588 294 3653 στὸς
335 3586 528 3644 εἶπεν.
573 3591 658 3646 οὐ
685 3588 798 3661 γὰρ
825 3591 1008 3647 Δαυῒδ
1046 3593 1251 3662 ἀνέϐη,
1295 3596 1480 3666 φησὶν,
1526 3599 1614 3662 εις
1641 3596 1782 3664 τοὺς

175 3673 471 3739 οὐρανούς
480 3712 497 3726 .

235 3762 308 3824 γ’.
344 3754 638 3810 Ἐνταῦθα
667 3757 769 3810 οὐκ
795 3756 877 3811 ἔτι
906 3757 1027 3828 μεθ’
1058 3760 1361 3832 ὑποστολῆς
1396 3771 1418 3801 ο
1452 3762 1776 3834 δημηγορεῖ,

172 3838 302 3908 ἔχων
327 3839 392 3893 τὸ
417 3840 546 3894 ἀπὸ
565 3841 676 3894 τῶν
692 3841 1000 3912 εἰρημένων
1019 3842 1240 3914 θάρσος,
1271 3843 1392 3897 οὐδέ
1426 3843 1591 3908 λέγει,
1629 3847 1779 3912 Ἐξὸν

172 3924 358 3988 εἰπεῖν,
381 3924 515 3978 οὐδὲ
537 3924 642 3977 ὃσα
660 3925 922 3978 τοιαῦταο
958 3925 1184 3993 λέγειδέ
1219 3929 1492 3998 φανερῶς,
1528 3927 1715 3985 Εἶπεν
1745 3936 1778 3988 ό

169 4009 376 4077 Κύριος
413 4007 509 4074 τῷ
551 4010 752 4077 Κυρίῳ
777 4027 927 4078 μου,
963 4010 1162 4066 Κάθου
1190 4013 1256 4066 ἐκ
1277 4012 1492 4077 δεξιῶν
1503 4033 1646 4084 μου,
1668 4015 1779 4082 ἕως

171 4089 241 4144 ἂν
279 4091 362 4145 θῶ
420 4091 582 4156 τοὺς
616 4092 871 4160 ἐχθρούς
917 4109 1034 4148 σου
1057 4095 1395 4149 ὑποπόδιον
1416 4095 1535 4150 τῶν
1573 4098 1778 4154 ποδῶν

169 4189 296 4228 σου.
321 4176 386 4229 Εἰ
409 4175 475 4229 δὲ
505 4174 604 4228 τοῦ
637 4174 804 4228 Δαυῖδ
837 4176 1064 4247 Κύριος,
1100 4177 1279 4248 πολλῷ
1329 4179 1529 4250 μᾶλλον
1571 4183 1774 4239 αὐτῶν.

168 4257 359 4312 Κάθου
388 4260 466 4313 ἐκ
516 4258 739 4322 δεξιῶν
787 4277 927 4329 μου.
981 4261 1055 4315 Τὸ
1095 4264 1202 4316 πᾶν
1239 4263 1472 4318 ἐνταῦθα
1508 4265 1772 4323 τέθεικεν.

169 4339 308 4405 Ἕως
344 4340 429 4395 ἂν
488 4341 578 4396 θῶ
627 4342 772 4408 τοὺς
825 4344 1079 4412 ἐχθρούς
1121 4361 1240 4400 σου
1274 4347 1609 4402 ὑποπόδιον
1657 4350 1773 4404 τῶν

166 4423 362 4476 ποδῶν
400 4441 558 4479 σου.
600 4425 870 4479 Ἐνταῦθα
924 4429 1016 4480 καὶ
1060 4429 1225 4498 φόϐον
1260 4431 1528 4502 ἐπέστησε
1575 4433 1771 4503 μέγαν,

168 4509 424 4589 καθάπερ,
457 4509 525 4560 ἐν
551 4511 620 4579 τῇ
655 4510 795 4581 ἀρχῇ
825 4511 1043 4576 ἔδειξεν,
1089 4508 1178 4566 οἷα
1222 4517 1350 4578 τοὺς
1381 4517 1568 4584 φίλους
1609 4519 1774 4589 ἐργά-

165 4589 329 4654 ζεται,
363 4587 461 4645 οἷα
491 4593 626 4655 τοὺς
652 4594 900 4662 ἐχθρούς.
930 4597 1037 4649 Καὶ
1069 4597 1231 4651 πάλιν
1256 4600 1354 4670 τὴν
1379 4587 1665 4672 κράτησιν,
1684 4603 1773 4657 ἵνα

170 4673 239 4742 μὴ
270 4676 611 4745 ἀπιστῆται,
626 4676 704 4747 τῷ
722 4678 898 4750 ιιατρὶ
919 4679 1254 4752 ἀνατίθησιν.
1274 4684 1426 4737 Ἐπεὶ
1447 4681 1541 4739 οῦν
1559 4686 1769 4756 μεγάλα

166 4757 496 4827 ἐφθέγξατο,
536 4759 703 4839 πάλιν
729 4761 823 4813 ἐπὶ
845 4762 912 4816 τὰ
936 4766 1170 4820 ταπεινά
1194 4767 1287 4820 τὸν
1311 4767 1468 4836 λόγον
1511 4771 1764 4839 κατάγει.

176 4839 487 4908 Ἀσςκαῶς
504 4838 624 4895 οὖν
642 4844 998 4912 γινωσκέτω,
1017 4848 1171 4918 φησι,
1187 4848 1306 4916 πᾶς
1319 4847 1483 4917 οἶκος
1507 4838 1766 4921 Ἰσραήλο

163 4925 428 4991 τουτέστι,
465 4925 565 4996 Μὴ
584 4926 1003 4998 ἀμφισϐητεῖτε,
1045 4932 1180 5002 μηδέ
1219 4935 1610 5003 ἀμφιϐάλλετε.
1633 4936 1767 4992 Εἶτα

163 5007 249 5058 καὶ
279 5009 671 5072 ἐπιτακτικῶς
693 5009 899 5063 λοιπόνο
924 5011 1045 5065 ’Ὁτι
1074 5015 1172 5067 καί
1199 5018 1422 5086 Κύριον
1449 5021 1639 5073 αὑτὸν
1664 5023 1764 5075 καὶ

164 5090 419 5156 Χριστὸν
443 5097 480 5145 ό
521 5091 669 5158 Θεὸς
697 5093 969 5161 ἐποίησε.
999 5098 1171 5151 Τοῦτο
1200 5100 1308 5152 ἀπὸ
1341 5101 1434 5155 τοῦ
1465 5103 1629 5156 Δαυῒδ
1672 5107 1766 5159 καὶ

165 5173 262 5256 ἀπὸ
306 5175 407 5227 τοῦ
464 5175 706 5256 Ψαλμοῦ
753 5178 1149 5248 ἐμνημόνευσε.
1205 5184 1334 5237 Δέον
1403 5185 1510 5256 γὰρ
1567 5190 1762 5252 εἰπεῖν,

173 5255 460 5326 ’ἀσφαλῶς
494 5255 593 5312 οὖν
624 5263 942 5328 γινωσκέτω
981 5267 1090 5328 πᾶς
1124 5263 1271 5332 οἶκος
1313 5255 1547 5342 Ἰσραηλ,
1586 5274 1669 5326 ὅτι
1699 5277 1762 5329 ἐκ

163 5335 340 5428 δεξιῶν
384 5342 656 5428 κάθηται,
692 5345 831 5415 ὅπερ
856 5342 925 5416 ἦν
953 5349 1116 5417 μέγα,
1149 5351 1307 5405 τοῦτο
1349 5335 1527 5421 ἀφεὶς,
1574 5356 1762 5428 ἕτερον

165 5422 348 5491 ἐπάγει
381 5427 450 5478 τὸ
479 5427 620 5478 πολὺ
647 5429 1028 5500 ταπεινότερον
1057 5432 1249 5500 εἰπὼν,
1275 5436 1572 5504 Ἐποίησε,
1604 5422 1759 5494 τοῦτ·

165 5506 267 5560 ἐστι
295 5551 310 5571 ,
373 5511 762 5582 Κατέστησεν.
834 5514 1000 5569 Ὥστε
1061 5519 1214 5571 οὐδὲν
1263 5521 1392 5594 περὶ
1450 5523 1759 5590 οὐσιώσεως

169 5592 415 5657 ἐνταῦθα,
474 5595 614 5650 ἀλλά
649 5600 760 5651 πᾶν
799 5616 934 5668 φησι
982 5603 1112 5672 περὶ
1144 5592 1356 5661 τούτου.
1410 5605 1630 5660 Τοῦτον
1653 5611 1758 5661 τὸν

181 5673 428 5744 Ἰησοῦν,
464 5679 539 5731 ὃν
587 5682 761 5751 ὑμεῖς
792 5683 1234 5753 ἐσταυρώσατε.
1287 5688 1484 5754 Καλῶς
1522 5692 1756 5747 ἐνταῦθα

223 5827 247 5854 ⁸
290 5829 670 5902 Ηφε-,Ῐιναμή
713 5834 886 5902 αιᾷτους
927 5837 1142 5902 βαρήσῃ,
1173 5838 1352 5888 desunt
1388 5842 1434 5890 in
1469 5839 1755 5902 quibusdam

176 5895 216 5933 Β
238 5903 259 5936 S
280 5953 302 5966 ⁸
389 5896 536 5940 Alius
575 5895 697 5950 ἐστι,
725 5897 781 5942 τὸ
805 5897 870 5952 εἰς
901 5891 1041 5947 αὐτὸν
1061 5891 1199 5962 ἠκον,
1233 5905 1380 5954 male.
1451 5891 1633 5954 e'ldem
1656 5891 1755 5966 μεθί

179 5953 388 6011 περϐοὶπῖ
397 5973 437 6013 ς,
465 5969 743 6018 perperam.

1931 400 2108 472 ἔληξε,
2161 404 2414 457 διασείων
2461 404 2642 458 αὐτῶν
2688 407 2787 474 τὴν
2829 397 3089 462 διάνοιαθ.
3135 407 3354 480 Ἐπειδὴ
3408 413 3518 481 γάρ

1929 485 2128 550 ἔδειξεν
2168 488 2353 558 ἡλίκον
2394 489 2532 549 ἐστὶ,
2578 490 2696 542 τότε
2740 491 2960 553 λοιπὸν,
3009 492 3102 544 καὶ
3155 492 3216 546 τὸ
3261 494 3515 564 τόλμημα

1927 569 2264 639 ἐγύμνωσεν,
2292 573 2430 626 ὥστε
2467 573 2648 643 μεῖζον
2672 574 2841 638 δεῖξαι
2893 576 2986 628 καὶ
3027 575 3101 645 τῷ
3140 576 3289 647 φόϐῳ
3319 577 3514 644 αὐτοὺς

1925 654 2087 708 ἐλείν.
2144 658 2218 709 Οὐ
2267 657 2373 729 γάρ
2405 658 2578 718 οὕτως
2610 660 2660 711 οἱ
2690 658 2966 727 ἄνθρωποι
3005 662 3123 722 ταῖς
3171 661 3513 732 εὐεργεσίαις

1923 739 2245 807 ἐπάγονται,
2295 741 2370 804 ὡς
2409 742 2485 812 τῷ
2521 743 2670 813 φόϐῳ
2716 743 3162 814 σωφρονίζονται.
3195 749 3256 798 Οἱ
3291 747 3347 798 δὲ
3391 746 3514 799 θαυο

1924 824 2120 891 μαστοὶ
2154 825 2247 876 καὶ
2279 825 2503 894 μεγάλοι
2540 827 2633 878 καὶ
2665 827 2784 897 Θεῷ
2818 827 2961 894 φίλοι
2987 869 3000 886 ,
3057 829 3271 892 οὐδενὸς
3305 828 3511 882 τούτων

1918 905 2156 960 δέονται·
2205 902 2313 971 οἷος
2349 910 2376 961 ὁ
2426 908 2636 972 Παῦλος
2669 905 2756 980 ἦν.
2791 911 2865 962 Οὐ
2922 912 3030 982 γάρ
3092 911 3392 982 βασιλείας,
3445 913 3506 966 οὐ

1917 989 2140 1060 γεέννης
2169 989 2328 1059 λόγον
2361 992 2616 1046 ἐποιεῖτο.

1990 1070 2106 1143 [52]
2127 1073 2297 1128 Τοῦτό
2315 1077 2431 1128 ἐστι
2445 1076 2618 1144 φιλεῖν
2634 1075 2726 1129 τὸν
2745 1077 3001 1148 Χριστὸν,
3019 1077 3178 1130 τοῦτο
3198 1077 3273 1150 μὴ
3296 1079 3502 1149 μισθω-

1914 1155 2004 1209 τὸν
2035 1153 2195 1221 εἶναι,
2222 1158 2359 1229 μηδέ
2385 1161 2772 1230 πραγματείαν
2791 1162 2885 1214 καὶ
2902 1161 3208 1230 καπηλείαν
3231 1163 3502 1232 ἡγεῖσθαι,

1911 1238 2029 1293 ἀλλ’
2074 1241 2242 1304 ὅντως
2281 1243 2534 1314 ἐνάρετον
2575 1239 2734 1309 εἷναι,
2773 1245 2866 1297 καλ⁹
2892 1244 2981 1297 διὰ
3009 1245 3072 1298 τὸ
3105 1244 3180 1314 τῷ
3201 1244 3319 1315 Θεῷ
3350 1246 3503 1314 φίλον

1913 1325 2092 1378 πάντα
2119 1329 2312 1378 ποιεῖν.
2346 1328 2534 1380 Πόσων
2569 1322 2662 1381 οῦν
2691 1327 2944 1398 δακρύων
2971 1328 3132 1392 ἄξιοι,
3166 1331 3294 1382 ὅταν
3315 1330 3503 1382 τοσοῦη

1909 1425 2002 1460 τον
2049 1411 2354 1477 ὀφείλοντες
2403 1411 2620 1482 μέτρον,
2659 1413 2796 1482 μηδέ
2840 1413 2914 1476 ὡς
2960 1412 3194 1482 κάπηλοι
3227 1413 3500 1484 μετίωμεν

1908 1493 2009 1561 τὴν
2038 1493 2318 1561 βασιλείαν
2334 1494 2442 1546 τῶν
2473 1495 2718 1565 οὐρανῶν
2741 1513 2755 1562 ;
2780 1496 3029 1549 Τοσαῦτα
3055 1498 3188 1566 ἡμῖν
3221 1499 3499 1567 ὐπισχνεῖ-

1906 1593 2020 1640 ται,
2047 1578 2142 1630 καὶ
2175 1577 2298 1630 οὐδὲ
2329 1577 2503 1642 οὕτως
2530 1579 2802 1650 ἀκούομεν
2823 1599 2836 1646 ;
2857 1582 2922 1635 Τί
2951 1581 3153 1649 ταύτης
3183 1582 3279 1650 τῆς
3297 1580 3496 1652 ἔχθρας
3553 1639 3564 1653 _

1908 1661 2023 1716 ἴσον
2042 1663 2254 1730 γένοιτο
2280 1662 2378 1728 iv;
2413 1663 2606 1717 Καίτοι
2650 1681 2715 1732 γε
2760 1665 2808 1717 οί
2847 1667 2976 1737 περὶ
3013 1669 3268 1739 χρήματα
3311 1667 3497 1735 μαινό-

1908 1762 2083 1815 μενοι,
2119 1747 2222 1798 κᾶν
2250 1747 2499 1817 ἐχθροὺς,
2534 1749 2635 1801 κᾶν
2665 1748 2905 1811 δούλους,
2929 1749 3034 1802 κᾶν
3059 1749 3496 1819 πολεμιωτάτους

1906 1826 2133 1898 εὕρωσι,
2165 1829 2266 1882 κᾶν
2299 1831 2477 1884 πάντα
2511 1833 2736 1896 κακοὺς,
2767 1833 2927 1903 μόνον
2944 1833 3000 1886 δέ
3026 1834 3498 1904 προσδοκήσωσιν,

1902 1911 1985 1964 ὃτι
2048 1915 2308 1983 χρήματα
2347 1915 2414 1967 δι’
2447 1915 2627 1968 αὐτῶν
2669 1917 2991 1987 δυνήσονται
3041 1917 3224 1970 λαϐεῖν
3249 1959 3262 1977 ,
3317 1916 3492 1970 πάντα

1900 1995 2138 2057 ποιοῦσι,
2176 1998 2270 2050 καὶ
2303 1999 2682 2065 κολακεύουσι,
2719 2003 2813 2054 καὶ
2835 2000 3223 2072 θεραπεύουσι,
3261 2002 3352 2054 καὶ
3380 2001 3493 2052 δι’ιῦ-

1899 2075 1981 2130 λοι
2007 2079 2263 2145 γίνονται,
2296 2082 2390 2134 καὶ
2440 2083 2660 2136 πάντων
2696 2082 3000 2154 ἡγοῦνται(1
3035 2085 3231 2146 αὐτοὺς
3295 2101 3489 2152 σεμνο-

1897 2161 2088 2231 τέρους
2122 2158 2281 2223 εἶναι,
2315 2164 2399 2216 ἵνα
2428 2182 2481 2217 τι
2513 2166 2719 2219 λάϐωσι
2740 2169 2873 2237 παρ’
2900 2167 3081 2220 αὐτῶν
3108 2185 3121 2199 ’
3173 2169 3206 2238 ἡ
3235 2167 3344 2238 γὰρ
3378 2166 3488 2220 τῶν

1896 2245 2196 2314 χρημάτων
2227 2246 2381 2312 ἐλπὶς
2412 2249 2562 2302 οὐδὲν
2590 2249 2797 2303 τούτων
2825 2251 3022 2315 αὐτοὺς
3051 2251 3274 2320 ἀφίησιν
3305 2252 3489 2319 ἐννοῆο

1897 2345 2010 2382 σαι.
2051 2328 2304 2382 Βασιλεία
2348 2330 2406 2383 δὲ
2457 2333 2557 2384 οὐκ
2590 2332 2809 2404 ίσχυσεν
2837 2335 2937 2387 ὅσα
2961 2335 3246 2406 χρήματα,
3280 2333 3485 2404 μᾶλλον

1891 2411 1949 2464 δέ
1999 2411 2119 2465 οὐδὲ
2173 2411 2234 2464 τὸ
2279 2414 2591 2470 πολλοστόν·
2637 2416 2813 2470 καίτοι
2852 2417 2974 2470 οὐδέ
3003 2419 3236 2487 ὀτυχὼν
3282 2419 3431 2470 ἐστιν
3457 2417 3486 2469 6

1892 2495 2364 2567 ἐπαγγελλόμενος
2410 2498 2602 2568 αὐτὴν,
2633 2499 2748 2552 ἀλλ’
2783 2503 2810 2554 ὁ
2860 2501 3208 2572 ἀσυγκρίτως
3249 2501 3343 2552 καὶ
3383 2503 3485 2567 τῆς

1893 2578 2172 2649 βασιλείας
2222 2581 2393 2649 αὐτῆς
2431 2582 2662 2652 μείζων.
2702 2585 2871 2637 ὐταν
2897 2583 2951 2638 δέ
2986 2588 3081 2638 καὶ
3113 2586 3172 2636 τὸ
3209 2583 3482 2653 ἐπαγγελ-

1889 2663 2115 2734 λόμενον
2166 2663 2437 2733 βασιλεία,
2489 2667 2584 2719 καὶ
2621 2667 2754 2731 Θεὸς
2797 2670 2826 2722 6
2871 2667 3077 2737 ταύτην
3103 2669 3312 2732 διδοὺς,
3339 2669 3485 2739 μέγα

1889 2747 1984 2800 καὶ
2009 2747 2143 2800 αὐτό
2175 2748 2236 2800 τὸ
2259 2750 2412 2820 παρά
2443 2749 2684 2804 τοιούτου
2709 2751 3026 2821 λαμϐάνειν.
3050 2752 3164 2806 Νῦν
3197 2752 3253 2806 δὲ
3284 2753 3483 2805 ταύτὸν

1888 2829 2119 2899 γίνεται,
2151 2831 2338 2903 ὥσπερ
2371 2832 2436 2885 ἂν
2470 2834 2518 2885 εί
2552 2832 2802 2903 βασιλεὺς
2845 2836 2944 2905 μὲν
2979 2835 3352 2908 κληρονόμους
3379 2837 3481 2889 αὐ-

1884 2913 1981 2967 τοῦ
2009 2915 2107 2967 καὶ
2137 2913 2616 2985 συγκληρονόμους
2647 2916 2726 2988 τῷ
2749 2917 2849 2989 υἱῷ
2891 2918 3215 2989 βουλόμενος
3253 2919 3480 2988 ποιῆσαι

1887 2997 2028 3066 μετά
2058 2998 2258 3069 μυρίας
2306 3001 2397 3052 καὶ
2437 2999 2633 3071 ἐτέρας
2670 3002 3020 3071 εὐεργεσίας,
3060 3003 3475 3072 καταφρονοῖτο·

1883 3080 2190 3154 λῄσταρχος
2230 3081 2287 3136 δὲ
2336 3084 2508 3155 μυρία
2542 3086 2638 3138 καὶ⁸
2689 3086 2837 3157 ⁴ἡμᾶς
2868 3087 2960 3140 καὶ
2991 3089 3117 3150 τούς
3149 3090 3326 3155 γονεῖς
3351 3087 3477 3150 τοὺς

1883 3165 2186 3236 ἡμετέρους
2202 3165 2428 3231 διαθεὶς,
2444 3167 2539 3220 καὶ
2563 3168 2772 3238 μυρίων
2793 3169 2981 3240 γέμων
3004 3171 3212 3234 κακῶν,
3227 3171 3322 3224 καὶ
3345 3188 3474 3224 κατ-

1881 3247 2144 3318 αισχύνας
2188 3248 2349 3320 ἡμῶν
2405 3250 2501 3302 καὶ¹
2531 3251 2630 3321 τὴν
2667 3251 2824 3317 δόξαν
2867 3255 2962 3306 καὶ
2997 3255 3100 3325 τὴν
3150 3254 3427 3324 σωτηρίαν
3454 3294 3469 3319 ,

1883 3329 1982 3384 ἕνα
2013 3332 2173 3401 μόνον
2203 3332 2388 3388 ὀϐολὸν
2417 3333 2601 3400 δείξας
2632 3339 2993 3408 προσκυνοῖτο
3016 3339 3340 3411 παρ’ἡμῶν.
3370 3338 3472 3392 Βα-

1883 3413 2091 3468 σιλείαν
2152 3416 2554 3485 ἐπαγγέλλεται
2612 3421 2641 3472 6
2689 3419 2842 3483 Θεὸς,
2881 3422 2978 3473 καὶ
3013 3423 3471 3492 καταφρονεῖταιο

1880 3498 2108 3565 γέενναν
2164 3500 2420 3571 προξενεῖ
2473 3503 2500 3554 6
2536 3499 2800 3568 διάϐολος,
2860 3503 2956 3557 καὶ
3016 3505 3262 3574 τιμᾶται.
3301 3497 3472 3568 Οὗτος

1879 3581 2030 3648 Θεὸς,
2064 3584 2270 3647 ἐκεῖνος
2302 3584 2575 3650 διάϐολος.
2613 3586 2753 3639 Ἀλλ’
2795 3587 2993 3659 ἴδωμεν
3021 3588 3128 3642 τῶν
3162 3589 3473 3658 ἐπιταγμά-

1876 3682 1985 3743 των
2010 3664 2072 3718 τὸ
2109 3665 2386 3736 διάφορον.
2441 3669 2504 3722 Et
2551 3668 2660 3740 γὰρ
2719 3671 2887 3740 μηδὲν
2941 3671 3148 3726 τούτων
3195 3667 3284 3743 ἦν,
3334 3671 3471 3742 μηδὲ

1879 3742 2035 3810 οὗτος
2068 3748 2166 3818 μὲν
2192 3749 2345 3812 Θεὸς,
2379 3752 2586 3816 ἐκεῖνος
2613 3753 2672 3806 δὲ
2702 3754 2947 3818 διάϐολος
2968 3773 2982 3786 ο
3018 3756 3155 3827 μηδὲ
3175 3742 3332 3819 οὗτος
3368 3754 3470 3826 μέν

1877 3831 2178 3902 βασιλείαν,
2233 3835 2440 3898 ἐκεῖνος
2469 3835 2527 3890 δὲ
2572 3837 2798 3906 γέενναν
2833 3838 3148 3910 πρϐἐξένει⁹
3179 3840 3318 3908 αὐτὴ
3358 3837 3485 3892 τῶν.-

1875 3915 2264 3985 ἐπιταγμάτων
2289 3919 2322 3987 ἡ
2369 3917 2530 3988 φύσις
2559 3920 2658 3991 οὐχ
2687 3921 2843 3994 ἱκανὴ
2871 3925 3055 3975 πεῖσαι
3089 3923 3264 3994 τούτῳ
3294 3939 3465 3990 προσ·
3534 3953 3538 3959 -

1875 3997 2100 4064 θέσθαι;
2148 4000 2214 4052 Τί
2243 4000 2328 4053 δαὶ
2372 4004 2465 4055 καὶ
2494 4003 2752 4076 ἑκάτερος
2782 4006 3096 4072 ἐπιτάττεις
3139 4009 3375 4070 Ἐκεῖνος
3396 4007 3468 4060 τά

1875 4081 2330 4153 καταισχύνοντα,
2353 4079 2508 4148 οὗτος
2536 4087 2605 4140 τά
2653 4088 2900 4154 ἐνδόξους
2931 4089 3189 4144 ποιοῦντα
3208 4106 3221 4119 ο
3256 4091 3467 4152 ἐκεῖνος

1871 4166 1940 4220 τά
1983 4166 2207 4245 μυρίαις
2260 4169 2655 4239 περιϐάλλοντα
2687 4176 2998 4245 συμφοραῖς
3037 4174 3131 4227 καὶ
3155 4174 3465 4245 ἀσχημοσύ-

1871 4267 2013 4314 ναις,
2041 4242 2195 4313 οὗτος
2236 4251 2300 4304 τὰ
2338 4251 2539 4324 πολλὴν
2571 4254 2669 4325 τὴν
2694 4242 2889 4310 ἄνεσιν
2909 4256 3122 4326 ἔχοντα.
3149 4242 3293 4329 Ὅρα
3330 4260 3460 4328 γάρ’

1872 4326 2040 4395 Οὗτος
2065 4332 2236 4402 λέγει,
2261 4334 2488 4389 Μὰθετε
2527 4336 2627 4389 ἀπ’
2659 4337 2826 4406 ἐμοῦ,
2860 4339 2949 4392 ὅτι
2979 4339 3170 4408 πρᾶός
3211 4326 3466 4410 εὶμινκιιὶν

1870 4417 2148 4483 ταπεινὸς
2178 4416 2252 4485 τῇ
2275 4419 2506 4487 καρδίᾳ,
2529 4420 2626 4474 καί
2651 4422 2942 4491 εὑρήσετε
2958 4423 3309 4479 ἀνάπαυσιν
3331 4423 3464 4489 ταῖς

1867 4501 2098 4570 ψυχαῖς
2151 4501 2348 4571 ὑμῶν’
2402 4503 2611 4568 ἐκεῖνός
2676 4523 2878 4576 φησιν,
2942 4509 3169 4578 Ἀγριος
3215 4507 3307 4560 ἐσο
3360 4508 3457 4560 καὶ

1867 4585 2164 4658 ἀνήμερος,
2199 4585 2293 4639 καὶ
2339 4587 2636 4658 ἀκράχολος
2684 4590 2781 4663 καῖ
2817 4591 3032 4661 ὀργίλος
3057 4633 3071 4653 ,
3130 4592 3226 4644 καὶ
3266 4592 3468 4660 θηρίον-

1871 4669 2146 4739 μᾶλλον,ἢ
2173 4668 2478 4740 ἄνθρωπος.
2512 4673 2742 4743 Ἴδωμεν
2774 4670 2890 4739 οὖν,
2913 4676 2968 4727 τί
3011 4671 3449 4743 χρησιμώτερον,

1865 4754 1919 4805 τί
1945 4753 2036 4806 δαὶ
2081 4753 2525 4826 ὠφελιμώτερον.
2571 4757 2730 4810 ’Λλλά
2773 4759 2849 4828 μὴ
2894 4758 3053 4810 τοῦτο
3095 4761 3288 4826 μόνον,
3335 4757 3453 4810 ἀλλ’

1865 4838 2136 4910 ἐννόησον,
2165 4839 2249 4892 ὅτι
2286 4839 2315 4892 6
2353 4841 2452 4911 μὲν
2494 4841 2741 4904 διάϐολός
2770 4845 2921 4905 ἐστιῖ
2957 4842 3192 4911 μάλιστα
3224 4842 3333 4912 γάρ
3385 4841 3452 4894 ἀν

1863 4925 2041 4977 ἐκεῖνο
2081 4923 2292 4995 δειχθῇ,
2321 4926 2484 4980 πάλιν
2515 4926 2585 4980 τά
2605 4927 2899 4998 νικητήρια
2918 4927 3072 4980 ἐσται
3103 4925 3346 4996 μείζονα.
3373 4927 3448 4979 Οὐ

1862 5004 1972 5077 γάρ
2023 5009 2052 5060 6
2100 5007 2298 5062 εὐκολα
2355 5010 2660 5064 ἐπιτάττων
2698 5004 2852 5074 οὗτος
2918 5009 3192 5081 κηδεμὼν,
3249 5009 3364 5064 ἀλλ’
3421 5013 3451 5062 6

1864 5092 2230 5163 συμφέροντα.
2257 5093 2411 5147 Ἐπεὶ
2442 5096 2536 5148 καὶ
2553 5095 2792 5167 πατέρες
2811 5097 3047 5167 φορτικά
3071 5097 3444 5160 ἐπιτάττουσι,

1861 5176 1954 5227 καὶ
1982 5175 2240 5229 δεσπόται
2279 5178 2442 5229 πάλιν
2477 5180 2679 5249 ὁμοίως
2720 5181 2928 5244 δούλοις
2948 5199 2962 5212 ο
2990 5182 3126 5237 ἀλλά
3149 5181 3238 5235 διὰ
3289 5182 3449 5234 τοῦτο

1859 5260 1909 5312 οἱ
1957 5261 2057 5329 μέν
2097 5261 2204 5312 εἰσι
2265 5262 2534 5333 πατέρες,
2577 5265 2626 5316 οί
2677 5264 2734 5318 δέ
2785 5266 3072 5320 δεσπόται·
3129 5269 3327 5320 ἐκεῖνοι
3390 5267 3444 5318 δὲ

1858 5342 2280 5411 ἀνδραποδισταὶ
2300 5345 2395 5396 καὶ
2415 5345 2692 5415 λυμεῶνες
2716 5360 2738 5387 ο
2766 5350 2861 5403 καὶ
2889 5350 3071 5404 πάντα
3101 5350 3170 5402 τά
3200 5350 3441 5402 ἐναντία.

1931 5426 2077 5496 Πλὴν
2115 5427 2196 5479 ὅτι
2231 5427 2326 5482 καὶ
2359 5428 2554 5499 ἡδονὴν
2593 5429 2728 5501 ἔχει,
2758 5433 2916 5504 δῆλον
2946 5435 3174 5487 ἐκεῖθεν.
3214 5433 3303 5484 Ἐν
3331 5432 3439 5483 τίσι

1855 5508 1967 5579 γὰρ
2015 5509 2259 5578 νομίζεις
2313 5507 2454 5566 εἶναι
2508 5513 2598 5566 τὸν
2655 5516 2972 5585 ἀκρόχολον,
3007 5519 3064 5569 ἐν
3099 5515 3210 5568 τίσι
3248 5513 3306 5566 δὲ
3349 5514 3442 5566 τὸν

1854 5592 2178 5656 ἀνεξίκακον
2238 5597 2332 5648 καὶ
2385 5601 2589 5668 πρᾶον,
2637 5601 2757 5670 οὐχὶ
2803 5601 2992 5653 τούτου
3035 5600 3131 5668 μὲν
3197 5599 3229 5668 ή
3288 5599 3436 5668 ψυχὴ

1853 5675 2060 5748 ἐρημία
2097 5680 2202 5731 τινὶ
2254 5680 2454 5752 πολλὴν
2508 5683 2710 5755 ἐχούσῃ
2748 5684 2846 5754 τὴν
2885 5684 3114 5754 ἡσυχίαν
3155 5682 3366 5735 ἔοικεν’
3402 5685 3436 5750 ἡ

1851 5759 2062 5813 ἐκείνου
2099 5762 2156 5814 δὲ
2197 5764 2374 5836 ἀγορᾷ
2396 5766 2488 5818 καὶ
2523 5766 2756 5837 θορύϐῳ,
2787 5768 2912 5822 ἔνθα
2941 5765 3110 5837 πολλὴ
3149 5769 3182 5835 ἡ
3216 5764 3434 5837 κραυγὴ

1912 5903 1939 5942 ἀ
1965 5908 2063 5955 Alii
2085 5910 2360 5968 ἡγήσονται.
2436 5923 2456 5947 e
2495 5911 2698 5968 Quidam
2734 5925 2851 5959 mss.
2886 5911 3274 5971 ἀνδραποδίσται,
3299 5913 3342 5956 οἱ
3381 5909 3435 5958 δέ

1852 5967 2103 6029 λυμεῶνες.
2132 5967 2280 6022 ειη-ιι.
2307 5976 2350 6020 οἱ
2371 5973 2420 6022 δὲ
2435 5967 2534 6020 ama)
2563 5974 2642 6021 καὶ
2675 5974 2718 6021 λ.
2746 5974 2884 6022 πάλιν
2916 5967 3062 6022 ταὲν.
