4022 6364
560 279 621 336 6|
1267 283 1325 336 S.
1361 280 1646 338 JOANNIS
1684 280 2165 340 CIIRYSOSTOMI
2204 277 2526 338 ARCHIEP.
2567 279 3115 340 CONSTANTINOP.
3702 293 3761 346 62

556 394 668 449 τῶν
727 395 1037 452 ἀκολούθων
1102 399 1196 452 καὶ
1245 399 1534 470 καμήλοις.
1606 401 1701 454 καὶ
1751 401 2014 471 ἡμιόνοις.
2040 403 2133 456 καὶ

557 479 722 545 δνοις,
753 481 966 552 μεγάλα
992 485 1103 545 τοῖς
1137 485 1455 554 προσιοῦσιν
1488 484 1834 555 ἐμϐοῶντων,
1878 485 2018 538 ὥστε
2060 485 2134 557 μὴ

560 563 1048 634 καταπατηθῆναι;
1082 565 1193 637 [55]
1228 566 1326 637 οὐχ
1373 569 1407 638 ἡ
1444 569 1544 638 μὲν
1577 567 1670 621 τοῦ
1715 568 1957 622 τοιούτου
2013 571 2135 631 ταῖς

559 650 756 718 μέσαις
788 650 952 704 πάλιν
995 651 1105 703 τῶν
1153 653 1357 705 πόλεων
1403 653 1617 707 ἐοικυῖά
1661 655 1842 717 ἐστιν,
1871 653 2000 707 ἔνθα
2038 655 2135 706 νῦν

559 733 658 802 μὲν
711 734 960 789 ἐντεῦθεν
1027 737 1449 806 ἀργυροκόπων,
1515 737 1611 792 νῦν
1678 737 1738 790 δὲ
1779 738 1988 792 ἐκεῖθεν
2025 737 2135 790 τῶν

556 817 912 887 χαλκοτύπων
945 821 974 873 ό
1003 816 1135 890 ἦχος
1165 821 1331 886 πολὺς
1384 823 1596 891 γίνεται
1616 863 1630 885 ,
1677 822 1774 876 καὶ
1818 823 1865 876 οί
1904 822 2002 892 μὲν
2032 822 2134 874 ἐπ·-

554 901 902 970 ηρεάζουσιν,
927 905 973 956 οἰ
1007 903 1061 955 δὲ
1082 905 1510 976 ἐπηρεάζονται;
1540 906 1677 958 Ἀλλ’
1701 906 1734 975 ἡ
1755 905 1947 959 τούτου
1971 922 2134 977 κορυ-

555 987 629 1054 φῇ
666 1002 769 1036 τινι
808 984 981 1052 ἔοικεν
1011 986 1195 1056 ὅρους.
1239 987 1443 1055 λεπτὴν
1476 989 1574 1059 μὲν
1609 988 1784 1058 ἔχοντι
1815 989 1914 1060 τὴν
1937 986 2130 1059 αὕραν,

555 1067 801 1138 καθαρὰν
842 1067 896 1120 δὲ
923 1068 1020 1140 τὴν
1054 1071 1247 1123 ἀκτῖνα
1270 1071 1544 1142 δεχομένῳ
1563 1111 1578 1134 ,
1629 1072 1797 1142 διειδῆ
1822 1073 1889 1125 τά
1920 1071 2136 1141 νάματα

555 1151 840 1221 προχέοντι
877 1152 985 1204 τῶν
1024 1153 1238 1221 πηγῶν,
1268 1155 1362 1207 καὶ
1393 1152 1594 1217 πολλὰς
1633 1154 1741 1208 τῶν
1765 1153 1971 1207 ἀνθέων
1999 1170 2132 1224 προ-

552 1232 867 1306 ϐαλλομένῳ
906 1235 1005 1299 τάς
1049 1238 1296 1309 χάριτας,
1323 1237 1430 1291 τῶν
1451 1237 1680 1310 ἐαρινῶν
1704 1238 1904 1308 ὁμοίως
1935 1238 2135 1309 λειμὼ-

552 1333 659 1371 νων
696 1334 757 1370 τε
803 1318 898 1371 καὶ
934 1320 1300 1390 παραδείσων,
1342 1323 1435 1374 καὶ
1476 1323 1662 1388 φυτοῖς
1690 1322 1786 1374 καὶ
1825 1321 2012 1375 ἄνθεσι
2043 1338 2135 1375 κο-

555 1399 782 1470 μώντων
820 1406 914 1454 καὶ
942 1402 1304 1474 καταρρύτοις
1323 1408 1340 1426 ⁶
1373 1403 1562 1457 ὕδασιν
1583 1420 1595 1432 ·
1627 1405 1680 1458 εί
1703 1421 1788 1468 τις
1813 1404 1869 1457 δὲ
1909 1405 2005 1458 καὶ
2027 1404 2133 1474 ἡχη

550 1484 784 1551 γένοιτο,
802 1484 1001 1556 λιγυρὰ
1020 1487 1114 1538 καί⁸
1134 1485 1336 1557 πολλὴν
1351 1487 1695 1557 καταχέουσα
1723 1500 1748 1527 ι
1779 1486 1888 1540 τῶν
1907 1487 2130 1541 ἀκουόν-

550 1584 660 1621 των
698 1567 797 1639 τὴν
835 1569 1046 1639 ἡδονήν.
1084 1571 1153 1622 Ἢ
1191 1570 1300 1641 7&9
1338 1570 1550 1641 ὄρνιθες
1575 1571 1762 1643 ᾠδικοὶ
1801 1573 1988 1642 ἄκροις
2022 1570 2132 1624 τῶν

550 1648 782 1723 δένδρων
825 1651 1136 1719 ἐφιζάνουσι
1163 1655 1276 1716 τοῖς
1304 1653 1580 1718 πετάλοις,
1616 1655 1712 1708 καὶ
1739 1654 2004 1724 τέττιγες,
2040 1657 2133 1708 καὶ

550 1735 800 1802 ἀηδόνες,
829 1737 923 1790 καὶ
963 1736 1248 1807 χελιδόνες,
1277 1739 1583 1809 συμφώνως
1620 1739 1749 1810 μίαν
1787 1739 1908 1793 τινά
1938 1741 2133 1793 ἀποτε-

550 1817 702 1871 λοῦσι
745 1821 1011 1890 μουσικήν
1030 1837 1044 1852 ο
1073 1819 1105 1891 ἢ
1131 1821 1366 1892 ζέφυρος
1397 1821 1581 1894 ἡρέμα
1611 1821 1722 1874 τῶν
1756 1822 2002 1876 πετάλων
2021 1824 2132 1885 τοῖς

549 1900 786 1974 δένδροις
820 1903 1194 1974 προσπίπτων,
1220 1904 1378 1968 πίτυς
1405 1906 1499 1958 καὶ
1533 1904 1742 1969 πεύκας
1785 1905 2128 1976 συριζούσας,

550 1985 646 2037 καὶ
679 1983 913 2048 κύκνους
942 1985 1204 2049 πολλάκις
1234 1992 1483 2058 μιμεῖται
1503 2004 1518 2019 ο
1544 1988 1577 2059 ἢ
1615 1987 1821 2059 λειμὼν
1849 1989 1977 2060 ῥόδα
2007 2005 2133 2058 προ-

549 2065 760 2121 ϐάλλων
783 2069 876 2122 καὶ
903 2068 1062 2139 κρίνα
1085 2069 1332 2140 ἀλλήλοις
1366 2071 1806 2141 προσκεκλικότα
1833 2074 1926 2125 καὶ
1949 2072 2133 2126 κυανί-

551 2148 736 2213 ζοντα,
765 2151 1018 2223 καθάπερ
1048 2153 1284 2222 πέλαγος
1324 2156 1522 2209 κυανὸν
1561 2157 1745 2227 ἡρέμα
1779 2158 2132 2228 κυματούμε-

550 2252 641 2288 νον
673 2234 928 2288 δείκνυσι.
956 2236 1175 2290 Μᾶλλον
1201 2238 1258 2290 δὲ
1285 2237 1485 2301 πολλάς
1505 2239 1722 2304 εἰκόνας
1755 2240 1905 2312 εὕροι
1934 2259 2017 2305 τις
2042 2241 2128 2300 ἄν.

549 2317 720 2370 Ὅταν
771 2319 870 2388 μὲν
901 2317 1012 2389 7&9
1041 2321 1123 2382 εἰς
1159 2320 1230 2372 τὰ
1265 2321 1395 2390 ῥόδα
1426 2339 1511 2386 τις
1544 2323 1848 2395 ἀποϐλέψῃ,
1885 2325 1984 2396 τὴν
2018 2321 2130 2396 ἶριν

547 2403 790 2472 οἰήσεται
819 2403 1058 2475 καθορᾷν
1079 2422 1092 2435 ο
1121 2406 1248 2458 ὅταν
1274 2405 1330 2457 δὲ
1353 2408 1434 2471 εἰς
1462 2406 1529 2459 τά
1559 2408 1631 2472 ῐα,
1660 2407 1928 2462 θάλατταν
1959 2426 2131 2479 κυμα-

546 2486 822 2556 τουμένην
845 2501 856 2514 ⁸
888 2487 1015 2540 ὅταν
1049 2487 1106 2540 δὲ
1131 2489 1210 2542 εἰς
1231 2487 1299 2540 τά
1321 2489 1504 2560 κρίνα,
1544 2489 1634 2542 τὸν
1662 2490 1907 2560 οὐρανόν.
1942 2491 2018 2543 υύ
2061 2494 2128 2562 τῇ

549 2567 649 2640 θέᾳ
676 2569 732 2622 δὲ
768 2569 926 2638 μόνον
950 2609 964 2632 ,
989 2569 1109 2622 οἰδὲ
1149 2572 1215 2641 τῇ
1258 2571 1378 2640 ὕψει
1412 2573 1665 2642 τέρποιτο
1685 2573 1878 2626 ἆντότε
1909 2576 1937 2626 ὁ
1958 2573 2132 2627 τοιοῦ-

546 2669 660 2714 τος,
691 2651 826 2704 ἀλλὰ
859 2653 950 2704 καὶ
981 2651 1060 2722 τῷ
1090 2652 1300 2721 σώματι
1326 2653 1494 2724 αὐτῷ.
1514 2655 1750 2708 Ἐκεῖνον
1768 2657 1877 2726 γάρ
1901 2657 2131 2726 μᾶλλονιι

547 2736 731 2807 ἀνίησί
758 2752 814 2788 τε
847 2736 938 2788 καὶ
967 2736 1226 2789 ἀναπνεῖν
1257 2740 1420 2802 ποιεῖ,
1446 2738 1587 2791 ὥστε
1625 2738 1866 2809 νομίζειν
1889 2742 1946 2794 ἐν
1965 2741 2129 2810 ούρα-

548 2837 624 2888 νῳ
661 2818 862 2890 μᾶλλον
885 2816 1047 2883 εἶναι,
1082 2820 1112 2890 ἦ
1139 2822 1229 2874 ἐπὶ
1255 2822 1377 2892 γῆς.

618 2901 683 2955 δ’.
721 2904 876 2956 Ἐστι
912 2905 1006 2956 καὶ
1044 2905 1206 2974 ἑτέρα
1255 2922 1339 2968 τις
1371 2905 1499 2975 ἡχὴ,
1531 2905 1659 2959 ὃταν
1693 2904 1837 2977 ὕδωρ
1872 2905 1984 2960 ἀπὸ
2031 2905 2129 2977 τῆς

545 2985 861 3056 ἀκρωρείας
895 2985 982 3039 διά
1007 2986 1297 3058 χαραδρῶν
1327 2988 1650 3059 αὐτομάτως
1696 2989 2013 3062 φερόμενον,
2039 2991 2131 3043 καὶ

545 3071 666 3131 ταῖς
695 3069 1077 3139 ὑποκειμέναις
1123 3070 1353 3140 ψηφῖσιν
1387 3072 1575 3143 ἠρέμα
1614 3072 1912 3142 ἐπιψοφοῦν
1943 3073 2130 3145 ἡσύχῳ

549 3153 760 3224 κτύπῳ,
791 3153 964 3216 οὕτως
997 3154 1165 3226 ἐκλύῃ
1196 3155 1263 3208 τὰ
1299 3156 1433 3227 μέλη
1473 3157 1633 3228 ἡμῶν
1657 3161 1724 3229 τῇ
1759 3159 1942 3229 ἡδονῇ,
1987 3157 2128 3211 ὥστε

549 3238 645 3291 καὶ
683 3238 893 3308 ταχέως
936 3237 1027 3290 τὸν
1070 3238 1334 3309 λυσιμελῆ
1359 3243 1469 3302 τοῖς
1501 3239 1798 3311 ὀφθαλμοῖς
1833 3240 2000 3294 ὕπνον
2029 3243 2128 3294 ἐπ-

549 3321 723 3389 άγειν.
768 3320 967 3384 Ἡδέως
1011 3322 1282 3390 ἡκούσατε
1309 3321 1403 3375 τοῦ
1449 3322 1818 3394 διηγήματος’
1855 3323 1997 3395 τάχα
2032 3324 2128 3377 καὶ

549 3403 775 3474 ἐρασταὶ
822 3403 1083 3472 γεγόνατε
1144 3405 1397 3476 ἐρημίας.
1442 3405 1601 3459 Ἀλλά
1636 3407 1839 3478 ταύτης
1863 3408 1960 3478 τῆς
2009 3408 2131 3478 ἐρη-

553 3489 680 3558 μίας
712 3487 873 3557 ἡδίων
915 3487 1093 3558 πολλῷ
1120 3488 1214 3541 τοῦ
1249 3488 1598 3559 μακροθύμου
1630 3491 1663 3561 ἡ
1695 3490 1862 3562 ψυχὴ.
1905 3490 1980 3543 υύ
2021 3491 2127 3564 7&9

551 3570 640 3622 ἵνα
677 3571 916 3642 λειμῶνα
959 3572 1390 3643 ὑπογράψωμεν,
1423 3573 1532 3626 οὐδ’
1570 3574 1656 3628 ἵνα
1688 3575 1825 3645 πρὸς
1871 3574 2129 3640 ἐπίδειξιν

547 3652 641 3707 τὸν
672 3653 828 3722 λόγον
857 3654 1174 3725 ἀγάγωμεν,
1213 3655 1420 3727 ταύτης
1447 3655 1711 3727 ἡψάμεθα
1749 3659 1851 3728 τῆς
1884 3657 2090 3721 εἰκόνος
2109 3674 2124 3688 ο

549 3737 665 3791 ἀλλ’
696 3739 784 3791 ἵνα
820 3740 909 3793 διά
939 3739 1040 3809 τῆς
1072 3740 1398 3813 ὑπογραφῆς
1428 3741 1661 3805 ἰδόντες,
1715 3741 1815 3809 ὅση
1860 3740 1969 3794 τῶν
2022 3758 2129 3812 μα-

549 3821 838 3893 κροθύμων
863 3824 897 3894 ἡ
925 3822 1104 3894 ἡδονὴ,
1147 3823 1239 3877 καὶ
1272 3825 1352 3876 ὅτι
1381 3823 1561 3894 πολλῷ
1595 3823 1748 3896 ἀνδρὶ
1790 3823 2129 3897 μακροθύμῳ

551 3905 935 3974 συγγινόμενος
957 3905 1023 3960 ἄν
1047 3923 1131 3970 τις
1154 3907 1248 3960 καὶ
1268 3907 1452 3976 ἥδοιτο
1483 3908 1576 3960 καί
1600 3906 1882 3976 ὠφελοῖτο,
1901 3907 1934 3979 ἡ
1955 3905 2129 3961 τοιού-

547 4004 660 4050 τοις
679 3988 945 4059 ὁμιλήσας
980 3989 1222 4060 χωρίοις,
1261 3989 1484 4053 τούτους
1535 3990 1925 4062 μεταδιώκητε.
1959 3992 2127 4045 Ὅταν

547 4069 656 4140 7&9
687 4070 820 4141 μηδὲ
847 4071 1065 4142 πνεῦμα
1103 4073 1330 4143 σφοδρὸν
1367 4073 1474 4126 ἀπὸ
1495 4074 1697 4144 ταύτης
1718 4075 2004 4147 ἐξέρχηται
2025 4076 2127 4146 τῆς

547 4153 746 4222 ψυχῆς,
792 4153 908 4206 ἀλλ’
947 4155 1146 4226 ἥμεροί
1180 4173 1323 4218 τινες
1368 4156 1514 4224 λόγοι
1537 4158 1630 4210 καὶ
1671 4161 1982 4227 προσηνεῖς,
2032 4160 2126 4212 καὶ

548 4235 716 4298 ὅντως
737 4237 911 4290 ἐκεῖνο
939 4236 1000 4289 τὸ
1022 4237 1116 4290 τοῦ
1134 4237 1371 4308 ζεφύρου
1387 4239 1592 4310 ἡρεμον
1623 4239 1999 4303 εἰκονίζοντες.
2033 4243 2126 4296 καὶ

549 4318 924 4389 παραινέσεις,
977 4319 1132 4372 οὐδὲν
1189 4321 1288 4390 μὲν
1337 4321 1558 4392 ἔχουσαι
1620 4320 1850 4390 στῦφον,
1901 4323 2027 4387 τοὺς
2071 4325 2127 4379 δὲ

549 4401 767 4470 δρνιθας
809 4403 933 4466 τοὺς
978 4401 1208 4473 ᾠδικοὺς
1263 4405 1670 4475 μιμούμεναιο·
1715 4405 1833 4469 πῶς
1871 4407 1932 4460 ού
1971 4405 2130 4460 τοῦτο

552 4483 790 4553 βέλτιον;
825 4485 900 4538 υῦ
939 4487 1048 4558 7&9
1097 4487 1309 4556 σώματι
1359 4489 1691 4559 προσπίπτει
1737 4489 1830 4542 τοῦ
1876 4490 2035 4558 λόγου
2092 4492 2126 4562 ἡ

548 4566 614 4620 αὕ
625 4584 714 4638 ρα,
736 4567 872 4622 άλλά
894 4569 1073 4639 ψυχὰς
1089 4570 1324 4640 ἀνίησιν.
1343 4572 1458 4624 Ούκ
1488 4571 1553 4624 ἂν
1583 4570 1764 4641 ἰατρὸς
1790 4573 2128 4644 πυρέττοντα

547 4651 833 4722 ἄνθρωπον
871 4653 1012 4707 οὕτω
1049 4655 1259 4724 ταχέως
1286 4655 1611 4720 ἀπαλλάξειε
1647 4654 1742 4709 τοῦ
1773 4657 2027 4729 πυρετοῦ,
2057 4657 2127 4710 δι’

545 4735 871 4808 οίασδὴποτε
911 4739 1168 4808 σπουδῆς.
1198 4737 1274 4802 ὡς
1297 4739 1649 4810 μακρόθυμος
1682 4740 1821 4812 ἀνὴρ
1853 4742 1946 4794 καὶ
1973 4741 2125 4812 ὀργί-

546 4816 636 4871 λον
670 4821 762 4874 καὶ
795 4821 1084 4892 καιόμενον
1111 4823 1216 4876 ὑπὸ
1239 4823 1340 4892 τῆς
1365 4825 1534 4894 ὀργῆς
1567 4823 1767 4886 λαϐὼν,
1797 4825 2126 4894 καταψύξειε

547 4902 637 4954 διὰ
656 4902 748 4957 τοῦ
783 4906 1096 4976 πνεύματος
1123 4907 1234 4960 τῶν
1273 4908 1492 4961 οἰκείων
1518 4909 1712 4977 λόγων.
1760 4910 1872 4962 Καὶ
1899 4909 1951 4962 τί
1982 4909 2126 4977 λέγω

551 4985 767 5056 ίατρόνς
789 4988 926 5040 Οὐδὲ
951 4989 1170 5059 σίδηρος
1206 4992 1602 5062 πεπυρωμένος
1629 4992 1723 5045 καὶ
1741 4991 1892 5045 ὕδατι
1926 4991 2127 5062 βαπτό-

551 5084 710 5136 μενος
732 5069 872 5122 οὕτω
898 5071 1111 5141 ταχέως
1156 5075 1257 5144 τῆς
1306 5075 1514 5147 θέρμης
1552 5075 1907 5143 άφίσταταιά.
1944 5076 2017 5139 ὡς
2047 5079 2126 5141 εἰς

551 5153 906 5224 μακρόθυμον
919 5155 1096 5227 ψυχὴν
1112 5158 1208 5211 ἄνθ
1216 5176 1396 5230 ρωπος
1414 5161 1477 5233 ὀρ
1493 5162 1628 5229 ίίλος
1659 5160 1933 5231 ἐμπεσών.
1951 5163 2128 5216 Καθά-

549 5253 656 5308 περ
682 5236 738 5290 δὲ
768 5241 858 5291 ἐπὶ
884 5242 984 5311 τῆς
1007 5243 1234 5313 ἀγορᾶς,
1263 5245 1310 5296 εἰ
1348 5245 1638 5298 εἰσέλθοιεν
1680 5245 1867 5316 ᾠδικοὶ
1891 5246 2123 5318 ὄρνιθες,

616 5362 637 5381 ‘
685 5363 1000 5428 Καταῤῥὺτων
1049 5364 1177 5423 conj.
1217 5364 1478 5428 Dounaeus.
1566 5367 1592 5395 ⁸
1641 5365 1806 5416 Codex
1865 5381 1992 5415 unus
2034 5384 2128 5415 κα-

547 5425 868 5480 τασκευάζει,
933 5427 1063 5474 alter
1122 5427 1496 5485 κατασκεδάζει,
1557 5428 1646 5475 sed
1681 5431 2002 5489 Opporlunior
2047 5435 2126 5477 est

549 5484 700 5552 ὶεξεῐίο
741 5488 1004 5552 edjlorqm.
1038 5486 1100 5552 _b
1129 5487 1312 5552 AMorgl.
1359 5488 1464 5552 ὄψει
1506 5490 1669 5552 τέρπει
1701 5491 1887 5552 τότε....
1936 5491 2125 5552 σώματι

549 5550 700 5608 αὐτῷ,
740 5550 826 5596 τοῦ
860 5565 896 5596 π
927 5550 977 5604 ὸς
1001 5550 1083 5596 τὸν
1128 5550 1335 5610 λειμῶνα
1379 5550 1600 5611 ὁρῶντος,
1654 5551 1830 5599 ἐκεῖνον
1866 5550 2058 5612 μᾶλλον.

553 5611 575 5684 ξ
601 5607 871 5684 _Tres‘n_I§s.
889 5566 1064 5684 ἕρεμον
1081 5609 1382 5684 καὶςὴούχιρν
1416 5611 1643 5684 μιμεῖται,
1676 5613 1966 5684 καί-παραιν.
1991 5613 2126 5684 οιῦδέν

555 5669 684 5741 (δυο
715 5669 1037 5734 οὐδένα›“μὲν
1077 5669 1573 5784 ἐχούσας“⁷ςέχούσαις
1615 5678 1768 5729 unus)
1809 5669 1972 5736 τῦφον,
2016 5675 2124 5729 τοὺς

555 5731 619 5780 di.
651 5770 680 5780 ..
705 5736 986 5784 μιμουμένη.
1053 5733 1080 5773 (1
1119 5737 1232 5784 ‘dm
1256 5735 1526 5784 ὕοισταται.
1554 5735 1668 5784 Mss.
1691 5742 1829 5784 recte
1849 5737 2122 5784 ἀφίσταται.

651 5770 680 5780 ..
705 5731 986 5796 μιμουμένη.
1053 5733 1080 5773 (1
1101 5731 1232 5784 Edilj
1256 5731 1526 5798 ὑφίσταται.
1554 5735 1668 5785 Mss.
1691 5742 1829 5787 recte
1849 5731 2122 5800 ἀφίσταται.

2146 5915 2217 5936 ρ-

2245 403 2340 456 καὶ
2363 401 2530 472 λῆρος
2555 395 2694 454 εἶναι
2722 398 3000 453 δοκοῦσιν⁸
3024 399 3170 453 οὕτω
3198 398 3261 471 δὴ
3289 398 3382 453 καὶ
3407 398 3474 454 τά
3489 406 3762 473 παραγγέλ.

2245 503 2388 555 ματα
2431 485 2500 537 τά
2527 483 2790 554 ἡμέτερα,
2829 486 2908 546 είς
2931 483 3107 555 ψυχὰς
3133 483 3248 558 [541
3280 485 3588 554 ἀκροχόλους
3630 489 3766 558 ἐμπί-

2243 588 2465 625 πτοντα.
2495 572 2640 641 Ἀρα
2666 570 2832 641 ἡδίων
2857 571 3127 624 ἐπιείκεια
3153 571 3312 641 χολῆς
3338 573 3427 626 καὶ
3444 572 3764 646 θρασύτητος.

2242 654 2353 706 Καὶ
2384 654 2444 707 ού
2471 654 2629 706 τοῦτο
2663 654 2844 724 μόνον,
2869 653 3005 707 ἀλλὰ
3032 655 3092 706 τὸ
3127 655 3226 724 μὲν
3259 656 3287 707 ὁ
3323 655 3570 719 διάϐολος,
3598 657 3651 709 τὸ
3672 658 3721 710 δὲ
3746 659 3771 711 ὀ

2242 737 2372 800 Θεὸς
2414 736 2694 800 ἐπέταξεν.
2733 736 2928 806 Ὁρᾶτε
2950 777 2966 799 ,
3009 737 3092 790 ὅτι
3119 738 3218 808 οὐχ
3251 738 3431 802 ἁπλῶς
3453 734 3612 803 εἷπον,
3632 741 3703 794 ὅτι
3730 744 3771 796 εἰ

2241 820 2334 873 καὶ
2363 819 2438 890 μὴ
2481 819 2726 883 διάϐολος
2770 815 2838 891 ἦν
2886 821 2982 875 καὶ
3013 820 3166 888 Θεὸς,
3204 822 3345 876 αὐτὰ
3367 821 3434 875 τὰ
3462 823 3771 895 ἐπιτάγματα

2248 902 2408 956 ἰκανά
2447 898 2516 974 ἦν
2563 904 2710 974 ἡμᾶς
2755 903 3085 974 ἀποστῆσαι.

2322 987 2379 1039 '0
2398 986 2496 1056 μὲν
2523 986 2631 1058 γὰρ
2654 987 2748 1040 καὶ
2777 986 2954 1057 ἐαυτῷ
2973 987 3122 1058 ἡδὺς,
3149 987 3370 1050 καὶτοῖς
3397 988 3567 1052 ἀλλοις
3600 989 3770 1058 ὠφέλι-

2243 1084 2364 1141 μος⁶
2391 1072 2419 1123 ὀ
2439 1069 2495 1122 δὲ
2517 1071 2610 1123 καὶ
2637 1071 2817 1140 ἐαυτῷ
2847 1071 3040 1141 ἀηδὴς,
3073 1071 3167 1123 καὶ
3194 1073 3308 1134 τοῖς
3327 1072 3502 1136 ἄλλοις
3524 1072 3771 1145 βλαϐερός.

2241 1153 2405 1208 Ούδὲν
2460 1153 2570 1225 γάρ
2611 1152 3010 1224 ἀτερπέστερον
3049 1152 3333 1224 ἀνθρώπου
3353 1156 3622 1223 χολῶντος,
3647 1156 3775 1210 οὐδὲν

2241 1235 2656 1308 φορτικώτερον,
2669 1236 2820 1290 οὐδὲν
2840 1235 3256 1308 ἐπαχθέστερον,
3275 1237 3425 1290 οὐδὲν
3440 1240 3774 1310 αἰσχρότερον,

2239 1319 2426 1391 ὥσπερ
2465 1315 2557 1372 οὖν
2576 1317 2671 1370 τοῦ
2697 1318 2797 1371 οὐκ
2825 1318 3026 1382 εἰδότος
3073 1319 3235 1390 χολᾷν
3255 1319 3404 1374 οὐδὲν
3438 1321 3600 1390 ἣδιον.
3620 1320 3779 1392 Θηρίῳ

2242 1403 2508 1454 συνοικεῖν
2523 1400 2754 1464 κάλλιον,
2775 1401 2807 1471 ἢ
2826 1399 2923 1454 ἀνθ
2933 1401 3096 1470 ρώπῳ
3109 1401 3353 1473 τοιούτῳ.
3373 1403 3570 1455 Ἐκεῖνο
3587 1403 3674 1472 μὲν
3687 1402 3778 1472 7&9

2238 1484 2456 1538 ἐπειδάν
2469 1483 2615 1548 ἅπαξ
2631 1483 2911 1554 ἡμερωθῇ.
2931 1483 3186 1552 φυλάττει
3202 1483 3294 1537 τὸν
3309 1484 3468 1537 αὑτοῦ
3488 1485 3658 1555 νόμον·
3675 1486 3781 1538 τοῦ·

2237 1585 2329 1622 τον
2351 1568 2408 1621 δὲ
2434 1570 2623 1632 ὁσάκις
2646 1568 2713 1621 ἂν
2735 1567 3050 1640 ἡμερὼσης,
3078 1569 3239 1621 πάλιν
3269 1569 3631 1638 ἐκθηριοῦται,
3654 1570 3782 1633 ἀπαξ

2238 1652 2317 1716 εἰς
2349 1651 2461 1716 ἕξιν
2486 1660 2510 1688 θ
2527 1649 2718 1703 έαυτόν
2738 1666 2858 1702 τινα
2889 1648 3142 1720 τοιαύτην
3163 1655 3525 1722 καταστήσας.
3545 1651 3780 1721 Καθάπερ

2236 1735 2344 1806 γάρ
2358 1735 2540 1806 ἡμέρα
2552 1733 2718 1804 λευκὴ
2731 1734 2823 1786 καὶ
2837 1732 3056 1803 φαιδρὰ,
3073 1735 3167 1786 καὶ
3178 1732 3387 1803 χειμὼν
3417 1735 3592 1804 γέμων
3610 1734 3783 1803 πολλῆς

2236 1818 2340 1888 τῆς
2378 1818 2703 1888 κατηφείας,
2727 1817 2891 1888 ἕτερα
2920 1815 3163 1887 ἀλλήλων
3193 1816 3372 1869 εἰσίνῐ
3401 1835 3415 1849 ο
3450 1817 3663 1888 οὕτωςὴ
3703 1815 3783 1869 τοῦ

2235 1901 2592 1974 ὀργιζομένου
2632 1901 2779 1971 ψυχὴ
2814 1899 3034 1953 καὶτοῦ
3085 1901 3386 1964 ἐπιεικοῦς.
3431 1902 3584 1955 Ἀλλά
3640 1902 3786 1972 μήπω

2235 1985 2306 2038 τὰ
2335 1987 2446 2048 τοῖς
2463 1984 2641 2047 ἄλλοις
2667 1984 2864 2054 ἴδωμεν
2892 1983 3134 2054 βλαϐερά
3161 1985 3545 2054 συμϐαίνοντα,
3577 1986 3700 2038 ἀλλὰ
3729 1987 3786 2037 τά

2237 2069 2480 2132 ἐαυτοῖςο
2505 2069 2685 2121 καίτοι
2720 2067 2816 2121 καὶ
2840 2066 2999 2120 τοῦτο
3029 2068 3091 2120 ού
3132 2069 3308 2140 μικρά
3335 2069 3506 2140 βλάϐη
3525 2110 3539 2131 ,
3569 2069 3725 2139 ἑτέρῳ
3744 2086 3788 2120 τι

2235 2150 2417 2205 δοῦναι
2474 2151 2673 2204 κακόν⁸
2728 2149 2868 2220 πλὴν
2920 2149 3056 2203 ἀλλά
3109 2151 3246 2214 τέως
3305 2151 3461 2206 τοῦτο
3497 2153 3780 2221 σκοπῶμεν.

2240 2235 2398 2297 Ποῖος
2438 2233 2631 2304 δήμιος
2670 2232 2911 2302 πλευρὰς
2954 2232 3098 2286 οὕτω
3141 2233 3445 2299 καταξᾶναι
3488 2235 3787 2304 δυνήσεταις

2235 2315 2380 2380 τίνες
2408 2316 2679 2370 ὀϐελίσκοι
2714 2317 3105 2387 πεπυρωμένοι
3148 2317 3430 2390 διέπειραν
3461 2319 3647 2389 σῶμα;
3679 2319 3790 2371 ποία

2241 2401 2407 2468 μανία
2437 2397 2612 2460 οὕτως
2634 2400 2948 2468 ἐκστήσειεν
2984 2399 3049 2453 ἂν
3080 2400 3186 2452 τῶν
3217 2403 3364 2455 κατά
3389 2402 3550 2472 φύσιν
3583 2403 3786 2472 φρενῶν,

2238 2481 2312 2543 ὡς
2343 2481 2480 2553 ἀργὴ
2507 2481 2601 2532 καὶ
2651 2479 3035 2550 παραπληξία;
3067 2477 3198 2536 Οἶδα
3231 2484 3463 2550 πολλοὺς
3501 2487 3606 2538 ἀπὸ
3644 2485 3788 2554 ὀργῆς

2237 2564 2425 2627 νόσους
2458 2563 2738 2626 τεκόντας.
2772 2563 2883 2616 Καὶ
2911 2567 2957 2616 οἱ
2984 2564 3209 2634 χαλεποὶ
3243 2568 3356 2620 τῶν
3403 2567 3664 2640 πυρετῶν,
3702 2566 3785 2637 μά-

2236 2644 2394 2699 λιστα
2413 2642 2560 2700 οὗτοί
2597 2648 2757 2699 εἰσιν.
2786 2647 2850 2699 Εί
2894 2645 2952 2699 δὲ
2985 2648 3145 2718 σῶμα
3166 2649 3312 2704 οὕτω
3338 2651 3697 2722 λυμαίνονται,
3716 2653 3786 2700 ὲν-

2237 2730 2429 2799 νόησον
2462 2729 2560 2801 τὴν
2581 2729 2782 2800 ψυχήν.
2811 2730 2903 2802 Μὴ
2923 2731 3033 2803 7&9
3054 2731 3265 2805 λογίσῃ,
3302 2736 3386 2788 ὅτι
3421 2737 3518 2807 ούχ
3538 2731 3788 2806 ὁρᾷς·ἀλλ’

2237 2814 2513 2885 ἐννόησον,
2563 2814 2646 2866 ὅτι
2709 2814 2771 2876 εί,
2812 2814 2872 2866 τὸ
2925 2815 3212 2885 δεχόμενον
3264 2819 3368 2890 τὴν
3426 2820 3620 2873 κακίαν
3674 2817 3795 2871 οὕτω

2240 2897 2560 2968 βλάπτεται,
2592 2896 2651 2949 τὸ
2681 2897 2865 2950 τίκτον
2915 2899 3088 2967 πόσην
3129 2900 3194 2952 ἂν
3223 2902 3554 2976 ὑποδέξηταί
3585 2903 3792 2974 βλάϐην;

2243 2978 2437 3032 Πολλοὶ
2462 2980 2588 3044 τοὺς
2629 2979 2940 3050 ὀφθαλμοὺς
2968 2981 3281 3050 ἀπώλεσαν,
3329 2987 3518 3040 πολλοὶ
3544 2990 3620 3050 είς
3662 2986 3796 3038 νόσον

2239 3060 2551 3132 βαρυτάτην
2591 3062 2911 3115 κατέπεσον.
2953 3063 3012 3115 'U
3067 3065 3249 3134 μέντοι
3308 3069 3497 3141 φέρων
3541 3069 3798 3138 γενναίως,

2236 3145 2416 3198 πάντα
2451 3147 2816 3218 ὕποστὴσεται
2844 3146 3102 3207 εὐκόλως.
3147 3151 3285 3204 Ἀλλ’
3309 3155 3467 3225 ὅμως
3486 3156 3582 3207 καὶ
3602 3151 3802 3206 τοιαῦτα

2236 3229 2515 3282 ἐπιτάττει
2566 3229 2834 3300 φορτικά,
2867 3232 2962 3282 καὶ
2996 3231 3200 3285 τούτων
3243 3237 3446 3305 μισθὸν
3482 3241 3610 3309 ἡμῖν
3643 3236 3805 3304 τίθησι

2233 3312 2333 3382 τὴν
2355 3315 2600 3381 γέενναν.
2632 3315 2740 3368 Καὶ
2767 3314 3007 3376 διάϐολός
3031 3317 3144 3370 ἐστι
3177 3321 3272 3372 καὶ
3295 3323 3499 3395 ἐχθρὸς
3524 3325 3619 3394 τῆς
3651 3338 3806 3390 σωτη-

2239 3395 2358 3466 ρίας
2403 3396 2502 3467 τῆς
2529 3397 2835 3469 ἡμετέρας,
2883 3397 2977 3451 καὶ
3020 3401 3217 3470 μᾶλλον
3250 3405 3435 3476 τούτῳ
3462 3404 3805 3477 πειθόμεθαῆ

2234 3477 2312 3548 τῷ
2343 3479 2584 3549 Χριστῷ,
2628 3481 2840 3552 Σωτῆρι
2870 3481 2984 3536 ὄντι
3023 3485 3116 3536 καὶ
3143 3485 3442 3559 εὐεργέτῃ,
3477 3490 3571 3541 καὶ
3600 3488 3806 3540 τοιαῦτα

2234 3561 2468 3630 λέγοντι,
2501 3563 2537 3616 ἂ
2564 3564 2658 3616 καὶ
2708 3564 2840 3634 ἡδίω
2875 3567 2966 3619 καὶ
2989 3567 3393 3643 ὠφελιμώτερα
3425 3577 3522 3626 καί⁵
3549 3570 3811 3646 χρησιμώ-

2233 3646 2370 3717 τερά
2396 3649 2535 3708 ἐστι,
2558 3649 2652 3700 καὶ
2682 3648 2830 3718 ἡμᾶς
2853 3651 2948 3704 καὶ
2991 3653 3117 3715 τοὺς
3157 3654 3424 3721 συνόντας
3454 3660 3587 3729 ἡμῖν
3627 3657 3813 3726 ὠφελεῖ

2233 3728 2302 3812 τά
2344 3730 2593 3800 μέγιστα.
2631 3732 2822 3786 Ὀὐδὲν
2861 3735 3030 3806 ὀργῆς
3073 3739 3284 3806 χεῖρον,
3347 3728 3636 3812 ἀγαπητὲ,
3673 3741 3811 3794 οὐδὲν

2235 3811 2469 3884 ἀκαίρου
2505 3813 2708 3885 θυμοῦ·
2732 3817 2792 3868 ού
2819 3816 2986 3872 δεῖται
3036 3818 3235 3888 πολλῆς
3264 3819 3367 3892 τῆς
3398 3811 3669 3895 ἀναϐολῆς
3687 3841 3701 3853 ’
3729 3823 3814 3887 ὀξὺ

2232 3896 2294 3949 τὸ
2335 3897 2505 3959 πάθος
2544 3898 2680 3952 ἐστί.
2713 3899 2978 3964 Πολλάκις
3006 3902 3100 3954 καὶ
3142 3902 3294 3973 ῥῆμα
3336 3905 3565 3972 ἐξέϐαλέ
3602 3924 3684 3970 τις
3720 3905 3815 3958 ὑπὸ

2235 3977 2434 4050 θυμοῦ,
2467 3975 2527 4035 οὕ
2553 3982 2634 4044 εἰς
2661 3985 2762 4054 τὴν
2785 3981 3083 4053 θεραπείαν
3129 3985 3431 4060 ὁλοκλήρου
3467 3991 3642 4044 δεῖται
3675 3991 3782 4062 βίου
3802 4005 3815 4020 ⁸

2233 4064 2328 4117 καὶ
2352 4064 2646 4134 είργάσατό
2675 4084 2746 4130 τι,
2771 4067 2799 4120 ὂ
2825 4071 3003 4122 πᾶσαν
3036 4069 3200 4122 αὐτοῦ
3233 4073 3334 4142 τὴν
3369 4075 3524 4145 ζωὴν
3543 4073 3816 4146 ἀνέτρεψε.

2233 4146 2305 4198 Τὸ
2326 4147 2434 4216 γὰρ
2463 4147 2694 4216 χαλεπὸν
2721 4150 2879 4205 τοῦτό
2906 4153 3172 4216 ἐστιν,ὃτι
3196 4155 3290 4207 καὶ
3316 4159 3379 4226 ἐν
3405 4158 3608 4230 βραχεῖ
3630 4156 3820 4230 καιρῷ,

2234 4229 2328 4282 καὶ⁵
2368 4230 2456 4282 διὰ
2491 4233 2621 4300 μιᾶς
2647 4233 2920 4300 πράξεως,
2959 4236 3053 4288 καὶ
3081 4235 3149 4290 δι’
3202 4239 3320 4300 ἐνὸς
3378 4229 3638 4312 ῥήματος
3671 4229 3823 4313 μόνον

2231 4313 2341 4365 τῶν
2388 4314 2620 4368 αἰωνίων
2669 4317 2818 4386 ἡμᾶς
2860 4318 3119 4382 πολλάκις
3169 4319 3427 4384 ἐξέϐαλεν
3454 4326 3702 4392 ἀγαθῶν,
3732 4324 3820 4377 καὶ

2237 4396 2465 4468 μυρίους
2519 4398 2753 4451 ἐκένωσε
2807 4399 3021 4464 πόνους.
3079 4402 3169 4455 Διὸ
3232 4408 3597 4476 παρακαλῶ,
3659 4411 3828 4462 πάντα

2234 4483 2427 4543 ποιεῖν,
2452 4479 2592 4532 ὥστε
2621 4481 2680 4534 τὸ
2712 4481 2899 4554 θηρίον
2940 4483 3098 4538 τοῦτο
3125 4485 3405 4556 χαλινοῦν.
3461 4491 3630 4544 Ἀλλά
3661 4489 3827 4543 ταῦτα

2236 4564 2334 4634 μὲν
2360 4564 2482 4636 περὶ
2509 4566 2808 4630 ἐπιεικείας
2839 4567 2932 4621 καὶ
2961 4567 3135 4638 θυμοῦ
3157 4586 3168 4599 ·
3196 4571 3244 4623 εἰ
3270 4570 3325 4625 δὲ
3351 4576 3452 4626 καὶ
3481 4577 3555 4629 τὰ
3590 4577 3726 4630 ἄλλα
3753 4592 3830 4638 τις

2233 4648 2640 4719 προχειρίσαιτο
2680 4649 2758 4719 τῷ
2790 4650 2951 4721 λόγῳ,
2986 4649 3097 4705 οἷον
3143 4653 3488 4722 πλεονεξίαν,
3528 4661 3832 4732 ὑπεροψίαν

2232 4733 2550 4802 χρημάτων,
2584 4733 2890 4802 ἀσέλγειαν,
2922 4735 3296 4808 σωφροσύνην,
3337 4741 3571 4808 φθόνον,
3597 4745 3835 4817 χρηστόο

2231 4833 2391 4882 τητα,
2419 4818 2511 4868 καὶ
2541 4819 2902 4885 ἁντεξετάσοι,
2932 4821 3026 4873 καὶ
3051 4819 3177 4874 ἄλλο
3205 4822 3417 4878 εἴσεται
3438 4827 3526 4880 ἐτι
3554 4829 3833 4902 διάφορον.

2233 4899 2438 4967 Είδετε,
2489 4901 2608 4964 πῶς
2653 4903 2762 4955 ἀπὸ
2805 4903 2914 4956 τῶν
2959 4904 3400 4974 προσταγμάτων
3453 4911 3626 4980 μόνον
3666 4914 3696 4966 ό
3724 4899 3836 4986 ’μὲν

2232 4983 2385 5048 Θεὸς,
2419 4986 2447 5037 ό
2473 4983 2529 5036 δὲ
2555 4985 2800 5050 διάϐολος
2840 4985 2914 5038 ὢν
2945 4986 3250 5052 δείκνυται;
3283 4991 3633 5063 Πειθώμεθα
3657 4983 3839 5050 τοίνυν

2237 5065 2350 5138 [55]
2379 5067 2456 5138 τῷ
2487 5068 2623 5140 Θεῷ.
2661 5071 2753 5122 καὶ
2787 5071 2861 5139 μὴ
2891 5071 2970 5132 είς
3007 5070 3255 5142 βάραθρα
3303 5075 3550 5143 ἑαυτοὺς
3581 5081 3836 5152 ἐμϐάλω-

2235 5167 2357 5218 μεν,
2387 5151 2500 5203 ἀλλ’
2527 5152 2631 5214 ἕως
2676 5153 2793 5204 ἐστὶ
2823 5152 3030 5224 καιρὸς,
3067 5155 3244 5209 πάντα
3297 5151 3720 5234 ἀπονιψὼμεθα
3777 5165 3842 5217 τὰ

2231 5234 2330 5304 τὴν
2361 5235 2538 5306 ψυχὴν
2585 5235 2970 5306 λυμαινόμενα.
3015 5238 3101 5292 ἵνα
3158 5241 3266 5294 τῶν
3312 5244 3567 5299 αἰωνίων
3612 5249 3841 5316 ἀγαθῶν

2232 5317 2593 5388 ἐπιτύχωμεν,
2653 5320 2834 5388 χάριτι
2889 5323 2982 5374 καὶ
3036 5321 3422 5402 φιλανθρωπίᾳ
3465 5329 3571 5382 τοῦ
3630 5333 3842 5402 Κυρίου

2232 5402 2388 5471 ἡμῶν
2415 5402 2585 5472 Ἰησοῦ
2613 5403 2870 5473 Χριστοῦ,
2900 5404 3018 5473 μεθ’
3038 5399 3098 5458 οὗ
3123 5405 3200 5476 τῷ
3228 5408 3404 5478 Πατρὶ
3433 5410 3562 5481 ἅμα
3595 5414 3678 5484 τῷ
3705 5399 3845 5485 άγίῳ

2234 5487 2510 5556 Ιινεύματι
2555 5487 2701 5553 δόξα,
2736 5491 2953 5559 κράτος,
2985 5492 3140 5562 τιμὴ,
3177 5490 3268 5543 νῦν
3309 5493 3402 5545 καὶ
3439 5496 3575 5564 ἀεὶ,
3628 5503 3728 5554 καὶ
3767 5503 3845 5565 εἰς

2230 5570 2357 5632 τοὺς
2391 5571 2592 5634 αίωνας
2621 5572 2730 5624 τῶν
2754 5572 2986 5628 αἰώνων.
3028 5577 3222 5646 Ἀμήν.

2299 5674 2485 5740 "pum
2507 5676 2826 5740 ἐκθηριοῦται·
2873 5681 2995 5736 πλὴν
3019 5681 3058 5727 εἰ
3091 5681 3154 5740 μή
3188 5682 3251 5737 εἰς
3284 5684 3392 5740 ἕξιν.

2293 5684 2485 5756 ξ’ξληυς
2507 5684 2826 5756 fug-495001410
2855 5684 2995 5752 ﬁci-av
3019 5684 3058 5727 εἰ
3091 5684 3251 5756 μοὶ-είς
3284 5684 3392 5740 ἕξιν.
3476 5684 3500 5726 τ
3532 5689 3662 5739 Han:
3707 5693 3850 5756 ἕτερα

2231 5737 2448 5794 ἀλλήλων
2489 5739 2598 5802 εἰσί,
2623 5737 2808 5788 ⁷όε5ιιιιι
2851 5742 2901 5789 ἰιι
2945 5756 3042 5790 uno
3084 5737 3193 5792 00d.
