4024 6510
240 388 303 447 BI
1265 379 1334 436 IN
1372 377 1551 434 ACTA
1591 371 2357 433 APOS’I’OLORUMJIOMIL.
2404 376 2488 432 Vl.
3452 377 3522 439 ω

238 500 514 557 solitudini
548 499 780 570 cuipiam
826 497 1047 554 multam
1095 495 1330 567 quietem
1367 493 1626 558 habenti;
1673 493 1819 548 illius

236 609 365 649 vero
390 594 591 653 anima,
625 591 763 652 foro,
797 589 989 656 turbae,
1029 588 1119 644 ubi
1146 587 1344 643 mullus
1365 586 1569 639 clamor
1592 600 1822 655 sequen-

237 685 366 737 tium
395 683 656 745 camelos,
689 681 865 736 mulos
893 690 949 736 et
974 682 1173 743 asinus,
1219 678 1307 748 qui
1338 678 1639 732 occlamant
1668 691 1823 730 acce-

235 775 487 830 dentibus
517 790 586 830 ne
603 772 1020 830 couculeeutur?
1050 771 1128 845 (a)
1150 786 1328 826 nonne
1347 770 1488 825 illius
1510 770 1687 824 anima
1710 783 1824 823 me-

234 868 335 923 diis
377 867 683 923 civitatibus
723 866 914 921 similis
940 873 1042 931 est,
1071 864 1160 920 ubi
1201 864 1328 919 hinc
1353 863 1655 927 aurificum,
1697 859 1823 916 inde

235 962 554 1016 aerariorum
611 976 838 1030 magnus
886 958 1096 1029 fragor;
1129 966 1183 1014 et
1212 957 1302 1012 alii
1347 956 1564 1027 quidem
1597 953 1819 1014 ltcdunt.

234 1054 317 1108 alii
351 1069 487 1109 vero
508 1052 817 1108 laeduntur?
843 1050 949 1107 Sed
975 1050 1132 1120 hujus
1161 1049 1335 1103 anima
1359 1047 1546 1103 similis
1576 1056 1660 1102 est
1700 1060 1824 1100 ver-

235 1147 319 1200 tici
347 1148 570 1208 montis,
600 1144 709 1199 leui
729 1161 855 1198 aura
886 1142 1079 1198 frueuti
1111 1141 1363 1212 purisque
1386 1139 1571 1205 radiis,
1603 1136 1822 1206 limpida

233 1237 464 1293 fontium
504 1237 701 1292 ﬂuenta
726 1235 992 1291 emittenti
1023 1253 1036 1289 :
1068 1233 1154 1287 ubi
1187 1233 1366 1287 multm
1390 1230 1581 1285 ﬂorum
1611 1230 1820 1298 gratiae,

232 1329 458 1400 perinde
483 1337 644 1400 atque
672 1329 724 1383 in
758 1328 940 1383 vernis
967 1326 1130 1396 pratis
1151 1334 1206 1379 et
1235 1323 1429 1389 hortis,
1461 1338 1580 1393 qua:
1602 1320 1819 1391 plantis,

234 1421 462 1477 floribus
477 1431 532 1476 et
555 1420 914 1475 defluentibus
943 1418 1097 1488 aquis
1140 1424 1399 1472 ornantur
1427 1431 1440 1467 :
1473 1415 1517 1469 si
1548 1414 1667 1484 quis
1696 1428 1824 1468 vero

234 1528 401 1568 sonus
428 1512 705 1577 audiatur,
758 1511 936 1566 suavis
961 1518 1045 1565 est
1068 1519 1123 1564 et
1155 1509 1376 1563 multam
1406 1505 1579 1560 fundit
1602 1504 1826 1560 audien-

234 1604 376 1659 tibus
396 1605 750 1674 voluptatem.
784 1602 918 1657 Nam
968 1602 1051 1657 vel
1079 1615 1207 1657 aves
1234 1609 1360 1655 sunt
1396 1599 1620 1655 summis
1662 1597 1825 1652 arbo-

236 1715 355 1753 rum
389 1699 445 1753 in
475 1699 639 1753 ramis
669 1698 1039 1761 cantillantes;
1087 1695 1170 1750 vel
1199 1694 1426 1755 cicadtc,
1458 1694 1721 1757 lusciniae,
1746 1691 1828 1745 hi-

235 1789 532 1854 rundines,
597 1787 922 1843 concordem
968 1795 1023 1842 et
1066 1801 1226 1840 unam
1265 1784 1548 1855 quamdam
1588 1782 1828 1839 efllciuut

237 1882 535 1945 musicam;
561 1880 651 1934 vel
667 1878 934 1950 zephyrus
954 1877 1145 1933 blande
1166 1891 1346 1932 ramos
1365 1876 1614 1930 arborum
1635 1874 1824 1942 allidit,

236 1972 485 2043 pinorum
511 1971 768 2027 stridulos
796 1984 957 2026 sonos
984 1979 1037 2025 et
1063 1984 1260 2041 cycnos
1301 1968 1615 2038 plerumque
1655 1966 1829 2021 imita-

235 2073 356 2127 tur;
387 2064 476 2118 vel
503 2075 714 2133 pratum
746 2077 898 2118 rosas
937 2062 1191 2117 emittens
1219 2070 1274 2117 et
1299 2062 1408 2115 lilia
1428 2102 1443 2126 ,
1475 2076 1595 2129 qua:
1619 2075 1678 2115 se
1709 2075 1828 2114 mu-

236 2167 324 2211 tuo
352 2156 639 2222 collidunt,
669 2157 820 2225 quasi
849 2155 1070 2226 pelagus
1106 2155 1233 2209 item
1265 2153 1470 2209 lenibus
1500 2152 1654 2207 undis
1675 2168 1828 2208 com-

235 2260 465 2304 motum.
497 2249 608 2305 lino
638 2249 834 2304 multas
859 2250 978 2318 quis
1022 2249 1294 2303 invenerit
1315 2249 1591 2319 imagines.
1622 2248 1753 2303 Nam
1782 2251 1828 2303 si

236 2344 355 2414 quis
398 2359 556 2399 rosas
607 2344 875 2413 inspiciat,
930 2342 1117 2398 iridem
1159 2356 1218 2397 se
1267 2343 1452 2398 videre
1494 2343 1727 2412 putabit;
1781 2341 1830 2397 si

238 2437 425 2501 violas,
459 2451 609 2491 mare
635 2435 932 2502 undosum;
978 2436 1026 2490 si
1076 2435 1207 2502 lilia,
1233 2434 1443 2489 caelum.
1477 2433 1659 2503 Neque
1702 2449 1828 2504 spe-

238 2528 447 2583 ctaculo
473 2536 529 2583 et
552 2528 669 2583 visu
694 2536 896 2583 tantum
923 2527 1240 2592 delectatur,
1268 2526 1363 2581 sed
1384 2527 1542 2581 etiam
1564 2541 1825 2596 corpore:

240 2620 325 2674 ille
368 2636 605 2687 namque
634 2633 906 2676 recreatur
934 2630 989 2675 et
1032 2621 1259 2690 respirat
1292 2637 1305 2673 :
1341 2619 1409 2673 ita
1437 2628 1495 2674 ut
1521 2634 1580 2674 se
1616 2620 1666 2673 in
1696 2619 1829 2675 caelo

244 2713 414 2780 potius
435 2728 560 2767 esse
590 2720 759 2781 putet,
783 2728 940 2782 quam
970 2712 1022 2766 iu
1054 2722 1217 2766 terra.

306 2807 359 2859 4.
409 2806 509 2859 Est
557 2815 611 2860 et
651 2807 787 2860 alius
836 2820 1038 2868 sonus,
1088 2820 1211 2873 cum
1256 2819 1392 2874 aqua
1440 2818 1504 2859 ex
1553 2803 1830 2859 cacumine

245 2898 483 2953 deﬂuens
526 2915 623 2966 per
667 2899 958 2969 praecipitia
999 2908 1190 2967 sponte
1239 2896 1439 2962 fertur,
1487 2905 1542 2950 et
1577 2895 1830 2966 subjectis

251 2992 479 3046 silicibus
525 2993 720 3046 leniter
768 2992 1065 3062 obstrepit,
1122 2992 1305 3061 sicque
1356 2990 1595 3044 membra
1649 3001 1829 3046 nostra

256 3085 511 3152 voluptate
541 3086 747 3138 relaxat
770 3126 784 3150 ,
817 3085 886 3138 ita
918 3096 973 3137 ut
1001 3099 1246 3138 somnum
1274 3083 1511 3138 membra
1535 3082 1829 3138 solventem

264 3179 505 3231 conciliet.
530 3178 903 3234 Narrationem
925 3178 1152 3232 libenter
1171 3177 1425 3241 audistis;
1448 3176 1673 3247 hincque
1694 3175 1832 3232 forte

268 3269 477 3338 injectus
506 3270 660 3324 vobis
691 3279 772 3324 est
800 3270 1102 3324 solitudinis
1143 3284 1315 3324 amor.
1363 3268 1469 3324 Sed
1511 3268 1610 3323 hac
1643 3270 1832 3323 solitu-

264 3361 375 3415 dine
400 3364 566 3416 multo
599 3364 814 3417 suavior
839 3372 924 3418 est
953 3365 1201 3432 patientis
1228 3363 1427 3417 anima.
1459 3362 1572 3417 Non
1603 3363 1745 3417 enim
1777 3371 1835 3418 ut

257 3464 452 3521 piatum
503 3454 939 3508 describe-renuis
962 3495 978 3518 ,
1028 3470 1200 3523 neque
1245 3466 1301 3508 ut
1328 3454 1393 3507 ad
1424 3456 1832 3510 ostentationem

253 3548 405 3601 verba
450 3548 797 3601 funderetnus
817 3588 831 3608 ,
865 3547 1003 3601 hanc
1032 3548 1265 3618 aggressi
1299 3563 1481 3602 sunms
1511 3550 1791 3619 imaginem
1817 3565 1832 3615 ;

248 3642 338 3695 sed
371 3652 431 3695 ut
464 3658 560 3710 per
592 3643 727 3697 hanc
770 3641 1185 3712 descriptionem
1227 3642 1505 3705 videntes,
1548 3651 1740 3712 quanta
1768 3644 1837 3698 sit

250 3738 564 3806 patientium
591 3737 856 3807 voluptas,
880 3746 935 3791 et
957 3736 1098 3807 quod
1125 3737 1293 3790 multo
1313 3738 1526 3791 suavius
1553 3736 1839 3806 utiliusque

246 3829 317 3882 sit
355 3844 479 3883 eum
514 3829 631 3882 viro
670 3828 902 3898 patiente
930 3838 984 3883 et
1015 3839 1293 3904 mansueto
1320 3830 1556 3894 versari,
1600 3844 1756 3899 quam
1785 3829 1839 3884 in

248 3922 558 3991 bujusnmdi
596 3923 729 3977 lucis
756 3922 973 3992 degere,
1005 3922 1102 3978 hos
1127 3924 1503 3993 sequeremini.
1538 3922 1669 3979 Cum
1694 3926 1836 3979 enim

245 4032 424 4086 neque
451 4026 648 4072 ventus
673 4016 963 4071 vehemens
992 4032 1021 4070 a
1049 4016 1140 4070 tali
1178 4017 1353 4070 anima
1390 4017 1712 4085 egrediatur,
1744 4018 1839 4073 sed

247 4109 466 4179 benigni
514 4110 890 4177 mansuetique
936 4124 1213 4162 sermones
1252 4108 1486 4179 zephyro
1532 4108 1737 4179 placido
1766 4110 1841 4163 si-

249 4203 427 4263 miles,
455 4212 512 4256 et
541 4201 934 4256 admonitiones
964 4200 1094 4254 nihil
1120 4216 1367 4271 asperum
1413 4200 1669 4255 habentes
1689 4242 1703 4267 ,
1748 4201 1843 4255 sed

247 4309 378 4349 aves
418 4294 542 4349 illas
582 4294 902 4348 cantatrices
954 4294 1220 4347 imitantes
1245 4311 1258 4347 ε
1282 4293 1551 4364 quomodo
1594 4292 1697 4348 hoc
1738 4309 1843 4347 non

248 4388 449 4442 melius
492 4386 703 4441 fuerit?
744 4386 860 4441 Non
899 4387 1041 4440 enim
1082 4388 1295 4456 corpori
1341 4385 1537 4441 accidit
1578 4387 1845 4442 sermonis

247 4494 407 4543 aura,
438 4478 536 4533 sed
564 4480 773 4532 animas
802 4478 989 4533 reficit.
1024 4478 1137 4532 Non
1173 4488 1279 4532 tam
1311 4478 1418 4533 cito
1448 4478 1685 4533 medicus
1714 4494 1846 4548 qua-

246 4570 387 4625 libet
413 4570 656 4624 adhibita
685 4585 813 4624 cura
843 4584 873 4622 a
903 4570 1034 4624 febri
1065 4570 1404 4634 liberaverit,
1448 4578 1504 4623 ut
1531 4570 1613 4623 vir
1640 4571 1847 4639 patiens

246 4662 577 4718 iracundum
604 4671 659 4716 et
688 4662 1165 4718 excandescentem
1189 4663 1378 4732 Spiritu
1407 4664 1689 4719 verborum
1718 4678 1847 4717 suo-

244 4774 369 4813 rum
402 4760 761 4829 refrigerabit.
793 4757 995 4830 Ecquid
1033 4759 1101 4813 de
1138 4758 1347 4814 medico
1383 4758 1610 4829 loquor?
1637 4758 1716 4813 Ne
1743 4758 1849 4811 fer-

245 4868 372 4906 rum
409 4852 629 4922 quidem
671 4851 894 4923 ignitum
934 4852 985 4905 in
1017 4866 1208 4921 aquam
1242 4851 1536 4905 immissum
1558 4892 1574 4917 ,
1606 4859 1712 4905 tam
1739 4851 1847 4905 cito

242 4948 492 5001 calorem
515 4945 733 5007 amittit,
758 4954 819 5000 ut
844 4944 1131 5000 iracundus
1148 4943 1200 4999 in
1222 4955 1554 4998 mansuetum
1582 4942 1844 4998 incidens.

243 5040 413 5095 Sicut
457 5049 639 5095 autem
687 5039 734 5094 si
779 5038 831 5094 in
878 5040 1051 5094 forum
1101 5038 1466 5109 ingrediantur
1511 5035 1848 5092 cantillantes

238 5147 408 5201 aves,
433 5147 587 5204 nuga:
604 5147 728 5189 esse
747 5132 1024 5189 videntur:
1044 5131 1121 5187 sic
1142 5146 1352 5202 quoque
1375 5140 1638 5202 praecepta
1665 5139 1848 5187 nostra

309 5301 392 5361 (a)
424 5300 580 5361 fl‘olus
598 5301 681 5360 qui
706 5301 934 5359 sequitur
962 5298 1098 5345 locus
1121 5295 1314 5361 ordine,
1335 5299 1480 5361 paulo
1503 5296 1731 5361 diverso.
1746 5300 1837 5350 sed

300 5357 385 5409 ene
421 5359 596 5408 iisdem
618 5357 854 5408 constans
880 5361 1047 5408 verbis
1071 5360 1279 5407 effertur
1302 5357 1349 5407 in
1379 5357 1534 5408 tribus
1559 5359 1835 5410 codicibus.

300 5377 385 5409 .lle
421 5377 596 5408 IISUL‘I"
620 5377 854 5408 constans
880 5377 1047 5408 γει-ωδ
1071 5377 1279 5407 ειιετιυι·
1302 5377 1348 5407 Ill
1379 5377 1534 5408 U'IDUS
1559 5377 1835 5410 COOICIDUS.

238 5377 324 5473 fleti
353 5431 529 5471 autem
558 5419 690 5478 libri,
716 5424 765 5468 in
787 5434 973 5468 summa
996 5422 1129 5469 inter
1147 5434 1201 5468 se
1224 5419 1582 5482 conspirantes,
1607 5436 1631 5468 a
1657 5428 1838 5482 quarto

238 5485 367 5550 alio,
393 5492 451 5532 et
479 5486 568 5531 hoc
589 5483 962 5550 optitnasniotte.
990 5495 1123 5550 saepe
1149 5480 1450 5550 magnopere
1482 5480 1724 5550 dill'erunt
1748 5491 1838 5533 aut

238 5547 456 5610 verbis,
482 5552 567 5593 aut
590 5542 832 5610 orationis
859 5542 1136 5610 structura,
1162 5542 1247 5594 aut
1273 5543 1429 5594 etiam
1466 5545 1834 5594 sententiarum

237 5608 458 5666 ordine,
481 5614 533 5656 et
557 5606 705 5656 modo
729 5603 977 5654 narrandi.

1933 494 1987 549 in
2016 495 2225 552 animas
2251 495 2533 551 iracundas
2561 494 2818 550 immissa.
2846 495 2989 567 Ergo
3014 497 3229 556 suavior
3249 508 3336 558 est
3356 514 3511 560 man-

1933 587 2162 641 suetudo
2188 587 2263 641 ira
2290 597 2345 641 et
2371 587 2689 643 temeritate.
2712 585 2896 657 Neque
2920 588 3019 643 hoc
3048 596 3275 659 tantum,
3298 592 3391 648 sed
3415 593 3515 648 hoc

1932 674 2177 733 diabolus
2199 719 2215 741 ,
2262 678 2390 733 illud
2421 681 2560 734 Deus
2588 679 2858 749 praecepit.
2889 680 3079 737 Videte
3103 723 3119 749 ,
3151 699 3238 741 me
3265 699 3373 740 non
3401 688 3517 740 sine

1932 781 2093 821 causa
2120 767 2320 823 dixisse
2339 809 2354 832 ,
2393 770 2600 825 etiamsi
2644 786 2743 827 nec
2768 771 3012 827 diabolus
3041 789 3139 829 nec
3167 774 3306 829 Deus
3332 785 3475 831 esset
3500 816 3518 845 ,

1934 856 2050 913 haec
2079 869 2253 914 tamen
2285 872 2545 932 pnecepta
2575 864 2704 918 satis
2728 863 2842 920 fore
2861 865 2927 920 ad
2959 881 3056 921 nos
3083 867 3445 926 abducendus.

2003 949 2267 1005 lracundo
2294 953 2423 1007 nihil
2445 955 2713 1026 ingratius.
2735 987 2806 996 —
2825 956 2963 1013 Mitis
2986 959 3127 1014 enim
3156 960 3319 1016 homo
3338 971 3391 1017 et
3416 962 3517 1018 sibi

1933 1044 2111 1100 suavis
2141 1053 2194 1099 et
2222 1045 2342 1099 aliis
2365 1047 2511 1101 utilis
2534 1058 2647 1113 est;
2677 1049 2960 1106 iracundus
2982 1066 3111 1107 vero
3136 1062 3189 1109 et
3212 1055 3310 1111 sibi
3342 1056 3522 1111 insua-

1933 1134 2034 1196 vis,
2066 1146 2121 1190 et
2146 1136 2264 1189 aliis
2289 1138 2504 1194 noxius.
2536 1138 2673 1193 Nihil
2705 1143 2845 1195 enim
2877 1143 3133 1213 ingratius
3163 1145 3379 1203 homine
3409 1149 3519 1203 ira-

1934 1227 2130 1293 cumlo,
2167 1228 2298 1282 nihil
2326 1231 2627 1297 oncrosius,
2658 1233 2954 1301 molestius,
2985 1238 3218 1308 turpius;
3250 1248 3306 1295 ut
3333 1255 3400 1296 eo
3429 1242 3518 1311 qui

1936 1318 2094 1374 irasci
2142 1321 2352 1387 nescit,
2408 1324 2535 1377 nihil
2578 1325 2885 1394 jucundius.
2930 1329 3065 1385 Cum
3117 1332 3227 1388 fera
3278 1334 3521 1391 habitare

1934 1415 2127 1469 melius
2166 1424 2279 1481 est,
2325 1431 2484 1486 quam
2513 1433 2634 1473 cum
2667 1420 2755 1475 tali
2787 1421 3023 1480 homine.
3073 1425 3209 1482 Fera
3253 1444 3482 1500 namque
3504 1472 3518 1496 ,

1935 1508 2149 1579 quando
2179 1511 2344 1566 semel
2385 1512 2681 1581 eicuratur,
2729 1529 2879 1570 suam
2927 1527 3105 1573 servat
3132 1520 3335 1590 legem;
3371 1524 3516 1578 illum

1935 1609 2116 1657 autem
2138 1603 2351 1671 quoties
2373 1604 2690 1673 placaveris,
2716 1607 2871 1663 toties
2893 1608 3083 1664 iterum
3106 1611 3386 1681 efferatur;
3419 1616 3520 1672 sibi

1937 1697 2079 1752 enim
2106 1697 2341 1752 habitum
2370 1698 2529 1754 talem
2553 1700 2718 1755 semel
2748 1702 3040 1758 constituit.
3065 1704 3214 1760 Sicut
3238 1708 3378 1762 enim
3406 1708 3522 1765 dies

1936 1803 2157 1843 serenus
2180 1797 2235 1844 et
2262 1789 2435 1853 lmtus,
2469 1801 2522 1845 et
2546 1790 2717 1847 hiems
2736 1792 3021 1848 admodum
3046 1795 3231 1862 tristis,
3257 1801 3521 1865 contraria

1936 1887 2060 1933 sunt
2089 1896 2101 1933 :
2134 1879 2203 1933 ita
2229 1879 2468 1935 iracundi
2495 1890 2549 1936 et
2569 1883 2830 1938 mansueti
2855 1884 3065 1940 animae.
3089 1887 3156 1941 At
3180 1888 3412 1944 nondum
3434 1905 3519 1957 ea,

1937 1986 2057 2039 qua:
2088 1972 2140 2024 in
2173 1972 2307 2026 alios
2337 1981 2557 2027 manant
2597 1974 2931 2030 incommoda
2953 2018 2967 2042 ,
2997 1977 3089 2032 sed
3122 1994 3238 2048 qua:
3264 1981 3364 2037 sibi
3395 1981 3522 2051 ipsis

1938 2060 2175 2116 inferunt
2215 2062 2508 2118 videamus.
2544 2066 2703 2135 Atqui
2756 2065 2859 2121 hoc
2890 2083 2996 2123 non
3025 2084 3245 2139 parvum
3295 2081 3379 2127 est
3424 2074 3523 2128 da—

1938 2170 2143 2218 mnum,
2160 2155 2319 2209 alium
2338 2156 2535 2212 damno
2552 2157 2801 2214 afficere:
2823 2177 3006 2216 verum
3030 2163 3241 2218 interim
3262 2165 3384 2220 illud
3397 2182 3526 2221 con-

1937 2247 2258 2302 sideremus.
2279 2248 2407 2315 Quis
2428 2249 2664 2305 carnifex
2687 2251 2765 2306 sic
2787 2251 2951 2306 latera
2974 2252 3270 2311 dilacerare
3293 2259 3522 2326 poterit?

1937 2354 2058 2407 quae
2088 2355 2247 2393 verua
2296 2339 2456 2410 ignita
2486 2342 2564 2397 sic
2590 2358 2785 2412 corpus
2826 2346 3173 2415 transfigere?
3215 2350 3334 2419 quis
3380 2352 3526 2408 furor

1940 2429 2012 2482 ita
2038 2444 2068 2483 a
2098 2444 2226 2483 sana
2255 2439 2434 2485 mente
2458 2433 2682 2497 excutit,
2710 2442 2764 2489 ut
2794 2435 2868 2489 ira
2895 2446 2950 2491 et
2969 2437 3157 2493 furor?
3183 2440 3374 2496 Multos
3402 2442 3522 2497 novi

1938 2520 2029 2590 qui
2059 2522 2126 2576 ab
2154 2522 2422 2578 iracundia
2457 2524 2507 2577 in
2540 2524 2757 2580 morbos
2785 2527 3121 2583 inciderunt:
3148 2530 3230 2585 ha:
3254 2543 3372 2586 sunt
3397 2549 3523 2603 gra-

1939 2615 2173 2669 vissima:
2202 2616 2443 2671 omnium
2473 2617 2666 2673 febres.
2700 2619 2851 2685 Quod
2892 2621 2936 2675 si
2975 2637 3169 2692 corpus
3209 2624 3278 2679 ita
3324 2626 3524 2680 labefao

1939 2715 2106 2770 olent,
2129 2706 2361 2762 animam
2384 2709 2578 2779 engita.
2598 2709 2675 2764 Ne
2692 2712 3049 2779 ratiociucris,
3072 2715 3191 2785 quia
3215 2732 3320 2770 non
3342 2717 3524 2785 vides;

1939 2800 2032 2855 sed
2061 2801 2256 2870 cogita,
2287 2802 2427 2871 quod
2460 2804 2503 2857 si
2534 2803 2580 2857 is
2607 2803 2696 2873 qui
2724 2806 2983 2861 malitiam
3011 2810 3245 2878 concipit
3272 2813 3341 2863 ita
3374 2811 3525 2865 hedi-

1942 2903 2048 2954 tur,
2094 2894 2144 2948 id
2188 2895 2327 2964 quod
2374 2896 2465 2949 ille
2504 2897 2677 2966 pariet
2719 2908 2975 2968 quantum
3019 2900 3270 2956 damnum
3306 2902 3528 2958 all‘erct?

1940 2987 2089 3042 Multi
2120 2989 2306 3042 oculos
2330 2989 2678 3059 perdiderunt
2699 3033 2713 3055 ,
2751 2993 2903 3047 mulli
2935 2994 2984 3047 in
3014 2995 3363 3064 gravissimos
3394 2997 3528 3051 inci-

1942 3079 2073 3135 dere
2102 3081 2335 3134 morbos.
2367 3081 2466 3147 Qui
2494 3097 2621 3137 vero
2648 3082 2856 3138 fortiter
2884 3085 3115 3148 tolerat,
3156 3089 3330 3142 omnia
3376 3089 3529 3144 facile

1941 3168 2095 3225 feret.
2124 3172 2371 3226 Attamen
2400 3172 2525 3227 licet
2549 3182 2656 3227 tam
2683 3189 2908 3229 onerosa
2938 3176 3229 3247 praecipiat,
3259 3187 3309 3231 et
3337 3178 3529 3237 horum

1942 3263 2245 3318 mercedem
2287 3263 2587 3331 gehennam
2631 3276 2929 3336 proponat,
2978 3268 3100 3323 licet
3150 3270 3239 3325 ille
3284 3270 3527 3327 diabolus

1943 3355 2034 3414 sit.
2061 3364 2116 3408 et
2146 3355 2335 3410 salutis
2363 3366 2560 3411 nostra:
2592 3358 2859 3421 inimicus,
2889 3364 3058 3430 magis
3086 3361 3159 3415 illi
3186 3362 3527 3430 obtempera-

1946 3463 2065 3502 mus
2089 3488 2105 3514 ,
2138 3464 2294 3519 quam
2326 3449 2543 3504 Christo
2571 3450 2839 3506 Servatori
2866 3494 2880 3515 ,
2916 3453 3235 3509 benefactori
3262 3496 3277 3518 ,
3314 3466 3367 3510 et
3406 3457 3529 3511 talia

1944 3539 2164 3606 dicenti,
2195 3557 2315 3611 qua:
2337 3550 2393 3598 et
2420 3543 2688 3610 suaviora,
2714 3553 2769 3598 et
2793 3545 3002 3600 utiliora
3025 3554 3171 3613 sunt,
3197 3546 3456 3617 nobisque
3477 3559 3533 3602 et

1946 3632 2423 3689 contubernalibus
2471 3650 2663 3706 magna
2715 3635 2853 3691 bona
2904 3637 3204 3695 conferant.
3258 3638 3400 3694 Nihil
3453 3639 3530 3693 ira

1946 3724 2121 3794 pejus,
2140 3724 2353 3787 dilecte,
2372 3734 2427 3781 et
2446 3726 2820 3796 intempestivo
2839 3728 3017 3784 furore
3036 3746 3050 3783 :
3069 3745 3177 3785 non
3198 3729 3300 3786 fert
3321 3730 3531 3801 longam

1949 3832 2185 3883 moram;
2213 3826 2402 3874 acutus
2431 3828 2515 3874 est
2546 3820 2787 3876 morbus.
2806 3820 2959 3891 Saepe
2979 3823 3101 3892 quis
3123 3823 3344 3877 verbum
3366 3839 3432 3879 ex
3456 3825 3531 3878 ira

1952 3911 2176 3979 profert,
2204 3909 2346 3979 quod
2375 3920 2432 3964 ut
2456 3920 2688 3980 reparet,
2718 3921 2825 3966 tuta
2853 3914 2956 3967 vita
2981 3928 3115 3983 opus
3136 3913 3329 3976 habet;
3357 3924 3411 3969 et
3434 3914 3535 3968 ali-

1954 4001 2079 4072 quid
2107 4014 2382 4071 operatur,
2404 4003 2545 4073 quod
2568 4012 2730 4058 totam
2752 4005 2867 4073 ejus
2887 4006 3046 4059 vitam
3067 4003 3357 4063 subvertet.
3383 4009 3532 4075 Quod

1954 4104 2132 4149 autem
2161 4095 2532 4164 gravissimum
2560 4107 2640 4150 est
2662 4137 2677 4163 ,
2730 4096 2877 4151 brevi
2908 4105 3170 4167 tempore,
3205 4115 3310 4154 uno
3338 4115 3532 4168 opere,

1954 4202 2061 4240 uno
2086 4187 2250 4243 verbo
2274 4201 2415 4258 saepe
2440 4188 2658 4243 azternis
2684 4188 2956 4258 privamur
2986 4190 3158 4258 bonis,
3194 4192 3504 4247 innumeros

1954 4294 2060 4348 que
2087 4280 2240 4335 nobis
2268 4281 2503 4351 parimus
2530 4282 2762 4338 labores.
2792 4284 3330 4356 Quamobrem,rogo,
3359 4288 3544 4341 omnia

1956 4371 2231 4436 faciamus,
2262 4383 2322 4428 ut
2352 4373 2491 4429 hanc
2516 4373 2684 4429 feram
2714 4374 3008 4432 frenemus.
3034 4377 3297 4433 Cazterum
3327 4378 3443 4435 haec
3472 4379 3538 4433 de

1957 4467 2361 4522 mansuetudine
2388 4480 2440 4523 et
2468 4469 2545 4523 ira
2575 4469 2712 4523 dicta
2746 4471 2870 4524 sint.
2904 4469 2956 4524 Si
2990 4471 3109 4542 quis
3136 4487 3266 4527 vero
3293 4473 3391 4526 alia
3419 4488 3534 4528 ser-

1956 4572 2115 4611 mone
2142 4566 2352 4624 tractet,
2379 4568 2435 4613 ut
2464 4560 2736 4615 avaritiam
2759 4569 2812 4615 et
2834 4561 3139 4631 despectum
3167 4565 3535 4633 pecuniarum,
3596 4626 3613 4647 ἐ

1958 4650 2229 4706 lasciviam
2260 4661 2313 4706 et
2336 4653 2656 4720 castitatem,
2685 4653 2937 4708 invidiam
2968 4663 3022 4708 et
3051 4656 3535 4721 mansuetudinem,

1957 4742 2155 4813 illaque
2179 4755 2362 4798 mutuo
2387 4745 2647 4810 conferat,
2679 4746 2781 4800 alia
2810 4761 3025 4814 quoque
3053 4746 3362 4801 discrimina
3385 4748 3536 4802 sciet.

1957 4833 2179 4888 Vidistis
2205 4876 2218 4898 ,
2266 4835 2534 4904 quomodo
2563 4852 2627 4890 ex
2662 4838 2940 4905 praeceptis
2969 4845 3169 4891 tantum
3218 4848 3272 4893 et
3314 4840 3453 4894 Deus
3486 4851 3541 4894 et

1956 4924 2202 4981 diabolus
2247 4927 2713 4983 internoscantur?
2757 4927 3200 4996 Ohtemperemus
3234 4944 3363 4998 ergo
3393 4930 3502 4983 Deo
3523 4971 3537 4987 .

1959 5034 2135 5089 neque
2161 5035 2261 5074 nos
2287 5023 2338 5073 in
2368 5019 2616 5074 barathra
2646 5019 3023 5088 eonjiciamus:
3053 5019 3148 5074 sed
3173 5020 3295 5074 dum
3329 5031 3542 5088 tempus

1959 5120 2060 5179 est,
2090 5112 2368 5168 abluamus
2394 5113 2571 5167 omnia
2596 5128 2715 5181 qua:
2740 5112 2969 5166 animam
2999 5111 3222 5176 ft'edant,
3257 5123 3314 5168 ut
3338 5124 3539 5169 ωιιτιιιι

1959 5218 2349 5275 consequamur
2374 5205 2509 5259 bona
2530 5244 2544 5265 .
2574 5205 2742 5274 gratia
2771 5214 2825 5260 et
2849 5204 3174 5275 benignitate
3204 5207 3410 5261 Domini
3444 5222 3547 5262 no-

1959 5297 2056 5353 stri
2081 5297 2207 5353 Jesu
2237 5297 2451 5363 Christi,
2479 5298 2689 5367 quicum
2712 5298 2857 5353 Patri
2881 5314 3088 5370 unaque
3110 5300 3331 5370 Spiritui
3355 5309 3541 5356 saneto

1959 5388 2147 5461 gloria,
2168 5388 2468 5459 imperium,
2494 5389 2685 5459 honor,
2713 5404 2854 5446 nunc
2876 5400 2929 5446 et
2949 5404 3181 5461 semper,
3203 5392 3325 5447 etin
3347 5391 3541 5450 smcula

1958 5480 2297 5537 saeculorum.
2341 5480 2528 5535 Amen.
