4024 6536
475 402 545 467 ϐδ
1136 403 1193 460 S.
1234 402 1513 461 JOANNIS
1550 396 2016 458 CllRYSOSTOMl
2056 396 2374 454 ARCIIIEP.
2415 397 2947 457 CONS'I'ANTINOP.
3671 408 3743 465 (η

466 553 2617 580 W

1863 632 2211 696 HOMILIA
2270 634 2410 697 VII.

459 783 590 842 CAP.
619 783 675 839 Ξ.
700 799 750 837 v.
775 783 863 838 57.
895 780 989 838 His
1008 792 1175 835 autem
1206 782 1411 841 auditis.
1430 781 1720 851 compuncti
1739 790 1856 835 sunt
1878 779 2048 844 corde,

530 888 577 930 et
606 876 838 929 dixerunt
861 876 928 927 ad
953 874 1160 928 Petrum
1187 884 1234 928 et
1258 875 1325 927 ad
1352 871 1570 943 reliquos
1590 872 1846 942 apostolos
1873 889 1890 924 :
1916 872 2053 937 Quid

535 967 800 1037 faciemus,
827 965 919 1018 viri
942 968 1124 1035 fratres
1144 966 1170 1019 Ρ

534 1059 585 1111 1.
640 1055 977 1109 Mansuetudo
1004 1066 1249 1125 quantum
1276 1056 1478 1109 bonum.
1497 1085 1568 1094 -ο
1585 1054 1769 1108 Viden'
1796 1062 2051 1123 quantum

458 1149 528 1205 sit
550 1147 903 1203 mansuetudo
932 1147 1167 1203 bonum?
1201 1148 1325 1202 llmc
1355 1148 1542 1218 magis,
1572 1162 1729 1215 quam
1761 1147 2049 1200 vehemen-

462 1243 533 1295 tia
570 1240 855 1311 quaelibet,
884 1239 1047 1294 corda
1094 1251 1274 1294 nostra
1319 1239 1648 1309 compungit,
1680 1249 1733 1294 et
1761 1239 2052 1293 acutiorem

462 1330 649 1402 inﬂigit
674 1332 902 1401 plagam.
925 1331 1072 1386 Sicut
1103 1331 1245 1385 enim
1278 1331 1364 1399 qui
1392 1331 1651 1385 obdurata
1680 1346 1904 1399 corpora
1933 1346 2054 1400 per-

461 1424 612 1485 cutit,
648 1438 753 1476 non
781 1431 887 1477 tam
918 1423 1093 1477 valide
1121 1436 1338 1476 sensum
1370 1421 1566 1487 allicit;
1596 1422 1692 1477 sed
1718 1423 1761 1475 si
1792 1422 1879 1475 illa
1908 1421 2055 1490 prius

462 1516 719 1584 emolliat,
757 1525 881 1571 tunc
910 1517 1085 1571 acrius
1128 1516 1311 1586 pungit
1338 1533 1350 1567 :
1382 1518 1450 1569 ita
1478 1523 1534 1570 et
1560 1514 1648 1571 hic
1671 1515 1818 1584 prius
1843 1522 2056 1584 oportet

463 1611 727 1677 emollire,
759 1619 812 1665 et
843 1621 966 1664 lltllc
1012 1625 1267 1679 pungere.
1321 1608 1538 1663 Emollit
1565 1620 1743 1663 autem
1765 1650 1781 1675 ,
1813 1623 1919 1662 non
1951 1608 2050 1671 ira,

466 1718 572 1757 non
602 1702 892 1759 vehemens
943 1701 1212 1755 accusatio
1235 1741 1251 1766 ,
1280 1717 1384 1754 non
1413 1700 1708 1755 convicium
1735 1715 1750 1759 ;
1782 1699 1875 1754 sed
1907 1713 2056 1753 man-

465 1794 692 1851 suetudo
732 1814 745 1849 :
787 1796 938 1849 furor
986 1797 1130 1849 enim
1178 1804 1337 1864 anget
1386 1795 1671 1859 morbum,
1707 1792 2057 1848 mansuetudo

465 1888 724 1943 eliminat.
781 1885 962 1957 Itaque
999 1888 1043 1941 si
1090 1886 1224 1941 velis
1251 1886 1576 1956 quempiam,
1618 1886 1707 1955 qui
1755 1894 1806 1940 te
1836 1884 2054 1952 laeserit,

466 1983 756 2051 corripere.
783 1981 932 2035 illum
955 1996 1075 2035 cum
1101 1979 1507 2034 mansuetudine
1534 1993 1720 2048 magna
1744 1977 2053 2047 aggredere.

474 2074 605 2129 Vide
644 2075 786 2128 enim
817 2073 917 2128 hoc
946 2073 1062 2127 loco
1103 2072 1230 2143 quid
1275 2071 1770 2125 faciatzmansuete
1797 2070 1903 2124 illis
1930 2068 2060 2123 faci-

468 2181 599 2222 nora
640 2181 733 2221 sua
778 2166 831 2219 in
870 2175 1102 2220 mentem
1157 2174 1395 2230 revocat,
1437 2173 1492 2219 et
1537 2163 1667 2217 nihil
1715 2162 1930 2232 adjicit;
1964 2160 2057 2217 Dei

466 2258 665 2312 donum
720 2266 973 2321 enarrat,
1022 2256 1170 2310 addit
1219 2258 1443 2325 gratiam
1474 2256 1525 2309 in
1566 2270 1742 2309 rerum
1790 2265 2056 2324 gestarum

466 2350 828 2405 testimonium
849 2390 865 2416 ,
895 2358 949 2403 et
974 2348 1199 2403 ulterius
1227 2362 1530 2402 sermonem
1562 2345 1825 2415 produCit.
1882 2345 2057 2400 Reve-

464 2446 552 2501 riti
583 2456 701 2499 sunt
728 2444 868 2499 Petri
895 2442 1378 2506 mansuetudinem,
1403 2441 1523 2511 quia
1550 2441 1631 2504 iis,
1656 2441 1745 2509 qui
1775 2439 2057 2493 Dominum

465 2554 619 2593 suum
651 2537 1044 2599 crncitixerant,
1073 2545 1128 2591 et
1152 2545 1340 2590 contra
1372 2536 1514 2605 ipsos
1538 2535 1736 2589 caulem
1763 2533 2055 2602 spirabant,

468 2631 618 2699 quasi
667 2639 817 2700 pater
864 2640 918 2684 et
958 2629 1211 2699 magister
1265 2629 1401 2682 bene
1443 2627 1665 2683 allectus
1725 2627 2057 2696 loquebatur.

466 2725 578 2785 Nec
622 2726 936 2795 simpliciter
964 2739 1166 2778 morem
1193 2734 1495 2792 gesserunt,
1536 2722 1628 2776 sed
1656 2721 1896 2775 ctiamse
1917 2722 2062 2790 ipsos

467 2820 829 2875 damnarunt:
854 2818 905 2872 in
928 2832 1144 2873 sensum
1168 2823 1434 2870 venerunt
1457 2829 1639 2867 eorum
1661 2829 1779 2883 qum
1800 2812 2058 2867 fecerant.

464 2910 585 2965 Non
632 2910 777 2965 enim
822 2909 1063 2979 permisit
1117 2907 1235 2962 illos
1286 2905 1465 2960 furore
1512 2905 1731 2973 corripi,
1778 2915 1831 2958 et
1882 2913 2061 2959 mente

466 3002 848 3066 obtenebrari;
883 2999 979 3055 sed
1025 3015 1120 3071 per
1150 2998 1523 3062 lnnnilitatem,
1556 2997 1808 3066 dissipata
1832 2997 2059 3067 quadam

466 3094 846 3167 indignationis
872 3093 1085 3157 nebula,
1110 3093 1186 3147 sic
1214 3092 1419 3145 facinus
1451 3089 1577 3145 illud
1604 3090 1733 3160 ipsis
1763 3104 2059 3159 reprazsen-

469 3192 620 3245 tavit.
661 3189 768 3244 Res
801 3187 945 3243 enim
973 3187 1051 3241 sic
1079 3185 1325 3240 usuvenit
1356 3199 1370 3237 :
1400 3183 1613 3253 quando
1641 3182 1955 3253 quibusdam
1983 3183 2063 3237 di-

467 3284 637 3338 cimus
663 3294 761 3335 nos
789 3280 946 3335 hesos
982 3278 1167 3343 fuisse,
1207 3277 1280 3331 illi
1324 3286 1585 3332 conantur
1610 3274 1979 3330 demonstrare
2002 3290 2062 3329 se

469 3391 575 3429 non
608 3373 847 3437 laesisse;
878 3386 1001 3426 cum
1029 3370 1403 3425 vero-dicimus
1425 3382 1525 3422 nos
1551 3383 1655 3422 non
1686 3369 1841 3422 hesos
1872 3366 2057 3432 fuisse,

471 3466 566 3522 sed
591 3466 764 3536 potius
786 3464 1009 3530 ltesisse,
1044 3463 1119 3518 illi
1148 3471 1332 3518 contra
1366 3462 1628 3516 nituntur.
1652 3460 1833 3531 Itaque
1858 3462 1902 3515 si
1930 3460 2062 3515 velis

469 3573 613 3621 eum,
650 3557 741 3627 qui
769 3556 963 3626 injuste
992 3555 1123 3625 egit,
1157 3556 1207 3609 in
1238 3568 1465 3624 agonem
1486 3553 1774 3622 conjicere,
1806 3569 1871 3606 ne
1896 3568 2060 3606 accu-

470 3664 558 3704 ses
584 3647 767 3712 illum;
795 3646 888 3702 sed
914 3661 1013 3717 pro
1039 3646 1130 3700 illo
1155 3646 1400 3710 decerta,
1432 3656 1486 3700 et
1514 3645 1600 3700 ille
1622 3659 1743 3699 sese
1769 3645 2057 3698 accusabit.

470 3742 875 3798 Contentiosum
902 3742 1045 3797 enim
1076 3748 1159 3795 est
1181 3754 1350 3810 genus
1378 3739 1673 3793 hominum.
1725 3738 1837 3793 Hoc
1873 3738 2062 3794 Petrus

471 3834 599 3891 fecit
625 3851 638 3887 :
672 3849 778 3888 non
805 3831 923 3887 illos
944 3831 1289 3887 vehementer
1306 3830 1597 3893 accusavit,
1619 3827 1713 3883 sed
1738 3839 1961 3883 conatus
1982 3835 2064 3881 est

473 3935 730 3998 quantum
780 3933 992 3996 poterat
1012 3923 1132 3979 illos
1160 3931 1440 3977 mansuete
1477 3920 1796 3984 defendi-re;
1839 3920 2063 3989 ideoque

474 4018 689 4074 illorum
718 4016 928 4071 animos
960 4013 1291 4083 perstrinxit.
1347 4012 1413 4066 Et
1457 4011 1721 4068 undenam
1752 4010 1917 4080 liquet
1945 4012 2063 4066 illos

474 4120 821 4183 compunctus
865 4108 1068 4164 fuisse?
1118 4107 1196 4162 Ex
1239 4108 1474 4178 ipsorum
1515 4105 1710 4161 verbis.
1752 4103 1888 4172 Quid
1919 4104 2061 4159 enim

475 4206 694 4261 dicunt?
738 4203 872 4270 Quid
898 4202 1161 4271 faciemus,
1196 4201 1288 4253 viri
1315 4200 1538 4262 fratres?
1577 4199 1720 4266 Quos
1748 4199 2064 4267 deceptores

476 4300 756 4359 Vocabant,
789 4296 978 4351 fratres
1027 4310 1168 4349 nunc
1207 4292 1512 4362 appellant;
1542 4308 1644 4346 non
1677 4291 1819 4361 quod
1848 4305 1908 4344 sc
1935 4289 2063 4358 ipsis

476 4402 841 4463 exzequarent,
869 4390 962 4447 sed
992 4389 1134 4461 quod
1164 4388 1282 4443 illos
1324 4387 1393 4441 ad
1418 4387 1500 4440 sui
1529 4400 1768 4440 amorem
1797 4394 1849 4438 et
1877 4398 2063 4438 curam

482 4486 877 4560 pertraherent.
929 4484 998 4537 At
1028 4481 1283 4550 alioquin,
1316 4488 1592 4547 postquam
1626 4478 1746 4531 illos
1774 4477 1852 4531 sic
1877 4476 2058 4544 appel-

479 4579 591 4632 lare
621 4574 819 4647 dignati
851 4572 1080 4635 fuerant,
1114 4578 1169 4626 et
1192 4571 1457 4634 dixerant,
1488 4567 1623 4632 Quid
1650 4565 1928 4636 faciemus?
1957 4581 2061 4619 non

392 4656 397 4661 I
477 4672 659 4727 statim
695 4669 944 4724 dixerunt
971 4684 987 4724 :
1020 4667 1158 4733 Ergo
1190 4663 1556 4733 paenitentiam
1604 4675 1860 4731 agamus;
1890 4658 1982 4714 sed
2007 4673 2065 4712 se

480 4764 586 4819 illis
632 4761 1010 4833 permiserunt.
1060 4754 1520 4825 Quemadmodum
1561 4754 1681 4822 quis
1712 4753 1763 4806 in
1792 4751 2064 4820 naufragio

483 4855 567 4908 \cl
595 4854 645 4908 in
670 4851 858 4907 morbo
880 4850 1288 4920 gubernatorem
1315 4846 1394 4899 vel
1418 4843 1681 4898 medicum
1704 4844 2061 4913 conspiciens,

481 4945 658 5001 onmia
689 4942 766 4998 illi
790 4940 1038 4997 concedit
1072 4940 1278 5008 ipsique
1305 4936 1657 5004 obtemperat,
1687 4937 1754 4989 ita
1779 4944 1833 4990 et
1858 4934 1910 4988 hi
1936 4948 2065 4989 con-

482 5038 611 5093 tessi
633 5046 758 5091 sunt
778 5052 836 5090 se
857 5036 910 5091 in
937 5033 1192 5089 extremis
1223 5030 1423 5098 positos
1471 5029 1671 5082 riui-lam
1703 5028 1888 5082 salutis
1914 5043 2064 5097 spem

484 5129 703 5184 habere.
752 5127 819 5182 Et
847 5126 1155 5196 perpende:
1187 5139 1290 5178 nOn
1319 5124 1588 5187 dixerunt,
1620 5121 1898 5189 Quomodo
1935 5121 2063 5177 salvi

484 5236 719 5284 erimus;
763 5232 893 5281 seu,
929 5217 1063 5283 Quid
1117 5215 1396 5285 faciemus?
1443 5214 1580 5281 Quid
1636 5214 1793 5283 igitur
1840 5214 2069 5267 Petrus?

482 5314 689 5371 Rursus
711 5311 797 5365 hic
821 5326 943 5364 cum
973 5321 1161 5364 omnes
1190 5308 1641 5378 interrogarentur
1666 5350 1679 5368 .
1710 5309 1821 5377 ipse
1850 5322 2069 5375 rcSpon-

490 5404 601 5468 det,
628 5403 715 5458 58.
752 5400 1103 5455 Paenitentiam
1124 5400 1274 5470 agite,
1305 5400 1487 5453 dicens
1506 5441 1521 5465 ,
1547 5411 1592 5452 rt
1614 5402 1891 5469 haptizetur
1917 5410 2069 5454 unus-

487 5497 695 5568 quisque
719 5507 931 5550 vestrum
961 5495 1012 5548 iu
1043 5495 1244 5547 nomine
1268 5492 1391 5546 Jesu
1421 5494 1625 5547 Christi.
1650 5494 1890 5548 Nondum
1917 5494 2067 5558 dicit,

486 5589 736 5654 Credite;
784 5588 909 5655 sed,
937 5586 1235 5656 Baptizatur
1282 5586 1622 5654 unusquisque
1665 5596 1900 5640 vestrum.
1960 5587 2070 5639 lloc

489 5682 631 5737 enim
656 5681 706 5735 in
732 5679 1050 5750 baptismate
1072 5676 1423 5746 accipiebant.
1448 5675 1645 5730 Deinde
1666 5676 1868 5730 lucrum
1889 5686 2071 5732 osten-

488 5771 570 5824 dit
600 5788 614 5825 :
640 5769 708 5824 In
754 5770 1095 5824 remissionem
1126 5776 1444 5838 peccatorum
1469 5782 1488 5830 ,'
1517 5778 1563 5819 et
1589 5766 1840 5835 accipietis
1883 5769 2071 5821 donum

498 5860 718 5936 Spiritus
736 5866 915 5920 sancti.
945 5863 999 5922 Si
1027 5863 1223 5921 donum
1248 5862 1519 5934 accepturi
1547 5862 1699 5931 estis,
1722 5862 1768 5917 si
1796 5862 2070 5920 remissio-

2161 794 2284 833 nem
2311 778 2471 835 habet
2497 779 2780 849 baptisma.
2812 795 2910 835 cur
2935 780 3298 835 cunctamini?
3329 782 3529 835 Deinae
3557 779 3758 849 proba-

2158 872 2402 928 biliorem
2433 874 2662 930 reddens
2718 890 3021 931 sermonem
3048 916 3063 942 ,
3106 875 3423 945 subjnnxit:
3456 876 3545 931 59.
3595 873 3754 928 Vobis

2158 967 2291 1019 enim
2318 976 2390 1021 est
2415 968 2758 1039 repromissio.
2808 969 2954 1023 Hanc
2983 979 3037 1021 et
3066 969 3172 1032 hic,
3203 984 3362 1039 quam
3393 969 3639 1039 superius
3674 967 3757 1020 di-

2160 1067 2327 1112 xerat.
2358 1058 2425 1111 Et
2451 1060 2572 1127 ﬁliis
2594 1062 2785 1124 vestris,
2817 1062 3003 1130 inquit.
3030 1059 3193 1131 Igitur
3213 1062 3389 1129 majus
3414 1072 3496 1115 est
3521 1060 3749 1125 donum,

2158 1149 2374 1219 quando
2404 1150 2666 1205 bonorum
2698 1153 2857 1207 etiam
2884 1152 3127 1207 haeredes
3158 1152 3375 1207 habent.
3408 1151 3473 1205 Et
3494 1153 3746 1214 omnibus,

2159 1239 2347 1310 inquit,
2370 1242 2459 1309 qui
2482 1244 2630 1312 longe
2666 1253 2805 1298 sunt.
2856 1244 2912 1299 Si
2946 1245 3009 1298 iis
3040 1245 3129 1315 qui
3160 1244 3339 1315 longe,
3374 1245 3542 1298 multo
3581 1246 3753 1313 magis

2158 1332 2310 1386 vobis
2351 1334 2439 1403 qui
2490 1350 2677 1404 prope.
2738 1335 3087 1406 Quoscumque
3137 1337 3452 1391 advocaverit
3500 1336 3753 1393 Dominus

2158 1423 2298 1479 Deus
2331 1437 2518 1480 noster.
2568 1427 2701 1483 Vide
2742 1428 2957 1499 quando
2998 1428 3161 1497 dicat,
3191 1427 3265 1485 Iis
3300 1431 3385 1501 qui
3424 1431 3570 1501 longe
3611 1439 3751 1484 sunt.

2158 1517 2382 1585 Quando
2430 1518 2562 1573 vidit
2602 1521 2718 1575 illos
2757 1521 2858 1576 sibi
2892 1522 3134 1591 proprios
3161 1532 3216 1577 et
3239 1536 3360 1577 sese
3402 1522 3745 1576 damnantes.

2159 1608 2349 1663 Anima
2378 1611 2520 1665 enim
2560 1610 2773 1681 quando
2800 1613 3031 1683 seipsam
3076 1613 3448 1679 damnaverit,
3481 1630 3584 1668 non
3614 1615 3750 1668 ultra

2158 1701 2357 1770 poterit
2403 1702 2662 1757 invidere.
2691 1704 2779 1759 40.
2825 1705 2953 1758 Aliis
2977 1705 3127 1759 etiam
3151 1705 3310 1759 rerbis
3338 1706 3569 1776 plurimis
3607 1708 3751 1759 testia

2161 1796 2344 1863 ﬁcatus
2372 1806 2464 1863 est,
2491 1805 2535 1849 et
2566 1796 2943 1862 exhortabatur,
2971 1798 3165 1851 dicens.
3226 1798 3353 1851 Vide
3383 1798 3527 1852 illum
3555 1798 3753 1867 ubique

2161 1888 2395 1944 breviter
2418 1890 2747 1958 loquentem,
2776 1906 2882 1945 non
2926 1891 3291 1955 ambitiosum,
3327 1906 3432 1946 non
3461 1901 3753 1946 ostentum-

2160 1994 2297 2034 retn.
2349 1979 2670 2048 Testiﬁcatus
2695 1992 2788 2046 est,
2820 1982 3011 2052 inquit,
3053 1994 3101 2037 et
3142 1983 3519 2041 exhortabatur.
3552 1984 3746 2038 dicens.

2162 2070 2288 2126 llaec
2318 2071 2550 2140 perfecta
2580 2072 2822 2127 doctrina
2868 2084 2972 2140 est,
3002 2091 3120 2144 quae
3152 2075 3275 2129 hinc
3319 2078 3584 2138 timorem.
3628 2076 3753 2131 inde

2162 2178 2399 2217 amorem
2433 2164 2611 2218 habet.
2659 2166 2945 2219 Salvamini
2987 2184 3019 2219 τι
3062 2169 3384 2238 generatione
3421 2169 3516 2221 ista
3572 2185 3751 2232 manu.

2162 2252 2300 2307 Nihil
2345 2254 2415 2309 de
2449 2254 2663 2321 futuris,
2710 2257 2803 2311 sed
2852 2257 2923 2313 de
2971 2260 3323 2327 [umentibus
3363 2260 3511 2325 dicit,
3559 2261 3755 2329 quibus

2163 2348 2401 2403 maxime
2430 2357 2712 2403 moventur
2737 2350 2983 2406 homines
3013 2370 3026 2406 :
3053 2352 3394 2422 ostenditque
3421 2354 3756 2422 pruadicatio-

2164 2456 2284 2495 nem
2316 2450 2371 2496 et
2406 2456 2435 2495 a
2485 2443 2839 2512 praesentibus
2865 2451 2921 2499 et
2946 2461 2975 2498 a
3017 2445 3209 2500 tuturis
3236 2462 3425 2501 eruere
3458 2448 3633 2501 malis.
3662 2448 3753 2503 «Η.

2166 2532 2268 2600 Qui
2293 2550 2412 2605 ergo
2443 2534 2650 2588 libenter
2687 2546 2985 2607 acceperunt
3022 2552 3303 2593 sermonem
3335 2541 3466 2610 ejus,
3515 2541 3756 2609 baptismi

2163 2636 2279 2679 sunt
2312 2641 2331 2679 .'
2356 2636 2404 2680 et
2432 2628 2681 2696 apposin
2714 2637 2832 2681 sunt
2871 2629 2924 2682 in
2958 2629 3041 2683 die
3067 2630 3161 2683 illa
3189 2632 3374 2684 anima:
3420 2633 3621 2687 circiter
3657 2634 3757 2688 tria

2164 2720 2347 2773 millia.
2373 2721 2541 2786 Quam
2582 2732 2735 2789 putas
2776 2720 2897 2785 hoc,
2928 2722 3098 2793 magis
3119 2739 3276 2792 quam
3305 2725 3512 2794 signum
3541 2736 3759 2795 aposto-

2166 2812 2248 2866 los
2291 2813 2601 2867 recreasse‘?
2631 2814 2721 2868 ιε.
2769 2813 2933 2869 Erant
2960 2825 3133 2869 autem
3177 2827 3543 2887 perseverantes
3569 2820 3755 2872 unani-

2165 2905 2311 2958 miter
2338 2906 2391 2959 in
2418 2906 2647 2960 doctrina
2672 2907 3040 2978 apostolorum,
3063 2919 3109 2963 et
3130 2910 3602 2964 communicatione.
3629 2911 3760 2965 Dure

2165 2997 2410 3062 virtutes,
2441 3008 2497 3054 et
2521 2999 2661 3069 quod
2694 3012 3125 3069 perseverarent,
3158 3002 3378 3072 etquod
3411 3003 3757 3058 unanimiter.

2167 3090 2278 3145 Iloc
2301 3100 2480 3145 autem
2500 3091 2650 3156 dixit,
2678 3101 2737 3146 ut
2758 3092 3008 3148 ostendat
3028 3093 3169 3164 quod
3193 3092 3350 3164 longo
3374 3103 3615 3165 tempore
3636 3094 3760 3149 illos

2164 3184 2464 3239 docuerint.
2512 3184 2580 3238 Et
2607 3186 3098 3253 communicatione,
3131 3195 3180 3240 et
3208 3188 3454 3259 fractione
3499 3189 3678 3256 panis,
3710 3199 3760 3242 et

2165 3279 2413 3333 oratione.
2462 3277 2653 3333 Omnia
2695 3281 3087 3345 communiter,
3119 3282 3297 3335 otnnia
3330 3296 3447 3335 cum
3500 3298 3764 3351 pensare:

2165 3370 2334 3424 rantia
2368 3369 2629 3435 fecerunt,
2678 3371 2868 3441 inquit.
2891 3371 2983 3426 45.
3015 3370 3061 3424 F
3063 3371 3195 3424 iebat
3224 3382 3388 3425 autem
3415 3374 3551 3426 omni
3571 3373 3763 3426 animae

2166 3456 2547 3534 [credentium]
2589 3462 2757 3516 timor.
2814 3462 2985 3516 Multa
3032 3480 3228 3533 quoque
3280 3464 3509 3535 prodigia
3538 3474 3585 3518 et
3612 3466 3763 3535 signa

2166 3567 2255 3620 per
2273 3554 2529 3621 apostolos
2556 3555 2762 3623 ﬁebant.
2796 3555 3007 3611 Merito.
3048 3556 3232 3626 Neque
3257 3558 3399 3612 enim
3430 3567 3486 3612 ut
3510 3559 3765 3628 vulgares

2167 3643 2410 3700 homines
2459 3646 2847 3715 deSpiciebant,
2908 3663 3080 3718 neque
3135 3649 3294 3702 rebus
3341 3650 3442 3704 sub
3478 3660 3762 3720 aspectum

2164 3736 2479 3791 cadentibus
2524 3735 2871 3792 attendebant
2895 3779 2910 3801 ,
2940 3738 3035 3792 sed
3085 3738 3300 3792 incensa
3341 3752 3455 3793 erat
3485 3756 3641 3797 mens
3664 3756 3761 3793 eo-

2165 3844 2304 3883 rum.
2338 3827 2472 3897 Quia
2498 3829 2642 3882 enim
2673 3829 2836 3883 multa
2858 3830 3104 3899 superius
3130 3830 3286 3885 verba
3310 3830 3514 3885 fuderat
3544 3832 3756 3898 Petrus,

2166 3921 2583 3992 ostenderatque
2610 3931 2665 3977 et
2693 3922 2950 3990 promissa
2978 3931 3033 3978 et
3054 3922 3249 3985 futura,
3281 3923 3401 3994 jure
3450 3935 3593 3979 metu
3633 3941 3760 3980 cor-

2166 4013 2303 4082 repti
2348 4022 2524 4078 erant,
2562 4022 2617 4068 et
2661 4013 2810 4084 signa
2856 4013 3014 4070 dictis
3059 4016 3428 4070 testimonium
3481 4015 3753 4075 furebant.

2166 4103 2313 4158 Sicut
2334 4103 2492 4174 igitur
2514 4103 2566 4158 in
2592 4101 2805 4159 Christo
2828 4105 3055 4172 prinmm
3085 4107 3255 4175 signa,
3281 4116 3460 4175 postea
3486 4107 3757 4174 doctrina,

2166 4195 2360 4250 deinde
2397 4196 2651 4251 miracula
2680 4213 2694 4250 :
2729 4196 2799 4251 ita
2822 4206 2876 4252 et
2899 4212 3060 4252 nunc.
3109 4199 3199 4252 44.
3233 4198 3419 4254 Omnes
3456 4208 3624 4253 autem
3669 4202 3764 4269 qui

2166 4292 2449 4355 credebant,
2485 4300 2627 4344 erant
2656 4292 2864 4358 pariter,
2894 4302 2941 4345 et
2971 4294 3215 4346 habebant
3241 4294 3410 4347 omnia
3443 4298 3758 4349 communia.

2169 4382 2323 4447 Vide,
2353 4392 2581 4452 quantus
2606 4384 2784 4438 statim
2815 4383 3109 4454 profectus.
3153 4384 3268 4439 Non
3300 4386 3441 4439 enim
3472 4387 3522 4439 in
3552 4391 3761 4443 oratio-

2171 4476 2326 4530 nibus
2375 4485 2580 4530 tantum
2611 4486 2729 4530 erat
2758 4478 3193 4543 communicatio,
3228 4494 3399 4546 neque
3430 4480 3480 4532 in
3512 4478 3762 4533 doctrina

2168 4570 2363 4633 solum,
2392 4570 2484 4624 sed
2511 4570 2672 4624 etiam
2708 4571 2760 4624 in
2796 4574 2919 4625 vitae
2954 4571 3236 4641 probitate.
3263 4572 3353 4626 45.
3406 4571 3767 4627 Possessiones

2167 4674 2215 4716 et
2242 4664 2545 4718 substantias
2568 4664 2884 4730 vendebant,
2913 4675 2961 4718 et
3000 4664 3282 4718 dividebant
3323 4666 3438 4719 illas
3480 4668 3713 4720 omnibus
3744 4710 3762 4732 ,

2172 4766 2323 4826 prout
2370 4758 2547 4826 cuique
2596 4774 2722 4827 opus
2770 4768 2896 4812 erat.
2950 4757 3121 4821 Vide,
3161 4768 3390 4827 quantus
3445 4759 3602 4813 timor
3654 4760 3767 4814 illis

2171 4848 2382 4903 accidit.
2436 4848 2502 4901 Et
2532 4849 2818 4903 dividebant
2844 4866 2949 4919 eas.
3000 4850 3133 4916 Hoc,
3166 4849 3366 4920 inquit,
3398 4849 3769 4920 dispensatio-

2172 4958 2293 4995 nem
2321 4942 2645 5012 signiticaus.
2689 4941 2850 4995 Prout
2875 4943 3051 5013 cuique
3079 4959 3205 5013 Opus
3233 4952 3360 4997 erat.
3382 4942 3497 4997 Non
3524 4942 3719 4998 frustra
3744 4986 3766 5010 ,

2172 5034 2620 5103 quemadmodum
2648 5034 2789 5104 apud
2814 5033 3032 5090 Graecns
3059 5034 3398 5103 philosophi.
3428 5036 3519 5089 alii
3559 5046 3768 5092 terram

2176 5124 2568 5194 relinquebant,
2596 5124 2687 5178 alii
2718 5125 2941 5179 multum
2972 5127 3085 5178 auri
3120 5127 3172 5179 in
3200 5142 3347 5181 mare
3374 5127 3767 5195 projiciebaut;

2174 5215 2313 5284 quod
2341 5230 2446 5269 non
2474 5216 2819 5284 pecuniarum
2873 5226 3213 5287 contemptus
3241 5228 3379 5283 erat,
3408 5219 3500 5272 sed
3531 5219 3768 5273 stultitia

2170 5316 2231 5361 et
2273 5307 2595 5376 insipientia.
2646 5310 2870 5378 Semper
2910 5310 3050 5363 enim
3098 5310 3302 5364 studuit
3347 5312 3616 5379 diabolus,
3668 5313 3770 5367 Dei

2175 5406 2449 5452 creaturas
2488 5399 2680 5468 ubique
2721 5400 3064 5466 calumniari,
3111 5403 3261 5470 quasi
3290 5418 3392 5456 non
3421 5412 3601 5472 posset
3642 5404 3776 5474 quis

2176 5490 2312 5545 bene
2354 5492 2427 5545 uti
2472 5494 2730 5561 pecuniis.
2781 5493 2869 5548 46.
2919 5493 3155 5559 Quotidie
3195 5511 3392 5565 quoyue
3431 5513 3772 5567 perseveran-

2177 5594 2249 5638 tes
2289 5584 2593 5637 unanimiter
2634 5584 2687 5637 in
2740 5593 2945 5655 temp.o.
3013 5585 3110 5640 llic
3156 5586 3371 5641 modum
3417 5586 3610 5655 docet,
3657 5601 3781 5654 quo

2177 5678 2416 5732 doctrina
2474 5676 2807 5734 fruebantur.

2247 5768 2301 5822 2.
2333 5767 2400 5822 Et
2426 5770 2692 5839 perpende
2717 5810 2731 5835 ,
2760 5770 3028 5840 quomodo
3068 5771 3201 5826 nihil
3240 5768 3379 5826 aliud
3410 5766 3645 5826 facerent
3669 5771 3782 5828 its—

2178 5863 2302 5935 dwi,
2342 5879 2442 5921 nec
2472 5879 2713 5935 parvum,
2744 5880 2844 5921 nec
2872 5880 3145 5937 magnum,
3185 5865 3279 5922 scd
3318 5864 3368 5921 in
3399 5866 3601 5937 templo
3624 5866 3780 5922 asst-
