4022 6364
578 234 649 290 65
1194 231 1255 289 S.
1290 230 1579 288 JOANNIS
1610 226 2096 286 CHRYSOSTOMI
2134 224 2459 283 ARCHIEP.
2499 222 3051 283 CONSTANTINOP.
3770 219 3844 275 66

578 355 673 407 καὶ
704 352 949 422 ἔχοντες
999 351 1175 422 χάριν
1200 352 1351 421 πρὸς
1377 352 1526 405 ὅλον
1546 351 1654 406 τὸν
1680 352 1855 405 λαόν.
1876 350 1979 403 Τὸν
1999 350 2163 420 ἄρτον

578 437 698 505 ἐμοὶ
720 437 865 489 δοκεῖ
888 436 1083 503 λέγων,
1112 436 1205 490 καὶ
1225 438 1322 507 τὴν
1345 435 1600 505 νηστείαν
1618 434 1851 488 ἐνταῦθα
1875 432 2162 503 σημαίνειν

579 523 671 573 καὶ
700 520 788 572 16v
823 519 1055 590 σκληρὸν
1089 519 1202 591 βίον
1224 535 1236 546 '
1276 520 1481 590 τροφῆς
1522 518 1660 591 γάρ,
1687 519 1749 571 οὐ
1774 518 1986 589 τρυφῆς
2024 532 2156 585 μετ-

472 622 479 629 '
580 605 907 673 ελάμϐανον.
948 605 1248 667 Ἐντεῦθεν,
1282 605 1554 674 ἀγαπητέ,
1586 604 1844 674 μάνθανε,
1879 604 1954 667 ὼς
1995 603 2095 672 οὐχ
2122 604 2156 673 ή

580 690 780 758 τρυφὴ,
812 687 969 740 611‘!l
1006 690 1039 757 ή
1072 690 1246 758 τροφὴ
1278 688 1376 757 τὴν
1406 688 1702 741 ἀπόλαυσιν
1751 689 1895 740 ποιεῖ
1915 705 1929 718 ·
1953 688 2049 740 καλ⁸
2084 685 2159 750 ὼς

579 773 627 822 οί
664 772 1069 840 τρυφῶντες,ἐν
1096 770 1263 840 λύπῃ.
1296 773 1343 823 οί
1376 772 1430 823 δὲ
1455 770 1529 840 μὴ
1558 771 1888 839 τρυφῶντες,
1919 772 1975 823 ἐν
1994 771 2156 841 χαρᾷ.

594 853 778 924 Ὁρᾷς,
808 856 886 907 ὅτι
918 856 967 907 οί
1017 854 1221 924 Πέτρου
1253 854 1399 921 λόγοι
1429 854 1521 906 καὶ
1552 853 1709 905 τοῦτο
1742 848 1909 923 εἶχον,
1952 853 2042 906 τὸν
2067 852 2161 905 τοῦ

587 938 703 1007 βίου
730 937 1105 1009 σωφρονισμόν
1124 937 1172 999 ι³;
1203 936 1385 998 Οὕτως
1409 937 1507 988 οὐκ
1534 936 1611 987 ἔνι
1635 936 1883 1003 γενέσθαι
1906 936 2164 1004 ἀγαλλία-

587 1039 694 1086 σιν,
732 1022 805 1092 μὴ
829 1021 1083 1090 ἀφελείας
1104 1022 1287 1091 οὐσης.
1322 1020 1428 1071 Καὶ
1472 1020 1608 1082 πῶς.
1632 1021 1818 1089 φησὶν,
1846 1016 2031 1087 Εἶχον
2058 1018 2165 1088 χά-

578 1122 682 1173 ριν
733 1105 882 1171 πρὸς
930 1104 1076 1157 ὅλον
1113 1103 1217 1157 τὸν
1249 1103 1437 1165 λαόν;
1471 1104 1547 1154 Δι’
1590 1096 1664 1155 ὧν
1696 1103 1912 1156 ἐποίουν
1943 1102 2030 1155 διὰ
2066 1102 2165 1171 τῆς

586 1188 976 1257 ἐλεημοσύνης.
997 1189 1085 1255 Μὴ
1121 1188 1230 1256 γάρ
1264 1204 1375 1254 μοι,
1404 1188 1452 1239 εί
1479 1188 1526 1239 οί
1559 1189 1834 1257 ἀρχιερεῖς
1860 1186 2166 1254 ἐπέστησαν

589 1272 769 1333 αὐτοῖς
788 1272 891 1323 ὐπὸ
917 1271 1111 1338 φθόνου
1140 1271 1232 1323 καὶ
1255 1270 1571 1339 βασκανίας,
1596 1269 1754 1322 τοῦτο
1778 1268 1912 1341 ίδῃς·
1940 1268 2055 1322 ἀλλ’
2084 1270 2165 1321 ὅτι

590 1354 726 1422 πρὸς
747 1353 838 1405 16v
862 1353 989 1405 λαὸν
1006 1355 1163 1423 χάριν
1186 1349 1347 1423 εἶχον.
1394 1353 1448 1404 '0
1480 1352 1548 1405 δὲ
1578 1353 1793 1421 Κύριος
1827 1352 2168 1419 προσετίθει

591 1435 733 1501 τοὺς
787 1436 1163 1503 σωζομένους
1219 1435 1351 1488 καθ’
1407 1434 1635 1503 ἡμέραν
1686 1432 1761 1502 τῇ
1822 1434 2164 1501 Ἐκκλησία.

593 1519 821 1584 Πάντες
847 1519 914 1570 δὲ
945 1522 999 1572 οἱ
1028 1519 1414 1583 πιστεύοντες
1436 1515 1597 1587 ἦσαν
1634 1518 1970 1572 ἐπιτοαυτό.
2012 1515 2169 1569 Οὕτω

594 1600 873 1671 πανταχοῦ
909 1602 1072 1654 καλὸν
1116 1604 1147 1672 ή
1181 1602 1421 1671 ὁμόνοια.
1462 1600 1720 1668 Ἐτέροις
1748 1617 1813 1653 τε
1839 1601 2044 1668 λόγοις
2081 1599 2167 1651 δι-

593 1686 977 1752 εμαρτύρατο.
1016 1684 1186 1736 Τοῦτο
1222 1679 1363 1745 εἶπε,
1401 1684 1635 1748 δεικνὺς,
1671 1684 1752 1735 ὅτι
1777 1682 1877 1735 οὐκ
1914 1683 2073 1753 ήρκει
2107 1681 2173 1734 τὰ

595 1766 852 1835 λεχθέντα
889 1783 901 1797 ·
957 1767 989 1837 ἢ
1049 1771 1141 1819 καὶ
1187 1769 1370 1819 ἐκεῖνα
1419 1766 1539 1836 μὲν,
1598 1765 1738 1819 ὥστε
1791 1766 1926 1837 πρὸς
1988 1765 2171 1817 πίστιν

595 1851 920 1920 ἐπαχθῆναι,
958 1851 1131 1904 ταῦτα
1159 1851 1235 1909 δὲ.
1258 1852 1379 1903 τίνα
1406 1850 1510 1921 χρὴ
1534 1850 1625 1903 τὸν
1659 1850 1847 1902 πιστὸν
1869 1854 2067 1913 ποιεῖν,
2097 1848 2172 1901 εἴ·

598 1952 778 2005 ρηται.
819 1937 924 1987 Καὶ
951 1937 1051 1988 οὐκ
1088 1934 1269 1999 εἶπεν,
1303 1936 1425 1988 Ἐπὶ
1472 1934 1550 2005 τῷ
1592 1934 1833 2004 σταυρῷ,
1865 1934 2003 1998 ἀλλ’,
2049 1932 2175 1985 Ἐπί

595 2016 676 2082 τῷ
705 2020 949 2087 ὀνόματι
983 2019 1177 2087 Ἰησοῦ
1201 2017 1460 2086 Χριστοῦ
1492 2017 1886 2085 βαπτισθήτω
1917 2016 2176 2082 ἕκαστος

594 2100 783 2168 ὑμῶν.
803 2102 938 2154 Οὐδὲ
961 2102 1370 2173 ἀναμιμνήσκει
1403 2102 1598 2163 αὐτοῦς
1624 2099 1861 2171 συνεχῶς
1889 2100 1982 2153 τοῦ
2012 2116 2176 2153 σταυ-

599 2182 717 2253 ροῦ,
753 2184 838 2236 ἵνα
875 2184 950 2255 μὴ
983 2184 1262 2247 ὀνειδίζειν
1300 2185 1447 2257 δόξῃ,
1482 2185 1596 2238 ἀλλ’
1630 2184 1835 2247 ἁπλῶς,
1870 2182 2175 2248 Μετανοή-

599 2282 765 2320 σατε.
801 2270 955 2337 φησι,
1002 2268 1101 2321 καί
1124 2268 1521 2336 βαπτισθήτω
1550 2268 1807 2334 ἕκαστος
1833 2269 1903 2320 ἐν
1930 2265 2010 2331 τῷ
2042 2266 2177 2321 ὀνό-

594 2365 734 2415 ματι
764 2350 960 2416 Ἰησοῦ
977 2352 1233 2419 Χριστοῦ
1256 2354 1341 2417 εὶς
1364 2352 1583 2420 ἄφεσιν
1604 2348 1919 2420 ἁμαρτιῶν.
1937 2351 2048 2403 Καὶ
2070 2350 2178 2421 μὴν

601 2432 801 2501 ἑτέρως
840 2437 950 2504 ἔχει
978 2435 1087 2487 τῶν
1110 2434 1343 2488 ἐνταῦθα
1382 2434 1747 2505 δικαστηρίων
1778 2435 1806 2485 6
1829 2431 1991 2502 νόμος
2012 2449 2026 2462 ο
2064 2433 2177 2485 ἀλλ’

601 2516 695 2567 ἐπὶ
722 2516 813 2569 τοῦ
867 2518 1219 2589 κηρύγματος
1251 2520 1379 2570 ὅταν
1425 2520 1453 2571 6
1476 2516 1811 2588 ἡμαρτηκὼς
1848 2517 2179 2589 ὁμολογήσῃ,

599 2600 724 2651 τότε
755 2600 1007 2663 σώζεται.
1036 2603 1197 2673 Ὅρα,
1234 2603 1351 2666 πῶς
1370 2603 1430 2655 οὐ
1454 2603 1514 2655 16
1548 2603 1729 2673 μεῖζον
1762 2602 2112 2674 παρέδραμεν
2152 2605 2180 2655 6

601 2682 839 2752 Πέτρος·
878 2683 992 2754 [58]
1032 2685 1167 2737 ἀλλὰ
1198 2687 1464 2755 πρότερον
1500 2684 1597 2755 τὴν
1629 2687 1788 2756 χάριν
1827 2684 2017 2747 εἰπὼν,
2061 2684 2181 2738 τότε

601 2764 699 2815 καὶ
726 2768 905 2818 ἐκεῖνο
944 2768 1212 2836 ἐπήγαγε,
1250 2768 1458 2833 λέγων’
1491 2768 1774 2836 Λήψεσθε
1815 2766 1929 2834 τὴν
1958 2767 2184 2834 δωρεὰν

602 2848 707 2900 τοῦ
728 2849 899 2919 ἁγίου
936 2853 1295 2920 Πνεύματος.
1350 2851 1689 2918 Ἀξιόπιστος
1712 2853 1740 2904 6
1761 2851 1918 2917 λόγος
1960 2851 2183 2904 αὐτόθεν

605 2929 667 2994 ἐξ
707 2925 782 2985 ὧν
817 2934 971 2986 αὐτοὶ⁵
1003 2934 1216 2989 ἔλαϐον.
1244 2935 1393 2999 Τέως
1422 2935 1531 3006 γάρ
1558 2937 1619 2988 16
1657 2935 1876 2988 εὕκολον
1914 2934 2062 3003 λέγει
2092 2934 2185 2987 καὶ

604 3016 804 3088 πολλὴν
822 3017 942 3087 ἔχον
965 3018 1191 3090 δωρεὰν,
1212 3020 1306 3072 καὶ
1322 3021 1444 3073 τότε
1466 3020 1559 3073 ἐπὶ
1584 3020 1674 3073 τὸν
1699 3020 1816 3091 βίον
1839 3020 1983 3088 ἄγει,
2008 3019 2180 3083 είδὼς,

604 3100 686 3153 ὃτι
716 3101 969 3165 ὑπόθεσις
1004 3103 1182 3165 αὐτοῖς
1215 3115 1236 3141 ε
1269 3103 1423 3157 ἔσται
1450 3103 1715 3173 σπουδῆς.
1755 3104 1815 3157 τὸ
1849 3104 1949 3175 ήδη
1987 3101 2185 3171 γεύσα-

610 3182 735 3236 σθαι
768 3184 877 3237 τῶν
902 3188 1170 3239 τοσούτων
1209 3186 1448 3255 ἀγαθῶν.
1495 3187 1646 3239 Ἐπεὶ
1669 3187 1724 3240 δέ
1747 3186 1928 3239 ἐπόθει
1956 3185 2185 3239 ἀκοῦσαι

606 3270 634 3321 6
661 3268 954 3338 ἀκροατὴς,
984 3269 1035 3322 τί
1065 3265 1131 3340 ἦν
1154 3269 1261 3322 τῶν
1302 3270 1562 3323 πλειόνων
1583 3271 1756 3338 λόγων
1781 3269 1841 3322 τὸ
1869 3269 2182 3338 κεφάλαιον,

608 3352 704 3403 καὶ
734 3352 892 3404 τοῦτο
915 3352 1259 3424 προστίθησι,
1298 3355 1514 3417 δεικνὺς
1536 3356 1616 3407 ὅτι
1642 3356 1674 3425 ἡ
1705 3354 1884 3425 δωρεά
1905 3354 1998 3406 τοῦ
2031 3353 2185 3421 ἁγίου

610 3434 949 3504 Πνεύματος.
993 3436 1055 3487 Οἱ
1089 3436 1189 3505 μὲν
1224 3433 1318 3489 οῦν
1356 3437 1746 3507 ἀποδεξάμενοι
1782 3438 1870 3490 τὸν
1901 3438 2057 3506 λόγον
2086 3440 2185 3489 ἐπ-

608 3515 806 3587 ῄνεσαν
829 3517 895 3570 τά
922 3518 1199 3587 λεχθέντα,
1239 3522 1413 3574 καίτοι
1442 3521 1606 3591 φόϐου
1631 3522 1889 3592 γέμοντα,
1921 3524 2015 3575 καὶ
2050 3524 2189 3593 μετὰ

610 3599 710 3668 τὴν
751 3601 1147 3667 συγκατάθεσιν
1194 3603 1315 3656 τότε
1349 3605 1442 3657 ἐπὶ⁸
1474 3604 1536 3657 τὸ
1579 3604 1863 3675 βάπτισμα
1911 3605 2186 3675 ἔρχονται.

624 3681 763 3734 Ἀλλ’
798 3685 995 3753 ῖδωμεν
1050 3684 1255 3738 ἀνωθεν
1308 3687 1373 3741 τὰ
1432 3689 1720 3759 εἰρημένα.
1770 3685 1986 3753 Ἦσαν,
2032 3690 2187 3759 φησὶ,

613 3768 1198 3837 προσκαρτεροῦντες
1246 3770 1319 3840 τῇ
1351 3771 1589 3841 διδαχῇ.
1636 3775 1729 3826 Ἐκ
1778 3773 1967 3826 τούτου
2012 3773 2188 3843 δῆλον,

614 3852 695 3904 ὄτι
732 3852 792 3904 οὐ
846 3853 974 3922 μίαν
1014 3856 1248 3925 ἡμέραν,
1286 3855 1407 3909 οὐδὲ
1452 3856 1545 3909 δύο
1596 3859 1691 3911 καὶ
1748 3860 1927 3930 τρεῖς,
1963 3858 2077 3911 ἀλλ’
2100 3858 2192 3911 ἐπὶ

615 3934 815 3998 πολλὰς
841 3936 1205 4005 ἐδιδάσκοντο,
1229 3938 1323 3992 ἆτε
1348 3940 1430 4007 ἐφ’
1450 3940 1634 4010 ἕτερον
1666 3942 2031 4011 μεταστάντες
2056 3940 2189 4010 βίον.

616 4019 725 4073 Καὶ
758 4020 994 4088 ἐγένετο
1024 4021 1193 4089 πάσῃ
1220 4023 1393 4091 ψυχῇ
1422 4026 1625 4092 φόϐος.
1653 4026 1714 4077 Εἰ
1743 4024 1932 4093 πάσῃ,
1959 4025 2053 4079 καὶ
2086 4023 2193 4078 τῶν

622 4104 696 4174 μὴ
720 4105 1149 4158 πιστευσάντων.
1183 4107 1343 4169 Εἰκὸς
1372 4107 1428 4159 δὲ
1466 4108 1663 4169 αὐτοὺς
1697 4108 1888 4161 παθεῖν
1924 4107 2193 4178 τοσαύτην

619 4187 816 4255 ἀθρόον
853 4187 1155 4257 μεταϐολὴν
1185 4188 1390 4250 ἰδόντας
1412 4206 1423 4219 ⁸
1457 4191 1597 4258 τάχα
1627 4190 1682 4241 δὲ
1716 4190 1808 4242 καὶ
1829 4190 1935 4242 ἀπὸ
1965 4190 2072 4242 τῶν
2102 4207 2194 4261 ση-

624 4270 806 4339 μείων.
844 4272 996 4339 Οὐχὶ,
1035 4269 1203 4339 Ὀμοῦ
1256 4270 1330 4335 δὲ,
1366 4270 1506 4333 ἀλλ’,
1554 4272 1974 4340 Όμοθυμαδὸν,
2019 4268 2192 4337 εἶπεν,

622 4354 807 4422 ἐπειδὴ
827 4353 904 4405 ἔνι
926 4353 1059 4422 ὁμοῦ
1083 4354 1178 4423 μὲν
1194 4349 1331 4406 εἶναί
1354 4370 1522 4415 τινας,
1543 4356 1603 4406 οὐ
1631 4354 1735 4425 μὴν
1756 4355 1811 4407 δὲ
1832 4355 2193 4426 ὁμοθυμαδὸν,

620 4437 981 4507 διῃρημένους
1005 4440 1127 4500 ταῖς
1152 4438 1415 4507 γνώμαις.
1440 4440 1635 4505 Λόγοις
1657 4455 1715 4491 τε
1747 4440 2064 4511 παρεκάλει.
2087 4442 2197 4495 Καὶ

620 4522 742 4575 οὐδὲ
774 4521 1005 4573 ἐνταῦθα
1031 4521 1177 4589 λέγει
1202 4520 1296 4590 τὴν
1317 4521 1663 4574 διδασκαλίαν
1682 4522 1733 4585 ά,
1764 4524 2072 4593 ἐπιτέμνων
2105 4524 2197 4577 τὸν

621 4605 780 4671 λόγον
802 4623 815 4636 ·
842 4605 959 4670 ἐξὸν
981 4606 1037 4659 δὲ
1077 4605 1388 4675 μανθάνειν.
1422 4606 1503 4658 ὅτι
1541 4606 1616 4670 ὡς
1648 4606 1799 4671 νέους
1830 4608 2022 4669 παῖδας
2048 4608 2199 4679 ἐτρε-

624 4707 723 4758 φον
758 4692 824 4759 τῇ
847 4690 1021 4760 τροφῇ
1051 4692 1117 4760 τῇ
1162 4692 1527 4759 πνευματικῇ.
1555 4690 1664 4742 Καὶ
1696 4689 1916 4759 ἄγγελοι
1944 4691 2199 4759 γεγόνασι

621 4771 806 4825 λοιπὸν
848 4771 1126 4843 ἐξαίφνης.
1167 4773 1273 4826 Καὶ
1327 4771 1648 4841 διεμέριζον
1689 4774 1834 4827 καθὸ
1867 4776 2078 4843 χρείαν
2110 4792 2201 4841 τις

622 4854 804 4925 εἶχεν.
838 4854 1012 4921 Εἶδον,
1049 4858 1130 4909 ὅτι
1153 4856 1220 4908 τὰ
1246 4867 1268 4895 ο
1306 4857 1649 4925 πνευματικά
1681 4857 1856 4919 κοινά,
1899 4860 1994 4911 καί¹
2025 4858 2202 4921 οὐδεὶς

625 4942 711 4994 ἐτε
721 4959 809 5011 ρος
842 4942 1027 5012 ἐτέρου
1052 4941 1212 4993 πλέον
1241 4940 1374 5011 ἔχει,
1401 4942 1494 4994 καὶ
1516 4941 1725 5010 ταχέως
1747 4938 1911 5012 ἦλθον
1930 4944 2022 4996 ἐπὶ
2054 4943 2114 4996 τὸ
2136 4943 2205 4997 τὰ

628 5024 807 5077 αὐτῶν
837 5026 971 5075 πᾶσι
1007 5023 1313 5076 διαδιδόναι.
1352 5023 1580 5089 Πάντες
1608 5023 1676 5076 δὲ
1715 5028 1767 5078 οἱ
1814 5026 2204 5093 πιστεύοντες

627 5104 789 5175 ἦσαν
825 5107 1158 5159 ἐπιτοαυτό.
1203 5107 1324 5159 Ὀτι
1344 5107 1399 5160 δὲ
1444 5109 1503 5161 οὐ
1529 5108 1678 5179 τόπῳ
1711 5104 1852 5179 ἦσαν
1895 5110 2202 5171 ἐπιτοαυτὸ,

627 5192 785 5262 δῆλον
814 5188 872 5254 ἐξ
893 5183 967 5243 ὧν
997 5191 1244 5259 ἐπήγαγε
1265 5190 1457 5258 λέγων,
1486 5194 1590 5247 Καὶ
1616 5192 1814 5247 πάντα
1828 5189 1996 5261 εἶχον
2014 5194 2203 5248 κοινά.

630 5274 860 5339 Πάντες
885 5273 961 5335 δὲ,
987 5275 1171 5343 φησὶν,
1190 5274 1286 5345 οὐχ
1308 5276 1336 5328 6
1369 5276 1485 5345 μὲν,
1508 5277 1619 5330 όιδὲ
1648 5278 1730 5332 οὕ.
1763 5278 1935 5332 Τοῦτο
1963 5278 2207 5333 πολιτεία

630 5359 922 5427 ἁγγελικὴ.
954 5359 1117 5428 μηδὲν
1144 5358 1323 5411 αὐτῶν
1356 5358 1534 5426 λέγειν
1570 5362 1698 5414 ἴδιον
1722 5358 1880 5416 εἶναι.
1930 5363 2209 5418 Ἐντεῦθεν

630 5446 663 5515 ἡ
718 5445 843 5515 ῥίζα
880 5443 988 5496 τῶν
1036 5442 1219 5496 κακῶν
1264 5442 1497 5512 ἐξεκόπη
1523 5484 1537 5508 ,
1579 5446 1674 5499 καὶ
1714 5446 1781 5499 δι’
1819 5440 1893 5500 ὧν
1943 5447 2209 5519 ἔπραττον

695 5630 710 5653 ⁸
739 5630 775 5679 1]
783 5644 873 5697 nus
896 5628 1244 5697 μετελάμϐανον
1270 5631 1316 5677 ἐν
1338 5629 1632 5697 ἀγαλλιάσει,
1651 5632 1813 5697 φησίν.
1843 5631 2003 5697 Ὁρᾷς,
2029 5634 2101 5682 ὅτι
2125 5634 2214 5697 οὐχ

634 5696 664 5757 ᾖ
695 5694 868 5757 τρυφὴ,
894 5691 998 5738 ἀλλ’
1039 5753 1047 5757 _
1072 5689 1111 5731 Vb
1140 5689 1271 5757 [dem
1294 5689 1745 5757 σωφρονισμόνίού
1771 5696 1858 5757 γὰρ
1883 5689 1999 5743 ἔνι’ξ’
2031 5698 2054 5726 ⁸
2083 5689 2211 5744 Ideni

636 5752 976 5819 ᾇγεὶᾠὰτόθτσις
1000 5753 1285 5819 1600:6106.
1314 5816 1323 5819 _
1351 5752 1377 5792 (1
1405 5752 1577 5819 Mure].
1600 5752 1871 5819 παρεκάλει.
1894 5757 1964 5805 O6
1987 5774 2108 5817 I575:
2130 5760 2214 5814 τὴν

637 5815 985 5883 διδασκαλίαν...
1031 5817 1053 5843 ⁸
1089 5814 1193 5888 Αἰξί
1229 5816 1439 5887 ἐξαίφνης
1474 5814 1690 5878 ἅπαντες,
1721 5819 1834 5879 εύχῆ
1876 5819 1955 5866 καὶ
1986 5814 2213 5881 ἀκροάσει

637 5892 1109 5939 προσκαρτεροῦντες,
1130 5892 1249 5923 ειοον
1281 5893 1353 5924 οτι
1376 5894 1447 5929 το.

2268 346 2497 412 ἔδειξαν,
2532 349 2613 401 ὅτι
2640 347 3051 417 ήκουσαν.⁹Δρα
3082 343 3239 398 τοῦτο
3261 340 3330 416 ἦν
3348 342 3376 397 δ
3409 341 3582 413 ἔλεγε,
3608 342 3848 410 Σώθητε

2267 430 2385 483 ἀπὸ
2418 429 2530 497 τῆς
2553 427 2762 499 γενεᾶς
2799 428 2908 497 τῆς
2949 426 3200 494 σκολιᾶς
3219 429 3456 494 ταύτης.
3502 426 3614 481 Kal
3651 442 3847 493 προσ-

2264 512 2558 579 ετέθησαν
2582 512 2864 581 τῇ·ήμέρᾳ
2882 512 3081 579 ἐκείνῃ
3109 510 3299 580 ψυχαὶ
3320 511 3462 565 ὡσεὶ
3489 511 3843 579 τρισχίλιαι.

2274 595 2491 666 Ἐπειδὴ
2513 596 2798 667 τρισχίλιοι
2813 595 3122 664 γεγόνασιν,
3141 594 3407 664 ἐξήγαγον
3434 594 3633 655 αὐτοὺς
3653 592 3846 645 λοιπὸν

2260 678 2385 742 ἐξω,
2426 681 2475 732 οἳ
2506 681 2600 733 καὶ
2630 679 2768 750 μετά
2806 680 3132 750 παρρησίας,
3158 680 3253 732 ἀτε
3285 677 3484 748 πολλῆς
3514 677 3685 748 οὕσης
3709 677 3841 747 ήδη,

2262 762 2382 814 καθ’
2413 764 2627 834 ἡμέραν
2652 763 2887 833 ἀνῄεσαν
2918 763 3011 816 καὶ
3044 761 3417 833 προσήδρευον
3455 762 3510 813 ἐν
3539 759 3619 830 τῷ
3665 760 3801 831 ίερῷ
3826 773 3843 789 ⁸

2262 846 2382 898 ἐπεὶ
2411 849 2504 901 καὶ
2535 848 2738 917 Πέτρος
2763 848 2859 899 καὶ
2887 846 3138 915 Ἰωάννης
3165 845 3358 916 μικρὸν
3377 844 3600 915 ὕστερον
3626 843 3689 897 16
3709 844 3847 897 αὐτὸ

2262 930 2507 984 ποιοῦσιν
2531 947 2543 960 ’
2572 931 2724 984 οὐδὲν
2767 931 2876 1002 γὰρ
2923 931 3061 993 τέως
3103 931 3432 1001 παρεκίνουν
3470 931 3577 982 τῶν
3619 930 3846 984 Ἰουδαῖ-

2262 1013 2397 1066 κῶν.
2426 1015 2535 1067 Καὶ
2560 1014 2697 1086 αὐτὴ
2717 1014 2771 1067 δὲ
2803 1016 2835 1084 ή
2865 1016 2944 1077 είς
2978 1015 3069 1067 16v
3090 1014 3257 1068 τόπον
3288 1014 3424 1086 τιμὴ
3446 1014 3678 1068 διέϐαινε
3701 1013 3846 1084 πρὸς

2263 1095 2355 1149 τὸν
2398 1096 2492 1149 τοῦ
2526 1096 2674 1168 ἱεροῦ
2717 1096 3012 1166 Δεσπότην.
3044 1092 3196 1162 Εἶδες
3239 1098 3525 1161 εὐλαϐείας
3561 1097 3847 1164 ἐπίδοσινς

2263 1181 2541 1252 Χρήματα
2567 1181 2828 1253 ἔρριψαν,
2864 1184 2961 1236 καὶ
2986 1180 3223 1253 ἔχαιρον,
3251 1182 3346 1237 καὶ
3376 1182 3545 1253 πολλὴ
3584 1178 3653 1253 ἦν
3678 1184 3713 1253 ἡ
3750 1183 3847 1235 εὐ-

2265 1262 2536 1334 φροσύνηο
2571 1264 2794 1332 μείζονα
2826 1264 2934 1336 γάρ
2964 1260 3033 1335 ἦν
3075 1264 3112 1320 ἀ
3140 1266 3445 1336 ἐλάμϐανον
3493 1266 3697 1336 ἀγαθά.
3734 1266 3847 1319 O6-

2265 1345 2376 1408 δεῖς
2404 1346 2695 1411 ὠνείδιζεν,
2723 1347 2898 1412 οὐδεὶς
2923 1348 3160 1416 ἐφθόνει,
3178 1348 3353 1412 οὐδεὶς
3376 1348 3720 1413 ἐϐάσκαινεν,
3745 1348 3851 1401 οὐκ

2265 1424 2332 1499 ἦν
2362 1428 2546 1497 τῦφος,
2574 1430 2674 1483 οὐκ
2700 1424 2767 1499 ἦν
2794 1430 3169 1495 ἐξουδένωσιςο
3195 1432 3452 1501 καθάπερ
3488 1432 3676 1487 παιδία
3731 1432 3853 1485 ἐνό-

2271 1513 2427 1581 μιζον
2457 1511 2599 1565 οὕτω
2617 1512 2991 1578 παιδεύεσθαι,
3008 1514 3082 1578 ὡς
3107 1513 3542 1585 ἀρτίωκοιοῦτω
3558 1515 3848 1569 διέκειντο.

2271 1596 2380 1648 Καὶ
2406 1596 2460 1648 τί
2486 1594 2561 1659 ὠς
2590 1596 2648 1647 ἐν
2677 1596 2893 1668 ἀμυδρᾷ
2914 1597 3054 1665 λέγω
3084 1596 3282 1662 είκόνι;
3319 1598 3382 1650 Εἰ
3411 1597 3689 1668 μέμνησθε
3749 1597 3850 1659 ὼς,

2269 1680 2359 1732 ὅτε
2390 1679 2486 1749 τὴν
2510 1680 2664 1733 πόλιν
2696 1682 2827 1750 ήμῖν
2865 1680 3215 1754 ἔσεισεν
3248 1684 3277 1735 6
3311 1682 3463 1745 Θεὸς.
3508 1682 3603 1735 καὶ
3646 1683 3857 1745 πάντες

2270 1758 2411 1835 ἦσαν
2467 1765 2906 1834 συνεσταλμένοι,
2960 1764 3104 1819 οὕτω
3137 1766 3258 1819 τότε
3309 1768 3509 1820 ἐκεῖνοι
3552 1765 3849 1819 διέκειντο⁶

2272 1848 2446 1912 οὐδεὶς
2470 1848 2701 1912 ὕπουλος
2728 1845 2815 1921 ἦν,
2841 1849 3017 1914 οὐδεὶς
3055 1849 3311 1921 πονηρός.
3338 1850 3447 1903 Καὶ
3466 1850 3575 1921 γάρ
3600 1849 3859 1903 τοιοῦτον

2274 1932 2457 2001 φόϐος,
2489 1932 2731 1986 τοιοῦτον
2757 1934 2791 2003 ὴ
2809 1932 3004 2002 θλῖψις.
3035 1933 3149 1986 υύκ
3169 1929 3237 2004 ἦν
3267 1933 3326 1987 16
3351 1934 3557 2005 ψυχρὸν
3586 1934 3739 2003 ρἧα
3766 1933 3854 1997 τὸ,

2286 2017 2469 2086 Ἐμὸν.
2497 2017 2588 2070 καὶ
2623 2016 2703 2077 16.
2739 2018 2859 2071 Σόν.
2880 2016 2980 2069 Διά
3007 2016 3168 2070 τοῦτο
3201 2017 3520 2085 ἀγαλλίασις
3537 2012 3605 2089 ἦν
3633 2018 3727 2070 ἐπὶ
3751 2017 3859 2086 τῆς

2272 2100 2581 2171 τραπέζης·
2615 2101 2791 2164 οὐδεὶς
2818 2100 2895 2164 ὡς
2918 2099 2978 2164 ἐξ
3002 2100 3146 2153 ίδίων
3179 2100 3372 2154 ἐσθίων
3395 2100 3645 2162 διέκειτο.
3676 2100 3859 2163 οὐδεὶς

2275 2182 2349 2246 ὡς
2383 2183 2441 2250 ἐξ
2486 2183 2799 2253 ἀλλοτρίων·
2860 2183 3038 2236 καίτοι
3064 2182 3212 2236 δοκεῖ
3258 2185 3481 2254 αίνιγμα
3508 2179 3670 2238 εἶναι.
3712 2183 3859 2237 Οὕτε

2276 2266 2530 2336 ἀλλότρια
2561 2266 2808 2337 ἐνόμιζον
2833 2262 2971 2320 εῖναι
3002 2267 3070 2320 16
3104 2268 3212 2321 τῶν
3241 2267 3483 2336 ἀδελφῶν
3502 2285 3517 2299 ·
3561 2268 3859 2322 δεσποτικά

2279 2351 2387 2420 γὰρ
2412 2346 2509 2421 ἧν·
2542 2349 2665 2403 οὕτε
2694 2351 2819 2415 ῐδια,
2838 2350 2976 2404 ἀλλά
3007 2350 3118 2404 τῶν
3146 2350 3410 2420 ἀδελφῶν.
3446 2351 3580 2405 οὕτε
3611 2353 3641 2405 6
3681 2352 3859 2421 πένης

2277 2434 2559 2503 ᾐσχύνετο,
2588 2432 2709 2487 οὕτε
2762 2435 2790 2487 6
2840 2433 3094 2498 πλούσιος
3153 2434 3437 2503 ἐτυφοῦτο.
3483 2435 3653 2489 Τοῦτό
3705 2434 3863 2488 ἐστιν

2279 2517 2617 2583 ἀγαλλίασις.
2662 2519 2928 2581 Κάκεῖνος
2967 2517 3042 2582 ὠς
3098 2518 3551 2590 εὐεργετούμενος
3600 2518 3861 2585 διέκειτο,

2279 2602 2374 2653 καὶ
2418 2596 2475 2654 εὖ
2528 2600 2751 2671 πάσχων
2799 2597 3018 2671 μᾶλλον,
3067 2602 3161 2655 καὶ
3207 2598 3350 2656 οὕτοι
3381 2602 3458 2665 ὡς
3509 2600 3862 2671 δοξαζόμενοι

2279 2684 2471 2755 ταύτῃ,
2507 2685 2600 2737 καὶ
2632 2683 2772 2737 πάνυ
2817 2685 2954 2756 πρὸς
3011 2685 3209 2750 αὐτοὺς
3256 2681 3398 2757 ἦσαν
3458 2685 3860 2755 συνδεδεμένοι.

2293 2767 2510 2838 Ἐπειδὴ
2558 2766 2666 2838 γὰρ
2704 2768 2761 2820 ἐν
2789 2770 2908 2829 ταῖς
2956 2767 3063 2821 τῶν
3096 2770 3395 2840 χρημάτων
3437 2768 3719 2839 διανομαῖς
3760 2768 3864 2822 καὶ

2283 2849 2491 2920 ὕϐρεις,
2520 2850 2613 2903 καὶ
2643 2850 2920 2917 ἀπονοίας,
2954 2853 3050 2905 καὶ
3074 2851 3248 2915 λύπας
3271 2851 3515 2920 γίνεσθαι
3543 2850 3857 2921 συμϐαίνει,

2280 2934 2369 2987 διὰ
2400 2933 2555 2987 τοῦτο
2588 2934 2769 3003 ἔλεγεν
2794 2935 2823 2987 6
2859 2934 3211 2997 ’Δπόστολος’
3246 2935 3341 3002 Μὴ
3369 2936 3438 2989 ἐκ
3465 2936 3687 3001 λύπης,
3720 2934 3757 3003 ἦ
3787 2935 3863 3000 ἐξ

2281 3015 2572 3085 ἀνάγκης.
2602 3018 2765 3087 Ὅρα,
2796 3018 2937 3071 πόσα
2965 3018 3147 3082 αὐτοῖς
3179 3019 3478 3089 μαρτυρεῖ;
3506 3018 3692 3071 Πίστιν
3722 3034 3862 3088 γνη-

2285 3100 2427 3163 σίαν,
2458 3100 2572 3171 βίον
2602 3101 2780 3174 ὀρθὸν,
2807 3102 2906 3172 τὴν
2934 3103 2993 3154 ἐν
3014 3102 3276 3173 ἀκροάσει
3316 3102 3632 3174 καρτερίαν,
3672 3103 3775 3175 τὴν
3801 3103 3868 3157 ἐν

2286 3186 2491 3256 εὐχαῖς,
2523 3184 2620 3257 τὴν
2649 3186 2705 3238 ἐν
2731 3185 2976 3256 ἀφελείᾳ,
3001 3185 3099 3257 τὴν
3132 3188 3190 3239 ἐν
3217 3185 3545 3259 εὐφροσύνῃ.

2354 3269 2423 3340 γ’.
2451 3269 2553 3323 Δύο
2581 3266 2648 3340 ἦν
2680 3269 2841 3323 ίκανά
2861 3268 3115 3340 ἐμϐαλεῖν
3136 3270 3330 3332 αὐτοὺς
3353 3272 3432 3332 είς
3461 3269 3718 3341 ἀθυμίαν,
3740 3271 3776 3343 ἦ
3802 3289 3871 3325 τε

2284 3354 2526 3425 νηστεία,
2560 3355 2652 3407 καὶ
2691 3353 2752 3405 16
2784 3352 2852 3406 16
2896 3355 3152 3426 χρήματα
3182 3353 3525 3409 διαδίδοσθαι.
3559 3356 3620 3409 Οἱ
3665 3354 3721 3409 δὲ
3769 3358 3876 3411 καὶ

2285 3437 2353 3490 δι’
2384 3436 2666 3507 ἀμφότερα
2695 3436 3030 3507 ἔχαιρον.Τίς
3059 3437 3167 3509 γάρ
3188 3436 3314 3501 τοὺς
3333 3436 3473 3490 οὕτω
3488 3438 3878 3508 διακειμένους

2285 3522 2387 3575 οὐκ
2413 3519 2479 3573 ἂν
2505 3520 2791 3590 ἠγάπησεν
2822 3519 2897 3584 ὡς
2928 3520 3169 3592 πατέρας
3193 3519 3437 3585 κοινούς;
3470 3522 3634 3575 Οὐδὲν
3655 3522 3879 3577 ἔτικτον

2287 3603 2523 3674 πονηρὸν
2553 3603 2674 3657 κατ’
2710 3603 2975 3673 ἀλλήλωψ
3010 3604 3071 3657 τὸ
3101 3606 3208 3657 πᾶν
3236 3603 3534 3675 ἐπέτρεπον
3578 3607 3645 3677 τῇ
3679 3606 3878 3679 χάριτι

2286 3686 2380 3739 τοῦ
2409 3684 2563 3739 Θεοῦ.
2589 3687 2703 3739 Οὐκ
2734 3682 2803 3758 ἦν
2829 3687 3021 3757 φόϐος,
3052 3689 3146 3741 καῖ¹
3173 3686 3345 3741 ταῦτα
3382 3689 3439 3742 ἐν
3476 3688 3661 3758 μέσοις
3682 3688 3880 3741 κινδύ-

2288 3787 2397 3834 νοις
2420 3769 2840 3841 ἐμϐεϐληκότων
2857 3771 3059 3825 αὐτῶν.
3090 3770 3188 3825 Διά
3214 3770 3344 3840 γοῦν
3368 3774 3468 3844 τῆς
3488 3772 3748 3840 ἀφελείας
3770 3772 3881 3842 τὴν

2290 3856 2472 3908 πᾶσαν
2505 3853 2682 3909 αὐτῶν
2699 3852 2966 3925 ἐδήλωσεν
2977 3854 3196 3927 ἀρετὴν,
3215 3854 3350 3911 πολὺ
3371 3857 3466 3910 καὶ
3482 3856 3581 3927 τῆς
3594 3856 3698 3909 τῶν
3730 3874 3882 3932 χρη-

2294 3937 2478 4007 μάτων
2510 3938 2830 4008 ὑπεροψίας,
2870 3939 2964 3992 καὶ
2986 3938 3087 4009 τῆς
3115 3939 3390 4010 νηστείας,
3418 3939 3629 4009 καὶτῆς
3659 3940 3715 3992 ἐν
3752 3942 3884 4005 ταῖς

2291 4021 2480 4091 εὐχαῖς
2500 4021 2799 4092 καρτερίας
2819 4020 3041 4091 μείζονα
3051 4017 3235 4076 οὖσαν.
3256 4022 3411 4076 Οὕτω
3430 4023 3485 4076 δὲ
3510 4023 3602 4076 καὶ
3614 4022 3885 4093 καθαρῶς

2293 4105 2452 4174 ῃνουν
2465 4105 2553 4157 τὸν
2569 4106 2721 4167 Θεὸν,
2754 4105 2952 4176 μᾶλλον
2978 4106 3035 4159 δὲ
3068 4105 3221 4159 τοῦτό
3241 4108 3389 4159 ἐστιν
3408 4108 3581 4159 αίνεῖν
3603 4106 3693 4159 τὸν
3712 4105 3877 4162 Θεὸν.

2295 4187 2439 4258 Ὅρα
2461 4187 2517 4242 δέ
2546 4188 2641 4241 καὶ
2665 4188 2901 4243 ἐνταῦθα
2928 4189 3125 4253 αὐτοὺς
3150 4189 3634 4261 ἀπολαμϐάνοντας
3667 4189 3886 4253 εὐθέως

2294 4271 2392 4335 τὰς
2404 4272 2655 4342 ἀμοιϐάς.
2680 4274 2751 4325 Τὸ
2782 4274 2891 4345 γάρ
2919 4273 3062 4343 ἔχειν
3082 4273 3240 4343 χάριν
3264 4274 3403 4345 πρὸς
3429 4273 3520 4327 τὸν
3548 4272 3888 4335 λαὸν,τοῦτό

2295 4357 2463 4419 ἐστιν,
2482 4357 2562 4410 ὅτι
2594 4357 2827 4412 ποθεινοί
2856 4374 2998 4422 τινες
3022 4353 3162 4427 ἦσαν
3194 4358 3287 4410 καὶ
3307 4357 3613 4427 ἐπέραστοι.
3644 4356 3745 4419 Τίς
3764 4356 3888 4430 γάρ

2295 4440 2395 4493 οὐκ
2415 4442 2481 4494 ἂν
2517 4442 2900 4509 ἀγάσαιτο,τίς
2918 4442 2975 4495 δὲ
3006 4442 3106 4496 οὐκ
3134 4441 3199 4495 ἂν
3230 4441 3559 4511 θαυμάσειεν
3583 4442 3889 4514 ἄνθρωπον

2296 4524 2359 4578 τὸ
2386 4519 2515 4595 ἦθος
2551 4525 2776 4589 ἁπλοῦν,
2809 4525 2841 4595 ἢ
2872 4525 2956 4588 τίς
2998 4525 3099 4578 οὐκ
3129 4526 3194 4579 ἂν
3234 4525 3510 4595 συνδεθείη
3574 4524 3651 4595 τῷ
3708 4526 3892 4597 μηδὲν

2300 4608 2530 4662 ὕπουλον
2559 4608 2767 4678 ἔχον-εις
2798 4608 2971 4663 Τίνων
3008 4610 3063 4663 δὲ
3089 4608 3263 4662 ἄλλων
3312 4609 3458 4660 ἐστὶν
3503 4610 3536 4677 ἡ
3572 4609 3820 4677 σωτηρία
3852 4611 3890 4682 ἢ

2297 4692 2533 4753 τούτων;
2560 4692 2718 4746 τίνων
2746 4694 2800 4746 δὲ
2825 4692 2893 4746 τὰ
2922 4692 3130 4765 μεγάλα
3157 4691 3336 4760 ἀγαθά
3355 4691 3374 4729 τ
3398 4708 3412 4757 ;
3454 4691 3587 4762 Οὐχὶ
3620 4692 3895 4761 ποιμένες

2301 4776 2766 4848 εὐηγγελίσθησαν
2789 4777 3072 4848 πρότεροι;
3094 4776 3217 4846 οὐχὶ
3255 4774 3452 4846 Ἰωσὴφ
3472 4773 3673 4836 ἀπλοῦς
3688 4791 3776 4837 τις
3808 4776 3895 4829 ὢν

2302 4860 2607 4931 ἄνθρωπος,
2628 4860 2769 4914 ὥστε
2804 4860 2981 4932 μὴδιά
3007 4860 3249 4930 μοιχείας
3285 4858 3518 4928 ὑποψίαν
3571 4858 3898 4930 φοϐηθέντα

2304 4944 2467 4998 αὐτὸν
2496 4943 2834 5014 ἐργάσασθαί
2866 4962 2921 4997 τι
2948 4943 3214 5014 πονηρόν;
3242 4943 3360 5013 οὐχὶ
3380 4942 3670 5013 ἀγροίκους
3701 4943 3899 5008 ἐξελέ-

2304 5044 2430 5097 γετο
2461 5029 2586 5091 τοὺς
2604 5028 2940 5089 ἀπλάστους;
2974 5026 3147 5096 Ψυχὴ
3165 5027 3288 5098 γὰρ,
3308 5027 3895 5098 φησὶν,εὺ.ιοπημένη

2306 5111 2473 5167 πᾶσα
2492 5111 2679 5182 ἁπλῆ
2709 5115 2799 5167 καὶ
2828 5112 3008 5176 πάλιν,
3037 5112 3090 5164 '0
3116 5110 3185 5165 δὲ
3209 5113 3608 5181 πορευόμενος
3651 5111 3897 5179 ἁπλῶς,

2306 5198 2616 5265 πορεύεται
2644 5195 2951 5259 πεποιθώς.
2984 5195 3110 5259 Ναὶ,
3163 5196 3355 5265 φησίνο
3386 5194 3521 5248 ἀλλά
3546 5196 3638 5249 καὶ
3676 5198 3899 5269 φωνή-

2309 5297 2447 5345 σεως
2475 5279 2573 5333 δεῖ.
2604 5279 2669 5332 Τί
2688 5280 2796 5351 γάρ
2821 5278 2947 5333 6110
2975 5279 3120 5332 ἐστὶν
3148 5278 3387 5350 ἁπλότης
3405 5278 3561 5350 ἀλλ’ἢ
3590 5279 3901 5350 φρόνησιςς

2310 5366 2479 5418 Ὅταν
2513 5364 2623 5433 γάρ
2656 5363 2819 5433 μηδὲν
2858 5362 3167 5432 ὐποπτεύῃς
3191 5362 3447 5431 πονηρὸν,
3471 5362 3593 5415 οὕτε
3628 5362 3905 5432 τεκτῆναι

2308 5449 2532 5503 δύνασαι
2563 5447 2814 5516 πονηρόνο
2848 5446 2976 5499 ὅταν
3017 5446 3182 5515 μηδὲν
3207 5445 3334 5517 ἔχῃς
3358 5444 3469 5497 τῶν
3518 5444 3733 5507 δεινῶν,
3765 5446 3908 5499 οὐδὲ

2316 5530 2723 5605 μνησικακῆσαι
2772 5529 2996 5602 δυνήσῃ.
3032 5530 3262 5600 ’Ὕϐρισέ
3290 5544 3406 5591 τις;
3462 5529 3563 5581 οὐκ
3614 5527 3898 5597 ήλγησας·

2313 5616 2749 5686 ἐκακηγόρησενς
2793 5613 2941 5667 οὐδὲν
2967 5612 3184 5676 ἔπαθες
3214 5612 3512 5681 ἐϐάσκηνεν
3537 5628 3549 5677 ;
3574 5611 3689 5663 οὐδὲ
3714 5611 3905 5677 οὕτως

2315 5702 2512 5764 έπαθές
2527 5717 2599 5752 τι.
2632 5698 2778 5763 Ὀδός
2812 5698 2893 5762 τίς
2914 5700 3061 5751 ἐστιν
3091 5697 3184 5751 ἐπὶ
3210 5695 3525 5767 φιλοσοφίαν
3560 5696 3593 5765 ἡ
3621 5693 3901 5766 ἁπλότης.

2386 5879 2402 5918 ί
2454 5879 2594 5930 Alius
2628 5879 2806 5939 μεγάλα
2850 5876 3080 5935 θαύματα.
