4024 6492
211 383 280 438 65
1204 379 1271 437 IN
1308 380 1487 437 ACTA
1527 376 2292 438 APOSTOLORUM.HUMIL.
2335 380 2445 439 VII.
3418 382 3486 438 66

212 499 299 552 dtti
324 504 526 552 essent.
547 494 679 552 Nam
701 503 885 566 utpote
906 492 1257 552 ferventiores
1279 496 1423 561 lacti,
1447 496 1651 565 majore
1670 510 1797 566 erga

210 591 387 645 locum
412 598 566 643 erant
592 588 917 643 reverentia.
945 587 1129 657 Neque
1149 588 1290 642 enim
1313 588 1430 641 illos
1454 587 1627 641 adhuc
1650 587 1798 641 avel-

212 683 390 737 Iebant
462 683 715 750 apostoli,
764 698 832 737 ne
876 682 1019 752 ipsos
1062 682 1338 737 laederent.
1392 681 1463 734 Et
1515 686 1799 752 frangentes

207 775 345 826 circa
372 774 553 826 domos
580 788 782 841 panem,
810 771 1068 827 sumebant
1112 772 1273 825 cibum
1315 787 1428 824 cum
1474 771 1801 825 exsultatione

208 872 254 917 et
300 864 634 933 simplicitate
693 864 861 919 cordis
894 903 912 927 ,
959 864 1048 919 47.
1096 862 1451 918 collaudantes
1504 862 1704 927 Deum,
1752 872 1798 916 et

206 956 449 1009 [tabentes
507 957 725 1026 gratiam
783 954 850 1007 ad
902 970 1102 1009 omnem
1150 955 1364 1025 plebem.
1417 953 1551 1008 Cum
1611 968 1799 1023 panem

208 1046 363 1110 dicit,
389 1046 652 1116 jejunium
680 1045 810 1100 mihi
834 1055 887 1101 et
906 1056 1174 1100 austeram
1200 1045 1364 1101 vitam
1386 1044 1693 1115 signiﬁcare
1712 1044 1796 1097 vi-

206 1138 403 1193 detur:
430 1139 554 1194 cibo
580 1139 745 1203 enim,
776 1154 879 1191 non
904 1136 1112 1192 deliciis
1144 1136 1446 1192 utebantur.
1477 1137 1613 1193 Hinc
1631 1136 1797 1202 disce,

204 1229 431 1294 dilecte,
464 1245 568 1281 non
602 1229 834 1293 deliciis,
859 1228 951 1282 sed
977 1228 1095 1282 cibo
1116 1243 1212 1282 nos
1231 1227 1463 1282 suaviter
1479 1226 1614 1291 frui;
1640 1237 1695 1281 et
1709 1241 1801 1282 eos

204 1320 291 1387 qui
325 1319 539 1373 deliciis
581 1318 847 1380 fruuntur,
882 1318 932 1370 in
978 1316 1190 1371 tristitia
1228 1331 1377 1381 esse;
1423 1318 1509 1386 qui
1540 1332 1667 1371 vero
1694 1331 1797 1370 non

204 1412 495 1474 lrutmtur,
548 1412 600 1465 iit
645 1410 860 1480 gaudio.
910 1410 1096 1464 Viden'
1145 1410 1288 1465 Petri
1328 1424 1635 1474 sermones,
1679 1409 1801 1463 vitze

207 1506 626 1572 temperantiam
682 1501 975 1557 intulisse?
1017 1502 1109 1557 Sic
1157 1517 1262 1556 non
1308 1510 1480 1571 potest
1519 1501 1800 1555 exsultatio

204 1607 330 1649 esse
370 1593 493 1648 sine
534 1594 893 1662 simplicitate.
938 1592 1003 1647 Et
1042 1593 1330 1664 quomodo,
1365 1594 1588 1663 inquies,
1633 1593 1801 1647 liabe-

206 1686 327 1739 bant
366 1687 587 1755 gratiam
614 1687 683 1739 ad
717 1703 911 1740 omnem
940 1686 1174 1753 plebem?
1210 1687 1433 1757 Propter
1462 1703 1545 1751 ea,
1576 1703 1694 1758 quae
1722 1688 1799 1741 la-

204 1778 424 1831 ciehaut
466 1793 561 1846 per
603 1778 995 1850 eleemosynam
1056 1777 1136 1833 Ne
1178 1779 1318 1832 cnim
1358 1778 1619 1844 attendas,
1658 1778 1801 1848 quod

205 1868 485 1937 principes
521 1868 856 1923 sacerdotum
887 1868 957 1922 ob
997 1868 1244 1922 invidiam
1277 1876 1331 1923 et
1368 1870 1587 1923 livorem
1626 1869 1802 1923 insur-

204 1970 397 2028 gerent
428 1961 481 2012 in
512 1960 649 2021 illos.
674 1959 767 2013 scd
793 1960 933 2030 quod
957 1961 1179 2030 gratiam
1207 1960 1543 2015 haberentad
1568 1962 1795 2029 plebem.

207 2049 467 2104 Dominus
495 2062 659 2104 autem
700 2052 911 2121 augebat
950 2051 1172 2122 quotidie
1198 2067 1282 2105 eos
1301 2093 1316 2115 ,
1354 2054 1441 2121 qui
1468 2053 1595 2106 salvi
1623 2054 1799 2121 ﬁerent

204 2144 253 2194 in
297 2140 557 2194 Ecclesia.
605 2142 790 2196 Omnes
828 2152 998 2196 autem
1035 2143 1287 2196 credentes
1325 2143 1477 2197 simul
1512 2153 1678 2197 erant.
1709 2143 1799 2199 Sic

206 2232 409 2299 ubique
437 2231 577 2285 bona
604 2241 687 2286 est
712 2232 1016 2287 concordia.
1049 2232 1277 2303 Aliisque
1306 2234 1615 2288 sermonibus
1656 2237 1797 2289 testi-

205 2324 392 2391 ﬁcatus
418 2333 511 2377 est.
555 2323 666 2378 lloc
685 2324 819 2379 dixit
848 2324 1158 2390 ostendens,
1189 2341 1293 2380 non
1318 2327 1449 2380 satis
1470 2327 1639 2383 fuisse
1666 2329 1753 2382 illa
1778 2370 1794 2396 ,

206 2431 329 2486 qua:
357 2416 504 2471 dicta
532 2416 742 2472 fuerant
771 2435 784 2471 :
816 2418 899 2473 vel
930 2418 1015 2472 illa
1051 2418 1265 2489 quidem
1292 2419 1533 2486 dixerat,
1567 2430 1623 2475 ut
1644 2420 1710 2476 ad
1738 2421 1799 2475 li-

206 2507 329 2561 dem
363 2506 678 2573 induceret;
707 2507 821 2564 htec
850 2524 975 2563 vero
992 2509 1275 2576 docebant,
1297 2511 1507 2581 qualem
1530 2521 1799 2581 oporteret

208 2616 329 2655 esse
373 2600 614 2656 tidelem.
663 2601 772 2658 Nec
815 2602 969 2668 dixit,
1021 2604 1079 2657 lu
1122 2617 1318 2669 cruce;
1351 2604 1464 2667 sed,
1498 2604 1566 2658 In
1597 2607 1800 2660 nomine

210 2690 336 2745 Iesu
383 2690 581 2745 Christi
626 2693 905 2746 bootizetur
947 2694 1287 2764 unusquisque
1329 2704 1565 2748 vestrum.
1618 2694 1799 2766 Neque

212 2784 523 2852 frequenter
555 2782 661 2838 illis
684 2797 898 2838 crucem
925 2791 1347 2849 commemorat,
1383 2800 1451 2840 ne
1473 2786 1798 2855 exprobrare

214 2874 490 2939 videatur;
523 2875 621 2929 sed
647 2874 961 2944 simpliciter
985 2874 1113 2930 dicit
1141 2894 1155 2930 :
1189 2873 1545 2929 Paenitentiam
1574 2878 1725 2947 agite,
1750 2886 1797 2930 et

217 2964 487 3032 baptizetur
515 2966 857 3037 unusquisque
881 2966 933 3018 in
957 2966 1159 3018 nomine
1180 2963 1214 3019 Ι
1220 2982 1306 3019 esu
1331 2963 1516 3020 Christi
1543 2966 1596 3020 in
1616 2970 1797 3021 remis-

221 3057 402 3110 sionem
438 3066 783 3125 peccatorum.
829 3056 991 3125 Atqui
1033 3055 1191 3111 aliter
1217 3055 1305 3111 hic
1332 3071 1393 3112 se
1419 3056 1619 3113 habent
1649 3058 1795 3127 judi-

230 3150 419 3203 ciorum
465 3151 610 3220 leges
643 3170 657 3204 :
692 3165 812 3204 nam
861 3149 914 3204 in
960 3149 1339 3219 praedicatione
1382 3164 1503 3205 cum
1545 3160 1798 3219 peccator

230 3240 526 3307 continetur,
573 3252 703 3296 tunc
742 3250 1006 3295 servatur.
1043 3240 1192 3306 Vide,
1231 3241 1500 3311 quomodo
1525 3241 1715 3296 Petrus
1742 3242 1797 3296 id

225 3334 353 3403 quod
390 3335 568 3404 majus
602 3344 687 3389 est
720 3349 826 3390 non
857 3334 1208 3404 praeterierit;
1244 3334 1339 3390 sed
1379 3350 1500 3390 cum
1529 3334 1598 3390 de
1624 3335 1793 3405 gratia

218 3427 470 3493 dixisset,
501 3426 630 3479 illud
669 3425 1024 3495 subjunxerit,
1053 3425 1237 3480 dicens
1265 3445 1280 3483 :
1309 3426 1576 3496 Accipietis
1605 3427 1797 3480 donum

210 3517 433 3584 Spiritus
460 3518 643 3571 sancti.
679 3517 811 3573 Fide
849 3516 1039 3588 dignus
1086 3532 1263 3572 sermo
1301 3528 1417 3572 erat
1452 3534 1520 3573 ex
1549 3519 1646 3583 iis,
1676 3534 1795 3587 quae

198 3608 309 3678 jam
336 3617 683 3679 acceperant.
708 3610 925 3664 interim
947 3610 1087 3665 enim
1119 3609 1168 3664 id
1200 3610 1340 3680 quod
1363 3609 1518 3666 facile
1542 3619 1625 3665 est
1643 3610 1792 3677 dicit,

202 3710 258 3753 et
282 3699 426 3770 quod
456 3715 709 3770 magnum
739 3700 898 3755 habet
932 3700 1152 3767 donum,
1176 3710 1230 3755 et
1256 3709 1382 3756 tunc
1409 3701 1477 3755 ad
1501 3701 1663 3755 vitam
1694 3701 1795 3756 du-

200 3790 307 3855 cit;
346 3805 571 3861 gnarus,
617 3792 953 3846 occasionem
996 3791 1125 3861 ipsis
1164 3791 1381 3859 majoris
1426 3791 1587 3847 studii
1634 3792 1790 3859 fore,

200 3881 342 3949 quod
376 3890 525 3934 tanta
551 3882 664 3951 jam
699 3881 839 3937 bona
868 3881 1258 3953 degustassent.
1290 3882 1421 3949 Quia
1452 3897 1580 3938 vero
1603 3884 1792 3953 cupie-

200 3972 294 4026 bat
320 3972 541 4027 auditor
566 3974 776 4028 discere
804 3972 854 4028 id
874 4015 890 4038 ,
920 3973 1060 4045 quod
1087 3974 1318 4045 plurium
1348 3974 1559 4028 illorum
1589 3989 1795 4030 sermo-

198 4082 329 4119 num
386 4075 554 4136 caput
608 4074 772 4131 esset,
835 4066 962 4121 illud
1019 4082 1230 4137 quoque
1286 4065 1452 4133 addit,
1507 4067 1794 4123 ostendens

195 4156 404 4211 donum
457 4172 583 4213 esse
634 4156 864 4227 Spiritus
912 4159 1103 4213 sancti.
1148 4158 1227 4212 illi
1268 4158 1445 4229 itaque
1487 4173 1791 4215 sermonem

194 4247 560 4316 accipientes,
588 4248 728 4303 dicta
755 4249 1106 4304 laudaverunt
1125 4291 1141 4316 ,
1182 4250 1282 4304 etsi
1309 4259 1509 4305 metum
1541 4266 1790 4321 magnum

194 4339 541 4405 incuterent,
575 4350 628 4396 et
654 4342 721 4397 iis
745 4342 948 4396 asSensi
969 4383 984 4408 ,
1014 4351 1141 4397 tunc
1170 4342 1236 4397 ad
1265 4343 1526 4412 baptisma
1551 4344 1790 4399 veniunt.

190 4432 305 4485 Sed
334 4448 459 4501 qua:
487 4432 627 4488 dicta
655 4442 800 4499 sunt,
829 4443 1153 4503 repetamus.
1180 4433 1364 4500 Erant,
1392 4434 1582 4503 inquit,
1615 4453 1788 4507 perse-

190 4536 431 4579 verantes
455 4527 508 4577 in
538 4525 785 4580 doctrina.
822 4527 959 4583 Hinc
988 4528 1160 4598 palam
1187 4538 1270 4582 est
1299 4543 1394 4583 eos
1418 4544 1523 4582 non
1554 4544 1681 4595 uno,
1705 4531 1791 4585 vel

189 4616 411 4671 duobus
446 4616 531 4671 vel
566 4615 734 4672 tribus
762 4617 982 4683 diebus,
1014 4619 1108 4673 sed
1136 4618 1314 4673 multis
1338 4619 1556 4674 eductos
1586 4618 1751 4675 fuisse
1772 4662 1789 4686 ,

189 4715 387 4775 utpote
414 4707 507 4776 qui
539 4707 699 4762 vitam
728 4709 1072 4764 mutaverint.
1104 4706 1285 4763 Fiebat
1314 4724 1483 4764 autem
1508 4712 1647 4764 omni
1675 4712 1791 4765 ani-

190 4814 296 4851 mc
326 4800 503 4852 timor.
545 4798 604 4854 Si
648 4798 830 4867 Omni,
857 4801 1017 4855 etiam
1049 4801 1113 4855 iis
1132 4843 1147 4866 ,
1178 4801 1267 4871 qui
1298 4818 1403 4856 non
1432 4803 1788 4859 crediderant.

190 4888 510 4945 Verisimile
552 4899 729 4946 autem
760 4902 845 4947 est
874 4893 995 4946 illos
1039 4892 1118 4948 sic
1159 4892 1380 4950 allectos
1408 4894 1605 4962 fuisse,
1649 4896 1791 4966 quod

190 4993 407 5037 tantam
452 4983 697 5039 viderent
732 4986 1080 5041 mutationem
1112 5004 1126 5041 :
1155 4983 1293 5041 forte
1318 4988 1479 5042 etiam
1510 5003 1576 5043 ex
1603 4990 1789 5060 signis.

185 5075 304 5130 Nec
334 5075 502 5140 dixit,
531 5076 731 5143 Simul;
762 5078 878 5143 sed,
915 5076 1231 5134 Unanimiter
1257 5094 1279 5133 :
1301 5079 1422 5150 quia
1454 5080 1566 5137 ﬁeri
1594 5092 1789 5151 potest,

186 5177 248 5221 ut
296 5168 522 5238 quidam
564 5168 722 5223 simul
762 5171 901 5233 sint,
946 5186 1045 5226 nec
1085 5180 1260 5227 tamen
1305 5174 1656 5241 unanimiter,
1698 5176 1791 5232 sed

183 5260 469 5314 sententia
487 5259 830 5316 dissidentes.
854 5261 1202 5318 Sermonibus
1224 5279 1433 5333 quoque
1460 5264 1789 5322 hortabatur.

184 5349 387 5419 Neque
412 5349 503 5405 hic
530 5349 827 5405 doctrinam
858 5353 985 5407 dicit
1003 5392 1017 5415 ,
1052 5354 1370 5422 compendio
1391 5355 1632 5425 loquens.
1658 5356 1793 5412 Hinc

184 5439 326 5494 licet.
379 5440 609 5506 discere,
662 5445 933 5511 apostolos
976 5444 1104 5513 ipsis
1156 5445 1304 5514 quasi
1356 5446 1586 5515 puerulis
1617 5448 1790 5503 cibum

182 5535 534 5604 spiritualetn
559 5535 805 5602 dedisse,
841 5538 929 5607 qui
966 5548 1023 5592 ut
1046 5541 1218 5610 angeli
1252 5543 1428 5595 statim
1453 5540 1577 5597 facti
1603 5554 1725 5597 sunt
1751 5544 1790 5596 ί.

193 5624 266 5677 Et
297 5626 599 5681 dividebant
627 5630 863 5699 singulis,
905 5640 1051 5699 prout
1092 5632 1269 5701 cuique
1307 5649 1433 5702 opus
1474 5643 1602 5688 erat.
1638 5633 1799 5690 Vide-

446 5784 649 5844 addunt,
667 5783 871 5835 orationi
897 5793 943 5836 et
984 5784 1254 5848 auditioni(
1281 5787 1417 5836 verbi
1434 5786 1525 5838 Dei
1551 5788 1571 5852 )
1596 5787 1783 5840 incum-

1909 494 2055 560 bant,
2086 496 2378 567 spiritualia
2406 513 2526 553 esse
2545 500 2880 566 communia;
2919 501 3201 571 nullusque
3229 502 3334 557 alio
3364 504 3483 571 plus

1906 585 2152 653 habebat,
2179 597 2231 643 et
2251 588 2315 643 ad
2339 589 2438 645 hoc
2457 591 2633 644 statim
2658 602 3031 661 pervenerunt,
3053 603 3109 647 ut
3129 609 3222 648 sua
3242 595 3487 650 omnibus

1904 676 2302 733 distribuerant.
2330 678 2514 735 Omnes
2534 692 2720 747 autem,
2742 687 2828 753 qui
2842 683 3123 747 credebant,
3151 685 3303 738 simul
3321 697 3482 740 erant.

1906 767 2060 832 Quod
2086 779 2262 824 autem
2292 785 2396 823 non
2430 772 2545 825 loco
2570 774 2727 826 simul
2749 784 2947 838 essent,
2980 775 3149 844 palam
3178 787 3258 830 est
3283 793 3347 829 ex
3381 778 3480 842 iis,

1904 873 2025 920 qua:
2049 859 2321 927 subjuuxit
2350 880 2363 912 :
2394 860 2460 916 Et
2488 864 2655 916 omnia
2689 864 2935 918 habebant
2962 869 3264 920 communia.
3298 865 3484 922 Omnes

1904 949 2072 1002 dicit:
2101 965 2203 1004 non
2241 951 2328 1006 ille
2358 952 2618 1019 habebat,
2652 955 2739 1009 ille
2764 970 2938 1011 secus.
2970 956 3091 1010 Haec
3109 958 3343 1027 angelica
3370 975 3482 1014 res-

1908 1041 2111 1111 publica
2159 1054 2293 1105 erat,
2340 1044 2481 1114 quod
2531 1047 2660 1100 nihil
2706 1046 2944 1102 dicerent
3010 1050 3110 1103 sibi
3185 1051 3479 1121 proprium.

1908 1133 2042 1188 Hinc
2082 1134 2230 1189 radix
2270 1136 2528 1190 malorum
2559 1138 2741 1193 excisa
2780 1150 2880 1205 est,
2910 1149 2963 1195 et
3001 1156 3064 1195 ex
3099 1145 3259 1210 gestis
3287 1144 3396 1197 suis
3424 1159 3485 1199 se

1904 1226 2172 1282 audivisse
2197 1228 2647 1284 demonstrarunt.
2669 1231 2779 1286 Hoc
2800 1248 2925 1302 ergo
2946 1244 3060 1287 crat
3078 1235 3215 1302 quod
3238 1236 3442 1289 dicebat
3465 1253 3480 1289 :

1906 1319 2566 1390 Salvaminiagenemtione
2609 1324 2704 1376 ista
2731 1341 2904 1393 prava.
2940 1323 3006 1377 Et
3030 1328 3274 1395 apposita:
3289 1338 3401 1379 sunt
3430 1330 3481 1381 in

1905 1409 1986 1462 die
2013 1410 2104 1463 illa
2131 1412 2311 1466 animm
2334 1414 2530 1466 circiter
2556 1415 2650 1466 tria
2681 1416 2859 1468 millia.
2881 1416 3012 1482 Quia
3042 1427 3123 1471 ter
3144 1419 3285 1472 mille
3306 1430 3479 1485 erant,

1904 1500 2201 1556 educebant
2227 1502 2345 1557 illos
2372 1504 2542 1568 foras;
2569 1506 2658 1575 qtti
2686 1521 2805 1562 cum
2844 1506 3035 1562 fiducia
3065 1510 3224 1563 multa
3249 1511 3495 1580 quotidie.

1903 1586 2264 1641 ascendebant
2302 1588 2352 1642 in
2387 1591 2662 1659 templum,
2705 1602 2758 1646 et
2802 1593 2871 1647 ibi
2901 1594 3098 1648 assidui
3134 1605 3286 1649 erant
3316 1613 3328 1648 :
3359 1612 3479 1649 natn

1906 1676 2093 1731 Petrus
2144 1687 2200 1732 et
2239 1678 2470 1735 Joannes
2515 1682 2671 1750 paulo
2711 1693 2830 1751 post
2871 1683 2998 1737 illud
3044 1684 3322 1740 fecerunt:
3353 1686 3482 1740 nihil

1902 1769 2047 1821 enim
2074 1784 2139 1823 ex
2159 1768 2393 1825 Judaicis
2417 1771 2589 1826 adhuc
2614 1772 2918 1829 movebant.
2949 1775 3014 1829 Et
3042 1774 3212 1830 honor
3232 1776 3321 1831 ille
3343 1785 3482 1830 tvm-

1904 1858 1995 1927 plo
2014 1858 2304 1926 exhibitus,
2331 1863 2589 1917 transibat
2609 1863 2673 1917 ad
2698 1865 2877 1933 templi
2905 1865 3211 1920 Dominum.
3243 1867 3483 1921 Vidistin’

1905 1952 2114 2020 pietatis
2152 1956 2531 2024 augmentum?
2574 1956 2834 2012 Pecunias
2872 1959 3210 2027 abjiciebant,
3254 1971 3307 2015 et
3351 1976 3483 2030 gau-

1902 2043 2100 2100 debant
2118 2086 2133 2109 ,
2162 2062 2458 2116 magnaque
2483 2059 2600 2103 erat
2629 2049 2808 2103 laetitia
2834 2067 2847 2104 :
2877 2052 3077 2118 majora
3108 2053 3303 2122 quippe
3329 2061 3483 2105 erant

1902 2134 2041 2189 bona
2061 2152 2179 2205 qua:
2205 2138 2559 2206 accipiebant.
2593 2139 2761 2195 Nemo
2797 2143 3181 2211 exprobrabat,
3215 2160 3371 2198 nemo
3403 2145 3482 2197 in-

1902 2225 2133 2290 videbat,
2154 2228 2327 2282 nullns
2353 2239 2468 2284 erat
2495 2229 2682 2299 fastus,
2714 2233 2890 2287 nullus
2919 2242 3256 2304 contemptus
3285 2256 3298 2291 :
3330 2236 3479 2305 quasi

1902 2317 2051 2385 pueri
2082 2333 2141 2372 se
2182 2321 2435 2388 putabant
2473 2321 2812 2387 erudiendos,
2853 2334 2909 2378 ut
2948 2341 3135 2381 recens
3160 2328 3266 2381 nati
3303 2330 3479 2383 allecti

1902 2418 2072 2462 erant.
2117 2410 2183 2464 Et
2227 2426 2321 2465 cur
2361 2413 2511 2481 quasi
2555 2414 2605 2467 in
2646 2414 2872 2470 obscura
2904 2416 3094 2486 loquor
3134 2419 3399 2489 imagine?
3424 2421 3478 2475 Si

1900 2499 2218 2555 meministis
2256 2502 2524 2571 quomodo
2544 2543 2561 2569 ,
2594 2519 2713 2558 cum
2746 2504 2887 2561 Deus
2909 2510 3177 2563 concussit
3213 2510 3480 2567 civitatem

1902 2601 2136 2646 nostram
2166 2593 2269 2662 (a).
2299 2609 2484 2649 omnes
2512 2597 2721 2652 attoniti
2752 2608 2925 2665 erant,
2953 2600 3030 2655 sic
3056 2611 3179 2658 tunc
3204 2604 3275 2657 illi
3302 2604 3480 2660 allecti

1900 2691 2091 2736 erant:
2117 2683 2294 2738 nullus
2314 2684 2568 2741 subdolus
2594 2697 2730 2754 erat,
2759 2690 2935 2745 nullus
2960 2690 3243 2762 malignus.
3268 2694 3477 2749 Etenim

1902 2776 2021 2830 talis
2047 2776 2204 2831 timor
2228 2787 2327 2841 est,
2355 2778 2473 2832 talis
2498 2781 2762 2849 angustia.
2790 2781 2904 2836 Non
2932 2794 3047 2838 erat
3074 2784 3322 2855 frigidum
3348 2788 3477 2843 illud

1900 2867 2142 2935 verbum,
2194 2886 2356 2924 meum
2395 2880 2450 2925 et
2493 2881 2654 2927 tuum.
2701 2873 2826 2930 ideo
2870 2876 3156 2933 exsultatio
3196 2880 3248 2934 in
3295 2896 3479 2937 mensa

1899 2970 2015 3013 erat
2038 2977 2053 3015 :
2077 2975 2235 3016 nemo
2260 2962 2331 3016 ita
2359 2961 2582 3018 allectus
2608 2980 2745 3032 erat,
2776 2979 2834 3021 ac
2853 2967 2897 3021 si
2923 2982 2988 3023 ex
3014 2968 3147 3035 suis,
3170 2985 3327 3025 nemo
3353 2987 3413 3025 ac
3436 2974 3479 3029 si

1899 3065 1964 3105 ex
1988 3051 2176 3106 alienis
2201 3052 2385 3108 ederet
2412 3072 2427 3108 :
2452 3056 2551 3110 etsi
2579 3055 2682 3111 hoc
2704 3058 2927 3128 aenigma
2959 3060 3197 3115 videatur
3216 3077 3352 3117 esse.
3378 3063 3480 3118 Ne-

1864 3148 1867 3149 '
1899 3157 2002 3211 qtte
2029 3143 2201 3198 aliena
2229 3145 2481 3211 putabant
2508 3162 2628 3201 esse
2668 3148 2801 3202 bona
2846 3148 3099 3217 fratrum;
3142 3164 3296 3207 erant
3336 3156 3477 3210 enim

1902 3245 1959 3287 ut
1984 3236 2364 3303 dominorum;
2398 3254 2569 3306 neque
2614 3240 2859 3309 propria,
2892 3241 2987 3297 sed
3027 3242 3269 3298 fratrum.
3298 3245 3479 3317 Neque

1900 3343 2099 3397 pauper
2140 3329 2343 3398 pudore
2387 3331 2628 3397 allectus,
2674 3347 2848 3402 neque
2893 3333 3041 3390 dives
3088 3335 3300 3393 inflatus
3342 3349 3456 3393 erat

1899 3421 2011 3477 lloc
2036 3424 2323 3478 exsultatio
2351 3434 2452 3479 est.
2483 3424 2572 3478 ille
2598 3426 2748 3496 quasi
2776 3427 3034 3482 beneficio
3059 3429 3281 3484 allectus
3300 3472 3314 3496 ,
3347 3442 3399 3486 et
3421 3432 3476 3489 hi

1896 3514 2046 3582 quasi
2085 3514 2206 3568 hinc
2230 3514 2394 3584 gloria
2424 3517 2597 3580 aucti;
2632 3527 2686 3571 et
2720 3517 2872 3572 valde
2897 3518 3036 3574 inter
3064 3534 3122 3574 se
3145 3530 3300 3575 erant
3327 3523 3478 3576 colli-

1895 3605 2024 3673 gati.
2057 3604 2188 3671 Quia
2219 3607 2361 3661 enim
2404 3608 2454 3659 in
2487 3610 2827 3676 pecuniarum
2859 3608 3316 3666 distributionibus
3342 3628 3474 3667 con-

1897 3697 2130 3751 tumelia:
2158 3697 2424 3765 accidunt,
2454 3700 2777 3769 arrogantia,
2812 3701 3092 3766 molestiae,
3122 3701 3243 3758 ideo
3263 3703 3475 3760 diccbat

1888 3786 2205 3858 Apostolus,
2230 3788 2351 3844 Non
2375 3807 2438 3844 ex
2464 3791 2666 3845 tristitia
2684 3831 2700 3857 ,
2740 3801 2825 3844 aut
2851 3809 2912 3846 ea:
2939 3794 3223 3848 necessitate
3248 3796 3325 3862 (2.
3353 3795 3474 3851 Cor.

1895 3878 1947 3935 9.
1974 3879 2051 3950 7).
2079 3880 2231 3945 Vide,
2260 3891 2456 3949 quanta
2487 3881 2591 3936 illis
2614 3882 2968 3938 testiﬁcetur?
2991 3884 3266 3940 Sinceram
3288 3887 3470 3954 fidem,

1894 3970 2056 4024 vitam
2082 3980 2303 4037 rectam,
2334 3973 2780 4039 perseverantiam
2806 3973 2859 4028 in
2881 3976 3138 4031 concione
3166 3977 3429 4033 audienda
3451 4020 3469 4045 ,

1896 4061 1948 4116 in
1976 4063 2247 4131 precibus,
2280 4062 2333 4115 in
2364 4062 2682 4132 frugalitate,
2715 4064 2768 4119 in
2793 4064 2994 4119 lautitia.

1966 4156 2019 4209 5.
2056 4154 2168 4209 Duo
2198 4162 2442 4224 poterant
2480 4155 2598 4210 illos
2625 4154 2678 4210 in
2705 4171 2991 4212 maerorem
3018 4158 3305 4228 conjicere,
3327 4159 3470 4231 jeju-

1894 4248 2065 4312 nium,
2092 4256 2147 4301 et
2178 4248 2518 4316 pecuniarum
2560 4248 2819 4319 erogatio.
2867 4247 2945 4303 illi
2977 4265 3107 4306 vero
3131 4266 3197 4307 ex
3246 4263 3474 4323 utroque

1893 4340 2213 4411 gaudebant.
2237 4340 2368 4407 Quis
2393 4340 2471 4395 sic
2490 4340 2708 4396 allectos
2732 4357 2836 4396 non
2863 4350 2921 4397 ut
2946 4358 3257 4403 communes
3297 4356 3474 4416 patres

1896 4432 2208 4488 dilexisset?
2250 4431 2390 4486 Nihil
2421 4433 2544 4487 mali
2572 4434 2851 4502 pariebant
2887 4435 2976 4490 alii
3014 4436 3270 4492 adversus
3303 4439 3470 4494 alios:

1896 4531 2062 4577 totum
2096 4523 2471 4591 permittebant
2512 4526 2693 4594 gratia:
2724 4526 2842 4583 Dei.
2893 4526 3080 4583 Nullos
3107 4530 3290 4586 aderat
3317 4532 3474 4586 timor

1895 4616 1948 4671 in
1974 4616 2146 4671 media
2182 4617 2415 4683 pericula
2444 4617 2724 4687 conjectis.
2753 4619 2855 4674 Per
2900 4620 3296 4690 simplicitatem
3344 4639 3473 4693 ergo

1895 4721 2109 4762 omnem
2157 4706 2369 4762 illorum
2418 4708 2707 4763 declaravit
2747 4710 3016 4778 virtutem,
3063 4720 3119 4767 et
3169 4712 3470 4770 divitiarum

1894 4807 2225 4869 contemptu,
2258 4808 2313 4855 et
2345 4800 2575 4869 jejunio,
2603 4811 2658 4856 et
2704 4804 3101 4870 perseverantia
3148 4803 3201 4858 in
3227 4806 3471 4862 oratione

1897 4891 2054 4962 longe
2094 4890 2369 4960 majorem.
2402 4891 2477 4945 lla
2525 4906 2653 4960 pure
2686 4892 2849 4946 Deum
2901 4891 3204 4957 laudabant,
3234 4894 3341 4948 imo
3369 4894 3469 4952 hoc

1895 4992 1998 5050 est,
2026 4983 2200 5052 ipsum
2226 4997 2356 5052 pure
2385 4982 2624 5038 laudare.
2654 4982 2787 5037 Vide
2824 4991 3001 5038 autem
3030 4984 3116 5038 hic
3149 4985 3266 5039 illos
3291 4987 3470 5042 statim

1896 5075 2138 5144 accipere
2156 5074 2475 5130 mercedem.
2492 5074 2621 5128 Nam
2640 5073 2779 5143 quod
2801 5073 3058 5130 haberent
3082 5076 3308 5145 gratiam
3330 5092 3459 5146 aput.

1897 5167 2173 5237 populum,
2198 5165 2299 5220 hoc
2325 5165 2515 5235 prohat
2542 5165 2659 5219 illos
2686 5174 2740 5219 et
2779 5165 3035 5220 amabiles
3067 5176 3121 5220 et
3154 5166 3308 5223 valde
3335 5167 3447 5224 dile

1896 5266 2013 5312 ctos
2037 5257 2223 5312 fuisse.
2245 5256 2375 5321 Quis
2400 5255 2541 5309 enim
2572 5271 2675 5307 non
2701 5255 3064 5326 Obstupescat,
3089 5256 3209 5326 quis
3234 5273 3338 5312 non
3370 5275 3442 5314 mi

1902 5359 2049 5406 retur
2067 5348 2255 5403 videns
2282 5347 2550 5401 hominem
2593 5347 2834 5402 moribus
2858 5348 3196 5418 simplicem?
3239 5359 3329 5404 aut
3353 5352 3473 5420 quis

1902 5458 2005 5501 non
2047 5440 2377 5497 deviuciatur
2403 5437 2605 5494 homini
2632 5440 2763 5494 nihil
2793 5440 3073 5495 subdolum
3104 5440 3359 5498 babenti?
3386 5441 3467 5497 Ad

1960 5600 2036 5665 (a)
2058 5607 2224 5665 jljerrre
2255 5608 2437 5665 motum
2461 5609 2716 5665 memorat,
2752 5602 2835 5664 qui
2870 5601 3277 5665 Constantinopoli
3298 5603 3465 5652 accidit

1896 5662 2024 5713 anno
2043 5662 2153 5717 400,
2173 5662 2435 5711 secundum
2457 5662 2577 5711 alios
2597 5671 2759 5712 autem
2770 5662 2910 5712 anno
2933 5666 3041 5713 401.
3061 5662 3333 5720 Diﬂicttltas
3354 5678 3472 5713 vero

1898 5730 2009 5774 anni
2032 5725 2275 5773 statuendi
2305 5725 2420 5773 hinc
2441 5727 2611 5785 oritur,
2631 5725 2759 5786 quod
2782 5726 2883 5786 ipse
2907 5726 3033 5775 intra
3053 5726 3184 5774 oicat
3198 5733 3344 5775 terra:
3366 5740 3473 5786 mo-

1901 5790 2006 5857 utm
2027 5786 2203 5857 factum
2228 5798 2341 5835 esse
2362 5782 2990 5857 annosup'erioreNerum
3014 5800 3073 5838 ea
3095 5787 3158 5838 de
3178 5801 3236 5841 re
3249 5782 3475 5857 pluribus

1902 5863 1951 5899 tn
1966 5848 2075 5901 Vita
2090 5847 2411 5912 Cbrysostomi
2433 5856 2590 5899 actum
2610 5855 2704 5898 est.
