4024 6504
593 360 662 417 67
1300 362 1358 419 S.
1398 360 1677 419 JOANNIS
1712 355 2190 415 CllRYSOSTOMl
2230 355 2547 411 ARClIlEP.
2588 355 3122 413 CONS'I‘ANTINOP.
3773 377 3830 430 θλ

595 503 732 558 quos
758 485 861 541 nisi
894 482 963 539 ad
989 480 1089 537 hos
1115 479 1282 547 salus,
1310 476 1377 534 ad
1402 490 1537 547 quos
1577 489 1767 545 magna
1793 472 1963 530 bona‘
2008 472 2176 544 perti-

598 580 793 635 neant?
815 577 1004 632 Nonne
1028 585 1269 646 pastores
1293 571 1448 642 primi
1466 568 1799 639 evangelium
1824 564 2181 636 acceperunt?

599 688 774 726 nonne
822 668 1022 739 Joseph
1075 668 1236 721 homo
1282 664 1506 734 simplex
1551 671 1699 727 erat;
1735 662 1806 716 ita
1846 670 1902 716 ut
1947 675 2048 717 nec
2085 675 2184 731 per

598 765 843 818 adulterii
898 762 1257 831 suspicionem
1301 761 1379 814 sic
1427 764 1834 826 perterrerctur,
1878 764 1937 809 ut
1983 753 2183 825 aliquid

602 858 723 911 mali
774 855 1046 925 patraret?
1095 867 1272 906 nonne
1298 858 1536 920 agrestes
1566 850 1808 903 homines
1831 857 1888 903 et
1914 847 2183 916 simplices

600 952 741 1005 Deus
768 950 962 1019 elegit?
993 948 1175 1001 Anima
1192 946 1356 1007 enim,
1388 944 1576 1013 inquit,
1611 943 1772 995 omnis
1791 942 2010 1012 simplex
2032 942 2181 995 bene-

601 1044 770 1106 dicta;
802 1056 864 1095 ac
886 1054 1091 1103 rursus,
1112 1038 1213 1105 Qui
1232 1035 1458 1089 auibulat
1478 1035 1794 1103 sintpliciter,
1818 1034 2042 1087 ambulat
2063 1050 2186 1087 con-

601 1136 812 1204 ﬁdenter
841 1131 1021 1202 (Prov.
1054 1132 1138 1185 Η.
1160 1130 1256 1185 25.
1292 1138 1337 1182 et
1368 1129 1455 1182 10.
1480 1127 1558 1199 9).
1592 1126 1787 1192 Etiam,
1819 1126 2056 1196 inquies;
2090 1124 2184 1180 sed

603 1224 882 1295 prudentia
911 1232 993 1277 est
1021 1237 1175 1291 opus.
1206 1219 1311 1275 Sed
1357 1218 1483 1289 quid
1532 1218 1676 1273 aliud
1716 1226 1800 1273 est
1847 1216 2183 1286 simplicitas,

599 1333 757 1387 quam
808 1316 1130 1385 prudentia?
1173 1314 1307 1367 Cum
1349 1312 1489 1367 enim
1532 1311 1662 1364 nihil
1706 1310 1829 1364 mali
1873 1309 2182 1378 suSpicaris,

604 1408 731 1462 nihil
757 1408 879 1460 mali
911 1420 1101 1474 parere
1130 1415 1322 1474 potes:
1350 1419 1469 1457 cum
1503 1401 1634 1456 nihil
1666 1400 1774 1456 fers
1805 1403 2049 1464 moleste,
2078 1416 2183 1455 non

603 1499 804 1567 poteris
850 1496 1162 1565 iniuriarum
1200 1494 1491 1550 recordari.
1518 1493 1852 1548 Contumelia
1885 1502 1936 1547 te
1962 1494 2080 1562 quis
2107 1492 2187 1547 af-

603 1588 768 1644 fecit?
793 1587 907 1642 Non
934 1586 1151 1641 doluisti
1169 1602 1184 1642 :
1204 1586 1530 1655 obloquutus
1557 1586 1679 1639 est?
1705 1584 1847 1639 Nihil
1876 1599 2064 1653 passus
2094 1599 2183 1638 es:

604 1681 792 1737 invidit
840 1681 972 1734 tibi?
1020 1679 1134 1733 Non
1178 1695 1319 1748 aegre
1370 1677 1555 1731 tttlisli.
1584 1676 1680 1732 Via
1727 1675 1969 1747 quaedam
1998 1684 2076 1731 est
2120 1676 2186 1730 ad

604 1770 995 1843 philomphiam
1036 1768 1367 1838 simplicitas.
1392 1767 1559 1822 Nemo
1599 1778 1702 1820 tam
1750 1765 1971 1836 pulcher
2008 1767 2189 1822 animo

605 1872 871 1932 estquam
897 1862 980 1914 vir
1004 1860 1252 1929 simplex.
1271 1859 1419 1914 Sicut
1441 1859 1582 1913 enim
1614 1859 1664 1912 in
1692 1873 1917 1927 corpore
1944 1858 2031 1927 qui
2056 1873 2190 1913 mm-

607 1966 722 2009 stus
747 1966 851 2022 est,
891 1954 1157 2007 demissus
1185 1965 1240 2008 et
1263 1953 1671 2023 cogitabundus,
1698 1952 1922 2006 multum
1953 1968 2017 2007 ex
2072 1952 2188 2021 pul-

606 2047 913 2105 chritudine
942 2046 1210 2112 detrahit;
1236 2047 1324 2116 qui
1357 2060 1484 2100 vero
1514 2046 1666 2100 laetus
1711 2054 1793 2099 est
1833 2054 1888 2100 et
1933 2045 2189 2106 subridet,

604 2140 996 2196 formositatem
1037 2146 1197 2209 auget
1224 2155 1239 2191 :
1270 2138 1346 2193 sic
1377 2138 1430 2191 in
1473 2138 1650 2190 anima
1688 2136 1871 2190 evenit
1900 2153 1913 2190 :
1946 2136 2036 2206 qui
2064 2134 2191 2189 sub-

604 2234 763 2290 dolus
801 2243 902 2295 est,
926 2234 1023 2288 etsi
1054 2232 1333 2286 innumera
1364 2246 1529 2300 penes
1550 2245 1608 2285 se
1631 2230 1823 2284 habeat
1846 2230 1982 2284 bona
2004 2244 2187 2297 Opera,

604 2324 870 2395 dispertiit
899 2326 1021 2389 illa;
1061 2333 1247 2378 contra
1277 2338 1405 2376 vero
1431 2323 1520 2392 qui
1565 2321 1698 2376 liber
1725 2332 1808 2376 est
1847 2331 1901 2377 et
1938 2321 2185 2391 simplex.

606 2418 792 2473 Talem
819 2416 1088 2473 hominem
1119 2416 1239 2487 quis
1258 2414 1357 2471 sibi
1391 2416 1618 2469 amicum
1648 2414 1872 2470 fidenter
1904 2424 2087 2485 paret;
2136 2422 2192 2469 et

607 2510 653 2563 si
701 2507 947 2563 inimicus
987 2506 1077 2572 sit,
1109 2521 1231 2561 cum
1265 2506 1356 2560 illo
1385 2506 1838 2562 reconciliahitur.
1868 2505 2022 2560 Nulla
2050 2506 2192 2560 enim

608 2599 675 2655 ad
708 2599 809 2655 hoc
834 2614 968 2669 Opus
996 2607 1080 2654 est
1106 2597 1370 2663 custodia,
1394 2598 1557 2653 nullis
1588 2598 1845 2663 vinculis;
1892 2597 1986 2652 sed
2029 2598 2195 2652 multa

608 2699 666 2746 et
692 2690 770 2744 illi
805 2698 863 2743 et
886 2687 1360 2744 contubernalibus
1406 2692 1511 2743 erit
1551 2688 1831 2741 securitas.
1877 2687 2013 2755 Quid
2043 2702 2194 2757 ergo,

610 2781 843 2853 inquies,
866 2781 912 2836 si
934 2780 1024 2852 qui
1047 2781 1167 2835 talis
1186 2790 1289 2844 est,
1309 2781 1361 2834 in
1387 2780 1557 2834 malos
1583 2778 1831 2835 inciderit
1851 2779 2029 2834 viros?
2057 2779 2199 2835 Deus

608 2873 703 2944 qui
722 2871 991 2943 simplices
1011 2887 1132 2927 esse
1146 2871 1317 2941 jubet,
1334 2885 1550 2925 manum
1574 2870 1825 2941 porriget.
1841 2870 1974 2939 Quid
1998 2871 2199 2926 Davide

612 2964 945 3034 simplicius?
993 2963 1119 3034 quid
1149 2964 1313 3019 Same
1338 2962 1611 3033 iniquius?
1663 2962 1789 3019 Uter
1818 2978 1948 3033 ergo
1970 2977 2197 3032 supera-

614 3056 729 3111 vit?
756 3055 894 3123 Quid
919 3054 971 3109 in
992 3054 1228 3125 Josepho
1244 3065 1419 3110 actum
1439 3054 1562 3109 est?
1589 3069 1765 3109 nonne
1784 3054 1870 3110 ille
1888 3055 2200 3125 simpliciter

614 3149 682 3205 ad
727 3150 996 3204 dominam
1038 3148 1303 3211 accessit;
1337 3148 1425 3202 illa
1473 3163 1603 3201 vero
1651 3147 1914 3203 subdole?
1968 3148 2023 3202 ln
2069 3164 2196 3218 quo,

612 3257 819 3313 qumso,
840 3241 1002 3297 laesus
1024 3249 1105 3295 est
1125 3239 1150 3291 Ἰ
1193 3238 1330 3307 Quid
1358 3239 1525 3294 Abele
1555 3239 1850 3308 simplicius
1887 3239 2043 3294 erat?
2070 3240 2196 3309 quid

614 3334 782 3389 Caino
824 3332 1176 3388 sceleratius?
1205 3330 1514 3401 Rursusque
1538 3330 1761 3400 Joseph,
1790 3345 1966 3385 nonne
1992 3331 2200 3401 simpli-

615 3426 750 3480 citer
770 3440 891 3479 cum
920 3423 1170 3479 fratribus
1192 3422 1339 3493 egit?
1366 3438 1545 3478 nonne
1569 3423 1689 3478 ideo
1708 3423 1921 3485 claruit,
1940 3423 2059 3494 quia
2084 3424 2201 3480 sine

616 3516 920 3588 suspicione
941 3518 1118 3570 omnia
1142 3516 1392 3585 loquutus
1411 3524 1513 3579 est,
1539 3515 1590 3567 hi
1619 3530 1747 3570 vero
1770 3516 1997 3586 maligne
2028 3516 2200 3585 ipsum

615 3609 981 3680 exceperunt?
1020 3609 1195 3663 Semel
1237 3609 1467 3671 soumia,
1515 3608 1707 3663 iterum
1734 3609 1939 3662 somnia
1963 3608 2118 3675 dixit,
2147 3618 2203 3663 et

614 3704 738 3758 sine
766 3700 1015 3755 cautione
1060 3700 1182 3754 illos
1230 3698 1360 3753 adiit
1402 3700 1552 3754 cibos
1594 3695 1844 3764 aﬂ'er'cns,
1875 3700 2054 3754 omnia
2088 3700 2202 3756 Deo

616 3797 991 3863 committens;
1018 3796 1113 3851 sed
1135 3805 1332 3866 quanto
1352 3795 1520 3864 magis
1547 3793 1620 3847 illi
1647 3803 1704 3847 ut
1731 3794 2003 3848 inimicum
2026 3796 2200 3864 ipsum

619 3889 907 3955 habebant,
938 3897 1084 3942 tanto
1115 3887 1284 3959 magis
1311 3886 1402 3941 ille
1426 3896 1486 3941 ut
1513 3884 1707 3940 fratres
1734 3887 2011 3941 tractabat.
2047 3886 2201 3941 Pote-

618 3990 808 4051 ratque
838 3979 978 4033 Deus
1031 3994 1137 4033 non
1192 3978 1521 4047 permittere,
1551 3984 1610 4030 ut
1659 3976 1917 4032 incideret
1946 3977 1997 4030 in
2046 3976 2199 4042 illos;

616 4071 712 4127 sed
741 4070 1000 4141 permisit,
1030 4076 1087 4123 ut
1113 4068 1431 4123 miraculum
1458 4078 1763 4138 appareret,
1795 4077 1850 4124 et
1889 4069 2202 4124 ostendere-

620 4176 727 4229 tur,
755 4162 1095 4234 quantumvis
1124 4163 1198 4216 illi
1239 4172 1424 4217 contra
1460 4162 1754 4226 tenderent,
1786 4163 1932 4217 illum
1964 4164 2079 4217 fore
2107 4179 2200 4217 su-

619 4257 907 4327 periorem.
935 4257 1001 4311 Et
1024 4257 1101 4311 sic
1142 4256 1385 4327 quamvis
1414 4258 1622 4327 plagam
1653 4256 1899 4327 accipiat,
1929 4272 2033 4311 non
2061 4272 2091 4311 a
2118 4272 2198 4324 se,

619 4348 715 4404 sed
741 4349 809 4403 ab
837 4349 943 4401 alio
967 4348 1182 4417 accipit.

692 4438 964 4510 Improbus
983 4442 1063 4494 sui
1096 4441 1254 4509 ipsius
1278 4440 1513 4495 inimicus
1552 4450 1643 4494 est.
1676 4471 1747 4481 —
1791 4441 2045 4511 Malignns
2074 4458 2202 4498 vero

619 4535 853 4606 scipsnm
882 4535 1053 4604 primo
1084 4534 1330 4603 percutit,
1357 4534 1666 4605 nullumque
1691 4535 1889 4598 alium;
1917 4537 2099 4605 sicque
2120 4547 2203 4592 est

618 4624 702 4680 sui
734 4624 897 4695 ipsius
941 4623 1208 4679 inimicus.
1258 4623 1426 4693 Hujus
1481 4626 1657 4679 anima
1712 4642 1944 4681 maerore
1989 4643 2203 4699 semper

618 4716 776 4787 plena
816 4723 919 4779 est,
956 4713 1085 4770 dum
1133 4716 1483 4786 cogitationes
1528 4727 1789 4786 perpetuo
1828 4720 2091 4788 colligata:
2147 4730 2204 4776 et

616 4806 889 4880 perplexae
931 4816 1056 4863 sunt
1085 4824 1099 4860 :
1131 4807 1175 4860 si
1206 4807 1412 4870 audire,
1440 4807 1485 4861 si
1517 4808 1696 4862 dicere
1740 4809 2009 4879 quidpiam
2041 4826 2200 4880 opor-

619 4909 749 4964 teat,
774 4900 953 4954 omnia
985 4899 1148 4954 trahit
1172 4898 1239 4953 ad
1273 4899 1497 4966 crimen,
1530 4901 1710 4955 omnia
1748 4914 1980 4958 accusat.
2009 4904 2201 4959 Procul

620 4992 690 5046 ab
719 4991 823 5047 illis
848 4992 1080 5047 amicitia
1111 5000 1165 5047 et
1192 4991 1511 5055 concordia;
1544 4992 1684 5061 apud
1717 4994 1834 5049 illos
1862 5010 2070 5065 pugnae,
2102 4997 2203 5051 ini-

619 5083 856 5144 micitiae.
889 5084 1186 5148 molestiae;
1232 5083 1441 5153 sibique
1484 5086 1616 5154 ipsis
1655 5094 1779 5140 sunt
1807 5090 2061 5157 suspecti.
2107 5089 2201 5145 His

621 5188 796 5242 neque
820 5188 1061 5236 somnus,
1091 5188 1263 5243 neque
1304 5174 1447 5229 aliud
1495 5176 1766 5246 quidpiam
1810 5194 1972 5234 suave
2000 5190 2100 5235 est.
2143 5180 2200 5236 Si

622 5279 820 5320 uxores
845 5264 1095 5329 habeant,
1136 5268 1318 5335 papae!
1364 5268 1611 5324 omnibus
1640 5279 1766 5325 sunt
1795 5273 1973 5328 hostes
2015 5283 2070 5330 et
2096 5275 2199 5330 ini-

621 5359 781 5425 ntici;
830 5359 1109 5429 zelotypiae
1159 5360 1404 5425 infinitae,
1450 5372 1627 5418 metus
1676 5375 1998 5433 perpetuus:
2030 5368 2202 5425 malus

621 5452 767 5507 enim
790 5467 821 5507 a
844 5451 986 5506 malo
1010 5452 1193 5506 labore
1220 5452 1299 5507 sic
1338 5463 1575 5509 vocatur.
1606 5455 1697 5512 Sic
1724 5458 1905 5529 utique
1926 5458 2200 5531 Scriptura

620 5544 859 5599 laborem
888 5558 1102 5612 semper
1126 5551 1280 5598 vocat
1306 5544 1598 5612 malitiam;
1647 5559 1705 5603 ut
1731 5563 1851 5605 cum
1881 5551 2010 5606 dicit
2041 5570 2054 5606 :
2088 5552 2200 5607 Sub

620 5636 798 5709 {mgna
822 5651 996 5691 eorum
1021 5633 1163 5689 labor
1190 5643 1236 5689 et
1265 5634 1496 5707 fatigatio
1540 5652 1562 5703 ;
1613 5648 1670 5694 et
1708 5641 1832 5698 alibi
1861 5658 2098 5713 rursum,
2131 5644 2201 5700 Et

684 5815 704 5852 ³
737 5811 874 5866 Alius
905 5814 1053 5879 legit,
1078 5816 1333 5882 miracula,
1357 5832 1464 5885 pro,
1481 5817 1620 5873 bona.

2291 473 2511 540 amplius
2541 488 2711 527 eorum
2746 473 2888 526 labor
2912 484 2958 526 et
2989 473 3136 527 dolor
3168 471 3335 542 (Psal.
3368 474 3420 531 9.
3453 477 3504 532 7.
3546 490 3589 534 et
3623 482 3704 539 89.
3740 491 3831 557 l0).

2287 563 2340 615 si
2368 578 2497 615 vero
2545 564 2768 617 miretur
2794 564 2932 633 quis,
2969 565 3108 620 unde
3137 565 3204 618 ab
3231 565 3385 620 initio
3418 570 3543 624 tsiles
3586 574 3697 631 facti
3723 584 3832 645 sint.

2287 664 2340 709 et
2371 670 2511 710 nunc
2538 657 2670 711 tales
2713 672 2817 711 non
2866 659 3011 723 siut;
3042 659 3251 714 discant
3280 676 3490 715 causam
3525 679 3639 722 esse
3662 687 3829 727 atrum-

2287 762 2433 812 nam,
2450 751 2757 817 magistram
2776 749 3150 820 philosoithize,
3166 762 3386 807 matrem
3404 754 3623 823 pietatis.
3639 760 3837 827 Quando

2291 842 2529 908 pecunia!
2547 842 2613 895 de
2638 843 2814 898 medio
2841 845 3184 911 tollebantur,
3204 855 3327 901 tunc
3349 849 3575 918 nequitia
3602 870 3698 908 non
3721 870 3836 913 erat.

2289 932 2484 997 Etiam,
2514 935 2707 1004 inquit,
2740 938 2833 992 sed
2868 938 2994 991 illud
3039 939 3210 1008 ipsum
3238 940 3527 1012 interrogo,
3558 946 3690 1003 unde
3718 966 3839 1008 nunc

2290 1034 2435 1078 tanta
2485 1029 2725 1083 malitia?
2777 1031 3046 1099 quomodo
3089 1032 3162 1084 illi
3212 1044 3292 1087 ter
3341 1034 3485 1088 mille
3511 1045 3562 1090 et
3590 1040 3839 1111 quinquies

2290 1122 2435 1181 mille
2481 1123 2660 1175 statim
2707 1122 2958 1179 virtutem
3005 1124 3351 1195 delegerunt,
3396 1135 3452 1182 et
3497 1145 3614 1185 mox
3668 1138 3839 1202 pariter

2290 1215 2592 1287 philosophi
2616 1214 2737 1270 facti
2764 1225 2909 1281 sunt,
2928 1225 2981 1269 et
3004 1231 3145 1271 nunc
3170 1217 3256 1271 vix
3285 1233 3420 1271 unus
3449 1222 3739 1289 reperitur?
3760 1242 3841 1282 cur

2291 1319 2416 1364 tunc
2438 1308 2508 1362 ita
2539 1307 2834 1363 concordes
2861 1307 3053 1361 erant?
3080 1308 3206 1377 quid
3240 1308 3358 1363 illos
3384 1318 3489 1363 tam
3516 1312 3675 1382 agiles
3694 1324 3743 1369 et
3764 1333 3843 1372 ex-

2290 1406 2480 1456 citatos
2513 1398 2814 1454 reddebat?
2863 1398 2988 1467 quid
3016 1399 3136 1453 illos
3165 1399 3234 1453 ita
3263 1399 3541 1455 incendit?
3581 1404 3707 1471 Quia
3739 1425 3844 1465 cum

2292 1508 2481 1563 magna
2522 1491 2721 1562 pietate
2746 1490 3104 1557 accedebant;
3137 1491 3256 1562 quia
3290 1492 3522 1547 honores
3565 1510 3666 1549 non
3694 1511 3842 1568 erant,

2290 1584 2428 1637 sicut
2458 1582 2653 1648 hodie;
2683 1582 2804 1652 quia
2830 1582 2898 1636 ad
2926 1582 3100 1637 futura
3143 1592 3375 1637 mentem
3402 1599 3550 1637 suam
3592 1592 3847 1645 transtule-

2293 1683 2435 1736 runt,
2451 1682 2505 1727 et
2528 1672 2659 1727 nihil
2683 1672 3027 1743 praesentium
3046 1674 3450 1744 exspectabant.
3472 1675 3581 1731 lloc
3602 1690 3681 1732 est
3701 1682 3848 1750 ignea:

2291 1766 2508 1831 animm,
2538 1766 2588 1819 in
2630 1766 2884 1820 aerumnis
2927 1767 3129 1821 versari
3156 1781 3170 1820 ε
3195 1765 3297 1821 hoc
3330 1769 3589 1837 putabant
3615 1771 3686 1824 illi
3713 1774 3848 1828 Chri-

2293 1857 2627 1910 snanismnm
2654 1870 2804 1922 esse;
2849 1856 2942 1912 sed
2971 1872 3075 1911 non
3108 1873 3205 1912 nos
3249 1875 3263 1912 :
3310 1874 3455 1914 nunc
3482 1862 3622 1914 enim
3648 1864 3851 1920 soltllanl

2300 1946 2457 2000 vitam
2490 1947 2800 2016 quarrimus.
2832 1946 2955 2002 Ideo
3000 1963 3101 2002 nec
3132 1948 3249 2012 illa,
3275 1964 3394 2002 cum
3441 1965 3539 2020 par
3585 1954 3701 2017 erit,
3727 1968 3851 2009 asse-

2294 2053 2540 2108 quemur.
2593 2037 2727 2103 Quid
2773 2039 3067 2109 faciemus?
3114 2041 3514 2111 interrogabant
3558 2044 3631 2098 illi
3674 2048 3855 2115 seipsos

2297 2131 2633 2184 damnantes.
2665 2129 2771 2184 Nos
2803 2146 2931 2183 vero
2954 2141 3139 2186 contra
3174 2149 3187 2185 :
3221 2133 3355 2200 Quid
3402 2135 3697 2192 faciemus?
3740 2138 3853 2192 dici-

2298 2238 2440 2289 mus,
2472 2238 2569 2278 nos
2597 2224 2950 2293 praesentibus
2979 2224 3338 2293 venditantes,
3362 2235 3416 2280 et
3443 2228 3608 2290 altum
3639 2229 3702 2284 de
3726 2234 3856 2285 nobis

2299 2314 2589 2383 sapientes:
2624 2314 2700 2368 llli
2744 2314 3010 2369 faciebant
3037 2332 3157 2385 qua:
3209 2317 3385 2372 facere
3435 2320 3737 2388 oportebat;
3776 2337 3856 2375 nos

2301 2420 2430 2461 vero
2468 2422 2644 2461 secus.
2678 2407 3010 2461 Damnahant
3053 2408 3125 2463 illi
3161 2409 3392 2479 seipsos,
3424 2409 3773 2479 desperabant
3802 2414 3858 2468 de

2299 2499 2475 2555 salute
2505 2514 2598 2553 sna
2635 2517 2647 2552 :
2680 2499 2800 2554 ideo
2831 2501 2960 2557 tales
2987 2499 3113 2556 facti
3162 2512 3311 2558 sunt.
3358 2503 3702 2573 Agnoverunt
3727 2509 3859 2577 quale

2300 2602 2617 2663 receperant
2647 2592 2871 2645 doumn.

2374 2687 2428 2740 4.
2469 2684 2747 2751 Quomodo
2773 2699 2868 2739 vos
2905 2684 3013 2742 illis
3038 2684 3241 2742 similes
3281 2687 3456 2753 eritis,
3489 2690 3580 2758 qui
3625 2692 3859 2745 contraria

2298 2777 2477 2832 omnia
2505 2775 2714 2831 facitis?
2740 2776 2815 2831 llli
2858 2778 3035 2831 statim
3063 2788 3221 2848 atque
3244 2778 3540 2834 audierunt
3566 2820 3580 2844 ,
3634 2781 3863 2851 baptizati

2300 2879 2461 2924 sunt:
2501 2884 2606 2923 non
2632 2868 2882 2923 dixerunt
2914 2869 3004 2924 illa
3030 2868 3217 2940 frigida
3246 2871 3431 2938 verba,
3464 2888 3586 2943 qua:
3625 2890 3758 2930 nunc
3783 2892 3867 2931 nos

2300 2959 2564 3024 dicimus,
2607 2976 2778 3030 neque
2813 2975 2990 3015 moras
3030 2972 3327 3018 nexuerunt
3351 3005 3367 3031 ,
3413 2967 3517 3020 etsi
3565 2982 3668 3021 non
3704 2984 3871 3023 oinnes

2300 3052 2577 3108 audissent
2598 3054 3037 3122 iustificationes;
3064 3054 3162 3110 sed
3190 3056 3295 3112 hoc
3342 3066 3576 3123 tantum,
3610 3060 3869 3114 Salsamini

2301 3161 2334 3198 a
2373 3144 2695 3215 generatione
2722 3145 2840 3198 ista.
2866 3144 2983 3200 Non
3018 3160 3211 3215 segnes
3240 3146 3495 3215 fuerunt,
3525 3149 3618 3205 sed
3649 3151 3742 3205 hos
3768 3167 3869 3206 ser-

2301 3251 2490 3292 mones
2526 3247 2852 3307 exceperunt
2883 3253 2898 3304 ;
2939 3248 2992 3293 et
3040 3240 3180 3310 quod
3217 3243 3594 3311 accepissent,
3647 3245 3872 3314 operibus

2305 3340 2669 3386 monstrarunt
2698 3340 2789 3393 ;et
2831 3331 2921 3402 qui
2950 3343 3163 3398 essent,
3196 3334 3583 3392 exhibuerunt.
3626 3337 3805 3394 Statim
3828 3341 3870 3394 in

2302 3435 2572 3479 certamen
2618 3425 2881 3494 ingressi,
2906 3435 3172 3481 exuerunt
3216 3428 3585 3485 vestimenta:
3632 3446 3727 3486 nos
3764 3447 3874 3487 vero

2304 3514 2562 3586 ingressi,
2590 3531 2713 3570 cum
2737 3517 3073 3573 vestimentis
3107 3527 3315 3574 certare
3345 3521 3619 3577 volumus.
3669 3522 3877 3594 Ideoque

2304 3612 2637 3680 antagonista
2665 3618 2852 3665 noster
2887 3611 3075 3667 labore
3100 3627 3235 3682 opus
3266 3630 3371 3667 non
3414 3613 3583 3670 habet
3604 3658 3618 3680 ,
3648 3632 3762 3670 cum
3792 3633 3875 3671 no-

2305 3700 2387 3755 bis
2414 3701 2541 3771 ipsis
2566 3701 2806 3771 impliciti
2836 3716 2981 3772 saepe
3008 3702 3341 3773 dejiciamur.
3367 3703 3609 3776 ldipsum
3650 3709 3785 3763 enim
3812 3708 3877 3761 fa-

2303 3794 2475 3849 cimus
2494 3834 2508 3857 ,
2538 3807 2603 3848 ac
2626 3794 2670 3848 si
2703 3808 2822 3863 quis
2843 3793 3095 3848 athletam
3125 3795 3344 3864 pulvere
3371 3812 3728 3869 conspersum
3752 3840 3767 3864 ,
3811 3801 3879 3853 ni«

2303 3900 2487 3957 grum,
2520 3886 2716 3941 nudum
2737 3928 2752 3953 ,
2799 3888 3021 3952 videns,
3052 3888 3119 3942 ab
3147 3903 3307 3943 arena
3337 3898 3397 3944 et
3442 3906 3473 3944 a
3524 3893 3641 3947 sole
3682 3893 3878 3945 multum

2308 3980 2592 4034 habentem
2626 3979 2757 4045 luti,
2789 3979 2933 4045 oleo,
2959 3980 3159 4035 sudore
3180 3991 3234 4036 et
3259 3996 3420 4037 caeno
3443 3984 3761 4047 delibutum,
3787 3985 3884 4052 ipse

2305 4083 2575 4143 unguento
2610 4071 2888 4141 fragrans.
2928 4073 3114 4128 sericis
3161 4075 3435 4142 veSIibus,
3477 4080 3662 4133 aureis
3691 4078 3882 4139 calceis,

2304 4165 2438 4219 stola
2467 4178 2637 4234 usque
2665 4162 2731 4217 ad
2775 4163 3054 4218 malleolos
3078 4163 3380 4232 defluente,
3434 4170 3689 4223 aurcolas
3734 4171 3884 4237 capite

2303 4269 2539 4327 chIans.
2568 4273 2690 4311 cum
2715 4258 2806 4312 illo
2834 4258 3234 4329 congrediatur.
3283 4260 3387 4326 Qui
3427 4264 3575 4316 enim
3625 4264 3744 4317 talis
3781 4274 3848 4315 est
3872 4304 3885 4328 ,

2305 4365 2409 4404 non
2453 4349 2770 4419 impedietur
2793 4351 2996 4414 solum,
3027 4351 3119 4406 sed
3148 4366 3330 4406 curam
3362 4354 3577 4409 habens
3624 4371 3691 4410 ne
3731 4366 3890 4410 vestes

2305 4442 2576 4498 fmdentur
2606 4444 2691 4499 vel
2726 4444 3054 4510 scindantur,
3087 4445 3138 4499 in
3170 4447 3343 4515 primo
3384 4464 3684 4519 congressu
3713 4451 3889 4512 cadet,

2305 4534 2461 4602 ldqne
2493 4534 2721 4603 patietur
2743 4536 2884 4604 quod
2916 4537 3091 4590 statim
3125 4538 3329 4603 timuit,
3368 4541 3422 4594 in
3456 4543 3745 4612 praecipuis
3784 4558 3889 4609 par-

2307 4624 2449 4678 tibus
2480 4625 2657 4677 l:csus.
2691 4624 2925 4693 Tempus
2950 4626 3101 4681 adest
3139 4631 3457 4685 certaminis
3479 4674 3495 4697 ,
3547 4643 3600 4687 et
3632 4644 3684 4686 tu
3724 4634 3891 4687 sericis

2306 4716 2577 4770 indueris!
2606 4725 2815 4785 tempus
2840 4718 3259 4784 exercitationis,
3286 4730 3507 4791 tempus
3545 4724 3705 4777 stadii
3732 4741 3745 4787 ;
3774 4733 3824 4776 ct
3852 4733 3894 4773 m

2304 4810 2453 4878 quasi
2487 4809 2537 4862 in
2566 4824 2757 4879 pompa
2798 4810 3022 4879 teipsum
3045 4813 3242 4865 ornas?
3276 4813 3338 4867 Et
3378 4819 3664 4883 quomodo
3690 4832 3893 4884 snpera-

2305 4901 2426 4955 bis?
2466 4900 2542 4956 Ne
2582 4901 2647 4956 ad
2673 4911 2894 4956 externa
2920 4943 2933 4967 ,
2983 4904 3076 4957 sed
3106 4905 3170 4958 ad
3216 4905 3433 4960 interna
3485 4910 3769 4977 respicias.
3819 4908 3896 4960 ilis

2305 4992 2450 5047 etiim
2496 4992 2643 5046 curis
2694 5007 2794 5048 ceu
2839 4994 3091 5062 gravibus
3153 4996 3381 5050 vinculis
3440 5000 3683 5069 undique
3733 5000 3893 5052 anima

2305 5085 2708 5153 constringitur,
2742 5100 2957 5139 manmn
2989 5102 3094 5140 non
3122 5088 3306 5141 sinens
3335 5090 3625 5155 attollere,
3653 5108 3750 5146 nec
3778 5107 3896 5143 con—

2308 5187 2386 5231 tra
2421 5178 2626 5231 hostem
2660 5179 2901 5248 proferre
2922 5221 2937 5245 ,
2969 5196 3065 5235 nos
3096 5183 3285 5237 molles
3309 5198 3376 5237 ac
3407 5185 3679 5240 delicatos
3716 5185 3895 5239 reddit.

2305 5267 2518 5323 Utinam
2548 5269 2755 5324 liberati
2788 5271 3001 5327 vincere
3029 5273 3291 5341 possimus
3319 5273 3599 5341 impuram
3633 5277 3775 5331 illam
3818 5292 3900 5336 tm-

2308 5369 2573 5415 testatem.
2596 5360 2720 5415 Ideo
2735 5360 3002 5429 Christus,
3029 5379 3090 5420 ac
3108 5365 3150 5418 si
3171 5381 3274 5418 non
3299 5366 3437 5419 satis
3456 5368 3529 5419 sit
3548 5368 3764 5420 divitias
3779 5366 3898 5432 abji-

2305 5466 2449 5516 cere,
2469 5453 2586 5506 vide
2600 5453 2724 5522 quid
2742 5453 2884 5508 dicat
2907 5473 2919 5507 :
2950 5454 3117 5509 Vende
3132 5459 3301 5510 omnia
3316 5474 3437 5525 quae
3454 5459 3635 5521 habes,
3653 5469 3700 5514 et
3718 5461 3781 5511 da
3794 5474 3902 5527 pau-

2307 5544 2505 5612 peribus
2525 5557 2546 5597 :
2568 5552 2615 5597 et
2636 5545 2749 5597 veni
2764 5586 2778 5610 ,
2797 5556 2846 5599 et
2865 5562 3069 5617 sequere
3097 5566 3177 5604 me
3200 5547 3393 5619 (Marc.
3424 5553 3516 5607 10.
3543 5552 3659 5623 2i).
3675 5549 3823 5618 Quod
3840 5550 3899 5610 Si.

2305 5638 2563 5707 depositis
2590 5640 2819 5710 opibus,
2870 5641 3106 5697 nondum
3138 5644 3188 5698 in
3236 5653 3353 5699 tuto
3398 5664 3634 5715 sumus,
3679 5649 3771 5704 sed
3811 5648 3901 5700 alia

2305 5740 2421 5785 arte
2447 5739 2502 5785 et
2529 5733 2870 5788 accurationc
2900 5734 3053 5789 nobis
3079 5744 3160 5789 est
3200 5752 3374 5806 opus;
3427 5742 3608 5794 multo
3639 5741 3838 5807 magis,
3863 5736 3903 5788 si

2308 5823 2634 5880 retineamus
2655 5865 2670 5892 ,
2708 5823 2839 5880 nihil
2878 5842 3131 5899 magnttm
3157 5829 3541 5902 operabimur,
3566 5833 3662 5889 sed
3706 5827 3905 5888 ridiculi
