4024 6530
236 377 305 435 ω
1220 375 1285 432 ΙΝ
1324 377 1502 435 ACTA
1543 380 2070 446 APOSTOLORUM.
2115 392 2343 455 HOMIL.
2386 391 2520 458 Vili.
3443 419 3510 473 70

230 528 285 572 et
329 512 728 585 speetamribus
765 522 820 567 et
870 511 969 582 ipsi
1021 510 1252 581 maligno
1314 511 1452 568 hosti
1499 514 1818 572 videbimur.

225 610 378 665 Licet
392 612 538 665 enim
553 606 797 663 diabolus
810 621 917 661 non
933 613 1093 669 esset,
1114 604 1237 659 licet
1257 606 1435 661 nullus
1464 607 1533 661 im
1542 618 1816 679 pugnaret,

223 704 527 758 innumerae
558 702 794 772 undique
818 701 918 755 via:
941 715 1100 769 opum
1131 708 1398 757 amantem
1425 703 1491 758 ad
1518 704 1817 774 gehennam

218 793 445 848 ducunt.
468 794 570 849 Ubi
595 808 738 847 nunc
763 802 890 847 sunt
913 791 1000 861 qui
1041 791 1224 846 dicunt
1252 810 1265 846 :
1294 793 1405 847 Cur
1432 795 1676 851 diabolus
1701 796 1816 854 lac-

218 894 302 939 tus
331 887 454 940 est?
488 888 626 941 Ecce
652 886 739 940 hic
764 884 1010 939 diabolus
1036 884 1201 949 nihil,
1233 883 1327 939 sed
1357 902 1453 940 nos
1486 897 1649 942 totum
1681 904 1813 958 ope-

214 992 417 1029 rantur.
448 978 612 1047 Atqui
645 978 744 1031 hoc
779 975 958 1030 dicere
989 976 1268 1045 Oportebat
1295 992 1390 1032 eos
1416 980 1505 1046 qui
1537 980 1587 1033 in
1619 982 1813 1036 monti-

212 1064 311 1119 bus
329 1066 556 1137 degunt,
576 1069 663 1137 qui
683 1067 1063 1121 continentiam
1086 1075 1353 1121 sectantes
1382 1078 1434 1122 et
1467 1073 1808 1137 pecuniarum

207 1157 547 1229 aliarumque
565 1175 743 1214 rerum
755 1167 1137 1229 contemptum,
1158 1169 1383 1228 patrem,
1404 1160 1612 1229 domos,
1627 1179 1803 1233 agros,

207 1266 407 1305 uxores
437 1262 493 1305 et
526 1253 662 1306 lilios
684 1293 700 1316 ,
732 1248 1086 1305 libentissime
1117 1251 1471 1321 reliquerunt.
1500 1256 1663 1309 Atilii
1691 1256 1806 1312 hinc

204 1358 312 1394 non
342 1344 562 1405 dicunt;
588 1342 638 1395 hi
664 1356 794 1396 vero
820 1342 906 1394 illa
934 1340 1223 1410 proferunt,
1256 1358 1379 1413 qua:
1401 1361 1690 1415 numquam
1717 1347 1801 1402 di-

202 1451 327 1490 cere
350 1436 701 1506 Oportuisset.
730 1434 821 1489 llla
846 1450 973 1489 vere
1002 1445 1128 1488 sunt
1157 1434 1355 1491 diaboli
1385 1441 1711 1495 certamina:
1747 1443 1798 1498 in

199 1527 313 1581 hzec
340 1544 478 1582 vero
506 1542 680 1597 neque
702 1526 1032 1582 descendere
1053 1527 1271 1597 dignum
1302 1539 1403 1584 est.
1446 1532 1533 1597 At,
1564 1532 1793 1603 inquies,

195 1621 511 1675 divitiarum
557 1620 901 1689 cupiditatem
940 1621 1177 1674 immittit
1204 1620 1467 1676 diabolus.
1511 1622 1694 1694 Fuge,
1743 1637 1795 1681 ct

194 1728 261 1767 ne
290 1714 574 1775 admittas,
607 1730 640 1767 ο
668 1712 847 1767 homo.
881 1712 1030 1767 Nunc
1071 1723 1248 1768 autem
1275 1715 1320 1769 si
1350 1729 1507 1784 quem
1538 1716 1733 1771 videris
1761 1734 1792 1773 a

194 1806 438 1859 tabulato
457 1807 627 1860 lutmn
654 1806 898 1875 rejicere,
922 1804 1116 1861 deinde
1137 1806 1301 1860 alium
1317 1806 1584 1862 videntem
1604 1817 1789 1865 contra

189 1898 373 1965 sejaci
394 1940 408 1961 ,
445 1910 591 1953 stare
615 1939 630 1964 ,
683 1907 739 1953 et
769 1907 935 1953 totum
965 1899 1139 1967 capite
1169 1899 1416 1969 excipere
1435 1941 1451 1965 ,
1483 1916 1588 1957 non
1629 1903 1789 1959 modo

190 2007 292 2044 tton
328 1993 642 2056 misereris,
671 1990 765 2046 sed
795 1991 956 2045 etiam
998 1990 1326 2061 indignaris,
1361 1991 1601 2064 dicisque
1630 1994 1782 2051 illum

185 2081 325 2150 juste
350 2097 572 2152 passum
594 2097 713 2137 esse
742 2100 755 2137 :
778 2097 1072 2152 omnesque
1095 2082 1169 2136 illi
1191 2082 1454 2185 dicerent,
1481 2084 1559 2140 Ne
1584 2086 1784 2189 stultus

186 2183 334 2239 esto;
391 2190 494 2229 nec
550 2186 659 2228 tam
712 2174 1036 2243 jacientem,
1078 2189 1239 2244 quam
1285 2174 1637 2245 excipientem
1670 2176 1783 2232 cri-

188 2268 543 2322 minarentur.
573 2267 729 2323 Nuuc
755 2282 916 2337 porro
943 2268 1048 2323 scis
1082 2267 1388 2322 divitiarum
1433 2269 1777 2337 cupiditatem

187 2373 214 2412 a
251 2359 476 2414 diabolo
513 2360 780 2430 proﬁcisci
816 2377 832 2417 :
877 2360 983 2414 scis
1033 2358 1183 2413 illum
1217 2360 1615 2415 innumerorum
1659 2376 1779 2419 esse

185 2450 442 2503 malorum
475 2464 724 2515 causam;
752 2449 903 2505 vides
929 2450 1075 2504 illum
1102 2449 1273 2505 fmdas
1306 2459 1592 2521 turpesque
1622 2452 1772 2521 cogi-

186 2539 410 2593 tationes
450 2542 608 2609 quasi
636 2542 802 2595 lutum
833 2555 1112 2610 apparare,
1140 2556 1243 2595 nec
1268 2540 1520 2611 intelligis
1542 2549 1594 2597 te
1623 2542 1768 2598 nudo

186 2629 353 2698 capite
396 2631 791 2687 immunditiam
838 2632 979 2687 illam
1019 2632 1306 2704 excipere,
1334 2643 1775 2739 cum-oporteret

190 2725 436 2793 tantisper
455 2726 779 2780 declinando
809 2726 859 2780 id
881 2726 1086 2781 vitare?
1111 2725 1573 2830 Quemadmodum
1598 2727 1705 2830 ille,
1724 2727 1771 2783 si

189 2828 217 2866 ι
241 2815 351 2870 loco
373 2816 704 2883 declinaret,
740 2817 1076 2886 liberaretur,
1103 2818 1181 2873 sic
1209 2827 1264 2872 et
1310 2827 1365 2872 tu
1404 2819 1539 2873 tales
1570 2819 1771 2889 cogita-

193 2908 349 2962 tiones
375 2926 444 2964 ne
470 2910 734 2980 excipias,
758 2921 812 2966 et
835 2926 863 2964 a
897 2921 1115 2981 peccato
1144 2911 1312 2981 fugies
1342 2930 1355 2965 :
1385 2911 1586 2981 repelle
1615 2912 1768 2981 cupi-

194 3000 419 3055 ditatem.
456 3001 525 3055 Et
552 3003 827 3072 quomodo
854 3003 1155 3073 repellam?
1189 3004 1419 3073 inquies.
1461 3003 1517 3058 Si
1551 3003 1766 3074 gentilis

1404 3136 2695 3165 ___.__.__.________

1929 538 2097 592 esses,
2124 536 2179 583 et
2200 535 2479 599 praesentia
2512 547 2713 595 tantum
2746 544 3106 617 admirareris,
3143 556 3278 614 forte
3308 580 3391 617 l‘tts
3421 584 3507 620 es-

1927 625 2011 671 set
2037 618 2300 690 difﬁcilis,
2334 628 2541 685 etiamsi
2570 636 2798 703 gentiles
2822 638 2922 695 hoc
2953 642 3175 702 fecerint
3208 669 3221 705 :
3246 666 3299 708 at
3339 667 3390 709 tu
3420 677 3506 727 qui

1924 710 2113 766 ctelum
2132 723 2185 769 et
2199 717 2432 775 crelestia
2445 737 2746 797 exspectas,
2768 731 2919 797 dicis,
2937 736 3212 804 Quomodo
3226 752 3510 818 repellam?

2945 798 2979 804 ,ν
3228 798 3237 800 -

1921 798 1976 854 Si
1996 807 2321 862 coutrarimn
2341 811 2622 883 dixissem,
2645 829 2769 876 tunc
2786 822 3027 884 dubitare
3045 848 3334 903 oporteret;
3360 846 3401 895 si
3421 847 3472 899 di
3487 878 3502 886 -

1919 905 2096 949 cerem
2118 938 2133 964 ,
2179 899 2403 958 Divitias
2433 913 2780 981 concupisce,
2809 923 3193 994 reSponderes,
3225 929 3504 996 Quomodo

1917 988 2290 1057 concupiscam
2312 993 2335 1046 ?
2356 1010 2477 1050 cum
2500 1000 2620 1054 talia
2649 1004 2880 1063 videres.
2905 1011 3001 1067 Dic
3028 1016 3155 1071 mihi
3175 1061 3190 1085 ,
3216 1023 3259 1076 si
3287 1040 3419 1079 auro
3449 1042 3503 1084 et

1915 1075 2178 1145 lapidibus
2205 1085 2456 1152 pretiosis
2502 1099 2787 1164 propositis
2818 1101 3052 1162 dicerem
3108 1128 3122 1165 :
3169 1112 3500 1189 Concupisce

1915 1167 2090 1189 ...ι-μ-ιλ
2122 1188 2125 1189 ν
2374 1178 2386 1189 ¹
2489 1182 2499 1189 ⁸
2670 1187 2679 1189 Α

3251 1167 3496 1189 μην-..

1913 1167 2222 1240 plumbum,
2259 1190 2326 1231 an
2371 1178 2687 1241 hzesitares?
2729 1190 2940 1251 Diceres
2971 1209 3116 1257 certe
3157 1222 3171 1258 :
3218 1206 3496 1273 Quomodo

1912 1266 2172 1328 possum?
2200 1267 2293 1322 Sin
2316 1270 2548 1330 dicerem
2570 1318 2585 1343 ,
2613 1279 2690 1335 Ne
2718 1289 3066 1357 concupiscas
3090 1313 3103 1350 :
3134 1296 3236 1354 hoc
3285 1303 3493 1362 facilius

1907 1363 2070 1408 esset.
2101 1354 2217 1413 Non
2244 1360 2482 1419 admiror
2505 1367 2863 1439 despicientes
2882 1418 2897 1443 ,
2934 1383 3027 1436 sed
3060 1401 3162 1443 non
3191 1390 3492 1462 despicien-

1908 1452 1985 1499 tes
2018 1464 2029 1497 :
2062 1446 2162 1504 hoc
2187 1460 2268 1506 est
2289 1456 2481 1512 animae
2504 1460 2709 1530 ignavia
2745 1466 2932 1535 plena),
2968 1490 3087 1543 qua:
3120 1480 3246 1535 nihil
3278 1483 3490 1544 ditl‘erat

1902 1549 1930 1586 a
1958 1540 2153 1591 muscis
2181 1551 2235 1595 et
2261 1545 2536 1615 culicibus,
2569 1550 2714 1609 humi
2744 1540 3031 1630 repentis,
3082 1564 3133 1619 in
3172 1566 3289 1623 luto
3325 1576 3487 1630 volu-

1903 1633 2061 1693 tatze,
2098 1630 2229 1686 nihil
2272 1651 2524 1706 magnum
2570 1646 2872 1713 cogitantis.
2925 1652 3062 1719 Quid
3104 1657 3278 1716 dicis?
3314 1664 3481 1721 Vitam

1898 1727 2151 1776 aeternam
2184 1723 2495 1785 haereditate
2523 1747 2841 1805 accepturus
2861 1758 2952 1809 es,
2984 1756 3037 1800 et
3062 1749 3161 1816 ais,
3206 1752 3482 1820 Quomodo

1897 1822 2213 1877 praesentem
2240 1821 2400 1874 vitam
2428 1838 2538 1892 prae
2571 1826 2657 1881 illa
2683 1840 3019 1891 contemnam
3043 1840 3067 1892 ἲ
3093 1858 3216 1896 num
3250 1860 3336 1901 res
3356 1859 3480 1905 sunt

1892 1911 2077 1958 mutuo
2106 1912 2539 1979 comparabiles?
2566 1917 2784 1990 Regiam
2817 1936 3019 1983 vestem
3047 1947 3105 1986 es
3130 1949 3440 2008 accepturus
3458 1984 3477 2009 ,

1890 2002 1946 2048 et
1988 1994 2142 2064 dicis,
2175 1998 2455 2065 Quomodo
2495 2022 2698 2077 pannos
2753 2026 3134 2079 contemnam?
3174 2028 3225 2082 in
3276 2034 3474 2103 regiam

1889 2085 2221 2157 ingressurus
2246 2092 2419 2163 dicis,
2455 2098 2735 2167 Quomodo
2777 2123 3061 2179 pauperem
3115 2117 3253 2175 hanc
3294 2139 3473 2183 casam

1887 2173 2219 2249 despiciam?
2246 2185 2383 2244 Vere
2411 2206 2509 2246 nos
2550 2211 2767 2268 semper
2818 2204 2972 2260 nobis
3001 2224 3157 2264 causa
3210 2219 3471 2277 malorum

1884 2285 2091 2340 sumus,
2119 2277 2211 2347 qui
2235 2280 2481 2339 nolumus
2516 2289 2783 2355 paululum
2812 2298 3054 2356 excitari.
3082 2304 3212 2361 Nam
3247 2311 3336 2378 qui
3372 2328 3470 2367 vo-

1883 2364 2127 2434 luerunt,
2170 2381 2315 2426 recte
2339 2389 2398 2429 se
2443 2392 2758 2450 gesserunt;
2806 2387 2965 2458 idque
2988 2408 3106 2448 cum
3138 2414 3331 2469 magno
3361 2403 3470 2460 ler-

1880 2468 2010 2512 vore
2035 2468 2089 2512 et
2126 2459 2398 2521 facilitate.
2430 2467 2642 2527 Utinam
2671 2485 2726 2529 et
2752 2493 2845 2533 vos
2889 2495 3068 2540 nostra
3099 2489 3465 2554 admonitione

1880 2551 2140 2616 persuasi,
2173 2563 2319 2611 recte
2344 2561 2544 2628 agatis,
2578 2563 2976 2642 imitatoresque
3002 2576 3120 2633 sitis
3157 2596 3340 2640 eorum
3370 2590 3463 2658 qui

1879 2643 2133 2710 prmclare
2154 2661 2213 2703 se
2236 2664 2538 2721 gesserunt,
2570 2661 2738 2727 gratia
2760 2673 2814 2717 et
2838 2664 3164 2739 benignitate
3206 2678 3460 2749 unigeniti

1877 2733 1995 2789 Filii
2020 2777 2034 2799 ,
2062 2740 2274 2807 quicum
2302 2742 2481 2813 Patri,
2515 2764 2724 2822 unaque
2764 2770 2949 2814 sancto
2966 2733 3203 2834 'Spit'iltti
3226 2812 3240 2834 ,
3270 2733 3460 2845 gloria,

3026 2824 3039 2834 .
3230 2824 3240 2834 .
3270 2824 3460 2845 ..η-ω.

1875 2824 2176 2897 imperimn,
2209 2830 2401 2905 honor,
2431 2854 2571 2897 nunc
2594 2852 2648 2899 et
2682 2860 2917 2920 semper,
2947 2862 3001 2909 et
3030 2855 3081 2910 in
3114 2862 3309 2917 saecula
3354 2881 3461 2922 sa:-

1873 2917 2143 2976 culorum.
2171 2924 2369 2982 Amen.
2801 2917 2818 2920 V
3472 2960 3475 2961 '

2714 3155 3454 3193 Ἁὴ

1506 3207 1854 3273 HOMILIA
1896 3213 2063 3278 VIII.

191 3357 305 3415 Car.
335 3357 385 3411 5.
430 3372 483 3409 ν.
512 3356 565 3410 Ι.
592 3354 761 3409 Simul
790 3353 970 3407 Petrus
998 3362 1044 3407 et
1081 3352 1308 3408 Joannes
1330 3351 1666 3407 ascendebant
1706 3352 1762 3407 in

441 3444 687 3516 templum
716 3445 784 3497 ad
810 3445 988 3497 horam
1022 3444 1263 3498 orationis
1284 3460 1490 3497 nonam.

240 3538 289 3593 i.
315 3538 375 3592 lli
401 3539 602 3607 ubique
626 3552 873 3608 magnam
920 3537 1059 3592 inter
1084 3552 1141 3591 se
1163 3536 1506 3591 concordiam
1554 3535 1757 3594 habere

170 3631 585 3700 conspiciuntur.
622 3628 756 3683 Huic
798 3629 964 3683 innuit
1010 3628 1195 3683 Petrus
1228 3645 1248 3683 :
1279 3630 1432 3683 simul
1462 3629 1529 3684 ad
1572 3631 1755 3701 sepul-

167 3736 306 3775 crum
333 3721 499 3777 ambo
540 3722 762 3775 veniunt
792 3737 806 3773 :
835 3719 902 3775 de
929 3719 1134 3774 Joanne
1155 3720 1283 3774 dicit
1305 3720 1494 3776 Petrus
1517 3720 1750 3786 Christo,

167 3814 260 3867 Hic
290 3824 468 3867 autem
508 3816 635 3886 quid
663 3812 854 3887 (Joan.
888 3814 973 3869 15.
1005 3813 1097 3867 24.
1134 3824 1177 3867 et
1202 3813 1291 3869 20.
1323 3815 1378 3869 5.
1417 3824 1464 3868 ct
1496 3814 1584 3868 ει.
1614 3814 1674 3868 21
1703 3814 1754 3885 )ἲ

165 3910 270 3964 Alia
298 3910 523 3980 quidem
550 3909 699 3979 signa
734 3908 1079 3980 praetermisit
1107 3906 1267 3976 hujus
1312 3907 1430 3962 libri
1478 3908 1745 3977 scriptor;

159 4004 289 4070 quod
318 4018 456 4057 vero
486 4002 538 4055 in
564 4011 836 4070 stuperent
876 4010 930 4056 et
963 4000 1371 4056 admirationem
1399 4015 1588 4055 omnes
1615 4017 1747 4056 con-

152 4096 385 4162 jiciebat,
413 4095 549 4149 illud
572 4095 827 4149 narravit.
857 4093 923 4149 Et
941 4093 1326 4196 animadverte,
1352 4093 1471 4195 illos
1493 4109 1598 4148 non
1618 4109 1745 4197 con:

155 4189 269 4240 silio
312 4188 420 4242 huc
474 4188 717 4250 venisse;
767 4185 838 4240 ita
867 4186 935 4239 ab
982 4184 1130 4238 oumi
1187 4184 1542 4239 ostentatione
1594 4184 1742 4238 vacui

152 4289 335 4343 erant,
380 4279 774 4346 ductoremque
814 4291 965 4329 suum
1018 4274 1378 4330 imitabantur.
1399 4273 1742 4377 -Cur.autetn

150 4370 513 4426 ascenderunt
542 4370 592 4422 in
643 4369 940 4437 templum?
980 4366 1114 4421 Num
1167 4366 1343 4421 adhuc
1392 4365 1615 4421 Judaice
1659 4367 1741 4420 vi-

150 4466 338 4517 vebant
359 4464 385 4517 ?
412 4462 673 4525 Minime;
705 4459 800 4515 sed
829 4459 1037 4513 utiliter
1066 4458 1171 4513 hoc
1198 4457 1419 4512 faciunt.
1450 4457 1579 4512 Nam
1624 4473 1740 4512 rur-

146 4572 233 4609 sus
254 4557 475 4624 signum
499 4551 697 4614 editur,
722 4550 864 4621 quod
886 4550 1006 4605 illos
1031 4550 1336 4616 conlirmet,
1359 4549 1596 4620 aliosque
1620 4566 1741 4618 per-

148 4649 319 4702 trahat
350 4667 364 4703 :
395 4649 636 4716 signum,
661 4645 897 4714 inquam,
917 4643 1075 4712 quale
1100 4642 1338 4698 nondum
1360 4642 1615 4698 fecerant.
1636 4642 1737 4697 Na-

146 4744 328 4797 turalis
352 4753 479 4797 erat
508 4740 750 4804 morbus,
779 4739 880 4792 arti
904 4736 1126 4793 medica:
1154 4754 1258 4791 non
1296 4737 1493 4792 cedens
1522 4754 1536 4791 :
1571 4739 1677 4792 imo
1705 4754 1733 4793 a

142 4835 498 4905 quadraginta
518 4833 676 4886 annis
690 4830 1043 4893 claudicabat,
1066 4839 1122 4884 ut
1139 4828 1333 4885 deinde
1348 4830 1557 4895 dicitur,
1578 4847 1735 4886 nemo

145 4928 289 4981 illum
325 4928 378 4980 in
435 4936 544 4978 tam
580 4926 736 4993 longo
778 4933 1020 4992 tempore
1048 4932 1347 4975 curaverat.
1380 4922 1537 4976 Scitis
1566 4937 1727 4987 vero,

142 5019 251 5074 hac
271 5037 301 5075 a
337 5019 613 5074 natalibus
643 5016 781 5070 mala
808 5023 993 5071 curatu
1024 5029 1145 5070 esse
1178 5014 1497 5071 difﬁciliora.
1530 5015 1731 5070 Tantus

139 5125 248 5165 erat
273 5111 505 5165 morbus
523 5119 663 5162 utne
684 5108 899 5177 quidem
929 5107 1289 5161 necessariuttt
1317 5107 1415 5160 sibi
1440 5106 1614 5161 cibum
1637 5122 1732 5177 pa-

142 5220 252 5257 rare
283 5212 471 5269 posset
516 5199 880 5269 insignisvero
905 5206 1039 5260 erat,
1062 5208 1171 5250 ttuu
1190 5213 1217 5250 a
1239 5198 1377 5258 loco.
1402 5207 1510 5251 tum
1529 5214 1557 5251 a
1586 5214 1728 5251 tuor-

140 5295 232 5357 bo;
256 5305 311 5347 et
327 5292 626 5362 quummli,
644 5288 853 5342 audi.9..
878 5288 943 5342 Et
967 5289 1174 5359 quidam
1192 5290 1284 5353 vir,
1308 5290 1494 5392 inquit,
1518 5290 1727 5392 claudus

139 5404 191 5439 ex
211 5396 352 5438 utero
376 5385 553 5436 niatris
583 5396 691 5435 sum
710 5380 1029 5450 bajulnbatur
1050 5396 1223 5445 :quem
1243 5383 1487 5448 ponebant
1507 5381 1728 5449 quotidie

141 5480 198 5532 ad
218 5491 426 5546 portam
449 5476 620 5545 templi
641 5516 655 5538 ,
681 5490 794 5545 qua:
822 5474 1007 5526 dicitur
1032 5473 1293 5541 Speciosa,
1324 5483 1376 5524 ut
1398 5484 1579 5543 peteret
1600 5476 1726 5526 eice-

145 5586 402 5639 inusguam
428 5568 490 5620 ab
526 5565 893 5620 introeuntibus
921 5566 974 5616 in
1011 5563 1273 5631 templum.
1312 5562 1721 5669 Elcemosyuam

144 5678 256 5729 ergo
283 5659 536 5730 petebat,
566 5667 621 5711 et
650 5655 920 5710 nesciebat
946 5655 1159 5724 quinam
1189 5654 1283 5707 viri
1307 5665 1505 5709 essent.
1528 5655 1580 5759 5ἶ
1622 5653 1722 5759 Qui

146 5769 242 5805 cum
277 5755 488 5807 vidisset
521 5749 726 5804 Petrum
753 5758 796 5803 et
836 5748 1084 5802 Joannem
1109 5748 1398 5816 incipientes
1432 5748 1634 5803 introire
1668 5749 1720 5803 in

150 5858 395 5925 buplain,
428 5854 642 5925 rogabat
664 5862 716 5906 ut
736 5851 1099 5921 elemosynam
1126 5848 1395 5918 acciperet.
1426 5848 1478 5903 4.
1508 5845 1720 5911 Intucns

1863 3364 2035 3411 autem
2066 3361 2119 3414 in
2155 3378 2267 3417 eum
2296 3365 2480 3424 Petrus
2511 3389 2625 3427 cum
2652 3376 2855 3435 Joanne
2874 3423 2888 3447 ,
2932 3384 3063 3440 dixit
3089 3404 3110 3443 .°
3140 3392 3350 3463 Respice
3386 3400 3445 3454 in

1861 3463 1972 3502 nos.
2009 3450 2121 3507 Hoc
2148 3457 2332 3525 audit;
2366 3461 2454 3517 ille
2488 3480 2615 3521 vero
2647 3486 2818 3542 neque
2844 3477 2922 3531 sic
2949 3480 3187 3551 erigitur,
3219 3489 3313 3543 sed
3343 3492 3441 3548 ad-

1861 3536 1965 3595 huc
1988 3555 2167 3600 manet
2210 3547 2438 3608 instans.
2482 3555 2625 3611 Talis
2651 3563 2793 3616 enim
2824 3574 2908 3621 est
2935 3584 3217 3641 paupertas
3241 3620 3256 3644 ,
3309 3580 3439 3639 dare

1858 3635 2173 3703 negantibus
2204 3640 2365 3698 instat
2406 3654 2461 3701 et
2500 3652 2643 3721 Cogit
2685 3654 2823 3714 illos.
2875 3635 3265 3723 Erttbescamus
3298 3689 3394 3727 nos
3418 3717 3434 3741 ,

1855 3724 1945 3793 qui
1971 3740 1999 3779 a
2033 3731 2278 3797 precibus
2309 3737 2593 3796 resilimus.
2634 3745 2762 3802 Vide
2791 3759 2990 3821 autem,
3022 3774 3179 3825 quam
3206 3765 3313 3818 cito
3343 3765 3439 3821 Pe—

1856 3821 1970 3870 trus
2014 3825 2473 3884 mansuetudinem
2520 3834 2809 3905 exhibeat,
2856 3841 3088 3901 dicens:
3123 3849 3335 3921 Respice
3379 3858 3431 3911 in

1853 3923 1966 3962 nos.
2012 3908 2102 3968 Sic
2132 3915 2339 3972 illorum
2380 3921 2590 3980 habitus
2633 3944 2727 3998 per
2759 3946 2818 3986 se
2848 3950 3024 3992 mores
3049 3940 3337 3999 iudicabat.
3379 3951 3432 4005 ὅ.

1851 4001 2026 4058 Atille
2049 4006 2337 4064 intendebat
2362 4013 2414 4066 in
2441 4031 2545 4079 eos,
2576 4035 2786 4088 sperans
2812 4042 2866 4079 se
2890 4028 3086 4099 aliquid
3108 4048 3431 4106 accepturum

1849 4092 1912 4144 ab
1940 4093 2030 4147 eis.
2061 4094 2113 4150 6.
2145 4097 2328 4155 Petrus
2352 4114 2520 4159 autem
2545 4108 2673 4162 dixit
2702 4126 2720 4164 :
2746 4113 3024 4184 Argentum
3046 4132 3092 4175 et
3124 4142 3304 4181 aurum
3330 4147 3433 4187 non

1848 4192 1921 4236 est
1949 4186 2108 4252 mihi,
2150 4191 2285 4258 quod
2328 4206 2496 4249 autem
2526 4199 2703 4268 habeo,
2733 4204 2828 4259 hoc
2853 4210 2942 4263 tibi
2968 4212 3055 4266 do.
3104 4215 3220 4272 Non
3252 4221 3381 4276 dixit
3406 4265 3424 4290 ,

1847 4273 1978 4330 Rem
2015 4281 2182 4337 multo
2213 4287 2580 4352 pretiosiorem
2606 4308 2826 4365 argento
2865 4301 2935 4357 do
2967 4306 3059 4360 tibi
3087 4324 3100 4370 ;
3134 4312 3226 4365 sed

1847 4368 1911 4424 In
1939 4375 2142 4428 nomine
2164 4376 2287 4431 Jesu
2303 4378 2489 4437 Christi
2512 4384 2776 4444 Nazareni
2792 4410 2944 4465 surge
2957 4408 3003 4451 et
3031 4368 3255 4461 ambula.
3273 4368 3333 4461 '7.
3358 4408 3423 4464 Et

1844 4465 2162 4532 apprehensa
2181 4487 2333 4525 manu
2352 4476 2460 4545 ejus
2477 4477 2676 4546 dextra,
2697 4485 2932 4541 allevanit
2948 4508 3079 4545 eum.
3120 4497 3192 4550 lla
3224 4497 3346 4554 fecit
3367 4511 3422 4557 et

1842 4553 2107 4624 Christus,
2129 4577 2270 4632 saepe
2300 4582 2512 4622 manum
2544 4577 2799 4642 porrexit,
2820 4582 3028 4649 quando
3058 4600 3207 4643 erant
3234 4591 3285 4645 in
3317 4594 3419 4651 lide

1842 4645 2183 4719 inﬁrmiores,
2205 4664 2342 4711 utne
2358 4658 2626 4717 videretur
2648 4681 2733 4720 res
2765 4684 2831 4723 ex
2862 4685 3051 4740 sponte
3080 4692 3172 4732 sua
3194 4681 3329 4737 ﬁeri.
3353 4685 3420 4740 Et

1840 4744 2157 4811 apprehensa
2196 4765 2348 4805 manu
2375 4755 2482 4824 ejus
2506 4757 2701 4826 dextra,
2733 4763 2966 4819 allevavit
2993 4786 3127 4825 eum.
3159 4774 3272 4830 Hoc
3304 4794 3416 4833 ma-

1841 4833 2087 4889 nifestam
2137 4837 2262 4894 fecit
2299 4849 2741 4904 resurrectionem
2768 4871 2782 4906 :
2809 4854 2920 4909 lucc
2945 4860 3141 4928 quippe
3168 4879 3415 4922 resurre-

1838 4926 2029 4980 ctionis
2059 4929 2232 5000 imago
2255 4944 2389 4989 erat.
2420 4937 2487 4991 Et
2518 4942 2749 5009 protinus
2777 4949 3102 5004 consolidata:
3129 4968 3242 5009 sunt
3274 4959 3413 5015 bases

1835 5017 1947 5086 ejus
1971 5028 2015 5073 et
2042 5020 2248 5089 plantae,
2273 5028 2325 5081 8.
2355 5037 2401 5081 et
2426 5032 2660 5086 exsiliens
2685 5036 2816 5088 stetit
2832 5079 2845 5095 .
2871 5049 2916 5090 et
2934 5046 3239 5101 ambulabat.
3273 5050 3411 5106 Ten-

1838 5117 1954 5163 tatis
1980 5111 2114 5167 forte
2142 5117 2373 5184 seipsum
2395 5160 2410 5184 ,
2458 5130 2512 5174 et
2538 5123 2791 5191 majorem
2821 5131 3205 5195 experientiam
3242 5140 3403 5198 facie--

1835 5198 1920 5253 bat
1947 5243 1961 5265 ,
1995 5218 2120 5256 num
2148 5204 2339 5259 frustra
2371 5208 2419 5261 id
2447 5210 2640 5265 factum
2673 5227 2833 5270 esset.
2868 5219 3065 5278 lntirmi
3098 5227 3212 5297 ejus
3243 5234 3406 5300 pedes

1833 5302 2019 5357 erant,
2055 5311 2155 5349 non
2208 5299 2451 5354 abscissi.
2487 5304 2707 5367 Quidam
2740 5325 2865 5363 vero
2894 5310 3076 5369 dieatttt
3124 5319 3293 5387 ipsum
3324 5332 3407 5378 tit-

1832 5385 2025 5440 cedere
2054 5391 2357 5444 ttescivisse.
2387 5391 2451 5445 Et
2474 5394 2677 5449 intravit
2704 5417 2815 5453 cum
2838 5402 2938 5456 illis
2964 5421 3014 5457 tu
3038 5410 3277 5479 templum
3302 5434 3409 5469 am-

1832 5477 2031 5531 bulans.
2064 5477 2203 5533 Vere
2237 5481 2587 5541 admiratione
2637 5489 2792 5558 digna
2850 5510 2936 5547 res
2985 5510 3123 5554 erat.
3174 5501 3288 5558 Non
3331 5508 3402 5562 illi

1832 5568 2003 5638 ipsum
2028 5569 2249 5636 ducunt,
2278 5574 2370 5629 sed
2398 5581 2656 5648 sequitur,
2678 5593 2731 5636 et
2752 5588 3025 5653 sequendo
3048 5591 3408 5653 benefacturus

1829 5661 2096 5727 ostendit;
2125 5671 2284 5733 atque
2310 5665 2469 5721 etiam
2500 5671 2639 5739 quod
2666 5675 2919 5730 exsiliens
2947 5678 3184 5736 laudaret
3212 5685 3398 5758 Deum,

1829 5768 1935 5808 non
1964 5752 2082 5837 illos
2116 5755 2425 5814 admirando
2453 5760 2694 5830 laudans,
2724 5766 2816 5821 sed
2845 5769 3028 5836 Deum,
3058 5775 3143 5842 qui
3175 5793 3265 5846 per
3291 5752 3407 5840 illos

1828 5826 2078 5919 operatus
2106 5860 2241 5907 erat.
2294 5851 2362 5906 lta
2394 5865 2544 5925 grato
2574 5855 2651 5911 vir
2678 5858 2857 5913 animo
2894 5872 3029 5918 erat.
3080 5867 3185 5923 Sed
3218 5874 3397 5943 priora
