4024 6536
544 415 609 474 τι
1297 406 1356 467 8.
1395 402 1671 462 JOANNIS
1703 396 2175 455 CHRYSOSTOMI
2216 395 2533 457 ARCHIEP.
2571 396 3100 459 CONSTANTINOP.
3739 407 3802 465 τι

550 540 872 602 repetamus.
904 522 1249 580 Ascendebaut
1270 561 1288 590 ,
1334 521 1526 589 inquit,
1567 518 1636 573 ad
1670 516 1847 570 horam
1882 514 2125 569 orationis

545 636 763 676 nouant.
817 617 1083 673 Fortassis
1110 614 1202 668 illo
1236 621 1475 682 tempore
1501 608 1841 677 deportatum
1880 604 2128 659 claudum

552 714 911 786 deponebant,
940 708 1153 782 quando
1181 710 1411 761 maxime
1442 703 1738 757 intrabatur
1764 700 1816 754 in
1850 697 2127 766 templum.

549 807 628 864 Ne
646 807 764 877 quis
784 819 913 861 vero
939 808 1166 873 putaret,
1190 799 1258 852 ob
1274 796 1430 851 aliam
1452 810 1566 850 rem
1588 793 1925 863 deportatum
1945 789 2129 855 fuisse,

550 908 739 955 etnon
782 908 839 951 ut
873 895 1177 963 acciperet;
1223 889 1345 942 vide
1394 884 1663 957 quomodo
1699 883 1750 938 id
1779 882 1923 936 clare
1965 880 2132 950 signi-

552 991 705 1057 ficet,
750 986 976 1042 dicendo
1008 1001 1022 1038 :
1055 980 1318 1035 Ponebant
1347 979 1493 1032 illum
1523 988 1577 1029 ut
1605 975 1971 1044 eleemosynam
1993 969 2132 1022 acci-

552 1093 689 1153 peret
713 1081 775 1134 ab
800 1075 1166 1131 introeuntibus
1195 1073 1247 1125 in
1284 1071 1545 1140 templum.
1588 1065 1713 1119 ldeo
1740 1073 1795 1117 et
1827 1064 1940 1116 loca
1981 1076 2131 1114 com-

565 1181 823 1227 memorat
864 1169 913 1222 in
935 1174 1303 1236 argumentum
1326 1175 1511 1215 eorum
1547 1172 1665 1228 quae
1699 1153 1904 1210 scribit.
1929 1152 1991 1205 Et
2014 1166 2127 1214 cur,

551 1263 779 1333 inquies,
798 1260 947 1315 illum
966 1273 1069 1310 non
1087 1254 1300 1312 Christo
1322 1246 1680 1306 adduxerunt?
1703 1246 1859 1300 Forte
1876 1241 2133 1299 increduli

549 1363 705 1410 erant
742 1353 817 1417 ii,
866 1351 953 1419 qui
997 1346 1193 1416 templo
1224 1344 1532 1399 assidebant
1557 1383 1571 1407 ,
1604 1336 2033 1410 quandoquidem
2066 1349 2132 1389 ne

550 1445 806 1512 apostolis
826 1441 1038 1511 quidem
1060 1439 1231 1507 ipsum
1251 1435 1586 1498 obtulerunt,
1609 1446 1728 1486 cum
1754 1428 1995 1482 viderent
2014 1426 2133 1480 illos

550 1536 795 1606 ingredi,
836 1544 954 1604 post
982 1542 1057 1585 tot
1084 1531 1222 1584 edita
1255 1526 1528 1581 miracula.
1561 1522 1811 1595 Rognbat,
1847 1521 2035 1590 inquit,
2077 1526 2133 1571 ut

552 1629 920 1697 eleentosynam
948 1623 1213 1689 acciperet.
1258 1618 1416 1672 Forte
1441 1632 1505 1671 ex
1536 1616 1717 1669 habitu
1747 1614 1865 1667 illos
1891 1622 1947 1665 ut
1971 1626 2133 1680 quos-

555 1720 676 1773 dam
712 1719 825 1785 pios
852 1715 994 1768 viros
1019 1710 1376 1773 existimavit;
1406 1708 1633 1777 ideoque
1662 1705 1886 1759 detinuit
1910 1717 2022 1757 eos.

630 1807 809 1860 Petrus
848 1821 999 1874 quant
1040 1805 1233 1855 alienus
1270 1819 1301 1852 α
1344 1798 1729 1870 fnum—Vide
1773 1806 1969 1858 autem,
2001 1809 2132 1865 quo-

551 1900 711 1954 modo
736 1898 969 1953 Joannes
1010 1896 1203 1962 ubique
1228 1893 1415 1952 sileat;
1460 1892 1648 1945 l’etrus
1676 1903 1802 1943 vero
1831 1888 1989 1943 etiam
2036 1903 2132 1955 pro

554 1993 646 2045 illo
672 1990 928 2043 rationem
955 1986 1142 2039 reddat
1166 2004 1177 2036 :
1204 1985 1478 2052 Argentum
1506 1992 1551 2035 et
1572 1998 1753 2034 aurum
1776 1989 1964 2033 nonest
1986 1979 2129 2044 mihi,

551 2078 739 2149 inquit.
791 2075 907 2131 Non
938 2076 1100 2137 dixit,
1132 2069 1231 2128 llic
1261 2088 1369 2125 non
1398 2071 1600 2135 habeo,
1652 2081 1706 2123 ut
1738 2086 1834 2123 nos
1863 2070 2089 2123 dicimus
2113 2107 2130 2134 ,

551 2172 644 2226 sed
677 2184 923 2239 prorsus,
966 2166 1080 2220 Non
1114 2166 1304 2218 habeo.
1354 2163 1490 2229 Quid
1520 2177 1647 2239 ergo
1676 2160 1936 2215 claudus?
1979 2158 2130 2213 Mene

550 2263 840 2333 Suppliccm
871 2258 1145 2330 despicis?
1171 2255 1284 2310 Non
1308 2297 1322 2321 ,
1356 2255 1545 2325 inquit;
1579 2253 1672 2310 sed
1709 2253 1777 2308 de
1807 2254 1871 2307 iis
1896 2269 2014 2322 qua:
2037 2252 2132 2305 ha-

552 2352 653 2407 beo
679 2353 881 2420 accipe.
941 2348 1143 2408 Vitleu',
1174 2346 1444 2413 quomodo
1470 2359 1499 2397 a
1527 2346 1663 2397 fastu
1689 2343 1893 2398 alienus
1928 2344 1999 2397 sit
2028 2342 2130 2396 Pe-

552 2455 665 2500 trus
688 2485 703 2509 ,
738 2459 835 2497 nec
864 2456 923 2496 se
952 2450 1183 2494 oStentet
1212 2439 1370 2492 etiam
1402 2438 1450 2491 ei
1474 2477 1490 2502 ,
1541 2435 1632 2506 qui
1661 2450 1691 2488 a
1725 2451 1785 2490 se
1813 2435 2128 2489 benelicium

549 2546 862 2604 accepturus
888 2532 1011 2585 est?
1052 2529 1125 2584 Os
1153 2530 1327 2599 itaque
1352 2536 1409 2582 et
1437 2541 1629 2581 manus
1659 2535 1826 2579 totum
1860 2524 2126 2579 fecerunt.

550 2626 710 2682 Tales
734 2633 888 2680 erant
924 2623 1091 2678 Judaei
1138 2622 1501 2675 claudicantes
1539 2635 1554 2684 ;
1586 2626 1641 2672 et
1668 2633 1789 2672 cum
1822 2630 1958 2686 opus
1986 2626 2132 2671 esset

549 2725 830 2779 sanitatem
857 2731 1039 2791 petere
1058 2759 1072 2781 ,
1104 2717 1180 2771 illi
1209 2715 1388 2786 potius
1419 2714 1673 2784 pecunias
1702 2712 1954 2782 petebant
1981 2710 2131 2767 humi

548 2814 785 2887 iacentes
812 2829 826 2865 :
859 2811 946 2881 qui
978 2818 1030 2862 et
1063 2809 1181 2861 ideo
1210 2806 1407 2875 templo
1432 2803 1740 2859 assidebant
1764 2844 1779 2869 ,
1809 2812 1866 2857 ut
1893 2802 2130 2856 ditareu-

554 2918 658 2961 tur.
715 2902 850 2973 Quid
893 2901 1049 2971 igitur
1086 2899 1323 2954 Petrus?
1381 2896 1494 2951 Non
1539 2895 1784 2965 despexit
1821 2909 1980 2958 eum,
2024 2910 2131 2949 non

550 2997 768 3052 divitem
796 2992 1069 3065 qtimsivit,
1100 3005 1201 3045 nec
1227 2988 1395 3053 dixit,
1436 2986 1546 3043 Nisi
1580 2986 1632 3041 in
1658 2986 1751 3041 illo
1778 2984 1869 3040 flat
1898 2985 2132 3040 miracu-

552 3089 661 3143 lum
686 3128 702 3153 ,
747 3084 878 3139 nihil
909 3097 1156 3153 magnum
1188 3081 1291 3134 erit
1322 3096 1336 3133 :
1368 3095 1471 3132 non
1506 3078 1764 3132 honorem
1795 3077 2131 3147 exspectavit

553 3180 621 3234 ab
647 3177 759 3242 illo,
790 3190 961 3245 neque
992 3172 1343 3242 pra-sentibus
1371 3168 1689 3239 quibusdam
1713 3170 1917 3223 curavit
1945 3168 2127 3223 illum:

551 3279 669 3326 erat
692 3268 833 3324 enim
863 3266 943 3320 vir
972 3267 1022 3319 in
1054 3266 1293 3333 ingressu
1321 3304 1335 3327 ,
1369 3277 1472 3316 non
1507 3261 1649 3315 intus
1670 3303 1685 3325 ,
1730 3260 1816 3314 ubi
1851 3271 1966 3316 erat
1996 3260 2132 3316 mul-

553 3361 744 3418 titudo.
766 3362 833 3415 At
861 3359 990 3413 nihil
1014 3358 1204 3412 horum
1232 3356 1476 3425 quaesivit
1498 3354 1706 3422 Petrus,
1734 3370 1907 3425 neque
1928 3356 2134 3426 ingres-

552 3471 646 3510 sus
674 3451 1010 3524 pratdicavit,
1055 3450 1147 3503 sed
1186 3464 1253 3502 ex
1283 3448 1397 3500 solo
1427 3447 1607 3500 habitu
1633 3446 1878 3500 claudum
1906 3449 2125 3503 attraxit

554 3548 622 3603 ad
667 3544 973 3617 petendum.
1005 3540 1264 3610 Quodque
1296 3539 1486 3593 mirum
1512 3548 1634 3603 est,
1685 3538 1775 3592 ille
1804 3540 1982 3593 statim
2011 3554 2131 3594 cre-

555 3640 709 3695 didit.
755 3637 886 3693 Nam
914 3635 1002 3705 qui
1034 3650 1063 3687 a
1101 3633 1319 3687 diutinis
1359 3632 1560 3687 morbis
1590 3630 1795 3685 liberati
1835 3640 1998 3697 sunt,
2040 3635 2130 3687 vix

552 3733 778 3790 credunt
798 3730 961 3785 etiam
986 3742 1048 3781 ea
1073 3741 1191 3797 quae
1222 3725 1420 3779 vident.
1452 3724 1519 3778 Et
1546 3734 1761 3778 sanatus
1789 3722 1981 3778 deinde
2009 3739 2129 3779 cum

555 3822 815 3895 apostolis
840 3831 976 3886 erat,
1002 3818 1203 3889 gratias
1231 3831 1395 3886 agens
1424 3817 1552 3870 Deo.
1584 3814 1649 3868 Et
1675 3814 1903 3881 intravit,
1938 3814 2127 3884 inquit,

558 3933 675 3971 cum
699 3914 801 3969 illis
828 3914 883 3966 in
917 3911 1192 3981 templum,
1223 3908 1487 3961 ambulans
1506 3948 1521 3972 ,
1566 3907 1801 3960 exsiliens
1826 3917 1874 3960 et
1914 3906 2131 3961 laudans

555 4008 741 4062 Deum.

626 4099 683 4154 2.
723 4096 891 4160 Vide,
921 4091 1188 4163 quomodo
1214 4106 1318 4146 non
1348 4093 1589 4161 quiescat
1614 4129 1629 4154 ,
1660 4100 1769 4143 tum
1800 4105 1868 4145 ex
1897 4088 2127 4160 gaudio,

558 4204 672 4248 tum
700 4199 758 4244 ut
794 4187 994 4244 Judteis
1017 4201 1111 4240 ora
1140 4186 1400 4238 obstruat.
1432 4183 1502 4240 Ut
1529 4195 1707 4237 autem
1738 4184 1945 4237 videtur
1976 4182 2129 4247 mihi,

558 4300 628 4341 ne
659 4282 931 4338 videretur
965 4277 1219 4334 ementita
1256 4291 1375 4339 res,
1424 4276 1541 4330 ideo
1582 4276 1693 4344 ipse
1731 4276 1943 4329 saltavit
1977 4292 1990 4330 :
2032 4274 2133 4332 hoc

557 4374 701 4431 enim
731 4372 875 4426 nullo
902 4368 1060 4423 modo
1087 4367 1322 4420 simulari
1355 4374 1579 4435 poterat.
1611 4366 1711 4433 Qui
1741 4368 1883 4420 enim
1910 4366 2134 4420 omnino

560 4479 667 4520 non
697 4468 904 4533 poterat
946 4456 1235 4522 incedere,
1284 4457 1421 4509 f.nne
1463 4456 1620 4510 etiam
1652 4465 1913 4526 cogente;
1960 4471 2133 4527 neque

558 4556 705 4611 enim
747 4552 1006 4607 voluisset
1042 4564 1163 4603 cum
1197 4548 1387 4617 baiulis
1424 4547 1794 4618 eleemosynas
1822 4550 2043 4618 partiri,
2086 4550 2133 4606 si

558 4648 707 4705 solus
734 4647 814 4701 ire
841 4644 1135 4714 potuisset;
1167 4641 1331 4695 multo
1358 4642 1525 4711 magis
1554 4652 1696 4695 tunc.
1737 4643 2014 4709 Quomodo
2039 4659 2136 4698 au-

558 4751 668 4795 tem
706 4736 1009 4791 simulasset
1036 4734 1087 4787 in
1116 4732 1339 4801 gratiam
1369 4748 1550 4786 eorum
1574 4774 1591 4799 ,
1622 4734 1710 4803 qui
1740 4734 2135 4806 eleemosynam

560 4845 669 4885 non
699 4826 999 4883 dederant?
1028 4824 1131 4878 Sed
1163 4824 1296 4893 grati
1322 4822 1488 4876 animi
1514 4824 1591 4876 vir
1617 4836 1750 4889 erat,
1785 4826 1944 4880 etiam
1973 4827 2134 4896 adep-

561 4932 647 4975 tus
675 4920 975 4973 sanitatem.
1012 4915 1266 4983 Utrinqne
1288 4930 1415 4981 ergo
1444 4914 1614 4968 lidelis
1640 4916 1960 4985 ostenditur,
1986 4929 2041 4973 et
2067 4936 2132 4974 ex

562 5012 845 5081 gratiarum
878 5008 1086 5061 actione
1107 5046 1121 5069 ,
1164 5015 1219 5061 et
1246 5021 1309 5059 ex
1338 5020 1403 5059 eo
1433 5006 1572 5074 quod
1603 5007 1814 5061 accidit.
1861 5009 1973 5064 Non
2005 5026 2135 5066 sane

562 5103 808 5156 omnibus
837 5108 991 5154 notus
1017 5108 1132 5153 erat
1155 5115 1169 5163 ;
1222 5097 1361 5152 unde
1389 5106 1443 5152 et
1470 5099 1833 5167 agnoscebant
1861 5100 2028 5155 illum.
2076 5101 2130 5158 9.

564 5193 629 5247 Et
673 5192 794 5244 vidit
825 5208 978 5255 eum,
1023 5190 1225 5258 ittquit,
1271 5190 1432 5242 omnis
1475 5190 1692 5260 populus
1721 5190 2057 5245 ambulantem
2085 5203 2133 5246 et

560 5284 850 5340 laudantem
884 5282 1063 5335 Deum.
1096 5281 1180 5335 10.
1212 5280 1684 5352 Cognoscebuntque
1710 5284 1875 5352 ipsum
1900 5300 2025 5344 esse.
2048 5287 2133 5355 qui

567 5377 633 5427 ad
668 5375 1033 5442 eleemosgnam
1065 5371 1263 5424 sedebat
1290 5371 1355 5422 ad
1384 5371 1677 5441 Speciosam
1707 5384 1904 5444 portam
1943 5377 2134 5445 templi.

566 5466 711 5521 Bene
735 5464 911 5528 dixit,
950 5462 1321 5534 Cognoscebant
1350 5479 1368 5516 :
1396 5480 1520 5518 nam
1549 5476 1731 5534 postea
1760 5482 1863 5520 non
1888 5469 2138 5538 cognosci

564 5558 770 5625 ςωρίῑε
806 5558 902 5608 hac
928 5554 1124 5623 quippe
1164 5567 1292 5607 voce
1335 5555 1532 5608 utimur
1569 5557 1710 5610 circa
1749 5572 1877 5624 eos,
1921 5558 2009 5627 qui
2054 5560 2138 5614 vix

560 5655 937 5717 agnoscuntur.
955 5644 1111 5700 Credi
1132 5659 1260 5714 ergo
1279 5647 1575 5714 Oportebat,
1598 5649 1995 5705 noutenChristi
2020 5669 2117 5722 pec

567 5747 683 5792 cata
710 5736 982 5791 dimittere
1005 5776 1021 5803 ,
1049 5736 1189 5805 quod
1219 5745 1363 5790 tanta
1390 5749 1719 5807 operaretur.
1748 5742 1835 5795 11.
1861 5741 1987 5796 Cum
2009 5756 2143 5796 tene-

562 5842 637 5884 ret
665 5842 830 5883 autem
857 5846 898 5882 ts
923 5870 938 5896 ,
967 5831 1053 5900 qui
1079 5844 1289 5884 sanatus
1316 5835 1501 5900 fuerat,
1533 5831 1743 5886 Petrum
1774 5845 1820 5890 et
1850 5834 2102 5892 Joannem
2123 5880 2138 5906 ,

2237 513 2468 566 convenit
2512 515 2678 570 omnis
2718 519 2942 587 populus
2977 519 3046 571 ad
3094 519 3342 588 porticum
3379 536 3494 592 qut:
3533 526 3810 591 appellatur

2234 602 2548 669 Salomonis,
2578 615 2851 675 stupentes.
2880 608 2957 662 Ex
2985 609 3355 665 benevolentia
3379 621 3435 666 et
3456 613 3687 669 amicitia
3706 631 3804 671 non

2232 693 2578 764 separabatur
2614 696 2683 750 ab
2712 697 2842 767 ipsis
2870 699 3090 755 claudus
3110 741 3124 764 ,
3171 700 3399 759 fortasse
3432 706 3630 776 gratias
3657 721 3809 778 agens

2233 794 2288 840 et
2312 785 2532 841 laudans
2555 788 2693 842 illos.
2724 787 2792 841 Et
2813 789 3124 856 decurrebat,
3157 792 3358 863 inquit,
3393 798 3557 850 omnis
3582 802 3806 868 populus.

2237 875 2324 930 12.
2365 875 2553 931 Videris
2581 890 2746 933 autem
2774 880 2889 933 illos
2920 880 3133 947 Petrus,
3163 887 3441 955 respondit.
3479 865 3681 944 Rursus
3709 865 3827 960 ipse-

2235 976 2292 1021 et
2315 979 2567 1036 operatur
2591 979 2644 1024 et
2673 971 3040 1027 concinnatur.
3071 973 3207 1028 Tum
3236 976 3450 1045 quidem
3493 979 3613 1034 illos
3637 983 3701 1035 ad
3726 1001 3811 1036 au-

2235 1058 2487 1114 diendum
2515 1063 2764 1116 excitavit
2790 1063 3086 1133 linguarum
3116 1068 3450 1133 miraculum,
3482 1087 3623 1128 nunc
3647 1084 3811 1130 autem

2236 1149 2339 1204 hoc
2365 1152 2570 1223 signum
2598 1171 2610 1207 :
2636 1164 2689 1208 ct
2715 1164 2840 1208 tunc
2866 1155 3145 1209 exordium
3173 1157 3323 1213 duxit
3347 1176 3376 1213 a
3416 1162 3660 1231 crimine,
3682 1182 3813 1222 nunc

2235 1241 2303 1295 ab
2331 1242 2604 1311 opinione.
2656 1244 2937 1299 Videamus
2982 1258 3161 1301 autem
3183 1289 3199 1315 ,
3239 1251 3365 1318 quid
3391 1252 3458 1308 ab
3488 1254 3577 1309 illa
3615 1256 3815 1313 differat

2238 1333 2352 1390 haec
2377 1337 2597 1403 concio,
2629 1346 2683 1392 et
2711 1338 2838 1407 quid
2871 1353 3156 1395 commune
3186 1357 3304 1395 cum
3349 1345 3437 1399 illa
3479 1348 3688 1402 haheat.
3719 1350 3808 1404 Illa

2235 1424 2381 1481 domi
2411 1426 2570 1483 ﬁebat
2591 1471 2605 1494 ,
2636 1444 2754 1483 cum
2786 1445 2944 1485 nemo
2974 1431 3148 1486 adhuc
3176 1435 3503 1501 accessisset,
3536 1456 3634 1495 nec
3664 1443 3811 1510 quid-

2236 1519 2376 1587 piam
2406 1520 2475 1573 illi
2502 1522 2704 1589 operati
2736 1520 2999 1586 fnissent;
3036 1523 3149 1577 hrec
3178 1540 3304 1577 vero
3330 1529 3578 1582 omnibus
3621 1534 3810 1587 miran-

2238 1611 2379 1665 tibus
2402 1653 2415 1676 ,
2470 1612 2559 1666 illo
2586 1615 2675 1682 qui
2705 1623 2922 1668 sanatus
2954 1614 3129 1668 fuerat
3160 1631 3324 1684 prope
3354 1619 3596 1674 adstante
3620 1663 3634 1685 ,
3668 1626 3808 1679 nullo

2235 1699 2543 1765 dubitante,
2591 1711 2649 1756 ut
2693 1712 2846 1768 tunc,
2895 1719 3014 1759 cum
3059 1705 3271 1775 quidam
3312 1707 3561 1764 dicebant
3605 1712 3811 1769 :Musto

2236 1791 2372 1860 pleni
2395 1801 2508 1844 sunt
2558 1791 2710 1862 (Act.
2747 1793 2803 1846 2.
2837 1795 2900 1849 15
2926 1796 2965 1864 ).
3010 1795 3075 1849 Et
3118 1804 3241 1851 tunc
3282 1796 3371 1852 ille
3410 1813 3530 1853 cum
3570 1803 3813 1871 apostolis

2236 1882 2483 1939 omnibus
2522 1881 2876 1952 loquebatur,
2924 1901 3067 1939 nunc
3102 1901 3222 1940 cum
3272 1889 3386 1941 solo
3427 1889 3675 1946 Joanne:
3704 1895 3811 1964 jam

2236 1973 2377 2026 enim
2408 1973 2497 2028 ille
2523 1983 2577 2027 et
2605 1974 2957 2029 confidentius
2988 1977 3221 2045 loquitur
3245 1988 3298 2033 et
3343 1980 3722 2038 vehementius.

2315 2065 2484 2121 Virtus
2501 2085 2694 2139 semper
2710 2072 2909 2139 pro/icit
2930 2113 2944 2136 ,
2978 2089 3248 2143 numquam
3284 2077 3497 2146 gradum
3519 2080 3665 2134 sistit.
3694 2080 3814 2136 Pec-

2236 2170 2349 2214 cata
2377 2173 2491 2216 sunt
2529 2163 2952 2231 spinea—Talis
2986 2166 3179 2235 quippe
3212 2184 3296 2222 res
3322 2180 3401 2222 est
3432 2173 3598 2226 virtus
3627 2191 3639 2227 :
3669 2175 3814 2229 initio

2234 2260 2452 2321 sumpto
2481 2253 2838 2322 progreditur,
2868 2264 2922 2309 et
2949 2271 3233 2326 numquam
3259 2260 3477 2328 gradum
3505 2264 3661 2318 sistit.
3688 2266 3814 2322 Vide

2234 2352 2411 2397 autem
2468 2345 2736 2413 quomodo
2777 2347 3047 2422 prpvisum
3092 2348 3183 2416 sit,
3217 2359 3272 2404 nt
3302 2351 3355 2405 in
3389 2355 3583 2423 templo
3612 2360 3811 2428 signum

2236 2433 2409 2501 ﬁeret,
2438 2446 2561 2490 utet
2579 2437 2667 2491 alii
2697 2439 3046 2495 conﬁderent.
3072 2440 3255 2511 Neque
3276 2445 3416 2499 enim
3437 2447 3487 2500 in
3514 2452 3703 2518 angulo
3731 2454 3812 2508 vel

2234 2526 2372 2581 clam
2396 2527 2523 2581 illud
2553 2538 2880 2599 operantur;
2921 2543 2975 2587 at
3026 2549 3201 2603 neque
3242 2535 3380 2590 intra
3409 2541 3697 2609 templum,
3727 2548 3812 2601 ubi

2235 2633 2428 2688 magna
2463 2629 2578 2674 erat
2606 2622 2910 2677 multitudo.
2949 2623 3226 2691 Quomodo
3265 2638 3466 2694 autem,
3501 2631 3725 2703 inquies,
3759 2637 3810 2691 id

2235 2712 2494 2768 creditum
2516 2713 2649 2767 fuit?
2676 2714 2806 2782 Quia
2839 2716 2883 2768 is
2905 2716 3036 2784 ipse,
3063 2718 3152 2786 qui
3175 2731 3395 2774 sanatus
3428 2721 3618 2787 fuerat,
3654 2727 3814 2782 bene-

2237 2801 2412 2856 ficium
2446 2803 2783 2872 prcedicahat.
2815 2805 2995 2877 Neque
3024 2809 3164 2862 enim
3202 2813 3457 2865 mentitus
3484 2814 3684 2881 fuisset,
3715 2834 3810 2873 ne-

2241 2908 2346 2993 que
2373 2894 2441 2949 ad
2467 2896 2599 2949 alios
2647 2896 2901 2965 quosdam
2929 2899 3178 2954 venisset.
3210 2900 3372 2970 Igitur
3398 2904 3483 2959 ubi
3510 2907 3669 2961 latum
3697 2925 3817 2977 spa-

2238 2985 2367 3037 tium
2390 2994 2526 3050 erat,
2556 2985 2625 3040 ibi
2643 2986 2848 3056 signum
2876 2990 3078 3057 operati
3102 2999 3261 3056 sunt;
3288 2994 3438 3062 quasi
3470 2998 3614 3051 locus
3642 3015 3819 3055 setno~

2236 3086 2322 3132 tus
2363 3088 2525 3132 esset.
2570 3076 2640 3132 Et
2682 3077 2801 3133 vide
2840 3079 2966 3148 quid
2997 3080 3189 3135 factum
3250 3084 3336 3137 sit.
3382 3085 3463 3140 Ad
3502 3089 3657 3142 aliam
3702 3108 3816 3146 rem

2238 3169 2556 3233 ascendunt,
2596 3178 2652 3224 et
2696 3170 2838 3224 aliud
2883 3185 3188 3240 operantur.
3216 3173 3306 3230 Sic
3336 3187 3391 3231 et
3412 3178 3690 3236 Cornelius
3714 3184 3818 3239 alia

2231 3260 2481 3330 jejunans
2508 3261 2844 3330 precabatur,
2894 3272 2947 3316 et
2989 3263 3092 3317 alia
3141 3265 3300 3318 videt.
3334 3267 3599 3324 llactenns
3626 3272 3821 3341 ubique

2233 3351 2505 3408 Christum
2531 3351 2860 3407 Nazarenum
2889 3356 3172 3424 appellant.
3196 3355 3262 3410 In
3285 3361 3485 3413 nomine
3512 3360 3639 3414 Jcsu
3673 3364 3823 3418 Citri-

2232 3444 2298 3497 sti
2337 3442 2622 3509 Nazareni,
2654 3444 2840 3514 inquit,
2872 3462 3021 3516 surge
3059 3458 3104 3500 et
3159 3448 3378 3503 ambula.
3422 3450 3632 3507 Interim
3676 3458 3821 3511 enim

2233 3532 2366 3588 illud
2391 3537 2749 3603 qumrebatur,
2778 3544 2834 3589 ut
2860 3536 2956 3605 ipsi
2985 3538 3313 3594 crederetur.
3347 3541 3450 3596 Sed
3482 3559 3568 3608 ne,
3596 3561 3781 3614 qtunso
3802 3589 3822 3615 ,

2233 3628 2384 3683 initio
2403 3629 2660 3683 orationis
2682 3629 2985 3686 fatiscamus
3005 3648 3019 3697 ;
3039 3632 3131 3686 sed
3149 3635 3353 3687 etiamsi
3379 3637 3497 3705 quis
3520 3651 3636 3706 post
3661 3655 3828 3695 enar-

2235 3733 2406 3777 ratum
2449 3722 2653 3778 facinus
2699 3723 2928 3789 desinat,
2980 3725 3187 3779 initium
3235 3739 3557 3797 repetamus.
3590 3731 3645 3787 Si
3686 3732 3829 3788 bene

2234 3813 2409 3869 affecti
2438 3814 2623 3878 simus,
2653 3816 2758 3868 cito
2779 3814 2844 3868 ad
2876 3815 3032 3869 finem
3058 3818 3446 3886 perveniemus,
3479 3822 3585 3875 cito
3608 3823 3828 3881 culmen

2236 3906 2574 3975 attingemus.
2603 3906 2843 3959 Studium
2876 3908 3036 3966 enim.
3073 3909 3259 3978 inquit,
3293 3911 3522 3965 studium
3567 3926 3821 3983 generat,

2237 3998 2443 4067 ignavia
2467 3999 2750 4067 ignaviam.
2770 4000 2866 4065 Qui
2894 4001 3157 4055 modicum
3181 4004 3447 4074 quidpiam
3473 4021 3615 4061 recte
3643 4022 3832 4078 patra-

2237 4090 2332 4147 vit.
2373 4088 2542 4158 majus
2574 4090 2842 4160 quidpiam
2887 4092 3111 4147 lidenter
3147 4096 3471 4165 aggreditur,
3506 4109 3558 4153 et
3598 4102 3833 4157 ulterius

2239 4180 2423 4235 tendit.
2474 4183 2551 4234 Ac
2587 4181 3031 4249 quemadmodum
3071 4183 3207 4255 ignis
3248 4197 3446 4256 quanto
3488 4190 3638 4259 plura
3681 4193 3833 4262 ligna

2239 4273 2480 4342 corripit,
2532 4282 2680 4326 tanto
2719 4274 3083 4329 vehementior
3130 4276 3359 4333 efﬁcitur
3392 4283 3509 4335 :sic
3556 4291 3609 4334 ct
3650 4289 3827 4337 animi

2238 4360 2418 4417 fervor
2447 4374 2645 4433 quanto
2677 4364 2851 4433 plures
2879 4366 3075 4420 excitat
3115 4368 3227 4437 pias
3271 4372 3638 4439 cogitationes,
3675 4386 3835 4430 tanto

2242 4455 2429 4510 fortius
2454 4466 2687 4509 armatur
2714 4456 2970 4511 adversus
2997 4459 3123 4513 alia.
3166 4460 3409 4531 Exempli
3440 4479 3597 4518 causa
3634 4482 3647 4519 :
3678 4477 3839 4523 stant

2241 4551 2292 4604 in
2317 4550 2469 4604 nobis
2489 4565 2586 4604 ceu
2608 4550 2772 4618 spina:
2789 4550 3104 4619 periurium,
3129 4553 3461 4607 mendacium
3484 4596 3499 4620 ,
3527 4558 3833 4623 simulatio,

2240 4642 2411 4707 dolus,
2458 4642 2711 4708 nequitia,
2739 4643 3055 4706 convicium,
3108 4654 3423 4709 scommata,
3458 4648 3616 4710 risus,
3648 4654 3839 4721 turpi-

2240 4734 2441 4802 loquia,
2468 4733 2818 4788 senrrilitates
2850 4750 2863 4784 :
2896 4749 3076 4787 rursus
3096 4751 3162 4789 ex
3185 4736 3350 4790 altera
3372 4750 3537 4806 parte,
3568 4743 3839 4808 avaritia,

2242 4826 2446 4895 rapina,
2496 4820 2768 4895 inj'ustitia,
2815 4826 3182 4896 sycophantia,
3225 4828 3467 4894 lnsidim;
3518 4831 3844 4897 iterumque

2242 4921 2668 4990 concupi~ccntia
2692 4921 2848 4986 mala,
2878 4921 3228 4984 immunditia,
3255 4924 3488 4990 lascivia,
3518 4925 3844 4991 foruicatio,

2242 5013 2588 5076 adulterium;
2612 5028 2675 5066 ac
2699 5028 2932 5078 rursum,
2959 5013 3174 5075 invidia,
3201 5017 3480 5086 zelotypia,
3515 5018 3611 5080 ira,
3643 5020 3841 5083 [ιιι-ην,

2242 5106 2554 5173 injuriarum
2585 5104 2908 5169 recovdatio,
2938 5103 3187 5169 vindicta,
3216 5107 3560 5175 blasphemia.
3591 5123 3643 5163 et
3671 5114 3852 5164 iunxi-

2245 5211 2391 5249 mera
2421 5196 2543 5249 talia
2575 5195 2654 5249 :si
2682 5196 2855 5263 priora
2888 5204 3031 5249 recte
3061 5198 3346 5267 egerimus,
3378 5214 3482 5251 non
3511 5200 3597 5252 illa
3624 5202 3853 5266 solum,

2244 5286 2338 5339 sed
2365 5286 2522 5338 etiam
2546 5289 2837 5354 posteriora
2864 5298 3234 5354 exsequemur.
3283 5287 3492 5342 Fortior
3516 5291 3658 5344 enim
3708 5308 3859 5346 eva-

2243 5376 2322 5431 dit
2345 5377 2555 5429 animus
2570 5376 2634 5429 ad
2656 5386 2848 5430 caetera
2876 5377 3179 5434 evertenda.
3205 5377 3361 5432 Verbi
3390 5381 3555 5449 gratia
3574 5382 3667 5450 qui
3696 5389 3864 5437 mul—

2247 5476 2357 5521 tum
2383 5468 2601 5538 juravit,
2633 5469 2675 5521 si
2702 5468 2844 5522 hunc
2870 5470 3162 5523 satanicnm
3196 5486 3396 5526 morem
3424 5472 3492 5528 de
3523 5477 3708 5530 medio
3735 5480 3863 5532 tol-

2246 5560 2336 5624 lat,
2370 5575 2475 5613 non
2507 5558 2609 5612 hoc
2633 5560 2803 5612 solum
2849 5570 2995 5614 recte
3019 5561 3243 5629 peregit,
3289 5564 3383 5617 sed
3408 5572 3461 5617 et
3499 5566 3599 5619 alia
3656 5571 3865 5636 pietas

2246 5652 2456 5709 inducta
2488 5650 2610 5705 erit.
2641 5650 2828 5704 Nullus
2867 5652 3007 5706 enim
3046 5667 3149 5705 ttOu
3175 5652 3464 5723 jurautium
3498 5655 3657 5712 facile
3692 5662 3866 5715 volet

2243 5744 2389 5797 aliud
2418 5745 2612 5797 malum
2660 5742 2904 5813 operari;
2937 5744 3030 5798 sed
3064 5760 3221 5814 quam
3250 5760 3572 5817 assequutus
3600 5763 3691 5805 est
3722 5754 3865 5807 vir-

2248 5847 2414 5893 tutem
2440 5834 2787 5892 reverebitur.
2810 5835 3267 5902 Quemadmodum
3306 5840 3447 5897 enim
3479 5843 3567 5913 qui
3605 5844 3865 5914 pulchra
