4022 6364
563 291 629 344 73
1256 289 1312 343 δ.
1355 284 1647 340 JUANNIS
1682 282 2173 340 CHRYSOSTOMI

2279 284 2555 371 RCH._EP.
2597 286 3147 344 cousnsmor.
3759 291 3830 347 τι

562 408 708 464 λίσαι
747 409 969 460 ἑαυτόν·
1011 405 1156 459 οὕτω
1192 404 1256 475 δὴ
1295 404 1389 457 καὶ
1434 400 1608 466 οὗτος.
1666 404 1798 457 Ἀπὸ
1850 405 1908 457 δέ
1951 405 2143 457 τούτου

564 497 686 565 ἣξει
716 496 793 556 εἰς
826 491 887 544 τὸ
907 490 983 562 μὴ
1007 490 1343 561 ὀργίζεσθαι,
1377 490 1513 561 μηδὲ
1547 488 1795 555 τύπτειν,
1825 489 1961 560 μηδέ
1988 489 2144 560 ὑϐρί-

567 578 833 642 ζειν.,“Αν
878 575 987 644 γὰρ
1032 574 1177 639 ἆπαξ
1214 573 1283 626 τά
1316 573 1487 644 μικρά
1526 573 1868 646 κατορθώσῃ,
1920 574 1982 627 τὸ
2037 575 2144 628 πᾶν

565 665 818 735 ἡνυσται.
885 658 1180 727 Συμϐαίνει
1235 659 1292 711 δὲ
1342 658 1605 722 πολλάκις
1643 658 1739 714 καὶ
1790 659 1853 711 τὸ
1880 659 2149 720 ἐναντίον,

568 747 716 811 ἀπαξ
747 741 1198 815 κατορθώσαντάς
1235 751 1259 779 α
1305 759 1356 794 τι
1385 742 1545 795 πάλιν
1586 742 1695 796 ἀπὸ
1737 742 2009 815 ῥᾳθυμίας
2038 745 2153 805 τοῖς

568 832 753 892 αὐτοῖς
794 829 1130 897 περιπεσεῖν,
1179 826 1255 889 ώς
1299 828 1362 879 ἐκ
1399 824 1588 879 τούτου
1620 827 1711 879 καὶ
1758 829 1838 889 είς
1891 827 2152 880 ἀδύνατον

570 912 895 983 περιστῆναι
929 911 1115 964 λοιπὸν
1155 912 1216 963 τὸ
1260 912 1510 981 πρᾶγμα.
1544 905 1690 975 Οἷον,
1720 911 1995 980 ἐθήκαμεν
2027 912 2155 963 ὲαυ-

570 1002 684 1062 τοῖς
724 998 885 1069 νόμον
935 997 1009 1066 μὴ
1030 994 1278 1065 ὀμνύναι,
1307 993 1745 1064 κατωρθώσαμεν
1769 995 1981 1064 ἡμέρας
2006 996 2154 1066 τρεῖς

563 1086 605 1153 ἢ
654 1084 749 1137 καὶ
791 1082 1064 1150 τέσσαρας
1088 1097 1100 1109 ·
1141 1080 1257 1149 μετ’
1298 1079 1509 1142 ὲκείνας
1537 1081 1615 1143 είς
1648 1080 1895 1149 ἀνάγκην
1926 1096 2156 1149 περιπε-

574 1168 779 1229 σόντες,
815 1165 874 1218 τὸ
898 1162 1186 1232 συλλεχθὲν
1215 1163 1403 1233 κέρδος
1441 1163 1585 1215 ἂπαν
1606 1163 2011 1234 ἐσκορπίσαμεν
2036 1180 2051 1193 '
2076 1166 2156 1225 είς

576 1251 852 1322 ῥᾳθυμίαν
909 1248 1093 1302 λοιπὸν
1134 1248 1480 1317 ἐμπίπτομεν
1542 1247 1635 1300 καὶ
1690 1248 2021 1314 ἀπόγνωσιν,
2081 1247 2157 1307 ὡς

580 1337 713 1408 μηδὲ
756 1336 866 1387 τῶν
916 1333 1094 1387 αὐτῶν
1145 1332 1387 1401 ἅψασθαι
1435 1330 1759 1401 βουληθῆναι
1817 1330 2009 1383 πάλιν·
2062 1331 2158 1385 καὶ

576 1421 819 1483 εἰκότως.
866 1420 922 1471 ὐ
971 1417 1079 1488 γάρ
1124 1433 1175 1468 τι
1228 1415 1585 1483 οἰκοδομήσας
1634 1413 1832 1484 ἑαυτῷ,
1882 1410 2000 1468 εἶτα
2035 1414 2157 1467 ίδὼν

576 1503 957 1577 καθῃρημένον
982 1502 1041 1555 τὸ
1065 1501 1419 1570 οἰκοδόμημα.
1453 1499 1820 1572 ρᾳθυμότερος
1856 1500 2003 1553 ἔσται
2028 1502 2158 1571 περὶ

575 1589 637 1641 τὸ
660 1587 822 1640 πάλιν
850 1585 1169 1651 οἰκοδομεῖν.
1200 1583 1339 1636 Ἀλλ’
1358 1585 1419 1636 οὺ
1444 1584 1523 1636 δεῖ
1538 1584 1801 1655 ῥᾳθυμεῖν
1817 1583 1937 1637 οὐδὲ
1952 1584 2124 1647 οὕτως
2139 1601 2154 1615 ·

576 1672 714 1727 ἀλλά
738 1672 899 1725 πάλιν
923 1669 1140 1740 ἔχεσθαι
1168 1669 1267 1739 τῆς
1303 1667 1555 1738 σπουδῆς.

648 1755 716 1824 γ’.
737 1754 929 1825 Θῶμεν
946 1754 1122 1807 τοίνυν
1146 1754 1357 1817 ἑαυτοῖς
1374 1752 1567 1821 νόμους
1586 1752 1798 1823 καθημε
1809 1753 2159 1825 ρινούςυτέως

579 1841 688 1894 ἀπὸ
729 1839 838 1891 τῶν
891 1838 1129 1892 εύκόλων
1172 1837 1498 1909 ἀρξώμεθα·
1569 1839 1953 1909 περικόψωμεν
2002 1840 2159 1910 ήμῶν

576 1924 678 1996 τὴν
702 1924 1029 1995 πολυορκίαν
1056 1922 1149 1975 τοῦ
1182 1922 1468 1991 στόματος,
1508 1920 1722 1991 χαλινὸν
1772 1923 2047 1993 ἐπιθῶμεν
2091 1928 2157 1996 τῇ

578 2006 816 2079 γλώττῃ,
846 2007 1033 2076 μηδεὶς
1066 2004 1282 2075 ὀμνύτω
1312 2003 1402 2057 τὸν
1433 2005 1584 2059 θεόν.
1615 2006 1728 2059 Ούκ
1751 2005 1897 2060 ἐστιν
1929 2007 2162 2061 ἐνταῦθα

580 2092 816 2163 δαπάνη,
835 2091 1095 2144 οὐκέστιν
1109 2087 1341 2141 ἐνταῦθα
1362 2088 1624 2159 κάματος,
1642 2090 1742 2144 οὐκ
1764 2090 1909 2144 ἔστιν
1930 2090 2163 2145 ἐνταῦθα

583 2180 775 2250 χρόνου
816 2176 1013 2247 μελέτη
1046 2193 1058 2205 ·
1093 2176 1253 2245 ἀρκεῖ
1290 2173 1530 2243 θελῆσαι,
1570 2174 1659 2228 καὶ
1690 2174 1750 2227 τὸ
1780 2178 1889 2229 πᾶν
1931 2176 2159 2244 γέγονε·

585 2262 871 2332 συνηθείας
900 2262 1007 2330 γάρ
1032 2259 1095 2311 τὸ
1131 2258 1364 2329 πρᾶγμά
1390 2260 1525 2312 ἐστι.
1551 2260 1658 2312 Ναὶ
1686 2260 1989 2328 παρακαλῶ
2016 2261 2044 2302 ι)
2071 2264 2165 2315 καὶ

580 2347 792 2415 δέομαι,
850 2343 1086 2414 σπουδὴν
1142 2343 1400 2413 τοιαύτην
1442 2345 1858 2414 είσενέγκωμεν.
1924 2345 2059 2399 Είπὲ
2100 2346 2163 2418 δή

587 2448 699 2499 μοι,
734 2431 781 2482 εί
816 2432 1071 2500 χρήματα
1109 2427 1368 2481 ἐκέλευσα
1400 2429 1749 2495 εἰσενεγκεῖν,
1783 2429 1883 2483 ούκ
1922 2430 1990 2482 ἂν
2029 2447 2165 2501 προ-

586 2507 773 2583 θύμως
813 2511 925 2583 [67]
963 2512 1191 2574 ἕκαστος
1235 2510 1303 2565 τὰ
1329 2512 1471 2583 κατά
1511 2511 1739 2581 δύναμιν
1770 2513 2163 2579 συνεϐάλεσθε;

586 2598 639 2650 εἴ
660 2580 734 2666 ’με
768 2580 831 2651 ἐν
856 2580 1117 2657 κινδύνοις
1136 2596 1345 2663 ἑωρᾶτε
1376 2580 1488 2656 τοῖς
1520 2580 1786 2664 ἐσχάτοις,
1830 2596 1931 2649 οὐκ
1975 2597 2041 2650 ἂν
2072 2596 2169 2651 καὶ

586 2681 695 2733 ἀπὸ
722 2680 819 2748 τῆς
856 2678 1074 2748 σαρκὸς,
1101 2676 1153 2729 εί
1183 2694 1246 2745 γε
1274 2671 1385 2731 οἷόν
1408 2694 1467 2730 τε
1504 2673 1595 2749 ἦν,
1627 2679 1998 2749 ἀποτεμόντες
2022 2679 2169 2733 ἔδοτε

588 2767 653 2817 ἄν
679 2782 692 2827 ;
741 2764 830 2816 Ἐν
853 2761 1083 2832 κινδύνῳ
1112 2761 1207 2813 καὶ
1236 2760 1330 2813 νῦν
1357 2763 1472 2831 είμι
1499 2762 1594 2815 καὶ
1626 2761 1826 2832 πολλῷ,
1863 2764 1958 2816 καὶ
1993 2762 2069 2826 ὡς
2104 2762 2170 2817 ἂν

580 2852 638 2909 ,εξ
669 2849 761 2900 καὶ
796 2846 935 2917 μετὰ
959 2845 1147 2898 τούτου
1173 2847 1265 2899 καὶ
1290 2847 1659 2917 δεσμωτήριον
1690 2846 1885 2917 ᾤκουν,
1911 2847 1943 2919 ἦ
1970 2848 2170 2918 μυρίας

590 2933 783 2987 ἔλαϐον
829 2930 1065 3002 πληγὰς,
1105 2930 1139 3000 ἢ
1191 2932 1269 2993 είς
1312 2930 1551 2999 μέταλλα
1597 2931 1912 3001 ἐτύγχανον,
1960 2932 2060 2985 ούκ
2103 2932 2170 2986 ἂν

590 3017 780 3071 τούτου
814 3015 976 3069 πλέον
1002 3014 1235 3085 ῆλγησα.
1269 3016 1439 3084 Χεῖρα
1474 3015 1653 3068 τοίνυν
1672 3016 1917 3085 ὀρέξατε.
1959 3018 2173 3087 Ἐννοή-

594 3119 721 3156 σατε
754 3101 884 3171 γὰρ,
915 3101 1037 3162 ὅσος
1068 3099 1329 3163 κίνδυνος,
1369 3098 1503 3169 μηδὲ
1546 3099 1606 3151 τὸ
1653 3100 1975 3170 μικρότατον
2016 3100 2174 3155 τοῦτο

593 3186 954 3256 (μικρότατον
982 3183 1038 3236 δὲ
1065 3184 1227 3252 λέγω,
1253 3184 1376 3236 ὅσον
1402 3186 1483 3246 είς
1509 3184 1669 3237 πόνον
1692 3185 1854 3254 ἥκει)
1884 3184 2173 3256 δυνηθῆναι

592 3270 957 3342 κατορθῶσαι.
989 3270 1051 3322 Τί
1095 3269 1205 3341 ἐρῶ
1250 3270 1370 3322 τότε
1420 3270 1855 3341 ἐγκαλούμενος;
1904 3270 2046 3324 διατί
2098 3271 2173 3341 μὴ

593 3354 946 3425 διηλέγχθης;
977 3352 1119 3405 διατί
1145 3352 1219 3423 μὴ
1253 3352 1555 3418 ἐπέταξας;
1593 3353 1735 3407 διατί
1766 3354 1840 3425 μὴ
1863 3353 2024 3423 νόμον
2053 3354 2176 3425 ἐθη-

590 3456 732 3503 καςς
785 3438 926 3490 διατί
982 3437 1110 3499 τοὺς
1148 3436 1222 3506 μὴ
1285 3436 1642 3506 πειθομένους
1712 3438 1812 3491 οὐκ
1860 3436 2171 3503 ἐκώλυσας;

597 3524 709 3576 Ούκ
747 3523 909 3592 ἀρκεῖ
943 3538 1034 3590 μοι
1078 3522 1272 3583 εἰπεῖν,
1314 3521 1395 3573 ὅτι
1452 3520 1798 3590 ἐνουθέτησα.
1866 3520 2027 3574 Ἀλλά
2082 3520 2177 3574 καὶ

597 3606 983 3676 σφοδροτέρας,
1014 3605 1199 3677 φησὶν,
1230 3606 1600 3674 ἐπιτιμήσεως
1644 3605 1789 3657 ἕδει’
1843 3606 1964 3658 ἐπεὶ
2009 3605 2103 3657 καὶ
2148 3607 2177 3657 6

611 3690 758 3744 Ἠλεὶ
809 3690 1096 3743 ἐνουθέτει.
1173 3688 1332 3741 Ἀλλὰ
1384 3688 1459 3759 μὴ
1509 3689 1717 3756 γένοιτο
1756 3688 1900 3758 ὑμᾶς
1950 3688 2177 3751 ἐκείνοις

598 3773 937 3847 παραϐαλεῖν
991 3775 1101 3835 τοῖς
1169 3771 1344 3826 παισί.
1411 3773 1675 3835 Κάκεῖνος
1730 3772 2017 3834 ἐνουθέτει,
2084 3773 2179 3824 καὶ

595 3861 792 3930 ελεγεο
833 3859 929 3927 Μὴ
975 3859 1177 3915 τέκνα.
1222 3857 1310 3927 μὴ
1363 3856 1582 3909 ποιεῖτε
1622 3856 1806 3909 οὕτω⁸
1852 3855 2085 3923 πονηρὰ
2138 3856 2178 3923 ἡ

596 3944 775 4012 ἀκοὴ,
811 3942 892 4010 ἣν
908 3940 1023 4011 ἐγὼ
1049 3942 1246 3995 ἀκούω
1276 3940 1407 4008 περὶ
1444 3937 1632 4008 ὑμῶν.
1675 3938 1831 3993 Ἀλλά
1862 3938 2124 4010 προϊοῦσα
2145 3940 2180 4010 η

600 4030 790 4099 Γραφή
837 4043 1021 4095 φησιν,
1057 4026 1137 4079 ὃτι
1179 4024 1279 4078 οὐκ
1325 4024 1591 4078 ἐνουθέτει
1630 4025 1755 4087 τοὺς
1799 4024 1948 4087 υίοὺς
1988 4023 2177 4079 αὑτοῦ.

602 4111 772 4165 Τοῦτο
794 4110 851 4163 δὲ
877 4110 1047 4177 λέγει,
1077 4108 1264 4179 ἐπειδὴ
1291 4109 1351 4160 ού
1377 4108 1643 4178 σφοδρῶς,
1672 4108 1793 4161 ούδέ
1820 4109 1933 4177 μετ’
1958 4107 2183 4179 ἐπιπλήο

605 4196 738 4259 ξεως
767 4195 924 4248 τοῦτο
958 4193 1148 4247 ἐποίει.
1185 4194 1309 4256 Πῶς
1336 4193 1444 4265 γὰρ
1472 4194 1572 4246 οὐκ
1597 4195 1813 4256 ἄτοπον,
1846 4194 1904 4245 ὲν
1943 4195 2041 4263 μὲν
2063 4197 2183 4259 ταῖς

604 4281 947 4346 συναγωγαῖς
970 4277 1078 4329 τῶν
1115 4276 1383 4330 Ἰουδαίων
1405 4276 1577 4339 οὕτως
1613 4278 1866 4347 ἰσχυροὺς
1891 4272 2031 4331 εἶναι
2058 4282 2182 4343 τοὺς

607 4362 827 4431 νόμους,
884 4362 989 4414 κᾶν
1026 4362 1054 4413 6
1090 4360 1357 4413 διδάσκων
1411 4357 1641 4431 ἐπιτάξῃ
1684 4360 1862 4413 πάντα
1902 4360 2178 4428 γίνεσθαι’

607 4445 840 4499 ἐνταῦθα
870 4444 926 4497 δὲ
955 4443 1127 4507 οὕτως
1146 4444 1297 4513 ήμᾶς
1325 4442 1838 4514 καταπεφρονῆσθαι
1882 4445 1974 4498 καλ⁵
2014 4446 2185 4517 ἀπερ-

611 4531 833 4603 ρἰθαι;
872 4530 945 4582 Ού
976 4529 1075 4597 τῆς
1106 4528 1344 4598 ἐμαυτοῦ
1370 4528 1527 4600 δόξης
1563 4546 1654 4600 μοι
1686 4529 1839 4599 μέλει
1887 4530 1906 4601 (
1924 4529 2049 4595 δόξα
2078 4533 2185 4602 γὰρ

608 4616 737 4685 ἐμὴ,
777 4615 811 4685 ή
860 4613 1103 4683 ὑμετέρα
1146 4611 1555 4685 εύδοκίμησις),
1596 4612 1729 4668 ἀλλά
1774 4617 1873 4686 τῆς
1917 4616 2188 4686 ὑμετέρας

610 4697 905 4768 σωτηρίας.
939 4695 1074 4749 Καθ’
1103 4695 1342 4765 ἑκάστην
1368 4697 1585 4765 ἡμέραν
1610 4696 1843 4768 βοῶμεν,
1889 4698 2188 4770 ἐνηχοῦμεν

611 4783 766 4853 ὑμῶν
796 4784 918 4845 ταῖς
963 4783 1153 4844 ἀκοαῖς
1175 4797 1190 4811 ’
1238 4780 1268 4832 6
1312 4779 1367 4833 δέ
1397 4779 1610 4833 ἀκούων
1636 4781 1840 4845 οὐδείς·
1892 4784 1985 4835 καὶ
2039 4783 2189 4836 οὐδὲν

613 4868 840 4939 σφοδρὸν
872 4863 1316 4936 ἐπιδεικνύμεθα.
1363 4865 1659 4936 Φοϐοῦμαι,
1706 4865 1781 4937 μὴ
1825 4870 1924 4939 τῆς
1961 4868 2190 4938 ἀκαίρου

610 4952 815 5020 ταύτης
866 4952 959 5004 καὶ
1001 4950 1197 5021 πολλῆς
1252 4949 1659 5021 φιλανθρωπίας
1701 4950 1859 5018 λόγον
1911 4950 2052 5004 κατά
2095 4950 2192 5022 τὴν

619 5036 915 5106 μέλλουσαν
974 5035 1187 5104 ἡμέραν
1254 5035 1598 5104 ὑπόσχωμεν.
1675 5033 1767 5085 Διὸ
1830 5033 2036 5106 μεγάλη
2099 5036 2194 5088 καὶ

617 5120 847 5190 λαμπρᾷ
872 5122 938 5190 τῇ
970 5121 1122 5189 φωνῇ
1146 5118 1401 5188 κηρύττω
1428 5120 1584 5182 πᾶσι,
1611 5119 1706 5171 καὶ
1729 5117 2192 5189 διαμαρτύρομαι,

618 5206 761 5259 ὥστε
795 5205 925 5265 τοὺς
952 5203 1049 5271 τὴν
1100 5202 1412 5270 παράϐασιν
1454 5201 1653 5271 ταύτην
1701 5201 2194 5273 ἐπιδεικνυμένους,

619 5290 747 5354 τοὺς
787 5288 853 5341 τά
894 5291 957 5341 ὲκ
994 5287 1088 5340 τοῦ
1136 5286 1375 5356 πονηροῦ
1410 5286 1813 5356 φθεγγομένους
1856 5288 2052 5357 (τοῦτο
2088 5288 2197 5357 γάρ

621 5377 768 5429 ἐστιν
805 5375 833 5425 6
853 5373 1015 5442 ὅρκος
1038 5372 1055 5437 )
1076 5412 1091 5433 ,
1121 5370 1231 5423 τῶν
1252 5368 1418 5421 ούδῶν
1442 5370 1515 5439 μὴ
1537 5371 1836 5424 ἐπιϐαίνειν
1868 5370 1975 5423 τῶν
2009 5371 2199 5441 ἐκκλη-

626 5456 938 5513 σιαστικῶν.
974 5453 1287 5527 Προθεσμία
1309 5453 1368 5506 δὲ
1410 5450 1535 5523 ὑμῖν
1559 5455 1698 5507 ἔστω
1730 5459 1757 5508 6
1787 5456 1894 5526 μὴν
1922 5458 1950 5507 6
1988 5454 2197 5526 παρὼν,

623 5543 765 5596 ὥστε
808 5538 1175 5610 κατορθῶσαι.
1208 5537 1299 5607 Μὴ
1327 5537 1436 5607 γάρ
1464 5552 1552 5607 μοι
1579 5538 1757 5609 εἴπῃς,
1798 5540 1878 5591 ὃτι
1920 5540 2005 5594 Με
2030 5541 2063 5611 ή
2094 5538 2200 5592 τῶν

626 5626 969 5697 πραγμάτων
1023 5625 1237 5693 ἀνάγκη
1288 5623 1626 5690 κατεπείγει.
1698 5624 1779 5676 ότι
1846 5624 2199 5693 ἀπιστοῦμαι.

625 5712 779 5773 Τέως
812 5712 937 5773 τοὺς
976 5708 1084 5763 ἀπὸ
1125 5708 1226 5777 τῆς
1273 5705 1561 5777 συνηθείας
1590 5707 1908 5777 περίκοπτε.
1942 5703 2091 5773 Οἶδα,
2118 5708 2201 5760 ὄτι

695 5842 721 5871 ³
748 5839 885 5888 Unus
917 5838 1025 5887 cod.
1047 5839 1275 5893 πολλάκις
1297 5839 1379 5885 καὶ
1412 5835 1646 5886 τοιοῦτον.
1671 5836 1770 5883 οἷον
1798 5836 1921 5890 ἅπαξ
1960 5837 2203 5893 καταρθὼ-

632 5918 861 6011 cum.)
888 5902 915 5941 δ
943 5902 1076 5952 Unus
1117 5903 1270 5951 codex
1310 5901 1428 5949 ἐστι.
1464 5900 1549 5948 Διὸ
1570 5898 1849 5959 παρακαλῶ.
1888 5897 2038 5949 Savil.
2083 5897 2201 5947 ἐστι.

637 5966 932 6011 Παοακαῶ.

637 5966 911 6027 Παρακαλῶ
921 6000 932 6017 .

2251 404 2437 458 πολλοὶ
2469 406 2787 473 γελάσονται
2813 409 2981 477 ἡμᾶς,
3009 407 3147 460 ἀλλά
3170 406 3374 477 βέλτιον
3397 408 3544 479 ἡμᾶς
3570 408 3832 476 γελᾶσθαι

2250 486 2367 551 νῦν,
2392 489 2425 557 ἢ
2460 489 2740 543 κλαίεσθαι
2767 501 2789 529 ο
2827 491 2976 543 τότεο
3029 489 3350 559 γελάσονται
3387 490 3444 542 δὲ
3470 494 3586 545 ὅσοι
3616 492 3835 563 μαίνονι

2252 588 2365 626 ται.
2417 572 2511 637 ἰ’ίς
2558 574 2687 645 γὰρ,
2743 576 2863 628 είπέ
2920 593 3029 645 μοι,
3081 574 3205 629 νοῦν
3238 575 3376 645 ἔχων
3426 578 3837 648 φυλαττομένης

2253 657 2478 727 ἐντολῆς
2502 660 2830 724 γελάσεται;
2876 660 2937 713 Εἰ
2979 660 3036 713 δὲ
3076 660 3186 730 ἄρα
3211 660 3552 728 γελάσονται,
3585 661 3697 715 ἀλλ’
3736 664 3837 731 οὺ⁶χ

2256 741 2425 810 ἡμᾶς.
2484 742 2621 795 ἀλλά
2667 743 2759 796 τὸν
2811 743 3045 813 Χριστὸν
3098 745 3146 796 οί
3206 743 3435 796 τοιοῦτοι
3493 743 3835 812 γελάσονται.

2266 822 2551 895 Ἐφρίξατε
2574 825 2635 877 τὸ
2661 825 2948 896 είρημένον
2976 844 2989 889 ;
3018 822 3147 879 Οἶδα
3186 827 3359 894 κάγώ.
3394 826 3455 879 Εἰ
3482 829 3581 897 μὲν
3608 824 3701 880 οὖν
3727 830 3843 895 ἐγὼ

2254 908 2347 958 τὸν
2376 908 2535 977 νόμον
2556 908 2746 961 τοῦτον
2769 910 3079 980 εἰσήγαγον,
3102 910 3232 980 ἐμὸς
3252 910 3317 963 ἂν
3346 910 3429 979 εἰη
3452 912 3545 963 καὶ
3572 912 3599 963 6
3629 910 3805 979 γέλως
3824 929 3838 944 ·

2256 992 2305 1041 εί
2353 990 2409 1043 δὲ
2457 992 2485 1043 ὁ
2535 991 2834 1062 νομοθέτης
2878 994 3065 1063 ἕτερός
3118 995 3283 1056 ἐστιν,
3337 997 3453 1047 ἐκεῖ
3485 994 3753 1047 διαϐαίνει
3805 999 3839 1065 ή

2257 1072 2540 1141 χλευασία.
2576 1076 2683 1127 Καὶ
2713 1075 3015 1145 ἐνεπτύσθη
3051 1077 3179 1129 ποτέ
3227 1079 3255 1129 6
3298 1078 3551 1147 Χριστὸς,
3604 1078 3699 1131 καὶ
3748 1080 3844 1131 ἐπὶ

2259 1156 2464 1227 κόρρης
2493 1156 2705 1227 ἐπλήγη
2751 1160 2842 1211 καὶ
2882 1159 3209 1230 ὲρὀπίσθη.
3274 1161 3548 1230 Ἀνέχεται
3601 1160 3693 1214 καὶ
3745 1161 3844 1213 νῦν

2257 1240 2450 1302 ταῦτα,
2484 1240 2578 1293 καὶ
2607 1240 2759 1294 οὐδὲν
2787 1242 3033 1303 ἀπεικός.
3065 1243 3162 1295 Διὰ
3188 1243 3343 1296 τοῦτο
3368 1244 3563 1313 γέεννα
3610 1244 3846 1316 ήτοίμα-

2260 1342 2400 1384 σται,
2432 1324 2521 1377 διά
2545 1325 2703 1379 τοῦτο
2734 1325 2947 1397 σκώληξ
2975 1327 3345 1397 ἀτελεύτητος.

2344 1408 2473 1462 Ἰδοὺ
2518 1409 2680 1462 πάλιν
2714 1408 2856 1477 λέγω
2888 1413 2984 1463 καὶ
3020 1411 3496 1483 διαμαρτύρομαι·
3548 1414 3609 1467 '0
3655 1411 3846 1483 $0616-

2263 1509 2421 1565 μενος
2444 1492 2675 1560 γελάτω,
2729 1495 2758 1546 6
2807 1493 3128 1563 βουλόμενος
3168 1496 3502 1565 χλευαζέτωο
3549 1498 3633 1560 εἰς
3680 1497 3848 1551 τοῦτο

2260 1562 2515 1644 κείμεθα,
2574 1579 2653 1639 εἰς
2712 1578 2773 1629 τὸ
2801 1562 3063 1646 γελᾶσθαι
3104 1562 3199 1632 καί
3244 1580 3619 1649 χλευάζεσθαι,
3661 1583 3743 1645 εὶς
3782 1584 3846 1635 τὸ

2261 1659 2440 1711 πάντα
2469 1659 2682 1714 παθεῖν.
2706 1662 3197 1731 Περικαθάρματα
3223 1662 3328 1717 τοῦ
3368 1666 3600 1732 κόσμου
3626 1664 3844 1735 ἐσμὲν,

2261 1741 2402 1795 κατά
2430 1742 2520 1795 τὸν
2546 1744 2813 1814 μακάριον
2834 1743 3066 1800 Παῦλον.
3090 1746 3155 1799 Εἴ
3180 1763 3263 1808 τις
3287 1745 3361 1817 μὴ
3385 1745 3630 1815 βούλεται
3652 1765 3848 1820 κατορ-

2263 1824 2435 1879 θῶσαι
2469 1825 2628 1878 τοῦτο
2652 1826 2716 1879 τὸ
2742 1827 3044 1898 ἐπίταγμα,
3076 1828 3265 1899 ῶσπερ
3306 1830 3566 1899 σάλπιγγι
3601 1830 3716 1903 [68]
3738 1849 3848 1884 τινι

2262 1907 2350 1961 διὰ
2380 1908 2476 1960 τοῦ
2505 1908 2664 1976 λόγου
2699 1910 3029 1982 ἀπαγορεύω
3057 1912 3081 1949 ἀ
3110 1912 3219 1965 τῶν
3245 1912 3412 1966 ούδῶν
3439 1914 3512 1984 μὴ
3543 1913 3848 1968 ἐπιϐαίνειν

2263 1992 2369 2045 τῶν
2411 1993 2882 2064 ἐκκλησιαστικῶν
2911 1995 2988 2066 τῷ
3024 1996 3270 2066 τοιούτῳ,
3308 1996 3411 2049 κᾶν
3443 1998 3622 2068 ἄρχων
3648 1995 3708 2071 ᾖ,
3739 1998 3849 2052 κᾶν

2263 2077 2425 2140 αὐτὸς
2462 2078 2489 2128 ὁ
2519 2078 2581 2129 τὸ
2608 2077 2843 2148 διάδημα
2889 2081 3289 2151 περικείμενος.
3347 2082 3417 2134 Ἢ
3473 2079 3731 2134 καθέλὲτέ
3779 2100 3848 2151 με

2262 2164 2495 2233 ταυτησὶ
2523 2162 2621 2232 τῆς
2650 2163 2847 2233 ἀρχῆς,
2900 2164 2931 2234 ἢ
2984 2166 3212 2233 μένοντα
3243 2164 3317 2236 μὴ
3348 2164 3701 2236 περιϐάλλετε
3730 2184 3841 2243 κιν⁹

2264 2244 2460 2308 δύνοις.
2490 2246 2601 2299 Ούκ
2632 2247 2895 2321 ἀνέχομαι
2930 2249 3022 2301 ἐπὶ
3054 2248 3145 2302 τὸν
3172 2248 3361 2319 θρόνον
3396 2247 3586 2302 τοῦτον
3618 2249 3850 2303 ἀναϐαίο

2266 2345 2377 2381 νειν
2401 2329 2475 2397 μὴ
2511 2329 2723 2397 μεγάλα
2747 2330 3048 2400 κατορθῶν.
3082 2332 3144 2384 Εἰ
3178 2332 3287 2402 γὰρ
3312 2330 3388 2402 μὴ
3416 2332 3569 2385 τοῦτο
3600 2332 3853 2389 δυνατὸν.

2269 2411 2475 2481 βέλτιον
2528 2413 2750 2466 ἑστάναι
2800 2412 2971 2467 κάτω.
3010 2416 3304 2485 ’Δρχοντος
3352 2414 3460 2486 γὰρ
3507 2414 3674 2484 μηδὲν
3721 2416 3854 2480 τοὺς

2266 2494 2605 2566 ἀρχομένους
2634 2496 2971 2566 ὠφελοῦντος
2990 2497 3141 2551 οὐδὲν
3162 2497 3510 2569 ἀθλιώτερον.
3557 2499 3678 2551 Ἔτι
3724 2516 3854 2551 συν-

2268 2578 2476 2630 τείνατε
2514 2579 2760 2642 ἑαυτοὺς.
2796 2580 2891 2633 καὶ
2922 2581 3246 2651 προσέχετε,
3271 2580 3605 2651 παρακαλῶ·
3645 2580 3678 2651 ἥ
3709 2581 3853 2651 μᾶλ-

2269 2661 2357 2714 λον
2379 2664 2575 2725 εἰπεῖν,
2627 2664 2989 2735 συντείνωμεν
3027 2665 3272 2729 ἑαυτοὺς,
3308 2666 3402 2718 καλ⁵
3432 2668 3655 2728 πάντως
3695 2667 3855 2720 ἔσται

2269 2763 2323 2798 τι
2353 2745 2534 2799 πλέον.
2566 2746 2940 2816 Νηστεύσατε,
2968 2748 3387 2819 παρακαλέσατε
3428 2749 3520 2802 τὸν
3560 2749 3716 2811 Θεὸν,
3756 2751 3855 2804 καὶ

2270 2832 2432 2900 ἡμεῖς
2461 2829 2579 2898 μεθ’
2620 2830 2793 2899 ὑμῶν,
2824 2829 2967 2883 ὥστε
2992 2831 3091 2901 τὴν
3124 2830 3367 2902 ὀλέθριον
3401 2832 3603 2903 ταύτην
3649 2832 3854 2899 ἐξελεῖν

2275 2912 2580 2982 συνήθειαν.
2619 2914 2783 2967 Οὐδὲν
2818 2915 2962 2985 μέγα
2993 2917 3111 2969 ἐστὶ
3152 2928 3176 2955 ο
3213 2918 3465 2985 γενέσθαι
3498 2918 3855 2984 διδασκάλους

2272 2999 2373 3066 τῆς
2395 2980 2719 3067 οἰκουμένης
2741 3014 2753 3026 ·
2780 2980 2841 3051 ού
2869 2980 3063 3070 μίκρὸν
3090 2980 3421 3070 ἀκουσθῆναι
3455 3006 3752 3073 πανταχοῦ,

2277 3076 2340 3149 δὴ
2374 3081 2432 3131 ἐν
2463 3080 2587 3149 τῇδε
2614 3084 2679 3151 τῇ
2705 3081 2856 3134 πόλει
2881 3082 3055 3146 οὐδείς
3088 3085 3234 3136 ἐστιν
3261 3086 3289 3138 6
3310 3084 3497 3154 ὀμνύς.
3544 3085 3668 3139 Ἐἀν
3695 3084 3857 3139 τοῦτο

2274 3163 2518 3233 γένηται,
2571 3164 2631 3216 ού
2685 3163 2793 3217 τῶν
2854 3166 3068 3219 οἰκείων
3128 3166 3565 3238 κατορθωμάτων
3616 3168 3857 3239 λήψεσθε

2278 3247 2439 3318 μόνον
2482 3246 2574 3299 τὸν
2605 3248 2816 3317 μισθὸν,
2845 3249 2981 3302 ἀλλά
3016 3249 3111 3303 καὶ
3145 3251 3242 3320 τῆς
3267 3251 3406 3323 ὑπὲρ
3452 3252 3559 3305 τῶν
3609 3251 3859 3322 ἀδελφῶν

2278 3329 2548 3399 σπουδῆς
2576 3331 2712 3401 ὅπερ
2747 3332 2854 3401 γάρ
2897 3332 3024 3401 ύμῖν
3064 3334 3178 3401 εἰμι
3214 3334 3345 3401 ἐγὼ,
3396 3333 3552 3387 τοῦτο
3596 3336 3751 3406 ὑμεῖς
3784 3339 3857 3406 τῇ

2274 3413 2565 3483 οἰκουμένῃ
2595 3415 2907 3484 γενήσεσθε.
2943 3415 3165 3478 Πάντως
3196 3418 3287 3469 καὶ
3317 3417 3490 3489 ἕτεροι
3523 3418 3863 3489 ζηλώσουσιν

2278 3497 2425 3565 ὑμᾶς
2446 3512 2461 3527 ·
2494 3497 2712 3561 πάντως
2737 3498 2923 3551 ἔσεσθε
2968 3500 3159 3569 λύχνος
3194 3502 3286 3553 ἐπὶ
3319 3500 3538 3571 λυχνίας
3580 3502 3855 3572 κείμενος.

2278 3581 2387 3634 Καὶ
2417 3580 2576 3633 τοῦτό
2620 3583 2756 3645 ἐστι,
2804 3583 2958 3652 φησὶ,
2999 3582 3060 3635 τὸ
3104 3585 3244 3647 πᾶν;
3302 3585 3377 3637 Ού
3433 3585 3588 3638 τοῦτό
3642 3588 3759 3639 ἐστι
3796 3588 3862 3641 τὸ

2278 3665 2409 3727 πᾶν,
2440 3663 2579 3717 ἀλλά
2610 3663 2769 3717 τοῦτο
2815 3666 2957 3736 ἀρχὴ
3004 3666 3111 3719 τῶν
3154 3665 3347 3720 ἀλλων.
3416 3667 3477 3721 ’0
3529 3668 3603 3739 μὴ
3662 3670 3859 3739 ὀμνὺς,

2277 3747 2616 3816 πάντωςεέπὶ
2644 3747 2931 3801 εὐλάϐειαν
2963 3748 3083 3819 ἥξει
3108 3750 3198 3802 καὶ
3228 3750 3439 3819 ἑτέραν,
3462 3751 3555 3804 καὶ
3590 3751 3732 3806 ἑκὼν
3766 3756 3864 3807 καὶ

2279 3830 2446 3893 ἄκων,
2478 3831 2573 3884 καὶ⁸
2604 3832 2989 3903 αἰσχυνόμενος
3016 3834 3108 3885 καὶ
3136 3833 3485 3902 φοϐούμενος.

2363 3913 2501 3966 Ἀλλ’
2526 3915 2625 3967 οὐκ
2653 3915 2934 3985 ἀνέχονται
2962 3916 3166 3977 πολλοὶ,
3199 3919 3382 3986 φησιν,
3426 3919 3540 3972 ἀλλ’
3568 3920 3866 3989 ἀποπηδῶ-

2283 4014 2385 4050 σιν.
2432 3997 2606 4051 Ἀλλὰ
2638 3998 2887 4062 ,ϐέλτιον
2914 3994 3001 4064 εἷς
3027 3997 3213 4052 ποιῶν
3243 4000 3309 4053 τὸ
3347 4004 3576 4070 θέλημα
3614 4005 3863 4071 ΚιῬίοιν,

2280 4081 2319 4149 ἢ
2348 4080 2553 4149 μυρίοι
2590 4079 2932 4149 παράνομοι.
2988 4082 3119 4134 Ἀπὸ
3147 4082 3275 4151 γοῦν
3304 4084 3492 4137 τούτου
3528 4088 3704 4141 πάντα
3730 4088 3867 4140 ἁνα-

2281 4164 2605 4237 τέτραπται,
2635 4165 2815 4219 πάντα
2842 4164 2954 4219 ἄνω
2983 4166 3074 4220 καὶ
3114 4168 3263 4220 κάτω
3295 4169 3538 4238 γέγονεν,
3569 4172 3649 4223 ὅτι
3688 4173 3866 4224 καθάο

2284 4265 2391 4319 περ
2418 4251 2477 4301 ὲν
2508 4251 2621 4312 τοῖς
2651 4248 2897 4321 θεάτροις
2928 4250 3162 4321 πλήθους
3194 4252 3479 4323 ἐφιέμεθα,
3516 4256 3595 4309 ού.
3622 4254 3867 4319 πλήθους

2282 4331 2526 4414 δοκίμου.
2569 4331 2633 4414 Τί
2664 4333 2771 4402 γὰρ
2794 4333 2970 4402 ὄχλος,
3015 4335 3140 4387 εἰπέ
3174 4352 3285 4414 μσοι,
3316 4336 3603 4408 δυνήσεται
3633 4336 3865 4407 ὀνῆσαι;

2284 4412 2473 4467 Βούλει
2501 4412 2713 4484 μαθεῖν,
2753 4415 2835 4468 ὅτι
2873 4416 3029 4486 ὄχλος
3068 4417 3118 4469 οἱ
3165 4412 3309 4485 ἀγιοί
3342 4422 3500 4485 εἰσιν,
3536 4421 3708 4491 ούχ⁹οἰ
3736 4421 3869 4474 πολ-

2285 4496 2396 4563 λοί;
2454 4496 2783 4566 Ἐξαγάγετε
2809 4500 2887 4556 εἰς
2933 4500 3170 4571 πόλεμον
3218 4502 3411 4555 ἑκατὸν
3462 4504 3727 4575 μυριάδας
3772 4508 3871 4560 καὶ

2286 4581 2384 4634 ἕνα
2419 4581 2572 4651 ἆγιον
2596 4599 2609 4612 ·
2639 4581 2836 4648 ῖδωμεν
2866 4590 2948 4647 τίς
2970 4583 3191 4638 πλείονα
3230 4586 3503 4656 κατορθοῖ.
3552 4587 3805 4656 Ἐξῆλθεν
3838 4590 3871 4642 6

2301 4665 2504 4735 Ἰησοῦς
2522 4666 2551 4717 6
2570 4664 2663 4717 τοῦ
2686 4665 2843 4737 Ναυὴ
2867 4668 2946 4730 είς
2964 4666 3055 4720 τὸν
3077 4668 3328 4737 πόλεμον,
3355 4670 3449 4722 καὶ⁵
3466 4670 3625 4739 μόνος
3650 4670 3872 4724 ἅπαντα

2291 4747 2667 4818 κατώρθωσεν,
2704 4747 2843 4802 ὥστε
2870 4750 2920 4802 οἱ
2957 4749 3103 4805 ἄλλοι
3136 4750 3286 4804 οὐδὲν
3316 4745 3551 4824 ῶνηέαν.
3603 4754 3660 4805 '0
3700 4754 3873 4816 πολὺς

2290 4828 2464 4901 ὄχλος,
2502 4832 2774 4902 ἀγαπητὴ
2826 4833 2954 4885 ὅταν
2991 4832 3204 4904 θέλημα
3258 4835 3353 4888 τοῦ
3401 4835 3535 4889 Θεοῦ
3585 4835 3661 4907 μή
3717 4840 3871 4907 ποιῇ,

2290 4914 2443 4967 οὐδὲν
2461 4914 2730 4985 διενήνοχε
2753 4914 2860 4969 τῶν
2886 4916 2984 4969 ούκ
3011 4916 3200 4971 ὄντων.
3224 4917 3467 4990 Εύχομαι
3502 4919 3599 4990 μὲν
3631 4914 3743 4984 οὖν,
3777 4924 3875 4974 καὶ

2300 4996 2581 5067 βούλομαι,
2600 4998 2692 5049 καὶ
2714 4996 2884 5068 ήδέως
2913 4998 2978 5050 ἂν
3002 4999 3096 5051 καὶ
3135 5000 3466 5071 κατεκόπηνσ
3493 5001 3633 5054 ὥστε
3664 5005 3877 5074 κοσμῆ-

2296 5098 2382 5133 σαι
2422 5081 2615 5152 πλήθει
2647 5081 2743 5152 τὴν
2787 5080 3134 5151 Ἐκκλησίαν,
3168 5083 3303 5136 ἀλλά
3326 5084 3519 5154 πλήθει
3547 5086 3751 5157 δοκίμῳ
3775 5104 3789 5117 ο
3826 5091 3877 5140 εί

2294 5164 2350 5217 δὲ
2374 5163 2530 5217 τοῦτο
2569 5165 2661 5233 οὐχ
2694 5159 2807 5217 οἶόν
2840 5182 2922 5227 τε,
2958 5166 3082 5229 τοὺς
3120 5167 3331 5235 ὀλίγους
3376 5170 3571 5233 αύτούς
3620 5170 3879 5240 δοκίμους

2297 5245 2434 5300 εἶναι
2494 5248 2773 5318 βούλομαι.
2834 5250 2945 5319 Οὐχ
3006 5252 3189 5319 ὀρᾶτε,
3234 5253 3315 5305 ὅτι
3356 5253 3560 5321 βέλτιον
3601 5255 3694 5307 ἕνα
3730 5255 3881 5308 λίθον

2297 5332 2475 5401 τίμιον
2498 5331 2662 5401 ἔχειν.
2690 5332 2721 5401 ἢ
2760 5333 2984 5403 μυρίους
3004 5333 3253 5400 ὀϐολούς;
3298 5336 3394 5406 οὐχ
3437 5338 3621 5407 ὁρᾶτε,
3653 5338 3735 5390 ὅτι
3758 5338 3879 5407 βέλι

2300 5434 2412 5470 τιον
2448 5418 2536 5470 τὸν
2565 5416 2838 5487 ὀφθαλμὸν
2872 5419 3178 5486 ὑγιαίνοντα
3210 5420 3375 5489 ἔχειν,
3418 5422 3450 5491 ἢ
3484 5421 3673 5475 τούτου
3702 5440 3885 5492 πεπη-

2303 5500 2549 5571 ρωμένου
2606 5500 2946 5571 πολυσαρκίᾳ
2999 5501 3359 5573 βαρύνεσθαι;
3417 5505 3515 5575 ούχ
3560 5507 3742 5576 ὀρᾶτε.
3799 5507 3886 5559 ὅτι

2387 5662 2405 5683 ι
2472 5652 2950 5720 Hanc_1ectionem_2
2998 5668 3067 5720 εις
3118 5654 3275 5703 tribus
3327 5669 3442 5720 mss.
3488 5663 3760 5720 receplam,
3806 5672 3892 5707 se-

2301 5720 2444 5777 cums
2480 5723 2556 5762 est
2606 5718 2870 5776 interpres.
2910 5716 3108 5773 Monlf.,
3161 5725 3270 5777 post
3325 5718 3477 5767 Savil.
3531 5716 3890 5777 et'Commel.,

2307 5775 2531 5841 ediderat
2570 5775 2817 5841 καίεσθαι.
2863 5778 3013 5841 Εοιτε
3084 5778 3109 5816 d
3151 5775 3323 5828 Morel.
3372 5783 3507 5828 solus
3552 5775 3892 5841 ἀπαγορεύσει».

2311 5854 2333 5879 c
2360 5839 2543 5902 Forsan
2568 5840 2831 5898 legendum
2859 5839 3046 5902 Οὐκοῦν
3068 5842 3188 5902 μέγα
3211 5841 3472 5902 ἐστί,ουοι1
3495 5839 3899 5891 τεᾱόίόὶιίηιρτο

2304 5912 2441 5963 pros,
2484 5900 2600 5949 dum
2643 5908 2817 5960 locum,
2866 5900 3037 5963 inquit,
3072 5900 3295 5951 \‘il'ialuln
3336 5900 3597 5954 divinando
3644 5911 3899 5954 vertercL.

2317 5963 2446 6015 Ευιτ.
