4024 6540
195 399 264 456 75
1081 394 1148 451 IN
1187 395 1363 452 ACTA
1440 395 1965 455 APOSTOLORUM.
2005 396 2237 455 llOMlL.
2282 397 2411 455 Vill.
3412 413 3480 467 'it

193 526 338 572 veste
358 511 615 576 induitur.
633 509 900 566 erubescit
921 512 1051 565 sein
1072 511 1185 567 lnto
1201 511 1439 566 volutare
1460 530 1473 565 :
1493 513 1571 567 sic
1591 522 1647 566 et
1663 513 1773 567 ille.

196 608 326 664 llinc
349 614 528 661 autem
554 618 621 658 eo
644 603 823 657 veniet
841 611 903 657 ut
929 616 1035 656 non
1062 602 1341 668 irascatur,
1389 618 1560 672 neque
1583 618 1777 673 percn-

194 708 308 764 ttat,
343 712 519 766 neque
545 694 926 749 contumeliam
972 692 1183 747 inferat.
1232 692 1286 748 Si
1337 709 1565 764 namque
1613 690 1780 748 semel

193 806 349 861 parva
382 798 638 857 operatus
668 786 846 853 fuerit,
876 794 1044 840 totum
1076 786 1367 854 perfectum
1394 795 1495 839 est.
1522 786 1677 853 Saepe
1705 795 1780 839 ta-

192 897 308 936 men
327 878 659 933 contrarium
677 876 891 943 accidit,
911 884 968 929 ut
983 876 1073 945 qui
1090 875 1254 930 semel
1273 877 1408 930 bene
1425 876 1628 946 operati
1651 877 1777 942 sint,

192 989 250 1026 ex
288 972 497 1040 ignavia
529 971 581 1023 in
603 969 792 1024 eadem
816 968 1076 1034 recidant,
1108 968 1176 1022 ita
1204 977 1261 1022 ut
1286 967 1479 1024 deinde
1505 969 1780 1024 emendari

191 1063 299 1117 fere
315 1070 614 1130 nequeant.
629 1058 1046 1131 Exemplicausa
1073 1060 1281 1129 :legem
1317 1059 1472 1114 nobis
1508 1061 1780 1129 posuimus

191 1167 292 1207 non
310 1152 531 1221 jurandi
560 1150 660 1221 (ιι).
684 1150 751 1205 ad
772 1161 879 1204 tres
912 1160 1205 1220 quatuorve
1224 1150 1341 1206 dies
1381 1151 1433 1204 id
1467 1152 1779 1206 observavi-

191 1257 340 1304 inns,
369 1250 496 1310 post
534 1241 649 1295 hinc
665 1256 725 1295 re
752 1241 1002 1310 quapiam
1030 1248 1270 1310 urgente,
1294 1249 1463 1295 totum
1493 1241 1778 1297 collectum

189 1335 401 1389 lucrum
446 1333 833 1403 dispersimns;
864 1341 1026 1403 atque
1058 1334 1273 1388 demum
1305 1334 1357 1387 in
1404 1335 1685 1404 segnitiem
1727 1344 1782 1390 et

190 1427 627 1497 desperationem
653 1426 955 1491 incidimus,
978 1427 1047 1479 ita
1066 1437 1123 1480 ut
1139 1425 1326 1481 eadem
1353 1426 1545 1481 deinde
1565 1426 1780 1497 aggredi

190 1518 459 1580 nolimus;
486 1526 543 1572 et
567 1518 687 1585 jure
715 1517 951 1586 quidem.
983 1517 1116 1571 Nam
1147 1517 1236 1586 qui
1271 1517 1471 1588 aliquid
1498 1518 1783 1572 aediﬁcavit

188 1612 311 1678 sibi,
343 1612 393 1664 si
444 1611 743 1682 collapsum
773 1610 951 1663 videat
978 1609 1282 1676 aedilicium,
1301 1611 1411 1679 jam
1458 1610 1674 1680 segnior
1699 1621 1783 1666 est

188 1704 249 1757 ad
302 1717 499 1757 rursus
537 1702 934 1757 aediﬁcandum.
972 1703 1042 1757 At
1069 1719 1137 1757 tte
1165 1712 1289 1757 tunc
1325 1703 1544 1773 quidem
1570 1712 1782 1774 oportet

190 1795 428 1866 segniter
456 1809 640 1865 agere,
668 1793 765 1850 sed
788 1793 841 1849 id
867 1809 1052 1850 rursus
1068 1792 1311 1849 studiose
1330 1794 1566 1865 aggredi.

260 1947 314 2000 '5.
349 1946 625 2001 Ponamus
655 1944 832 2015 itaque
860 1943 1011 1997 nobis
1037 1944 1370 2013 quotidianus
1395 1944 1541 2015 leges
1565 1952 1621 1999 et
1644 1958 1674 1997 a
1705 1943 1784 1997 fa-

196 2040 385 2094 cilibus
423 2038 744 2107 incipiamus
776 2051 790 2089 :
817 2036 1243 2105 juramentorntn
1293 2035 1647 2106 frequentiam
1693 2037 1789 2091 ab-

194 2130 525 2192 scindantus,
577 2129 782 2182 frenum
824 2128 1157 2196 imponamus
1188 2128 1376 2198 lingua:
1421 2143 1434 2178 :
1484 2142 1645 2181 nemo
1693 2143 1790 2197 per

197 2224 360 2277 Deum
380 2223 552 2291 jnret.
582 2220 769 2275 Nuilus
791 2218 876 2274 hic
899 2232 1141 2289 sumptus
1161 2228 1260 2283 est,
1292 2220 1440 2273 labor
1462 2218 1658 2285 nullus,
1679 2235 1788 2273 non

195 2316 445 2369 diuturna
476 2312 782 2376 meditatio;
805 2309 1002 2365 suflicit
1025 2311 1183 2375 velle,
1217 2322 1270 2364 et
1292 2318 1462 2365 totum
1492 2310 1785 2380 perfectum

198 2415 275 2461 est
302 2426 315 2460 :
338 2421 465 2459 nam
488 2404 892 2458 consuetudinis
916 2417 1002 2457 res
1022 2413 1123 2457 est.
1150 2402 1322 2456 Etiam
1346 2416 1445 2457 oro
1469 2411 1521 2457 et
1540 2401 1786 2468 obsecro,

200 2500 355 2554 talem
387 2513 579 2553 curam
604 2497 972 2552 adhibeamus.
1004 2496 1118 2559 Dic,
1148 2510 1347 2565 quazso,
1377 2494 1528 2559 mihi,
1557 2498 1602 2549 si
1632 2509 1789 2564 pecu-

201 2594 309 2645 nias
322 2590 527 2645 inferre
553 2591 816 2658 juberem,
837 2603 1013 2642 annon
1045 2588 1236 2658 singuli
1256 2603 1353 2657 pro
1377 2589 1577 2642 viribus
1592 2587 1757 2642 alacri
1776 2617 1788 2627 ε

203 2693 276 2737 ter
294 2683 657 2737 conferretis?
686 2679 743 2736 Si
770 2696 858 2736 me
886 2681 939 2734 in
961 2682 1213 2734 extremis
1240 2682 1488 2750 periculis
1513 2681 1785 2747 videretis,

204 2790 370 2829 annon
400 2774 475 2828 de
523 2788 690 2828 carne
715 2782 890 2827 vestra
920 2773 1154 2826 excisam
1194 2782 1421 2841 partem,
1446 2772 1490 2826 si
1518 2774 1633 2827 lieri
1661 2788 1782 2842 poso

207 2875 300 2929 set,
323 2864 529 2919 daretis
544 2865 569 2917 ?
592 2864 649 2918 ln
672 2878 865 2933 magno
881 2879 1024 2917 nunc
1045 2877 1165 2917 sum
1190 2862 1453 2932 periculo,
1477 2864 1548 2918 ita
1577 2873 1635 2917 nt
1659 2865 1703 2919 si
1733 2863 1789 2919 in

208 2975 412 3014 carcere
440 2972 642 3021 essem,
668 2958 713 3012 si
743 2956 888 3011 mille
908 2957 1089 3027 plagas
1118 2957 1471 3025 excepissem,
1515 2956 1560 3011 si
1591 2956 1643 3010 in
1671 2972 1787 3012 me-

214 3051 337 3105 tallis
364 3065 603 3120 agerem.
632 3064 740 3103 non
769 3050 937 3118 magis
963 3048 1226 3104 dolerem.
1256 3048 1469 3103 Manent
1498 3064 1628 3119 ergo
1658 3064 1785 3119 por-

224 3144 383 3212 rigite.
406 3144 643 3212 Cogitate
696 3150 950 3212 quantum
980 3142 1048 3195 sit
1096 3140 1412 3210 periculum,
1440 3146 1579 3211 quod
1609 3158 1675 3197 ne
1705 3143 1787 3198 vel

228 3234 320 3289 hoc
344 3235 607 3289 minimum
635 3232 953 3307 (minimum
982 3246 1111 3287 vero
1157 3232 1297 3297 dico,
1327 3244 1585 3302 quantum
1611 3232 1687 3287 ad
1710 3232 1785 3287 la-

226 3324 426 3397 borem)
455 3325 666 3393 possitis
704 3323 980 3393 perlicere.
1013 3322 1150 3387 Quid
1192 3323 1366 3378 dicam
1416 3334 1539 3378 tunc
1568 3339 1784 3379 accusa-

223 3422 327 3470 tus?
349 3415 455 3470 Cur
477 3431 581 3471 non
611 3416 855 3471 hortatus
882 3415 977 3493 es?
1005 3429 1100 3469 cur
1126 3430 1232 3469 non
1274 3414 1668 3486 redarguebas?
1693 3432 1789 3472 cur

210 3526 310 3565 non
326 3509 667 3581 praecepisti?
690 3525 786 3565 cur
810 3525 915 3563 non
939 3508 1108 3576 legem
1142 3508 1405 3578 posuisti?
1432 3524 1531 3565 cur
1559 3526 1664 3565 non
1692 3512 1789 3567 ob-

207 3611 569 3671 temperantes
589 3616 698 3655 non
715 3599 997 3655 cohibuisti
1014 3601 1036 3654 ?
1054 3599 1171 3655 Non
1196 3603 1326 3655 satis
1346 3602 1451 3656 erit
1473 3601 1605 3657 mihi
1624 3602 1788 3657 dixis-

198 3710 259 3749 se
280 3736 296 3759 ,
328 3692 621 3749 Admonui.
646 3693 733 3758 At,
787 3693 1007 3762 inquiet,
1061 3693 1462 3749 vehementiore
1488 3710 1622 3765 opus
1672 3704 1787 3751 erat

196 3787 616 3857 increpatione:
663 3802 783 3839 nam
823 3786 905 3839 Eli
945 3800 1157 3855 quoque
1200 3787 1542 3842 admonebat.
1590 3788 1784 3844 Verum

193 3879 336 3932 absit
356 3889 414 3932 ut
437 3891 535 3931 vos
554 3891 677 3931 cum
700 3877 822 3930 filiis
846 3877 963 3944 ejus
993 3891 1319 3946 comparem.
1350 3879 1442 3933 Ille
1465 3878 1787 3936 admonebat

191 3980 247 4024 et
270 3970 491 4024 dicebat
517 3986 533 4022 :
581 3966 683 4033 Ne,
711 3968 829 4034 filii,
851 3985 914 4024 ne
960 3971 1031 4022 sic
1053 3970 1290 4040 facitote:
1314 3969 1507 4023 malum
1534 3988 1785 4027 rumorem

187 4079 281 4131 ego
302 4061 466 4114 audio
493 4062 558 4114 de
596 4060 729 4115 vobis
749 4062 838 4133 (1.
866 4060 992 4130 Reg.
1023 4059 1079 4114 2.
1105 4059 1236 4133 24).
1267 4062 1370 4115 Sed
1394 4077 1619 4132 pergens
1636 4063 1783 4119 Scri~

187 4167 350 4224 plura
380 4157 533 4223 dicit,
574 4156 748 4225 ipsum
778 4170 884 4209 non
927 4154 1270 4210 admonuisse
1310 4154 1448 4210 lilios
1489 4171 1635 4210 suos.
1672 4157 1787 4212 Hoc

186 4261 327 4302 vero
364 4246 518 4313 dicit,
573 4246 698 4317 quia
741 4262 847 4301 non
877 4246 1092 4313 acriter,
1125 4262 1231 4301 non
1261 4263 1381 4301 cum
1422 4248 1785 4319 increpatione

184 4341 472 4393 monebat.
497 4338 779 4407 Quomodo
807 4339 951 4393 enim
970 4338 1259 4393 absurdum
1280 4353 1387 4393 non
1408 4339 1586 4407 fuerit,
1614 4341 1667 4395 in
1696 4356 1785 4412 sy-

181 4432 420 4501 nagogis
446 4429 755 4485 Judteorntn
779 4431 849 4484 ita
871 4445 1086 4485 severas
1112 4430 1259 4499 leges
1276 4446 1414 4496 esse,
1443 4432 1542 4487 etsi
1573 4432 1662 4502 qui
1684 4433 1783 4487 do-

178 4534 273 4578 cet
305 4522 546 4592 imperet
587 4522 765 4575 omnia
815 4521 961 4585 lieri;
992 4520 1079 4574 hic
1106 4536 1233 4576 vero
1272 4536 1372 4576 nos
1404 4524 1472 4576 ita
1502 4523 1784 4590 despectos

176 4626 235 4669 et
263 4614 519 4683 abjectos
567 4613 727 4667 esse?
771 4610 889 4666 Non
933 4612 1158 4681 gloriam
1210 4627 1383 4666 meam
1419 4628 1549 4668 curo
1580 4617 1783 4685 :gloria

175 4710 391 4778 quippe
420 4721 542 4759 mea
586 4716 671 4759 est
689 4714 862 4758 vestra
898 4705 1117 4773 probata
1146 4704 1252 4758 vita
1276 4720 1291 4769 ;
1320 4705 1412 4760 sed
1441 4707 1665 4760 salutem
1697 4725 1786 4763 ve-

172 4812 360 4854 stram
389 4813 598 4869 qutero.
622 4796 869 4864 Quotidie
892 4796 1205 4861 clamamus,
1228 4796 1537 4853 insonamus
1554 4800 1605 4854 in
1629 4817 1786 4856 aures

174 4903 438 4953 vestras;
470 4899 527 4944 et
550 4904 707 4944 nemo
739 4899 818 4943 est
840 4890 930 4958 qui
957 4890 1159 4955 audiat,
1195 4890 1296 4945 etsi
1337 4890 1468 4946 nihil
1494 4893 1784 4948 vehemen—

174 4986 291 5039 tius
326 4982 692 5052 proferamus.
722 4981 929 5045 Timeo,
981 4998 1050 5037 ne
1087 4983 1473 5054 intempestiva:
1513 4996 1567 5040 et
1605 4988 1784 5043 nimia:

173 5076 544 5147 indulgentia:
562 5074 616 5130 in
638 5074 814 5130 futuro
834 5075 1025 5130 illodie
1042 5078 1300 5131 rationem
1329 5078 1630 5134 reddamus.
1662 5082 1786 5137 Ideo

172 5190 387 5244 magna
406 5182 462 5226 et
486 5172 631 5225 clara
660 5186 790 5225 voce
816 5172 1063 5227 omnibus
1081 5173 1312 5241 prtedico
1334 5185 1387 5229 et
1416 5177 1701 5243 testilicor;
1732 5188 1787 5231 ut

172 5268 267 5335 qui
302 5280 394 5319 snc
423 5268 864 5332 prtevaricantur,
891 5265 1088 5334 quique
1112 5280 1198 5329 ea,
1228 5282 1345 5334 qua:
1383 5268 1602 5338 maligni
1638 5281 1783 5337 sunt,

171 5358 493 5427 ιυψιωιιιιι·
540 5354 680 5425 (hoc
718 5364 801 5409 est
834 5356 975 5409 enim
1014 5357 1416 5429 jnramentum)
1446 5401 1462 5424 ,
1511 5376 1576 5415 ne
1604 5361 1787 5416 limina

172 5447 564 5505 ecclesiastica
590 5446 901 5502 ascendant.
931 5448 1294 5504 Prtestitutum
1321 5466 1451 5505 vero
1480 5462 1694 5523 tempus
1717 5456 1787 5509 sit

176 5543 348 5596 vobis
379 5540 469 5595 hic
509 5542 735 5605 mensis,
782 5552 838 5595 ut
885 5543 1247 5613 corrigamini.
1275 5544 1354 5601 Nc
1380 5546 1511 5601 mihi
1542 5547 1742 5605 dixeris
1771 5569 1783 5605 :

242 5738 291 5785 ιιι
302 5736 320 5783 )
361 5727 1461 5797 Contrajnramentastepisstmetonuonatus
1485 5742 1561 5783 est
1584 5744 1785 5797 Lnryso-

177 5800 402 5846 simius,
418 5795 470 5836 ut
492 5788 663 5837 videte
690 5796 765 5838 est
779 5792 827 5839 in
842 5788 1063 5841 Hoiiiiliis
1085 5794 1142 5841 ad
1164 5793 1504 5861 Antiochenos,
1515 5804 1645 5847 Tom.
1660 5788 1709 5861 Ξ,
1739 5807 1785 5849 et

1892 511 1975 566 Me
2005 515 2339 583 negotiorum
2369 524 2520 586 urget
2547 519 2856 585 necessitas,
2881 523 2999 591 quia
3031 525 3160 579 fides
3187 541 3290 581 non
3317 530 3477 587 habe-

1890 612 1977 657 tur
2003 604 2153 659 mihi.
2180 606 2394 661 Interim
2417 608 2503 662 illa
2531 624 2596 664 ex
2639 614 3026 671 consuetudine
3055 617 3354 686 juramenta
3383 638 3472 679 re.

1890 708 2064 750 move.
2095 695 2219 751 Scio
2242 698 2501 767 quosdam
2525 716 2662 765 esse,
2693 704 2783 773 qui
2807 721 2903 759 nos
2922 705 3250 778 irridehunt;
3282 724 3338 769 at
3359 731 3472 773 me-

1889 785 1991 841 lius
2046 797 2129 843 cst
2178 804 2275 844 nos
2321 808 2463 847 nunc
2513 793 2742 861 irrideri,
2781 814 2939 868 quam
2992 810 3117 857 tunc
3168 806 3472 863 uritride-

1888 877 2019 933 bunt
2048 893 2223 935 autem
2254 881 2447 937 insani.
2480 886 2609 952 Quis
2637 888 2802 956 enim,
2833 906 3037 961 quaeso,
3086 911 3231 951 sanae
3276 901 3472 959 mentis

1887 971 1955 1025 de
1997 982 2209 1027 servato
2238 986 2504 1045 prazcepto
2540 978 2772 1034 ridebit?
2799 982 2950 1049 Quod
2980 984 3022 1039 si
3053 986 3328 1058 irrideant,
3362 1008 3469 1048 non

1888 1076 2006 1125 nos,
2048 1062 2143 1116 sed
2172 1064 2442 1119 Christum
2492 1067 2807 1126 irridehunt.
2862 1072 3208 1133 lnhorrnistis
3255 1082 3320 1135 ad
3370 1085 3475 1140 tale

1888 1151 2110 1207 dictum.
2134 1154 2245 1210 Hoc
2268 1155 2403 1212 bene
2422 1160 2563 1212 novi.
2582 1160 2637 1215 Si
2660 1178 2758 1233 ego
2786 1165 2921 1222 hanc
2938 1168 3104 1239 legem
3124 1170 3471 1245 induxissem,

1887 1260 1975 1300 me
2003 1246 2140 1301 risus
2161 1248 2252 1303 ille
2277 1260 2544 1319 spectaret
2571 1270 2585 1318 ;
2614 1257 2657 1306 si
2686 1266 2864 1311 autem
2891 1259 3029 1316 alius
3062 1263 3335 1335 legislator
3363 1280 3471 1339 est,

1887 1339 1954 1393 ad
1983 1339 2127 1394 illum
2161 1346 2351 1397 transit
2379 1344 2576 1401 irrisio.
2608 1346 2726 1418 ipse
2764 1350 3006 1409 Christus
3032 1357 3320 1429 aliquando
3344 1379 3477 1421 con-

1886 1445 2201 1532 sputus
2239 1442 2480 1532 atquein
2525 1445 2794 1500 maxillam
2842 1464 3150 1522 percussus,
3206 1468 3261 1513 et
3303 1460 3473 1532 alapis

1886 1539 2059 1581 ClBSllS
2087 1527 2308 1597 (Matth.
2331 1532 2422 1586 27.
2450 1533 2520 1588 50
2537 1535 2580 1605 ).
2607 1536 2731 1591 lltec
2753 1541 2910 1595 etiam
2940 1557 3082 1599 nunc
3108 1544 3232 1615 fert,
3258 1559 3313 1605 el.
3337 1527 3473 1610 nihil

1885 1615 2166 1674 dissimile.
2190 1621 2316 1676 ldeo
2342 1624 2585 1692 gehenna
2613 1641 2850 1697 paratur,
2880 1631 3002 1689 ideo
3031 1640 3230 1694 vermis
3255 1642 3345 1698 ille
3373 1645 3474 1699 im-

1886 1709 2150 1764 mortalis.

1956 1797 2301 1871 Cltrysostomi
2323 1805 2539 1874 ﬁrmitas
2569 1812 2745 1865 animi.
2775 1844 2846 1855 —-
2874 1815 3014 1872 Ecce
3046 1836 3234 1879 rursus
3264 1825 3388 1883 dico
3415 1841 3471 1885 et

1886 1891 2143 1948 mstificor
2173 1912 2187 1949 :
2220 1895 2408 1952 Rideat
2436 1910 2492 1954 et
2520 1905 2814 1962 snbsannet
2851 1911 2939 1979 qui
2984 1914 3209 1972 voluerit
3240 1935 3255 1973 :
3284 1921 3339 1975 in
3368 1921 3473 1980 hoc

1886 1984 2045 2085 positi
2070 1999 2255 2042 sumus
2275 2030 2289 2054 ,
2337 2000 2392 2044 ut
2426 1992 2697 2050 rideamur
2721 2039 2737 2064 ,
2769 2001 3160 2062 subsannemur
3189 2014 3475 2085 omniaque

1886 2076 2169 2178 patiantur.
2203 2080 2551 2178 Purgamenta
2575 2090 2756 2143 mundi
2781 2110 2959 2149 sumus
2988 2100 3067 2166 (1.
3096 2101 3215 2157 (Ior.
3245 2105 3301 2160 4.
3334 2076 3424 2178 ll’i}
3454 2150 3471 2175 ,

1886 2170 2178 2224 secundum
2208 2172 2419 2229 beatum
2449 2178 2693 2235 Paulum.
2724 2184 2778 2238 Si
2810 2188 2928 2255 quis
2953 2190 3183 2247 noluerit
3216 2195 3315 2252 hoc
3336 2170 3473 2269 prie;

1885 2271 2097 2361 ceptum
2131 2263 2389 2331 perlicere
2411 2308 2426 2333 ,
2461 2268 2601 2325 hunc
2628 2272 2791 2329 verbo
2819 2280 2970 2346 quasi
3012 2283 3136 2338 tuba
3168 2263 3429 2356 prohibeo
3453 2335 3470 2361 ,

1886 2365 1953 2452 ne
1982 2350 2162 2406 limina
2189 2356 2554 2414 ecclesiastica
2584 2374 2937 2436 pertranseat,
2962 2373 3076 2429 sive
3097 2350 3348 2452 princeps
3373 2350 3466 2453 sit,

1885 2441 1999 2497 sive
2024 2444 2114 2500 ille
2150 2446 2264 2516 ipse
2292 2451 2382 2520 qui
2412 2453 2714 2512 diademate
2738 2460 2987 2531 cingitur.
3023 2441 3127 2522 Aut
3157 2486 3242 2527 me
3266 2441 3333 2530 ab
3361 2441 3464 2534 hoc

1885 2536 2185 2636 principatu
2239 2540 2474 2612 dejicite,
2521 2560 2613 2603 aut
2664 2565 2967 2612 manentem
3013 2576 3082 2617 ne
3130 2562 3181 2617 in
3233 2569 3466 2636 pericula

1884 2630 2152 2728 conjicite.
2182 2633 2240 2688 ln
2266 2636 2406 2692 hunc
2430 2638 2681 2697 thronum
2699 2648 2989 2706 ascendere
3012 2669 3116 2710 non
3143 2630 3333 2728 audeo,
3360 2663 3464 2721 nisi

1884 2720 2011 2821 quid
2036 2724 2210 2793 magni
2240 2729 2563 2796 prtestitero.
2590 2733 2721 2789 Nam
2756 2738 2798 2792 si
2828 2742 3086 2808 perlicere
3111 2763 3218 2803 non
3241 2720 3464 2821 possint,

1884 2812 2076 2917 melius
2098 2825 2181 2870 est
2218 2818 2354 2874 infra
2392 2833 2555 2879 stare.
2584 2826 2726 2883 Nihil
2755 2833 2896 2886 enim
2933 2812 3287 2898 miserabilius
3327 2812 3465 2917 prie:

1884 2901 2019 2969 side,
2044 2905 2269 2962 subditis
2296 2909 2427 2966 nihil
2456 2916 2695 2974 utilitatis
2722 2920 3001 2981 all‘erente.
3037 2928 3139 2985 Vos
3159 2901 3465 3004 ergo,

1883 2995 2093 3099 vertite,
2138 3015 2341 3068 quiusa,
2373 3012 2430 3060 et
2453 3010 2748 3079 attendite;
2775 3020 3159 3079 cnntendamns
3186 2995 3342 3085 simul
3367 3074 3382 3099 ,
3413 3047 3469 3092 et

1882 3088 2124 3156 qutedam
2153 3098 2538 3154 eritaecessio.
2610 3103 2888 3177 Jejnnate,
2934 3113 3099 3171 Deum
3133 3088 3464 3195 precami'niv,‘

1883 3187 1937 3232 et
1965 3195 2062 3236 nos
2090 3184 2361 3241 vobiscum
2388 3230 2403 3249 ,
2438 3200 2494 3244 ut
2540 3192 2676 3249 hanc
2722 3202 3077 3268 perniciosam
3124 3184 3467 3272 consuetudi:

1880 3284 2004 3365 nem
2036 3273 2328 3365 ejiciamus.
2382 3279 2525 3336 Nihil
2564 3286 2736 3355 majus
2764 3300 2848 3344 est
2886 3309 3044 3363 quam
3073 3313 3191 3354 esse
3218 3304 3467 3365 doctores

1882 3361 2048 3463 orbis.
2088 3364 2198 3421 Nec
2235 3383 2421 3463 parum
2464 3374 2654 3442 fuerit,
2698 3380 2743 3433 si
2790 3361 2986 3453 ubique
3012 3389 3257 3447 audiatur
3285 3399 3337 3452 in
3366 3361 3466 3456 hac

1880 3458 2092 3509 civitate
2119 3458 2387 3515 neminem
2409 3477 2529 3519 esse
2548 3465 2636 3535 qui
2662 3468 2827 3536 jnret.
2859 3472 2913 3528 Si
2937 3473 3040 3532 hoc
3060 3480 3169 3547 liat,
3203 3500 3306 3540 non
3334 3504 3466 3558 ope-

1882 3556 1998 3596 rum
2028 3556 2327 3603 vestrorum
2350 3554 2510 3607 modo
2533 3560 2832 3615 mercedmr
2854 3567 3151 3638 accipietis,
3182 3577 3274 3630 sed
3302 3554 3459 3638 eti-nn

1880 3647 2045 3737 curto,
2073 3653 2232 3708 quam
2259 3642 2327 3697 de
2347 3643 2601 3703 fratribus
2643 3650 2932 3713 habueritis
2964 3679 2977 3714 ;
3007 3677 3129 3718 nam
3157 3672 3296 3737 quod
3320 3689 3465 3733 nunc

1878 3726 2035 3825 vobis
2058 3743 2156 3825 ego
2186 3744 2337 3799 sum,
2372 3735 2421 3789 id
2449 3753 2543 3795 vos
2589 3740 2703 3796 orbi
2749 3748 2920 3803 eritis.
2965 3750 3069 3807 Vos
3111 3726 3465 3825 onininoalii

1879 3818 2273 3918 temulabuntur
2300 3842 2313 3877 :
2343 3829 2561 3883 omnino
2600 3836 2749 3890 eritis
2774 3837 2988 3898 lucerna
3025 3861 3188 3918 super
3214 3818 3465 3914 candela:

2069 3916 2240 4021 posita
2283 3918 2494 4021 (Matth.
2550 3923 2601 3980 5.
2660 3927 2778 4000 15).
2834 3931 3002 3991 Estne
3058 3908 3179 4010 hoc,
3233 3908 3460 4021 inquies,

1881 4004 2092 4100 totum?
2120 4007 2235 4064 Non
2273 4022 2356 4066 est
2386 4013 2487 4070 hoc
2520 4027 2708 4086 totum,
2735 4022 2828 4077 sed
2858 4004 3177 4100 principium
3206 4004 3456 4100 alio-rimi:

1877 4096 1985 4198 Qui.
2006 4114 2113 4153 non
2146 4101 2311 4171 jurat,
2341 4107 2407 4160 ad
2434 4107 2593 4164 aliam
2627 4114 2837 4181 pietatis
2866 4096 3072 4187 partem
3102 4128 3301 4198 veniet,
3333 4096 3459 4192 velii

1876 4190 2036 4258 nolit,
2064 4207 2159 4248 seu
2188 4196 2411 4265 pudore,
2438 4216 2532 4256 seu
2563 4204 2758 4260 timore
2785 4209 3065 4269 adductus.

1954 4286 2232 4342 Multitudo
2256 4307 2368 4355 qua:
2387 4294 2691 4351 uoluntatem
2713 4297 2809 4353 Dei
2828 4319 2927 4357 non
2943 4304 3086 4375 facit,
3113 4311 3242 4368 nihil
3262 4330 3353 4373 est.
3381 4352 3451 4363 ——

1876 4374 1979 4469 Sed
2004 4380 2175 4445 multi,
2208 4381 2416 4453 inquies
2438 4428 2453 4452 ,
2487 4387 2539 4442 id
2581 4405 2685 4444 non
2715 4374 2950 4452 ferentes
2975 4404 3232 4462 resilient.
3264 4412 3328 4464 At
3353 4432 3458 4469 me-

1878 4468 1975 4568 lior
2000 4479 2073 4524 est
2094 4488 2243 4539 unus,
2274 4476 2363 4544 qui
2387 4476 2510 4545 facit
2545 4482 2852 4540 voluntatem
2873 4486 3080 4547 Domini
3105 4538 3118 4560 ,
3143 4515 3297 4568 quant
3321 4468 3460 4562 mille

1876 4561 2035 4663 iniqui
2082 4563 2265 4663 (Eccli.
2312 4568 2399 4623 l6.
2431 4570 2533 4663 Δὃ).
2585 4573 2716 4629 llinc
2774 4580 2950 4635 omnia
2998 4561 3251 4646 subversa
3310 4609 3453 4663 sunt,

1878 4653 2056 4708 omnia
2087 4670 2178 4710 sus
2205 4656 2378 4728 deque
2422 4660 2557 4716 facta
2590 4675 2744 4729 sunt;
2773 4671 2896 4739 quia
2919 4716 2933 4739 ,
2958 4677 3094 4730 sicut
3119 4680 3173 4733 in
3198 4653 3454 4755 theatris,

1876 4746 2267 4847 multitudinem
2310 4751 2697 4825 desideramus,
2740 4776 2843 4815 non
2893 4766 3284 4828 multitudinem
3330 4746 3452 4847 pro;

1878 4836 2074 4930 batam.
2122 4840 2276 4908 Quid,
2323 4860 2525 4913 qnteso,
2582 4851 2734 4904 turba
2775 4858 3031 4920 prodesse
3078 4836 3453 4930 poterit?-\’is

1878 4929 2083 5023 discere
2098 4934 2238 5001 qtlttd
2256 4940 2420 4991 sancti
2442 4940 2646 4996 turbam
2666 4943 2879 5011 faciant,
2899 4966 3003 5004 non
3023 4929 3147 5009 vero
3168 4961 3454 5023 multitudo

1877 5021 2060 5092 vulgi?
2088 5023 2309 5081 Educite
2349 5029 2415 5082 ad
2445 5030 2639 5086 bellum
2667 5046 2879 5089 centum
2912 5044 3201 5112 myriadas,
3234 5064 3289 5106 et
3322 5021 3450 5112 san;

1875 5124 2018 5169 ctum
2065 5131 2226 5170 unum
2268 5119 2589 5176 :videattms
2632 5125 2749 5193 quis
2795 5129 2943 5196 plura
2987 5151 3258 5204 operetur.
3312 5146 3455 5207 Exin

1876 5206 2031 5310 iesus
2058 5208 2202 5310 Nave
2236 5211 2304 5266 ad
2354 5215 2547 5268 bellum
2569 5256 2584 5279 ,
2615 5227 2669 5271 et
2712 5218 2860 5277 solus
2900 5229 3078 5285 omnia
3108 5236 3366 5310 perfecit,
3401 5206 3455 5301 et

1877 5299 2069 5401 ita‘alii
2102 5301 2233 5357 nihil
2273 5305 2607 5401 profuerunt.
2635 5309 2917 5371 Multitudo
2942 5360 2956 5384 ,
2984 5299 3211 5396 dilecte,
3241 5299 3455 5401 quando

1878 5394 2233 5500 voluntatem“
2272 5399 2361 5453 Dei
2409 5416 2513 5455 non
2555 5402 2720 5474 facit,
2773 5409 2903 5467 nihil
2946 5415 3123 5475 dill‘ert
3163 5394 3320 5483 abiis
3362 5433 3452 5500 qui

1876 5501 1981 5541 non
2010 5498 2152 5542 sunt.
2196 5488 2395 5545 Precor
2437 5492 2632 5565 itaque,
2676 5509 2731 5553 et
2771 5513 2917 5573 opto,
2957 5508 3065 5565 imo
3102 5513 3330 5573 libenter
3362 5488 3451 5578 me

1876 5580 2097 5636 discindi
2144 5592 2394 5652 paterer,
2457 5600 2514 5642 ut
2555 5592 2893 5652 multitudine
2935 5614 3215 5663 ornaretur
3258 5608 3449 5669 Eccle-

1877 5756 3121 5846 31‘25;H_i99..d£§932“1§£2n§mtiuomitum:huic
3156 5784 3309 5841 fuisse
3334 5794 3455 5846 vitio

1877 5831 2099 5873 assuetos
2116 5825 2190 5884 ;id
2211 5826 2339 5886 quod
2367 5831 2584 5882 etiamin
2606 5825 3120 5896 seqtténtihusvid‘ere
