4024 6526
554 356 621 411 75
700 366 707 371 '
1298 352 1353 407 S.
1380 350 1655 407 JOANNIS
1693 349 2155 406 CHRYSOS‘DOMI
2192 350 2502 408 AilCillEP.
2544 356 3070 418 CONSTANTINOP.
3732 369 3789 420 76

554 471 654 533 sia,
684 467 777 523 sed
831 464 1171 520 multitudine
1221 465 1437 534 probata
1486 482 1499 518 :

558 574 806 634 nequeat,
829 571 884 615 ut
914 561 1105 615 saltent
1129 560 1277 630 pauci
1304 559 1509 628 probati
1539 558 1664 611 sint.
1690 560 1883 611 Annon
1910 556 2133 623 videtis,

558 656 750 710 melius
777 668 896 709 esse
929 668 1090 707 unum
1136 652 1362 721 lapidem
1395 649 1690 720 pretiosum
1718 648 1947 714 habere,
1978 664 2135 717 quam

558 751 866 803 innumeros
889 747 1075 801 obolos
1096 748 1117 799 ἱ)
1138 761 1313 799 annon
1340 743 1532 798 videtis
1569 742 1759 796 melius
1779 756 1899 797 esse
1924 742 2134 794 oculum

553 856 738 894 sanum
790 839 1007 903 habere,
1057 853 1256 908 quam,
1310 835 1762 899 hoeexcaecato,
1818 832 2137 902 pinguedine

552 934 726 988 carnis
781 931 1034 985 onerari?
1083 944 1260 984 annon
1311 929 1524 992 videtis,
1581 926 1774 981 melius
1826 938 1945 979 esse
1980 938 2134 979 ovem

555 1042 709 1079 unam
750 1038 936 1079 sanam
965 1023 1163 1077 habere
1186 1062 1200 1083 ,
1229 1036 1388 1092 quam
1426 1020 1674 1074 millenas
1699 1018 1878 1072 scabie
1914 1016 2136 1086 plenas?

551 1132 727 1171 annon
785 1114 1013 1180 videtis,
1063 1115 1255 1169 melius
1308 1128 1429 1168 esse
1477 1127 1682 1183 paucos
1729 1111 1926 1166 habere
1966 1109 2136 1164 bonos

555 1211 709 1274 tilias,
737 1223 895 1279 quam
920 1207 1115 1261 multos
1154 1206 1469 1276 improbos?
1498 1222 1563 1259 an
1591 1203 1828 1267 nescitis,
1856 1216 2053 1270 paucos
2080 1204 2133 1256 in

552 1317 719 1372 regno
746 1301 879 1363 fore,
909 1301 1105 1354 multos
1154 1298 1205 1353 in
1232 1300 1474 1369 gehenna
1492 1297 1514 1350 '2
1535 1295 1674 1363 Quid
1703 1295 1833 1349 mihi
1856 1308 1977 1348 cum
1999 1293 2135 1346 mulo

551 1391 809 1447 titudine?
830 1407 950 1462 quae
978 1406 1041 1445 ex
1070 1405 1131 1445 ea
1160 1389 1403 1443 utilitas?
1434 1386 1588 1442 Nulla
1623 1406 1636 1441 :
1670 1387 1777 1440 imo
1806 1385 1983 1453 potius
2011 1383 2132 1438 aliis

552 1494 634 1539 est
661 1484 942 1554 pernicies.
976 1482 1117 1537 Idem
1150 1482 1323 1550 ipsum
1350 1489 1433 1535 est
1457 1520 1471 1542 ,
1500 1495 1564 1534 ac
1584 1478 1628 1533 si
1654 1477 1739 1533 cui
1770 1475 2134 1531 liceatdeccm

552 1591 711 1630 sanos
742 1574 959 1640 habere,
984 1574 1068 1628 vel
1096 1572 1243 1627 mille
1271 1571 1509 1626 infirmos
1529 1612 1544 1634 ,
1573 1578 1627 1624 et
1662 1569 1750 1623 ille
1788 1568 1902 1622 istis
1946 1566 2132 1621 decem

554 1671 865 1725 innutncros
906 1669 1023 1722 illos
1063 1667 1295 1736 adjiciat.
1343 1665 1422 1719 illi
1466 1679 1597 1719 sane
1634 1662 1789 1718 multi
1833 1660 1964 1715 nihil
1995 1658 2133 1714 bene

550 1773 835 1835 operautvs
855 1805 869 1827 ,
904 1762 1033 1817 nihil
1060 1762 1201 1816 aliud
1235 1760 1391 1814 nobis
1415 1758 1713 1821 conferent,
1743 1771 1900 1826 quam
1928 1752 2128 1821 suppli-

552 1857 712 1921 cium,
770 1865 817 1907 ct
864 1852 914 1905 in
947 1853 1193 1922 prznsouti
1240 1860 1501 1919 tempore,
1549 1846 1915 1918 ignominiam.
1963 1842 2131 1896 Nemo

683 1992 863 1999 ..φ-’-

564 1992 677 2002 ...η

1551 465 1596 518 si
1644 474 1823 519 autem
1880 466 1983 518 hoc
2029 463 2145 519 ﬁeri

2252 469 2396 523 enim
2417 473 2557 540 quod
2581 475 2730 529 multi
2758 479 2926 532 simus
2946 480 3108 541 dicet.
3136 480 3382 551 sedquod
3414 482 3629 539 inutiles
3650 482 3791 537 simus

2245 562 2547 633 redarguet.
2566 566 2679 621 lloe
2700 569 2876 639 itaque
2898 570 3057 626 nobis
3080 586 3294 641 semper
3307 574 3589 643 objiciunt,
3609 575 3793 644 quando

2243 654 2490 721 dicimus,
2522 657 2667 713 Multi
2691 676 2879 717 sumus
2908 660 3054 718 :Sed
3075 663 3220 729 mali,
3251 665 3517 733 inquiunt.
3549 668 3680 721 Ecce
3704 667 3791 721 ite-

2244 764 2361 802 rum
2391 750 2649 806 denuntio
2670 764 2726 809 et
2750 755 2897 810 clara
2930 771 3063 811 voce
3089 756 3286 824 clamo,
3309 774 3469 813 nemo
3492 758 3669 829 jocnm
3692 774 3793 815 esse

2244 849 2393 908 putet
2434 859 2449 894 :
2485 843 2774 900 Excludam
2819 857 2875 902 et
2900 848 3096 904 arcebo
3122 864 3225 902 non
3258 850 3687 921 obtemperantes
3708 892 3721 916 ,
3747 860 3797 906 et

2241 932 2415 988 donec
2443 932 2496 986 in
2512 936 2611 991 hoc
2630 938 2819 992 throno
2831 936 3046 1002 sedebo,
3060 935 3189 990 nihil
3206 935 3798 1007 illiusjustitlcationibus

2241 1025 2537 1093 praeferam.
2569 1024 2625 1079 Si
2670 1026 2789 1094 quis
2817 1043 2901 1079 nte
2943 1027 3199 1095 dejecerit
3222 1067 3238 1090 ,
3287 1026 3395 1095 jam
3426 1043 3532 1081 non
3562 1025 3799 1082 obnoxius

2244 1131 2377 1179 ero;
2409 1116 2583 1173 donec
2609 1133 2737 1172 vero
2772 1118 3041 1173 olmoxius
3070 1134 3188 1173 sum
3209 1160 3223 1181 ,
3258 1133 3363 1173 non
3398 1133 3613 1189 possunt
3654 1118 3801 1189 negli-

2241 1225 2389 1280 gere,
2414 1225 2519 1265 non
2544 1222 2652 1265 tam
2680 1220 2824 1266 metu
2852 1211 3096 1279 supplicii
3126 1253 3139 1274 ,
3166 1227 3325 1280 quam
3356 1221 3574 1281 propter
3591 1220 3800 1265 vestram

2242 1304 2505 1369 salutem,
2537 1320 2696 1373 quant
2727 1304 3015 1358 admodum
3046 1306 3203 1374 cupio
3240 1323 3253 1359 :
3282 1320 3378 1373 pro
3410 1305 3497 1357 illa
3536 1303 3734 1358 crucior
3751 1312 3805 1356 et

2241 1394 2419 1450 doleo.
2458 1394 2564 1450 Sed
2591 1395 2956 1463 obtemperate
2980 1436 2996 1459 ,
3035 1407 3091 1448 ut
3119 1405 3172 1448 et
3201 1394 3287 1449 hic
3314 1402 3368 1449 et
3395 1394 3448 1448 in
3482 1394 3656 1447 iuturo
3680 1394 3801 1446 utul-

2241 1496 2349 1542 tam
2393 1487 2665 1556 accipiatis
2712 1486 3036 1551 mercedem,
3077 1498 3131 1542 et
3178 1487 3333 1541 simul
3383 1485 3537 1539 battis
3584 1485 3807 1539 fruamur

2241 1579 2459 1634 internis
2484 1619 2500 1643 ,
2550 1579 2722 1648 gratia
2758 1590 2816 1633 et
2866 1579 3194 1649 benignitate
3225 1578 3484 1649 nnigeuiti
3530 1577 3669 1641 Filii,
3696 1577 3808 1645 qui-

2240 1688 2360 1727 cum
2392 1672 2535 1728 Patri
2577 1687 2786 1741 unaque
2808 1670 3025 1741 Spiritui
3053 1682 3236 1727 saneto
3255 1672 3490 1743 ,gloria,
3522 1670 3809 1741 imperium,

2242 1764 2434 1829 honor,
2486 1778 2630 1819 nunc
2679 1772 2736 1817 et
2782 1779 3019 1834 semper,
3059 1773 3113 1818 et
3149 1764 3201 1818 in
3243 1763 3436 1818 saecula
3479 1762 3808 1818 simularunt.

2241 1861 2432 1913 Amen.

3425 1970 3784 1980 m———___—

1938 2046 2279 2111 HOMlLlA
2326 2045 2441 2108 IX.

548 2215 675 2271 Car.
709 2214 759 2269 5.
807 2229 858 2265 v.
909 2211 995 2266 12.
1051 2210 1238 2264 Videns
1279 2219 1444 2261 autem
1492 2206 1712 2269 Petrus,
1760 2197 2020 2271 respondit
2066 2194 2133 2247 ad

622 2305 863 2376 papulum
894 2320 911 2357 :
941 2301 1049 2355 Viri
1078 2300 1348 2363 Israelitrc,
1380 2298 1501 2364 quid
1533 2294 1787 2351 miramini
1815 2293 1869 2345 in
1899 2290 2015 2353 hoc,
2043 2297 2133 2339 aut

617 2399 739 2469 quid
767 2413 855 2450 nos
886 2393 1179 2459 intuemini,
1209 2392 1352 2462 quasi
1380 2399 1552 2444 nostra
1598 2387 1777 2440 virtute
1823 2392 1910 2436 aut
1951 2381 2133 2451 pietate

619 2491 885 2563 fecerimus
916 2488 1050 2540 hunc
1074 2483 1382 2538 ambulare?

618 2561 670 2636 ἱ.
703 2580 931 2634 Oratoris
957 2577 1202 2631 modestia
1224 2576 1436 2628 multum
1456 2572 1657 2643 prodest
1674 2567 1914 2622 auditori.
1930 2594 2001 2604 —
2021 2561 2131 2616 Ma—

542 2678 661 2744 jorc
684 2674 872 2727 fiducia
900 2672 1055 2743 plena
1084 2679 1166 2723 est
1193 2670 1307 2722 lucc
1333 2668 1503 2720 oratio
1531 2680 1545 2716 :
1580 2679 1684 2718 non
1712 2660 1855 2732 quod
1879 2660 1929 2712 in
1953 2656 2132 2727 priore

550 2769 795 2829 timeret,
828 2763 920 2817 sed
949 2763 1067 2831 quia
1098 2761 1148 2814 id
1180 2760 1425 2813 homines
1454 2758 1523 2810 illi
1548 2756 1797 2809 irrisores
1824 2765 1929 2805 non
1978 2748 2132 2802 tulis-

548 2870 688 2913 sent.
722 2857 897 2924 Quare
939 2854 990 2909 iu
1039 2854 1182 2907 illius
1227 2851 1449 2907 exordio
1504 2848 1679 2904 statim
1728 2845 1846 2901 illos
1894 2851 2131 2897 attentos

547 2950 757 3013 reddit,
790 2948 973 3002 dicens
1001 2963 1015 2999 :
1049 2945 1158 2999 Hoc
1186 2946 1324 2999 vobis
1354 2955 1530 2998 notum
1554 2942 1652 3005 sit,
1684 2950 1729 2994 et
1765 2938 1972 2991 auribus
2019 2952 2131 3002 per-

546 3043 699 3106 cipite
723 3041 872 3094 verba
896 3056 1028 3093 mea.
1056 3039 1154 3093 llic
1183 3048 1360 3091 autem
1393 3052 1498 3090 non
1530 3033 1689 3088 habet
1729 3032 1817 3086 tali
1870 3038 2131 3100 apparatu

548 3150 701 3203 Opus.
734 3132 850 3187 Non
876 3132 1018 3186 enim
1046 3144 1238 3201 segnes
1281 3139 1434 3184 erant
1463 3147 1475 3181 :
1509 3128 1717 3197 signum
1768 3123 1965 3196 quippe
2010 3122 2131 3176 illos

549 3236 782 3281 attentos
812 3224 1006 3279 fecerat
1030 3239 1043 3287 ;
1078 3220 1216 3275 unde
1237 3229 1289 3275 et
1307 3229 1523 3289 stupore
1544 3227 1597 3273 et
1618 3227 1761 3273 metu
1788 3216 1928 3286 pleni
1956 3224 2128 3269 erant.

548 3320 725 3386 Quare
753 3334 860 3373 non
887 3332 1023 3387 opus
1050 3315 1143 3369 fuit
1176 3323 1232 3367 ut
1259 3312 1383 3367 inde
1420 3310 1698 3367 exordium
1741 3309 1995 3364 duceret:
2036 3305 2130 3359 sed

548 3410 761 3465 aliunde
784 3451 800 3475 ,
829 3426 934 3479 quo
962 3407 1081 3461 illos
1112 3406 1277 3474 magis
1306 3405 1403 3459 sibi
1436 3404 1780 3467 conciliaret,
1814 3401 2038 3471 gloriam
2064 3398 2133 3453 ab

547 3520 605 3559 se
626 3502 962 3572 depellenda.
985 3500 1128 3555 Nihil
1153 3500 1296 3555 enim
1321 3510 1425 3552 tam
1453 3497 1670 3569 prodest
1696 3496 1946 3559 auditori,
1972 3509 2130 3564 quam

549 3596 592 3648 si
621 3602 802 3648 orator
831 3592 960 3647 nihil
987 3592 1163 3661 magni
1192 3590 1258 3645 de
1286 3604 1345 3645 se
1373 3590 1554 3664 dicato
1588 3589 1679 3644 sed
1708 3603 1922 3643 omnem
1950 3602 2131 3656 super-

546 3686 653 3740 bia:
676 3685 1034 3753 suspicionem
1055 3683 1224 3738 tollat.
1256 3683 1493 3737 Gloriam
1522 3698 1650 3737 vero
1671 3681 2029 3751 despicientes
2052 3680 2134 3735 sic

551 3779 810 3849 majorem
840 3778 938 3833 sibi
968 3776 1193 3847 gloriam
1224 3774 1518 3845 parabant,
1541 3773 2000 3843 ostendebantque
2024 3787 2130 3826 non

552 3872 841 3926 humanum
865 3911 879 3932 ,
913 3868 1006 3924 sed
1032 3866 1271 3923 divinum
1304 3865 1433 3921 illud
1460 3881 1581 3921 esse
1607 3881 1742 3937 opus
1760 3906 1777 3930 ,
1808 3873 1865 3919 et
1894 3878 1988 3935 par
2013 3876 2136 3918 esse

550 3971 609 4015 ut
638 3961 711 4015 illi
740 3961 899 4014 etiam
927 3974 1047 4015 cum
1073 3958 1195 4012 aliis
1220 3955 1617 4011 admirarentur
1640 3998 1653 4020 ,
1691 3972 1794 4012 non
1821 3955 1875 4010 in
1897 3953 2132 4009 admira-

552 4056 695 4110 tione
724 4052 1074 4108 haberentur.
1109 4051 1272 4106 Vides
1292 4092 1306 4113 ,
1341 4066 1497 4121 quam
1529 4050 1598 4103 ab
1625 4048 1918 4105 ambitione
1948 4064 2131 4119 purus.

550 4146 771 4216 gloriam
797 4146 896 4199 sibi
926 4144 1159 4199 oblatam
1188 4141 1466 4212 depellat?
1490 4141 1577 4196 Sic
1617 4149 1672 4195 et
1719 4149 1931 4196 veteres
1968 4139 2134 4193 facie-

552 4237 714 4301 bant,
749 4245 804 4289 ttt
833 4235 1017 4290 Daniel
1037 4234 1126 4303 qui
1157 4233 1368 4288 dicebat
1401 4249 1416 4286 :
1446 4231 1557 4303 Ego
1605 4241 1770 4284 autent
1814 4248 1915 4284 non
1959 4231 2012 4284 in
2052 4246 2137 4284 sa-

553 4331 777 4401 pientia,
817 4343 927 4396 quia
950 4328 1003 4379 in
1048 4342 1127 4379 me
1171 4327 1235 4377 sit
1283 4323 1461 4396 (Dan.
1508 4323 1563 4377 2.
1605 4322 1749 4394 30);
1799 4334 1853 4378 et
1895 4323 2091 4390 Joscph
2118 4363 2134 4389 ,

561 4421 745 4477 Nonne
770 4437 858 4489 per
882 4418 1041 4472 Deum
1063 4418 1401 4487 manifestatio
1443 4432 1618 4470 eorum
1662 4416 1680 4486 (
1704 4415 1829 4470 Gen.
1878 4416 1966 4470 40.
2017 4414 2090 4486 8)
2114 4415 2138 4469 ?

556 4526 609 4569 et
641 4511 799 4566 David
822 4553 836 4577 ,
876 4509 1165 4564 Venientem
1193 4510 1386 4563 leonem
1410 4518 1457 4563 et
1486 4524 1661 4563 ursum
1688 4510 1741 4561 in
1782 4508 1985 4563 nomine
2026 4506 2138 4561 Do-

557 4604 683 4659 mini
702 4603 930 4657 manibus
952 4600 1292 4671 discerpebam
1321 4601 1395 4671 (1.
1428 4600 1559 4671 Reg.
1593 4600 1680 4654 17.
1709 4600 1821 4668 54).
1843 4600 1903 4653 Hi
1926 4614 2141 4671 quoque

559 4712 701 4750 nunc
733 4712 746 4747 :
785 4692 920 4761 Quid
946 4710 1038 4747 nos
1058 4692 1357 4758 intuemini,
1388 4691 1535 4761 quasi
1571 4692 1779 4761 propria
1830 4690 2014 4744 virtute
2049 4699 2140 4744 aut

558 4790 741 4857 pietate
770 4786 1039 4857 fecerimus
1065 4786 1197 4838 hunc
1226 4783 1489 4838 ambulare
1512 4784 1539 4838 ?
1578 4782 1694 4838 Non
1745 4782 1850 4838 hoc
1895 4792 2138 4839 nostrum

557 4890 640 4935 est
664 4922 680 4946 ,
711 4880 921 4949 inquit;
953 4894 1126 4949 neque
1153 4877 1295 4931 enim
1329 4876 1470 4947 quod
1516 4876 1659 4946 digni
1694 4890 1936 4931 essemus
1959 4917 1975 4942 ,
2014 4891 2141 4947 gra-

559 4974 684 5027 tiam
717 4972 807 5026 Dei
836 4970 1177 5025 attraximus.
1208 4969 1294 5023 15.
1318 4966 1457 5021 Deus
1481 4966 1769 5031 Abraham,
1801 4967 1940 5021 Deus
1965 4966 2136 5032 Isaac,

559 5076 604 5118 et
639 5065 772 5117 Dens
796 5063 975 5126 Jacob,
1000 5063 1135 5117 Deus
1161 5073 1358 5131 patrum
1381 5061 1849 5125 nostrorum.Vide,
1875 5061 2143 5130 quomodo

558 5172 615 5212 se
639 5157 941 5225 frequenter
961 5156 1026 5209 ad
1051 5156 1419 5224 progenitores
1445 5162 1757 5219 convertat;
1782 5168 1849 5209 ne
1869 5154 2141 5209 videretur

558 5264 750 5302 novum
775 5246 1038 5316 quoddam
1062 5248 1250 5317 dogma
1274 5246 1523 5301 inducere
1548 5266 1561 5300 :
1586 5256 1638 5300 et
1661 5245 1766 5300 illic
1788 5245 2138 5315 patriarcham

562 5338 812 5393 ltavidem
848 5341 1196 5403 memoravit,
1233 5348 1285 5391 et
1310 5338 1395 5393 hic
1424 5339 1783 5393 Abrahamum
1815 5346 1870 5393 et
1909 5354 2139 5408 sequen-

559 5442 659 5485 tes.
691 5427 1002 5497 Gloriﬁcavit
1034 5428 1225 5482 Filium
1249 5446 1394 5482 suum
1422 5429 1619 5485 Jesum.
1650 5431 1854 5485 Rursus
1873 5431 2144 5485 humiliter

560 5523 698 5577 sicut
726 5523 775 5575 in
806 5520 1091 5590 prooemio.
1122 5519 1322 5573 Deinde
1347 5521 1396 5572 in
1429 5521 1639 5575 illorum
1669 5522 1901 5576 facinore
1925 5523 2140 5590 insistit,

556 5615 795 5684 illudque
821 5612 1069 5677 extollit,
1102 5628 1199 5668 nec
1228 5612 1328 5666 sub
1355 5614 1541 5668 umbra
1584 5614 1820 5684 loquitur
1868 5622 1923 5668 ut
1974 5616 2141 5684 prius.

556 5704 691 5761 Illud
717 5715 893 5761 autem
935 5704 1101 5770 facit,
1153 5714 1210 5759 ut
1256 5704 1377 5758 illos
1428 5704 1597 5775 magis
1643 5706 1881 5761 reducat.
1933 5705 2144 5773 Quanto

560 5799 698 5855 enim
724 5798 893 5871 magis
920 5799 1094 5855 scelus
1123 5796 1430 5854 declarabat
1453 5838 1471 5866 ,
1501 5806 1649 5853 tanto
1677 5798 1998 5855 attentiores
2024 5800 2139 5856 red-

2242 2188 2421 2244 debat.
2449 2188 2795 2257 Gloriﬁcavit,
2828 2188 3031 2258 inquit,
3065 2187 3115 2241 F
3115 2189 3257 2242 ilium
3286 2206 3430 2243 suum
3456 2188 3655 2256 Jesum,
3674 2206 3814 2260 quem

2240 2298 2328 2337 vos
2355 2282 2657 2344 tradidistis,
2688 2292 2733 2335 et
2758 2283 2981 2352 negastis
3006 2292 3123 2335 ante
3142 2283 3323 2351 faciem
3350 2281 3510 2336 Pilati
3527 2325 3544 2349 ,
3557 2284 3816 2355 judicantc

2238 2375 2330 2429 illo
2352 2374 2562 2427 dimitti.
2598 2374 2712 2428 Duo
2744 2383 2869 2428 sunt
2898 2375 3117 2429 crimina
3140 2416 3156 2441 ,
3181 2384 3238 2429 et
3263 2376 3404 2445 quod
3433 2376 3637 2430 Pilatus
3662 2378 3815 2432 vellet

2239 2469 2543 2535 dimittere,
2591 2478 2643 2521 et
2690 2469 2831 2538 quod
2874 2468 2963 2522 illo
3015 2469 3227 2524 volente
3272 2485 3366 2524 vos
3403 2470 3694 2525 nolueritis.
3727 2472 3812 2525 H.

2251 2562 2350 2616 Vos
2367 2572 2535 2616 autem
2560 2575 2791 2615 sanctum
2820 2572 2865 2616 et
2880 2563 3081 2632 justum
3106 2563 3326 2632 negastis
3347 2602 3363 2627 ,
3410 2573 3456 2615 et
3500 2563 3707 2632 petiistis
3746 2565 3815 2616 ri-

2238 2673 2351 2711 rum
2371 2657 2675 2711 homicidam
2696 2656 2877 2710 donari
2896 2656 3033 2710 vobis
3056 2672 3074 2709 :
3103 2656 3192 2710 15.
3233 2666 3492 2709 auctorem
3543 2673 3658 2710 vero
3706 2658 3818 2710 vitae

2236 2751 2573 2819 interfecistis,
2601 2766 2748 2817 quem
2770 2749 2910 2804 Deus
2928 2748 3183 2804 suscitavit
3209 2767 3239 2802 a
3264 2750 3473 2803 mortuis
3498 2791 3512 2812 ,
3551 2752 3699 2818 cujus
3725 2768 3817 2803 nos

2239 2852 2384 2897 testes
2411 2858 2603 2897 sumus.
2634 2844 2711 2896 Ae
2736 2842 2779 2896 si
2803 2842 3026 2903 diceret.
3054 2842 3158 2896 Pro
3184 2842 3273 2896 illo
3294 2842 3551 2898 latrantem
3573 2843 3818 2913 petiistis.

2240 2936 2370 2990 Item
2401 2935 2687 2989 admodum
2711 2950 2926 3004 gravem
2954 2934 3207 2990 declarat.
3230 2934 3364 3003 Quia
3393 2936 3510 2990 illos
3534 2937 3633 2990 sub
3662 2952 3818 2991 manu

2240 3028 2458 3083 tenebat
2481 3070 2495 3093 ,
2527 3028 2872 3082 vehementer
2892 3028 3238 3098 pratstringit.
3259 3028 3523 3084 Auctorem
3542 3046 3659 3084 vero
3684 3031 3816 3095 vita;

2239 3121 2432 3191 inquit.
2458 3120 2553 3176 Hie
2583 3121 2991 3176 resurrectionis
3023 3122 3178 3176 fidem
3210 3131 3450 3192 apparat.
3484 3122 3645 3189 Quem
3683 3123 3822 3178 Deus

2237 3216 2495 3270 suscitavit
2519 3233 2550 3267 a
2574 3216 2803 3269 mortuis.
2838 3214 2915 3269 Ne
2943 3214 3063 3285 quis
3105 3215 3343 3281 diceret,
3395 3216 3673 3272 Undenam
3720 3218 3823 3273 hoc

2238 3306 2445 3376 liquet?
2472 3322 2578 3359 non
2605 3306 2712 3375 jam
2739 3306 2806 3360 ad
2842 3309 3128 3376 prophetas
3153 3307 3425 3378 confugit,
3460 3308 3551 3363 sed
3577 3310 3641 3363 ad
3673 3312 3822 3379 seip-

2236 3412 2385 3464 snm,
2417 3397 2539 3466 quia
2568 3397 2677 3465 jam
2708 3397 2811 3452 fide
2840 3397 3030 3466 dignus
3080 3398 3390 3453 habebatur.
3437 3399 3587 3455 Tune
3636 3402 3781 3457 enim
3805 3444 3825 3468 ,

2236 3505 2358 3545 cum
2384 3489 2606 3544 dixisset
2636 3488 2781 3543 illum
2811 3489 3171 3544 resurrexisse
3193 3531 3208 3553 ,
3243 3490 3493 3544 Davidem
3523 3499 3716 3547 testem
3742 3492 3828 3548 iu-

2236 3579 2422 3645 duxit;
2462 3594 2604 3633 nunc
2633 3596 2763 3635 vero
2792 3579 2893 3635 hoc
2925 3582 3096 3650 ipsum
3120 3581 3326 3645 dicens,
3354 3582 3578 3638 chorum
3601 3594 3823 3655 aposto-

2237 3673 2421 3728 licum.
2462 3673 2622 3742 Cujus
2666 3690 2757 3727 nos
2801 3684 2947 3728 testes
2974 3691 3183 3743 sumus,
3215 3676 3401 3746 inquit.
3429 3678 3517 3733 16.
3552 3678 3619 3733 Et
3643 3681 3695 3733 in
3724 3681 3833 3749 ﬁde

2238 3765 2457 3820 nominis
2485 3768 2628 3835 ejus.
2663 3766 2796 3819 hunc
2815 3807 2829 3831 ,
2860 3782 3005 3837 quem
3030 3783 3118 3821 vos
3145 3768 3321 3822 videtis
3343 3782 3388 3824 et
3409 3771 3565 3825 nostis
3583 3811 3598 3835 ,
3635 3772 3836 3840 conﬁr-

2237 3861 2391 3913 mavit
2415 3875 2596 3913 nomen
2622 3860 2776 3929 ejus;
2798 3868 2843 3912 et
2865 3860 3012 3928 fides,
3039 3877 3153 3931 qua:
3173 3879 3262 3929 per
3285 3879 3400 3916 eum
3446 3873 3516 3917 est
3538 3904 3553 3927 ,
3594 3865 3742 3920 dedit
3786 3867 3834 3920 ei

2237 3953 2481 4023 integth
2508 3950 2772 4005 sanitatem
2797 3952 2944 4004 istaut
2972 3952 3025 4005 in
3047 3964 3314 4023 conspectu
3331 3958 3557 4010 omnium
3576 3970 3835 4013 vestrum.

2238 4045 2497 4109 Quwreus
2522 4057 2736 4097 causam
2768 4043 2974 4106 dicere,
3006 4046 3183 4099 statim
3213 4047 3420 4116 signum
3466 4049 3694 4118 adjicit,
3746 4052 3841 4105 di-

2240 4148 2370 4189 cens
2394 4150 2412 4189 :
2441 4133 2510 4188 In
2538 4144 2808 4204 conspectu
2835 4136 3060 4189 omnium
3085 4148 3322 4190 vestrum.
3352 4139 3484 4207 Quia
3515 4142 3672 4197 valde
3708 4144 3842 4200 illos

2242 4226 2658 4295 perstrinxerat,
2688 4238 2743 4281 et
2772 4227 3081 4283 ostenderat
3105 4231 3417 4287 crucifixum
3440 4236 3840 4305 resurresisse,

2242 4333 2423 4372 rursus
2447 4333 2751 4373 sermonem
2782 4320 3022 4389 mitigat,
3050 4321 3189 4376 dans
3211 4323 3315 4378 illis
3361 4325 3693 4394 poenitentia:
3751 4330 3843 4383 fa-

2240 4414 2490 4466 cultatem
2518 4454 2531 4475 ,
2561 4414 2767 4468 dicens.
2798 4413 2890 4468 17.
2926 4412 2991 4467 Et
3020 4430 3189 4481 nunc,
3217 4420 3399 4485 fratres
3419 4458 3434 4479 ,
3458 4424 3561 4472 scio
3588 4420 3719 4489 quia
3750 4438 3848 4489 per

2241 4507 2582 4576 ignorantiam
2607 4507 2793 4576 fecistis
2813 4547 2828 4571 ,
2868 4507 2998 4561 sicut
3021 4518 3068 4561 et
3091 4510 3344 4579 principes
3364 4514 3533 4565 vestri.
3560 4512 3663 4567 Per
3684 4517 3851 4585 igno-

2240 4599 2462 4651 rantiam
2486 4599 2694 4669 fecistis.
2724 4598 2849 4653 Haec
2874 4615 2981 4653 una
3009 4603 3283 4656 excusatio
3311 4616 3394 4657 εει
3417 4619 3430 4667 ;
3461 4607 3651 4670 attera,
3686 4609 3851 4662 Sicut

2241 4703 2289 4747 et
2320 4693 2573 4763 principes
2614 4693 2783 4747 vestri.
2830 4694 3288 4759 Quemadmodum
3328 4696 3528 4766 Joseph
3571 4697 3855 4755 fratribus

2241 4783 2451 4839 dicebat
2479 4801 2492 4839 :
2523 4782 2662 4839 Deus
2691 4801 2772 4837 me
2793 4785 2926 4839 misit
2957 4794 3072 4839 ante
3095 4782 3180 4840 rei
3215 4784 3381 4857 (Ceu.
3421 4790 3511 4845 45.
3564 4792 3675 4860 5);
3734 4796 3858 4847 imo

2242 4876 2381 4946 quod
2408 4876 2632 4945 carptim
2661 4876 2773 4930 illic
2799 4877 3039 4944 dixerat,
3072 4877 3297 4947 Deﬁnito
3333 4881 3549 4936 consilio
3568 4922 3587 4948 ,
3620 4892 3670 4936 et
3708 4899 3858 4951 prm-

2241 4968 2449 5021 scientia
2472 4967 2569 5021 Dei
2593 4967 2835 5021 traditum
2859 4970 3162 5039 accipientes
3191 4972 3331 5038 (Act.
3361 4971 3413 5025 2.
3445 4970 3560 5044 23),
3593 4974 3859 5045 idipsum

2243 5059 2332 5113 hic
2358 5059 2616 5113 extendit.
2652 5060 2739 5114 18.
2769 5059 2908 5114 Deus
2929 5069 3098 5113 autem
3122 5077 3233 5131 qua:
3258 5064 3617 5131 prwnuntiavit
3656 5082 3767 5133 per
3799 5083 3861 5120 os

2244 5154 2467 5206 omnium
2489 5154 2849 5223 prophetarum
2881 5154 2985 5221 pati
3008 5153 3265 5208 Christum
3286 5171 3455 5221 suum,
3485 5156 3558 5209 sic
3578 5158 3858 5227 implevit.

2245 5247 2414 5301 Simul
2445 5246 2678 5300 ostendit
2704 5260 2808 5300 non
2837 5246 3052 5301 illorum
3078 5261 3200 5301 esse
3218 5287 3233 5310 ,
3262 5247 3309 5301 si
3338 5246 3442 5302 hoc
3490 5247 3863 5304 demonstra-

2247 5350 2356 5392 tum
2378 5338 2487 5397 sit:
2530 5338 2623 5392 sed
2651 5353 2748 5408 per
2774 5338 3102 5393 voluntatem
3136 5339 3228 5394 Dei
3271 5338 3467 5394 factum
3497 5354 3644 5396 esse.
3707 5343 3865 5397 Cum

2245 5445 2374 5486 vero
2392 5430 2557 5496 dicit,
2595 5431 2721 5497 Qua:
2761 5432 3141 5500 praenuntiavit,
3180 5434 3360 5498 verba,
3391 5433 3545 5502 queis
3574 5435 3866 5489 crue'rﬁxo

2248 5527 2663 5597 esprohmbaut,
2694 5527 2997 5582 subindicat
3028 5546 3041 5581 :
3070 5528 3125 5585 Si
3153 5529 3265 5583 vult
3286 5530 3622 5592 eutu,salvet
3664 5530 3866 5595 illum,

2246 5621 2523 5675 dicentes:
2552 5621 2693 5674 Dixit
2717 5621 2881 5685 enitn,
2914 5619 3083 5677 Filius
3113 5621 3204 5675 Dei
3233 5637 3349 5675 sum
3380 5639 3393 5675 :
3421 5623 3643 5677 confidit
3690 5624 3753 5678 in
3798 5624 3867 5676 διο

2249 5712 2393 5779 lum;
2426 5712 2717 5767 descendat
2745 5727 2886 5767 nunc
2922 5712 2990 5767 de
3030 5728 3191 5768 cruce
3221 5713 3455 5785 (Matth.
3483 5714 3576 5769 9.7.
3608 5717 3683 5772 40
3737 5733 3866 5783 sqq.

2248 5801 2372 5858 Luc.
2401 5803 2491 5859 9.5.
2519 5804 2587 5859 55
2612 5806 2651 5874 ).
2686 5806 2765 5859 An
2802 5820 2952 5875 nugae
2978 5814 3102 5862 sunt
3132 5805 3244 5861 haec
3267 5847 3282 5872 ,
3328 5821 3361 5861 ο
3404 5808 3595 5863 stulti?
3648 5810 3720 5861 ΑΙ
3745 5808 3868 5870 sit;
