4022 6364
246 380 315 434 75
1272 379 1336 432 ΙΝ
1376 379 1561 435 ACTA
1592 375 2127 436 APOSTOLORUM.
2164 376 2395 433 HOMIL.
2438 378 2528 432 IX.
3425 379 3503 434 τίν

236 477 445 547 βέλτιον
474 474 747 546 πρόϐατον
788 474 847 528 ἓν
878 476 1118 545 ὑγιαῖνον
1146 474 1311 547 ἔχειν,
1350 476 1381 547 ἣ
1425 475 1593 547 μυρία
1625 475 1815 546 ψώρας

236 557 672 629 ἐμπεπλησμένα
697 576 712 623 ;
737 558 835 629 οὐχ
872 559 1056 629 ὁρᾶτε,
1088 558 1169 611 ὅτι
1196 558 1442 611 εὐτεκνία
1474 557 1612 629 μετά
1645 558 1817 627 όλιγο·

236 642 449 703 τεκνίας
493 640 740 710 βελτίων,
776 642 809 711 ἦ
853 641 1181 695 πολυπαιδία
1232 642 1367 711 μετά
1415 642 1813 705 κακοπαιδίας;

231 726 324 794 ούχ
371 726 568 795 ὁρᾶτε,
604 725 683 777 ὅτι
722 727 780 776 ὲν
819 724 917 794 μὲν
942 728 1007 796 τῇ
1038 723 1285 797 βασιλείᾳ
1329 725 1520 792 ὀλίγοι,
1568 726 1625 777 ἐν
1657 724 1715 776 δὲ
1746 726 1812 796 τῇ

232 809 419 877 γεέννῃ
452 808 683 873 πολλοί;
720 808 786 859 Τί
814 808 936 877 ἐμοὶ
964 807 1149 875 καὶτῷ
1175 806 1401 877 πλήθει;
1432 808 1484 860 τί
1508 808 1568 860 τὸ
1601 807 1813 875 ὅφελοςξ

231 890 391 943 οὐδέν
410 905 425 919 ·
484 890 624 942 ἀλλά
654 889 855 961 μᾶλλον
886 892 998 952 τοῖς
1041 890 1221 953 ἄλλοις
1270 889 1451 961 λύμη.⁹
1472 891 1677 943 Ταύτδν
1707 890 1815 961 γάρ

231 974 391 1035 ἐστιν,
423 967 546 1025 οἷον
585 974 651 1025 ἂν
678 973 732 1024 εῖ
756 990 842 1037 τις
887 973 1005 1038 ἐξὸν
1048 974 1177 1027 δέκα
1216 975 1554 1042 ὑγιαίνοντας
1605 973 1749 1043 ἔχειν
1781 973 1813 1044 ἢ

230 1055 456 1127 μυρίους
492 1056 806 1119 νοσοῦντας,
830 1056 1110 1126 ἐπεισάγοι
1129 1060 1240 1120 τοῖς
1260 1057 1391 1109 δέκα
1416 1058 1540 1120 τοὺς
1566 1056 1810 1127 μυρίους.

228 1142 289 1193 Οἱ
332 1140 530 1193 πολλοὶ
589 1141 759 1211 μηδὲν
814 1140 1223 1212 κατορθοῦντες,
1268 1140 1419 1193 οὐδὲν
1452 1140 1637 1211 ἕτερον
1685 1140 1815 1210 ἡμῖν

229 1223 681 1294 προξενήσουσιν,
724 1222 905 1293 ἀλλ’ἢ
958 1222 1179 1276 κόλασιν
1222 1222 1367 1284 τότε,
1411 1223 1507 1275 καὶ
1555 1221 1695 1275 κατά
1752 1222 1814 1275 τὸ

229 1308 395 1374 παρὸν
432 1318 462 1345 ι
503 1305 742 1369 ἀδοξίαν.
777 1306 963 1369 Οὐδεὶς
991 1307 1100 1377 γὰρ
1150 1305 1231 1357 ὄτι
1260 1305 1443 1358 πολλοί
1474 1305 1641 1375 ἐσμεν
1678 1305 1812 1375 ἐρεῖ,

229 1388 338 1439 ἀλλ’
376 1390 461 1440 ὅτι
493 1391 784 1459 ἄχρηστοι,
832 1389 1123 1458 μέμφεται.
1177 1387 1348 1440 Τοῦτο
1385 1385 1514 1455 γοῦν
1557 1388 1688 1457 ήμῖν
1727 1386 1815 1439 ἀεὶ

229 1472 500 1538 λέγουσιν,
566 1473 695 1524 ὃταν
749 1470 864 1543 [69]
918 1472 1178 1544 εῖπωμεν,
1226 1472 1309 1523 ὅτι
1363 1469 1554 1524 Πολλοί
1610 1473 1809 1541 ἐσμεν·

244 1554 395 1606 Ἀλλά
452 1555 643 1621 κακοὶ,
698 1554 882 1625 φησίν.
919 1554 1048 1608 Ἰδοὺ
1116 1554 1279 1609 πάλιν
1335 1553 1663 1625 ἀπαγορεύω
1721 1554 1815 1608 καὶ

294 1659 321 1687 ⁸
366 1657 551 1708 Morel.
596 1659 678 1707 καὶ
722 1660 842 1722 μετὰ
878 1660 934 1708 τὸ
976 1660 1141 1723 παρόν.

1910 472 2148 546 λαμπρᾷ
2199 473 2305 543 βοῶ
2364 476 2429 545 τῇ
2488 475 2659 544 φωνῇ,
2725 472 2911 544 μηδεὶς
2967 472 3232 544 νομιζέτω
3284 472 3493 540 γέλωτα

1919 553 2086 611 εἶναι’
2128 555 2394 627 Ἀπείρξω
2436 556 2529 609 καὶ
2564 555 2793 609 κωλύσω
2826 557 2951 619 τοὺς
2984 557 3058 629 μὴ
3105 556 3457 627 πειθομένους
3478 571 3493 585 ·

1918 640 2012 693 καὶ
2070 640 2174 703 ἓως
2218 639 2282 694 ἂν
2322 643 2378 692 ἐν
2427 640 2502 709 τῷ
2543 640 2715 712 θρόνῳ
2759 640 3074 710 καθέζωμαι
3104 640 3295 711 τούτῳ,
3344 640 3501 693 οῦδὲν
3557 652 3560 655 ‘

1919 724 2227 793 προήσομαι
2284 722 2391 774 τῶν
2442 723 2603 775 αὑτοῦ
2657 722 3059 793 δικαιωμάτων.
3127 725 3221 776 Ἂν
3283 723 3350 794 μέ
3410 739 3496 789 τις

1916 806 2277 878 καταϐιϐάσῃ,
2311 805 2493 859 λοιπὸν
2519 806 2807 871 ἀνεύθυνός
2840 809 2955 875 είμι
2974 823 2987 834 ·
3029 807 3133 869 ἕως
3162 806 3207 860 δ’
3235 806 3300 858 ἂν
3324 806 3498 860 ὑπεύ-ι

1917 888 2073 951 θυνος
2101 882 2166 952 ῶ,
2196 891 2256 941 ού
2296 886 2532 958 δύναμαι
2556 888 2820 959 παριδεῖν,
2849 890 2908 942 ού
2933 888 3021 942 διὰ
3040 890 3140 960 τὴν
3163 889 3299 960 ἐμὴν
3329 889 3492 943 κόλα-

1918 990 2021 1038 σιν,
2050 973 2187 1025 ἀλλά
2215 972 2303 1026 διὰ
2327 971 2427 1043 τὴν
2470 973 2740 1044 ὑμετέραν
2778 974 3048 1044 σωτηρίαν
3072 991 3086 1004 ’
3136 974 3340 1042 σφόδρα
3383 975 3494 1044 γὰρ

1915 1058 2067 1128 ὑμῶν
2092 1056 2200 1128 ἐρῶ
2232 1056 2329 1127 τῆς
2357 1056 2645 1128 σωτηρίας.
2686 1056 2855 1128 ’Υπὲρ
2883 1056 3071 1110 τούτου
3100 1058 3364 1129 δάκνομαι
3398 1060 3494 1111 καὶ

1915 1138 2085 1207 ἀλγῶ.
2125 1138 2286 1192 Ἀλλὰ
2308 1137 2565 1208 πείσθητε
2592 1139 2642 1204 b,
2689 1140 2778 1193 ἵνα
2809 1140 2901 1192 καὶ
2946 1139 3180 1194 ἐνταῦθα
3206 1144 3299 1193 καὶ
3328 1142 3385 1192 ἐν
3413 1140 3490 1208 τῷ

1919 1222 2167 1293 μέλλοντι
2220 1222 2385 1275 πολὺν
2433 1221 2634 1293 λάϐητε
2668 1221 2757 1274 τὸν
2795 1222 3004 1291 μισθὸν,
3056 1224 3148 1275 καὶ
3194 1226 3343 1293 κοινῇ
3386 1224 3498 1275 τῶν

1914 1306 2146 1359 αἰωνίων
2170 1306 2565 1376 ἀπολαύσωμεν
2597 1304 2835 1373 ἀγαθῶν,
2873 1307 3052 1378 χάριτι
3081 1307 3172 1359 καὶ
3202 1307 3496 1378 φιλανθρωι

1916 1390 2018 1461 πίᾳ
2060 1390 2154 1443 τοῦ
2185 1388 2505 1460 μονογενοῦς
2550 1388 2710 1442 αὐτοῦ
2747 1388 2897 1453 Υἱοῦ,
2936 1372 3052 1461 μεθ’
3089 1383 3147 1442 οὗ
3189 1389 3265 1460 τῷ
3302 1391 3479 1461 Πατρὶ

1918 1472 2037 1543 ἅμα
2061 1472 2138 1544 τῷ
2162 1472 2301 1543 ἀγίῳ
2322 1470 2619 1541 Πνεύματι,
2642 1471 2786 1537 δόξα,
2820 1472 3039 1543 κράτος,
3079 1472 3234 1543 τιμὴ,
3268 1472 3361 1525 νῦν
3405 1474 3501 1526 καὶ

1916 1556 2026 1622 ἀεὶ,
2053 1558 2145 1609 καὶ
2171 1558 2250 1618 εἰς
2278 1556 2402 1618 τοὺς
2424 1554 2625 1618 αίῶνας
2652 1555 2760 1607 τῶν
2789 1554 3020 1608 αἰώνων.
3059 1554 3250 1624 Ἀμήν.

1980 1659 2010 1700 δ
2066 1660 2165 1709 Alii
2208 1659 2467 1722 σωτηρίας,
2490 1657 2728 1720 κόπτομαι
2752 1660 2833 1705 καὶ
2868 1658 3020 1720 ἀλγῶ.
3065 1656 3212 1706 Ἀλλὰ
3252 1661 3499 1718 πεισθῆτε.

1646 1864 1891 1917 UMIAIA
1935 1863 2010 1917 8'.

313 1953 480 2009 Ἰδὼν
507 1952 601 2018 δὲ,
633 1953 804 2024 φησὶ,
848 1951 1090 2021 Πέτρος,
1118 1953 1476 2023 ἀπεκρίνατο
1525 1955 1674 2024 πρὸς
1719 1956 1826 2009 τὸν

238 2038 418 2091 λαὸνο
476 2036 735 2105 Ἀνδρες
804 2035 1189 2105 Ἰσραηλῖται,
1252 2038 1310 2090 τί
1363 2038 1681 2107 θαυμάζετε
1725 2038 1825 2092 ἐπὶ

244 2122 439 2187 τούτῳ,
477 2121 519 2188 ἦ
556 2119 709 2189 ἡμῖν
747 2120 807 2172 τί
846 2119 1157 2183 ἀτενίζετε,
1210 2120 1290 2186 ὡς
1335 2121 1454 2186 ίόίᾳ
1493 2120 1741 2190 δυνάμει
1784 2121 1822 2192 ἢ

253 2205 513 2272 εὐσεϐείᾳ
544 2205 913 2269 πεποιηκόσι
945 2202 1053 2257 τοῦ
1083 2203 1429 2271 περιπατεῖν
1456 2204 1642 2259 αὐτόν
1665 2221 1684 2268 ;

324 2294 387 2340 α’.
411 2286 659 2349 Πλείονος
704 2285 843 2358 αῦτη
878 2286 1036 2355 γέμει
1087 2286 1397 2358 παρρησίας
1427 2288 1460 2356 ἡ
1492 2286 1823 2358 δημηγορία.

267 2369 489 2422 Τοῦτοδέ
516 2372 655 2422 ποιεῖ
681 2382 733 2435 ⁸,
760 2370 861 2422 οὐκ
892 2369 1076 2440 ἐπειδὴ
1102 2370 1161 2421 ἐν
1187 2371 1254 2441 τῇ
1288 2369 1532 2442 προτέρᾳ
1557 2369 1822 2437 ἐφοϐεῖτο,

263 2455 372 2507 ἀλλ’
404 2454 579 2525 ἐπειδὴ
605 2453 711 2506 οὐκ
737 2453 802 2507 ἂν
836 2453 1072 2523 ἧνεγκαν
1103 2454 1298 2505 ἐκεῖνοι
1325 2452 1599 2521 ἄνθρωποι
1630 2453 1825 2523 χλευα-

262 2536 377 2590 σταὶ
400 2538 544 2599 ὄντες
565 2537 661 2590 καὶ
687 2535 1057 2605 γελωτοποιοί.
1092 2535 1254 2589 Ὅθεν
1288 2536 1503 2605 ἐκείνης
1535 2536 1632 2606 μὲν
1654 2537 1823 2606 ἀρχό-

259 2638 410 2691 μενος
435 2621 529 2673 καὶ
550 2619 873 2690 ἐπιστρέφει
908 2619 1105 2681 αὐτοὺς
1132 2618 1220 2672 διὰ
1239 2617 1333 2671 τοῦ
1360 2619 1646 2689 προοιμίου
1660 2620 1823 2682 εὐθὺς

242 2702 422 2771 λέγων’
463 2702 649 2756 Τοῦτο
667 2700 811 2769 ὑμῖν
832 2699 1107 2769 γνωστὸν
1119 2700 1295 2762 ἑστω,
1328 2699 1427 2753 καί
1453 2700 1823 2756 ἐνωτίσασθε

240 2784 564 2855 τὰρήματά
599 2802 741 2853 μου.
780 2782 1045 2837 Ἐνταῦθα
1081 2783 1138 2835 δὲ
1183 2784 1243 2836 ού
1274 2783 1443 2837 δεῖται
1480 2784 1683 2855 ταύτης
1723 2785 1825 2854 τῆς

236 2868 606 2937 κατασκευῆς.
646 2867 723 2920 Οὐ
755 2868 862 2937 γὰρ
891 2865 1257 2938 ἐρρᾳθύμουν·
1287 2866 1350 2918 τὸ
1387 2867 1496 2938 γὰρ
1533 2870 1759 2937 σημεῖον
1797 2868 1821 2905 δ

234 2952 425 3015 αὐτοὺς
472 2948 816 3021 ἐπέστρεψεν
864 2948 1147 3013 ἅπαντας·
1203 2948 1326 3002 ὅθεν
1389 2951 1483 3002 καὶ
1528 2949 1678 3013 δέους
1730 2952 1825 3004 καὶ

231 3034 554 3104 ἐκπλήξεως
566 3028 709 3103 ἦσαν
742 3032 946 3103 μεστοί.
966 3031 1055 3084 Διὸ
1083 3030 1203 3084 οὐδὲ
1228 3031 1446 3102 ἐδέησεν
1470 3031 1619 3103 αὐτῷ
1645 3032 1826 3087 ἐντεῦ-

232 3120 319 3171 θεν
346 3117 650 3189 ἄρξασθαι,
684 3116 800 3168 ἀλλ’
845 3115 1135 3186 ἑτέρωθεν,
1180 3114 1300 3167 ὅθεν
1346 3115 1581 3185 μάλιστα
1630 3117 1825 3180 αὐτοὺς

229 3206 317 3257 καὶ
349 3202 703 3274 ᾠκειώσατο,
745 3198 1203 3271 διακρουσάμενος
1242 3201 1339 3269 τὴν
1364 3198 1519 3265 δόξαν
1558 3199 1656 3270 τὴν
1694 3202 1823 3272 παρ’

228 3288 426 3339 αὐτῶν.
492 3284 666 3338 Οὐδὲν
711 3283 820 3354 γὰρ
880 3280 1054 3345 οὕτως
1103 3282 1302 3350 ὠφελεῖ
1348 3283 1443 3335 καὶ
1471 3282 1653 3353 ἀνίησι
1699 3286 1826 3347 τοὺς

226 3370 554 3433 ἀκούοντας,
607 3368 684 3430 ὠς
727 3367 788 3419 τὸ
824 3365 987 3436 μηδὲν
1040 3367 1168 3435 περὶ
1214 3365 1408 3418 ἐαυτοῦ
1456 3365 1635 3434 λέγειν
1685 3368 1826 3437 μέγα

221 3454 309 3506 τόν
338 3454 609 3521 λέγοντα,
639 3449 777 3503 ἀλλὰ
805 3449 899 3502 καὶ
928 3449 1028 3519 τὴν
1054 3448 1290 3518 ὑποψίαν
1313 3451 1578 3519 ἀναιρεῖν.
1606 3449 1825 3503 Μᾶλλον

222 3533 313 3590 οῦν
348 3536 592 3598 ἑαυτοὺς
625 3544 648 3572 ο
675 3532 933 3597 ἐδόξασαν
960 3534 1472 3603 καταφρονήσαντες
1508 3532 1686 3602 δόξης,
1732 3533 1825 3585 καὶ

219 3621 510 3685 δείξαντες
540 3618 642 3670 οὐκ
670 3615 1027 3687 ἀνθρώπινον,
1064 3614 1200 3667 ἀλλὰ
1229 3604 1369 3668 θεῖον
1399 3615 1456 3667 ὃν
1489 3616 1548 3667 τὸ
1578 3616 1821 3684 γεγονόςο

222 3704 318 3755 καὶ
342 3705 441 3756 ὅτι
481 3699 579 3753 τοῦ
607 3699 909 3769 θαυμάζειν
940 3698 1057 3767 μετ’
1097 3697 1297 3762 αὐτῶν,
1332 3698 1392 3750 ού
1422 3697 1516 3751 τοῦ
1551 3697 1824 3769 θαυμάζε-

219 3787 348 3839 σθαί
378 3786 534 3838 εἰσιν
562 3783 723 3848 ἄξιοι.
764 3782 951 3852 Ὀρᾴς,
982 3781 1098 3844 πῶς
1126 3781 1431 3850 φιλοτιμίας
1455 3781 1530 3835 ὢν
1562 3782 1820 3853 καθαρὸς,

214 3871 512 3923 διωθεῖται
542 3869 640 3939 τὴν
665 3868 743 3929 εἰς
775 3865 936 3919 αὐτὸν
961 3864 1149 3931 δόξαν;
1193 3863 1347 3918 Οὕτω
1394 3867 1486 3919 καὶ
1519 3867 1570 3920 οί
1606 3868 1824 3921 παλαιοὶ

214 3955 478 4015 ἐποίουν,
507 3952 759 4017 καθάπερ
790 3952 819 4002 ὁ
856 3948 1051 4019 Δανιὴλ
1084 3948 1270 4016 ἔλεγε·
1299 3950 1412 4003 Καὶ
1439 3949 1554 4018 ἐγὼ
1594 3951 1663 4003 δὲ
1711 3953 1823 4004 οὐκ

214 4037 287 4091 ἐν
314 4037 523 4105 σοφίᾳ
562 4033 637 4103 τῇ
680 4033 838 4101 οὔσῃ
878 4033 949 4085 ἐν
983 4032 1144 4100 ἐμοί·
1182 4032 1274 4085 καὶ
1310 4032 1471 4086 πάλιν
1513 4036 1542 4087 ό
1602 4035 1821 4105 Ἰωσὴφ,

218 4120 379 4190 Οὐχὶ
406 4120 511 4173 διὰ
553 4118 661 4173 τοῦ
694 4114 844 4171 Θεοῦ
884 4116 923 4184 ἠ
972 4114 1339 4185 διασάρησις
1363 4115 1598 4178 αὑτῶν;
1650 4119 1744 4170 καὶ
1794 4120 1824 4170 ό

215 4204 418 4266 Δαυῖδ,
461 4205 604 4255 Ὅτε
643 4200 862 4269 ἤρχετο
903 4201 937 4252 ό
984 4199 1141 4252 λέων
1181 4199 1277 4252 καὶ
1321 4200 1359 4265 νὴ
1395 4200 1611 4266 ἄρκτος
1653 4199 1703 4263 ἀ,
1754 4200 1823 4253 ἐν

218 4291 483 4359 ὀνόματι
508 4285 729 4354 Κυρίου
751 4284 881 4348 ταῖς
908 4284 1119 4351 χερσίν
1150 4283 1373 4349 αὐτοὺς
1399 4284 1683 4337 διέσπων.
1714 4284 1822 4337 Καὶ

215 4370 370 4428 οὗτοι
412 4370 514 4424 νῦν
540 4386 555 4399 ο
605 4370 667 4422 Τί
716 4367 864 4436 ἡμῖν
906 4364 1192 4425 ἀτενίζετε
1229 4368 1309 4431 ὡς
1343 4366 1461 4434 Ιὸίςι
1496 4366 1744 4436 δυνάμει
1780 4367 1819 4436 ἢ

217 4457 517 4522 εὐσεϐείᾳ
538 4452 897 4519 πεποιηκόσι
929 4451 1035 4505 τοῦ
1060 4449 1406 4519 περιπατεῖν
1432 4453 1655 4514 αὑτόν;
1686 4451 1821 4504 Οὐδὲ

213 4542 392 4595 τοῦτο
420 4539 715 4609 ἡμέτερον,
747 4536 939 4606 φησιν’
969 4536 1030 4588 οὑ
1067 4536 1174 4607 γὰρ
1218 4536 1402 4607 ἐπειδὴ
1442 4536 1579 4602 ἄξιοί
1633 4538 1820 4605 ἐσμεν,

214 4622 681 4693 ὲπεσπασάμεθα
698 4620 794 4673 τοῦ
810 4619 944 4673 Θεοῦ
964 4619 1062 4690 τὴν
1079 4620 1270 4690 ῥοπήν.
1288 4620 1349 4693 '0_
1368 4622 1511 4684 Θεὸς
1547 4620 1818 4687 Ἀϐραὰμ,

216 4710 326 4763 καί
351 4712 388 4762 ὁ
426 4707 577 4770 Θεὸς
599 4704 816 4762 Ἰσαὰκ.
846 4704 942 4756 καί
977 4706 1009 4756 ό
1039 4700 1182 4768 Θεὸς
1213 4702 1435 4765 Ἰακὼϐ,
1469 4704 1500 4755 ό
1530 4705 1674 4767 Θεὸς
1706 4702 1824 4754 τῶν

216 4793 513 4861 πατέρων
532 4787 723 4858 ἡμῶν.
762 4787 924 4858 Ὅρα,
959 4785 1076 4849 πῶς
1105 4786 1295 4839 ἑαυτὸν
1342 4785 1558 4839 είσωθεῖ
1588 4786 1823 4855 συνεχῶς

219 4880 308 4941 εἰς
334 4876 475 4937 τοὺς
531 4872 850 4944 προγόνους,
881 4871 966 4921 ἵνα
998 4868 1111 4940 [70]
1147 4868 1221 4939 μὴ
1252 4868 1377 4939 δόξῃ
1414 4870 1600 4923 καινόν
1637 4888 1688 4923 τι
1713 4872 1824 4923 είσ-

220 4962 393 5030 άγειν
412 4958 617 5025 δόγμα·
647 4955 741 5007 καὶ
771 4956 889 5005 ἐκεῖ
901 4953 993 5005 τοῦ
1027 4953 1364 5023 πατριάρχου
1394 4953 1555 5005 Δαυτδ
1584 4953 1824 5023 ἐμνημό-

216 5061 415 5103 νευσε,
446 5042 542 5093 καί
564 5038 798 5091 ἐνταῦθα
824 5037 931 5090 τῶν
962 5037 1090 5107 περὶ
1122 5036 1212 5087 τὸν
1243 5036 1511 5107 Ἀϐραάμ.
1541 5036 1824 5100 Ἐδόξασε

215 5133 335 5183 τὸν
360 5122 561 5180 Παῖδα
582 5121 767 5176 αὐτοῦ
802 5120 1063 5188 Ἰησοῦν.
1108 5119 1276 5171 Πάλιν
1304 5118 1594 5183 ταπεινῶς,
1642 5118 1825 5183 καθὼς

218 5215 282 5264 ἐν
307 5209 396 5280 τῷ
422 5205 713 5279 προοιμίῳ.
751 5199 882 5257 Εἶτα
926 5203 1109 5256 λοιπὸν
1135 5200 1458 5273 ἐνδιατρίϐει
1497 5202 1577 5274 τῷ
1617 5203 1825 5273 τολμή-

221 5312 393 5365 ματι,
428 5292 525 5346 καὶ
547 5289 763 5361 ἐπαίρει
804 5288 863 5339 τὸ
896 5285 1277 5355 γεγενημένον,
1319 5284 1435 5338 ἀλλ’
1475 5287 1593 5357 οὐχ,
1638 5286 1824 5356 ὥσπερ

219 5379 531 5449 πρότερον,
555 5370 835 5435 συσκιάξει
863 5382 908 5426 ε.
936 5373 1086 5424 Ποιεῖ
1110 5369 1166 5421 δὲ
1192 5368 1374 5432 τοῦτο,
1407 5369 1605 5438 μᾶλλον
1632 5369 1825 5432 αὐτοὺς

221 5458 622 5527 ἐπαγαγέσθαι
658 5455 997 5526 βουλόμενος.
1028 5454 1178 5522 Ὅσῳ
1210 5451 1319 5522 γὰρ
1349 5452 1561 5505 ἐδείκνυ
1591 5452 1825 5505 ὑπευθύ-

219 5563 384 5608 νους,
441 5541 683 5609 τοσούτῳ
738 5539 939 5608 μᾶλλον
994 5536 1154 5589 τοῦτο
1221 5536 1449 5603 ἐγίνετο.
1518 5535 1821 5600 Ἐδόξασε,

223 5630 399 5699 φησι,
438 5627 548 5680 τὸν
584 5624 772 5678 Παῖδα
819 5620 1004 5675 αὐτοῦ
1061 5619 1325 5686 Ἰησοῦν,
1377 5620 1450 5672 ὃν
1496 5620 1666 5688 ὑμεῖς
1709 5620 1827 5689 μὲν

223 5710 642 5782 παρεδώκατε,
678 5706 776 5761 καὶ
805 5706 1156 5773 ἠρνήσασθε
1186 5703 1373 5757 αὑτὸν
1409 5706 1562 5759 κατὰ
1589 5707 1823 5773 πρόσω-

294 5882 327 5911 ³
366 5875 552 5931 Verba,
617 5870 761 5920 τοῦτο
803 5872 855 5920 δὲ
891 5872 1036 5930 ποιεῖ,
1096 5870 1287 5920 absunt.
1362 5869 1516 5919 Savil.
1562 5877 1616 5919 et
1673 5871 1829 5921 lribus

228 5957 359 5993 mss,
447 5930 591 5985 hArlli
622 5934 1065 5998 ἐρῥᾳθύμουνῇαλλᾶ
1082 5933 1137 5980 τὸ
1176 5932 1388 5998 σημεῖον.
1462 5932 1485 5961 ο
1512 5930 1610 5998 Alii
1654 5936 1830 5995 μᾶλλον

228 6012 331 6067 γαρ
366 6000 573 6053 ἑαυτούς·
640 5993 893 6057 δ’ρυὶιιαιιι
915 5996 1071 6058 ἄρκος.
1146 5998 1167 6025 υ
1191 5993 1325 6043 L’uus
1361 5996 1647 6050 συσκιαζων,

1923 1971 2042 2009 πον
2057 1954 2339 2017 Πιλάτου,
2364 1955 2679 2022 κρίναντος
2707 1953 2942 2007 ἐκείνου
2963 1952 3272 2008 ἀπολύειν.
3308 1949 3412 2003 Δύο
3437 1951 3506 2005 τὲ

1924 2039 2267 2109 ἐγκλήματα,
2299 2038 2392 2090 καὶ
2420 2038 2502 2091 ὅτι
2528 2038 2758 2100 Πιλᾶτος
2784 2036 2975 2107 ήθελεν
2998 2035 3271 2102 ἀπολύειν,
3304 2036 3396 2089 καὶ
3422 2037 3503 2089 ὅτι

1923 2122 2081 2192 ὑμεῖς
2110 2122 2319 2174 ἐκείνου
2357 2120 2678 2191 θελήσαντος
2699 2122 2797 2175 οὑκ
2829 2120 3149 2191 ἠθελήσατε.
3201 2119 3396 2188 ἠιεῖς
3436 2119 3512 2171 δὲ

1923 2205 2031 2259 τὸν
2053 2205 2223 2273 ἅγιον
2260 2204 2358 2258 καί
2387 2204 2621 2257 δίκαιον
2647 2203 3019 2272 ἠρνήσασθε,
3054 2203 3150 2255 καὶ
3190 2202 3503 2271 ᾐτήσασθε

1923 2285 2111 2355 ἄνδρα
2135 2286 2323 2356 φονέα
2359 2285 2716 2355 χαρισθῆναι
2758 2285 2932 2352 ὑμῖν
2975 2285 3083 2337 τὸν
3128 2284 3195 2337 δὲ
3238 2285 3506 2355 ἀρχηγὸν

1922 2369 2036 2438 τῆς
2088 2369 2238 2439 ζωῆς
2291 2371 2698 2433 ἀπεκτείνατε,
2754 2370 2827 2423 ὃν
2871 2372 2906 2422 ό
2954 2367 3097 2434 Θεὸς
3149 2366 3388 2435 ἤγειρεν
3433 2369 3504 2422 ἐκ

1922 2454 2173 2522 νεκρῶν,
2211 2449 2282 2509 οὗ
2306 2452 2478 2522 ἡμεῖς
2500 2451 2796 2523 μάρτυρές
2833 2452 3039 2520 ἐσμεν.
3100 2452 3245 2503 Ὢσεὶ
3296 2451 3502 2519 ἔλεγεν,

1939 2538 2077 2590 ’Λντ’
2120 2537 2283 2591 αὑτοῦ
2322 2525 2524 2609 λῃστὴν
2559 2534 2851 2607 ᾐτήσασθε.
2892 2535 3102 2604 Σφόδρα
3153 2534 3400 2587 ἐδείνωσε
3443 2534 3518 2587 τὸ·

1927 2623 2175 2693 πρᾶγμα.
2228 2620 2447 2691 Ἐπειδὴ
2482 2620 2590 2691 γὰρ
2625 2616 2768 2689 εἶχεν
2805 2620 3000 2681 αὐτοὺς
3043 2618 3147 2671 ὑπὸ
3186 2618 3283 2689 τὴν
3324 2621 3502 2688 χεῖρα,

1923 2703 2146 2774 πλήττει
2170 2703 2351 2755 λοιπὸν
2376 2702 2639 2773 σφοδρῶς.
2683 2702 2785 2756 Τὸν
2824 2701 2880 2755 δὲ
2921 2701 3163 2771 ἀρχηγὸν
3199 2703 3297 2770 τῆς
3338 2700 3504 2771 ζωῆς,

1925 2787 2107 2857 φησίν.
2153 2785 2418 2840 Ἐνταῦθα
2458 2785 2557 2856 τὴν
2597 2786 2780 2837 πίστιν
2822 2785 2920 2855 τῆς
2955 2784 3303 2847 ἀναστάσεως
3339 2800 3503 2837 κατα-

1926 2867 2198 2932 σκευάζει.
2241 2871 2342 2922 Ὃν
2381 2872 2414 2923 ό
2445 2867 2588 2934 Θεὸς
2632 2867 2867 2937 ἤγειρεν
2892 2867 2960 2920 ἐκ
2986 2866 3236 2935 νεκρῶν.
3285 2869 3401 2921 Ἵνα
3432 2867 3510 2938 μὴ

1924 2971 2005 3017 τις
2028 2955 2178 3026 εἴπῃ.
2210 2952 2380 3005 Πόθεν
2425 2953 2585 3006 τοῦτο
2627 2951 2823 3022 δῆλον;
2878 2951 3063 3004 οὐκέτι
3108 2953 3188 3015 είς
3224 2954 3508 3023 προφήτας

1925 3037 2279 3105 καταφεύγει,
2310 3036 2424 3089 ἀλλ’
2464 3038 2544 3099 είς
2578 3036 2789 3098 ἐαυτὸν,
2828 3034 3016 3104 ἐπειδὴ
3066 3033 3248 3087 λοιπὸν
3293 3034 3508 3098 ἀξιόπι-

1926 3137 2050 3183 στος
2096 3116 2183 3191 ἦν.
2240 3119 2373 3171 Τότε
2437 3120 2534 3189 μὲν
2579 3118 2685 3188 γὰρ
2743 3116 2932 3182 εἰπὼν,
2990 3118 3071 3170 ὅτι
3125 3118 3346 3186 ἀνέστη.
3416 3116 3521 3169 τὸν·

1929 3203 2089 3257 Δαυῖδ
2116 3204 2425 3274 ἐπηγάγετο
2452 3203 2704 3272 μάρτυρα
2724 3218 2737 3230 υ
2779 3202 2896 3253 νυν)⁸
2928 3201 2984 3253 δὲ
3016 3200 3188 3254 είπὼν
3215 3201 3273 3253 τὸ
3298 3201 3427 3254 αὐτὸ
3458 3199 3505 3263 τ,

1913 3288 2020 3341 *τὸν
2051 3286 2208 3358 χορὸν
2240 3286 2328 3340 τὸν
2353 3284 2727 3339 ἀποστολικόν.
2775 3280 2856 3339 Οὖ
2892 3284 3064 3353 ἡμεῖς
3099 3286 3306 3353 ἐσμεν,
3353 3285 3507 3357 φησὶ,

1921 3370 2240 3441 μάρτυρες.
2292 3370 2405 3427 Καὶ
2427 3369 2527 3423 ἐπὶ
2590 3368 2663 3438 τῇ
2693 3370 2894 3423 πίστει
2932 3368 3039 3421 τοῦ
3085 3370 3377 3437 ὀνόματος
3411 3370 3513 3422 αὑ-

1927 3454 2055 3517 τοῦ,
2090 3454 2308 3508 τοῦτον
2330 3452 2402 3507 ὃν
2421 3452 2687 3521 θεωρεῖτε
2720 3452 2818 3505 καί
2844 3450 3066 3515 οἴδατε,
3090 3450 3422 3518 ἐστερέωσε
3441 3450 3511 3504 τὸ

1927 3538 2114 3607 ὄνομα
2137 3539 2344 3601 αὑτοῦ,
2365 3536 2462 3591 καί
2478 3538 2514 3605 ἠ
2536 3538 2741 3603 πίστις
2757 3538 2795 3604 ἡ
2809 3536 2881 3588 δι’
2900 3536 3087 3589 αὐτοῦ
3107 3535 3329 3589 ἔδωκεν
3350 3534 3521 3600 αὐτῷ

1923 3620 2041 3690 τὴν
2065 3621 2434 3689 ὁλοκληρίαν
2471 3621 2696 3687 ταύτην
2728 3621 3019 3673 ἀπέναντι
3051 3618 3294 3671 πάντων
3322 3617 3509 3687 ὑμῶν.

1925 3704 2113 3775 Ζητῶν
2148 3705 2209 3757 τὸ
2240 3705 2474 3774 πρᾶγμα
2496 3705 2689 3766 εἰπεῖν,
2718 3703 2920 3766 εὐθέως
2948 3704 3009 3755 τὸ
3039 3706 3263 3772 σημεῖον
3290 3704 3508 3768 ἐπάγει.

1936 3788 2239 3851 Ἐνώπιον,
2264 3788 2416 3858 φησὶ,
2441 3786 2684 3840 πάντων
2707 3787 2892 3855 ὑμῶν.
2933 3787 3147 3855 Ἐπειδὴ
3176 3786 3379 3856 σφόδρα
3413 3786 3510 3838 αύ-

1924 3874 2032 3926 τῶν
2064 3872 2368 3942 καθήψατο,
2404 3872 2498 3924 καὶ
2531 3870 2732 3935 ἔδειξεν
2778 3870 3087 3923 ἀναστάντα
3138 3870 3228 3921 τὸν
3263 3886 3509 3938 σταυρω-

1924 3957 2104 4021 θέντα,
2130 3956 2292 4009 πάλιν
2308 3954 2509 4025 ἀνίησι,
2534 3954 2711 4016 διδοὺς
2731 3955 2914 4015 αὐτοῖς
2932 3953 3178 4018 ἐξουσίαν
3203 3952 3507 4022 μετανοίας.

1923 4040 2095 4108 λέγων
2116 4056 2130 4070 ν
2155 4038 2264 4093 Καὶ
2293 4037 2430 4099 νῦν,
2453 4036 2727 4106 ἀδελφοὶ,
2761 4032 2912 4101 οἴδα,
2940 4036 3028 4088 ὅτι
3066 4035 3216 4087 κατὰ
3264 4034 3523 4102 ἄγνοιαν

1922 4121 2238 4190 ἐπράξατε.
2292 4120 2486 4186 καθὼς
2543 4122 2642 4174 καὶ
2688 4122 2741 4174 cl
2782 4121 3072 4188 ἄρχοντες
3119 4119 3307 4187 ὑμῶν.
3350 4121 3518 4173 Κατὰ

1923 4206 2173 4276 ἄγνοιαν
2222 4204 2541 4273 ἐπράξατε.
2574 4203 2690 4257 Μία
2739 4202 2878 4271 αῦτη
2922 4203 3217 4271 ἀπολογίαν
3258 4202 3507 4273 δευτέρα,

1925 4290 2130 4356 Καθὼς
2151 4289 2249 4344 καὶ
2275 4292 2328 4343 οί
2352 4288 2640 4358 ἄρχοντες
2663 4286 2844 4355 ὑμῶν.
2869 4286 3081 4356 Ὥσπερ
3113 4286 3141 4337 ό
3180 4285 3377 4355 Ἰωσὴφ
3397 4287 3511 4347 τοῖς

1922 4373 2169 4442 ἀδελφοῖς
2198 4372 2405 4440 ἔλεγεν,
2426 4372 2506 4424 ὅτι
2537 4372 2590 4423 '0
2615 4372 2757 4436 Θεός
2773 4386 2849 4438 με
2874 4369 3234 4422 ἀπέστειλεν
3250 4368 3512 4436 ἔμπροση

1923 4460 2027 4511 θεν
2057 4455 2256 4526 ὑμῶν⁸
2296 4455 2493 4527 μᾶλλον
2525 4454 2602 4515 δὲ,
2643 4454 2670 4506 ὃ
2716 4452 3161 4522 συνεσταλμένως
3190 4449 3340 4503 εἶπεν
3370 4452 3508 4514 ἐκεῖ,

1927 4539 2009 4608 Τῇ
2034 4540 2332 4608 ὡρισμένῃ
2348 4536 2554 4605 ,βουλῇ
2594 4537 2692 4591 καὶ
2724 4534 3057 4604 προγνώσει
3086 4534 3193 4589 τοῦ
3227 4533 3377 4587 Θεοῦ
3410 4533 3513 4586 ἐκ·

1922 4623 2100 4677 ὃοτον
2139 4624 2457 4687 λαϐόντες,
2499 4622 2655 4674 τοῦτο
2701 4620 2959 4673 πλατύνει
3019 4617 3272 4672 ἐνταῦθα.
3335 4618 3396 4670 '0
3439 4617 3508 4670 δὲ

1926 4706 2091 4773 Θεὸς,
2123 4705 2161 4759 ιῖ
2183 4705 2650 4774 προκατήγγειλε
2671 4704 2767 4757 διὰ
2804 4705 3102 4771 στόματος
3129 4701 3370 4754 πάντων
3389 4700 3513 4753 τῶν

1924 4788 2243 4859 προφητῶν
2264 4789 2475 4842 παθεῖν
2504 4790 2608 4841 τὸν
2637 4789 2893 4855 Χριστιῖν
2916 4785 3123 4847 αὑτοῦ,
3152 4782 3507 4849 ἐπλήρωσεν

1923 4874 2129 4939 οὕτως.
2168 4874 2319 4944 ’Ἅμα
2347 4873 2615 4926 δείκνυσιν
2648 4873 2694 4933 8,
2720 4874 2801 4924 ὅτι
2836 4870 2934 4921 ούκ
2961 4867 3184 4920 ἐκείνων
3212 4868 3382 4931 ἐστὶν,
3410 4867 3509 4920 ἐὰν

1922 4957 2081 5010 τοῦτο
2106 4957 2314 5029 δειχθῇ,
2347 4958 2438 5010 καὶ
2478 4958 2559 5009 ὅτι
2593 4956 2733 5007 κατὰ
2774 4952 2906 5004 Θεοῦ
2945 4950 3141 5021 βουλὴν
3166 4950 3377 5020 γέγονε,
3415 4950 3509 5022 Τῷ

1923 5041 1979 5094 δὲ
1999 5042 2193 5105 εἰπεῖν,
2222 5042 2281 5095 Ἀ
2314 5039 2797 5108 προκατήγγειλε,
2847 5036 2915 5089 τά
2942 5036 3182 5107 ῥήματα,
3221 5034 3256 5088 ἃ
3294 5036 3385 5087 ἐπ)⁸
3409 5034 3505 5089 τοῦ

1927 5126 2159 5197 σταυροῦ
2176 5126 2465 5188 ὠνείδιζον,
2487 5125 2801 5182 αἰνίττεται,
2826 5121 2888 5172 Εἰ
2910 5119 3051 5173 θέλει
3077 5119 3258 5182 αὑτὸν,
3278 5120 3505 5171 σωσάτω

1924 5210 2106 5274 αὐτὸν,
2131 5210 2399 5278 λέγοντες.
2432 5206 2561 5260 Εἱπε
2594 5206 2722 5276 γὰρ,
2762 5205 2889 5266 Υίὸς
2908 5204 3041 5256 Θεοῦ
3065 5204 3209 5272 είμιο
3246 5202 3511 5255 πέποιθεν

1925 5295 2011 5346 ἐπ’
2043 5294 2205 5347 αὐτόν
2229 5310 2243 5323 ·
2275 5290 2565 5346 καταϐάτω
2605 5288 2699 5341 νῦν
2744 5289 2851 5342 ἀπὸ
2886 5287 2979 5339 τοῦ
3021 5284 3275 5357 σταυροῦ.
3325 5285 3506 5354 Λῆρος

1923 5374 2039 5438 οὖν,
2075 5371 2119 5429 ὧ
2143 5375 2381 5446 ἀνόητοι,
2412 5373 2614 5434 ταῦτα;
2648 5372 2864 5439 Ἀπαγε
2889 5387 2902 5401 ⁸
2936 5370 3050 5423 ἀλλ’
3080 5369 3251 5431 οὕτως
3278 5369 3385 5421 ἔδει
3409 5384 3504 5433 γε-

1925 5461 2109 5514 νέσθαι
2133 5478 2145 5490 ·
2167 5460 2261 5513 καὶ
2296 5456 2665 5529 μαρτυροῦσιν
2691 5457 2741 5508 οἱ
2762 5455 3056 5526 προφῆται.
3087 5454 3249 5505 Ὥστε
3271 5453 3330 5504 ού
3355 5449 3505 5521 παρά

1924 5545 2130 5597 οἰκείαν
2146 5541 2435 5595 ἀσθένειαν
2454 5541 2515 5593 οὐ
2540 5539 2769 5610 κατέϐη,
2792 5538 2926 5591 ἀλλὰ
2947 5536 3096 5607 παρὰ
3122 5537 3369 5604 δύναμιν.
3394 5533 3505 5587 Καὶ

1925 5628 2136 5697 τίθησιν
2157 5626 2288 5679 αὐτὸ
2320 5627 2377 5677 ἐν
2396 5627 2547 5692 τάξει
2578 5624 2873 5691 ἀπολογίας
2895 5622 2996 5691 τῆς
3041 5621 3179 5690 ὑπὲρ
3214 5618 3502 5680 Ἰουδαίων,

1930 5711 2018 5764 ἵνα
2050 5712 2142 5763 καὶ
2168 5710 2443 5775 δέξωνται.
2485 5708 2848 5774 Ἐπλήρωσε,
2876 5705 3059 5774 φησὶν,
3080 5704 3285 5767 οὕτως.
3316 5701 3501 5772 ὐρᾷς,

1933 5794 2047 5867 [Π]
2084 5794 2200 5859 πῶς
2241 5795 2301 5848 τὸ
2338 5795 2445 5849 πᾶν
2482 5795 2598 5847 ἐκεῖ
2628 5793 2857 5859 civi-(st;
2909 5786 3327 5852 Μετανοήσατε
3367 5778 3504 5847 οὖν,

2005 5933 2119 6044 ιιΤὸ
2159 5936 2276 5985 αὐτὸ
2312 5936 2456 5985 deest
2496 5933 2543 5983 in
2589 5931 2897 5994 quibusdam.
2967 5930 2993 5970 ε
3018 5927 3114 5982 ,ιιῑι
3161 5926 3359 5988 δεικνῶς,
3403 5937 3509 5977 non

2005 6011 2086 6044 ιε.

1939 6010 2086 6047 male.
2141 6044 2149 6055 ,
