4022 6364
537 360 608 414 77
1289 359 1348 414 S.
1382 354 1672 413 JOAN‘NIS
1707 349 2196 411 CIIRYSOSTOMI
2237 354 2562 412 ARCHIEP.
2610 351 3162 411 CONSTANTINOP.
3699 353 3772 408 78

507 474 661 547 φησί,
700 475 797 530 καί
821 475 1222 544 ἐπιστρέψατε
1260 488 1307 528 ιι.
1350 474 1462 529 Kal
1495 474 1556 528 οὐ
1602 473 1772 543 λέγει,
1827 473 1962 526 Ἀπὸ
1981 471 2090 525 τῶν

508 556 795 628 ἁμαρτιῶν
825 558 1000 629 ὑμῶν,
1029 558 1165 622 ἀλλ’,
1202 560 1306 622 Εἰς
1354 555 1420 610 τὸ
1464 554 1892 626 ἐξαλειφθῆναι
1927 553 2094 625 ὑμῶν

441 689 446 692 .
509 642 618 706 τὰς
639 639 949 708 ἁμαρτίας,
972 640 1034 693 τὸ
1055 639 1187 692 αὐτὸ
1209 638 1403 710 δηλῶν.
1431 634 1564 691 Εἶτα
1582 639 1644 691 τὸ
1666 637 1854 710 κέρδος
1875 639 2090 704 ἐπάγει*

513 723 711 790 Ὅπως
725 723 802 777 ἂν
817 723 1034 778 ἔλθωσι
1055 722 1241 792 καιροί
1259 722 1615 791 ἀναψύξεως
1632 722 1751 776 ἀπὸ
1771 720 2096 789 προσώπου

508 807 617 862 τοῦ
666 807 909 875 Κυρίου.
959 806 1241 860 Δείκνυσιν
1293 805 1526 859 ἐνταῦθα
1576 805 2099 876 ταλαιπωρηθέντας

511 891 730 952 αὐτοὺς,
759 890 851 943 καὶ
872 889 1084 952 πολλοῖς
1117 887 1594 959 κατεργασθέντας
1631 890 1843 951 κακοῖς.
1894 887 1984 939 Διὸ
2007 887 2099 939 καὶ

510 972 683 1036 οὕτως
713 967 885 1035 εἶπεν,
928 971 1084 1036 εἰδὼς
1115 972 1200 1025 ὅτι
1236 973 1374 1044 πρὸς
1423 973 1516 1024 τὸν
1555 971 1834 1041 πάσχοντα
1871 973 1965 1024 καὶ
1994 989 2098 1024 πα-

513 1056 787 1131 ραμυθίαν
810 1054 1078 1122 ζητοῦντα
1103 1048 1260 1119 οὗτος
1292 1057 1358 1109 ἂν
1382 1055 1671 1127 ἀρμόσειεν
1695 1057 1722 1107 6
1743 1054 1919 1123 λόγος.

584 1140 651 1209 β’.
675 1139 783 1192 Kal
803 1139 924 1210 δρα,
959 1137 1077 1201 πῶς
1102 1137 1204 1209 ὁδῷ
1228 1138 1531 1208 προϐαίνει.
1561 1140 1648 1191 Ἐν
1683 1140 1781 1208 μὲν
1813 1140 1878 1208 τῇ
1909 1135 2097 1208 πρώτῃ

509 1221 821 1294 δημηγορίᾳ
846 1221 1030 1294 ἡρέμα
1062 1221 1161 1291 τὴν
1200 1222 1496 1275 ἀνάστασιν
1527 1221 1621 1274 καὶ
1646 1225 1746 1294 τὴν
1786 1224 1843 1274 ἐν
1885 1222 2100 1293 οὐρανῷ

510 1309 727 1364 κάθισιν
747 1308 998 1379 ᾐνίξατο·
1030 1305 1262 1360 ἐνταῦθα
1299 1307 1355 1359 δέ
1387 1306 1483 1360 καὶ
1507 1309 1604 1378 τὴν
1639 1307 1858 1378 ἐμφανῆ
1895 1324 2099 1378 παρου-

513 1393 657 1447 σίαν.
689 1392 800 1445 Καὶ
841 1390 1177 1457 ἀποστείλῃ
1220 1389 1330 1443 τὸν
1352 1390 1926 1459 προκεχειρισμένον
1988 1391 2101 1456 Ἰση-

511 1477 668 1532 σοῦν
694 1475 977 1545 Χριστὸν,
998 1474 1072 1529 ὃν
1105 1473 1202 1527 δεῖ
1219 1474 1482 1543 οὐρανὸν
1499 1475 1617 1543 μὲν
1636 1474 1925 1538 δέξασθαι
1941 1489 1954 1502 ⁸
1979 1473 2100 1526 ἀντὶ

509 1562 630 1628 τοῦ,
662 1561 876 1630 ἀνάγκη
908 1559 1082 1612 ἐστίν·
1111 1558 1249 1628 ἄχρι
1290 1560 1526 1628 χρόνων
1552 1557 2099 1624 ἀποκαταστάσεως

510 1644 776 1699 πάντων.
806 1643 960 1696 Διατί
989 1643 1084 1695 νῦν
1109 1643 1209 1695 οὐκ
1248 1640 1470 1713 ἔρχεται
1493 1681 1508 1704 ,
1549 1643 1583 1714 ἠ
1616 1642 1766 1695 αἰτία
1795 1641 1952 1713 δήλη.
1990 1637 2100 1696 Ὧν

510 1728 800 1797 ἐλάλησε,
829 1728 1016 1798 φησὶν,
1050 1730 1084 1781 o’
1114 1726 1259 1793 Θεὸς
1292 1725 1391 1780 διὰ
1433 1727 1730 1797 στόματος
1758 1725 1876 1780 τῶν
1915 1727 2100 1796 ἁγίων

511 1813 699 1868 αὐτοῦ
717 1811 1039 1882 προφητῶν
1061 1810 1177 1865 τῶν
1195 1809 1545 1877 ἀπἀἰῶνος.
1562 1809 1785 1876 Μωσῆς
1796 1809 1912 1880 μὲν
1930 1810 2100 1863 εἶπεν

509 1901 662 1968 πρὸς
692 1900 830 1966 τοὺς
861 1898 1140 1966 πατέρας,
1178 1897 1267 1951 ὅτι
1294 1897 1630 1967 Προφήτην
1654 1898 1798 1966 ὑμῖν
1829 1897 2097 1964 ἀναστήο

512 1999 609 2038 σει
631 1984 852 2051 Κύριος
873 1985 905 2036 ό
924 1982 1066 2047 Θεὸς
1093 1979 1262 2050 ὑμῶν
1282 1980 1351 2034 ἐκ
1385 1979 1504 2034 τῶν
1531 1979 1814 2050 ἀδελφῶν
1837 1980 2000 2050 ὑμῶν
2019 1982 2098 2047 ὠς

511 2067 642 2136 ἐμέ·
674 2064 861 2120 αὑτοῦ
900 2065 1239 2118 ἀκούσεσθε
1281 2064 1431 2119 κατὰ
1459 2062 1658 2117 πάντα
1677 2104 1690 2122 .
1733 2065 1851 2118 ὅσα
1880 2063 1956 2118 ἂν
1991 2068 2100 2119 λα·
2128 2090 2130 2093 ·

511 2149 678 2218 λήσῃ
705 2149 854 2219 πρὸς
877 2145 1053 2218 ὑμᾶς.
1089 2149 1235 2201 Ἐκεῖ
1256 2147 1285 2188 ὶι
1319 2147 1418 2219 μέν
1447 2146 1542 2200 τοῦ
1570 2146 1734 2200 Δαυῒδ
1763 2148 2100 2218 ἐμνημόνευεν

515 2251 628 2298 σεν,
657 2233 888 2288 ἐνταῦθα
925 2233 980 2286 δέ
1015 2232 1276 2296 Μωσέως.
1311 2231 1584 2295 Πάντων,
1605 2233 1771 2302 φησὶν
1795 2272 1810 2297 ,
1848 2226 1935 2285 ὧν
1961 2231 2099 2286 ἐλά-

512 2323 709 2386 λησεν
733 2321 765 2372 ὀ
799 2320 963 2384 Θεός.
1003 2318 1076 2371 Οὐ
1099 2315 1269 2384 λέγει,
1299 2311 1399 2370 Ὧν
1430 2311 1582 2369 εἶπεν
1616 2319 1644 2370 6
1682 2316 1936 2388 Χριστὸς,
1960 2317 2095 2383 ἀλλ’,

511 2397 622 2455 Ὧν
641 2401 949 2468 ἐλάλησεν
972 2404 1004 2455 ὀ
1035 2400 1197 2467 Θεὸς,
1225 2399 1307 2452 ἔτι
1331 2399 1409 2470 τῷ
1445 2401 1757 2464 συσκιάζειν
1780 2400 1978 2471 μᾶλλον
2002 2401 2098 2453 αὐ-

511 2487 638 2552 τοὺς
656 2485 996 2556 ἐπαγόμενος
1022 2485 1102 2546 εἰς
1133 2484 1316 2536 πίστιν
1348 2483 1553 2554 ἡρέμα.
1583 2479 1718 2537 Εἶτα
1746 2484 1837 2536 ἐπὶ
1871 2485 1931 2536 τὸ
1955 2484 2098 2549 ἀξιό-

512 2585 702 2624 πιστον
722 2567 1075 2638 καταφεύγει,
1102 2567 1277 2635 λέγων
1299 2583 1310 2594 ⁸
1335 2565 1659 2635 Προφήτην
1676 2567 1817 2637 ὑμῖν
1837 2567 2098 2635 ἀναστή-

510 2668 609 2705 σει
632 2652 848 2718 Κύριος
869 2653 902 2703 ό
934 2649 1078 2715 Θεὸς
1100 2650 1168 2702 ἐκ
1209 2647 1327 2701 τῶν
1348 2649 1631 2718 ἀδελφῶν
1665 2649 1830 2718 ὑμῶν
1862 2651 1942 2714 ὠς
1960 2651 2064 2718 ἐμέ
2081 2664 2096 2680 ⁸

512 2733 700 2787 αὐτοῦ
721 2733 1061 2787 ἀκούσεσθε
1085 2734 1235 2785 κατὰ
1255 2731 1472 2785 πάντα.
1503 2728 1636 2786 Εἶτα
1665 2733 1760 2784 καὶ
1791 2733 1824 2802 ή
1858 2734 2098 2803 τιμωρία

516 2816 708 2887 πολλή.
744 2817 953 2870 Ἔσται
978 2814 1066 2877 δὲ,
1094 2816 1246 2885 φησὶ,
1279 2813 1448 2871 πᾶσα
1475 2815 1670 2883 ψυχὴ,
1724 2815 1857 2882 ἥτις
1903 2815 1980 2869 ἂν
2009 2817 2096 2886 μὴ

513 2901 751 2971 ἀκούσῃ
773 2900 880 2954 τοῦ
905 2899 1214 2968 προφήτου
1240 2898 1497 2960 ἐκείνου,
1527 2899 2100 2967 ἐξολοθρευθήσεται

513 2984 582 3038 ἐκ
615 2983 723 3038 τοῦ
759 2983 931 3038 λαοῦ.
961 2982 1069 3036 Καὶ
1093 2979 1315 3047 πάντες
1339 2981 1407 3034 δὲ
1428 2985 1482 3035 οἱ
1511 2980 1949 3050 apag-ﬁrmam)
1983 2986 2099 3036 Σα-

509 3068 715 3138 μουὴλ
736 3065 968 3121 καὶτῶν
989 3064 1250 3133 καθεξῆς
1266 3065 1400 3119 ὅσοι
1419 3064 1735 3132 ἐλάλησαν
1754 3066 1853 3120 καί
1881 3066 2100 3136 κατήγο

512 3156 722 3223 τειλαν
753 3152 861 3218 τὰς
907 3151 1132 3221 ἡμέρας
1171 3150 1412 3214 ταύτας.
1475 3149 1738 3203 Ἐνταῦθα
1781 3150 1963 3214 καλῶς
2009 3151 2099 3205 τὸν

513 3237 733 3310 ὄλεθρον
758 3237 953 3306 έθηκεν
987 3246 1033 3288 ο.
1070 3235 1239 3290 Ὅταν
1265 3235 1374 3304 γάρ
1393 3252 1446 3287 τι
1472 3235 1603 3306 λέγῃ
1639 3234 1803 3306 μέγα,
1855 3236 1947 3288 ἐπὶ
1973 3239 2098 3301 τοὺς

516 3320 766 3394 πρώτους
791 3317 1146 3389 καταφεύγει.
1171 3319 1282 3371 Kal
1306 3317 1609 3388 μαρτυρίαν
1630 3312 1786 3389 εὗρεν
1811 3319 2100 3390 ἀμφότερα

513 3405 766 3476 ιχουσαν,
783 3403 968 3474 ῶσπερ
985 3402 1103 3455 ἐκεῖ
1118 3398 1268 3454 εἶπεν
1283 3418 1296 3430 ⁸
1316 3401 1470 3466 ’Έως
1495 3399 1572 3453 ἂν
1589 3399 1664 3469 θῇ
1685 3400 1827 3468 τοὺς
1849 3401 2099 3470 ἐχθροὺς

514 3489 632 3546 ὑπὸ
656 3488 799 3553 τοὺς
827 3487 1016 3552 πόδας
1032 3485 1240 3540 αὑτοῦ.
1272 3485 1344 3537 Τὸ
1364 3485 1471 3556 γὰρ
1495 3485 1832 3556 θαυμαστὸν,
1855 3487 1935 3540 ὅτι
1960 3486 2096 3556 ὁμοῦ

515 3572 586 3624 τά
621 3570 736 3633 δύο,
771 3571 865 3623 καὶ
919 3568 1167 3639 ὑποταγὴ
1201 3570 1294 3622 καὶ
1327 3568 1602 3640 παρακοὴ,
1639 3570 1790 3640 καὶὴ
1835 3569 2095 3641 τιμωρία.

527 3654 622 3719 Ὡς
643 3653 766 3722 ἐμὲ,
791 3652 944 3724 φησί.
972 3651 1036 3703 Τί
1063 3652 1240 3705 τοίνυν
1270 3651 1522 3705 πτοεῖσθε
1545 3671 1560 3720 ;
1597 3653 1792 3722 Ὑμεῖς
1819 3654 1959 3707 ἐστε
1978 3655 2096 3707 υίοί

517 3739 636 3794 τῶν
651 3736 1162 3807 προφητῶν-,Ὥστε
1182 3739 1308 3808 ὑμῖν
1325 3738 1532 3807 ἔλεγον,
1553 3741 1647 3792 καὶ
1666 3740 1732 3793 δι’
1753 3740 1896 3810 ὑμᾶς
1918 3740 2096 3793 πάντα

516 3823 758 3890 γέγονεν.
779 3820 994 3891 Ἐπειδὴ
1016 3820 1124 3891 γὰρ
1143 3821 1300 3874 διὰτὸ
1322 3821 1579 3892 τόλμημα
1602 3822 1847 3892 ἐνόμιζον
1870 3823 2096 3886 ἑαυτοὺς

515 3905 905 3978 ἠλλοτριῶσθαι
951 3904 1068 3971 (καὶ
1110 3904 1219 3975 γάρ
1250 3905 1352 3958 οὐκ
1391 3904 1502 3976 ἔχει
1541 3905 1698 3973 λόγον
1727 3905 1754 3945 ἀ
1786 3905 1876 3960 τὸν
1907 3905 2093 3971 αὑτὸν,

516 3989 612 4046 νῦν
635 3991 734 4060 μὲν
752 3988 1133 4060 σταυροῦσθαι,
1158 3988 1252 4042 νῦν
1278 3989 1333 4042 δέ
1354 3990 1429 4054 ὡς
1459 3990 1691 4055 οἰκείους
1720 3991 2090 4063 θεραπεύειν),

515 4075 806 4136 δείκνυσιν,
825 4073 907 4126 ὅτι
935 4074 1028 4126 καὶ
1053 4074 1228 4127 ἐκεῖνο
1245 4075 1385 4127 κατά
1399 4075 1734 4146 προφητείαν
1753 4117 1768 4141 ,
1795 4075 1890 4130 καὶ
1913 4075 2090 4131 τοῦτο.

528 4157 726 4227 Ὑμεῖς
751 4158 911 4220 ἐστε,
948 4157 1131 4225 φησιν,
1165 4157 1282 4210 υἱοὶ
1309 4156 1428 4209 τῶν
1456 4157 1806 4226 προφητῶν,
1851 4159 1949 4212 καὶ
1984 4158 2095 4227 τῆς

515 4241 828 4308 διαθήκης,
877 4235 953 4309 ἧς
1000 4239 1226 4293 διέθετο
1254 4242 1286 4294 ό
1317 4239 1460 4306 Θεὸς
1494 4240 1645 4309 πρὸς
1666 4241 1806 4308 τοὺς
1837 4243 2094 4311 πατέρας

518 4322 706 4393 ὑμῶν,
737 4321 930 4392 λέγων
964 4324 1114 4390 πρὸς
1146 4321 1416 4392 Ἁϐραὰμ⁸
1445 4323 1556 4376 Καὶ
1593 4324 1663 4376 ἑν
1688 4323 1769 4391 τῷ
1803 4327 2096 4394 σπέρματί

517 4422 634 4462 σου
685 4406 1199 4475 εὐλογηθήσονται
1232 4405 1419 4461 πᾶσαι
1445 4409 1504 4461 αἱ
1540 4408 1776 4475 πατριαὶ
1818 4409 1929 4479 τῆς
1959 4411 2092 4482 γῆς.

529 4489 702 4559 ’Υμῖν
725 4488 980 4556 πρῶτον,
1005 4491 1190 4559 φησιν,
1215 4492 1247 4542 ό
1272 4489 1416 4556 Θεὸς
1441 4491 1798 4558 ἀναστήσας
1824 4493 1931 4546 τὸν
1952 4496 2096 4549 Παῖ-

517 4573 594 4627 δα
622 4573 809 4628 αὑτοῦ
847 4572 1232 4628 ἀπέστειλεν.
1264 4575 1405 4645 ’Ἄρα
1432 4576 1524 4628 καὶ
1552 4575 1757 4646 ἑτέροις
1781 4593 1794 4607 ⁸
1827 4577 1939 4630 ἀλλ’
1967 4581 2097 4650 ὑμῖν

523 4658 734 4728 πρῶτον
753 4659 865 4719 τοῖς
895 4655 1292 4726 σταυρώσασιν.
1318 4659 1706 4726 Εὑλογοῦντα
1726 4659 1900 4729 ὑμᾶς,
1921 4663 1990 4714 ἐν
2018 4661 2098 4727 τῷ

517 4738 920 4807 ἀποστρέφειν
943 4739 1204 4794 ἕκαστον
1231 4740 1350 4793 ἀπὸ
1382 4740 1498 4793 τῶν
1529 4741 1847 4810 πονηριῶν.
1875 4744 2097 4816 Ἷδωμεν

518 4823 576 4875 δέ
599 4822 988 4892 ἀκριὸέστερον
1021 4822 1227 4876 ἀνωθεν
1248 4823 1316 4876 τὰ
1354 4825 1789 4892 ἀναγνωσθέντα.
1825 4827 1973 4891 Τέως
1996 4845 2098 4881 κα-

519 4905 841 4968 τασκευάζει
865 4946 880 4969 ,
933 4905 1015 4957 ὅτι
1047 4907 1200 4958 αὐτοὶ
1229 4916 1252 4944 θ
1285 4907 1547 4974 ἐποίησαν
1594 4909 1654 4961 τὸ
1703 4908 1886 4980 θαῦμα
1922 4914 1977 4963 ἐν
2022 4909 2098 4980 τῷ

521 4990 717 5040 εἰπείνο
743 4986 860 5058 [7'2]
887 4989 946 5040 Τί
973 4987 1292 5056 θαυμάζετε
1311 5005 1328 5052 ;
1349 4991 1459 5043 Kal
1484 4991 1582 5044 οὐκ
1598 4991 1823 5062 ἀφίησιν
1849 4995 2099 5046 ἀπιστεῖ-

523 5071 648 5123 σθαι
673 5071 733 5125 τὸ
749 5072 909 5140 λεγόμ
921 5087 1058 5124 ενον.
1084 5073 1193 5124 Καὶ
1214 5073 1300 5125 ἵνα
1323 5073 1763 5146 ἀξιοπιστότερον
1788 5077 1918 5132 αὐτὸ
1947 5079 2101 5148 ποιή-

522 5169 611 5223 σῃ,
639 5153 1154 5224 προκαταλαμϐάνει
1173 5156 1352 5208 αὐτῶν
1371 5158 1469 5227 τὴν
1490 5159 1670 5229 κρίσιν
1693 5176 1705 5188 ⁸
1742 5159 1922 5228 Ἡμῖν,
1945 5162 2097 5230 φησὶ,

521 5239 578 5290 τί
605 5236 915 5301 ἀτενίζετε,
945 5239 1028 5305 ὠς
1057 5238 1176 5306 ἰδίᾳ
1204 5239 1454 5310 δυνάμει
1478 5243 1514 5309 ἣ
1546 5245 1822 5310 εὐσεϐείᾳ
1848 5260 2098 5310 πεποιη-

520 5321 726 5383 κόσιν-ς
759 5322 820 5374 Εἰ
844 5321 1003 5374 τοῦτο
1035 5323 1178 5392 ὑμᾶς
1202 5326 1456 5393 ταράττει
1483 5327 1576 5378 καὶ
1605 5327 1840 5396 θορυϐεῖ,
1876 5328 2097 5395 μάθετε,

518 5405 602 5467 τίς
628 5407 656 5458 6
683 5406 936 5476 ποιήσας,
971 5407 1064 5460 καὶ
1098 5407 1172 5478 μὴ
1198 5408 1588 5479 ἐκπλήττεσθε.
1622 5411 1730 5462 Kal
1768 5411 1868 5480 ὅρα
1894 5429 2098 5464 παντα-

520 5488 638 5558 χοῦ,
669 5490 751 5542 ὅτι
781 5492 874 5546 ἐπὶ
903 5491 992 5544 τὸν
1014 5490 1145 5543 Θεὸν
1168 5493 1296 5544 ὅταν
1331 5491 1670 5565 καταφεύγῃ.
1697 5499 1791 5550 καὶ
1816 5497 1944 5569 εἴπῃ
1968 5498 2096 5566 παρ’

519 5571 680 5625 αὑτοῦ
710 5574 954 5641 γίνεσθαι
978 5575 1173 5639 πάντα,
1203 5575 1322 5627 τότε
1347 5575 1515 5638 ἀδεῶς
1544 5579 1726 5641 αὐτοῖς
1755 5581 2092 5649 ἐπιπλήττει.

583 5738 610 5765 ³³
631 5735 1211 5805 λ’ᾼςιιρσκιρἐψατεμΜιιιιιις.⁵
1231 5739 1497 5805 σξιρτὶιιυβ
1525 5739 1683 5805 ‘Edili.
1710 5740 1932 5790 Alterum
1967 5758 2094 5805 pra--

519 5796 644 5866 pem.
823 5796 1056 5866 ’ρὶλῐῐιυ-Ιιί
1091 5799 1230 5866 (εοςίό.
1269 5796 1432 5866 Eum:
1460 5800 1720 5866 _l'_0ui(!:u_n
1757 5806 1951 5852 codicps
1970 5796 2094 5866 ’προς

518 5861 654 5931 {aldi-
697 5860 832 5931 Τότεί
903 5862 924 5889 C
949 5859 1089 5931 Allll-S
1120 5862 1337 5931 τέθεικεν.
1405 5859 1428 5930 ιί
1460 5862 1589 5908 me,”
1624 5864 1985 5925 ᾔλοτριὼσυων
2013 5859 2092 5916 id;

521 5920 607 5965 οὐκ
631 5920 752 5981 ἔχειν
776 5922 930 5980 λόγον.
955 5983 964 5986 Α
1003 5921 1332 5986 υγιρκριιάιηιι
1375 5922 1568 5986 νίιίιιιιιι·
1600 5925 1671 5970 ὅτι
1707 5920 1794 5971 οὐκ
1819 5920 1984 5986 αὐτοί,⁷
2003 5943 2091 5980 nc-

521 5989 818 6045 guulemquc
841 5983 1128 6044 particulam
1164 5986 1408 6043 expressit
1443 5984 1682 6035 Erasmus.
1711 5988 1840 6038 Enn.

2199 473 2298 527 Διά
2331 475 2489 529 τοῦτο
2519 475 2614 528 καὶ¹
2641 472 2900 545 ἀνωτέρω
2929 472 3116 541 ἔλεγεν
3139 511 3155 535 ,
3213 470 3425 539 Ἄνδρα
3471 469 3778 525 ἀποδεδει-

2196 557 2419 627 γμένον
2439 557 2558 614 ἀπὸ
2591 557 2739 612 Θεοῦ
2771 560 2859 623 είς
2900 555 3078 626 ὑμᾶς.
3109 557 3220 610 Kal
3258 554 3534 626 πανταχοῦ
3581 556 3778 624 ἀναμι-

2204 643 2433 711 μνήσκει
2461 641 2660 705 αὐτοὺς
2682 641 2776 694 τοῦ
2809 641 3158 712 τολμήματος
3181 681 3195 702 ,
3233 641 3318 693 ἵνα
3342 640 3437 694 καὶ
3480 639 3541 692 τὸ
3593 638 3780 708 θαῦμα

2199 725 2408 797 δειχθῇ,
2433 727 2526 780 καὶ
2555 727 2588 798 ἡ
2617 725 2915 789 ἀνάστασις
2971 725 3212 796 κυρωθῇ.
3259 722 3527 777 Ἐνταῦθα
3571 722 3630 775 δὲ
3683 723 3780 775 καὶ

2196 807 2324 862 ἄλλο
2367 809 2741 880 προσέθηκεν·
2798 809 2898 862 οὐκ
2950 809 3030 861 ἔτι
3064 807 3172 879 γὰρ
3227 806 3547 876 Ναζωραῖον
3603 803 3778 872 λέγει,

2195 890 2332 945 ἀλλὰ
2359 893 2413 944 τί
2433 910 2446 957 ;
2491 892 2552 945 ὐ
2583 891 2748 958 Θεὸς,
2788 892 2941 962 φησι.
2970 889 3092 943 τῶν
3137 889 3407 958 πατέρων
3448 888 3616 958 ήμῶν
3644 889 3782 944 ἐδό-

2197 973 2349 1037 ξασε
2381 975 2489 1027 τὸν
2535 974 2721 1029 Παῖδα
2754 974 2939 1028 αὑτοῦ
2977 973 3230 1040 Ἰησοῦν.

2268 1057 2410 1129 Ὀρα
2438 1059 2532 1110 καὶ
2559 1059 2618 1111 τὸ
2649 1057 2872 1127 ἄτυφον.
2925 1057 3039 1110 οὐκ
3070 1055 3411 1115 ἐνεκάλεσεν,
3456 1055 3577 1108 οὐδέ
3627 1052 3782 1107 εἶπεν

2196 1141 2432 1204 εὐθέως·
2471 1141 2576 1196 Kal
2597 1141 2690 1195 νῦν
2717 1141 3029 1196 πιστεύετε·
3064 1141 3171 1193 ἰδοὺ
3200 1139 3485 1210 ἄνθρωπος
3513 1137 3784 1209 τεσσαρά-

2197 1243 2363 1279 κοντα
2397 1225 2490 1295 ἐτη
2525 1226 2694 1298 χωλὸς
2719 1225 2816 1291 ὢν,
2839 1227 2897 1278 ἐν
2930 1225 3006 1296 τῷ
3047 1225 3271 1294 ὀνόματι
3318 1223 3494 1293 Ἰησοῦ
3537 1221 3780 1294 Χριστοῦ

2196 1308 2416 1379 ἀνέστη.
2460 1309 2573 1379 Οὐχ
2627 1309 2798 1372 οὕτως
2832 1305 3019 1362 εἶπεν·
3073 1305 3531 1377 φιλονεικοτέρους
3572 1305 3681 1375 γάρ
3714 1305 3783 1358 ἂν

2197 1391 2454 1462 ἐποίησεν
2474 1409 2486 1422 ·
2521 1391 2658 1446 ἀλλά
2690 1391 3055 1455 τέωςιαύτοίις
3083 1392 3326 1452 ἐπαινεῖ,
3355 1391 3438 1442 ὃτι
3470 1388 3782 1460 ἐθαύμαζον

2195 1475 2257 1528 τὸ
2278 1476 2665 1546 γεγενημένον.
2697 1477 2807 1529 Kal
2832 1475 2993 1530 πάλιν
3041 1475 3150 1528 ἀπὸ
3177 1473 3271 1526 τοῦ
3306 1473 3572 1544 προγόνου
3601 1473 3780 1526 καλεῖ.

2198 1561 2309 1612 Kal
2340 1559 2401 1613 οὐ
2426 1560 2593 1629 λέγει,
2611 1560 2668 1614 ὐ
2703 1559 2912 1632 Ἰησοῦς
2940 1559 3100 1614 αὐτὸν
3133 1558 3492 1631 ἐθεράπευσε·
3517 1557 3699 1612 καίτοι
3717 1573 3784 1626 γε

2195 1644 2357 1708 αὐτὸς
2380 1645 2541 1698 αὑτὸν
2574 1644 2939 1716 ἐθεράπευσεν
2960 1660 2973 1674 ⁸
2996 1642 3135 1706 ἀλλ’,
3168 1643 3255 1696 ἵνα
3309 1641 3382 1713 μὴ
3410 1641 3634 1708 λέγωσι,
3673 1641 3786 1696 Kal

2197 1728 2312 1790 πῶς
2337 1727 2450 1798 ἔχει
2474 1727 2649 1781 ταῦτα
2675 1727 2852 1796 λόγον,
2883 1727 2931 1780 εί
2957 1726 3048 1780 τὸν
3076 1726 3393 1796 παράνομον
3418 1723 3662 1789 δοξάζει;
3695 1721 3786 1777 διά

2195 1810 2354 1864 τοῦτο
2381 1810 2576 1873 αὐτοὺς
2601 1811 3010 1880 ἀναμιμνήσκει
3033 1808 3134 1879 τῆς
3155 1808 3390 1880 κρίσεως
3417 1807 3516 1878 τῆς
3556 1808 3650 1860 ἐπί
3685 1807 3786 1858 Πι-

2196 1894 2380 1958 λάτου,
2407 1895 2644 1958 δεικνὺς,
2680 1896 2763 1948 ὅτι
2821 1897 2868 1948 εί
2921 1893 3126 1947 θέλοιεν
3176 1893 3484 1964 προσέχειν,
3515 1892 3616 1946 οὐκ
3663 1891 3786 1945 ἔστι

2197 1979 2514 2050 παράνομος
2533 1996 2547 2010 ⁸
2581 1980 2639 2032 οὐ
2662 1979 2771 2049 γὰρ
2788 1977 2852 2031 ἂν
2870 1979 2898 2030 6
2920 1976 3151 2040 Πιλᾶτος
3180 1975 3442 2045 ἠθέλησεν
3463 1974 3623 2029 αὐτὸν
3645 1975 3788 2027 ἀπο-

2195 2062 2375 2118 λῦσαι.
2411 2061 2516 2118 Καὶ
2547 2065 2649 2117 οὐκ
2677 2058 2823 2122 εἷπε,
2862 2061 3220 2132 Θελήσαντος,
3263 2058 3418 2122 ἀλλὰ,
3453 2059 3788 2128 Κρίναντος

2194 2145 2431 2200 ἐκείνου
2462 2146 2754 2201 ἀπολύειν
2777 2161 2790 2175 ⁸
2825 2143 3021 2213 δηλῶν,
3044 2144 3126 2196 ὃτι
3154 2143 3245 2195 τὸν
3283 2143 3381 2212 μὲν
3407 2143 3626 2212 ἐτέρους
3656 2143 3788 2195 ἀνε-

2195 2228 2354 2282 λόντα
2384 2229 2626 2300 ᾐτήσατε
2666 2228 2954 2299 ἀφεθῆναι,
3017 2227 3106 2280 τὸν
3157 2227 3212 2280 δέ
3249 2227 3376 2289 τοὺς
3403 2226 3789 2299 ἀνῃρημένους

2196 2310 2564 2380 ζωογονοῦντα
2583 2312 2683 2366 οὐκ
2717 2312 3035 2382 ἠθελήσατε.
3066 2310 3176 2363 Kal
3204 2311 3289 2363 ἵνα
3323 2310 3398 2381 μὴ
3432 2309 3630 2377 λέγωσι
3671 2311 3788 2362 πά-

2196 2394 2301 2460 λιν,
2321 2395 2443 2456 Πῶς
2468 2394 2561 2447 νῦν
2578 2394 2740 2447 αὑτὸν
2763 2394 2976 2460 δοξάζει
3001 2396 3029 2446 6
3057 2394 3177 2448 τότε
3203 2392 3279 2464 μὴ
3303 2392 3575 2462 βοηθήσας
3597 2407 3614 2457 ;
3639 2409 3788 2462 παρ-

2196 2480 2389 2547 άγουσι
2412 2479 2539 2542 τοὺς
2569 2481 2852 2549 προφήτας
2881 2478 3310 2549 μαρτυροῦντας,
3341 2479 3423 2530 ὅτι
3450 2476 3622 2540 οὕτως
3669 2476 3787 2530 ἔδει

2197 2563 2474 2632 γενέσθαι.
2507 2561 2659 2629 Εἶτα,
2697 2564 2784 2616 ἵνα
2815 2563 2888 2632 μὴ
2918 2563 3181 2632 νομίσωσι
3216 2561 3310 2614 τοῦ
3333 2561 3468 2615 Θεοῦ
3499 2563 3601 2633 τὴν
3636 2562 3789 2613 οἰκος

2196 2649 2386 2718 νομίαν
2416 2647 2712 2716 ἀπολογίαν
2750 2649 2928 2701 αὐτῶν
2951 2643 3112 2709 εἶναι,
3145 2647 3408 2718 πρότερον
3437 2647 3616 2699 αὐτῶν
3649 2648 3790 2701 καθ-

2199 2736 2452 2786 άπτεται.
2483 2721 2592 2783 Kal
2622 2730 2682 2783 τὸ
2719 2730 2862 2784 κατὰ
2895 2731 3184 2801 πρόσωπον
3217 2729 3273 2782 δέ
3323 2729 3554 2782 Πιλάτου
3614 2731 3787 2803 ἀρνήο

2200 2816 2418 2879 σασθαι,
2450 2816 2550 2868 οὐκ
2581 2810 2648 2886 ἦν
2681 2815 2739 2867 τὸ
2773 2813 2951 2884 τυχὸν,
2977 2813 3183 2866 ἐκείνου
3223 2813 3548 2884 βουλομένου
3580 2815 3790 2868 ἀπολῦ-

2201 2917 2289 2952 σαι
2309 2917 2320 2928 ⁸
2355 2901 2450 2953 xal
2481 2900 2561 2953 ὃτι
2590 2900 2650 2951 οὐ
2673 2899 2893 2952 δυνατὸν
2935 2899 3062 2967 ὑμῖν
3086 2897 3443 2969 ἀρνήσασθαι,
3485 2900 3790 2969 κατηγορεῖ

2196 2985 2224 3036 6
2251 2984 2495 3054 αἰτηθεὶς
2527 2985 2642 3037 ἀντ’
2677 2982 2862 3036 αὐτοῦ.
2916 2981 3073 3034 Οὕτω
3118 2980 3397 3034 καὶτοῦτο
3428 2980 3448 3019 ί
3498 2982 3789 3051 οἰκονομία

2200 3067 2411 3140 μεγάλη
2435 3063 2521 3138 ἦν.
2573 3065 2837 3119 Ἐνταῦθα
2877 3064 2975 3136 τὴν
3019 3065 3404 3134 ἀναισχυντίαν
3442 3065 3622 3118 αὐτῶν
3667 3064 3787 3118 δεί-

2198 3170 2354 3207 κνυσι
2388 3153 2481 3205 καὶ
2508 3152 2606 3220 τὴν
2638 3151 2967 3220 ἰταμότητα⁸
2996 3149 3089 3202 καὶ
3121 3151 3204 3202 ὃτι
3230 3150 3259 3201 6
3294 3149 3393 3218 μὲν
3441 3148 3644 3218 Ἕλλην
3681 3150 3788 3202 καὶ

2201 3239 2360 3309 μόνον
2394 3237 2513 3290 τότε
2573 3236 2788 3306 πρῶτον
2823 3233 2984 3288 αὑτὸν
3033 3232 3176 3296 ἰδὼν,
3231 3231 3540 3302 ἀπήλλαξεν
3591 3233 3785 3296 αὑτὸν,

2198 3321 2376 3376 καίτοι
2427 3337 2491 3390 γε
2521 3319 2670 3373 οὐδὲν
2719 3320 2860 3390 μέγα
2906 3316 3142 3379 ἀκούσας
3163 3333 3177 3347 ⁸
3207 3318 3254 3369 οἰ
3287 3315 3344 3368 δὲ
3369 3318 3479 3379 τοῖς
3529 3315 3788 3386 σημείοις

2199 3406 2641 3476 συντρεφόμενοι,
2674 3403 2736 3455 τὸ
2765 3403 3008 3456 ἐναντίον
3033 3401 3417 3470 πεποιήκασιν.
3453 3399 3576 3453 Ὀτι
3607 3399 3665 3452 δὲ
3694 3399 3787 3453 δι⁴

2197 3491 2369 3553 καίως
2401 3489 2613 3559 ἔκρινεν
2646 3488 2853 3549 ἐκεῖνος
2901 3484 3177 3542 ἀπολύειν.
3235 3485 3328 3536 καὶ
3359 3483 3420 3536 οὐ
3445 3482 3588 3536 κατὰ
3618 3484 3787 3554 χάριν

2195 3574 2354 3627 τοῦτο
2377 3572 2590 3634 ἐποίει,
2636 3569 2800 3622 ἄκουε
2840 3567 3003 3621 αὐτοῦ
3043 3565 3274 3637 ἀλλαχοῦ
3302 3566 3582 3635 λέγοντος·
3617 3567 3788 3631 Ἔθος

2197 3667 2325 3735 ὑμῖν
2355 3666 2502 3716 ἐστιν
2541 3661 2797 3715 ἀπολύειν
2837 3660 2934 3712 ἕνα
2967 3659 3119 3712 τινά·
3168 3657 3380 3712 Θέλετε
3417 3652 3531 3713 οὖν
3562 3659 3789 3714 τοῦτον

2195 3748 2482 3803 ἀπολύσω
2511 3743 2683 3812 ὺμῖν;
2723 3741 2921 3811 Ὑμεῖς
2943 3741 3008 3795 δὲ
3050 3740 3157 3794 τὸν
3183 3741 3353 3810 ἅγιον
3410 3741 3505 3794 καί
3543 3740 3790 3797 δίκαιον

2192 3830 2564 3898 ἠρνήσασθε.
2585 3827 2698 3879 Οὐκ
2727 3823 2900 3887 εἶπεν,
2935 3824 3284 3889 Ἐξεδώκατε,
3307 3823 3442 3876 ἀλλά
3473 3825 3782 3894 πανταχοῦ,

2207 3913 2605 3982 Ἠρνήσασθε.
2635 3910 2892 3972 Εἰκότως.
2919 3907 3076 3960 Οὕτω
3101 3907 3206 3978 γὰρ
3240 3909 3334 3960 καὶ
3366 3907 3546 3976 ἔλεγον
3576 3911 3599 3948 8
3619 3925 3632 3937 ⁸
3653 3911 3785 3964 Οὐκ

2192 3999 2412 4067 ἔχομεν
2455 3993 2722 4060 ,ϐασιλέα
2755 3995 2808 4046 εί
2837 3991 2925 4061 μὴ
2983 3993 3277 4059 Καίσαρα.
3319 3993 3426 4044 Kal
3455 3993 3556 4045 οὐκ
3597 3988 3782 4060 εἶπεν,

2193 4082 2305 4134 Οὐκ
2337 4078 2669 4153 ἐξῃτήσασθε
2700 4077 2790 4129 τὸν
2816 4076 3076 4146 ἄληπτον,
3103 4075 3221 4128 οὐδὲ
3245 4076 3548 4146 ἠρνήσασθε
3595 4077 3783 4145 μόνον,

2192 4165 2328 4220 ἀλλά
2359 4165 2452 4217 καὶ
2480 4163 2860 4220 ἀπεκτείνατε.
2895 4162 3024 4214 Ὅτε
3057 4159 3452 4228 πεπωρωμένοι
3484 4154 3658 4230 ἦσαν,
3694 4161 3785 4214 οὗ.

2192 4249 2280 4302 δέν
2303 4247 2543 4301 τοιοῦτον
2583 4242 2770 4299 εἶπεν·
2819 4247 2906 4298 ὅτε
2961 4243 3195 4313 μάλιστα
3227 4241 3550 4311 ἐσείσθησαν
3599 4242 3784 4296 αὐτῶν

2193 4333 2250 4386 αἰ
2281 4331 2469 4402 ψυχαὶ,
2501 4330 2620 4382 τότε
2655 4328 2881 4400 πλήττει
2911 4325 3298 4397 σφοδρότερον,
3338 4326 3426 4377 ὅτε
3461 4327 3553 4378 καὶ
3594 4325 3784 4380 αἰσθέ-

2197 4415 2318 4470 σθαι
2345 4415 2612 4466 δύνανται.
2641 4412 2907 4481 Καθάπερ
2933 4412 3041 4480 γὰρ
3072 4411 3234 4479 ἡμεῖς
3270 4408 3383 4471 τοῖς
3418 4408 3515 4478 μὲν
3551 4409 3785 4478 μεθύου-

2198 4517 2280 4552 σιν
2308 4499 2460 4552 οὺδέν
2488 4496 2720 4566 λέγομεν
2740 4535 2754 4558 ,
2799 4495 2928 4546 ὅταν
2957 4493 3014 4545 δέ
3045 4492 3256 4561 νήψωσι
3293 4493 3388 4545 καὶ
3413 4493 3782 4560 ἀνενέγκωσιν

2199 4582 2312 4656 [75]
2337 4582 2446 4636 ἀπὸ
2471 4583 2569 4651 τῆς
2595 4579 2787 4650 μέθης,
2813 4577 2935 4630 τότε
2962 4576 3362 4646 ἐπιπλήττομεν
3385 4592 3399 4604 ⁸
3424 4576 3566 4629 οὕτω
3585 4577 3648 4646 δὴ
3684 4578 3781 4630 xal

2199 4668 2422 4736 Πέτρος,
2453 4665 2540 4718 ὅτε
2567 4662 2827 4732 ἠδύναντο
2857 4659 3092 4712 συνιέναι
3129 4660 3237 4711 τῶν
3269 4659 3574 4729 λεγομένων
3599 4699 3614 4721 ,
3653 4660 3780 4713 τότε

2199 4751 2292 4804 καὶ
2315 4749 2413 4820 τὴν
2437 4748 2686 4816 γλῶτταν
2709 4745 2942 4814 ἡκόνησε
2962 4762 2975 4774 ⁸
3004 4743 3174 4796 πολλὰ
3208 4743 3274 4796 τὰ
3305 4741 3621 4812 ἐγκλήματα
3655 4747 3780 4814 ἀριο

2201 4835 2325 4906 θμεῖ
2344 4851 2356 4864 ⁸
2385 4829 2496 4886 οἷον
2525 4833 2629 4895 ὅτι,
2661 4831 2720 4882 ὃν
2759 4831 2787 4870 h
2813 4831 2842 4882 6
2867 4828 2998 4891 Θεὸς
3025 4826 3299 4891 ἐδόξασεν,
3342 4822 3484 4881 οὗτοι
3530 4828 3780 4897 παρέδω.

2199 4937 2302 4974 καν
2322 4933 2335 4947 ⁸
2358 4919 2458 4980 ὅτι,
2479 4916 2538 4969 ὃν
2566 4919 2594 4968 6
2623 4914 2851 4977 Πιλᾶτος
2878 4912 3132 4973 ἀπέλυεν,
3156 4906 3297 4964 οῦτοι
3312 4911 3615 4981 ἠρνήσαντο
3635 4915 3780 4967 κατὰ

2200 5002 2487 5074 πρόσωπον
2517 4998 2754 5052 ἐκείνου·
2790 4998 2870 5049 ὃτι
2897 4995 3268 5066 προετίμησαν
3297 4993 3388 5046 τὸν
3411 4993 3632 5066 λῃστήν.

2270 5084 2487 5154 γ’.”()ρα
2512 5082 2672 5136 πάλιν
2697 5078 3065 5138 λανθανόντως
3089 5076 3204 5140 πῶς
3223 5075 3474 5148 περἰτῆς
3494 5075 3777 5146 δυνάμεως

2201 5167 2364 5219 αὑτοῦ
2389 5165 2692 5233 διαλέγεται
2713 5203 2729 5227 ,
2757 5161 2988 5225 δεικνὺς,
3019 5161 3100 5212 ὅτι
3122 5160 3314 5212 ἐαυτὸν
3339 5161 3525 5232 ήγειρε
3551 5177 3565 5189 ⁸
3610 5161 3780 5215 καθά-

2201 5267 2305 5321 περ
2338 5251 2397 5301 ἐν
2426 5252 2492 5318 τῇ
2523 5247 2767 5319 προτέρα
2797 5244 3107 5316 δημηγορίᾳ
3157 5244 3309 5310 ἔλεγε
3331 5261 3344 5274 ⁸
3401 5246 3616 5298 Καθότι
3663 5246 3777 5298 οὐκ

2199 5331 2278 5404 ἦν
2304 5333 2566 5388 δυνατὸν
2592 5331 2933 5398 κρατεῖσθαι
2959 5329 3146 5382 αὑτὸν
3165 5329 3264 5382 ὑπ’
3294 5328 3480 5383 αὑτοῦ
3505 5345 3518 5358 ⁸
3551 5329 3646 5382 καὶ
3688 5331 3778 5382 ἐν·

2199 5417 2393 5482 ταῦθα,
2431 5417 2540 5470 Τόν
2567 5414 2635 5466 δὲ
2667 5413 2955 5482 ἀρχηγὸν,
2985 5410 3142 5480 φησὶ,
3176 5411 3285 5476 τῆς
3320 5410 3468 5477 ζωῆς
3505 5412 3779 5466 ἀπεκτεί-

2200 5517 2360 5554 νατε.
2387 5499 2501 5551 Οὐκ
2535 5499 2642 5564 ἄρα
2675 5500 2804 5569 παρ’
2829 5495 3015 5563 ἐτέρου
3041 5495 3164 5563 ἔσχε
3194 5496 3254 5546 τὸ
3281 5493 3399 5564 ζῇν.
3434 5494 3645 5565 Ὥσπερ
3676 5495 3777 5566 ἀρο

2198 5583 2367 5652 χηγὸς
2395 5583 2494 5650 τῆς
2525 5581 2723 5640 κακίας
2745 5579 2906 5641 αὐτὸς
2933 5577 3000 5631 ἂν
3035 5578 3117 5647 εἴη
3153 5580 3180 5630 6
3209 5577 3306 5647 τὴν
3340 5577 3536 5631 κακίαν
3575 5576 3773 5638 τεκὼν.

2199 5668 2293 5719 καὶ
2319 5663 2557 5735 ἀρχηγὸς
2592 5663 2753 5732 φόνου
2781 5663 2808 5714 6
2838 5662 2929 5714 τὸν
2963 5661 3120 5730 φόνον
3174 5660 3388 5729 πρῶτος
3431 5661 3772 5730 εἰσαγαγών·

2196 5750 2338 5802 οὕτω
2359 5749 2453 5802 καὶ
2476 5747 2719 5817 ἀρχηγὸς
2743 5747 2885 5817 ζωῆς
2904 5748 2930 5798 6
2959 5744 3087 5814 παρ’
3107 5744 3301 5797 ἐαυτοῦ
3327 5744 3424 5815 τὴν
3449 5743 3592 5817 ζωήν
3613 5746 3774 5815 ἔχων.

2265 5863 2281 5902 τ
2313 5863 2446 5913 Unus
2487 5863 2585 5910 ἀντ’
2626 5862 2788 5911 αὐτοῦ.
2827 5863 2920 5911 Καὶ
2952 5860 3112 5910 τοῦτο.
3181 5861 3206 5900 Β
3242 5861 3378 5910 Unus
3402 5862 3506 5910 00d.
3535 5861 3640 5909 haec
3675 5875 3775 5912 non

2195 5927 2344 5976 llnhel
2391 5925 2665 5979 εἰκότως...
2723 5927 2898 5987 ἔλεγον.
2998 5922 3024 5960 1³
3061 5925 3158 5975 Alii
3198 5924 3352 5972 πολλὰ
3398 5924 3457 5971 τά
3503 5924 3775 5986 ἐγκλήματα

2209 5991 2412 6048 ἐπάγων,
2436 5989 2506 6034 ὅτι
2541 5987 2610 6034 ὃν.
