4024 6508
210 393 272 446 77
922 418 925 419 κ
1120 386 1183 441 IN
1225 384 1407 441 ACTA
1444 358 1967 439 APOSTOLORUM.
2009 378 2240 438 noun.
2288 381 2380 437 tx.
3368 418 3373 427 .
3419 382 3487 437 78

209 505 295 561 sed
338 504 416 557 sic
459 502 749 572 oportebat
797 500 908 555 ﬁeri
942 516 954 552 :
987 507 1043 553 et
1093 498 1443 554 testiﬁcantur
1488 496 1783 566 prophetae.

212 599 384 665 Itaque
411 611 521 649 non
549 596 621 650 ob
663 593 1024 648 infirmitatem
1075 608 1181 645 non
1224 588 1541 654 descendit,
1587 587 1682 643 sed
1724 587 1794 642 ob

209 704 354 744 suam
372 688 653 743 virtutem.
689 688 756 741 Et
784 686 886 740 hoc
907 685 1056 755 ponit
1082 685 1133 738 in
1164 683 1562 738 excusationem
1584 679 1797 735 iudico-

212 797 349 845 rum,
376 788 439 836 ut
466 781 632 835 etiam
662 778 949 846 accipiant.
981 775 1069 830 Sic
1092 774 1335 845 implevit,
1370 773 1559 842 inquit.
1586 771 1793 834 Viden‘,

208 871 478 942 quomodo
509 880 683 925 totum
711 870 838 924 illuc
866 867 1103 923 referat?
1131 866 1221 922 91.
1254 863 1577 919 Paenitemini
1598 863 1754 931 igitur
1777 902 1793 926 ,

210 964 417 1032 inquit,
446 972 495 1017 et
523 961 890 1016 convertimini.
920 959 1028 1014 Nec
1054 958 1216 1024 dicit,
1250 957 1294 1011 Δ
1323 958 1552 1027 peccatis
1572 955 1794 1020 Vestris;

209 1056 299 1110 sed
321 1097 337 1119 ,
368 1054 440 1111 Ut
461 1054 730 1109 deleantur
758 1064 963 1123 peccata
992 1062 1177 1115 vestra,
1211 1050 1440 1120 idipsum
1466 1050 1794 1119 signiﬁcans.

213 1146 414 1202 Deinde
441 1147 652 1201 lucrum
674 1145 895 1215 apponit
927 1163 939 1197 :
976 1142 1044 1198 Ut
1069 1160 1184 1204 cum
1212 1143 1433 1195 venerint
1457 1153 1680 1210 tempora
1712 1157 1798 1194 re-

210 1239 407 1309 frigerii
432 1254 466 1291 a
486 1246 756 1308 conspectu
782 1235 1012 1290 Domini.
1044 1234 1141 1289 Hie
1168 1232 1383 1288 exhibet
1405 1233 1525 1287 illos
1548 1231 1600 1287 in
1631 1232 1797 1285 mise-

210 1332 344 1383 riam
393 1330 684 1398 delapsos,
737 1328 1024 1397 multisque
1085 1325 1306 1381 affectos
1359 1324 1793 1378 calamitatibus:

211 1421 443 1491 ideoque
469 1422 549 1476 sic
572 1419 807 1489 loquitur
830 1431 1075 1487 ,gnarns
1104 1418 1218 1471 ha-c
1266 1416 1426 1471 verba
1473 1415 1701 1485 patienti
1745 1424 1800 1469 et

211 1514 638 1568 consolationem
670 1511 928 1579 quaerenti
960 1524 1275 1579 congruere.

276 1605 331 1656 2.
369 1604 437 1657 Et
469 1603 587 1658 vide
625 1600 894 1673 quomodo
942 1600 1213 1670 procedat.
1252 1599 1306 1653 lu
1337 1599 1507 1668 prima
1531 1597 1793 1654 concione

207 1696 407 1750 sensim
442 1693 893 1748 resurrectionem
922 1702 978 1747 et
1006 1692 1299 1746 sessionem
1324 1691 1378 1745 in
1404 1691 1537 1745 caelo
1560 1689 1800 1745 subiudi-

205 1787 377 1851 cavit;
420 1786 507 1840 hic
536 1799 666 1839 vero
694 1784 839 1838 clare
864 1783 1150 1838 adventum
1178 1782 1353 1837 elfert.
1394 1781 1483 1837 20.
1518 1781 1584 1834 Et
1611 1781 1799 1835 miserit

204 1896 340 1941 cum,
361 1879 452 1943 qui
479 1887 596 1931 ante
620 1877 922 1946 praedicatus
941 1884 1032 1937 est,
1054 1873 1089 1927 J
1093 1891 1229 1928 esum
1246 1874 1523 1937 Christum,
1540 1872 1630 1928 21.
1653 1890 1799 1943 quem

201 1982 404 2039 oportet
428 1971 634 2041 quidem
659 1968 837 2023 eretum
864 1970 1154 2039 suscipere;
1187 1968 1237 2022 id
1265 1978 1376 2033 est,
1409 1984 1629 2023 necesse
1666 1979 1749 2024 est
1782 1986 1795 2021 :

200 2083 366 2135 usque
405 2066 476 2119 ad
520 2074 747 2134 tentpora
791 2064 1119 2117 restitutionis
1160 2068 1404 2115 omnium.
1448 2062 1626 2129 Quare
1657 2077 1799 2115 nunc

202 2175 309 2211 non
356 2158 563 2223 veniat,
605 2171 763 2211 causa
811 2156 1085 2209 manifesta
1132 2163 1232 2208 est.
1287 2153 1413 2220 Qua:
1452 2155 1687 2225 loquutus
1726 2163 1803 2206 est

201 2251 345 2305 Deus
372 2268 465 2319 per
494 2268 551 2304 os
584 2262 870 2303 sanctorum
900 2264 1106 2301 suorum
1135 2264 1167 2300 a
1195 2246 1381 2300 steculo
1413 2247 1796 2321 praphetarum.

199 2344 289 2396 22.
318 2341 525 2412 Moyses
550 2341 751 2411 quidem
783 2341 1009 2408 patribus
1038 2339 1167 2392 dixit
1194 2355 1213 2392 :
1246 2337 1554 2408 Prophelam
1577 2340 1796 2391 suscita-

202 2435 269 2488 bit
299 2434 441 2487 vobis
476 2432 726 2485 Dominus
754 2430 893 2484 Deus
918 2440 1074 2483 vester
1100 2436 1163 2483 de
1188 2430 1434 2499 fratribus
1463 2430 1637 2483 vestris
1668 2439 1800 2481 tam-

200 2545 352 2594 quam
376 2544 461 2580 me
488 2545 506 2579 :
536 2527 703 2596 ipsum
736 2525 950 2578 audietis
980 2524 1135 2593 juxta
1168 2525 1339 2576 omnia
1366 2538 1689 2591 quwcumque
1726 2524 1802 2574 lo-

202 2629 385 2688 quutus
413 2620 575 2689 fuerit
601 2620 739 2671 vobis
767 2616 941 2689 (Deut.
972 2617 1060 2670 18.
1091 2616 1203 2685 15).
1237 2615 1346 2670 Illic
1391 2616 1644 2670 Davidem
1665 2657 1681 2681 ,
1716 2616 1801 2669 hic

204 2711 436 2783 Moysem
462 2711 800 2764 memoravit.
831 2708 1089 2774 Omnium,
1122 2708 1313 2779 inquit,
1336 2723 1448 2779 qua:
1473 2709 1707 2778 loquutus
1729 2716 1801 2761 est

208 2804 357 2858 Dats.
382 2804 501 2859 Non
524 2804 677 2866 dicit,
701 2805 831 2868 Quae
858 2803 1104 2872 loquutus
1125 2811 1207 2855 est
1232 2800 1509 2865 Christus;
1534 2799 1649 2863 sed,
1675 2799 1803 2865 Qua:

211 2897 439 2964 loquutus
484 2907 561 2948 est
604 2894 778 2959 Deus;
805 2894 883 2948 sic
925 2892 1026 2946 sub
1061 2892 1246 2946 umbra
1285 2890 1540 2961 paulatim
1580 2892 1704 2945 illos
1732 2891 1799 2946 ad

216 2989 360 3042 tidem
386 2987 686 3042 adducens.
719 2986 910 3041 Postea
937 2984 1002 3038 ad
1033 3000 1145 3038 rem
1175 2983 1279 3038 ﬁde
1304 2983 1517 3054 dignam
1540 2983 1797 3052 confugit,

222 3082 431 3136 dicens:
464 3081 779 3152 Prophetam
808 3081 1065 3135 suscitabit
1103 3079 1240 3133 vobis
1284 3078 1535 3133 Dominus
1574 3077 1713 3132 Deus
1738 3094 1803 3133 ea:

228 3177 451 3243 fratribus
470 3178 645 3229 vestris
670 3187 924 3246 tamquam
950 3190 1065 3228 me:
1088 3175 1254 3244 ipsum
1279 3175 1494 3227 audietis
1515 3175 1670 3245 juxta
1693 3188 1802 3226 om-

226 3267 318 3319 nia.
357 3267 557 3323 Deinde
597 3267 731 3321 ultio
772 3282 959 3337 magna
1000 3268 1262 3336 sequitur.
1307 3264 1398 3320 23.
1441 3264 1554 3318 Erit
1591 3273 1758 3317 autem
1782 3305 1797 3329 ,

219 3356 392 3427 inquit,
420 3360 588 3411 omnis
611 3357 784 3412 anima
809 3374 922 3427 qua:
940 3374 1042 3411 non
1061 3356 1281 3411 audierit
1308 3356 1605 3427 praphetam
1630 3355 1796 3418 illum,

212 3451 621 3503 aterminabitur
647 3451 709 3502 de
739 3450 897 3518 plebe.
927 3449 1017 3502 24.
1051 3446 1119 3501 Et
1139 3464 1311 3502 onmes
1344 3449 1603 3518 prapheta:
1629 3463 1660 3498 a
1695 3446 1799 3501 Sa-

205 3543 336 3595 muel
365 3551 412 3595 et
442 3542 712 3609 deinceps,
735 3541 822 3609 qui
851 3540 1046 3610 loquuti
1068 3548 1218 3604 sunt,
1245 3539 1668 3591 annuntiaveruut
1694 3539 1800 3591 dies

204 3635 341 3687 istos.
375 3633 474 3688 Hie
496 3645 646 3687 recte
675 3632 892 3687 exitium
918 3631 1110 3701 posuit.
1136 3629 1359 3696 Quando
1380 3630 1521 3684 enim
1549 3644 1799 3699 maguum

202 3727 475 3796 quidpiam
505 3724 673 3792 dicit,
704 3725 769 3778 ad
810 3725 1016 3795 priores
1041 3723 1315 3793 confugit,
1347 3733 1404 3778 et
1434 3724 1797 3777 testimonium

170 3819 401 3887 ,rcperit
452 3827 681 3887 utraque
719 3818 1126 3886 complectens;
1168 3825 1227 3869 ut
1266 3816 1376 3870 illic
1411 3815 1546 3870 dixit
1579 3832 1593 3869 :
1626 3813 1799 3868 Donec

199 3919 353 3977 ponat
379 3909 618 3961 inimicos
643 3907 736 3961 sub
766 3908 916 3975 pedes
947 3916 1058 3959 tuos
1090 3905 1260 3971 (Psal.
1288 3905 1415 3960 109.
1436 3904 1513 3973 2).
1541 3904 1799 3973 Quodque

196 4005 393 4057 mirum
425 4012 532 4065 est.
566 4002 679 4056 hazc
704 4001 811 4055 duo
839 4001 1020 4067 simul,
1049 4000 1328 4069 subiectio.
1362 3999 1726 4068 praevaricatio
1745 4007 1800 4052 et

195 4111 378 4163 paena.
413 4094 699 4163 Tamquam
723 4110 823 4158 me,
848 4092 1038 4162 inquit.
1063 4092 1199 4158 Quid
1226 4107 1353 4160 ergo
1382 4090 1685 4144 miramini?
1704 4088 1797 4144 25.

204 4184 309 4238 Vos
350 4186 471 4239 estis
513 4185 614 4252 ﬁlii
659 4184 1043 4253 praphetarum.
1090 4182 1270 4252 Itaque
1315 4182 1466 4236 vobis
1511 4181 1752 4236 dicebam
1780 4222 1795 4246 ,

197 4290 425 4349 propter
453 4295 551 4333 vos
576 4278 753 4332 omnia
779 4277 913 4331 facta
943 4291 1082 4332 esse.
1110 4276 1240 4344 Quia
1267 4276 1408 4329 enim
1438 4284 1656 4345 propter
1684 4289 1801 4329 sce-

194 4374 280 4426 lus
309 4372 574 4441 putabant
605 4385 665 4423 se
689 4368 1019 4423 abalienatos
1046 4382 1164 4421 esse
1192 4368 1419 4422 :etenim
1446 4366 1634 4421 rationi
1664 4381 1798 4420 con-

189 4474 523 4518 sentaneum
556 4477 664 4516 non
685 4471 769 4515 est
794 4460 1042 4516 eumdem
1068 4460 1228 4515 modo
1246 4459 1502 4529 crucifigi,
1528 4475 1648 4512 mox
1671 4474 1799 4513 suos

188 4571 391 4610 curare
414 4572 434 4617 ;
465 4565 518 4608 et
544 4553 647 4608 hoc
673 4563 727 4607 et
757 4552 885 4606 illud
912 4551 1107 4606 factum
1138 4565 1234 4621 per
1262 4550 1592 4620 prophetiam
1617 4562 1798 4605 osten-

189 4648 289 4699 dit.
338 4645 448 4700 Vos
472 4646 593 4699 estis
612 4686 627 4709 ,
653 4644 860 4713 inquit,
893 4643 990 4712 ﬁlii
1019 4643 1377 4713 praphetarum
1407 4652 1453 4695 et
1484 4644 1796 4707 testamenti,

188 4739 329 4805 quod
357 4737 619 4806 disposuit
648 4735 784 4790 Deus
812 4737 878 4788 ad
915 4738 1079 4804 patres
1106 4745 1314 4799 vestros,
1349 4734 1516 4787 dicens
1545 4734 1613 4786 ad
1640 4734 1801 4787 Abra-

194 4830 312 4880 ham
340 4844 359 4881 :
394 4827 468 4880 Et
494 4828 549 4879 in
571 4828 759 4881 semine
789 4836 873 4879 tuo
895 4826 1250 4879 benedicentur
1275 4841 1444 4878 omnes
1467 4825 1676 4893 familia:
1703 4836 1801 4879 ter-

187 4921 482 4975 rthen.
519 4920 605 4973 12.
644 4921 735 4989 5).
780 4918 870 4973 26.
927 4917 1074 4972 Vobis
1117 4920 1368 4988 printum,
1413 4919 1619 4987 inquit,
1664 4918 1802 4975 Deus

188 5025 462 5068 suscitans
488 5011 686 5065 Filium
713 5029 880 5076 suum,
911 5012 1066 5065 misit.
1098 5010 1288 5081 Utique
1316 5019 1369 5064 et
1396 5010 1516 5063 aliis
1540 5026 1553 5075 ;
1585 5011 1677 5065 sed
1706 5027 1801 5065 vo-

190 5107 272 5160 ιιίς
308 5108 557 5176 primum
578 5144 593 5168 ,
623 5105 711 5173 qui
742 5104 1101 5157 cruciﬁxistis.
1146 5102 1527 5156 Benedicentem
1555 5104 1726 5169 vobis;
1750 5113 1804 5156 ut

188 5210 466 5255 convertat
487 5216 541 5252 se
560 5200 899 5267 unusquisque
926 5215 957 5250 a
984 5199 1203 5269 nequitia
1226 5214 1337 5251 sua.
1363 5197 1491 5264 Qua:
1520 5198 1652 5251 lecta
1680 5207 1805 5252 sunt

188 5296 515 5351 accuratius
562 5303 888 5362 repetamus.
931 5291 1171 5347 Suadere
1215 5301 1472 5355 conatur,
1515 5307 1621 5345 non
1661 5292 1805 5359 ipsos

190 5388 534 5443 miraculum
578 5385 770 5439 fecisse
794 5426 808 5446 .
840 5399 963 5439 cum
988 5384 1150 5441 dicit,
1193 5382 1327 5450 Quid
1368 5383 1659 5435 miramini?
1698 5383 1805 5438 Nec

192 5479 475 5549 permittit
506 5488 565 5530 ut
593 5478 740 5530 dicto
768 5474 900 5530 ﬁdes
931 5490 1034 5529 non
1073 5474 1351 5529 habeatur.
1394 5477 1567 5542 Atque
1594 5483 1645 5527 ut
1678 5474 1805 5527 illud

195 5574 299 5627 tide
341 5570 574 5640 dignius
616 5568 898 5631 redderet,
941 5568 1152 5622 illorum
1195 5567 1453 5636 judicium
1498 5567 1803 5636 praevertit,

194 5663 393 5718 dicens
427 5678 446 5714 :
482 5658 623 5727 Quid
653 5676 743 5712 nos
773 5658 1068 5723 intuemini,
1098 5658 1241 5722 quasi
1280 5657 1486 5726 propria
1520 5657 1700 5710 virtute
1731 5658 1808 5710 vel

196 5754 394 5806 pietate
417 5750 729 5821 fecerimus?
751 5749 806 5804 Si
838 5748 941 5802 hoc
966 5762 1060 5801 vos
1092 5756 1259 5801 terret.
1282 5755 1337 5801 et
1362 5746 1562 5810 turbat,
1593 5746 1803 5806 discite.

196 5847 319 5911 quis
359 5842 563 5899 fecerit
584 5881 601 5908 ,
630 5851 687 5898 ct
725 5857 793 5897 ne
824 5840 1202 5911 obstupescite.
1230 5836 1301 5894 Et
1326 5838 1426 5895 hoc
1456 5838 1651 5910 ubique
1680 5851 1804 5908 per-

1907 493 2081 565 pende
2107 495 2231 551 :ubi
2259 494 2324 550 ad
2354 496 2520 551 Deum
2550 494 2804 565 confugit,
2831 493 3071 565 dixitque
3093 494 3264 564 ipsum
3294 495 3488 554 fecisse

1904 588 2116 653 omnia;
2140 598 2265 643 tunc
2289 589 2411 645 illos
2432 589 2551 644 sine
2576 597 2719 645 metu
2747 589 3073 659 perstringit.
3100 588 3223 643 Ideo
3244 594 3487 659 superius

1902 680 2132 738 dicebat.
2165 681 2342 736 Virum
2370 683 2701 755 approbatum
2727 700 2761 738 a
2789 683 2896 738 Deo
2925 683 2978 736 in
3012 682 3170 737 vobis.
3200 683 3265 737 Et
3296 683 3490 753 ubique

1905 776 2009 831 illis
2040 777 2143 832 hoc
2169 777 2375 832 facinus
2412 786 2833 844 commemorat,
2862 785 2920 832 ut
2957 776 3271 831 miraculum
3301 784 3487 831 estet.-

1904 866 2079 932 datur,
2113 876 2166 921 et
2190 869 2515 923 resurrectio
2546 869 2803 923 ﬁrmetur.
2835 867 2933 923 Hic
2959 877 3136 923 autem
3164 866 3306 921 aliud
3333 866 3493 921 addi-

1904 957 1980 1011 dit
2012 975 2027 1014 :
2054 974 2159 1013 non
2183 960 2325 1014 enim
2351 960 2460 1030 jam
2490 961 2637 1014 illum
2663 961 2994 1016 Nazarenum
3021 960 3169 1026 dicit,
3199 960 3292 1014 sed
3318 960 3440 1030 quid
3464 962 3488 1012 ?

1906 1049 2081 1114 Deus,
2129 1052 2333 1121 inquit,
2378 1062 2580 1123 patrum
2624 1064 2910 1108 nostrorum
2952 1052 3269 1125 gloriﬁcavit‘
3296 1052 3488 1108 Filium

1904 1156 2051 1194 suum
2079 1141 2278 1198 Iesum.

1950 1272 1951 1275 η
1979 1233 2091 1300 Quo
2115 1236 2214 1288 ritu
2240 1234 2425 1290 Petrus
2443 1236 2784 1291 concionetur.
2806 1266 2876 1276 --
2911 1237 3060 1301 Vide,
3088 1254 3244 1307 quam
3273 1238 3486 1293 alienus

1904 1328 1975 1382 sit
2002 1344 2031 1383 a
2060 1330 2217 1383 fastu.
2245 1328 2361 1383 Non
2387 1330 2677 1397 accusavit,
2711 1347 2885 1402 neque
2906 1348 3025 1385 utnx
3055 1332 3188 1387 dixit
3213 1353 3217 1357 δ
3251 1334 3317 1388 Et
3348 1351 3488 1388 nunc
3514 1340 3515 1343 “

1905 1420 2107 1475 credite
2141 1441 2153 1475 :
2186 1435 2312 1475 ecce
2353 1420 2552 1487 homo,
2601 1436 2723 1476 eum
2779 1437 2883 1490 per
2919 1424 3265 1493 quadraginta
3316 1440 3487 1479 annos

1904 1512 2124 1567 claudus
2154 1507 2371 1576 fuisset,
2394 1513 2445 1567 in
2474 1512 2690 1568 nomine
2714 1513 2841 1568 Jesu
2869 1514 3073 1568 Christi
3088 1516 3341 1569 surrexit.
3369 1514 3493 1569 Non

1905 1604 1973 1657 ita
2003 1604 2175 1667 dixit;
2208 1620 2329 1657 nam
2371 1606 2819 1660 contentiosiores
2857 1605 2978 1660 illos
3011 1605 3360 1671 reddidisset;
3392 1607 3499 1660 sed

1906 1695 2115 1750 interim
2144 1695 2323 1749 laudat
2348 1697 2468 1751 illos
2488 1738 2502 1762 ,
2533 1696 2673 1766 quod
2704 1713 2817 1751 rem
2846 1696 3260 1751 admirarentur.
3290 1697 3487 1751 Et-ite-

1906 1803 2022 1840 rmn
2051 1804 2078 1840 a
2108 1787 2443 1858 progenitore
2468 1797 2642 1843 vocat.
2685 1788 2792 1844 Nec
2822 1789 2952 1844 dicit
2984 1807 2997 1843 :
3029 1789 3185 1844 Jesus
3212 1788 3361 1843 illum
3390 1805 3489 1844 cu-

1905 1880 2061 1940 ravit,
2087 1880 2212 1934 licet
2235 1881 2407 1948 ipsum
2433 1896 2558 1936 vere
2583 1891 2852 1947 curasset;
2880 1882 2973 1937 sed
3002 1898 3075 1938 ne
3094 1882 3353 1943 dicerent,
3386 1883 3489 1938 Ec-

1904 1986 2007 2039 qua
2042 1970 2155 2025 haac
2188 1973 2392 2027 ratione
2430 1973 2687 2038 nituntur,
2721 1974 2766 2029 si
2793 1974 3257 2043 praevaricatorem
3283 1974 3488 2043 gloriﬁ-

1904 2062 2023 2116 (οτιιῖ
2074 2063 2196 2119 ideo
2237 2063 2291 2118 iu
2346 2076 2579 2119 mentem
2628 2065 2734 2119 illis
2783 2074 2999 2120 revocat
3045 2066 3301 2135 judicium
3352 2068 3490 2135 apud

1909 2155 2137 2211 l’ilatum
2171 2174 2184 2210 :
2218 2158 2529 2224 ostendens,
2568 2159 2614 2212 si
2654 2160 2932 2215 attendere
2976 2160 3179 2223 velint,
3220 2177 3323 2214 non
3368 2178 3491 2215 esse

1907 2247 2053 2300 illum
2088 2250 2551 2316 praevaricatorem
2583 2268 2595 2303 ε
2631 2266 2805 2319 neque
2833 2252 2973 2305 enim
3005 2251 3205 2305 Pilatus
3233 2251 3495 2306 voluisset:

1905 2352 2027 2391 eum
2053 2337 2343 2394 dimittere.
2374 2339 2483 2395 Nec
2506 2341 2655 2405 dicit,
2680 2341 2933 2408 Voleule;
2966 2342 3379 2407 sed,Judicanle
3401 2343 3497 2397 illo

1906 2432 2125 2496 dimitti;
2162 2432 2442 2487 declarans
2464 2447 2562 2488 vos
2594 2448 2716 2488 eum
2739 2475 2754 2498 ,
2785 2435 2874 2503 qui
2912 2434 3049 2488 alios
3078 2433 3375 2500 occidebat,
3405 2434 3490 2488 di-

1906 2526 2041 2579 mitti
2070 2526 2316 2596 petiisse;
2346 2541 2466 2580 eum
2490 2540 2618 2580 vero
2643 2568 2658 2592 ,
2686 2526 2774 2595 qui
2803 2527 3011 2580 occisos
3039 2526 3103 2580 ad
3134 2527 3295 2580 vitam
3323 2526 3488 2581 redu-

1906 2619 2079 2681 cehat,
2106 2618 2364 2673 noluisse.
2406 2617 2486 2673 Ne
2518 2633 2647 2673 vero
2675 2618 2869 2673 iterum
2900 2619 3142 2674 dicereut
3166 2637 3180 2673 :
3207 2618 3488 2686 Quomodo

1908 2726 2047 2766 nunc
2081 2711 2359 2781 glorilicat,
2393 2712 2483 2781 qui
2516 2722 2642 2765 tunc
2668 2728 2772 2766 nou
2803 2712 3038 2781 adjuvit?
3063 2712 3338 2767 adducunt
3369 2728 3489 2782 pro-

1908 2803 2095 2873 phetas
2139 2803 2517 2870 testificantes,
2547 2804 2625 2859 sic
2650 2805 2952 2873 oportuisse
2985 2804 3121 2859 ﬁcri.
3173 2805 3393 2871 Deinde,
3424 2822 3492 2860 ne

1907 2905 2159 2965 putarent
2183 2896 2272 2950 Dei
2295 2896 2650 2950 oeconomiam
2672 2896 2906 2965 ipsorum
2925 2898 3323 2952 excusationem
3347 2914 3488 2963 esse,

1909 2988 2055 3055 prius
2084 2986 2206 3041 illos
2236 2987 2563 3057 perstringit.
2609 2986 2674 3041 Et
2711 2989 2851 3056 quod
2904 2988 2955 3042 in
3000 2998 3289 3059 conspectu
3337 2989 3489 3045 Pilati

1909 3088 2191 3147 negassent
2223 3078 2338 3132 leve
2369 3094 2474 3132 non
2511 3088 2664 3143 erat,
2697 3093 2817 3133 cum
2848 3080 2960 3149 ipse
2987 3080 3146 3136 vellet
3174 3081 3443 3136 dimittere
3473 3099 3487 3136 :

1907 3172 2156 3241 quodque
2199 3171 2249 3225 id
2296 3186 2491 3241 negare
2537 3188 2642 3224 non
2679 3182 2921 3241 possent,
2957 3175 3213 3243 arguebat
3243 3175 3305 3238 is,
3331 3189 3486 3243 quem

1910 3279 2005 3332 pro
2027 3263 2116 3316 illo
2143 3263 2422 3331 petierant.
2455 3262 2528 3316 Ita
2548 3262 2649 3316 hoc
2671 3278 2879 3333 quoque
2905 3278 2972 3317 ex
3002 3278 3190 3334 magna
3214 3264 3491 3333 dispensa-

1908 3357 2051 3410 tione
2069 3354 2287 3410 l'actum.
2310 3355 2795 3425 Hicimpudentiam
2816 3357 3487 3427 petulantiamqueillorum

1907 3447 2175 3513 ostendit;
2202 3462 2269 3501 eo
2298 3446 2441 3517 quod
2469 3447 2682 3517 gentilis
2710 3448 2800 3518 qui
2833 3457 2957 3503 tunc
2988 3448 3214 3517 primum
3240 3449 3385 3503 illum
3415 3450 3491 3503 vi-

1904 3539 2000 3604 dit,
2031 3540 2204 3610 ipsum
2230 3540 2459 3595 liberare
2483 3540 2876 3607 voluerit,licet
2906 3540 3038 3596 nihil
3069 3543 3240 3609 magni
3262 3542 3490 3596 audivis-

1903 3642 2017 3698 set;
2049 3634 2122 3689 illi
2139 3649 2264 3688 vcro
2292 3634 2428 3688 inter
2448 3634 2597 3704 signa
2619 3634 2838 3690 enutriti
2860 3642 3045 3689 contra
3068 3634 3310 3689 fecerint.
3338 3634 3491 3704 Quod

1902 3741 2030 3780 vero
2055 3725 2144 3779 ille
2161 3724 2306 3795 juste
2326 3725 2591 3795 judicaret
2613 3724 2983 3780 dimittendum
3010 3741 3150 3787 esse.
3167 3742 3266 3780 nec
3286 3726 3350 3780 ad
3372 3742 3492 3797 gra-

1907 3818 2031 3870 tiam
2054 3817 2105 3870 id
2123 3816 2341 3881 laceret,
2362 3815 2481 3871 audi
2506 3817 2677 3886 ipsum
2699 3816 2823 3871 alibi
2856 3815 3173 3888 (Mattlt.27.
3194 3818 3283 3872 15.
3321 3816 3488 3871 Marc.

1904 3908 1991 3961 15.
2021 3905 2086 3978 6)
2143 3907 2410 3961 dicentem
2461 3923 2475 3958 :
2519 3906 2612 3960 Est
2650 3907 2981 3961 consuetudo
3031 3908 3182 3962 vobis
3215 3907 3493 3963 dimittere

1905 4013 2066 4052 unum
2081 3999 2395 4067 quemdam:
2423 3996 2586 4050 Vultis
2603 4013 2723 4067 ergo
2749 3999 2880 4050 hunc
2905 3998 3154 4050 dimittant
3172 3998 3308 4051 vobis
3327 3999 3352 4051 ?
3391 3997 3489 4051 Vos

1903 4102 2072 4146 autent
2109 4101 2339 4146 sanctum
2379 4100 2426 4144 et
2444 4092 2640 4160 justum
2684 4090 2930 4159 negastis.
2990 4088 3106 4149 Non
3149 4089 3313 4155 dixit,
3356 4090 3489 4144 Tra-

1903 4185 2137 4246 didistis;
2165 4183 2257 4238 sed
2288 4183 2504 4252 ubique,
2531 4181 2788 4252 Negastis.
2814 4181 2889 4250 (a)
2920 4179 3089 4254 [Jure.
3119 4181 3207 4237 Sic
3235 4182 3377 4237 enim
3404 4182 3486 4236 di-

1903 4276 2094 4331 cebant
2125 4273 2176 4346 :]
2210 4273 2329 4327 Non
2360 4273 2597 4327 habemus
2621 4290 2787 4344 regem
2801 4273 2898 4327 nisi
2920 4272 3168 4327 Ctesarem
3187 4272 3368 4346 (Joan.
3395 4275 3483 4330 19.

1906 4369 2033 4437 15).
2079 4358 2188 4421 Nec
2230 4366 2383 4431 dixit,
2415 4365 2529 4420 Non
2554 4366 2781 4434 petiistis
2810 4365 3168 4435 inculpatum;
3200 4381 3374 4433 neque
3398 4384 3491 4421 ue-

1902 4460 2067 4531 gastis
2091 4459 2264 4514 solum
2285 4500 2299 4523 ,
2332 4457 2424 4512 sed
2456 4459 2616 4512 etiam
2643 4457 2930 4512 occidistis.
2978 4457 3202 4525 Quando
3227 4461 3485 4513 excmcati

1903 4561 2056 4606 erant
2075 4591 2091 4617 ,
2125 4550 2254 4604 nihil
2283 4551 2387 4604 tale
2410 4549 2582 4603 dixit:
2612 4565 2730 4602 cum
2761 4563 2938 4603 autem
2968 4565 3155 4603 eorum
3184 4550 3347 4603 animi
3377 4567 3489 4604 tua-

1903 4646 1984 4715 gis
2010 4653 2162 4700 erant
2182 4643 2430 4713 exagitati
2454 4684 2468 4701 .
2494 4651 2619 4697 tunc
2642 4642 2820 4697 acrius
2848 4652 3012 4713 perstt
3029 4642 3158 4712 ingit
3177 4683 3192 4708 ,
3218 4658 3337 4697 cum
3366 4658 3489 4699 seu-

1908 4740 2005 4792 tire
2031 4745 2296 4806 poterant.
2327 4734 2786 4801 Quemadmodum
2814 4745 2869 4787 et
2890 4750 2987 4787 nos
3010 4735 3172 4790 ebriis
3199 4734 3331 4788 nihil
3357 4736 3487 4789 dici-

1909 4847 2055 4894 mus;
2088 4845 2208 4885 cum
2234 4840 2415 4883 autem
2439 4828 2699 4883 ebrietate
2727 4827 2930 4881 sublata
2959 4826 3143 4894 vigiles
3172 4838 3299 4881 sunt
3319 4867 3333 4889 ,
3364 4838 3494 4882 tunc

1907 4922 2307 4993 carpimuszita
2354 4930 2409 4974 et
2456 4920 2676 4983 Petrus,
2718 4933 2837 4971 cum
2880 4918 3176 4986 intelligere
3222 4927 3487 4986 poterant,

1911 5027 2036 5070 tmte
2092 5016 2326 5085 linguam
2377 5013 2552 5078 acuit,
2600 5012 2910 5080 scelcraque
2960 5011 3121 5063 multa
3169 5016 3494 5075 enumerat;

1912 5120 2124 5175 nempe,
2148 5105 2288 5175 quod
2319 5120 2462 5167 eum,
2488 5118 2643 5172 quem
2672 5100 2812 5155 Dens
2837 5101 3173 5170 glorificavit,
3200 5102 3296 5168 ipsi
3330 5103 3493 5155 tradi-

1910 5198 2117 5261 derint;
2163 5195 2304 5266 qttod
2350 5209 2507 5264 quem
2555 5192 2755 5246 Pilatus
2800 5192 3064 5253 absolvit,
3108 5192 3158 5245 in
3200 5201 3493 5261 conSpcctu

1912 5291 2076 5360 ipsius
2104 5287 2448 5358 negaverint;
2476 5284 2616 5355 quod
2647 5285 2903 5339 latronem
2930 5285 3276 5352 prartulerint.

1982 5384 2036 5438 5.
2065 5381 2199 5435 Vide
2221 5393 2452 5443 rursum,
2474 5376 2743 5446 quomodo
2768 5376 2973 5430 occulte
2999 5375 3067 5429 de
3091 5377 3323 5445 potentia
3354 5377 3495 5431 illius

1913 5478 2175 5546 loquatur,
2203 5472 2342 5542 quod
2364 5472 2597 5539 seipsutn
2624 5471 2976 5532 suscitaverit,
3002 5478 3059 5521 ut
3090 5470 3139 5523 in
3171 5470 3333 5537 priori
3362 5485 3501 5523 con‘

1913 5570 2066 5623 cione
2086 5565 2295 5620 dicebat
2322 5580 2337 5617 :
2360 5562 2518 5617 Juxta
2546 5564 2680 5624 quod
2704 5562 3009 5632 impossibile
3036 5571 3143 5614 erat
3167 5561 3323 5613 teneri
3350 5562 3492 5613 illum

1915 5666 1975 5714 ab
2001 5677 2058 5715 eo
2088 5658 2225 5727 (Act.
2246 5656 2300 5711 2.
2327 5656 2454 5727 21);
2476 5664 2531 5711 et
2558 5658 2659 5718 hic,
2681 5658 2963 5719 Auctorem,
2991 5654 3179 5722 inquit,
3199 5652 3313 5705 vitae
3332 5652 3499 5706 inter~

1982 5841 2056 5904 (a)
2086 5847 2196 5900 Quae
2220 5838 2409 5887 uncinis
2430 5834 2716 5887 clauduntur
2737 5832 2912 5883 desunt
2933 5833 2985 5880 in
3001 5843 3097 5879 uno
