4024 6516
526 370 596 425 79
1342 361 1381 417 S
1425 358 1704 417 JOANNIS
1732 356 2125 414 ClllWSOSTU

2247 355 2562 423 ARCHIEP.
2601 357 2863 414 CONSTA
2872 356 3136 414 NTiNOP.
3710 374 3771 431 30

527 485 742 543 emittis.
787 482 902 539 Non
942 494 1073 551 ergo
1101 479 1172 535 ab
1196 478 1368 535 altero
1395 477 1559 531 vitam
1592 475 1817 543 accepit.
1870 473 2021 529 Sicut
2060 481 2115 527 et

528 580 620 651 qui
661 574 878 632 malitiae
906 582 1095 628 auctor
1117 579 1202 627 est
1221 611 1235 634 ,
1268 569 1384 641 ipse
1412 568 1668 622 malitiam
1696 566 1905 637 gignct;
1935 572 1990 620 et
2013 582 2113 618 au-

527 679 645 725 ctor
681 665 982 731 homicidii,
1014 664 1107 735 qui
1144 660 1487 717 homicidium
1528 660 1733 729 primus
1770 658 1975 714 induxit
2000 674 2014 713 :
2036 658 2115 715 sic

527 769 716 816 auctor
736 760 861 814 vitae
879 767 985 822 est,
1007 755 1096 826 qui
1127 770 1157 807 δ
1183 754 1366 821 seipse
1387 752 1550 806 vitam
1579 750 1760 806 habet.
1794 750 1954 817 Quem
1977 750 2115 806 Deus

526 854 807 919 suscitavit,
837 850 1025 920 inquit.
1051 848 1340 916 Postquam
1372 846 1486 899 luce
1515 844 1723 899 dixerat
1743 883 1759 906 ,
1789 842 1968 897 subdit
1999 860 2012 896 :
2046 843 2114 897 Et

526 946 580 1000 iu
620 946 723 1014 ﬁde
756 942 973 997 nominis
1017 941 1128 1011 eius
1168 938 1331 1001 hunc,
1359 952 1505 1007 quem
1531 951 1619 991 vos
1640 935 1817 990 videtis
1842 945 1888 989 et
1915 936 2071 990 nostis
2093 974 2107 1000 ,

525 1035 845 1104 conﬁrmavit
867 1048 1051 1087 nomen
1070 1032 1181 1099 ejus
1201 1044 1222 1085 :
1241 1039 1289 1083 et
1312 1028 1457 1098 ﬁdes,
1483 1044 1596 1094 quia
1619 1045 1709 1095 per
1727 1044 1842 1082 eum
1860 1040 1951 1093 est,
1978 1028 2115 1082 dedit

529 1129 573 1182 ei
598 1127 845 1197 integram
865 1123 1130 1178 sanitatem
1156 1122 1324 1174 istam.
1356 1120 1512 1189 Atqui
1540 1119 1585 1174 si
1615 1118 1748 1173 fides
1777 1119 1831 1173 in
1857 1134 2003 1179 eum.
2028 1128 2113 1174 to-

532 1228 641 1277 tum
662 1228 878 1287 operata
900 1225 999 1278 est,
1020 1214 1141 1285 quia
1171 1213 1221 1267 in
1252 1212 1400 1271 illum
1423 1212 1690 1281 speravit;
1714 1226 1811 1267 cur
1831 1228 1935 1266 non
1957 1211 2111 1279 dixit,

530 1310 631 1365 Per
657 1323 875 1371 nomen,
902 1306 995 1362 sed
1018 1348 1033 1371 ,
1067 1304 1135 1358 In
1162 1304 1405 1358 nomine?
1428 1303 1561 1369 Quia
1590 1303 1822 1358 nondum
1845 1302 2115 1358 audebant

530 1400 732 1467 dicere,
763 1399 819 1453 In
850 1398 996 1452 illum
1032 1396 1185 1451 fides.
1215 1396 1289 1451 Ne
1318 1409 1445 1450 vero
1473 1394 1620 1458 illud,
1649 1394 1752 1449 Per
1788 1396 1976 1464 ipsum,
2010 1395 2112 1449 hu-

532 1491 708 1550 milius
735 1497 895 1553 esset,
926 1487 1202 1558 subjuuxit
1228 1504 1243 1540 :
1276 1486 1345 1540 Et
1369 1503 1553 1540 nomen
1575 1487 1688 1556 ejus
1712 1487 2030 1556 conﬁrmavit
2048 1488 2113 1542 ilo

528 1584 655 1639 lum.
688 1582 891 1637 Etcum
918 1580 1021 1635 hoc
1041 1582 1185 1649 prius
1201 1579 1445 1646 dixisset,
1471 1589 1596 1634 tunc
1612 1580 1719 1633 ait:
1742 1578 1807 1633 Et
1832 1580 1978 1648 ﬁdes,
2002 1596 2115 1650 qua:

532 1689 620 1743 per
645 1690 759 1728 aunt
789 1682 881 1738 est,
906 1671 1043 1725 dedit
1065 1671 1143 1725 illi
1167 1673 1413 1741 integrant
1440 1671 1708 1726 sanitatem
1736 1672 1905 1725 istam.
1937 1670 2071 1726 Vide
2094 1713 2109 1738 ,

528 1765 799 1833 quomodo
822 1764 1060 1821 declaret
1083 1778 1143 1820 se
1163 1772 1515 1833 attemperate
1537 1762 1665 1819 illud
1688 1763 1909 1819 dixisse.
1931 1763 2114 1835 Neque

530 1857 674 1913 enim
716 1857 822 1911 alio
853 1870 989 1926 opus
1017 1857 1200 1911 habuit
1225 1855 1290 1910 ad
1316 1856 1803 1921 resurrectionem,
1841 1857 1993 1925 cujus
2019 1872 2114 1912 no-

534 1962 658 2003 tuen
688 1946 936 2002 claudum
959 1987 975 2011 ,
1003 1947 1094 2018 qui
1122 1963 1154 2002 a
1183 1957 1397 2002 mortuo
1424 1946 1559 2001 nihil
1586 1948 1882 2013 differebat,
1912 1948 2111 2003 erexit.

530 2039 828 2109 Perpende.
860 2040 1128 2110 quomodo
1155 2040 1350 2111 ubique
1377 2040 1679 2095 testimonia
1703 2041 1912 2096 illorum
1945 2050 2113 2096 attra-

531 2129 644 2184 hat.
670 2130 926 2199 Superius
954 2129 1096 2186 enim
1126 2130 1298 2185 dixit:
1329 2129 1477 2185 Sicut
1512 2140 1558 2184 et
1592 2132 1689 2200 ipsi
1724 2131 1898 2195 scitis;
1935 2145 2019 2198 ct,
2048 2131 2115 2186 In

530 2222 697 2275 medio
735 2222 913 2285 vestri;
942 2237 1004 2276 ac
1047 2236 1300 2288 rursum,
1334 2222 1493 2287 Quem
1533 2221 1710 2275 uidetis
1749 2233 1796 2276 et
1838 2224 2030 2287 nostis,
2062 2226 2115 2278 in

530 2328 801 2387 conspectu
821 2317 1044 2370 omnium
1064 2326 1278 2370 vestrum
1308 2315 1441 2387 (Act.
1464 2315 1518 2370 2.
1541 2316 1633 2371 ‘22.
1668 2329 1711 2371 et
1732 2319 1785 2373 5.
1811 2318 1920 2387 16).
1954 2319 2112 2387 Atqui

533 2409 865 2475 nesciebant,
908 2408 1079 2477 ipsum
1128 2408 1181 2462 in
1222 2408 1438 2463 nomine
1483 2410 1651 2478 ipsius
1686 2426 1873 2464 sanum
1919 2410 2112 2466 factum

532 2514 684 2563 esse;
716 2499 808 2554 sed
846 2499 1117 2565 sciebant,
1159 2501 1330 2569 ipsum
1371 2500 1617 2555 claudum
1671 2500 1855 2557 fuisse.
1904 2503 1968 2556 Et
2015 2503 2116 2573 ipsi

532 2608 746 2663 quoque
770 2593 859 2663 qui
880 2595 1119 2648 fecerant
1137 2593 1550 2659 conﬁtebantur,
1574 2608 1679 2649 non
1702 2609 1819 2659 sua,
1845 2594 1937 2650 sed
1962 2594 2119 2650 Clu-i-

534 2684 603 2738 sti
633 2684 829 2738 virtute
871 2684 1045 2753 ipsum
1087 2683 1478 2738 consolidatum
1515 2698 1657 2740 esse.
1701 2683 1757 2740 Si
1796 2699 1884 2740 res
1911 2702 2016 2739 non
2046 2687 2117 2741 ita

535 2773 745 2839 fuisset,
777 2784 829 2827 et
863 2788 988 2828 vere
1017 2772 1371 2829 credidissent
1399 2774 1570 2844 ipsum
1602 2776 1958 2831 resurrexisse
1980 2817 1996 2840 ,
2026 2794 2122 2830 no-

536 2864 765 2919 luissent
792 2864 985 2919 mortui
1013 2865 1234 2934 gloriam
1268 2866 1435 2936 magis
1460 2881 1618 2937 quant
1648 2880 1799 2921 suam
1841 2876 2078 2924 statuere
2101 2910 2118 2936 ,

537 2972 659 3011 cum
688 2957 918 3011 tnaxitue
948 2956 1022 3010 illi
1044 2957 1110 3011 ad
1132 2971 1191 3012 se
1213 2961 1560 3027 rcSpicerent.
1586 2958 1787 3014 Deinde
1806 2963 2122 3031 perterritos

538 3052 750 3105 animos
795 3050 1014 3105 fratrum
1056 3053 1272 3107 nomine
1311 3053 1491 3107 statim
1528 3054 1869 3118 consolatur,
1900 3055 2120 3122 dicens,

554 3141 660 3196 Viri
684 3146 886 3211 fratres.
931 3140 1042 3196 Illic
1071 3142 1284 3211 quidem
1330 3143 1460 3197 nihil
1498 3142 1565 3199 de
1602 3144 1793 3215 seipsis
1820 3145 1986 3213 dixit,
2026 3148 2122 3202 sed

541 3247 745 3294 tantum
772 3236 840 3292 de
865 3236 1101 3300 Christo,
1127 3237 1273 3292 Certo
1294 3238 1448 3306 igitur
1473 3250 1766 3308 cognoscat,
1788 3240 1993 3306 dicens,
2016 3258 2125 3295 om-

541 3329 623 3383 nis
666 3329 845 3383 domus
882 3327 1051 3383 Israel
1081 3344 1101 3383 :
1124 3327 1208 3382 hic
1252 3340 1428 3384 autem
1465 3329 1884 3385 admonitionem
1922 3332 2123 3401 adjicit.

542 3421 655 3476 Illic
683 3421 1031 3489 ex5pectavit,
1061 3430 1117 3473 ut
1148 3420 1221 3474 illi
1252 3421 1524 3486 dicerent;
1575 3422 1659 3476 hic
1697 3423 1917 3488 sciebat,
1952 3440 2123 3493 quan-

545 3524 659 3569 tum
687 3514 891 3583 operati
920 3524 1100 3568 essent
1130 3555 1143 3577 ,
1187 3523 1243 3568 et
1280 3515 1420 3583 quod
1462 3515 1572 3583 jam
1615 3515 1689 3570 illi
1741 3518 2128 3575 tractabiliores

544 3615 745 3660 essent.
792 3604 932 3659 Sine
979 3614 1034 3657 ct
1072 3620 1191 3674 qua:
1233 3619 1391 3673 supra
1434 3606 1576 3660 dicta
1621 3609 1864 3673 fuerant,
1912 3626 2017 3664 non
2061 3627 2126 3665 ex

547 3696 841 3765 ignorantia
876 3708 1267 3765 processerant.
1318 3696 1445 3751 Nam
1486 3697 1625 3767 quod
1666 3698 1924 3755 latronem
1958 3705 2128 3770 petic-

554 3790 656 3843 rint
678 3830 693 3849 .
729 3787 868 3856 quod
902 3802 1021 3841 cum
1054 3787 1411 3842 absolvendus
1435 3788 1786 3857 judicaretur,
1812 3792 1862 3845 id
1892 3792 1990 3861 ipsi
2023 3809 2126 3847 non

548 3880 858 3935 admiserint
883 3920 897 3941 ,
930 3879 1068 3948 quod
1090 3879 1339 3933 occidere
1368 3880 1666 3946 voluerint,
1695 3882 1848 3950 cujus
1878 3884 2129 3953 ignoran-

550 3971 635 4024 tite
674 3984 794 4024 esse
841 3970 1076 4037 poterat?
1115 3973 1362 4023 Attamen
1406 3970 1496 4024 dat
1539 3970 1645 4026 illis
1687 3982 2001 4042 potestatem
2032 3992 2131 4029 ne-

548 4063 706 4133 gandi
731 4071 787 4117 et
815 4061 1104 4133 pteniteudi
1139 4062 1206 4119 de
1234 4062 1420 4129 factis;
1466 4064 1575 4117 imo
1609 4065 1770 4119 etiam
1800 4066 2130 4135 probabilem

551 4170 648 4226 pro
676 4155 806 4225 ipsis
825 4153 1191 4209 defensionem
1222 4163 1393 4223 parat.
1419 4164 1473 4209 et
1501 4154 1631 4209 dicit
1658 4173 1671 4207 :
1700 4156 1853 4223 Quod
1886 4159 2133 4211 innocen-

550 4261 657 4304 tem
681 4246 1018 4308 occideretis,
1040 4246 1322 4312 sciebalis;
1351 4248 1492 4317 quod
1517 4249 1805 4318 principem
1828 4251 1973 4314 vitae,
1998 4250 2133 4305 forte

552 4338 901 4409 ignorabatis.
932 4337 997 4392 Et
1025 4336 1151 4391 hinc
1179 4353 1284 4391 non
1309 4338 1430 4393 illos
1450 4339 1595 4393 solos
1616 4355 1645 4392 a
1667 4341 1891 4394 crimine
1920 4342 2131 4408 liberat,

554 4432 651 4487 sed
680 4432 840 4486 etiam
867 4429 1090 4484 sceleris
1116 4439 1383 4483 auctores.
1412 4430 1662 4499 Alioquin
1689 4432 2136 4487 contentiosiorcs

554 4523 676 4578 illos
702 4520 1056 4587 reddidisset,
1095 4520 1140 4573 si
1174 4534 1477 4573 sermonem
1506 4522 1557 4591 i‘n
1584 4522 1977 4577 accusationem
2006 4539 2136 4577 con-

556 4615 823 4669 vertisset.
873 4611 1004 4665 Nam
1051 4610 1140 4680 qui
1187 4625 1348 4681 grave
1388 4611 1657 4680 quidpiam
1697 4615 1986 4681 commisit,
2016 4632 2137 4671 eum

552 4715 854 4769 accusatur,
876 4718 994 4758 sese
1010 4717 1238 4773 purgare
1258 4712 1487 4769 tcutans,
1510 4702 1876 4760 vehementior
1889 4705 2135 4761 efficitur.

558 4797 740 4867 Neque
762 4795 895 4849 ultra
927 4794 1072 4857 dicit,
1105 4793 1478 4859 Crucilixistis,
1508 4796 1810 4861 occidistis;
1840 4798 1954 4861 sed.
1988 4798 2139 4853 Feci-

559 4894 674 4957 stis,
699 4888 767 4944 ad
794 4889 1001 4943 veniam
1028 4887 1147 4941 illos
1168 4886 1459 4941 deducens.
1484 4886 1539 4942 Si
1570 4887 1645 4943 illi
1669 4904 1762 4957 per
1789 4888 2139 4959 ignorantiam

564 4981 827 5041 fecerunt,
862 4979 1030 5033 multo
1056 4978 1225 5048 magis
1257 4978 1346 5040 hi;
1395 4978 1439 5031 si
1486 4978 1591 5031 illis
1632 4979 1939 5045 remittitur,
1972 4983 2142 5035 multo

570 5073 735 5142 magis
763 5072 865 5125 his.
892 5070 1044 5139 Quod
1071 5080 1248 5124 autem
1278 5069 1522 5124 mirabile
1550 5080 1631 5126 est
1655 5111 1671 5136 ,
1704 5080 1757 5125 et
1786 5086 1946 5141 supra
1973 5082 2027 5127 et
2059 5073 2144 5127 hic

566 5181 690 5221 cum
726 5165 965 5226 dixisset,
1010 5164 1117 5216 illic
1155 5163 1390 5232 quidem,
1422 5164 1642 5231 Deﬁnito
1681 5165 1892 5217 consilio
1925 5175 1971 5217 et
2006 5181 2142 5235 pra:-

566 5254 810 5319 scientiu;
857 5254 944 5306 hic
972 5268 1101 5307 vero
1124 5294 1141 5317 ,
1188 5252 1549 5307 Prtenuntiavit
1576 5254 1824 5308 omnibus
1850 5253 2144 5320 Christum,

574 5346 778 5402 nullum
807 5343 1022 5399 adducit
1061 5345 1426 5399 testimonium
1457 5363 1468 5397 :
1499 5346 1702 5415 singula
1732 5347 1875 5400 enim
1905 5347 2147 5401 testimo-

570 5441 677 5505 nia,
710 5454 832 5494 cum
857 5435 1203 5500 criminibus,
1237 5438 1491 5490 ultionem
1521 5438 1856 5493 annuntiant.
1895 5436 1964 5491 Et
1993 5438 2144 5505 dabo,

565 5533 775 5603 inquit,
800 5531 988 5601 impios
1011 5545 1103 5600 pro
1125 5527 1390 5599 sepultura
1417 5530 1525 5599 ejus
1546 5571 1561 5595 ,
1589 5541 1637 5583 et
1662 5532 1839 5585 divites
1869 5548 1961 5601 pro
1988 5542 2147 5586 morte

569 5625 708 5680 illius
737 5622 885 5693 (lsni.
918 5622 1006 5679 53.
1032 5622 1122 5689 9);
1152 5630 1204 5676 et
1235 5621 1448 5687 iterum,
1480 5620 1606 5686 Quae
1629 5624 2024 5692 praenuntiavit,
2065 5625 2149 5678 itt-

572 5717 703 5787 quit,
738 5734 825 5783 per
854 5732 909 5768 os
935 5715 1161 5767 omnium
1183 5712 1563 5782 prophetarum,
1589 5714 1695 5781 pati
1715 5714 1901 5783 ipsum,
1926 5714 2151 5786 implevit

574 5814 664 5867 sic.
696 5810 942 5881 Magnum
969 5808 1301 5864 demonstrat
1324 5804 1635 5863 consilium:
1669 5806 1934 5878 siquidem
1957 5825 2151 5867 omnes

2224 473 2324 529 hoc
2349 472 2618 538 dicebant,
2649 491 2754 529 non
2783 490 2920 529 unus
2947 484 3173 531 tantmn.
3198 474 3379 545 Neque
3397 487 3539 534 certe
3557 479 3670 551 quia
3690 502 3773 558 per

2222 566 2572 636 ignorantiam
2603 567 2742 623 facta
2770 580 2894 623 sunt
2916 609 2931 634 ,
2965 578 3157 637 praeter
3190 567 3285 623 Dei
3312 569 3625 629 voluntatem
3650 575 3773 637 facta

2219 668 2362 713 sunt.

2296 751 2435 806 Deus
2456 753 2675 808 aliorum
2699 753 3013 825 malignitate
3036 755 3193 808 utitur
3225 753 3295 808 ad
3307 752 3509 811 bonum.
3533 760 3772 832 —-\"ide,

2220 854 2414 914 quanta
2456 845 2523 898 sit
2572 845 2663 899 Dei
2706 846 2965 913 sapientia
2990 885 3005 906 ,
3043 861 3165 916 quae
3215 846 3439 900 aliorum
3477 850 3777 921 malignitate

2221 934 2387 990 utitur
2416 936 2481 989 ad
2512 935 2587 999 id,
2614 935 2754 1006 quod
2781 935 2894 989 fieri
2926 950 3062 1005 opus
3090 945 3191 992 est.
3225 934 3481 1005 Implevit,
3513 938 3689 1009 inquit.
3710 945 3777 1001 Nc

2218 1037 2468 1098 putarent
2496 1028 2695 1097 aliquid
2722 1027 2934 1095 deesse,
2965 1028 3066 1083 hoc
3085 1027 3299 1097 adjecit,
3321 1027 3594 1087 declarans
3617 1037 3776 1092 cuiuis

2218 1135 2337 1191 qua:
2367 1120 2473 1190 pati
2505 1119 2677 1189 ipsum
2705 1120 2986 1190 oportebat
3009 1120 3225 1191 impleta
3251 1119 3436 1176 fuisse.
3468 1122 3571 1178 Sed
3601 1141 3665 1181 ne
3690 1144 3778 1197 pu-

2221 1212 2378 1278 tetis,
2409 1212 2534 1283 quia
2578 1211 2693 1266 hare
2731 1212 3009 1283 propheta:
3053 1213 3339 1280 dixerunt,
3370 1223 3424 1268 et
3452 1215 3571 1285 quia
3605 1216 3653 1272 id
3698 1236 3782 1290 per

2219 1302 2570 1372 ignorantiam
2600 1302 2833 1368 fecistis,
2868 1304 2969 1359 hoc
2993 1304 3058 1358 ad
3080 1304 3448 1359 defensionem
3473 1307 3619 1364 vobis
3644 1314 3777 1366 sufﬁ-

2219 1409 2363 1450 cere.
2386 1395 2455 1449 At
2481 1410 2585 1457 non
2616 1396 2684 1449 ita
2710 1394 2872 1461 dicit,
2902 1395 2997 1450 sed
3024 1395 3203 1451 mitius
3232 1412 3246 1450 :
3276 1394 3595 1452 Pmnitemiui
3616 1401 3780 1472 igitur.

2218 1485 2435 1553 Quare?
2459 1486 2526 1542 Ut
2545 1487 2807 1542 deleantur
2825 1498 3028 1557 peccata
3049 1497 3246 1552 vestra;
3266 1503 3371 1542 non
3391 1488 3478 1543 illa
3498 1491 3661 1545 solum
3677 1510 3783 1561 qtae

2220 1580 2272 1634 iu
2299 1580 2659 1651 crucifigendo
2685 1581 2919 1637 admissa
2946 1592 3069 1635 sunt
3099 1600 3111 1635 :
3142 1582 3228 1637 illa
3258 1580 3479 1642 forsitan
3533 1598 3624 1653 per
3646 1586 3780 1654 igno-

2221 1671 2445 1726 rantiam
2474 1673 2608 1728 facta
2636 1682 2793 1738 sunt;
2823 1673 2919 1728 sed
2945 1684 2999 1727 ut
3024 1673 3127 1727 alia
3154 1688 3366 1744 quoque
3386 1685 3598 1743 peccata
3622 1688 3783 1734 vestra

2218 1761 2518 1818 deleantur.
2556 1765 2755 1819 Deinde
2779 1764 2991 1834 adjicit:
3016 1763 3085 1820 Ut
3110 1764 3155 1817 si
3175 1766 3397 1819 venerint
3421 1765 3557 1818 vobis
3582 1776 3786 1839 tempora

2218 1854 2487 1923 refrigerii.
2510 1854 2605 1908 Hic
2625 1854 2692 1909 de
2712 1856 3102 1909 resurrectione
3129 1856 3353 1909 obscure
3380 1855 3610 1925 loquitur
3635 1874 3647 1909 :
3677 1875 3782 1913 nam

2221 1944 2309 1997 illa
2343 1959 2466 1999 vere
2490 1956 2613 2000 sunt
2646 1945 2907 2016 refrigerii
2936 1956 3194 2016 tempora,
3226 1961 3347 2015 qua:
3374 1946 3570 2002 Paulus
3594 1965 3784 2018 qua-rc-

2219 2036 2329 2101 bat,
2357 2036 2543 2093 dicens
2567 2054 2581 2091 :
2612 2037 2679 2091 Et
2697 2055 2789 2093 nos
2812 2040 2897 2106 qui
2924 2056 3099 2092 sumus
3126 2039 3177 2092 in
3203 2038 3550 2103 tabernaculo,
3575 2041 3788 2111 ingentis-

2220 2128 2382 2184 cimus
2401 2130 2596 2200 gravati
2628 2130 2703 2201 (2.
2736 2129 2856 2185 Cor.
2886 2130 2940 2185 5.
2962 2132 3043 2200 ι).
3068 2130 3268 2185 Deinde
3292 2130 3605 2196 ostendens,
3634 2134 3785 2201 ipsum

2220 2235 2341 2277 esse
2358 2230 2655 2292 temporum
2686 2222 2947 2293 refrigerii
2971 2231 3265 2289 auctorem,
3290 2220 3357 2274 Et
3384 2223 3593 2287 miserit,
3617 2224 3787 2293 inquit,

2221 2331 2335 2368 eum
2354 2356 2370 2381 ,
2399 2316 2485 2385 qui
2513 2316 2649 2370 vobis
2686 2326 2804 2369 ante
2847 2314 3149 2385 prtedicatus
3178 2324 3249 2369 est
3267 2355 3283 2381 ,
3319 2314 3502 2370 Jesum
3533 2316 3786 2372 Christum.

2220 2405 2335 2461 Non
2366 2405 2523 2472 dixit,
2555 2406 2806 2462 Deleatur
2828 2416 3100 2475 peccatum
3132 2417 3395 2473 vestrum;
3424 2407 3540 2473 sed,
3573 2407 3789 2474 Pcccata,

2222 2508 2297 2565 et,
2326 2499 2457 2554 illud
2483 2499 2848 2566 subindicans,
2875 2498 3091 2554 Miserit.
3117 2499 3228 2555 Hoc
3253 2500 3338 2554 ubi
3357 2500 3516 2565 dixit,
3536 2516 3637 2554 non
3662 2501 3793 2555 addit

2225 2591 2391 2657 unde;
2407 2590 2502 2647 sed
2520 2591 2690 2646 solum
2715 2590 2897 2660 adjicit
2916 2609 2927 2642 :
2952 2591 3111 2658 Quem
3132 2601 3323 2661 Oportet
3338 2592 3523 2645 cazlum
3542 2592 3792 2662 suscipere.

2226 2682 2419 2753 Utique
2440 2683 2734 2752 suscipere.
2760 2682 2825 2736 Et
2852 2698 2949 2738 cur
2973 2697 3077 2737 non
3104 2683 3258 2746 dixit,
3283 2683 3457 2750 Quem
3482 2685 3668 2739 czelum
3692 2698 3795 2738 sus-

2225 2774 2399 2844 cepit?
2438 2774 2550 2829 Hoc
2590 2775 2743 2845 quasi
2782 2774 2851 2830 de
2893 2774 3086 2845 priscis
3124 2774 3458 2843 temporibus
3497 2774 3625 2831 dicit
3665 2793 3678 2829 :
3718 2775 3798 2829 Sic

2226 2868 2592 2938 dESpeusatum
2632 2878 2754 2935 est,
2798 2869 2878 2924 sic
2917 2869 3261 2925 constitutum
3310 2886 3324 2922 :
3362 2868 3431 2923 de
3453 2876 3648 2924 :cterna
3685 2884 3797 2924 vero

2226 2962 2343 3030 ejus
2363 2961 2642 3016 existentia
2669 2961 2901 3015 nondum
2930 2960 3082 3025 dixit;
3105 2959 3201 3015 sed
3226 2960 3408 3017 adhuc
3431 2961 3500 3015 dc
3520 2964 3799 3017 meonomis

2226 3051 2727 3108 siveincarnatione
2755 3054 2924 3122 pergit
2949 3052 3145 3106 dicere.
3169 3051 3375 3122 Moyses
3403 3054 3608 3124 quidem
3638 3054 3798 3125 loquu-

2228 3156 2309 3201 tus
2336 3158 2406 3202 cst
2437 3146 2664 3216 patribus
2691 3160 2712 3201 :
2746 3145 3055 3215 Prop/letam
3093 3145 3229 3200 vobis
3267 3148 3507 3200 excitabit
3548 3146 3799 3202 Dominus.

2233 3236 2435 3292 Deinde
2482 3252 2605 3291 cum
2650 3238 2897 3305 superius
2945 3237 3164 3291 dixisset
3215 3255 3229 3291 :
3279 3235 3454 3305 Usque
3486 3237 3554 3289 ad
3597 3247 3803 3306 tempora

2229 3329 2558 3384 restitutionis
2583 3330 2829 3393 onminm,
2852 3345 2964 3399 qua:
2993 3330 3227 3398 loquutus
3250 3338 3323 3382 est
3353 3328 3496 3382 Deus
3519 3345 3608 3399 per
3632 3345 3686 3382 os
3710 3344 3805 3381 ont-

2232 3422 2371 3474 nium
2396 3429 2685 3474 sanctorum
2708 3437 2915 3473 suorum
2945 3421 3304 3490 praplietarnm
3331 3437 3364 3472 a
3393 3420 3583 3473 sa’culo
3603 3462 3618 3483 ,
3650 3421 3803 3489 ipsum

2234 3513 2447 3568 tandem
2492 3513 2695 3568 inducit
2741 3512 3032 3568 Christum.
3058 3512 3189 3567 Nam
3230 3514 3272 3566 si
3320 3514 3490 3568 multa
3541 3512 3804 3583 pranlixit,

2234 3605 2511 3673 ipsumque
2534 3603 2720 3658 audire
2757 3613 2969 3672 oportet
3016 3624 3029 3659 :
3075 3620 3179 3658 non
3224 3604 3561 3658 abcrraverit
3600 3603 3743 3673 quis,
3769 3601 3807 3654 si

2232 3695 2375 3751 dicat
2400 3694 2517 3749 haec
2552 3692 2838 3764 prophetas
2866 3694 3085 3749 dixisse.

2303 3787 2358 3841 4.
2404 3786 2653 3855 Alioquin
2689 3800 2818 3841 vero
2848 3786 2960 3839 vult
2985 3785 3268 3841 ostendere
3289 3827 3306 3851 ,
3338 3787 3533 3842 eadem
3567 3788 3677 3856 ipsa
3704 3802 3811 3857 pro-

2235 3880 2423 3949 phetas
2448 3878 2778 3948 praedixisse.
2811 3878 2877 3931 Et
2909 3877 2952 3930 si
2984 3878 3104 3946 quis
3140 3888 3391 3931 accurate
3420 3877 3811 3946 exploraverit,

2238 3972 2324 4026 illa
2355 3970 2607 4036 inveniet,
2643 3970 2768 4025 licet
2814 3969 3041 4025 obscure
3067 3969 3208 4022 dicta
3238 3987 3250 4021 :
3288 3978 3344 4022 ut
3377 3970 3514 4023 nihil
3545 3971 3616 4023 sit
3644 3982 3814 4024 recens

2235 4049 2456 4118 dictdm.
2488 4061 2831 4117 l’rtzdicatum
2855 4101 2869 4124 ,
2908 4060 3096 4129 inquit.
3128 4061 3223 4115 Hic
3267 4061 3386 4115 illos
3431 4063 3596 4115 etiam
3628 4068 3812 4120 terret,

2237 4157 2384 4226 quasi
2432 4155 2595 4209 multa
2641 4153 2815 4209 adhuc
2844 4153 3052 4208 residua
3094 4164 3294 4208 essent.
3327 4153 3617 4221 Quomodo
3656 4161 3815 4206 autem

2238 4247 2448 4301 tlichat
2475 4265 2487 4299 :
2519 4245 2755 4315 Implevit
2780 4262 2859 4305 ea,
2886 4261 2998 4314 qua:
3023 4246 3246 4315 oportuit
3278 4244 3428 4299 illum
3462 4245 3613 4315 pati?
3642 4243 3818 4312 Imple-

2239 4340 2324 4402 vit,
2355 4339 2542 4408 inquit.
2572 4352 2700 4401 non,
2734 4336 3013 4407 lmplctum
3043 4347 3158 4401 est;
3189 4337 3499 4404 declarans,
3531 4338 3704 4407 ipsum
3731 4351 3816 4398 ea.

2239 4447 2357 4501 quae
2404 4430 2509 4499 pati
2566 4430 2883 4499 oportebat,
2936 4428 3274 4498 implevisse;
3317 4444 3444 4499 qua:
3499 4445 3630 4483 vero
3658 4426 3819 4482 futura

2241 4521 2434 4578 deinde
2461 4530 2606 4587 sunt,
2634 4520 2850 4591 impleta
2878 4520 3114 4575 nondum
3145 4536 3287 4575 esse.
3334 4519 3660 4591 Prophetam
3700 4520 3824 4574 vobis

2241 4614 2501 4670 suscitabit
2552 4612 2801 4667 Dominus
2840 4613 2978 4667 Deus
3022 4628 3086 4667 ea:
3140 4611 3386 4684 fratribus
3437 4615 3656 4680 vestris,
3704 4622 3824 4665 tanta

2242 4723 2394 4778 quam
2420 4722 2517 4759 me.
2539 4704 2691 4772 Quod
2719 4704 2838 4758 illos
2859 4705 3097 4760 maxime
3110 4705 3456 4771 conciliabat,
3477 4706 3631 4762 dicit.
3655 4703 3823 4763 Vides,

2244 4797 2513 4868 quomodo
2542 4796 2762 4851 humilia
2789 4796 2945 4850 simul
2978 4807 3033 4852 et
3056 4797 3301 4851 sublimia
3332 4798 3602 4869 spargat?
3632 4797 3827 4852 Humile

2245 4892 2387 4945 enim
2418 4900 2471 4945 et
2499 4889 2728 4944 sublime
2753 4897 2867 4954 cst,
2892 4889 2940 4947 si
2974 4890 3017 4944 is
3038 4931 3053 4953 ,
3083 4890 3170 4959 qui
3199 4890 3251 4944 in
3291 4891 3491 4945 ctelum
3520 4901 3830 4946 ascensurus

2246 4994 2350 5048 est,
2374 4980 2565 5037 similis
2585 4981 2652 5035 sit
2674 4980 2839 5050 Moysi
2865 4998 2878 5035 :
2897 4990 3262 5036 verumtamen
3283 4992 3411 5036 tunc
3430 4998 3682 5052 magnum
3704 4988 3829 5037 erat.

2246 5073 2360 5127 Non
2388 5082 2566 5126 autem
2596 5072 2889 5127 secundum
2919 5072 3153 5144 Moysem
3182 5082 3264 5126 est
3290 5073 3425 5127 illud
3463 5093 3477 5127 :
3507 5073 3577 5127 Et
3603 5074 3696 5128 erit
3735 5088 3834 5125 om-

2250 5167 2328 5220 nis
2371 5166 2459 5236 qui
2502 5181 2604 5218 non
2645 5164 2897 5231 audierit,
2939 5166 3371 5220 exterminabitur.
3423 5167 3708 5223 Innumera
3742 5166 3833 5218 alia

2249 5257 2421 5322 dixit,
2461 5272 2579 5326 qua:
2609 5256 2839 5327 probant
2865 5256 3011 5310 illum
3054 5272 3157 5311 non
3198 5273 3319 5311 esse
3355 5257 3530 5330 Moysi
3573 5258 3833 5312 similem:

2253 5350 2430 5419 itaque
2455 5364 2704 5419 magnum
2736 5350 3097 5403 testimonium
3127 5350 3319 5420 attigit.
3343 5349 3487 5405 Deus
3514 5352 3663 5405 illum
3686 5351 3835 5404 susci.

2254 5444 2374 5497 tabit
2399 5485 2413 5509 ,
2445 5442 2652 5514 inquit,
2684 5444 2747 5498 de
2774 5444 3013 5513 fratribus
3041 5446 3235 5499 vestris.
3272 5444 3498 5516 Moyses
3540 5446 3699 5515 igitur
3736 5445 3840 5514 ipse

2256 5536 2630 5592 interminatus
2653 5545 2735 5590 est
2762 5552 2871 5591 non
2896 5535 3255 5592 audientibus.
3285 5535 3417 5591 Hsec
3439 5540 3620 5593 omnia
3647 5536 3838 5605 adjecta

2257 5636 2400 5682 sunt.
2452 5626 2515 5679 Et
2540 5643 2712 5682 omnes
2755 5627 3015 5697 prapheta:
3035 5667 3050 5692 ,
3080 5626 3284 5696 inquit,
3315 5644 3351 5680 a
3383 5628 3650 5683 Samuele.
3678 5624 3842 5683 Noluit

2258 5717 2496 5787 singulos
2522 5732 2802 5773 recensere
2824 5759 2840 5782 ,
2873 5732 2940 5772 ne
2967 5717 3172 5787 longior
3200 5732 3383 5773 sermo
3424 5728 3605 5784 esset;
3634 5716 3727 5773 sed
3751 5732 3839 5783 op-

2262 5819 2491 5882 portuuu
2520 5824 2648 5866 usus
2674 5809 2869 5886 Moysis
2893 5812 3221 5883 testimonio,
3251 5813 3398 5871 ultra
3425 5812 3577 5878 misit
3603 5826 3718 5873 eos.
3754 5807 3846 5865 V08
