4022 6364
252 307 317 363 19
1230 300 1299 356 IN
1338 299 1524 356 ACTA
1561 297 1829 356 ΑΡοὸΤο

1932 296 2097 352 [ιωι.
2135 293 2368 351 llOMIL.
2411 294 2502 350 IX.
3436 289 3508 346 80

252 431 357 480 ὀν
377 427 412 480 ὁ
437 423 586 490 Θεὸς
609 423 829 493 ἤγειρε,
853 422 1038 494 φησίν.
1076 422 1294 495 Ἐπειδὴ
1322 422 1480 476 τοῦτο
1507 423 1826 492 ἐφθέγξατο,

247 511 490 578 ἐπήγαγε
515 523 529 536 ο
566 507 676 562 Kal
713 507 816 560 ἐπὶ
856 505 932 575 τῇ
959 507 1160 562 πίστει
1187 506 1293 560 τοῦ
1317 507 1608 576 ὀνόματος
1639 505 1826 560 αὐτοῦ

245 590 474 653 τοῦτον,
525 589 600 643 ὃν
651 589 920 658 θεωρεῖτε
975 589 1074 643 καί
1109 589 1329 652 οἴδατε,
1390 589 1717 658 ἐστερέωσε
1760 591 1826 643 τὸ

248 674 426 743 ὄνομα
482 670 709 726 αὐτοῦ·
747 674 845 725 καί
877 671 916 739 η
954 671 1161 736 πίστις
1187 671 1226 738 η
1269 671 1342 724 δι’
1372 672 1560 727 αὐτοῦ
1602 672 1828 727 ἔδωκεν

245 755 397 821 αὐτῷ
418 756 540 822 τὴν
563 756 941 822 ὁλοκληρίαν
965 756 1214 822 ταύτην.
1267 753 1371 808 Καὶ
1405 757 1510 827 μὴν
1535 756 1632 809 ἐὰν
1662 757 1696 826 ἡ
1750 756 1831 820 εἰς

246 841 396 895 αὑτόν
419 841 540 892 ἐστι
577 838 762 900 πίστις
783 841 816 908 ή
847 839 912 890 τὸ
937 841 1050 891 πᾶν
1082 839 1431 909 ἐργασαμένη
1453 878 1468 902 ,
1509 839 1604 892 καὶ
1636 841 1717 892 ὅτι
1750 842 1830 905 εἰς

247 924 398 977 αὑτὸν
420 921 743 978 ἐπίστευσε,
763 920 910 983 τίνος
941 921 1126 974 ἕνεκεν
1147 922 1246 974 οὑκ
1272 917 1445 983 εἶπεν,
1483 923 1580 975 Διά
1603 921 1695 975 τοῦ
1722 922 1832 974 ὀνό-

251 1022 432 1076 ματος,
456 1004 605 1067 ἀλλ’,
648 1005 751 1058 Ἐν
777 1002 859 1068 τῷ
886 1005 1168 1072 ὀνόματι;
1219 1006 1342 1058 ’ὐτι
1371 1005 1522 1057 οὑπω
1566 1005 1830 1078 ἐθάρρουν

246 1093 432 1152 εἰπεῖν,
475 1088 543 1140 Ἦ
565 1089 653 1150 εἰς
681 1087 843 1140 αὑτὸν
875 1087 1078 1150 πίστις.
1107 1087 1226 1140 Ἵνα
1247 1089 1305 1140 δὲ
1336 1087 1410 1158 μὴ
1441 1101 1466 1128 α
1496 1088 1576 1153 τὸ,
1617 1088 1698 1141 Δι’
1725 1089 1830 1142 αὐ-

245 1172 364 1237 τοῦ,
410 1172 676 1226 ταπεινὸν
721 1169 780 1244 ᾖ,
838 1171 1084 1242 ἐπήγαγε
1110 1185 1125 1201 ·
1184 1170 1293 1225 Καὶ
1324 1171 1390 1224 τὸ
1429 1172 1618 1240 ὄνομα
1644 1170 1830 1226 αὐτοῦ

244 1255 617 1322 ἐστερέωσεν
643 1255 832 1307 αὐτόν
877 1253 988 1305 Καὶ
1007 1251 1164 1306 τοῦτο
1197 1253 1462 1324 πρότερον
1487 1252 1676 1316 εἰπὼν,
1710 1253 1830 1307 τότε

247 1337 370 1407 φησί
387 1352 402 1366 ·
429 1337 540 1391 Kal
567 1337 609 1402 ὴ
648 1337 855 1400 πίστις
880 1335 919 1401 ἠ
947 1333 1020 1389 δι’
1049 1335 1235 1389 αὐτοῦ
1258 1334 1482 1389 ἔδωκεν
1510 1335 1670 1401 αὐτῷ
1715 1336 1832 1402 τὴν

246 1423 618 1489 ἀλοκληρίαν
646 1421 892 1484 ταύτην.
922 1419 1082 1490 Ὅρα.
1113 1418 1232 1482 πῶς
1267 1417 1539 1473 δείκνυσιν
1559 1457 1572 1481 .
1610 1420 1692 1474 ὅτι
1735 1420 1830 1473 καὶ

247 1508 413 1560 ἐκεῖνο
442 1503 903 1574 συγκαταβαίνων
933 1500 1105 1555 εἶπεν.
1125 1503 1199 1556 υὺ
1230 1502 1339 1573 γὰρ
1369 1502 1437 1557 ἂν
1462 1503 1649 1574 ἐτέρου
1674 1502 1830 1574 ἐδεή-

247 1588 311 1659 θη
333 1587 467 1658 πρὸς
496 1571 826 1645 ἀνάστασιν,
860 1579 922 1638 οῦ
945 1584 1004 1638 τὸ
1037 1584 1208 1655 ὄνομα
1237 1571 1409 1655 χωλὸν
1445 1571 1595 1638 οὐδέν
1633 1571 1828 1656 νεκροῦ

247 1672 560 1740 διαφέροντα
583 1671 798 1740 ῆγειρε.
822 1667 1044 1732 Σκόπει,
1068 1667 1186 1729 πῶς
1210 1667 1484 1736 πανταχοῦ
1501 1667 1598 1731 τὰς
1624 1685 1831 1739 μαρτυ-

252 1755 362 1826 ρίας
407 1754 592 1806 αὐτῶν
637 1753 960 1805 ἐπισπᾶται.
1021 1750 1301 1820 ’Λνωτέρω
1357 1751 1456 1820 μὲν
1482 1751 1590 1821 γὰρ
1642 1750 1828 1819 ἔλεγεο

249 1838 441 1903 Καθὼς
460 1837 562 1889 καὶ
589 1833 768 1889 αὐτοὶ
792 1833 994 1887 οἴδατε
1013 1845 1028 1860 ⁸
1064 1833 1181 1893 καὶ,
1219 1834 1313 1885 Ἐν
1332 1833 1499 1902 μέσῳ
1521 1832 1688 1902 ὑμῶν
1703 1850 1716 1863 ·
1735 1832 1831 1886 καὶ

250 1920 420 1982 πάλιν,
459 1923 573 1973 Ὃν
590 1929 594 1932 ’
612 1918 881 1987 θεωρεῖτε
907 1917 1005 1970 καὶ
1036 1916 1256 1978 οιδατε,
1279 1916 1566 1972 ἀπέναντι
1589 1917 1832 1970 πάντων

251 2002 426 2072 ὑμῶν.
467 2002 668 2056 Καίτοι
701 2003 762 2053 ἐν
785 2000 864 2070 τῷ
886 2000 1110 2069 ὀνόματι
1147 1999 1313 2052 αὑτοῦ
1354 2001 1451 2053 οὑκ
1485 2000 1679 2070 ᾔδεσαν
1699 2037 1714 2063 ,
1747 2001 1828 2054 ὃτι

255 2088 399 2156 ὑγιὴς
420 2088 676 2155 ἐπῆκεν,
697 2085 835 2138 ἀλλά
859 2084 1016 2138 τοῦτο
1034 2083 1253 2154 ⁴ᾔδεσαν,
1289 2084 1370 2136 ὅτι
1394 2083 1567 2154 χωλὸς
1597 2079 1685 2153 ἦν.
1721 2085 1829 2138 Καὶ

265 2171 401 2226 ωὑτοὶ
422 2169 476 2223 δέ
505 2173 556 2222 οί
588 2169 960 2238 πεποιηκότες
987 2167 1326 2237 ὡμολόγουν,
1359 2167 1442 2220 ὅτι
1482 2168 1582 2221 οὑκ
1609 2167 1714 2238 ἰδίᾳ
1739 2167 1831 2220 δυ-

270 2254 416 2321 νάμει
439 2292 453 2314 ,
483 2251 617 2304 ἀλλά
666 2253 736 2320 τῇ
779 2251 875 2303 τοῦ
907 2249 1146 2321 Χριστοῦ
1200 2249 1516 2320 ἐπερέωτο.
1575 2250 1638 2302 Εἰ
1665 2250 1723 2303 δὲ
1753 2248 1829 2320 μὴ

275 2337 418 2389 τοῦτο
439 2331 524 2405 ῆν,
567 2334 662 2387 καὶ
708 2333 881 2396 ὅντως
909 2329 1266 2402 πεπεισμένοι
1303 2327 1468 2403 ἦσαν,
1493 2333 1576 2386 δτι
1605 2331 1827 2401 ἀνέστη,

271 2421 363 2473 οὑκ
390 2419 450 2473 ἂν
478 2419 746 2487 ἠθέλησαν
777 2413 874 2467 τοῦ
897 2414 1090 2483 νεκροῦ
1106 2414 1205 2486 τὴν
1224 2413 1382 2479 δόξαν
1409 2415 1604 2485 στῆσαι
1631 2413 1830 2484 μᾶλλον

265 2502 407 2574 ῆτῆν
431 2499 652 2564 ἑαυτῶν,
682 2498 781 2552 καί
810 2497 982 2550 ταῦτα
1012 2497 1235 2550 ἐκείνων
1265 2497 1403 2568 πρὸς
1439 2497 1634 2560 αὐτοὺς
1659 2495 1830 2567 όρών-

259 2603 375 2640 των.
404 2579 532 2637 Εἶτα
569 2582 789 2653 πεφοση
799 2582 964 2652 μένας
990 2580 1169 2635 αὑτῶν
1193 2579 1290 2644 τάς
1332 2580 1509 2651 ψυχὰς
1535 2580 1738 2644 εὑθέως
1761 2583 1826 2653 τῇ

254 2667 354 2720 τῶν
400 2666 654 2735 ἀδελφῶν
714 2663 1059 2735 προσηγορίᾳ
1112 2662 1562 2735 παρεμυθήσατο,
1614 2662 1783 2716 εἰπών
1810 2679 1824 2694 ·

257 2750 480 2821 Ἄνδρες
503 2749 790 2816 ἀδελφοί.
849 2748 1000 2800 Ἐκεῖ
1025 2747 1125 2814 μὲν
1145 2746 1252 2817 γάρ
1280 2746 1436 2799 οὐδὲν
1464 2746 1590 2816 περὶ
1619 2744 1829 2799 ἐαυτῶν

248 2829 408 2895 εἶπεν,
450 2833 596 2887 ἀλλὰ
655 2831 817 2902 μόνον
848 2830 876 2870 ι)
918 2831 1170 2902 περὶτοῦ
1204 2828 1462 2900 Χριστοῦ,
1529 2828 1832 2897 Ἄσφαλῶς

244 2913 351 2973 οὖν
384 2915 758 2986 γινωσκέτω,
799 2913 990 2980 λέγων,
1035 2911 1156 2977 πᾶς
1209 2908 1372 2978 οἶκος
1418 2911 1695 2980 Ἰσραήλ·
1743 2913 1831 2964 ὲν-

245 3000 407 3053 ταῦθα
441 2999 504 3052 δὲ
545 2998 647 3051 καὶ
693 2996 1020 3066 παραίνεσιν
1057 2995 1345 3066 προσάγει.
1391 2995 1540 3047 Ἐκεῖ
1567 2995 1831 3064 ἀνέμενεν

245 3084 431 3146 αὑτοὺς
481 3083 694 3135 εἰπεῖν’
741 3078 976 3133 ἐνταῦθα
1003 3079 1118 3150 ᾔδει
1151 3079 1313 3132 πόσον
1348 3078 1696 3149 εἰργάσαντο,
1738 3079 1833 3134 καὶ

242 3167 312 3230 ὡς
333 3161 481 3220 οὗτοι
509 3163 717 3234 μᾶλλον
749 3158 890 3232 ἦσαν
920 3161 1276 3232 ᾠκειωμένοι.
1323 3162 1433 3214 Καὶ
1475 3160 1579 3231 μὴν
1606 3161 1675 3214 τά
1721 3163 1833 3215 ἀνω

241 3249 508 3319 εἰρημένα
542 3247 647 3299 οὑκ
677 3240 746 3316 ἦν
775 3245 1015 3312 ἀγνοίας.
1041 3244 1113 3296 Τὸ
1132 3243 1240 3314 γάρ
1259 3243 1350 3296 τὸν
1373 3241 1572 3315 λῃστὴν
1593 3243 1830 3313 αἰτῆσαι,

239 3333 296 3388 τὺ
317 3334 406 3386 τὸν
435 3343 461 3371 ’³
493 3329 761 3400 κριθέντα
783 3327 1118 3397 ἀπολυθῆναι
1148 3329 1222 3400 μὴ
1250 3327 1450 3392 λαϐεῖν,
1471 3329 1531 3380 τὸ
1557 3330 1652 3381 καὶ
1680 3328 1834 3398 θελῆ-

239 3435 325 3470 σαι
356 3415 602 3480 ἀνελεῖν,
637 3413 797 3475 ποίας
831 3411 1090 3479 άγνοίας;
1138 3410 1278 3462 Ἀλλ’
1318 3412 1465 3482 ὅμως
1499 3411 1711 3464 δίδωσιν
1737 3411 1834 3463 αὑ-

236 3504 344 3565 τοῖς
373 3498 638 3564 ἐξουσίαν
670 3492 1034 3565 ἀρνήσασθαι,
1088 3495 1181 3547 καὶ
1208 3493 1546 3565 μεταγνῶναι
1580 3494 1671 3546 ἐπὶ
1721 3495 1833 3556 τοῖς

233 3582 666 3654 γεγενημένοις·
707 3576 907 3648 μᾶλλον
933 3576 989 3629 δὲ
1019 3576 1114 3629 καὶ
1143 3577 1440 3645 ἀπολογίαν
1475 3577 1614 3646 ὑπὲρ
1652 3574 1831 3629 αὐτῶν

238 3667 559 3736 συντίθησιν
613 3661 1010 3731 εὐπρόσωπον,
1074 3660 1168 3713 καὶ
1218 3659 1556 3727 λέγειοὍτι
1613 3660 1710 3729 μὲν
1738 3654 1832 3712 οὖν

235 3748 410 3819 ἀθῷον
430 3746 719 3817 ἀνῃρεῖτε,
749 3743 925 3814 ᾔδειτε
944 3759 959 3774 ο
985 3744 1065 3795 ὅτι
1093 3741 1148 3794 δὲ
1167 3742 1258 3796 τὸν
1283 3741 1523 3813 ἀρχηγὸν
1542 3740 1640 3811 τῆς
1663 3741 1828 3810 ζωῆς,

238 3831 362 3895 (om;
395 3831 677 3900 ἠγνοεῖτε.
707 3825 816 3880 Καὶ
838 3821 1086 3878 ἐντεῦθεν
1115 3825 1213 3878 οὐκ
1238 3825 1434 3886 αὑτοὺς
1462 3825 1652 3895 μόνους
1671 3824 1832 3894 ἀφίη-

232 3935 316 3970 σιν
350 3913 750 3985 ἐγκλημάτων,
782 3909 918 3964 ἀλλὰ
948 3908 1191 3970 καὶτοὺς
1219 3908 1326 3961 τῶν
1363 3904 1546 3961 κακῶν
1581 3904 1696 3979 [7-5]
1729 3905 1830 3977 ἀρ-

232 4001 584 4071 χιτέκτονας.
616 3992 694 4049 Ἦ
717 3995 826 4064 γάρ
848 3993 914 4046 ἂν
939 3989 1400 4063 φιλονεικοτέρους
1427 3991 1623 4052 αὑτοὺς
1648 3989 1832 4060 ἐποίη-

234 4101 346 4147 σεν,
381 4082 441 4135 εί
469 4097 544 4150 γε.
587 4081 669 4142 εἰς
702 4076 1034 4147 κατηγορίαν
1083 4074 1176 4127 τὸν
1206 4073 1362 4142 λόγον
1416 4072 1704 4144 ἐξήγαγεν.
1772 4073 1830 4125 '0

231 4166 340 4236 γάρ
365 4183 421 4218 τι
452 4162 634 4217 δεινὸν
665 4157 1103 4232 ἐργασάμενοςίι,
1131 4157 1260 4211 ὅταν
1282 4173 1366 4222 τις
1392 4159 1693 4227 κατηγορῇ,
1711 4173 1830 4208 πει-

233 4254 488 4319 ρώμενος
524 4241 931 4309 ἀπολογεῖσθαι,
981 4241 1333 4312 σφοδρότερος
1371 4240 1597 4308 γίνεται.
1634 4242 1740 4294 Καὶ
1768 4240 1828 4292 οὑ

231 4332 380 4399 λέγει
415 4328 615 4382 λοιπὸν
637 4366 652 4390 ,
687 4327 770 4378 ὅτι
817 4322 1250 4394 Ἐσταυρὼσατε,
1292 4323 1617 4393 ἐφονεύσατε
1644 4338 1657 4352 ·
1693 4324 1827 4388 ἀλλ’,

243 4413 612 4482 Ἐπράξατε,
643 4409 736 4462 ἐπὶ
772 4405 1098 4477 συγγνώμην
1124 4406 1318 4470 αὐτοὺς
1349 4405 1514 4474 ἄγων.
1547 4406 1608 4459 Εἰ
1634 4407 1830 4459 ἐκεῖνοι

232 4500 374 4553 κατά
408 4497 666 4564 ἄγνοιαν.
691 4489 870 4561 πολλῷ
902 4489 1100 4560 μᾶλλον
1131 4483 1276 4542 οὗτοι
1297 4506 1310 4520 ι
1344 4491 1392 4542 εἰ
1423 4489 1618 4541 ἐκεῖνοι
1644 4489 1829 4558 ἀφίεν-

230 4602 343 4646 ται,
383 4577 580 4649 πολλῷ
611 4576 808 4647 μᾶλλον
850 4567 1014 4628 οῦτοι.
1045 4572 1118 4626 Τὸ
1149 4571 1206 4626 δὲ
1235 4572 1543 4644 θαυμαστὸν
1563 4614 1576 4638 ,
1619 4574 1701 4626 ὅτι
1737 4573 1830 4626 καὶ

230 4672 347 4722 ἄνω
401 4665 508 4718 καὶ
555 4659 789 4714 ἐνταῦθα
830 4655 1000 4710 εἰπὼν
1027 4698 1041 4723 ,
1083 4657 1200 4708 ἐκεῖ
1254 4655 1375 4726 μὲν,
1419 4655 1498 4724 Τῇ
1532 4656 1826 4726 ὡρισμένῃ

225 4748 440 4817 ,ϐουλῇ
472 4746 576 4800 καὶ
613 4738 979 4812 προγνώσει,
1012 4738 1247 4792 ἐνταῦθα
1269 4739 1344 4800 δέ,
1375 4741 1456 4793 ὅτι
1489 4739 1830 4809 Προκατιῇγ--

229 4838 399 4904 τειλε
422 4833 566 4884 πᾶσι
593 4828 684 4880 τὸν
709 4825 962 4897 Χριστὸν,
986 4821 1218 4894 οὐδαμοῦ
1245 4824 1480 4896 παράγει
1505 4823 1827 4895 μαρτυρίαν,

227 4903 365 4970 διότι
392 4915 610 4982 ἑκάστη
639 4910 816 4962 αὐτῶν
848 4920 871 4947 θ
897 4907 1033 4977 μετά
1065 4903 1275 4958 πολλῶν
1314 4906 1694 4978 ἐγκλημάτων,
1735 4907 1830 4960 καί⁵

228 5001 327 5069 τῆς
379 4995 668 5057 κολάσεως
698 4993 797 5063 τῆς
824 4993 942 5044 κατ’
988 4989 1170 5045 αὑτῶν
1205 4988 1442 5062 εἴρηται.
1497 4991 1607 5046 Kal
1636 4989 1826 5056 δώσω,

230 5084 390 5153 φησὶ,
420 5079 570 5144 τοὺς
620 5075 924 5143 πονηροὺς
955 5075 1088 5129 ἀντὶ
1125 5072 1233 5141 τῆς
1259 5073 1451 5144 ταφῆς
1487 5073 1694 5140 αὑτοῦ,
1727 5075 1826 5129 καὶ

229 5165 379 5230 τοὺς
410 5161 757 5224 πλουσίους
782 5158 915 5211 ἀντὶ
943 5159 1048 5212 τοῦ
1071 5157 1329 5211 θανάτου
1361 5155 1546 5211 αὑτοῦ
1569 5173 1584 5188 ο
1610 5157 1704 5210 καὶ
1727 5159 1829 5211 πάο

232 5250 337 5312 λιν,
370 5252 438 5301 Ἀ
465 5242 956 5313 προκατήγγειλε,
984 5241 1135 5312 φησὶ,
1158 5240 1254 5294 διὰ
1274 5241 1567 5308 στόματος
1589 5239 1830 5294 πάντων

231 5332 355 5386 τῶν
402 5327 734 5397 προφητῶν
762 5325 973 5378 παθεῖν
1009 5325 1218 5388 αὐτὸν,
1269 5325 1624 5393 ἐπλήρωσεν
1653 5325 1848 5378 οὕτω..

231 5415 508 5484 Μεγάλην
531 5412 772 5464 δείκνυσι
796 5409 892 5480 τὴν
921 5409 1136 5478 βουλὴν,
1158 5409 1209 5459 εἴ
1225 5423 1289 5476 γε
1320 5407 1517 5469 πάντες
1541 5406 1696 5460 τοῦτο
1715 5407 1829 5459 ἐλε-

232 5516 352 5568 γον,
388 5497 494 5550 καὶ
525 5494 624 5564 οὑχ
651 5488 733 5557 εἷς
767 5493 942 5562 μόνος.
978 5493 1061 5564 Οὐ.
1084 5493 1190 5562 μὴν
1221 5489 1406 5561 ἐπειδὴ
1434 5491 1576 5544 κατὰ
1606 5491 1828 5560 ἄγνοιαν

232 5583 463 5650 γέγονε,
487 5580 638 5649 παρά
657 5578 719 5631 τὸ
743 5576 821 5646 τῷ
854 5576 972 5646 Θεῴ
1009 5574 1196 5629 δοκοῦν
1219 5575 1460 5644 γέγονεν.

298 5767 324 5794 ³
353 5763 509 5813 Alius
528 5766 606 5810 ἵνα
628 5763 718 5825 γὰρ
743 5762 805 5824 μή
890 5759 918 5799 δ
947 5763 1086 5825 Aliqs
1109 5762 1242 5825 οὑδὲν
1264 5760 1502 5825 προεῖπεν,
1524 5761 1652 5825 ἀλλὰ,
1668 5763 1826 5822 μόνον.

239 5830 259 5858 ε
288 5828 394 5875 Alii
431 5821 656 5881 αἰτῆσαι·
679 5821 848 5886 “if/75:9
871 5825 970 5872 τόν.
1034 5821 1060 5860 τί
1085 5822 1228 5886 Alius
1249 5825 1274 5870 ό
1293 5821 1382 5885 γάρ
1400 5825 1460 5870 τά
1483 5823 1611 5886 δεινά
1637 5821 1832 5886 ἐργαζὸ-

240 5905 402 5949 μενος-
489 5905 510 5915 ν
546 5905 645 5933 mur

244 5951 435 6006 ἑκάστη
473 5947 645 5997 αὐτῶν.

2005 420 2166 492 Ὅρα,
2201 420 2343 489 πόση
2371 419 2466 471 τοῦ
2499 417 2635 472 Θεοῦ
2687 419 2722 488 ή
2756 421 2938 486 σοφία,
2969 416 3098 468 ὅταν
3143 413 3264 476 ταῖς
3310 411 3514 483 ἐτέρων

1933 505 2218 574 πονηρίαις
2249 503 2329 566 εἰς
2351 502 2414 555 τὸ
2431 499 2602 573 δέονῇ
2629 499 3110 570 κατακεχρημένη.
3141 495 3510 564 Ἐπλήρωσε,

1937 586 2118 656 φησίν.
2172 587 2288 640 Ἵνα
2327 585 2402 656 μὴ
2438 585 2703 655 νομίσωσι
2750 582 2936 635 λοιπὸν
2985 580 3372 635 ὑπολείπεσθαί
3415 596 3469 632 τι
3495 619 3510 639 .

1937 668 2096 723 τοῦτο
2123 671 2391 741 ἐπήγαγε,
2419 667 2592 741 δηλῶν
2613 669 2694 721 ὅτι
2719 668 2818 720 ὅσα
2845 665 3036 719 παθεῖν
3066 665 3196 729 ἔδει,
3228 663 3514 734 πεπλήρωο

1933 769 2042 806 ται.
2108 752 2267 807 Ἀλλά
2297 753 2372 824 μὴ
2421 752 2701 822 νομίσητε,
2746 751 2931 821 ἐπειδὴ
2958 751 3006 802 οἱ
3035 748 3310 820 προφῆται
3336 746 3512 801 ταῦτα

1933 831 2104 900 εἷπον,
2127 836 2222 890 καὶ⁵
2255 835 2441 906 ἐπειδὴ
2475 835 2616 890 κατά
2647 835 2868 902 ἄγνοιαν
2901 833 3195 904 ἐπράξατε,
3244 833 3323 885 ὅτι
3352 833 3513 902 ἀρκεῖ

1930 919 2010 983 εἰς
2039 918 2328 988 ἀπολογίαν
2363 919 2491 988 ὑμῖν
2522 917 2698 972 τοῦτο.
2745 917 2882 971 Ἀλλ’
2903 919 2963 971 οὑ
2993 916 3137 986 λέγει
3159 916 3352 979 οὕτως,
3375 914 3511 969 ἀλλὰ

1930 1003 2230 1074 πραότερον
2250 1020 2264 1033 θ
2299 1002 2722 1067 Μετανοήσατε
2775 997 2886 1055 οὖν.
2926 1001 3023 1053 Διά
3053 1000 3104 1053 τί
3131 1016 3144 1064 ;
3181 1002 3286 1065 Εἰς
3318 1000 3384 1052 τὺ
3415 998 3514 1062 ἐξ·

1943 1084 2304 1154 αλειφθῆναι
2328 1083 2494 1153 ὑμῶν
2525 1084 2629 1150 τὰς
2655 1083 2962 1152 ἁμαρτίας.
2986 1084 3060 1136 Οὑ
3096 1082 3322 1151 λέγωτά
3343 1083 3402 1135 ἐν
3431 1081 3511 1151 τῷ

1933 1167 2150 1239 σταυρῷ
2203 1167 2618 1238 τετολμημέναο
2669 1169 2798 1230 ῖσως
2833 1168 3015 1220 ἐκεῖνα
3060 1166 3200 1220 κατά
3246 1167 3505 1234 ἄγνοιαν*

1930 1249 2046 1302 ἀλλ’
2076 1249 2215 1302 ὥστε
2244 1250 2341 1314 τὰς
2379 1250 2573 1320 ἐτέρας
2596 1247 2748 1320 ὑμῶν
2797 1249 3070 1322 ἁμαρτίας
3108 1247 3507 1318 ἐξαλειφθῆναι.

1931 1328 2062 1385 Εἶτα
2100 1333 2326 1402 ἐπάγει·
2355 1332 2548 1398 Ὅπως
2581 1331 2658 1386 ἂν
2689 1331 2946 1386 ἔλθωσιν
2975 1330 3118 1398 ὑμῖν
3149 1331 3338 1400 καιροὶ
3367 1331 3510 1390 ἀνα-

1929 1416 2189 1484 ψύξεως.
2236 1414 2500 1468 Ἐνταῦθα
2529 1414 2785 1487 περὶτῆς
2826 1414 3170 1477 ἀναστάσεως
3207 1414 3509 1482 διαλέγεται
3545 1436 3548 1440 -

1929 1499 2204 1570 ἀμυδρῶς.
2234 1501 2442 1562 Ὄντως
2475 1499 2583 1568 γὰρ
2612 1501 2808 1551 ἐκεῖνοι
2834 1497 3149 1568 ἀναψύξεως
3182 1499 3383 1568 καιροὶ,
3415 1497 3507 1560 οὒς

1929 1581 2181 1653 ἐπεζήτει
2204 1583 2296 1636 καὶ
2325 1582 2553 1646 Παῦλος,
2586 1581 2760 1650 λέγων
2782 1573 2802 1612 ³
2838 1582 2946 1636 Kal
2976 1581 3148 1650 ἡμεῖς
3169 1584 3223 1635 οί
3244 1581 3414 1648 ὄντες
3441 1582 3512 1634 ἐν

1929 1664 2011 1728 τῷ
2035 1663 2250 1729 σκήνει
2295 1663 2655 1733 στενάζομεν
2685 1665 3069 1734 βαρούμενοι.
3115 1660 3248 1717 Εἶτα
3275 1663 3510 1727 δεικνὺς,

1929 1749 2014 1802 ὅτι
2064 1749 2227 1811 αὐτὸς
2278 1748 2386 1801 τῶν
2414 1749 2624 1819 καιρῶν
2658 1749 2756 1817 τῆς
2799 1747 3117 1817 ἀναψύξεως
3161 1747 3354 1812 αἴτιος,
3400 1749 3511 1802 Kal

1928 1832 2283 1899 ἀποστείλῃ,
2311 1832 2467 1901 φησὶ,
2499 1831 2611 1886 τὸν
2637 1832 3208 1901 προκεχειρισμένον
3231 1833 3375 1900 ὑμῖν
3395 1835 3511 1901 ’1η-

1929 1913 2085 1968 σοῦν
2102 1915 2378 1981 Χριστόν.
2405 1916 2520 1969 υὺκ
2543 1912 2715 1980 εἶπεν,
2759 1916 3082 1986 Ἐξαλειφθῇ
3104 1917 3257 1986 ὑμῶν
3281 1919 3313 1986 ή
3341 1918 3514 1990 ἁμαρ-

1929 1997 2040 2060 τία,
2078 1997 2216 2061 ἀλλ’,
2276 2001 2345 2052 Al
2383 2000 2682 2068 ἁμαρτίαι,
2733 2001 2827 2053 καὶ
2869 2001 3084 2071 ἐκείνην
3122 2000 3509 2071 αἰνιττόμενος,

1943 2081 2312 2149 Ἆποστείλῃ.
2349 2082 2522 2136 Τοῦτο
2559 2081 2768 2144 εἰπὼν,
2811 2084 2873 2136 οὑ
2915 2083 3066 2152 λέγει
3111 2079 3276 2138 πόθεν
3302 2084 3509 2148 λοιπὸν,

1929 2162 2064 2216 ἀλλὰ
2101 2164 2260 2233 μόνον
2287 2164 2505 2233 ἐπάγει,
2541 2168 2652 2218 Ὃν
2671 2164 2762 2218 δεῖ
2786 2166 3046 2233 οὐρανὸν
3059 2165 3177 2235 μὲν
3200 2166 3508 2232 δέξασθαι.

1942 2247 2148 2318 Ἀκμὴν
2193 2247 2464 2312 δέξασθαι.
2507 2248 2618 2302 Καὶ
2651 2249 2769 2313 πῶς
2811 2250 2910 2303 οὑκ
2953 2247 3126 2309 εἶπεν.
3159 2253 3254 2306 “Ov
3287 2253 3511 2323 οὐρανὸς

1929 2329 2181 2395 ἐδέξατο;
2212 2329 2381 2384 Τοῦτο
2404 2331 2477 2394 ὼς
2509 2331 2634 2402 περί
2658 2331 2766 2383 τῶν
2796 2333 2907 2385 ἄνω
2949 2333 3155 2403 χρόνων
3196 2334 3512 2406 διαλεγόμε-

1927 2431 2015 2478 νος
2042 2409 2215 2476 εἶπεν,
2244 2413 2429 2477 Οὕτως
2463 2414 2827 2486 ᾠκονόμηται,
2851 2417 3034 2485 φησὶν,
3077 2417 3219 2471 οὑτω
3241 2420 3511 2473 συντέθει-

1928 2513 2018 2548 ται
2051 2494 2071 2533 τ
2095 2511 2108 2523 ·
2141 2496 2267 2567 περὶ
2294 2495 2352 2549 δὲ
2383 2499 2482 2568 τῆς
2528 2497 2746 2551 αἰωνίου
2786 2498 3072 2570 ὑπάρξεως
3108 2501 3273 2554 αὑτοῦ
3303 2503 3512 2556 οὐδέπω

1931 2579 2112 2648 φησὶν,
2139 2579 2251 2632 ἀλλ’
2279 2579 2359 2632 ἐτι
2381 2582 2494 2644 τοῖς
2524 2583 2622 2652 τῆς
2650 2582 2959 2652 οἰκονομίας
2985 2583 3160 2652 λόγοις
3190 2585 3510 2658 ἐνδιατρίϐει

1932 2663 2026 2715 καὶ
2049 2662 2224 2730 λέγει’
2265 2661 2490 2729 Μωσῆς
2513 2663 2631 2731 μὲν
2668 2663 2777 2734 γὰρ
2809 2661 2940 2718 εἷπε
2995 2667 3146 2734 πρὸς
3167 2668 3310 2735 τοὺς
3335 2672 3513 2724 πατέ-

1933 2762 2067 2813 ρας,
2108 2745 2197 2797 ὅτι
2228 2745 2554 2814 Προφήτην
2583 2746 2725 2816 ὑμῖν
2753 2747 3084 2814 ἀναστήσει
3115 2751 3348 2819 Κύριος.
3376 2748 3513 2807 Εἶτα

1929 2829 2188 2913 ἀνωτέρω
2226 2827 2437 2913 εἰπὼν,
2473 2830 2634 2897 Ἀχρι
2687 2830 2922 2898 χρόνων
2962 2832 3510 2902 ἀποκαταστάσεως

1930 2902 2191 2976 πάντων,
2215 2902 2304 2965 ὧν
2328 2910 2636 2979 ἐλάλησεν
2667 2916 2698 2966 o'
2730 2913 2872 2979 Θεὸς
2901 2913 2997 2967 διὰ
3029 2918 3326 2984 στόματος
3357 2919 3510 2972 πάν-

1929 3011 2047 3048 των
2077 2993 2196 3047 τῶν
2213 2994 2398 3062 ἁγίων
2416 2995 2604 3049 αὑτοῦ
2625 2995 2946 3065 προφητῶν
2971 2997 3071 3050 ἀπ’
3097 2996 3330 3065 αἰῶνος,
3349 3001 3512 3055 αὑτὸν

1930 3077 2138 3146 εἰσάγει
2168 3075 2355 3130 λοιπὸν
2381 3077 2471 3130 τὸν
2494 3078 2746 3149 Χριστόν.
2782 3080 2845 3131 Εἰ
2874 3079 2982 3148 γάρ
3027 3081 3197 3136 πολλά
3226 3087 3508 3154 προεῖπεν,

1931 3161 2095 3216 αὑτοῦ
2122 3161 2179 3215 δέ
2205 3160 2423 3215 ἀκούειν
2443 3161 2568 3232 χρὴ,
2601 3162 2701 3215 οὐκ
2724 3162 2788 3216 ἀν
2818 3180 2902 3226 τις
2937 3164 3172 3235 ἁμάρτοι
3195 3165 3368 3221 ταῦτα
3383 3171 3511 3233 τοὺς

1931 3245 2217 3316 προφήτας
2249 3245 2528 3315 εἰρηκέναι
2556 3243 2748 3313 λέγων.

2001 3327 2064 3380 δ’.
2103 3325 2217 3398 [75]
2250 3328 2457 3391 Ἄλλως
2476 3328 2532 3381 δὲ
2561 3327 2702 3382 θέλει
2752 3327 2939 3394 δεῖξαι,
2967 3330 3047 3382 ὄτι
3071 3331 3141 3383 τά
3183 3333 3322 3387 αὐτὰ
3347 3335 3437 3387 καὶ
3462 3337 3511 3389 οἰ

1931 3411 2208 3481 προφῆται
2227 3414 2505 3481 προεῖπον.
2527 3412 2640 3465 Κᾶν
2663 3429 2746 3477 τις
2763 3413 3006 3484 ἀκριϐῶς
3026 3414 3274 3488 ἐξετάζῃ.
3290 3417 3515 3489 εὑρήσει

1931 3494 2025 3547 καὶ
2054 3496 2112 3547 ἐν
2132 3497 2197 3565 τῇ
2236 3495 2446 3566 Παλαιᾷ
2470 3496 2725 3567 ἀμυδρῶς
2762 3497 2880 3567 μὲν,
2929 3498 3193 3568 εἰρημένα
3225 3500 3282 3553 δέ
3304 3513 3318 3529 ⁸
3369 3501 3513 3555 ὥστε

1930 3577 2078 3630 οὐδὲν
2103 3578 2383 3650 νεώτερον.
2413 3578 2521 3631 Τὸν
2547 3580 3134 3648 προκεχειρισμένον,
3156 3584 3338 3654 φησίν.
3391 3584 3510 3638 Ἐνη

1929 3661 2100 3714 ταῦθα
2126 3661 2322 3724 αὑτοὺς
2348 3661 2444 3714 καὶ
2482 3662 2658 3730 φοϐεῖ,
2693 3663 2767 3727 ὡς
2796 3663 3006 3718 πολλῶν
3047 3665 3509 3736 ὑπολειπομένων.

1933 3744 2057 3806 Πῶς
2076 3739 2168 3797 οὖν
2189 3743 2394 3812 ἔλεγεν,
2419 3745 2809 3812 Ἐπλήρωσεν
2827 3745 2866 3799 ἀ
2883 3746 3004 3801 ἔδει
3023 3748 3236 3802 παθεῖν
3253 3766 3272 3812 ;
3301 3751 3516 3818 Ἐπιλή-

1923 3844 2144 3896 ρωσεν,
2173 3823 2346 3890 εἶπεν,
2373 3829 2492 3888 οὑκ.
2536 3827 2859 3898 Ἐπληρώθη
2883 3846 2894 3860 ’
2931 3830 3144 3894 δεικνὺς
3169 3871 3184 3894 ,
3229 3835 3311 3886 ὅτι
3337 3833 3373 3887 ἃ
3409 3835 3515 3904 μὲν

1932 3910 2096 3981 ἐχρῆν
2145 3910 2358 3970 παθεῖν,
2407 3911 2722 3982 ἐπλήρωσεν
2746 3927 2758 3939 ·
2795 3910 2829 3964 ἃ
2862 3911 2918 3964 δὲ
2957 3912 3206 3980 γενέσθαι
3264 3914 3510 3972 λείπεται

1932 3992 2031 4054 ἐτι,
2062 3992 2292 4054 οὐδέπω,
2331 3993 2653 4062 Προφήτην
2671 3993 2818 4059 ὑμῖν
2847 3993 3182 4060 ἀναστήσει
3216 3999 3431 4067 Κύριος
3475 4005 3515 4054 δ

1935 4076 2076 4140 Θεός
2107 4076 2175 4129 ἐκ
2209 4074 2327 4128 τῶν
2380 4075 2659 4146 ἀδελφῶν
2684 4076 2848 4146 ὑμῶν
2873 4079 2952 4144 ὡς
2995 4079 3119 4147 ἐμέ.
3177 4081 3242 4134 Ὃ
3279 4083 3516 4152 μάλιστα

1931 4157 2188 4228 ᾠκειοῦτο
2209 4159 2424 4222 αὑτοὺς,
2451 4159 2618 4228 λέγει.
2661 4160 2842 4232 Ὁρᾷς,
2866 4158 2980 4226 πῶς
3003 4164 3232 4218 ταπεινὰ
3253 4167 3345 4219 καλ⁵
3374 4168 3512 4240 ὑψη-

1929 4243 1997 4294 λά
2047 4243 2408 4313 παρασπείρει
2443 4254 2468 4291 8
2495 4261 2508 4308 ;
2542 4245 2808 4297 Ταπεινὸν
2868 4244 2978 4316 γάρ
3009 4246 3101 4299 καὶ
3132 4248 3352 4319 ὑψηλὸν,
3405 4254 3454 4305 εἰ
3479 4254 3508 4305 ὁ

1934 4324 2139 4394 μέλλων
2172 4328 2252 4388 εἰς
2276 4326 2536 4408 οὑρακφὺς
2561 4327 2770 4380 ἀνιέναι
2800 4326 2941 4381 κατά
2961 4329 3165 4384 Μωσέα
3190 4333 3334 4386 ἐστί·
3368 4335 3508 4408 πλὴν

1931 4408 2064 4460 ἀλλά
2085 4408 2220 4470 τέως
2262 4408 2404 4476 μέγα
2429 4404 2516 4479 ἦν.
2548 4410 2624 4462 Οὑ
2652 4409 2758 4481 γὰρ
2781 4409 2845 4481 δὴ
2881 4411 3020 4464 κατά
3053 4413 3253 4467 Μωσέα
3287 4415 3365 4480 τὸ,
3397 4404 3506 4472 Kal

1930 4493 2100 4545 ἐσται
2129 4490 2248 4572 πᾶς
2277 4495 2309 4546 ό
2322 4492 2408 4572 μὴ
2443 4493 2678 4546 ἀκούων
2705 4493 3290 4562 ἑξολοθρευθήσεται.
3323 4502 3505 4572 Μυρία

1931 4575 1986 4628 δὲ
2013 4576 2107 4628 καὶ
2137 4570 2269 4628 ἄλλα
2289 4571 2408 4628 εἷπε
2432 4577 2500 4629 τὰ
2529 4577 2829 4640 δεικνύντα,
2856 4579 2936 4632 ὅτι
2962 4581 3060 4632 οὑκ
3083 4580 3195 4634 ἔστι
3216 4583 3354 4636 κατὰ
3378 4570 3504 4638 Μω-

1934 4658 2050 4723 σέα,
2076 4657 2215 4711 ὥστε
2239 4655 2480 4728 μεγάλης
2501 4661 2674 4732 ἥψατο
2693 4662 3015 4733 μαρτυρίας.
3061 4664 3121 4715 '0
3163 4666 3304 4730 Θεὸς
3321 4667 3504 4719 αὑτὸν

1929 4740 2283 4809 ἀναστήσει,
2334 4743 2515 4812 φησὶν,
2549 4745 2618 4797 ἐκ
2650 4744 2767 4796 τῶν
2818 4744 3088 4812 ἀδελφῶν
3122 4747 3305 4814 ὑμῶν.
3341 4748 3500 4801 ’Ὥστε

1929 4825 2133 4895 Μωσῆς
2161 4825 2324 4888 αὐτὸς
2354 4827 2617 4896 ἠπείλησε
2642 4830 2753 4889 τοῖς
2788 4827 2860 4895 μὴ
2892 4827 3165 4882 ἀκούουσι.
3201 4831 3380 4883 Ταῦτα
3407 4832 3502 4885 ὅλα

1931 4907 2215 4976 ἐπαγωγά.
2246 4909 2358 4962 Kal
2387 4909 2609 4975 πάντες
2634 4910 2719 4971 δέ,
2753 4910 2935 4977 φησὶν,
2963 4912 3016 4962 οὶ
3058 4910 3350 4980 προφῆται
3385 4916 3503 4970 ἀπὸ

1929 4990 2229 5059 Σαμουὴλ.
2252 4993 2364 5045 Οὑκ
2386 4992 2616 5063 ἠθέλησε
2641 4990 2760 5044 καθ’
2797 4991 3023 5045 ἕκαστον
3044 4994 3334 5060 ἐπεξιέναι,
3364 4997 3507 5052 ῶστε

1933 5073 2006 5142 μὴ
2036 5073 2243 5143 μακρὸν
2291 5074 2515 5143 ποιῆσαι
2543 5075 2636 5126 τὸν
2690 5073 2882 5141 λόγον’
2933 5075 3069 5130 ἀλλά
3101 5080 3320 5150 καιρίας
3371 5099 3507 5152 μνη-

1932 5155 2078 5218 σθεὶς
2107 5156 2408 5228 μαρτυρίας
2440 5157 2537 5225 τῆς
2560 5155 2876 5227 Μωσαῖκῆς,
2901 5160 3261 5232 παρέπεμψεν
3288 5165 3500 5229 αὑτούς.

1941 5238 2137 5306 ’ΥμεῙς
2172 5240 2335 5302 ἐστε,
2355 5239 2541 5308 φησὶν,
2575 5239 2690 5292 υἱοὶ
2723 5239 2843 5294 τῶν
2879 5243 3218 5312 προφητῶν,
3260 5247 3358 5300 καὶ
3396 5247 3509 5315 τῆς

1929 5323 2215 5389 διαθήκης
2244 5319 2318 5391 ἧς
2345 5321 2568 5376 διέθετο
2589 5325 2621 5376 ὀ
2646 5325 2808 5390 Θεός.
2845 5324 2959 5393 Τῆς
2977 5326 3286 5395 διαθήκης,
3317 5332 3504 5401 φησὶν,

1927 5405 2065 5470 υἱοὶ,
2096 5406 2362 5468 τουτέστι,
2409 5405 2752 5478 κληρονόμοι.
2785 5409 2903 5462 Ἵνα
2931 5409 3039 5480 γάρ
3069 5412 3144 5482 μὴ
3182 5411 3401 5476 δόξωσιν
3429 5413 3507 5478 ὼς

1929 5489 2037 5543 ἀπὸ
2070 5489 2291 5559 χάριτος
2322 5487 2530 5559 Πέτρου
2561 5489 2733 5542 ταῦτα
2765 5489 3081 5561 λαμϐάνειν,
3107 5493 3392 5555 δείκνυσιν,
3424 5497 3505 5548 ὅτι

1929 5571 2134 5627 ἄνωθεν
2193 5571 2377 5633 αὐτοῖς
2408 5571 2690 5640 ὠφείλετο,
2737 5573 2823 5628 ἵνα
2864 5574 3063 5644 μᾶλλον
3120 5575 3502 5639 πιστεύσωσιν,

1850 5688 1861 5698 ~
1928 5657 2009 5709 ὅτι
2042 5653 2137 5707 καὶ
2160 5652 2240 5724 τῷ
2269 5652 2388 5724 Θεῷ
2406 5655 2563 5708 τοῦτο
2590 5655 2755 5709 δοκεῖ.
2791 5656 2951 5726 Ὑμῖν
2987 5655 3222 5726 πρῶτον
3243 5659 3504 5728 ἀναστή-

1929 5753 2066 5804 σας,
2101 5738 2286 5808 φησιν,
2322 5741 2354 5793 ό
2391 5739 2535 5807 Θεὸς
2559 5739 2666 5793 τὸν
2696 5739 2888 5795 Παῖδα
2917 5740 3106 5797 αὐτοῦ
3125 5740 3503 5804 ἀπέστειλεν.

489 5879 740 5949 ἴωσι-ειη
770 5879 890 5936 'viiio
945 5879 1314 5949 lypograuhico;
1349 5879 1620 5946 ιὶαοτυοίαν.
1664 5879 1829 5935 Ἀώσει

1995 5887 2015 5926 Ῑ
2053 5887 2152 5938 Alii
2191 5889 2470 5936 συντίθεται.

1997 5953 2022 5990 ⁸
2048 5950 2146 6001 Alii
2171 5950 2494 6013 κατασπείρει.
