4022 6364
458 331 529 392 Εἰ
1167 329 1225 383 S.
1265 324 1552 383 JOANNIS
1587 323 2077 381 CHRYSOSTOMI
2117 328 2440 387 A’RtZHIEP.
2480 327 3033 385 CONSTANTINOP.
3654 330 3732 388 82

453 443 579 502 Ὁύκ
606 441 780 509 εἶπεν,
819 444 1001 515 Ὑμῖν,
1037 441 1247 505 ἁπλῶς,
1275 438 1566 495 ἀπέστειλε
1601 439 1694 493 τὸν
1738 439 1911 492 Παῐδα
1945 440 2043 492 αὐ-

462 534 578 595 τοῦ,
613 533 748 588 ἀλλά
782 535 896 595 καὶ,
925 531 1062 602 μετά
1101 532 1200 601 τὴν
1233 530 1548 589 ἀνάστασιν,
1586 528 1679 580 καὶ
1712 527 1800 579 ὅτε
1844 530 2043 580 ἐσταυ-

466 625 635 696 ρώθη.
670 624 790 677 Ἵνα
820 622 928 691 γὰρ
964 620 1039 691 μὴ
1076 619 1387 689 νομίσωσιν,
1423 619 1506 670 ὅτι
1550 616 1713 679 αὐτὸς
1743 617 1840 687 μὲν
1869 615 2043 670 ταῦτα

463 713 769 785 ἐχαρίζετο,
802 715 830 765 0
856 713 909 766 δὲ
938 712 1127 781 Πατὴρ
1158 709 1298 780 οὐχὶ,
1326 708 1413 761 διά
1436 706 1595 760 τοῦτο
1626 705 1933 777 προσέθηκε
1961 705 2043 767 τὸ,

464 802 854 870 Εὐλογοῦντα
874 800 1047 869 ὑμᾶς.
1082 798 1146 850 EE
1179 798 1285 865 γὰρ
1323 795 1551 865 ἀδελφὸς
1581 795 1735 866 ὑμῶν
1763 794 1923 858 αὐτὸς
1953 795 2047 847 καὶ

462 891 676 959 εὐλογεῖ
701 891 863 960 ὑμᾶς,
900 888 1192 957 ὑπόσχεσις
1217 886 1276 938 τὸ
1309 885 1543 956 πρᾶγμά
1586 886 1735 938 ἐστι·
1777 883 2044 945 τουτέστι,

463 978 726 1031 Τοσοῦτον
750 977 981 1048 ἀπέχετε
1007 974 1099 1029 τοῦ
1144 974 1218 1046 μὴ
1252 975 1529 1027 κοινωνεῖν
1565 971 1794 1034 τούτοις,
1839 972 1921 1024 ὅτι
1953 972 2047 1024 καὶ

461 1070 575 1130 τοῖς
600 1052 780 1129 ἄλλοις
809 1067 952 1137 ὑμᾶς
971 1063 1175 1128 αίτίους
1196 1063 1289 1115 καὶ
1308 1062 1586 1134 ἀρχηγοὺς
1617 1061 1860 1131 βούλεται
1892 1059 2046 1128 γενέ-

465 1156 608 1209 σθαι.
636 1153 845 1208 Οὐκοῦν
868 1153 941 1223 μὴ
964 1154 1037 1217 ὼς
1066 1165 1091 1193 α
1113 1151 1514 1223 ἀπερριμμένοι
1556 1148 1827 1205 διάκεισθε
1860 1148 2049 1220 ἢάπο-

461 1242 805 1312 ϐεϐλημένοι.
849 1242 951 1294 Ἐν
987 1238 1066 1303 τῷ
1101 1238 1519 1307 ἀποστρέφειν,
1564 1237 1748 1308 φησὶν,
1788 1236 2049 1292 ἕκαστον

462 1334 581 1388 ἀπὸ
616 1331 735 1386 τῶν
787 1330 1107 1399 πονηριῶν.
1145 1328 1332 1392 Οὐτως
1364 1329 1507 1399 ὑμᾶς
1541 1328 1772 1396 εὐλογεῖ,
1826 1327 1921 1381 καὶ
1950 1328 2048 1398 οὐχ

464 1422 669 1486 ἁπλῶς.
704 1423 815 1475 Καὶ
842 1420 971 1473 ποία
995 1419 1132 1490 αὐτη
1164 1418 1419 1487 εὐλογία;
1462 1418 1710 1488 Μεγάλη.
1741 1418 1815 1470 Οὐ
1846 1419 1952 1487 γάρ
1983 1416 2047 1487 δὴ

463 1511 523 1565 τὸ
549 1508 887 1580 ἀποστρέψαι
916 1507 1023 1561 ἀπὸ
1053 1506 1350 1576 πονηριῶν,
1381 1504 1538 1558 τοῦτο
1567 1506 1748 1558 ίκανδν
1769 1504 1863 1558 καὶ⁵
1887 1503 2047 1557 λῦσαι

464 1596 653 1661 αὐτάς.
681 1598 741 1651 Εἰ
770 1597 826 1650 δὲ
852 1597 943 1650 καὶ
972 1596 1130 1650 λῦσαι
1174 1595 1271 1665 οὐχ
1304 1593 1484 1647 ἱκανὸν
1514 1589 1602 1664 ἦν,
1655 1592 1772 1656 πῶς
1802 1591 2048 1660 εὐλογίαν

467 1686 808 1757 παρασχεῖν;
837 1684 911 1737 Οὐ
945 1684 1053 1755 γάρ
1081 1684 1145 1755 δὴ
1171 1684 1200 1736 0
1220 1681 1518 1753 ἠδικηκὼς,
1549 1682 1651 1752 ἤδη
1688 1682 1781 1734 καὶ
1809 1681 2049 1749 εὐλογεῖ-

465 1790 577 1840 ται,
611 1772 727 1825 ἀλλ’
763 1772 1176 1842 ἁμαρτημάτων
1200 1769 1438 1837 ἀφίεται.
1487 1769 1561 1821 T0
1598 1768 1676 1832 δέ,
1721 1768 1817 1834 Ὧς
1841 1767 1965 1837 ἐμὲ,
2000 1767 2048 1821 εί

472 1861 547 1931 μὴ
599 1860 740 1913 κατά
770 1859 860 1913 τὸν
909 1858 1009 1928 τῆς
1040 1855 1361 1927 νομοθεσίας
1403 1873 1484 1919 τις
1522 1856 1722 1927 τρόπον
1750 1854 2047 1919 ἐκδέξαιτο,

467 1947 707 2018 οὐδαμοῦ
743 1946 897 2015 λόγον
924 1944 991 1999 ἂν
1021 1943 1255 2014 ἀλλαχοῦ
1290 1943 1421 2010 ἕξοι.
1458 1943 1655 1998 Αὐτοῦ
1687 1944 2047 2005 ἁκουσεσθε,

468 2036 630 2106 φησί·
686 2036 779 2088 καὶ
808 2034 906 2103 οὐχ
955 2031 1160 2097 ἁπλῶς,
1205 2031 1343 2095 ἀλλ’,
1376 2032 1589 2084 Ἔσται
1648 2030 1817 2085 πάσα
1854 2030 2049 2100 ψυχὴ.

469 2123 601 2190 ἣτις
627 2122 704 2175 ἂν
731 2120 817 2189 μὴ
855 2120 1093 2186 ἀκούσῃ
1128 2118 1236 2172 τοῦ
1297 2118 1609 2187 προφήτου
1650 2117 1911 2181 ἐκείνου,
1953 2119 2051 2183 ἐξ·

469 2207 975 2276 ολοθρευθήσεται
1010 2206 1079 2259 ἐκ
1109 2205 1216 2259 τοῦ
1241 2205 1416 2262 λαοῦ.
1445 2206 1575 2258 Ὅτε
1608 2205 1806 2268 αὐτοὺς
1853 2204 2053 2270 ἔδειξεν

469 2294 882 2367 ἡμαρτηκότας,
909 2294 1003 2346 καὶ
1037 2292 1370 2363 συγγνώμης
1402 2292 1695 2361 μετέδωκε,
1718 2293 1829 2346 καὶ
1875 2295 2051 2364 ἐπηγ-

468 2384 685 2451 γείλατο
729 2383 943 2453 χρηστά
966 2397 981 2412 °
1013 2381 1135 2434 τότε
1164 2381 1228 2452 δὴ
1257 2380 1548 2444 δείκνυσιν,
1588 2381 1668 2434 ὅτι
1722 2382 1818 2434 καὶ
1848 2383 2053 2452 Μωσῆς

467 2470 527 2523 τὸ
561 2470 693 2524 αὐτὸ
710 2470 877 2538 λέγει.
905 2469 1017 2523 Καὶ
1040 2468 1170 2522 ποία
1187 2467 1323 2538 αὐτη
1350 2468 1640 2521 ἀκολουθία
1661 2471 1854 2533 εἰπεῖν,
1890 2470 2054 2538 Ἄχρι

468 2558 582 2631 [76]
610 2559 844 2627 χρόνων
874 2555 1446 2621 ἀποκαταστάσεως,
1483 2556 1578 2610 καὶ¹
1604 2558 1902 2626 ἐπαγαγεῖν
1923 2558 2055 2611 Μω-

471 2646 568 2699 σέα
588 2646 834 2714 λέγοντα,
860 2645 943 2697 ὅτι
973 2644 1149 2697 πάντα
1178 2643 1524 2706 ἀκούσουσιν,
1551 2643 1587 2696 ὃ.
1606 2644 1720 2715 ἐρεῖ
1746 2646 1774 2697 0
1799 2644 2051 2715 Χριστός·

470 2739 563 2792 καὶ
580 2737 677 2806 οὐχ
696 2734 902 2797 ἁπλῶς,
932 2732 1068 2788 ἀλλά
1100 2733 1237 2803 μετά
1259 2732 1485 2802 ἀπειλῆς
1508 2732 1745 2803 φοϐερᾶς
1764 2751 1778 2799 ;
1803 2733 2050 2802 Μεγάλη·

466 2826 706 2878 δείκνυσι
738 2822 867 2893 γάρ,
902 2824 984 2876 ὅτι
1018 2821 1112 2875 καὶ
1134 2821 1221 2874 διὰ
1247 2820 1406 2875 τοῦτο
1438 2821 1724 2875 πείθεσθαι
1751 2823 2054 2891 ὀφείλουσιν

469 2912 639 2985 αὐτῷ.
678 2913 741 2965 Τί
762 2914 930 2974 ἐστιν,
979 2912 1099 2966 Υἱοὶ
1126 2910 1244 2964 τῶν
1276 2910 1617 2981 προφητῶν,
1654 2912 1752 2965 καὶ
1781 2912 1891 2981 τῆς
1927 2912 2054 2967 δια-

469 3001 690 3071 οήκης;
716 3001 1073 3071 Κληρονόμοι,
1113 3000 1364 3071 διάδοχοι.
1391 3002 1453 3054 El
1476 2997 1569 3053 οῦν
1594 3003 1718 3062 υἱοὶ,
1752 3002 1804 3055 τί
1831 3002 1908 3066 ὡς
1929 3003 2055 3072 περὶ

468 3090 725 3161 ἀλλότρια
753 3088 1028 3142 διάκεισθε
1060 3088 1194 3158 πρὸς
1219 3088 1289 3141 τά
1318 3088 1594 3159 ὐμέτερα;
1640 3090 1782 3158 Ἀρα
1817 3106 2055 3159 κατηγο-

474 3176 594 3249 ρίας
618 3177 715 3248 μὲν
738 3176 1011 3247 ἐπράξατε
1037 3174 1163 3239 ἀξια
1181 3191 1195 3205 ·
1224 3176 1520 3247 δυνήσεσθε
1548 3176 1604 3229 δέ
1632 3176 1781 3248 ὅμως
1813 3175 2056 3245 συγγνώ-

473 3284 582 3339 μης
607 3268 812 3337 τυχεῖν.
836 3260 969 3318 Εἶτα
997 3264 1183 3334 ἐπειδὴ
1220 3261 1342 3317 εἷπε
1370 3264 1563 3329 ταῦτα,
1614 3266 1838 3329 εἰκότως
1872 3266 2056 3320 λοιπὸν

469 3354 619 3425 λέγει
640 3371 653 3385 ·
698 3353 869 3423 Ὑμῖν
888 3353 1249 3407 ἀπέστειλεν
1282 3356 1314 3406 ό
1349 3352 1491 3417 Θεὸς
1523 3352 1629 3405 τὸν
1652 3354 1841 3407 Παῐδα
1866 3356 2055 3409 αὑτοῦ

469 3442 842 3513 εὐλογοῦντα
861 3440 1037 3510 ὑμᾶς.
1074 3440 1187 3492 Οὐκ
1208 3436 1348 3503 εἷπε,
1376 3439 1645 3506 Σώζοντα,
1683 3440 1796 3494 ἀλλ’
1820 3442 1848 3494 ὃ
1873 3444 2056 3512 μεῖζόν

471 3534 640 3595 ἐστιν,
671 3528 1089 3597 Εὑλογοῦντα·
1115 3528 1350 3591 δεικνὺς,
1383 3529 1464 3581 ὅτι
1484 3530 1512 3581 0
1548 3528 1881 3600 σταυρωθεὶς
1904 3530 2050 3584 εὐλο-

470 3621 561 3688 γεί
584 3618 710 3681 τοὺς
760 3615 1200 3686 σταυρώσαντας.
1238 3613 1621 3685 Μιμησώμεθα
1669 3615 1844 3669 τοίνυν
1870 3617 2056 3671 τοῦτον

474 3707 569 3761 καὶ
590 3707 768 3777 ἡμεῖς.
807 3702 1157 3772 Ἑκϐάλωμεν
1182 3702 1358 3772 ψυχήν
1389 3703 1611 3775 φονικὴν
1646 3706 1741 3758 καὶ
1769 3705 2055 3776 πολεμίαν.

474 3794 587 3864 Οὐχ
613 3794 773 3865 ἀρκεῖ
804 3792 863 3843 τὸ
899 3791 971 3861 μὴ
1004 3789 1312 3860 ἀμύνασθαι
1339 3790 1530 3861 (τοῦτο
1554 3793 1648 3844 καὶ
1669 3794 1725 3845 ἐν
1753 3796 1815 3863 τῇ
1848 3793 2059 3865 Παλαιᾷ

473 3882 737 3951 γέγονεν),
760 3879 895 3933 ἀλλά
930 3879 1109 3932 πάντα
1133 3879 1461 3949 πράττωμεν
1492 3881 1630 3951 ὐπὲρ
1661 3881 1770 3934 τῶν
1805 3882 2060 3951 ἠδικηκό-

474 3988 602 4033 των,
631 3970 706 4033 ὡς
741 3969 880 4040 ὑπὲρ
907 3968 1075 4037 φίλων
1104 3967 1364 4038 γνησίων,
1398 3968 1473 4031 ὡς
1506 3969 1645 4040 ὐπέρ
1673 3970 1834 4042 ήμῶν
1854 3971 2055 4026 αὐτῶν.

487 4058 727 4111 Ἑκείνου
761 4056 994 4128 μιμηταί
1037 4057 1224 4125 ἐσμεν,
1262 4054 1471 4107 ἐκείνου
1507 4056 1743 4127 μαθηταὶ
1784 4056 1878 4111 τοῦ
1922 4060 2061 4129 μετὰ

476 4146 536 4199 τὸ
563 4133 939 4215 σταυρωθῆναι
970 4144 1150 4197 πάντα
1189 4143 1464 4208 κινοῦντος
1508 4144 1645 4216 ὐπέρ
1675 4144 1783 4198 τῶν
1815 4163 2061 4217 σταυρω-

479 4234 706 4296 σάντων,
739 4233 832 4285 καὶ
862 4232 986 4294 τοὺς
1016 4231 1344 4294 ἀποστόλους
1365 4233 1756 4303 ἐκπέμποντος.
1778 4233 1966 4286 Καίτοι
1993 4250 2057 4302 γε

475 4324 638 4393 ἡμεῖς
675 4318 940 4390 πολλαχοῦ
967 4319 1061 4372 καὶ
1086 4319 1310 4383 δικαίως
1338 4320 1621 4390 πάσχομεν
1645 4337 1660 4352 ·
1685 4322 1890 4384 ἐκεῖνος
1918 4322 1975 4374 δέ
1996 4322 2057 4375 οὐ

482 4410 640 4479 μόνον
671 4408 887 4471 ἀδίκως,
920 4406 1057 4459 ἀλλά
1085 4406 1179 4459 καὶ
1214 4407 1426 4471 ἀσεϐῶς
1448 4424 1461 4437 ·
1487 4408 1576 4460 τὸν
1605 4408 1899 4479 εὐεργέτην
1927 4408 2056 4479 γὰρ,

476 4496 568 4549 τὸν
598 4495 750 4548 οὐδὲν
796 4493 1112 4563 ἠδικηκότα,
1171 4492 1359 4547 τοῦτον
1399 4494 1770 4561 ἐσταύρωσαν.
1820 4495 1917 4549 Διά
1964 4497 2055 4562 τί;

476 4585 598 4637 εἰπέ
630 4601 737 4654 μοι,
771 4582 927 4653 δόξης
962 4582 1181 4646 ἓνεκενς
1229 4583 1340 4635 Καὶ
1383 4582 1490 4652 μὴν
1524 4583 1684 4646 αὐτὸς
1713 4585 1910 4648 αὐτοὺς
1941 4585 2060 4638 ἐσέ-

482 4690 665 4745 μνυνε.
700 4671 853 4737 Πῶς;
900 4673 1031 4725 Ἐπὶ
1062 4671 1173 4740 τῆς
1222 4670 1482 4736 Μωσέως
1513 4672 1823 4740 καθέδρας,
1872 4674 2056 4744 φησὶν,

475 4763 763 4815 ἐκάθισαν
790 4761 842 4812 οι
887 4758 1242 4828 γραμματεῖς
1278 4758 1377 4811 καὶ
1401 4761 1453 4811 ol
1500 4761 1826 4827 Φαρισαῖοι.
1859 4762 2061 4815 Πάντα

476 4845 590 4905 οὖν
617 4847 655 4901 ἂ
674 4846 962 4917 λέγουσιν
1005 4846 1147 4915 ὑμῖν
1174 4844 1386 4909 ποιεῖν,
1432 4846 1681 4901 ποιεῖτε·
1713 4850 1862 4903 κατὰ
1893 4849 1961 4903 δὲ
1990 4850 2063 4905 τὰ

478 4938 619 5005 ἔργα
640 4934 838 4991 αὐτῶν
858 4936 944 5005 μὴ
966 4934 1206 4989 ποιεῖτε.
1227 4934 1339 4988 Καὶ⁸
1360 4934 1520 4990 πάλιν
1540 4934 1768 5007 ἀλλαχοῦ
1789 4952 1803 4968 ·
1820 4938 2058 5008 Ὕπαγε,

478 5025 680 5089 δεῖξον
700 5024 961 5079 σεαυτὸν
975 5024 1055 5089 τῷ
1083 5024 1241 5092 ἱερεῖ.
1267 5025 1376 5077 Καὶ
1396 5023 1691 5094 δυνάμενος
1738 5027 1935 5091 αὐτοὺς
1954 5031 2062 5083 ἀπ-

482 5114 682 5176 ολέσαι,
726 5111 908 5176 σώζει.
943 5112 1151 5165 οΓοῦτον
1182 5108 1275 5165 οὖν
1316 5112 1706 5182 μιμητώμεθα,
1737 5116 1833 5167 καὶ
1871 5116 2061 5187 μηδεὶς

480 5202 672 5272 ἐχθρός
702 5219 847 5265 τινος
881 5200 1042 5262 ἔστω,
1080 5200 1267 5270 μηδεὶς
1299 5200 1574 5272 πολέμιος,
1607 5201 1718 5254 ἀλλ’
1745 5203 1778 5273 ἣ
1809 5203 1902 5257 τοῦ
1941 5205 2059 5259 δια-

480 5288 637 5342 δόλου
673 5289 852 5359 μόνον.

558 5376 618 5431 ε’.
636 5379 710 5431 Οὐ
739 5376 933 5449 μικρόν
957 5391 1008 5427 τι
1026 5373 1163 5444 πρὸς
1180 5374 1339 5428 τοῦτο
1354 5377 1446 5429 καὶ
1469 5377 1527 5429 1:0
1545 5378 1619 5449 μὴ
1635 5378 1860 5449 ὀμνύναι
1881 5397 2061 5434 συντε.

478 5468 579 5531 λετ,
620 5467 712 5521 καὶ
742 5466 804 5518 τὸ
836 5464 911 5535 μὴ
941 5464 1275 5533 ὀργίζεσθαι.
1327 5465 1458 5518 Ἀπὸ
1487 5466 1578 5519 τοῦ
1638 5470 1711 5539 μὴ
1744 5469 2060 5539 ὀργίζεσθαι

478 5556 599 5608 οὐδέ
627 5555 818 5625 ἐχθρὸν
848 5551 1059 5622 ἕξομεν.
1100 5552 1372 5621 Ἕκκοψον
1421 5552 1705 5624 ἀνθρώπου
1752 5557 1843 5610 τὸν
1871 5558 2056 5630 ὅρκον,

479 5645 574 5696 καλ¹
597 5642 666 5696 τά
706 5640 882 5711 πτερά
910 5639 1237 5709 περιέκοψας
1266 5640 1365 5711 τῆς
1392 5641 1582 5711 ὀργῆς,
1600 5642 1693 5695 τὸν
1715 5642 1884 5714 θυμὸν
1910 5646 2062 5698 ἔσϐε-

483 5748 578 5793 σας
634 5733 866 5784 ἅπαντα.
916 5727 1126 5798 ’Ὠσπερ
1178 5728 1286 5807 γὰρ
1344 5728 1561 5798 πνεῦμα
1604 5731 1637 5801 ή
1685 5729 1843 5802 ὀργή,
1897 5734 1990 5786 καὶ
2033 5736 2063 5787 0

479 5816 639 5887 ὅρκος
659 5813 842 5867 ἐστίδ.
868 5810 1115 5865 Χάλασον
1151 5812 1218 5865 τά
1248 5813 1411 5866 ἱστία·
1444 5811 1597 5866 οὐδὲν
1637 5812 1828 5883 ὄφελος
1868 5815 2058 5884 ἱστίου,

546 5944 571 6005 f'
609 5942 745 5993 Unus
772 5943 1019 6005 γενέσθαι.
1050 5942 1130 5998 Μή
1158 5941 1350 6005 γάρνὼς.

542 6003 573 6047 ιο
597 6006 746 6056 Savil.
785 6003 976 6066 πνεῦμα
998 6004 1144 6067 ὀργῆς
1174 6004 1201 6052 ὁ
1226 6003 1371 6067 ’ὅρκος
1392 6004 1518 6054 ἐστί.

2148 443 2458 513 πνεύματος
2494 446 2593 498 οὐκ
2620 445 2790 509 ὄντος.
2814 446 2910 498 Ἂν
2931 445 3110 499 τοίνυν
3136 444 3211 515 μὴ
3245 441 3555 516 κράζωμεν,
3595 447 3735 516 μηδέ

2147 528 2457 600 ὀμνύωμεν,
2505 530 2572 582 τά
2602 528 2770 599 νεῦρα
2822 530 3156 599 ἐξεκόψαμεν
3202 529 3296 582 τοῦ
3352 529 3548 600 θυμοῦ.
3579 532 3639 583 Εἰ
3673 532 3735 583 δὲ

2147 611 2446 674 ἀπιστεῖτε,
2506 616 2698 682 πεῖραν
2727 612 2916 666 λάϐετε
2973 613 3438 693 τοῦπράγματος.
3502 614 3594 667 καὶ
3650 615 3736 666 ὅτι

2147 693 2319 757 οὕτως
2344 694 2477 765 ἔχει,
2497 697 2615 748 τότε
2630 696 2922 764 γνώσεσθε.
2947 696 3049 760 Θές
3082 696 3159 767 τῷ
3206 696 3530 766 θυμουμένῳ
3570 697 3737 767 νόμον

2151 778 2420 848 μηδέποτε
2450 779 2697 849 ὀμνύναι,
2754 781 2845 833 καὶ
2869 781 2972 833 οὐκ
3001 780 3391 852 ἀναγκασθήσῃ
3413 797 3477 831 πε
3488 781 3540 848 ρὶ
3559 784 3738 832 ἐπιει-

2148 863 2299 926 κείας
2350 864 2497 933 αὐτῷ
2527 863 2892 934 διαλεχθῆναι.
2953 862 3108 917 Οὕτω
3139 865 3200 918 τὸ
3228 866 3336 917 πᾶν
3358 866 3601 935 ήνυσται·
3640 866 3741 916 καὶ

2148 945 2272 999 οὐτε
2297 947 2674 1017 ἐπιορκήσετε,
2701 945 2822 999 οὐτε
2842 938 3103 1016 ὀμόσεσθε
3121 946 3277 1011 ὅλως.
3310 948 3422 999 Οὐκ
3464 948 3597 1010 ίστε,
3652 949 3741 1009 εἰς

2149 1030 2279 1092 ὅσας
2310 1030 2536 1093 ἀτοπίας
2566 1031 2790 1092 ἑαυτοὺς
2819 1030 3065 1082 ἐντεῦθεν
3100 1030 3429 1099 ἐμϐάλλετε;
3490 1031 3735 1100 Ἀνάγκη

2149 1113 2257 1184 γὰρ
2294 1114 2476 1185 δεσμῷ
2502 1116 2727 1178 ἐαυτοὺς
2757 1114 3189 1184 περιϐάλλοντες,
3214 1116 3308 1167 καὶ
3338 1116 3487 1186 πάσῃ
3517 1119 3737 1185 μηχανῇ

2152 1199 2541 1263 σπουδάζοντες
2578 1199 2717 1252 ὥστε
2744 1201 2994 1270 καθάπερ
3030 1199 3087 1266 ἐξ
3121 1199 3362 1268 ἀφύκτου
3389 1200 3533 1262 τινὸς
3562 1198 3747 1252 κακοῦ

2148 1284 2248 1354 τὴν
2267 1282 2443 1354 ψυχὴν
2468 1283 2772 1349 ἐξελκύσαι,
2814 1280 2931 1338 εἶτα
2950 1284 3025 1354 μὴ
3052 1283 3370 1354 δυνηθέντες
3386 1294 3435 1348 ο,
3454 1283 3637 1336 λοιπὸν
3676 1285 3742 1335 ἐν

2150 1366 2308 1438 ὀδύνῃ
2347 1367 2556 1433 διάγειν
2615 1367 2710 1419 καὶ
2741 1368 2959 1437 μάχαις,
2987 1365 3357 1437 καὶ.ἀρᾶσθαι
3406 1366 3484 1436 τῷ
3547 1364 3742 1435 θυμῷο

2150 1450 2290 1504 ἀλλὰ
2322 1452 2500 1505 πάντα
2525 1451 2647 1521 είκῆ
2701 1452 2796 1504 καὶ
2851 1452 3025 1522 μάτην
3052 1451 3281 1518 γίνεται.
3328 1448 3537 1503 Οὐκοῦν
3583 1449 3747 1502 ἀπεί-

2151 1534 2334 1604 λησον,
2384 1534 2647 1604 διόρισαι,
2687 1536 2863 1589 πάντα
2907 1536 3133 1605 ποίησον
3167 1533 3333 1604 χωρὶς
3383 1534 3569 1603 ὅρκου.
3608 1533 3739 1597 Ἔξ-

2152 1635 2299 1671 εστιν
2331 1617 2593 1672 ἀναλῦσαι
2623 1618 2719 1671 καὶ
2745 1618 2813 1670 τά
2836 1617 3111 1687 λεχθέντα,
3141 1619 3234 1670 καὶ
3259 1618 3328 1670 τὰ
3360 1616 3644 1686 γενόμενα,
3672 1617 3746 1669 ἂν

2153 1700 2332 1774 θέλῃς.
2357 1699 2512 1754 Οῦτω
2548 1705 2785 1772 τήμερον
2830 1701 3039 1771 ἀνάγκη
3075 1701 3373 1770 πραότερον
3412 1702 3537 1769 ὐμῖν
3561 1700 3744 1752 διαλε-

2152 1784 2367 1854 χθῆναι.
2386 1784 2603 1855 Ἐπειδὴ
2628 1785 2734 1855 γὰρ
2749 1784 3037 1854 ἠκούσατε,
3053 1785 3145 1836 καὶ
3174 1784 3233 1836 τὸ
3266 1783 3425 1837 πλέον
3457 1785 3584 1854 ὑμῖν
3608 1801 3747 1836 κατ-

2155 1868 2426 1939 ώρθωται.
2465 1868 2602 1939 Φέρε
2636 1868 2699 1940 δὴ
2733 1868 2936 1931 λοιπὸν,
2985 1869 3128 1928 τίνος
3153 1868 3336 1920 ἕνεκεν
3370 1868 3758 1937 ἐπεισῆλθενὰ

2156 1950 2460 2022 [771ὃρκος,
2479 1951 2571 2004 καὶ
2587 1950 2672 2004 διὰ
2685 1953 2735 2004 τί
2760 1951 3105 2023 συνεχωρήθη
3124 1947 3282 2015 εἶναι,
3301 1952 3747 2021 εῖπωμεν.¹Ἀνω-

2156 2034 2247 2087 θεν
2269 2034 2366 2104 τὴν
2387 2035 2599 2102 γένεσιν
2630 2035 2792 2088 αὐτοῦ
2834 2035 3203 2105 διηγούμενοι,
3232 2036 3326 2087 καὶ
3351 2036 3477 2087 πότε
3516 2035 3741 2105 ἐτέχθη.

2154 2116 2402 2182 καὶπῶς,
2416 2119 2510 2171 καὶ
2525 2118 2675 2189 παρά
2693 2118 2873 2182 τίνων,
2890 2117 3232 2189 ἀμειψόμεθα
3251 2119 3393 2184 ὑμᾶς
3410 2120 3475 2187 τῇ
3492 2117 3754 2188 διηγήσει

2156 2201 2293 2270 ὑπὲρ
2319 2203 2418 2270 τῆς
2449 2202 2693 2271 ὑπακοῆς
2707 2201 2868 2254 d.T0v
2897 2204 2993 2271 μὲν
3027 2201 3134 2271 γὰρ
3154 2201 3553 2271 κατωρθωκότα
3571 2204 3745 2267 ἀναγ-

2156 2286 2310 2337 καῖον
2350 2285 2444 2336 καὶ
2484 2284 2825 2354 φιλοσοφεῖν·
2874 2286 2965 2338 τὸν
3012 2285 3068 2337 δὲ
3130 2286 3374 2355 μηδέπω,
3426 2284 3546 2336 οὐδέ
3585 2284 3746 2352 λόγον

2157 2367 2385 2421 ἀκοῦσαι
2424 2367 2591 2434 ἀξιον.
2632 2367 2923 2439 Ἐποίησαν
2972 2367 3241 2437 συνθήκας
3293 2368 3491 2431 πολλὰς
3520 2369 3570 2420 οἱ
3610 2370 3749 2439 περ).

2155 2452 2247 2503 τὸν
2289 2451 2562 2522 Ἀϐραὰμ,
2606 2452 2702 2505 καὶ
2729 2452 2966 2519 ἔσφαξαν
2997 2450 3231 2519 θύματα,
3268 2452 3361 2503 καὶ
3391 2451 3579 2513 θυσίας
3610 2453 3745 2523 ἀνή-
3832 2500 3844 2513 ,

2156 2550 2378 2601 νεγκαν,
2397 2535 2490 2587 καὶ
2517 2534 2726 2587 οὐδέπω
2746 2535 2811 2606 ἦν
2840 2536 3021 2604 ὅρκος.
3049 2534 3221 2587 Πόθεν
3249 2529 3342 2587 οὖν
3363 2535 3683 2605 ἐπεισῆλθεν
3715 2537 3752 2588 ὀ

2156 2619 2349 2690 ὃρκος;
2397 2620 2526 2672 Ὂτε
2553 2619 2620 2672 τά
2654 2619 2800 2671 κακά
2839 2619 3073 2689 ηὐξήθη,
3133 2620 3220 2673 ὅτε
3256 2618 3430 2672 πάντα
3459 2619 3592 2689 ὀμοῦ
3626 2621 3740 2674 ἀνω

2159 2704 2251 2756 καὶ
2281 2704 2429 2757 κάτω
2446 2703 2687 2770 γέγονεν,
2702 2704 2788 2756 ὃτε
2818 2703 2950 2773 πρὸς
2965 2702 3402 2773 είδωλολατρείαν
3422 2703 3743 2757 ἀπέκλιναν·

2157 2787 2277 2840 τότε
2297 2787 2382 2856 δὴ.
2409 2786 2549 2851 τότε,
2579 2787 2666 2839 ὅτε
2712 2788 2928 2840 ἄπιστοι
2950 2786 3133 2839 λοιπὸν
3160 2788 3456 2855 ἐφαίνοντο,
3488 2786 3580 2839 τὸν
3613 2788 3748 2840 θεὸν

2158 2870 2387 2924 ἐκάλουν
2414 2869 2685 2940 μάρτυρα,
2726 2869 2914 2940 ὥσπερ
2962 2869 3234 2941 ἐγγυητὴν
3267 2870 3497 2933 διδόντες
3522 2871 3628 2923 τῶν
3651 2871 3742 2923 λε-

2157 2954 2403 3024 γομένων
2435 2952 2753 3023 ἀξιόχρεων.
2814 2953 2987 3006 Τοῦτο
3016 2955 3123 3023 γὰρ
3150 2955 3309 3025 ὅρκος
3338 2956 3473 3016 ἐστὶ,
3527 2955 3747 3024 τρόπων

2158 3038 2572 3107 ἀπιστουμένων
2588 3036 2952 3108 ἐγγύη.’¹Ωστε
2970 3037 3159 3109 πρώτη
3175 3039 3475 3109 κατηγορία
3498 3038 3634 3109 αῦτη
3650 3039 3749 3092 τοῦ

2157 3120 2465 3192 ὀμνύοντος,
2489 3122 2535 3174 εί
2566 3122 2639 3193 μὴ
2670 3121 2973 3174 πιστεύοιτο
3000 3122 3168 3191 χωρίς
3189 3123 3517 3190 ἐγγύου,καὶ
3543 3124 3745 3192 ἐγγύου

2161 3204 2422 3274 μεγάλου·
2445 3204 2534 3257 διὰ
2560 3204 2668 3276 γάρ
2684 3206 2782 3275 τὴν
2820 3203 3020 3273 πολλὴν
3055 3205 3313 3258 ἀπιστίαν
3340 3206 3439 3259 οὐκ
3461 3206 3751 3272 ἄνθρωπον

2160 3284 2414 3357 ζητοῦσιν
2472 3288 2687 3354 ἔγγυον,
2724 3287 2859 3340 ἀλλά
2891 3286 2981 3339 τὸν
3010 3286 3159 3340 Θεόν.
3201 3287 3481 3359 Δεύτερον,
3514 3290 3607 3342 καὶ
3646 3290 3746 3344 τοῦ

2159 3370 2525 3440 λαμϐάνοντος
2549 3370 2640 3423 τὸν
2668 3371 2827 3440 ὅρκον
2852 3370 2911 3423 τὸ
2930 3370 3061 3422 αὐτὸ
3092 3370 3363 3442 ἔγκλημα,
3380 3375 3427 3425 εί
3468 3374 3604 3445 ὑπὲρ
3629 3392 3748 3427 συν-

2160 3455 2522 3525 αλλαγμάτων
2561 3454 2968 3524 διαφερόμενος,
2997 3455 3087 3508 τὸν
3132 3455 3263 3510 Θεὸν
3288 3456 3435 3509 ’ἐλκοι
3469 3458 3603 3530 πρὸς
3646 3459 3751 3531 τὴν

2160 3537 2382 3607 ἐγγύην,
2406 3538 2499 3590 καὶ
2514 3536 2662 3605 λέγοι
2686 3539 2759 3609 μὴ
2787 3538 3137 3605 ἀφίστασθαι,
3166 3541 3214 3592 εἰ
3240 3540 3314 3610 μὴ
3348 3542 3552 3593 ἐκεῖνον
3569 3541 3743 3596 λάϐοι.

2164 3628 2228 3679 Ὢ
2256 3626 2353 3694 τῆς
2390 3624 2837 3696 ὑπερϐαλλούσης
2871 3626 3244 3697 ἀναισθησίας,
3284 3627 3329 3679 ὣ
3355 3628 3453 3697 τῆς
3495 3627 3743 3699 ῦϐρεωςί

2162 3706 2376 3778 σκώληξ
2398 3709 2490 3761 καὶ
2511 3708 2580 3779 γῆ
2611 3708 2705 3761 καὶ
2732 3707 2922 3771 σποδὸς
2962 3709 3244 3779 τυγχάνων
3270 3710 3364 3778 καὶ
3401 3712 3623 3775 καπνὸς,
3653 3713 3749 3768 τὸν

2161 3792 2439 3863 Δεσπότην
2469 3810 2560 3845 σου
2584 3792 2762 3855 ἕλκεις
2786 3795 2865 3856 είς
2895 3792 3384 3863 ἐγγύην,κάκεῖνον
3418 3795 3747 3865 ἀναγκάζεις

2160 3876 2363 3931 λαϐεῖν.
2400 3876 2533 3928 Εἰπέ
2562 3892 2651 3946 μοι
2678 3887 2724 3939 ε,
2758 3877 2806 3928 εί
2829 3875 2937 3928 τῶν
2975 3876 3180 3931 παίδων
3206 3878 3357 3948 ὑμῶν
3389 3878 3749 3947 φιλονεικούν-

2160 3978 2268 4014 των
2336 3959 2474 4030 πρδς
2530 3959 2833 4030 ἀλλήλους,
2895 3961 2989 4013 καὶ
3047 3961 3456 4032 ἀπιστουμένων
3508 3965 3745 4027 ἑαυτοῖς,

2162 4042 2360 4113 ἔφησεν
2399 4046 2427 4096 0
2473 4044 2759 4114 δμόδουλος
2804 4044 2878 4115 μὴ
2922 4044 3357 4115 ἀποστήσεσθαι,
3404 4047 3507 4110 ἕως
3553 4046 3617 4100 ἂν
3654 4049 3747 4101 τὸν

2161 4129 2337 4181 κοινὸν
2366 4129 2629 4199 δεσπότην
2675 4128 2948 4198 ἐγγυητὴν
2985 4129 3159 4183 λάϐοι·
3188 4127 3296 4201 ἆρα
3334 4130 3434 4183 οὐκ
3463 4131 3528 4185 ἀν
3585 4131 3745 4186 ἔλαϐε

2164 4211 2376 4282 πληγὰς
2412 4211 2631 4282 μυρίας,
2656 4213 2751 4265 καὶ
2773 4211 2995 4282 ἔμαθεν.
3028 4212 3208 4282 ὅτιτῴ
3244 4213 3478 4286 δεσπότῃ
3509 4215 3587 4278 είς
3609 4215 3749 4268 ἀλλα

2164 4294 2466 4366 κεχρῆσθαι
2497 4295 2596 4359 δεῖ,
2643 4296 2744 4348 οὐκ
2775 4298 2853 4360 εἰς
2881 4295 3083 4360 ταῦτα;
3148 4298 3213 4349 Τί
3237 4296 3379 4365 λέγω
3416 4299 3699 4368 ὁμόδουλον
3728 4317 3748 4365 ;

2163 4380 2225 4431 Εἰ
2263 4378 2371 4450 γὰρ
2420 4377 2840 4449 αἱδεσιμὼτερον
2891 4380 3064 4433 εἵλετο
3102 4379 3289 4450 ἄνδρα,
3323 4381 3421 4452 οὐχ
3469 4382 3622 4454 ὕϐριν
3686 4384 3749 4436 τὸ

2161 4464 2396 4533 πρᾶγμα
2425 4464 2670 4532 ἡγήσατο
2700 4463 2801 4529 ἀν;
2845 4463 2983 4516 Ἀλλ’
3012 4463 3122 4532 ἐγὼ
3154 4465 3213 4517 οὐ
3274 4465 3551 4536 βούλομαι,
3589 4466 3745 4537 φησί.

2162 4546 2378 4609 Καλῶς·
2406 4545 2602 4599 οὐκοῦν
2655 4546 2790 4617 μήδέ
2825 4548 3031 4600 ἐκεῖνον
3061 4548 3358 4615 ἀνάγκαζε,
3386 4549 3509 4603 ἐπεὶ
3535 4551 3625 4602 καὶ
3659 4551 3749 4602 ἐπ’

2161 4628 2463 4700 ἀνθρώπων
2491 4629 2651 4682 τοῦτο
2681 4630 2907 4697 γίνεται,
2939 4628 3004 4682 ἂν
3044 4630 3192 4703 εἴπῃ,
3235 4632 3338 4684 Τὸν
3368 4632 3511 4685 δεῖνα
3552 4632 3744 4703 δίδωμι

2162 4711 2454 4781 ἐγγυητὴν,
2488 4713 2551 4765 σὺ
2580 4712 2683 4765 οὐκ
2712 4713 2897 4784 ἀνέχῃ.
2930 4713 2994 4765 Τί
3022 4710 3147 4780 οῦν;
3177 4715 3271 4767 καὶ
3298 4715 3566 4781 ἀπολέσω,
3588 4720 3744 4786 φησὶ,

2162 4795 2223 4849 τὸ
2264 4796 2566 4866 διδόμενον;
2609 4798 2683 4850 Οὐ
2723 4796 2867 4864 λέγω
2915 4796 3104 4863 τοῦτο,
3155 4798 3291 4851 ἀλλά
3353 4800 3434 4853 ὅτι
3473 4800 3561 4852 τὸν
3614 4800 3747 4854 Θεὸν

2164 4883 2384 4954 ὑϐρίσαι
2410 4883 2600 4955 ἀνέχῃ.
2650 4884 2739 4937 Διὸ
2766 4886 2861 4938 καὶ
2912 4884 3111 4955 μᾶλλον
3144 4889 3171 4939 ό
3209 4886 3642 4955 καταναγκάζων
3709 4888 3747 4958 ἢ

2162 4970 2189 5021 ὀ
2217 4967 2384 5037 ὀμνὺς
2409 4966 2780 5039 ἀπαραίτητον
2808 4968 2921 5038 ἔχει
2948 4968 3045 5039 τὴν
3076 4969 3315 5023 κόλασιν·
3364 4970 3625 5036 ὡσαύτως
3649 4975 3746 5027 καὶ

2161 5053 2190 5104 ὀ
2214 5051 2438 5122 μηδενὸς
2468 5050 2741 5115 αἰτοῦντος
2754 5052 2939 5122 ὀμνύς,
2966 5053 3074 5106 Καὶ¹
3098 5053 3159 5105 τὸ
3177 5053 3239 5123 δὴ
3257 5053 3745 5125 χαλεπώτερον,ὅτι

2162 5135 2350 5205 ὀμνύει
2401 5135 2626 5199 ἕκαστος
2677 5136 2816 5207 ὑπὲρ
2853 5135 3038 5188 ὀϐολοῦ
3090 5137 3225 5199 ἑνὸς,
3259 5139 3396 5208 ὑπὲρ
3430 5139 3744 5213 προσθήκης

2166 5219 2386 5288 μικρᾶς,
2407 5218 2545 5288 ὑπὲρ
2577 5218 2809 5281 ἀδικίας.
2844 5219 3047 5279 Ταῦτα,
3067 5221 3193 5273 ὅταν
3217 5220 3289 5290 μὴ
3305 5214 3742 5293 ὦσινέπιορκίαι.

2163 5300 2228 5356 ἂν
2289 5301 2345 5354 δέ
2401 5302 2650 5373 ἐπιορκία
2704 5302 3186 5375 παρακολουθήσῃ,
3251 5306 3425 5358 πάντα
3485 5306 3597 5359 ἄνω
3654 5310 3749 5362 καὶ

2163 5385 2330 5445 κάτω,
2364 5386 2457 5438 καὶ
2485 5387 2513 5437 0
2536 5384 2736 5446 λαϐὼν,
2760 5386 2898 5439 καὶὸ
2929 5386 3051 5450 δοὺς
3079 5389 3391 5458 πεποίηκεν.
3430 5391 3569 5442 Ἀλλ’
3600 5391 3748 5445 ἐστιν

2163 5467 2500 5537 ἀγνοούμενα
2527 5486 2666 5531 τινα,
2705 5469 2888 5538 φησίν.
2937 5470 3097 5523 Ἀλλά
3133 5472 3305 5524 ταῦτα
3340 5473 3747 5544 προορώμενος,

2167 5551 2333 5621 μηδὲν
2364 5552 2506 5604 ποίει
2561 5551 2839 5623 ῥᾳθύμως·
2868 5554 2915 5605 εί
2947 5554 3001 5606 δέ
3037 5553 3296 5625 ῥαθύμως
3328 5559 3533 5618 ποιεῖς,
3586 5559 3749 5610 ἀπαί-

2162 5651 2243 5686 τει
2296 5636 2492 5688 σαυτὸν
2527 5637 2683 5705 δίκην
2735 5638 2958 5707 ζημίας.
3013 5639 3230 5693 Βέλτιον
3284 5640 3424 5694 οῦτω
3468 5642 3752 5711 ζημιωθῆε-

2164 5735 2269 5781 ναι,
2300 5718 2332 5788 ἢ
2364 5719 2584 5789 ἐτέρως.
2639 5722 2773 5775 Εἰπέ
2829 5723 2938 5793 γάρ
2989 5741 3099 5793 μοι,
3134 5725 3313 5789 ἕλκεις
3354 5728 3434 5789 είς
3466 5726 3628 5796 ὅρκον
3657 5726 3755 5778 τὸν

2162 5799 2352 5871 ἄνδρα,
2381 5802 2433 5854 τί
2468 5804 2807 5873 προσδοκῶν;
2856 5807 2939 5859 ὅτι
2992 5809 3344 5879 ἐπιορκήσει;
3395 5809 3553 5862 Ἀλλά
3592 5807 3757 5862 τοῦτο

2231 5942 2448 6009 {60de5
2473 5957 2623 6009 unusA
2643 5944 2890 5999 ἐξελκύσαι
2931 5949 3291 6004 σπουδάζοντες,
3312 5951 3343 6005 ἢ
3372 5952 3439 6009 μὴ
3460 5950 3751 6006 δυνηθέντες.

2169 6003 2196 6044 ά
2219 6006 2355 6056 ldcm
2370 6006 2488 6068 ὑπὲρ
2499 6012 2583 6063 τῆς
2604 6006 2769 6067 ἀκοῆς.
2847 6008 2983 6060 υΔιὶἰ
3000 6003 3501 6072 ἀναγκάζειςέλκύοαι,
3526 6003 3625 6061 οῖπὲ
3646 6003 3750 6065 μοί..
