4024 6490
184 415 244 473 GI
1165 415 1231 470 iN
1272 415 1448 472 ACTA
1488 414 2008 472 APOSTOLORUM.
2050 416 2278 473 llOMil..
2322 416 2411 473 IX.
3370 426 3442 481 82

185 529 327 591 estis.
362 528 560 599 inquit,
594 528 692 598 ﬁlii
718 529 1093 599 prophetarum,
1125 540 1170 582 et
1193 529 1471 582 testamenti
1495 528 1628 596 quod
1647 526 1755 580 dis-

186 620 347 686 posuit
371 617 531 675 Deus.
553 618 882 684 Testamenti,
914 619 1101 688 inquit,
1131 619 1257 687 filii,
1286 618 1335 672 id
1357 627 1460 683 est,
1493 616 1754 672 literedes.

184 707 255 763 Ne
281 709 595 764 viderentur
619 709 763 763 enim
794 710 907 763 haec
935 724 999 762 ex
1030 709 1289 763 beneﬁcio
1314 709 1454 763 Petri
1478 708 1720 775 accipere
1739 747 1755 769 .

183 798 413 852 ostendit
434 798 545 868 jam
577 799 704 852 olim
733 799 835 854 illis
865 799 966 853 hoc
1006 798 1245 853 debitum
1283 798 1479 863 fuisse,
1511 807 1567 853 ut
1593 797 1760 867 magis

182 892 465 947 crederent
487 891 541 946 id
578 892 688 946 Deo
717 892 966 961 placitum
990 906 1131 946 esse.
1170 890 1316 943 Vobis
1346 892 1561 958 primum
1586 889 1719 943 Deus
1740 929 1755 950 ,

183 982 385 1051 inquit,
416 998 533 1035 curn
562 984 849 1037 suscitassct
868 1024 885 1048 ,
914 983 1077 1051 ﬁlium
1107 999 1256 1035 suum
1300 983 1450 1036 misit.
1488 981 1603 1035 Non
1632 982 1761 1035 sitn-

182 1074 388 1143 pIiciter
418 1074 593 1139 dixit,
621 1074 787 1130 Vobis
812 1075 956 1129 misit
997 1073 1187 1127 Filium
1216 1090 1371 1127 suum
1401 1091 1414 1138 ;
1442 1072 1536 1127 sed
1564 1074 1720 1125 etiam
1743 1114 1758 1136 ,

184 1178 298 1235 post
336 1168 788 1224 resurrectionem
812 1208 829 1235 ,
860 1176 915 1222 et
950 1167 1164 1237 quando
1207 1167 1496 1221 cruciﬁxus
1536 1165 1653 1220 luit.
1685 1165 1762 1219 Ne

181 1270 429 1329 putarent
457 1261 601 1315 enim
629 1260 803 1329 ipsum
832 1259 1044 1329 quidem
1074 1259 1187 1315 hate
1212 1260 1456 1329 largitum
1484 1274 1622 1320 esse.
1655 1273 1759 1311 non

180 1368 306 1409 vero
338 1354 550 1408 Patrem
571 1394 587 1419 ,
621 1354 740 1409 ideo
773 1353 975 1407 addidit
1003 1352 1128 1407 illud
1153 1394 1166 1417 ,
1197 1351 1575 1405 Benedicentem
1604 1349 1759 1405 vobis.

179 1447 227 1501 Si
252 1449 403 1503 enim
437 1446 633 1502 fratrer
660 1456 840 1502 vester
863 1456 1019 1502 estet
1049 1446 1315 1501 benedicit
1336 1445 1503 1507 vobis,
1538 1444 1763 1514 promis—

180 1539 252 1593 sio
274 1556 365 1594 res
396 1548 507 1603 est;
538 1539 589 1593 id
617 1550 720 1605 est,
750 1539 976 1593 Tantum
1005 1538 1177 1603 abest,
1202 1549 1257 1591 ut
1283 1553 1385 1591 non
1407 1536 1764 1592 communice-

180 1633 239 1686 tis
264 1645 392 1686 eum
427 1631 531 1693 his.
559 1641 616 1684 ut
645 1631 805 1684 etiam
829 1646 925 1684 vos
950 1629 1071 1684 aliis
1104 1638 1351 1685 auctores
1378 1638 1431 1682 et
1454 1627 1617 1681 duces
1644 1640 1763 1681 esse

179 1723 329 1778 velit.
353 1722 435 1777 Ne
460 1723 641 1792 itaque
662 1738 759 1775 vos
797 1733 852 1775 ut
891 1721 1084 1789 abjecti
1111 1730 1166 1776 et
1201 1720 1462 1789 repudiati
1502 1718 1760 1772 habeatis.

183 1813 242 1869 Ut
267 1824 530 1868 convertat
552 1831 623 1877 se.
644 1814 833 1885 inquit,
856 1815 1196 1883 unusquisque
1213 1812 1274 1866 ab
1294 1812 1653 1880 iniquitatibus.
1677 1810 1765 1865 Sic

178 1921 269 1960 vos
302 1907 624 1972 benedicet,
652 1917 705 1960 et
732 1922 840 1960 non
868 1906 1204 1973 simpliciter.
1234 1904 1412 1974 Ecqua
1446 1905 1559 1958 hate
1597 1904 1763 1958 bene-

178 1998 374 2052 dictio“!
396 1999 609 2068 Magna.
642 1999 825 2069 Neque
850 2000 991 2054 enim
1019 1999 1256 2052 converti
1282 1998 1349 2051 ab
1379 1996 1761 2066 iniquitatibus,

178 2093 300 2146 satis
327 2101 413 2146 est
448 2091 516 2146 ad
563 2093 682 2147 illas
710 2092 991 2146 solvendas
1020 2108 1032 2144 :
1060 2093 1101 2145 si
1130 2099 1309 2145 autem
1345 2089 1413 2144 ad
1454 2088 1763 2145 solvendum

181 2197 274 2237 non
322 2182 530 2236 sufﬁcit
556 2223 571 2248 ,
615 2181 883 2252 quomodo
929 2182 1354 2236 benedictionem
1389 2180 1516 2234 dare
1562 2178 1766 2249 possit?

180 2274 352 2343 Neque
378 2276 530 2329 enim
559 2276 649 2344 qui
698 2274 895 2344 injuste
937 2275 1076 2343 egit,
1117 2275 1226 2341 jam
1268 2272 1604 2327 benedicitur
1626 2311 1641 2335 ,
1670 2269 1764 2324 sed

182 2376 518 2435 peccatorum
564 2366 933 2421 remissionem
963 2366 1174 2434 accipit.
1207 2364 1335 2417 Illud
1365 2374 1542 2418 autem
1567 2404 1581 2426 ,
1617 2361 1762 2415 Tant—

183 2474 321 2526 quam
347 2474 452 2520 me,
483 2458 587 2511 nisi
611 2459 903 2512 secundum
928 2456 1275 2527 legislationis
1302 2455 1516 2509 modum
1547 2454 1768 2522 accipia-

186 2558 294 2615 tur,
326 2550 536 2604 nuIIam
570 2557 747 2619 potest
768 2549 1026 2605 rationem
1057 2548 1274 2602 habere.
1304 2545 1484 2617 Ipsum
1512 2547 1728 2600 audietis
1749 2585 1765 2612 ,

186 2643 371 2712 inquit:
404 2658 585 2711 neque
612 2643 941 2711 simpliciter,
969 2640 1205 2703 sed,Erit
1231 2643 1393 2697 omnis
1421 2643 1591 2695 aninta
1614 2684 1627 2705 ,
1657 2657 1770 2711 quw

189 2750 277 2786 non
317 2735 546 2787 audierit
581 2724 1065 2804 praphetamillum,’
1081 2734 1491 2792 exterminabitur
1525 2735 1588 2788 de
1607 2733 1765 2804 plebe.

190 2823 401 2890 Quando
442 2825 569 2879 illos
616 2835 923 2892 peccatores
955 2823 1232 2890 ostendit,
1284 2824 1517 2894 ipsisque
1559 2825 1767 2880 veniam

193 2916 327 2969 dedit
347 2957 362 2979 .
391 2916 645 2987 bonaque
675 2917 953 2986 promisit;
984 2926 1110 2971 tunc
1146 2917 1384 2972 ostendit
1408 2918 1640 2989 Moysem
1669 2917 1771 2972 hoc

198 3006 356 3073 ipsum
392 3006 615 3061 dixisse.
663 3007 726 3062 Et
771 3023 1010 3076 quamam
1056 3008 1170 3061 hzec
1221 3011 1596 3079 consequentia
1647 3021 1768 3078 est,

211 3096 362 3163 Usque
386 3100 448 3150 ad
484 3109 719 3167 tempora
756 3100 1113 3164 restitutionis;
1141 3111 1194 3155 et
1238 3101 1489 3156 inducere
1533 3101 1767 3172 Moysetn

211 3189 476 3251 dicentem.
499 3206 596 3244 eos
623 3191 803 3245 omnia
829 3233 845 3255 ,
877 3208 996 3260 qua:
1018 3193 1160 3246 dicet
1185 3191 1429 3247 Christus
1452 3234 1467 3259 ,
1498 3193 1772 3250 audituros

209 3296 351 3349 esse;
377 3300 546 3354 neque
574 3286 891 3355 simpliciter
915 3326 928 3348 ,
956 3285 1050 3339 sed
1076 3301 1196 3340 cum
1228 3286 1447 3341 terribili
1477 3286 1769 3342 commina-

206 3376 376 3431 tione!
400 3377 589 3448 Magna
620 3396 633 3431 :
665 3378 899 3432 ostendit
924 3379 1066 3433 enim
1111 3388 1165 3432 et
1196 3390 1413 3448 propter
1451 3379 1552 3436 hoc
1582 3381 1655 3435 illi
1682 3380 1771 3435 ob-

199 3468 471 3537 temperari
510 3477 785 3536 oportere.
820 3468 955 3534 Quid
993 3478 1113 3531 est,
1158 3467 1284 3522 Filii
1326 3471 1681 3540 prophetarum
1724 3482 1773 3527 et

192 3560 469 3612 testamenti
485 3559 511 3612 .’
545 3559 796 3615 [heredes
821 3602 836 3627 ,
876 3575 1235 3615 successores.
1265 3561 1319 3616 Si
1360 3577 1488 3633 ergo
1518 3563 1647 3629 ﬁlii,
1675 3580 1772 3620 cur

188 3667 307 3719 erga
333 3666 422 3706 res
447 3661 687 3716 vestras,
716 3662 774 3705 ut
796 3669 920 3722 erga
949 3654 1180 3717 alienas,
1209 3653 1381 3709 aIi‘ecti
1412 3655 1578 3711 estis?
1609 3656 1773 3726 Igitur

185 3743 532 3798 accumtione
578 3743 791 3812 quidem
832 3744 986 3814 digna
1032 3746 1273 3813 fecistis;
1320 3748 1559 3816 poteritis
1595 3757 1770 3803 tamen

186 3834 393 3886 veniam
426 3834 708 3904 consequi.
738 3834 936 3890 Deinde
962 3845 1240 3906 postquam
1265 3837 1377 3892 haec
1400 3838 1626 3902 dixerat,
1651 3840 1773 3908 jure

182 3926 366 3996 adjicit
397 3944 413 3981 :
458 3925 613 3981 Vobis
649 3927 781 3980 misit
821 3927 953 3982 Deus
995 3928 1188 3983 Filium
1225 3946 1371 3984 suum
1410 3930 1773 3985 benedicentem

181 4033 287 4071 eos.
321 4017 444 4072 Non
489 4018 641 4080 dicit.
670 4018 1004 4085 Servantem,
1032 4020 1148 4087 sed,
1176 4019 1317 4090 quod
1345 4023 1516 4090 majus
1540 4032 1641 4087 est,
1670 4020 1771 4077 Be-

181 4114 540 4179 nedicrntem;
568 4112 860 4167 ostendens
896 4114 1206 4169 crucilixum
1246 4114 1645 4169 benedicturum
1679 4131 1775 4170 eos

180 4220 305 4259 esse
329 4245 344 4267 .
394 4205 488 4273 qui
532 4220 593 4259 se
631 4203 1032 4259 crueiﬁxerunt.
1083 4205 1234 4261 Hune
1282 4221 1410 4277 ergo
1440 4222 1538 4262 nos
1564 4222 1775 4277 quoque

184 4299 466 4352 imitemur
496 4315 513 4352 :
539 4298 816 4367 ejiciamus
839 4299 1067 4353 animam
1096 4301 1489 4371 sanguinariam
1514 4313 1566 4358 et
1594 4304 1774 4358 inimi-

177 4408 324 4444 cam.
358 4392 479 4445 Non
527 4392 725 4445 sufﬁcit
760 4408 865 4446 non
907 4394 1109 4448 ulcisci.
1144 4394 1253 4448 Hoc
1278 4404 1332 4449 et
1372 4395 1424 4449 in
1468 4399 1632 4451 veteri
1661 4397 1775 4467 lege

178 4484 384 4537 factum
416 4493 533 4549 est;
567 4483 659 4538 sed
684 4485 861 4538 omnia
888 4483 1142 4539 faciamus
1174 4502 1267 4555 pro
1296 4487 1381 4551 iis,
1414 4489 1501 4557 qui
1538 4504 1635 4543 nos
1678 4490 1771 4543 la:-

174 4587 373 4630 sernut
396 4615 415 4639 ,
446 4575 599 4645 quasi
628 4590 729 4645 pro
764 4576 948 4630 amicis
977 4579 1246 4646 germanis
1270 4619 1284 4640 ,
1316 4579 1465 4646 quasi
1498 4595 1593 4647 pro
1622 4581 1775 4635 nobis

175 4667 337 4733 ipsis.
378 4666 538 4721 illius
581 4666 875 4723 imitatores
917 4683 1137 4733 sumus,
1186 4670 1326 4724 illius
1369 4672 1645 4741 discipuli,
1685 4674 1773 4742 qui

172 4770 477 4828 pastinum
515 4760 800 4814 cruciﬁxus
826 4761 943 4825 fuit,
975 4761 1151 4816 omnia
1174 4765 1340 4817 movit
1369 4780 1463 4832 pro
1490 4767 1572 4829 iis,
1598 4767 1686 4837 qui
1716 4782 1775 4822 se

168 4849 588 4912 crucitixerant,
622 4852 963 4919 etapostolos
987 4853 1153 4909 misit.
1180 4854 1334 4922 Atqui
1362 4869 1460 4908 nos
1479 4870 1620 4924 saepe
1635 4856 1776 4925 juste

169 4944 459 5008 patimur;
492 4941 585 4996 ille
613 4958 738 4997 vero
775 4959 880 4997 non
919 4944 1076 4998 modo
1107 4946 1297 5014 injuste
1320 4988 1334 5009 ,
1367 4949 1460 5001 sed
1484 4958 1540 5004 et
1567 4951 1725 5019 impie
1757 4969 1772 5006 :

166 5032 594 5089 benefactorem
634 5037 776 5090 enim
798 5078 815 5101 ,
846 5037 935 5106 qui
978 5037 1106 5092 nihil
1136 5053 1194 5093 se
1221 5040 1463 5107 lteserat,
1492 5046 1773 5099 crncilixe-

165 5135 321 5179 runt.
371 5125 532 5180 Cur?
556 5124 642 5179 die
676 5126 807 5180 mihi
832 5147 851 5184 ;
880 5128 1065 5196 gloriae
1102 5130 1299 5183 causa?
1344 5133 1503 5201 Atqui
1544 5135 1654 5203 ipse
1682 5150 1774 5190 eos

166 5216 396 5269 honore
413 5213 705 5269 afﬁciebat.
724 5217 1042 5282 Quomodo?
1070 5218 1240 5289 Super
1264 5222 1555 5275 cathedram
1584 5223 1771 5295 Moysi,

164 5310 351 5380 inquit
372 5350 390 5373 ,
436 5309 672 5362 sederunt
708 5312 884 5364 scribta
918 5322 963 5364 et
1004 5311 1272 5367 Pharisaei.
1303 5314 1485 5368 Omnia
1524 5333 1642 5386 ergo
1664 5334 1777 5388 qua:

164 5403 352 5454 dicunt
386 5400 532 5455 nobis
562 5412 613 5454 ut
643 5404 877 5473 faciatis.
910 5406 1060 5471 facile
1079 5422 1098 5458 :
1136 5406 1407 5460 secundum
1433 5426 1588 5477 opera
1611 5421 1775 5464 autent

162 5495 389 5548 illorum
424 5494 579 5548 nolite
600 5496 771 5563 facere
793 5495 1003 5566 (Matth.
1031 5498 1119 5552 25.
1148 5498 1203 5553 2.
1229 5500 1304 5566 5);
1326 5508 1380 5553 et
1399 5516 1584 5554 rursus
1609 5503 1731 5557 alibi
1758 5520 1771 5554 τ

176 5585 325 5640 Vade
347 5603 372 5640 :
397 5586 611 5640 ostende
649 5596 697 5641 te
719 5588 967 5641 sacerdoti
1000 5589 1120 5657 (Id.
1147 5590 1200 5645 8.
1219 5591 1254 5644 4
1283 5591 1319 5660 ).
1356 5593 1420 5645 Et
1454 5608 1571 5646 cum
1598 5604 1776 5662 posset

167 5678 291 5733 illos
344 5678 624 5749 perdere,
667 5681 933 5736 servabat.
982 5680 1133 5736 littuc
1177 5683 1334 5752 igitur
1382 5684 1683 5753 imitemur,
1724 5695 1779 5741 et

170 5787 337 5827 nemo
359 5774 672 5843 cujuspiam
698 5774 1048 5842 sitiuimicus,
1064 5790 1237 5847 neque
1251 5775 1438 5845 hostis,
1455 5777 1553 5833 nisi
1577 5788 1777 5834 tantum

171 5862 404 5923 diaboli.

1938 529 1993 584 5.
2020 529 2270 589 Adversus
2281 532 2492 601 jnrandi
2518 533 3149 590 consuetudinem—Non
3177 551 3362 605 parum
3376 540 3443 594 ad

1868 618 1970 675 hoc
2008 621 2215 676 confert
2257 624 2419 678 etiam
2451 639 2555 678 non
2577 623 2781 694 jurare,
2819 635 2874 681 et
2910 641 3016 679 non
3044 626 3219 681 irasci.
3248 626 3304 682 Si
3336 642 3442 682 non

1868 713 2188 780 irascamur,
2220 731 2392 783 neque
2419 716 2692 772 inimicum
2716 718 3049 774 habebimus.
3071 719 3341 776 Abscinde
3377 720 3446 775 ab

1869 802 2085 859 homine
2103 806 2487 873 juramentum,
2518 816 2571 861 et
2600 808 2693 862 ira:
2741 808 2853 863 alas
2897 808 3446 882 excidisti,i|lamque

1871 903 2033 949 totam
2063 895 2386 951 exstinxisti.
2415 897 2511 951 Est
2534 899 2675 952 enim
2719 899 2855 953 sicut
2886 911 3074 955 ventus
3123 901 3202 955 ira
3230 903 3446 972 etjura-

1868 996 2108 1042 mentum
2143 989 2159 1020 ¹
2193 1006 2207 1041 :
2239 988 2461 1044 demitte
2488 991 2625 1050 vela.
2657 992 2799 1046 nulla
2822 993 2922 1046 veli
2957 994 3190 1061 utilitas,
3219 995 3263 1049 si
3305 995 3447 1050 desit

1868 1091 2078 1136 ventus.
2107 1081 2165 1136 Si
2191 1097 2317 1152 ergo
2346 1098 2443 1136 nec
2467 1083 2709 1151 jurentus
2731 1100 2830 1139 nec
2854 1086 3169 1150 clamemus,
3202 1089 3292 1142 irae
3314 1104 3441 1142 ner-

1867 1187 1962 1227 vos
1999 1174 2340 1228 succidimus.
2386 1174 2439 1229 Si
2464 1191 2591 1229 vero
2623 1192 2725 1229 non
2754 1178 2991 1239 creditis.
3028 1180 3319 1247 perieulum
3365 1181 3443 1236 rei

1868 1264 2042 1328 facite,
2065 1275 2116 1317 et
2152 1280 2263 1318 rem
2294 1267 2372 1319 sic
2400 1281 2457 1319 se
2486 1266 2686 1322 habere
2724 1271 3081 1338 cognoscetis.
3113 1270 3308 1341 Legem
3335 1273 3443 1326 ira-

1868 1354 2044 1408 ctmdo
2072 1372 2231 1422 pone,
2257 1365 2314 1410 ut
2342 1373 2407 1411 ne
2432 1374 2681 1427 umquam
2710 1358 2873 1428 juret,
2900 1370 2953 1414 et
2979 1376 3081 1416 non
3125 1379 3257 1431 opus
3282 1364 3445 1421 habe-

1869 1446 1951 1499 bis
1976 1462 2095 1500 cum
2116 1447 2204 1501 illo
2223 1447 2291 1502 de
2314 1449 2715 1503 mansuetudine
2761 1465 3062 1506 sermonem
3101 1453 3321 1510 habere.
3350 1455 3439 1511 Sic

1867 1537 2034 1590 totum
2068 1537 2356 1606 perlectum
2383 1539 2511 1605 erit;
2554 1550 2607 1593 et
2637 1556 2733 1594 nec
2762 1541 3087 1609 pejerabitis,
3119 1559 3218 1598 nec
3238 1545 3447 1613 jnrabi-

1867 1627 1936 1681 tis
1983 1630 2219 1684 omnino.
2269 1629 2514 1693 Nescitis,
2563 1633 2613 1685 in
2646 1644 2841 1701 quanta
2894 1633 3124 1690 absurda
3177 1652 3271 1691 vos
3320 1638 3443 1693 inde

1867 1718 2212 1788 conjiciatis?
2268 1720 2498 1777 Necesse
2527 1723 2667 1777 enim
2686 1733 2786 1783 est.
2836 1733 2892 1776 ut
2939 1726 3148 1780 vinculo
3174 1741 3270 1779 vos
3308 1742 3445 1781 con-

1868 1811 2163 1879 stringatis,
2190 1820 2244 1866 et
2267 1827 2480 1867 omnem
2510 1814 2808 1867 machinam
2851 1814 3147 1870 adhibealis
3170 1858 3185 1879 ,
3219 1826 3273 1870 ut
3296 1818 3444 1885 quasi

1868 1915 1931 1955 ex
1963 1902 2250 1957 inevitabili
2278 1904 2525 1973 quoidam
2552 1905 2942 1959 malo‘animam
2966 1906 3224 1974 eripiatis;
3251 1908 3449 1963 deinde

1867 2007 2015 2058 vero,
2043 1993 2087 2049 si
2114 2009 2219 2049 non
2243 1995 2475 2063 possitis,
2506 1996 2555 2047 in
2583 1995 2787 2061 dolore,
2819 1998 2965 2060 rixis,
2990 1997 3448 2052 exsecrationibus

1869 2083 2107 2152 degetis;
2138 2085 2230 2140 sed
2262 2087 2438 2140 omnia
2494 2086 2684 2141 frustra
2733 2087 2943 2143 cedent.
3002 2087 3167 2156 igitur
3218 2091 3445 2156 minare,

1870 2176 2187 2244 prmscribe.
2241 2177 2417 2230 omnia
2470 2177 2587 2232 sine
2628 2178 2934 2244 juramento
2986 2178 3163 2232 tacito.
3218 2180 3368 2234 Licet
3392 2189 3446 2235 et

1870 2266 2007 2321 dicta
2028 2275 2083 2321 et
2111 2266 2245 2323 facta
2265 2269 2554 2329 resolvere.
2585 2273 2628 2322 si
2658 2270 2910 2323 volueris.
2932 2270 3021 2325 Sic
3044 2270 3204 2326 hodie
3220 2287 3444 2328 necesse

1870 2368 1973 2422 est,
2003 2369 2058 2412 ut
2085 2359 2235 2413 vobis
2262 2362 2587 2415 mansuetius
2618 2362 2915 2430 loquamur.
2943 2362 3075 2427 Quia
3096 2365 3237 2419 enim
3262 2365 3446 2418 audis-

1872 2449 1959 2513 tis,
1986 2465 2175 2520 magna
2208 2466 2329 2519 pars
2357 2453 2434 2505 rei
2462 2467 2491 2504 a
2515 2453 2666 2505 vobis
2691 2451 2921 2521 perfecta
2952 2466 3053 2508 est.
3082 2458 3196 2526 Age
3220 2455 3289 2512 de
3314 2457 3443 2510 reli—

1871 2558 1995 2611 quo,
2024 2541 2484 2612 cnrjuramentum
2509 2543 2772 2598 invectum
2802 2555 2903 2609 est,
2934 2555 2985 2598 et
3010 2562 3106 2601 cur
3124 2546 3413 2601 admissum
3432 2590 3445 2608 ,

1871 2631 2127 2688 dicamus.
2162 2633 2487 2689 Euarrautes
2542 2636 2810 2703 quomodo
2852 2638 3021 2705 prium
3048 2648 3222 2692 ortum
3253 2640 3357 2702 sit,
3390 2652 3444 2693 et

1873 2724 2085 2795 quando
2132 2733 2186 2780 et
2214 2742 2242 2779 a
2269 2726 2608 2795 quibusnam,
2659 2727 3020 2797 obsequentia:
3073 2739 3263 2783 vestra:
3304 2730 3449 2784 vices

1878 2818 2251 2887 rependamus.
2281 2818 2429 2872 illum
2452 2820 2616 2881 enim,
2645 2821 2732 2889 qui
2762 2829 2908 2875 recte
2932 2822 3060 2889 agit,
3094 2835 3313 2876 necesse
3356 2831 3441 2877 cst

1878 2909 2243 2979 philosophari
2277 2928 2289 2963 :
2328 2910 2415 2978 qui
2449 2911 2682 2964 nondum
2712 2912 2835 2964 talis
2852 2920 2953 2970 est.
2987 2927 3084 2966 nec
3111 2911 3304 2980 dignus
3340 2913 3445 2966 erit

1874 3001 1963 3071 qui
1990 3000 2187 3056 audiat.
2229 3001 2378 3056 Fecit
2403 3003 2529 3055 olim
2561 3013 2710 3071 pacta
2736 3002 2899 3056 multa
2931 3002 3221 3067 Abraham,
3252 3013 3306 3056 et
3328 3004 3438 3057 vie-

1874 3092 2032 3145 timas
2063 3091 2378 3155 immolavit,
2411 3090 2717 3162 hostiasqne
2742 3093 2952 3149 obtulit.
2977 3107 3040 3147 ac
3066 3092 3299 3147 nondum
3331 3102 3451 3149 erat

1871 3180 2259 3249 jurameutum.
2291 3180 2443 3236 Unde
2470 3198 2596 3253 ergo
2617 3188 2977 3250 jurameutnm
3015 3193 3189 3237 ortum
3215 3184 3396 3237 habuit
3423 3186 3448 3238 ἲ

1876 3271 2101 3339 Quando
2138 3283 2292 3328 aucta
2322 3283 2446 3327 sunt
2470 3274 2628 3339 mala,
2652 3275 2865 3344 quando
2908 3277 3085 3331 omnia
3136 3291 3228 3330 sus
3272 3276 3447 3346 deque

1876 3365 2015 3420 facta
2038 3376 2182 3432 sunt,
2214 3366 2426 3435 quando
2450 3367 2514 3419 ad
2547 3366 2895 3421 idololatrian]
2919 3368 3271 3423 declinarunt.
3295 3368 3445 3423 Tunc

1876 3472 2024 3527 ergo,
2054 3470 2199 3523 tunc,
2224 3473 2342 3511 cum
2368 3457 2624 3513 increduli
2673 3474 2888 3527 prorsus
2922 3470 3124 3525 essent,
3160 3461 3322 3514 Deum
3357 3461 3448 3514 nd-

1874 3550 2133 3604 vocabant
2155 3558 2365 3614 testem,
2397 3550 2544 3619 quasi
2564 3549 2780 3619 dignum
2807 3550 3066 3604 dictorum
3091 3551 3452 3620 ﬁdcjussorem

1874 3640 2082 3695 dantes.
2119 3642 2230 3695 Hoc
2257 3641 2398 3695 enim
2428 3651 2511 3695 est
2536 3641 2916 3708 jnrameutum,
2951 3641 3243 3710 ﬁdejussio,
3270 3643 3355 3695 tibi
3385 3642 3454 3695 ob

1877 3748 2084 3785 morum
2130 3732 2525 3802 corruptionem
2551 3732 2679 3787 iich
2698 3733 3066 3787 nonhuhetur.
3118 3734 3299 3804 Itaque
3353 3734 3455 3788 hoe

1879 3825 2107 3892 primum
2131 3826 2332 3879 crimen
2379 3824 2607 3893 jurantis
2629 3836 2730 3890 est,
2756 3827 2798 3879 si
2831 3842 2936 3880 non
2964 3828 3211 3881 credatur
3241 3829 3356 3883 sine
3386 3828 3452 3881 Ii-

1877 3917 2178 3986 dejussore,
2211 3925 2266 3972 et
2292 3933 2483 3988 magno
2506 3918 2851 3985 ﬁdejussore:
2884 3922 3004 3988 quia
3036 3922 3179 3975 enim
3217 3921 3357 3975 nulla
3389 3922 3454 3974 Ii-

1877 4007 1975 4063 des
2020 4008 2264 4073 habetur,
2296 4025 2402 4062 non
2434 4008 2704 4064 hominem
2739 4011 3015 4080 requirunt
3045 4012 3409 4081 Iidejussorem
3436 4054 3452 4078 ,

1877 4099 1971 4155 sed
2028 4101 2216 4154 Deum.
2245 4099 2514 4166 Secundo,
2547 4100 2736 4155 eadem
2760 4117 2974 4171 quoque
2999 4104 3152 4171 culpa
3180 4114 3263 4158 est
3290 4103 3406 4174 ejus
3436 4146 3452 4172 ,

1877 4192 1967 4260 qui
1990 4191 2348 4260 juramentum
2379 4192 2586 4259 recipit,
2614 4192 2658 4247 si
2682 4193 2733 4245 in
2763 4193 2927 4261 pactis
2956 4193 3122 4247 Deum
3144 4193 3211 4249 ad
3235 4194 3454 4264 ﬁdejus-

1879 4284 2083 4339 sionem
2112 4284 2306 4350 trahat,
2324 4292 2378 4338 et
2406 4283 2549 4338 dicat
2573 4300 2676 4339 non
2707 4283 3068 4339 discessurum
3097 4300 3155 4341 se
3178 4285 3279 4340 nisi
3305 4286 3453 4341 illum

1877 4376 2120 4445 accipiat.
2150 4374 2195 4429 0
2224 4376 2490 4445 ingentem
2534 4375 2934 4443 stupiditatem!
2963 4391 2997 4431 o
3021 4379 3397 4434 contumeliam
3431 4379 3446 4433 l

1883 4465 2106 4531 Vermis,
2138 4474 2277 4520 terra
2306 4475 2360 4520 et
2385 4466 2522 4520 cinis
2566 4481 2688 4520 cum
2715 4468 2789 4521 sis
2818 4475 2977 4538 atque
3014 4466 3214 4531 fumus,
3270 4468 3450 4524 Domi.

1879 4572 2005 4611 num
2039 4566 2187 4611 tuum
2221 4557 2388 4611 trahis
2416 4556 2482 4611 ad
2512 4556 2907 4625 ﬁdejussionem
2940 4567 2996 4613 et
3019 4558 3168 4613 illum
3200 4561 3347 4630 cogis
3361 4575 3454 4615 ac-

1878 4649 2093 4717 cipere?
2125 4648 2217 4704 Dic
2237 4648 2388 4712 mihi,
2419 4649 2463 4702 si
2493 4650 2664 4703 servis
2686 4649 2879 4705 vestris
2903 4651 3042 4705 inter
3058 4665 3115 4706 se
3134 4651 3453 4726 rixantibus,

1880 4755 1978 4794 nec
2001 4740 2100 4794 sibi
2135 4749 2320 4795 mutuo
2347 4741 2711 4807 credentibus,
2756 4742 2958 4796 diceret
3003 4757 3298 4798 conservus
3346 4760 3452 4797 non

1878 4830 2255 4885 discedendum
2280 4846 2400 4887 esse
2428 4831 2599 4887 donec
2627 4832 2927 4886 communis
2955 4832 3207 4888 dominus
3230 4833 3453 4901 ﬁdejus-

1880 4939 1970 4976 sor
1988 4922 2295 4989 accederet;
2323 4938 2499 4978 annon
2523 4924 2669 4979 mille
2688 4924 2868 4993 plagas
2886 4924 3171 4992 acciperet,
3199 4935 3257 4978 ut
3285 4925 3456 4981 disce-

1881 5024 1961 5067 ret
2012 5013 2228 5067 domino
2256 5014 2321 5067 ad
2343 5014 2468 5079 alia,
2501 5003 2606 5068 non
2639 5014 2706 5067 ad
2736 5013 2850 5068 haec
2874 5014 2947 5067 uti
2975 5016 3266 5083 Oportere?
3317 5016 3455 5084 Quid

1879 5105 2000 5159 dico
2025 5118 2340 5160 conservum
2364 5103 2388 5156 τ
2417 5119 2537 5157 nam
2560 5105 2603 5157 si
2635 5103 2804 5157 virum
2863 5104 3309 5161 venerabiliorem
3353 5108 3454 5162 eli-

1879 5206 2028 5267 geret
2048 5238 2062 5259 ,
2093 5212 2269 5250 annon
2298 5194 2351 5249 id
2377 5196 2469 5249 ille.
2495 5210 2588 5264 pro
2614 5196 2935 5251 contumelia
2966 5196 3184 5252 haberet
3210 5198 3234 5251 ?
3262 5200 3330 5252 At
3356 5214 3456 5269 ego

1885 5291 2028 5352 nolo,
2060 5290 2288 5357 inquies.
2320 5288 2484 5342 Recte
2513 5305 2525 5338 :
2569 5302 2696 5357 ergo
2727 5304 2900 5359 neque
2929 5289 3077 5344 illum
3098 5304 3258 5361 cOgas
3289 5310 3303 5345 :
3332 5307 3453 5346 nam

1880 5381 1981 5436 hoc
2014 5384 2070 5435 ﬁt
2094 5381 2252 5435 etiam
2273 5379 2411 5451 apud
2432 5381 2673 5435 homines
2691 5423 2707 5449 ,
2730 5382 2774 5435 si
2796 5381 2916 5452 quis
2942 5381 3171 5451 dixerit,
3198 5383 3347 5437 Illum
3378 5393 3456 5437 ta-

1946 5516 1963 5546 ¹
1990 5515 2140 5581 Juxta
2167 5512 2321 5563 Savil.
2346 5515 2613 5581 legendum
2637 5522 2791 5573 esset.
2814 5519 2899 5567 Est
2935 5514 3062 5581 enim
3090 5516 3230 5581 quasi
3252 5516 3457 5581 spiritus

1883 5575 1973 5644 ira:
1990 5575 2339 5644 juramentum.
2379 5578 2507 5644 Haec
2534 5591 2682 5639 porro
2721 5592 2822 5644 non
2841 5575 3409 5644 parumhinirica‘ta'snnt.
3438 5596 3451 5607 ·

1877 5639 2153 5706 juramenta
2180 5638 2300 5685 dicit
2326 5650 2436 5687 esse
2465 5638 2567 5706 alas
2594 5646 2645 5706 et
2673 5641 2778 5706 vela
2813 5638 2916 5699 irae,
2946 5639 3125 5706 quibus
3152 5638 3359 5706 sublatis
3383 5639 3453 5691 ira

1884 5701 2102 5768 tollitur;
2125 5698 2710 5768 iuramentaenimuirati
2749 5698 2921 5768 erant,_
2943 5698 2996 5749 et
3028 5698 3448 5768 iram__:iugeba_nt.

1884 5760 2065 5807 Verum
2088 5757 2211 5821 utin
2234 5758 2523 5821 Praefatione
2549 5761 2780 5821 diximus,
2805 5757 2851 5808 iu
2876 5757 3009 5810 hisce
3031 5757 3451 5814 Homiliis'multas

1880 5827 1995 5890 sunt
2027 5819 2326 5890 reticentiae;
2349 5822 2430 5890 ubi
2471 5836 2554 5871 res
2577 5819 3009 5890 ita'enunliantur,
3035 5831 3089 5874 ut.
3122 5822 3315 5874 nonnisi
3338 5837 3453 5877 cum

1884 5882 2053 5933 labore
2084 5891 2139 5935 et
2169 5882 2491 5935 meditatione
2524 5883 2763 5943 explicari
2786 5882 2992 5947 possint.
