4024 6522
541 429 612 486 113
1318 419 1372 475 S.
1410 415 1684 474 JOANNIS
1718 406 2195 469 CllRYSOSTOMl
2235 412 2552 471 ARCHIEP.
2592 417 3122 477 CONSTANTINOP.
3730 424 3795 475 8/,

544 546 648 597 lem
677 540 747 594 do
795 538 1183 608 fidejussorem,
1214 546 1267 588 tu
1295 549 1398 587 non
1435 529 1717 601 permittis.
1747 526 1885 596 Quid
1908 525 2066 595 igitur
2094 524 2117 577 2

544 634 777 703 inquies,
811 631 1099 701 perdamne
1118 628 1258 698 quod
1301 623 1468 679 dedi?
1506 622 1623 676 Non
1668 621 1772 676 hoc
1821 618 1942 673 dico
1973 633 1988 681 ;
2023 615 2119 670 sed

546 740 744 796 queror
773 723 913 793 quod
945 723 1109 777 Deum
1132 720 1334 773 afficias
1374 714 1717 771 contumelia.
1765 712 1993 781 Ideoque
2027 710 2072 764 is
2100 750 2117 775 ,

538 818 629 887 qui
659 816 836 887 cogit,
871 812 1228 869 iuevitabilius
1258 807 1575 879 supplicium
1597 803 1832 871 habebit,
1859 816 2017 872 quam
2048 801 2114 866 is,

537 910 626 979 qui
654 908 799 977 jnrat
822 924 835 960 :
859 904 1210 972 similiterque
1241 900 1305 962 is,
1332 899 1420 969 qui
1463 897 1675 951 nemine
1700 893 2003 964 postulante
2025 891 2115 960 jn-

539 1008 642 1052 rat.
662 995 918 1066 Quodque
953 993 1168 1063 gravius
1192 999 1296 1055 est,
1348 988 1538 1057 singuli
1572 986 1656 1041 vel
1695 1002 1789 1055 pro
1818 1000 1923 1038 uno
1953 982 2116 1036 obolo

534 1089 735 1159 jnrant,
768 1102 863 1155 pro
886 1100 1042 1154 parva
1073 1100 1151 1149 re,
1185 1097 1280 1150 pro
1306 1080 1588 1151 iniustitia.
1633 1079 1758 1133 Haec
1786 1094 1936 1141 vero,
1991 1092 2113 1129 cum

535 1179 654 1233 sine
674 1176 907 1246 perjurio
948 1176 1161 1244 agitur:
1213 1188 1333 1226 nam
1390 1172 1433 1225 si
1489 1169 1779 1240 perjuriutn
1819 1177 2071 1237 sequatur
2095 1209 2111 1233 ,

532 1270 709 1323 omnia
738 1284 829 1321 sns
857 1267 1032 1336 deque
1076 1274 1377 1327 vertuntur,
1401 1273 1457 1317 et
1488 1263 1539 1315 in
1567 1276 1729 1316 causa
1754 1268 1880 1314 sunt
1912 1270 2017 1312 tam
2069 1260 2115 1311 is

536 1363 623 1433 qui
647 1362 875 1431 accepit,
902 1378 1059 1431 quam
1089 1360 1135 1414 is
1161 1360 1251 1430 qui
1279 1358 1447 1412 dedit.
1476 1361 1564 1421 At,
1612 1356 1841 1425 inquies,
1870 1353 2111 1424 quaedam

534 1464 659 1509 sunt
682 1470 801 1522 qtce
830 1454 1159 1523 ignorantur.
1191 1451 1383 1505 Verum
1414 1449 1526 1503 lucc
1556 1448 1602 1502 si
1627 1447 1946 1516 praevideas,
1982 1445 2113 1498 nihil

535 1559 735 1600 temere
757 1546 918 1599 facies
946 1562 960 1597 :
988 1545 1031 1598 si
1056 1544 1181 1613 quid
1212 1558 1340 1597 vero
1368 1542 1697 1610 negligenter
1725 1553 1849 1608 agas
1872 1579 1887 1603 ,
1919 1553 1948 1591 a
1974 1538 2113 1605 teip-

533 1654 593 1689 so
627 1651 811 1705 poenas
859 1635 1031 1705 exige.
1081 1634 1269 1687 Melius
1292 1641 1378 1692 est
1414 1632 1492 1685 sic
1512 1631 1710 1685 daumo
1737 1629 1901 1693 affici,
1951 1642 2111 1696 quam

532 1728 639 1780 alio
669 1726 848 1781 modo.
881 1726 977 1781 Dic
998 1726 1140 1781 enim
1163 1725 1312 1787 mihi,
1350 1725 1517 1778 trahis
1536 1723 1841 1793 quempiam
1870 1721 1935 1775 ad
1956 1722 2111 1791 jura-

534 1828 802 1881 mentum,
841 1817 965 1887 quid
992 1817 1353 1886 exspectans?
1392 1830 1517 1869 num
1542 1814 1683 1883 quod
1722 1814 1967 1883 pejeret?
2006 1810 2112 1867 Sed

534 1911 639 1965 hoc
665 1922 918 1965 extremm
942 1919 1026 1964 est
1056 1909 1408 1979 insipientite;
1469 1908 1521 1961 in
1571 1917 1731 1976 caput
1783 1916 1930 1958 tuum
1979 1903 2112 1957 ultio

538 2010 778 2056 vertetur
807 2019 820 2054 :
859 2002 1050 2055 melius
1075 2010 1192 2055 erat
1222 1999 1478 2069 pecunias
1521 2008 1643 2052 tuas
1686 1997 1861 2065 perire
1883 2036 1901 2063 ,
1950 2011 2109 2066 quam

534 2092 704 2147 illum.
737 2092 843 2145 Cur
884 2094 983 2146 hoc
1011 2092 1077 2145 ad
1105 2090 1361 2145 damnum
1408 2098 1555 2145 tuum
1583 2098 1637 2142 et
1686 2088 1779 2142 Dei
1826 2096 2109 2143 contume-

535 2185 662 2239 liam
694 2184 871 2238 facis?
898 2184 1023 2239 Haec
1070 2185 1246 2237 anima
1297 2184 1422 2237 fera:
1453 2192 1532 2237 est
1559 2190 1613 2235 et
1648 2180 1795 2250 impii
1834 2179 1955 2233 viri.
2003 2177 2110 2233 Sed

530 2293 710 2347 Spero,
743 2278 890 2331 illutn
926 2292 1029 2330 non
1059 2276 1420 2346 pejeratnrum
1448 2289 1589 2329 esse.
1618 2274 1757 2343 Ergo
1778 2273 1938 2326 etiam
1980 2271 2101 2325 sine

527 2371 831 2444 jnramcnto
854 2369 1038 2424 crede.
1071 2369 1177 2423 Sed
1224 2368 1374 2422 multi
1412 2377 1558 2431 sunt,
1590 2367 1819 2435 inquies,
1871 2364 1964 2434 qui
1996 2378 2101 2418 non

526 2464 685 2535 jurati
718 2464 964 2518 fraudare
992 2463 1187 2517 audent
1218 2503 1232 2527 ,
1260 2462 1422 2531 jurati
1470 2475 1646 2515 serus.
1680 2459 1932 2528 Teipsum
1964 2458 2111 2512 deci-

526 2557 630 2627 pis,
663 2572 696 2610 o
725 2557 904 2610 homo.
936 2556 1035 2622 Qui
1065 2555 1225 2609 furari
1252 2564 1305 2608 et
1331 2556 1632 2623 proximum
1663 2552 1859 2605 ltedere
1884 2550 2105 2615 didicit,

525 2648 1043 2718 stepejnrameutum
1071 2648 1231 2702 etiam
1264 2645 1625 2707 conculcahit;
1655 2643 1700 2697 si
1727 2651 1903 2696 autem
1929 2641 2111 2710 jurare

527 2750 803 2805 vereatur,
851 2741 1021 2792 multo
1060 2738 1226 2807 magis
1262 2736 1459 2805 injuste
1493 2750 1652 2804 agere
1679 2732 1965 2788 verebitur.
2003 2730 2109 2787 Sed

528 2830 728 2885 invitus
756 2830 859 2885 hoc
885 2829 1125 2900 patitur?
1154 2829 1296 2899 Ergo
1327 2829 1478 2882 venia
1524 2827 1735 2896 dignus.
1774 2825 1879 2880 Sed
1908 2824 2109 2880 relictis

527 2921 635 2976 illis
662 2920 965 2974 forensibus
985 2920 1323 2989 juramentis,
1346 2917 1474 2988 quid
1497 2917 1726 2971 dehisce
1750 2916 1967 2971 dicam?
1996 2916 2108 2969 Illic

527 3015 656 3069 nihil
683 3014 788 3068 tale
806 3013 988 3068 dicere
1014 3022 1166 3083 potes
1197 3030 1210 3065 :
1243 3028 1362 3065 nam
1403 3026 1498 3080 pro
1532 3011 1718 3065 decem
1754 3010 1925 3064 obolis
1955 3008 2106 3077 jura-

528 3117 704 3161 menta
727 3106 858 3160 fiunt
877 3116 930 3160 et
952 3105 1201 3177 perjuria.
1217 3103 1347 3172 Quia
1371 3103 1512 3156 enim
1536 3102 1731 3156 fulmen
1754 3116 1984 3170 superne
2000 3114 2103 3154 non

526 3199 772 3265 mittitur,
797 3198 917 3268 quia
942 3213 1047 3251 non
1077 3199 1253 3251 omnia
1277 3196 1676 3261 subvertantur,
1691 3204 1801 3247 stas
1827 3194 1990 3248 Deum
2011 3193 2108 3245 ob-

524 3288 938 3359 stringens.th
966 3288 1033 3343 de
1058 3287 1241 3342 eausa?
1267 3285 1336 3341 Ut
1354 3287 1519 3346 olera,
1546 3284 1827 3339 utcaleeos
1854 3283 2101 3353 accipias,

526 3398 624 3453 pro
651 3382 860 3438 modica
883 3381 1104 3453 pecunia
1134 3382 1184 3434 in
1207 3390 1396 3434 testem
1427 3379 1573 3433 illutn
1599 3379 1847 3433 advocas.
1868 3378 1964 3441 Ne,
1981 3378 2102 3448 quia

526 3494 630 3531 non
664 3477 943 3546 plectinmr
969 3518 982 3538 ,
1015 3485 1260 3543 putemus
1285 3490 1381 3529 nos
1412 3490 1516 3527 non
1549 3488 1805 3542 peccare:
1834 3474 1934 3526 hoc
1962 3474 2101 3528 divi-

526 3584 610 3623 na:
654 3567 1036 3622 misericordiae
1064 3577 1146 3621 est
1168 3607 1184 3631 ,
1214 3582 1317 3618 non
1361 3576 1557 3619 nostra:
1592 3564 1821 3620 virtutis.
1853 3565 1979 3619 Jura
2009 3581 2103 3635 per

527 3670 745 3729 puerum
779 3667 926 3712 tuum
958 3676 971 3721 ;
1020 3659 1137 3725 jura
1167 3672 1262 3727 per
1293 3662 1518 3727 teipsum
1545 3674 1558 3717 ;
1590 3657 1674 3711 dic
1707 3674 1720 3710 :
1752 3658 1839 3711 Sic
1856 3672 1923 3711 ne
1948 3658 2103 3711 lictor

526 3752 700 3805 adstct
735 3750 992 3803 lateribus
1015 3750 1167 3803 meis.
1207 3748 1313 3804 Sed
1345 3750 1518 3802 times.
1544 3747 1820 3802 Latcribus
1840 3763 1968 3817 ergo
1998 3750 2101 3803 tuis

524 3843 684 3897 vilior
710 3852 792 3898 est
820 3843 979 3909 Deus,
1008 3852 1063 3896 et
1086 3844 1260 3911 capite
1309 3850 1399 3894 tuo
1424 3840 1724 3909 abjectior?
1755 3840 1924 3895 Dicito
1951 3859 1963 3893 :
2011 3840 2101 3895 Sic

523 3948 591 3991 ne
617 3948 875 3988 oxczecer.
915 3936 986 3986 At
1034 3932 1284 3986 Christus
1319 3932 1390 3985 ita
1420 3931 1576 3984 nobis
1632 3934 1837 3999 parcit,
1874 3942 1928 3984 nt
1959 3939 2102 3986 vetet

523 4023 683 4078 etiam
732 4038 826 4092 per
856 4024 1131 4091 pmprium
1167 4032 1325 4091 caput
1354 4023 1537 4089 jurare
1569 4039 1581 4075 :
1615 4037 1711 4075 nos
1740 4036 1867 4075 vero
1896 4022 1965 4075 ita
1995 4036 2098 4075 non

523 4117 792 4185 parcimus
820 4116 1002 4185 gloria:
1025 4115 1147 4179 Dei,
1177 4125 1233 4167 ut
1259 4114 1452 4183 ubique
1470 4114 1643 4183 ipsum
1663 4113 1951 4166 trahamus.
1980 4113 2102 4168 Nes-

521 4207 662 4268 citis,
689 4205 814 4274 qnid
834 4207 901 4258 sit
927 4207 1085 4267 Deus,
1113 4214 1168 4259 et
1196 4220 1301 4274 quo
1319 4219 1414 4258 ore
1435 4202 1777 4257 advocandus
1802 4204 1890 4258 sit.
1923 4203 2030 4258 Sed
2054 4205 2098 4258 si

525 4296 728 4351 doviro
764 4297 961 4350 virtute
1007 4296 1152 4348 claro
1198 4296 1509 4364 loquamur,
1552 4294 1779 4347 dicimus
1804 4335 1818 4357 ,
1859 4293 1999 4347 Lava
2040 4308 2102 4348 os

526 4398 707 4455 tuutn,
740 4399 793 4442 et
816 4388 895 4442 sic
915 4396 1312 4447 commemora;
1347 4399 1488 4439 nunc
1516 4398 1644 4440 vero
1688 4387 1976 4454 pretiosum
2007 4400 2103 4438 no-

524 4496 648 4536 men
674 4523 688 4545 ,
722 4480 863 4550 quod
891 4490 975 4536 est
998 4494 1160 4549 super
1186 4495 1344 4533 omne
1371 4494 1563 4534 nomen
1590 4522 1604 4546 ,
1639 4479 1882 4535 mirabile
1910 4480 1961 4533 in
1986 4480 2103 4533 uni-

525 4586 675 4625 versa
704 4582 864 4636 terra,
889 4571 1029 4640 quod
1059 4572 1337 4625 audientes
1366 4571 1639 4626 daemones
1689 4570 2098 4636 exhorrescunt,

525 4673 730 4718 temere
759 4664 1249 4718 circumtrahimus.

595 4755 647 4808 6.
688 4756 731 4810 0
756 4755 1196 4810 consuetudinem
1221 4757 1233 4809 !
1265 4755 1331 4808 ab
1354 4755 1438 4809 illa
1469 4756 1611 4811 enim
1640 4756 1967 4825 contemptui
1997 4766 2099 4812 est.

526 4851 663 4901 Sane
688 4849 731 4903 si
775 4849 825 4903 itt
857 4848 1022 4903 sacris
1058 4848 1262 4901 aedibus
1288 4848 1447 4902 alieni
1490 4850 1862 4904 necessitatem
1890 4852 2101 4920 jurandi

526 4941 882 5009 imposueris,
916 4942 985 4994 ita
1017 4941 1241 4994 allectus
1269 4956 1328 4994 es
1366 4956 1429 5009 ac
1464 4942 1506 4994 si
1540 4940 1860 4995 horrendum
1914 4944 2103 4999 feceris

521 5033 900 5102 juramentnm.
932 5035 1087 5104 Atqui
1111 5051 1205 5089 cur
1235 5047 1337 5088 tam
1374 5035 1693 5088 horrendum
1724 5037 1929 5091 videtur
1950 5054 2066 5091 esse
2086 5080 2100 5103 ,

527 5127 630 5181 nisi
651 5128 773 5196 quia
803 5128 894 5180 illo
908 5128 1119 5195 quidem
1146 5128 1297 5183 facile
1320 5130 1536 5192 utimur,
1570 5129 1672 5183 hoc
1694 5145 1819 5184 vero
1846 5130 2106 5184 minime?

527 5234 703 5273 annon
750 5218 969 5273 horrere
1003 5229 1270 5288 Oporteret
1311 5236 1428 5274 cum
1470 5223 1774 5276 nominatur
1813 5223 1996 5277 Deus?
2039 5225 2106 5277 At

528 5310 670 5381 apud
699 5310 914 5366 Judzeos
944 5312 1015 5364 ita
1047 5314 1410 5368 venerandum
1433 5327 1546 5369 crat
1577 5332 1768 5370 nomen
1799 5317 1933 5386 ejus,
1961 5328 2016 5369 ut
2052 5317 2102 5370 in

526 5404 739 5457 laminis
776 5402 1169 5458 describeretur
1201 5405 1388 5476 (Exod.
1424 5406 1510 5461 59.
1547 5406 1676 5474 29),
1705 5417 1760 5462 et
1804 5408 2000 5462 nemini
2045 5408 2110 5460 li-

526 5505 676 5552 ceret
703 5496 885 5550 literas
912 5495 1038 5549 istas
1075 5496 1210 5549 ferre
1232 5538 1247 5561 ,
1281 5496 1380 5549 nisi
1420 5497 1520 5551 soli
1550 5513 1760 5553 summo
1799 5498 2059 5553 sacerdoti
2087 5515 2101 5562 ;

529 5603 671 5643 nunc
707 5599 885 5643 autem
918 5598 1023 5642 tam
1068 5587 1220 5642 facile
1260 5604 1450 5642 nomen
1497 5589 1611 5658 ejus
1657 5590 2101 5646 circumferimus.

528 5682 586 5737 Si
613 5683 925 5751 simpliciter
946 5683 1224 5736 nominare
1259 5683 1419 5736 Deum
1444 5699 1548 5736 non
1580 5685 1825 5739 omnibus
1850 5687 1925 5740 fas
1955 5696 2101 5753 erat;

532 5775 703 5840 ipsum
746 5775 796 5827 in
839 5782 1027 5829 teStem
1056 5790 1247 5828 vocare
1271 5816 1287 5840 ,
1320 5784 1533 5842 quanta:
1562 5776 1798 5832 audacia:
1826 5820 1841 5843 ,
1875 5794 2058 5848 quaeso
2087 5822 2103 5845 ,

529 5871 714 5941 quanti
759 5868 953 5928 furoris
984 5872 1099 5928 est!
1148 5873 1204 5928 Si
1249 5872 1390 5927 enim
1434 5872 1611 5941 potius
1650 5873 1826 5929 omnia
1872 5875 2106 5944 abjicerc

2224 539 2519 598 oporteret,
2542 548 2720 588 annon
2745 535 2973 591 libenter
3001 537 3301 605 relinquere
3332 551 3425 605 par
3444 536 3630 590 esset?
3659 535 3800 591 Ecce

2221 617 2362 686 dico,
2386 632 2440 676 et
2467 624 2724 679 testificor
2748 643 2761 679 :
2788 628 3082 682 Emendate
3094 627 3391 695 juramenta
3422 628 3507 682 illa
3531 628 3796 691 forensia;

2222 724 2328 764 non
2374 712 2809 784 obtemperantes
2852 729 3027 772 autem
3066 734 3253 773 omnes
3297 719 3363 774 ad
3401 735 3484 774 me
3522 720 3796 775 adducite.

2223 799 2364 857 Ecce
2388 804 2538 860 vobis
2565 809 2920 875 praesentibus
2955 808 3161 879 impero
3200 811 3298 877 iis,
3330 810 3421 881 qui
3449 810 3517 865 ad
3552 810 3801 866 ministe-

2221 891 2359 947 rium
2386 905 2510 949 sunt
2533 896 2788 952 domuum
2811 901 3089 968 orationis,
3131 901 3316 956 hortor
3340 910 3393 957 et
3419 903 3605 968 edico,
3636 908 3794 958 nemi-

2223 984 2277 1038 ni
2301 985 2463 1042 licere
2483 998 2683 1045 temere
2700 990 2918 1060 jurare;
2948 995 3055 1049 imo
3080 1011 3251 1066 neque
3279 996 3385 1049 alio
3405 998 3593 1066 quovis
3613 997 3795 1052 modo.

2219 1075 2301 1130 Ad
2331 1092 2416 1132 me
2440 1094 2569 1148 ergo
2594 1081 2824 1137 ducatur
2849 1125 2863 1146 ,
2896 1085 3134 1156 quisquis
3159 1086 3265 1149 sit,
3295 1088 3416 1156 quia
3460 1088 3575 1143 lucc
3618 1092 3798 1143 omnia

2218 1160 2285 1212 ad
2326 1175 2425 1215 nos
2452 1178 2620 1232 usque
2642 1165 2841 1220 deferri
2868 1177 3115 1237 oportet,
3163 1186 3225 1225 ac
3254 1172 3298 1224 si
3332 1173 3534 1240 pueruli
3580 1175 3797 1231 essetis.

2220 1251 2373 1305 Absit
2402 1262 2460 1306 ut
2502 1254 2575 1308 ita
2616 1272 2703 1311 res
2727 1257 2817 1311 sit.
2848 1258 3027 1314 Pudor
3047 1262 3188 1315 enim
3213 1272 3294 1315 est
3317 1302 3331 1324 ,
3364 1263 3410 1317 si
3434 1263 3609 1319 adhuc
3633 1265 3803 1319 disci-

2221 1342 2361 1407 plina
2389 1346 2612 1413 egentis.
2663 1347 2797 1402 Num
2844 1365 3050 1407 sacram
3097 1368 3338 1408 mensam
3369 1362 3586 1425 tangere
3630 1357 3799 1412 audes

2219 1451 2326 1489 non
2350 1437 2617 1494 initiatus?
2640 1439 2743 1496 Sed
2770 1443 2910 1512 quod
2934 1444 3081 1514 pejus
3103 1455 3206 1511 est,
3239 1454 3292 1499 tu
3324 1446 3560 1502 initiatus
3587 1463 3798 1503 sacram

2218 1545 2455 1585 mensam
2483 1542 2699 1603 tangere
2733 1536 2921 1601 audes,
2953 1553 3111 1607 quant
3141 1554 3242 1593 nec
3267 1539 3513 1596 omnibus
3541 1541 3798 1597 sacerdo-

2220 1620 2360 1675 tibus
2389 1632 2605 1693 tangere
2628 1625 2751 1681 licet
2775 1667 2789 1690 ,
2820 1638 2874 1682 et
2904 1629 2982 1683 sic
3002 1630 3203 1697 jurare.
3234 1629 3301 1685 Et
3328 1639 3383 1685 tu
3407 1632 3620 1702 quidem
3645 1635 3800 1704 pueri

2217 1723 2379 1782 caput
2404 1730 2507 1768 non
2540 1726 2787 1785 tangeres
2810 1733 3081 1789 egressus,
3110 1731 3165 1775 et
3191 1737 3432 1777 mensam
3455 1728 3625 1794 tangis
3645 1766 3661 1789 ,
3696 1740 3800 1779 ne-

2216 1819 2321 1874 que
2346 1807 2681 1863 exhorrescis
2708 1825 2808 1864 nec
2830 1811 3118 1867 formidas?
3138 1814 3215 1868 Ad
3241 1830 3326 1870 me
3349 1816 3481 1872 tales
3502 1818 3755 1874 adducito
3782 1837 3797 1874 :

2215 1911 2315 1966 ego
2337 1895 2595 1966 judicium
2626 1901 2790 1954 feram
2816 1943 2831 1966 ,
2860 1910 2917 1956 et
2940 1904 3125 1958 ambos
3158 1905 3455 1975 gaudentes
3497 1911 3797 1965 remittam.

2214 1987 2366 2055 Quod
2395 1990 2671 2045 volueritis
2693 2032 2709 2059 ,
2738 1992 2934 2057 facite;
2975 1996 3145 2066 legem
3179 2014 3341 2066 pono,
3375 2015 3443 2054 ne
3470 2002 3689 2057 omnino
3710 2002 3804 2073 ju-

2215 2091 2382 2135 t'etur.
2403 2082 2532 2149 Quae
2560 2084 2748 2138 salutis
2772 2101 2897 2156 spes
2913 2088 2992 2142 sic
3017 2089 3174 2145 nobis
3193 2092 3371 2146 omnia
3397 2095 3800 2163 pessumdanti-

2214 2169 2354 2225 bus?
2379 2170 2499 2226 ideo
2523 2174 2862 2243 syngraphae,
2894 2176 3017 2232 ideo
3035 2179 3293 2250 symbolae
3311 2221 3327 2247 ,
3355 2192 3412 2238 ut
3438 2193 3580 2239 tuam
3610 2187 3802 2241 immo-

2214 2261 2294 2316 les
2311 2262 2544 2317 animam
2570 2264 2595 2318 ?
2619 2266 2747 2335 quid
2777 2277 2980 2324 tantum
3004 2271 3249 2341 lucraris,
3281 2288 3541 2345 quantum
3566 2280 3750 2348 perdis
3774 2280 3801 2335 2

2215 2354 2520 2424 Pejeravit?
2564 2358 2847 2414 PerdidiSti
2885 2373 2940 2417 et
2990 2365 3138 2419 illum
3168 2375 3223 2421 et
3250 2368 3498 2437 teipsum.
3539 2371 3645 2426 Sed
3686 2389 3798 2428 non

2215 2448 2473 2516 pejeravit
2492 2450 2515 2503 ?
2536 2449 2712 2505 Etiam
2748 2453 2825 2505 sic
2859 2455 3156 2523 perdidisti,
3186 2459 3272 2527 qui
3296 2462 3534 2531 coegeris
3557 2478 3797 2535 praecep-

2214 2545 2324 2594 tum
2347 2543 2664 2611 transgredi.
2695 2543 2845 2599 llunc
2873 2548 3119 2603 morbum
3141 2550 3210 2605 ab
3223 2552 3401 2608 anima
3424 2556 3795 2624 expellamus;

2216 2630 2425 2684 interim
2463 2648 2492 2684 a
2533 2634 2649 2686 foro
2678 2634 2823 2688 illutn
2853 2636 3130 2706 ejiciamus
3153 2680 3167 2705 ,
3199 2657 3229 2695 a
3262 2644 3497 2699 tabernis
3521 2658 3796 2703 mercato-

2212 2737 2353 2788 rum,
2378 2731 2434 2778 et
2453 2738 2485 2778 a
2506 2723 2729 2793 reliquis
2742 2725 2978 2784 officinis
3002 2746 3015 2782 :
3046 2732 3218 2802 major
3238 2736 3391 2789 nobis
3421 2736 3544 2790 hinc
3570 2753 3801 2807 proven-

2215 2824 2298 2867 tus
2322 2815 2445 2869 erit.
2474 2814 2553 2871 Ne
2582 2817 2781 2888 putetis
2823 2834 2917 2889 per
2966 2826 3446 2892 transgressionem
3487 2827 3807 2898 divinarum,

2215 2907 2388 2978 legum
2431 2924 2518 2964 res
2562 2911 2720 2981 hujus
2762 2914 2883 2969 vitae
2924 2926 3069 2971 recte
3102 2918 3278 2988 dirigi.
3312 2922 3382 2974 At
3430 2937 3534 2975 non
3576 2925 3753 2979 credit
3777 2968 3793 2991 ,

2211 3001 2439 3071 inquies.
2472 3002 2603 3058 Nam
2628 3004 2731 3060 hoc
2756 3021 2857 3077 ego
2878 3008 2944 3061 ab
2968 3009 3232 3078 aliquibus
3252 3012 3430 3066 audivi
3464 3031 3477 3065 :
3507 3013 3619 3068 Nisi
3645 3015 3798 3070 mille

2206 3093 2505 3163 iuramenta
2534 3096 2824 3166 proferam,
2857 3115 2963 3153 non
2991 3101 3193 3156 credet.
3220 3103 3297 3157 Tu
3329 3104 3383 3158 in
3407 3120 3567 3160 causa
3585 3121 3666 3172 es,
3698 3109 3795 3177 qui

2213 3196 2318 3239 tam
2350 3185 2502 3242 facile
2524 3188 2673 3257 juras
2699 3207 2711 3241 :
2749 3205 2870 3244 nam
2896 3191 2941 3244 si
2968 3190 3069 3246 hoc
3098 3209 3203 3248 non
3225 3204 3387 3262 esset,
3420 3197 3513 3251 sed
3536 3198 3796 3255 omnibus

2209 3290 2392 3334 notum
2414 3293 2557 3336 esset
2586 3293 2636 3338 te
2667 3301 2951 3355 numquam
2983 3288 3183 3357 jurare,
3209 3292 3370 3345 crede
3396 3292 3523 3344 mihi
3544 3292 3746 3348 dicenti
3774 3335 3791 3360 ,

2207 3373 2291 3427 vel
2321 3374 2558 3429 innuenti
2588 3377 2679 3430 tibi
2710 3382 2876 3449 magis
2898 3382 3223 3446 crederetur,
3256 3399 3411 3453 quam
3437 3386 3503 3439 iis
3526 3388 3614 3455 qui
3639 3388 3794 3441 mille

2201 3466 2497 3535 juramenta
2529 3470 2806 3526 devorant.
2828 3473 2959 3526 Nam
2982 3476 3087 3540 cui,
3113 3492 3312 3543 quaeso,
3346 3479 3511 3547 magis
3540 3480 3787 3547 creditis,

2207 3558 2334 3611 mihi
2364 3575 2469 3613 non
2494 3561 2693 3629 juranti
2716 3604 2731 3629 ,
2760 3579 2826 3616 an
2849 3565 3197 3634 jurantibus?
3224 3568 3327 3622 Sed
3360 3580 3434 3632 tu,
3470 3571 3701 3640 inquies,
3728 3589 3791 3625 es

2208 3648 2453 3717 princeps
2482 3661 2537 3704 et
2563 3653 2893 3723 episcopus?
2921 3655 3055 3721 Quid
3085 3657 3241 3726 igitur
3266 3699 3278 3719 ,
3310 3660 3353 3711 si
3383 3662 3672 3717 ostendero
3697 3677 3791 3717 nte

2208 3758 2310 3796 non
2340 3743 2440 3798 hoc
2467 3746 2639 3799 solum
2666 3748 2831 3801 esse?
2856 3747 2986 3802 Cum
3019 3751 3244 3806 veritate
3268 3792 3281 3815 ,
3311 3768 3490 3821 quieso
3518 3794 3533 3817 ,
3568 3770 3792 3824 respon-

2203 3837 2325 3892 dete
2345 3837 2474 3893 mihi
2501 3857 2515 3893 :
2543 3840 2589 3895 si
2619 3841 2926 3911 frequenter
2949 3853 3004 3897 et
3027 3859 3239 3912 semper
3258 3846 3493 3914 jurarem
3518 3890 3531 3911 ,
3558 3863 3625 3901 an
3660 3866 3788 3917 pro-

2204 3933 2383 3987 desset
2429 3934 2557 3987 tnihi
2597 3936 2967 4004 principatus?
2992 3937 3228 3993 Minime.
3261 3939 3446 3992 Viden'
3490 3957 3592 3994 non
3638 3943 3780 3995 illam

2204 4040 2323 4081 esse
2352 4041 2564 4080 causam
2586 4027 2609 4079 ?
2633 4028 2768 4095 Quid
2797 4028 2954 4097 igitur
2978 4069 2992 4092 ,
3020 4044 3203 4099 qua-so
3224 4070 3240 4095 ,
3286 4032 3552 4085 lucraris?
3585 4034 3786 4087 laulus

2204 4120 2472 4174 esuriebat
2501 4137 2514 4172 :
2544 4130 2600 4174 et
2642 4132 2694 4175 tu
2735 4123 2941 4176 esurire
2985 4125 3162 4192 potius
3193 4125 3359 4195 eligas
3380 4167 3392 4189 ,
3425 4142 3583 4195 quant
3610 4138 3792 4183 trans-

2203 4212 2352 4279 gredi
2381 4212 2626 4280 quatdam
2654 4227 2721 4266 ex
2750 4213 2945 4267 divinis
2981 4215 3263 4271 mandatis.
3293 4218 3400 4271 Cur
3438 4233 3567 4287 ergo
3607 4222 3790 4277 incre

2205 4301 2359 4355 dultts
2386 4303 2487 4356 es?
2518 4302 2593 4355 Tu
2622 4319 2750 4373 ergo
2779 4304 2909 4358 nihil
2939 4320 3044 4358 non
3078 4322 3224 4376 ages,
3258 4318 3312 4362 et
3343 4311 3562 4378 patieris
3585 4355 3599 4375 ,
3636 4323 3692 4366 ut
3719 4332 3790 4369 ne

2208 4412 2456 4464 umquam
2479 4397 2663 4464 jures;
2694 4406 2749 4451 at
2783 4398 2872 4453 ille
2895 4408 2946 4453 te
2976 4414 3080 4453 non
3109 4403 3467 4457 remtmerabit
3537 4405 3696 4474 Atqui
3734 4417 3791 4461 et

2208 4490 2449 4558 perjuros
2470 4498 2525 4543 et
2544 4490 2862 4558 iuramentis
2887 4502 3131 4548 assuetos
3152 4494 3390 4561 quotidie
3416 4497 3510 4548 alit
3535 4512 3549 4561 ;
3581 4508 3633 4552 te
3655 4514 3789 4554 vero

2206 4579 2329 4634 fami
2361 4580 2570 4644 tradet,
2602 4582 2724 4650 quia
2767 4581 2912 4635 illttm
2940 4583 3178 4636 audisti?
3223 4583 3424 4639 Omnes
3455 4587 3674 4641 videant
3712 4605 3787 4643 ex

2206 4674 2271 4727 iis
2293 4714 2307 4736 ,
2336 4674 2422 4742 qui
2457 4673 2509 4727 in
2540 4672 2638 4726 hac
2662 4673 2884 4727 ecclesia
2914 4685 3334 4745 congregantur,
3365 4679 3631 4732 neminem
3664 4695 3789 4735 esse

2206 4768 2295 4835 qui
2320 4766 2465 4835 juret
2491 4783 2506 4832 ;
2532 4776 2586 4820 et
2631 4766 2754 4819 hinc
2783 4767 2891 4819 noti
2935 4767 3104 4821 simus
3132 4808 3145 4829 ,
3174 4783 3277 4821 non
3305 4784 3369 4822 ex
3399 4769 3501 4823 fide
3532 4780 3738 4824 tantum
3771 4789 3786 4836 ;

2207 4858 2333 4913 hinc
2358 4875 2386 4911 a
2415 4856 2615 4912 Grmcis
2635 4867 2688 4911 et
2708 4857 2775 4911 ab
2800 4857 2918 4912 aliis
2949 4859 3196 4912 omnibus
3224 4859 3547 4914 differamus.
3593 4863 3792 4932 Signa-

2207 4953 2383 5005 cnlnm
2409 4950 2733 5019 accipiamus
2757 4950 2825 5003 de
2852 4951 3018 5016 cadis,
3050 4958 3107 5003 ut
3132 4952 3278 5019 quasi
3313 4953 3488 5020 regius
3513 4967 3639 5021 grex
3670 4956 3792 5007 tibi-

2209 5060 2311 5112 que
2333 5056 2684 5113 appareamus
2712 5059 2723 5093 :
2749 5041 2816 5094 ab
2842 5056 2935 5095 ore
2962 5052 3016 5095 et
3102 5042 3275 5111 lingua
3306 5057 3613 5108 nosCamur,
3646 5044 3789 5098 sicut

2209 5134 2416 5187 barbari
2444 5148 2458 5195 ;
2485 5132 2623 5185 sicut
2662 5132 2695 5185 ii
2723 5133 2811 5200 qui
2848 5131 3031 5186 Gra-ce
3056 5132 3231 5187 sciunt
3257 5174 3273 5197 ,
3304 5132 3429 5186 hinc
3467 5149 3499 5187 a
3543 5135 3790 5191 barbaris

2209 5225 2595 5279 discernamur.
2624 5223 2716 5276 Dic
2737 5225 2876 5277 enim
2903 5223 3053 5287 mihi,
3079 5224 3222 5278 unde
3243 5226 3350 5277 noti
3379 5236 3501 5278 sunt
3530 5227 3742 5296 psittaci

2212 5331 2390 5371 nonne
2418 5331 2481 5370 ex
2510 5331 2593 5374 co.
2627 5316 2765 5382 quod
2798 5325 3063 5383 tamquam
3095 5315 3338 5371 homines
3363 5317 3692 5385 loquantur?
3721 5319 3792 5374 Et

2211 5423 2310 5462 nos
2335 5422 2565 5477 quoque,
2593 5407 2731 5461 sicut
2759 5406 3005 5474 apostoli,
3037 5422 3100 5459 ex
3129 5407 3336 5476 loquela
3364 5410 3470 5461 noti
3503 5410 3692 5473 simus,
3723 5427 3791 5464 ex

2211 5514 2276 5554 eo
2306 5499 2444 5568 quod
2492 5506 2548 5551 ut
2576 5497 2746 5568 angeli
2792 5498 3091 5567 loquamur.
3139 5497 3191 5551 Si
3221 5499 3340 5567 quis
3363 5499 3592 5565 dixerit,
3621 5499 3789 5565 Jura;

2211 5591 2415 5655 audiat,
2447 5588 2688 5643 Christus
2724 5597 2886 5653 vetat,
2914 5599 2969 5642 et
3000 5605 3104 5642 non
3131 5589 3275 5659 juro.
3307 5589 3419 5644 Hoc
3445 5592 3576 5644 satis
3614 5591 3791 5645 estad

2212 5699 2425 5738 onmem
2448 5680 2799 5737 inducendam
2828 5681 3096 5735 virtutem.
3120 5681 3287 5736 Janua
3309 5682 3549 5752 quaedam
3574 5692 3657 5737 est
3680 5684 3794 5753 pie~

2215 5778 2356 5837 tatis,
2386 5776 2469 5829 via
2499 5775 2565 5829 ad
2593 5774 2982 5846 philosophiam
3010 5774 3267 5845 (pietatis)
3290 5775 3569 5839 inducens,
3599 5778 3789 5841 palzes-

2216 5882 2297 5928 tra
2324 5871 2585 5943 quardam.
2618 5869 2740 5924 lltcc
2767 5868 3155 5934 custodiamus,
3193 5880 3245 5922 ut
3277 5870 3553 5939 prwscntia
3581 5868 3803 5925 etfutu-
