4022 6364
239 273 300 329 83
1167 281 1233 336 IN
1269 284 1450 340 ACTA
1492 277 2024 339 APOSTOLORUM.
2061 281 2295 342 HOMIL.
2336 287 2428 341 IX.
3390 285 3463 343 8.5

238 388 406 450 ἀνοίας
421 388 676 460 ἐσχάτης·
703 392 796 445 ἐπὶ
814 392 915 464 τὴν
943 393 1040 466 σὴν
1061 395 1168 468 γὰρ
1195 400 1436 468 κεφαλὴν
1468 400 1638 472 ήδίκη
1668 416 1798 471 τρα-

237 481 473 552 πήσεται·
508 481 720 552 βέλτιόν
753 501 813 538 σε
839 487 906 540 τὰ
923 489 1182 559 χρήματα
1221 492 1556 565 ἀπολέσαι,ἢ
1591 495 1798 546 ἐκεῖνον

235 571 643 629 ἀπόλλυσθαιΤί
659 577 803 646 μετά
814 579 914 647 τῆς
948 581 1048 651 σῆς
1068 582 1270 654 ζημίας
1290 584 1448 638 τοῦτο
1469 589 1658 649 ποιεῖς,
1677 585 1792 659 [78]

235 665 317 719 καὶ
351 664 490 735 μετὰ
512 667 609 736 τῆς
644 667 856 738 ’ύόρεως
885 671 978 725 τοῦ
995 673 1128 728 θεοῦ
1154 692 1168 741 ;
1196 676 1395 748 Θηρίου
1427 676 1609 749 α’ύτηὴ
1629 677 1794 750 ψυχὴ.

235 758 313 808 καὶ
341 757 571 820 ἀσεϐοῦς
608 760 822 831 ἀνδρός.
869 763 1026 818 Ἀλλὰ
1055 767 1356 836 προσδοκῶ,
1383 770 1463 823 ὅτι
1491 770 1591 823 ούκ
1619 772 1797 841 ὲπιορο

233 849 390 918 κήσει.
422 849 635 903 Οὐκοῦν
657 854 753 906 καὶ
777 855 946 925 χωρὶς
970 857 1134 927 ὅρκου
1167 860 1475 914 πίστευσον.
1525 861 1663 915 Ἀλλ’
1690 860 1798 915 εἰσὶ

233 939 415 1002 πολλοὶ,
475 941 660 1012 φησὶν,
710 944 762 997 οἳ
784 947 952 1016 χωρὶς
976 949 1138 1020 ὅρκου
1170 951 1370 1006 εἴλοντο
1403 953 1795 1024 ἀποστερῆσαι·

232 1031 351 1100 μετά
374 1030 431 1083 δὲ
461 1033 644 1102 ὅρκον.
677 1036 882 1090 οὐκέτι.
927 1039 1164 1111 Ἀπατᾷς
1218 1043 1460 1105 σεαυτὸν,
1520 1043 1794 1114 ἄνθρωπε.

233 1121 539 1193 ΙἌνθρωπος
557 1126 816 1181 κλέπτειν
849 1131 1183 1200 μεμαθηκὼς
1204 1135 1296 1188 καὶ
1321 1135 1411 1189 τὸν
1441 1135 1667 1206 πλησίον
1678 1136 1797 1190 ἀδι-

229 1216 344 1276 κεῖν,
367 1215 548 1268 ἕλοιτο
573 1218 649 1271 γᾶν
680 1222 774 1273 καί⁵
813 1222 973 1291 ὅρκον
1005 1228 1390 1296 καταπατῆσαι
1427 1227 1709 1292 πολλάκις·
1745 1228 1797 1281 εί

226 1305 274 1358 δὲ
300 1306 422 1375 περὶ
471 1307 567 1361 τοῦ
614 1310 814 1380 ὀμόσαι
869 1314 1214 1388 εὐλαϐηθείη,
1252 1319 1381 1388 περὶ
1427 1319 1489 1372 τὸ
1539 1319 1797 1391 ἀδικῆσαι

229 1396 386 1467 πολλῷ
413 1399 641 1468 μᾶλλον.
689 1402 829 1455 Ἀλλ’
854 1405 1002 1459 ἄκων
1029 1408 1160 1461 αὐτὸ
1175 1408 1372 1479 πάσχει
1393 1426 1407 1472 ς
1427 1411 1637 1464 Οὐκοῦν
1661 1428 1797 1481 συγ-

227 1488 430 1560 γνώμης
452 1492 627 1558 ἄξιος.
658 1494 819 1549 Ἀλλὰ
847 1497 902 1550 τί
932 1497 1074 1566 λέγω
1091 1501 1216 1572 περὶ
1248 1502 1356 1556 τῶν
1378 1503 1555 1574 ὅρκων
1566 1503 1793 1566 τούτων,

228 1581 362 1650 ἀφεὶς
391 1585 524 1646 τοὺς
553 1585 894 1658 ὲπ⁹ἁγορᾶςς
929 1591 1077 1645 Ἐκεῖ
1103 1592 1212 1662 γὰρ
1233 1595 1382 1648 οὐδὲν
1403 1594 1640 1648 τοιοῦτον
1653 1595 1798 1666 ἔχεις

227 1675 400 1726 εἰπεῖν·
437 1676 588 1748 ὑπὲρ
639 1679 748 1751 γάρ
783 1681 915 1735 δέκα
945 1683 1146 1738 ὀϐολῶν
1185 1686 1336 1758 ὅρκοι
1396 1688 1635 1756 γίνονται
1700 1688 1796 1742 καλ⁸

229 1766 509 1837 ἐπιορκίαι.
544 1769 668 1823 Ὀτι
693 1773 802 1843 γὰρ
827 1775 1066 1849 σκηπτὸς
1091 1777 1296 1831 ἀνωθεν
1319 1779 1379 1832 ού
1408 1779 1792 1849 κατέρχεταια,

227 1857 298 1910 ὅτι
322 1859 421 1928 γὰρ
453 1860 520 1913 ού
549 1863 728 1916 πάντα
760 1864 1142 1936 ἀνατρέπεται,
1178 1868 1410 1940 ἕστηκας
1446 1870 1693 1940 κατέχων
1705 1869 1796 1924 τὸν

230 1948 361 2004 Θεόν.
390 1951 458 2003 Τί
480 1951 712 2022 δήποτες
747 1955 865 2009 "Iv:
890 1957 1095 2028 λάχανα
1124 1960 1314 2032 λάὸῃς,
1342 1963 1428 2015 ἵνα
1448 1963 1616 2030 ύποδή
1627 1980 1792 2032 ματα,

231 2043 353 2114 ύάρ
376 2045 562 2115 ὀλίγου
621 2049 890 2122 ἀργυρίου
917 2053 1000 2115 είς
1033 2054 1339 2124 μαρτυρίαν
1388 2055 1552 2109 αὑτὸν
1589 2056 1791 2112 καλῶν.

233 2135 313 2207 Μὴ
330 2135 409 2207 δὴ,
427 2138 618 2209 ἐπειδὴ
648 2144 724 2212 μὴ
747 2143 1108 2215 κολαζόμεθα,
1124 2145 1436 2216 νομίσωμεν
1467 2149 1600 2218 μηδὲ
1617 2149 1798 2218 ἀμαρ-

241 2229 411 2283 τάνειν·
431 2233 588 2287 τοῦτο
609 2236 711 2304 τῆς
741 2235 1148 2307 φιλανθρωπίας
1177 2239 1293 2291 ἐστὶ
1315 2239 1408 2292 τοῦ
1421 2239 1578 2305 Θεοῦ,
1607 2241 1666 2293 ού
1694 2240 1797 2310 τῆς

250 2323 491 2395 ἡμετέρας
516 2327 735 2397 ἀρετῆς.
776 2330 1010 2398 Ὄμοσον
1043 2330 1182 2383 κατὰ
1212 2330 1307 2383 τοῦ
1336 2331 1525 2395 παιδὸς
1552 2332 1646 2385 τοῦ
1676 2331 1793 2396 σοῦ,

248 2413 423 2482 ὄμοσον
447 2418 576 2470 κατὰ
603 2418 824 2472 σαυτοῦ·
848 2420 987 2486 είπὲ,
1026 2421 1180 2475 υῦτω
1217 2423 1290 2494 μὴ
1323 2422 1516 2495 δήμιος
1541 2423 1795 2496 ἐπισταίη

242 2509 349 2567 ταῖς
369 2507 610 2578 πλευραῖς
632 2512 755 2573 ταῖς
785 2511 962 2582 ἐμαῖς.
1010 2512 1171 2566 Ἀλλὰ
1201 2514 1458 2578 δέδοικας.
1491 2515 1610 2567 Τῶν
1633 2515 1797 2568 πλευ-

237 2599 334 2669 ρῶν
364 2619 450 2654 σου
479 2597 572 2654 οῦν
593 2602 919 2674 ἀτιμότερος
947 2606 975 2658 ὀ
999 2604 1165 2670 Θεός;
1192 2606 1289 2676 τῆς
1321 2606 1562 2677 κεφαλῆς
1589 2625 1681 2660 σου
1707 2607 1797 2659 εύ-

232 2693 549 2765 τεὶέστερος;
594 2695 752 2759 Εἰπὲ,
787 2695 944 2751 Οὕτω
1001 2697 1076 2769 μὴ
1133 2698 1396 2770 πηρωθῶ.
1446 2699 1584 2752 Ἀλλ’
1629 2701 1658 2753 ὀ
1698 2699 1797 2770 μὲν

231 2788 437 2857 Χριστὸς
457 2790 636 2853 οὓτως
658 2789 818 2860 ἡμῶν
847 2789 1110 2858 φείδεται,
1139 2792 1214 2856 ὡς
1259 2792 1490 2846 κωλύειν
1521 2793 1618 2848 καὶ
1651 2793 1796 2846 κατά

226 2880 313 2949 τῆς
335 2883 542 2945 οἰκείας
565 2882 788 2953 ὀμνύειν
813 2883 1076 2955 κεφαλῆς·
1102 2886 1263 2956 ἡμεῖς
1278 2886 1336 2939 δὲ
1360 2884 1532 2949 οὕτως
1557 2884 1799 2951 ἀφειδοῦ-

225 2989 314 3040 μεν
333 2976 432 3041 τῆς
455 2972 621 3045 δόξης
646 2975 746 3045 τῆς
760 2974 856 3028 τοῦ
871 2973 1030 3039 Θεοῦ,
1045 2975 1123 3039 ὼς
1133 2977 1404 3048 πανταχοῦ
1421 2977 1583 3031 αὐτὸν
1595 2978 1795 3034 ἕλκειν.

219 3065 321 3116 οὐκ
345 3066 458 3118 ῐστε
481 3065 538 3119 τί
585 3067 704 3120 ἐστι
733 3065 888 3131 Θεὸς,
919 3067 1014 3120 καὶ
1039 3067 1216 3131 ποίοις
1258 3069 1489 3138 στόμασι
1515 3069 1798 3123 καλεῖσθαι

215 3157 423 3223 ὀφείλει.
459 3158 604 3212 Ἀλλ’
632 3159 699 3213 ἂν
731 3160 830 3229 μὲν
851 3160 979 3231 περί
1012 3177 1154 3224 τινος
1186 3159 1433 3231 λέγωμεν
1462 3160 1650 3230 ἀνδρὸς
1678 3163 1799 3214 ενα-

217 3245 380 3314 ρέτου,
419 3249 631 3317 φαμὲν,
658 3247 990 3302 Ἀπόπλυνον
1042 3247 1102 3301 τὸ
1147 3248 1319 3319 στόμα
1369 3266 1484 3310 σου,
1507 3248 1603 3302 καὶ
1655 3248 1800 3304 οὕτω

213 3339 500 3409 μνήσθητι·
555 3340 675 3393 νυνὶ
698 3339 757 3393 δὲ
798 3339 860 3393 τὸ
908 3339 1090 3410 τίμιον
1130 3339 1332 3408 ὄνομα.
1391 3340 1453 3394 τὸ
1506 3341 1647 3412 ὑπὲρ
1689 3344 1798 3396 πᾶν

208 3430 388 3500 ὄνομα,
441 3431 510 3485 τὸ
555 3432 868 3502 θαυμαστὸν
919 3434 979 3487 ἐν
1017 3435 1166 3506 πάσῃ
1198 3437 1264 3506 τῇ
1319 3437 1425 3505 γῇ,
1478 3434 1507 3488 ὃ
1549 3434 1800 3508 δαίμονες

207 3522 494 3587 ἀκούοντες
525 3524 863 3596 φρίττουσιν,
891 3527 1079 3590 ἁπλῶς
1099 3527 1487 3600 περισύρομεν.

270 3622 345 3680 ς’.
364 3617 448 3676 ,Ὦ
475 3619 580 3688 τῆς
615 3618 939 3688 συνηθείαςί
977 3620 1084 3674 ἀπὸ
1131 3621 1240 3691 γὰρ
1285 3620 1488 3690 ταύτης
1515 3619 1738 3689 γέγονεν
1768 3620 1798 3660 δ

203 3709 705 3781 εὐκαταφρόνητον.
723 3711 942 3782 Ἀμέλει
957 3713 1089 3782 γοῦν
1106 3714 1185 3777 είς
1199 3708 1346 3767 οἷκον
1363 3713 1516 3783 ἀγιον
1527 3711 1592 3767 ἂν
1606 3713 1800 3783 ἐπιθῇς

199 3802 578 3872 τινιάνάγκην
594 3801 810 3871 ὀμόσαι,
847 3801 922 3866 ὡς
952 3803 1177 3874 φρικτὸν
1214 3803 1306 3856 τὸν
1355 3803 1517 3874 ὅρκον
1563 3803 1800 3873 ἐργασά-

201 3910 381 3962 μενος,
401 3894 558 3948 οῦτω
597 3894 889 3949 διάκεισαι·
937 3895 1114 3950 καίτοι
1161 3895 1326 3949 πόθεν
1370 3895 1515 3950 οὕτω
1569 3894 1800 3966 φρικτὸν

198 3979 335 4039 εῖναι
373 3987 557 4049 δοκεῖ,
588 3985 752 4058 ἀλλ’ἢ
793 3987 878 4039 ὅτι
903 3986 1094 4057 ἐκείνῳ
1123 3987 1223 4057 μὲν
1253 3985 1438 4049 ἁπλῶς
1486 3986 1799 4057 ἀποκεχρη-

199 4075 358 4145 μεθα,
389 4075 577 4146 τούτῳ
615 4075 673 4128 δὲ
705 4075 855 4146 οὐχί;
891 4076 952 4129 ού
979 4076 1087 4148 γὰρ
1135 4075 1341 4147 φρίκην
1389 4074 1495 4135 ἔδει
1541 4075 1799 4144 γενέσθαι

195 4167 612 4240 ὀνομαζομένου
637 4168 731 4222 τοῦ
748 4166 921 4233 Θεοῦ;
967 4167 1108 4220 Ἀλλ’
1144 4168 1237 4220 ἐπὶ
1268 4167 1368 4238 μὲν
1418 4167 1688 4222 Ἰουδαίων
1706 4167 1797 4221 οὔ-

195 4277 297 4321 τως
329 4258 512 4313 αὐτοῦ
547 4258 609 4312 τὸ
640 4258 810 4329 ὅνομα
837 4259 1036 4329 σεμνὸν
1062 4254 1150 4330 ῆν,
1176 4259 1251 4322 ὡς
1275 4259 1340 4313 ἓν
1363 4257 1618 4322 πετάλοις
1658 4260 1797 4331 γρά-

193 4351 420 4418 φεσθαι,
453 4349 556 4405 καὶ
575 4351 766 4421 μηδενὶ
783 4349 854 4404 τὰ
887 4351 1189 4422 γράμματα
1211 4351 1407 4418 ἐξεῖναι
1440 4354 1645 4423 φορεῖν,
1682 4352 1795 4406 ἀλλ’

193 4444 225 4514 ἦ
254 4444 412 4515 μόνῳ
447 4443 536 4514 τῷ
555 4444 823 4515 ἀρχιερεῖ·
853 4445 972 4496 νυνὶ
986 4443 1042 4497 δὲ
1073 4444 1150 4506 ῶς
1178 4443 1239 4496 τὸ
1263 4443 1426 4514 τυχδν
1455 4443 1598 4498 οὕτω
1637 4462 1798 4515 περι-

190 4537 442 4608 φέρομεν
460 4535 634 4591 αὑτοῦ
661 4535 720 4589 τὸ
746 4535 934 4606 ὅνομα.
953 4536 1014 4590 Et
1039 4536 1223 4600 ἀπλῶς
1245 4537 1532 4608 ὀνομάζειν
1555 4537 1648 4591 τὸν
1663 4538 1797 4591 Θεὸν

189 4631 246 4682 οὗ
281 4633 470 4684 πᾶσιν
501 4628 722 4698 εὐαγές·
751 4629 814 4682 τὺ
832 4629 926 4682 καὶ
959 4629 1052 4681 ἐπὶ
1073 4630 1374 4701 μαρτυρίαν
1403 4630 1565 4685 αὑτὸν
1589 4630 1794 4692 καλεῖν,

187 4725 365 4796 πόσης
377 4723 604 4793 τόλμης
624 4761 640 4782 .
671 4722 794 4776 είπέ
819 4740 929 4794 μοι,
953 4722 1127 4792 πόσης
1149 4723 1380 4794 μανίας;
1407 4724 1470 4778 Et
1492 4722 1601 4794 γάρ
1621 4722 1797 4777 πάντα

189 4814 346 4884 ῥῖψαι
379 4814 594 4885 ἐχρῆν,
655 4813 755 4867 οὐκ
787 4813 896 4867 ἔδει
927 4813 1224 4886 προθύμως
1253 4816 1363 4887 ⁴ὲᾷν
1390 4832 1406 4882 ;
1471 4814 1601 4870 Ἰδοὺ
1654 4814 1796 4883 λέγω

185 4909 278 4962 καὶ
311 4905 805 4979 διαμαρτύρομαι,
837 4905 1236 4979 Κατορθώσατε
1261 4907 1485 4971 τούτους
1522 4909 1650 4970 τοὺς
1703 4907 1796 4960 ἐπὶ

182 5001 279 5070 τῆς
308 5001 540 5070 ἀγορᾶς
571 5001 788 5070 ὅρκους,
819 5001 946 5064 τοὺς
969 4999 1025 5054 δὲ
1068 4999 1142 5072 μὴ
1176 4999 1558 5071 πειθομένους,
1587 5001 1796 5065 πάντας

181 5091 305 5161 ἐμοὶ
335 5093 622 5159 ἀγάγετε.
661 5090 793 5144 Ἰδοὺ
828 5091 1112 5164 παρόντων
1146 5091 1298 5162 ὑμῶν
1333 5093 1654 5158 ἐπισκήπτω
1680 5096 1794 5157 τοῖς

188 5186 320 5252 πρὸς
344 5182 675 5252 ὑπηρεσίαν
707 5184 1112 5254 ἀφωρισμένοις
1135 5184 1242 5237 τῶν
1268 5183 1432 5238 οἴκων
1453 5183 1563 5238 τῶν
1605 5185 1794 5254 εύκτη-

183 5276 339 5345 ρίων,
393 5273 506 5328 καὶ
567 5274 819 5345 παραινῶ
861 5274 954 5327 καὶ
983 5274 1303 5344 παρεγγυῶ,
1342 5275 1530 5345 μηδενὶ
1566 5275 1793 5346 ὀμνύναι

181 5369 376 5432 ἁπλῶς
399 5368 636 5433 ἐξεῖναι·
674 5366 872 5438 μᾶλλον
895 5367 951 5421 δὲ
993 5368 1125 5438 μηδὲ
1150 5367 1371 5440 ἑτέρως.
1403 5369 1546 5437 Πρὸς
1571 5370 1670 5439 ἐμὲ
1700 5365 1794 5424 οὖν

183 5461 415 5530 ἀγέσθω
441 5463 600 5524 ὅστις
631 5459 698 5515 ἂν
721 5455 776 5533 ᾖ,
831 5459 1017 5531 ἐπειδὴ
1058 5461 1153 5512 καὶ
1199 5461 1373 5515 ταῦτα
1417 5461 1609 5532 μέχρις
1637 5462 1794 5533 ὴμῶν

183 5555 463 5625 ἔρχεσθαι
495 5554 597 5614 δεῖ,
633 5553 888 5624 καθάπερ
925 5553 1021 5606 ἐπὶ
1053 5553 1256 5606 παίδων
1285 5553 1517 5625 μικρῶν.
1571 5555 1661 5627 Μὴ
1703 5556 1796 5625 γέ-

186 5664 352 5703 νοιτο.
417 5645 675 5716 Αίσχύνη
717 5645 827 5715 γάρ
883 5647 1030 5700 ἐστιν
1078 5645 1220 5718 ὑπέρ
1253 5663 1414 5700 τινων
1445 5644 1526 5700 ἐτι
1583 5646 1798 5704 δέεσθαι

250 5885 278 5912 ⁸
309 5881 420 5929 Alii
451 5878 548 5926 οὐκ
592 5880 796 5942 ἔρχεται.

255 5944 284 5982 δ
312 5943 429 5991 Alii
453 5942 556 5988 ἀπὸ
582 5942 753 5991 τούτου
774 5941 978 6002 γέγονεν,
1003 5941 1163 5992 minus
1188 5946 1342 5990 recte.

1906 397 2214 464 μανθάνειν.
2242 402 2332 473 Μὴ
2354 402 2631 474 τραπέζης
2651 405 2801 475 ἱερᾶς
2823 402 3061 473 ἅψασθαι
3077 403 3278 474 τολμᾷς
3293 401 3472 472 ἀμύη-

1899 502 1991 550 τος
2007 489 2016 558 |
2033 487 2120 560 79]
2133 489 2239 556 ῶν;
2272 491 2432 544 Ἀλλὰ
2456 491 2513 543 τὸ
2544 493 2623 544 ἔτι
2642 495 2839 562 χεῖρον,
2865 492 2928 544 σὺ
2964 493 2992 544 ὁ
3013 489 3356 562 μεμυημένος
3371 489 3472 559 τῆς

1903 579 2051 649 ἱερᾶς
2074 579 2308 650 ἅψασθαι
2337 583 2613 654 τραπέζης
2638 583 2859 654 τολμᾷς,
2889 578 3090 655 ἦςούδὲ
3115 584 3279 634 πᾶσιν
3295 578 3470 650 ἱερεῦ-

1902 686 1988 722 σιν
2026 671 2262 740 ἅψασθαι
2299 672 2476 744 θέμις,
2509 675 2603 728 καὶ
2627 673 2796 737 οὕτως
2837 672 3082 744 ὀμνύναι.
3113 672 3224 726 Καὶ
3255 671 3318 723 σὺ
3372 668 3473 739 μὲν

1895 760 1996 830 τῆς
2022 761 2114 815 τοῦ
2147 764 2334 828 παιδὸς
2355 765 2592 835 κεφαλῆς
2625 765 2724 820 ούκ
2750 766 2815 820 ἂν
2844 765 3008 834 ἆψαιο
3040 762 3308 827 ἀπελθὼν,
3339 778 3474 833 τρα-

1897 851 2071 922 πέζης
2097 853 2152 906 δὲ
2183 856 2350 927 ἅπτῃ.
2394 857 2484 911 καὶ
2518 859 2578 910 οὐ
2604 859 2846 929 φρίττεις
2873 857 2991 910 οὐδὲ
3020 856 3290 918 δέδοικας;
3327 853 3471 923 Πρδς

1898 942 1997 1014 ἐμὲ
2028 945 2154 1009 τοῦς
2181 946 2454 1010 τοιούτους
2485 949 2607 1016 ἄγε·
2652 947 2762 1016 ἐγὼ
2786 948 3011 1012 δικάσω,
3046 945 3140 999 καὶ
3185 945 3475 1014 χαίροντας

1897 1034 2189 1107 ἑκατέρους
2217 1039 2551 1109 ἀποπέμψω.
2581 1041 2646 1094 Ὅ
2699 1039 2974 1110 βούλεσθε,
3023 1040 3225 1091 ποιεῖτε
3253 1055 3267 1068 ·
3311 1035 3476 1104 νόμον

1896 1126 2089 1197 τίθημι
2137 1130 2270 1199 μηδὲ
2306 1131 2443 1194 ὅλως
2489 1131 2738 1202 ὀμνύναι.
2792 1131 2927 1183 Ποία
2969 1129 3242 1200 σωτηρίας
3297 1127 3471 1191 ἐλπὶς,

1895 1217 2068 1282 οὕτως
2083 1220 2239 1290 ἡμῶν
2257 1222 2433 1275 πάντα
2451 1221 2779 1286 κενούντων;
2809 1222 2898 1274 διά
2919 1221 3076 1274 τοῦτο
3097 1221 3470 1292 γραμματεῖα,

1895 1311 1982 1364 διὰ
2020 1312 2178 1366 τοῦτο
2204 1313 2528 1384 συμϐόλαια.
2559 1315 2646 1367 ἵνα
2673 1313 2987 1384 καταθύσης
3017 1314 3116 1383 τὴν
3147 1313 3342 1366 σαυτοῦ
3367 1311 3473 1380 ψυ-

1897 1402 2028 1472 χήν;
2053 1402 2107 1455 τί
2135 1403 2386 1457 τοσοῦτον
2408 1405 2729 1476 κερδαίνεις,
2748 1407 2868 1458 ὅσον
2885 1404 3204 1470 ἀπολλύεις;
3242 1402 3475 1474 Ἐπιώρ-

1898 1510 2105 1566 κησεν;
2148 1495 2459 1562 Ἀπώλεσας
2495 1500 2745 1552 κάκεῖνον
2799 1500 2893 1551 καὶ
2958 1498 3170 1550 σαυτόν.
3215 1495 3354 1548 Ἀλλ’
3375 1495 3476 1548 οὐκ

1898 1585 2240 1659 ὲπιώρκησε;
2275 1590 2383 1642 Καὶ
2403 1587 2575 1653 οὕτως
2596 1588 2903 1652 ἀπώλεσας,
2924 1587 3238 1661 παραϐῆναι
3265 1585 3362 1656 τὴν
3389 1586 3476 1638 ὲν-

1896 1677 2056 1751 τολὴν
2095 1680 2430 1748 ἀναγκάσας.
2474 1681 2846 1751 Ἐξελάσωμεν
2870 1680 3027 1734 τοῦτο
3054 1680 3114 1733 τὸ
3127 1680 3340 1748 νόσημα
3367 1676 3477 1730 ἀπὸ

1897 1770 1997 1840 τῆς
2022 1770 2220 1842 ψυχῆς·
2245 1773 2380 1834 τέως
2409 1774 2516 1826 ἀπὸ
2540 1775 2639 1844 τῆς
2677 1775 2880 1845 ἀγορᾶς
2903 1773 3031 1828 αὐτὸ
3052 1771 3350 1840 διὼξωμεν,
3369 1768 3478 1823 ἀπὸ

1896 1863 2007 1915 τῶν
2031 1864 2468 1927 παντοπωλείων,
2498 1866 2605 1920 ἀπὸ
2644 1867 2752 1920 τῶν
2785 1866 2990 1920 λοιπῶν
3053 1863 3433 1935 ἐργαστηρίων
3458 1878 3474 1894 ·

1902 1955 2100 2026 μείζων
2128 1957 2156 2009 ὀ
2180 1957 2488 2028 πόροςήμῖν
2504 1958 2677 2012 ἔσται.
2705 1959 2796 2032 Μὴ
2823 1959 3082 2030 νομίσητε
3117 1958 3201 2011 διὰ
3235 1958 3344 2010 τῶν
3367 1974 3478 2010 πα·-

1901 2045 2182 2116 ραϐάσεων
2210 2049 2319 2100 τῶν
2334 2046 2496 2103 θείων
2523 2050 2703 2120 νόμων
2723 2050 2792 2103 τὰ
2811 2051 3040 2120 βιωτικά
3059 2048 3476 2121 κατορθοῦσθαι.

1911 2139 2049 2191 Ἀλλ’
2079 2140 2140 2193 οὐ
2161 2142 2429 2205 πιστεύει,
2456 2143 2607 2214 φησί.
2637 2143 2746 2197 Καὶ
2770 2143 2879 2214 γάρ
2891 2143 2983 2197 καὶ
3013 2141 3167 2196 τοῦτό
3189 2159 3318 2194 ποτε
3348 2140 3477 2212 παρ’

1899 2231 2059 2286 ἐνίων
2081 2233 2311 2304 ἥκουσα,
2344 2235 2424 2288 ὅτι
2456 2236 2552 2287 Ἂν
2589 2237 2663 2306 μὴ
2695 2235 2879 2305 ὀμόσω
2913 2234 3136 2304 μυρίους
3166 2234 3379 2303 ὅρκους,
3416 2232 3478 2285 οὐ

1901 2325 2167 2380 πιστεύει.
2197 2327 2268 2379 Σὺ
2306 2327 2511 2380 τούτων
2545 2327 2715 2390 αίτιος
2743 2329 2770 2380 ὀ
2807 2326 3111 2398 προχείρως
3139 2324 3327 2394 ὀμνύς·
3357 2325 3481 2378 ἐπεὶ

1899 2413 1947 2466 εί
1969 2412 2042 2484 μὴ
2067 2411 2226 2466 τοῦτο
2247 2408 2335 2483 ἦν,
2376 2413 2512 2467 ἀλλὰ
2536 2415 2701 2468 πᾶσιν
2721 2410 2789 2486 ῆν
2807 2415 2988 2482 δῆλον,
3020 2415 3101 2468 δτι
3126 2413 3480 2484 ούκόμνύεις,

1900 2501 2121 2557 πίστευέ
2163 2523 2252 2576 μοι
2281 2504 2512 2574 λέγοντι,
2551 2507 2632 2560 ὅτι
2671 2506 2779 2560 τῶν
2822 2505 3047 2577 μυρίους
3086 2506 3482 2560 κατεσθιόντων

1899 2594 2094 2666 ὅρκους
2129 2595 2327 2666 μᾶλλον
2348 2597 2414 2650 ἂν
2441 2597 2766 2666 ἐπιστεύοης
2795 2598 3084 2658 ἐπινεύσας
3131 2598 3308 2669 μόνον.
3345 2598 3480 2652 Ἰδοὺ

1900 2686 2026 2758 γὰρ,
2063 2688 2182 2740 εἰπέ
2213 2707 2324 2758 μοι,
2363 2689 2468 2741 τίνι
2507 2690 2613 2760 ἄρα
2664 2688 2864 2760 μᾶλλον
2901 2688 3207 2754 πιστεύετε,
3235 2689 3358 2760 ἐμοὶ⁵
3402 2688 3482 2762 τῷ

1905 2777 1979 2848 μὴ
2011 2778 2297 2848 ὀμνύοντι,
2339 2779 2371 2848 ἢ
2413 2781 2522 2843 τοῖς
2563 2779 2895 2849 ὀμνύουσινς
2943 2780 3102 2834 Ἀλλά
3143 2783 3207 2834 σῦ
3237 2821 3252 2840 .
3294 2781 3481 2851 φησὶν,

1899 2869 2082 2939 ἄρχων
2109 2865 2163 2924 εἴ
2181 2871 2276 2925 καὶ
2304 2871 2636 2939 ἐπίσκοπος;
2673 2873 2740 2926 Τί
2762 2867 2875 2935 οὖν,
2918 2872 2984 2926 ἂν
3031 2873 3188 2938 δείξω
3231 2884 3279 2932 ο.
3305 2873 3388 2927 ὅτι
3419 2875 3480 2928 ού

1899 2959 2060 3013 τοῦτο
2093 2962 2285 3031 μόνον;
2307 2961 2738 3033 Μετά’ἀληθείας
2759 2964 3126 3034 ἀποκρίνασθέ
3163 2982 3273 3035 μοι,
3299 2983 3481 3036 παρα-

1899 3049 2070 3112 καλῶ,
2135 3052 2184 3104 εί
2225 3054 2462 3123 συνεχῶς
2491 3052 2705 3124 ὤμνυον
2757 3055 2852 3107 καὶ
2899 3054 3211 3119 διαπαντὸς,
3261 3051 3369 3129 ἆρα
3415 3057 3483 3112 ἂν

1901 3141 2140 3213 προέστη
2184 3160 2287 3214 μου
2317 3145 2351 3213 ἡ
2392 3145 2567 3215 ἀρχή;
2608 3145 2894 3216 Οὐδαμῶς.
2934 3147 3117 3218 Ὁρᾷς,
3165 3148 3247 3200 ὅτι
3280 3149 3340 3202 ού
3394 3149 3484 3203 διά

1899 3234 2089 3299 τοῦτο;
2133 3234 2200 3288 Τί
2217 3235 2273 3288 δὲ
2298 3235 2602 3305 κερδαίνεις
2625 3237 2792 3301 ὅλως;
2839 3237 2960 3292 εἰπέ
2986 3257 3095 3309 μοι.
3135 3241 3347 3305 Παῦλος
3371 3241 3483 3296 ἑλίο

1905 3341 2104 3396 μωττε·
2135 3327 2226 3379 καὶ
2250 3327 2312 3379 σὺ
2354 3327 2477 3380 ἑλοῦ
2511 3329 2701 3398 πεινᾷν
2737 3327 2990 3399 μᾶλλονῆ
3020 3329 3330 3399 παραϐῆναί
3359 3347 3482 3385 τινα

1900 3417 2010 3472 τῶν
2047 3418 2274 3472 ἐντολῶν
2307 3417 2400 3474 τοῦ
2432 3419 2587 3474 Θεοῦ.
2622 3420 2688 3473 Τί
2724 3419 2898 3485 οὕτως
2917 3420 3143 3485 ἄπιστος
3181 3418 3257 3484 είς
3281 3423 3353 3476 Σὺ
3383 3422 3487 3495 μὲν

1901 3505 1994 3563 οῦν
2021 3511 2196 3564 πάντα
2222 3511 2351 3581 αἱρῇ
2383 3511 2477 3565 καὶ
2509 3511 2735 3580 ποιῆσαι
2758 3511 2853 3566 καὶ
2875 3512 3068 3566 παθεῖν
3106 3513 3246 3584 ὑπὲρ
3269 3513 3363 3569 τοῦ
3403 3515 3481 3589 μὴ

1901 3601 2116 3673 ὀμόσαι·
2153 3604 2313 3667 αὐτὸς
2336 3603 2395 3657 δέ
2427 3621 2486 3657 σε
2519 3605 2618 3658 οὐκ
2648 3605 2975 3676 ἀμείψεται;
3020 3607 3181 3661 ’Δλλά
3228 3608 3353 3672 τοὺς
3385 3609 3486 3680 μὲν

1901 3695 2209 3765 ἐπιόρκους,
2256 3696 2348 3750 καὶ
2371 3696 2705 3768 πολυόρκους
2732 3698 2857 3753 καθ’
2897 3700 3132 3770 ἑκάστην
3160 3701 3350 3772 τρέφει
3385 3705 3486 3772 τὴν

1900 3785 2131 3856 ἡμέραν·
2188 3786 2248 3840 σὲ
2305 3785 2362 3838 δὲ
2400 3786 2712 3857 παραδώσει
2763 3788 2928 3858 λιμῷ,
2995 3788 3183 3858 ἐπειδὴ
3242 3791 3485 3861 ἡκούσας

1900 3877 2064 3930 αὑτοῦ
2086 3893 2101 3940 ;
2125 3877 2332 3942 Πάντες
2368 3877 2742 3941 ίδέτωσαν,ὅτι
2762 3879 2873 3931 τῶν
2898 3882 2978 3943 είς
3025 3880 3230 3951 ταύτην
3253 3880 3353 3952 τὴν
3391 3883 3480 3936 ὲκο

1901 3965 2133 4036 κλησίαν
2154 3969 2536 4038 συναγομένων
2566 3969 2740 4032 οὐδεὶς
2768 3969 2868 4022 ούκ
2913 3969 3060 4023 ἔστιν
3083 3973 3112 4025 ὅ
3154 3971 3344 4042 ὀμνύς·
3385 3973 3482 4026 καὶ

1900 4058 2009 4112 ἀπὸ
2029 4057 2218 4112 τούτου
2268 4058 2555 4129 γενώμεθα
2592 4059 2759 4130 δῆλοι,
2818 4059 2892 4131 μὴ
2939 4061 3046 4115 ἀπὸ
3105 4063 3204 4133 τῆς
3245 4063 3486 4129 πίστεως

1904 4150 2081 4221 μόνον,
2113 4151 2209 4205 καὶ
2250 4149 2410 4204 τοῦτο
2465 4150 2602 4222 πρὸς
2645 4151 2932 4222 Ἕλληνας,
2971 4153 3230 4224 καὶπρὸς
3275 4155 3482 4220 πάντας

1901 4244 2113 4316 ἔχωμεν
2143 4243 2206 4297 τὸ
2255 4242 2588 4299 διαλλάττον.
2629 4243 2906 4315 Σφραγῖδα
2943 4244 3196 4316 λάϐωμεν
3249 4247 3313 4300 ἐκ
3371 4247 3484 4301 τῶν

1899 4339 2162 4409 οὐρανῶν,
2197 4338 2284 4393 ἵνα
2311 4337 2498 4410 ῶσπερ
2541 4337 2708 4407 ἀγέλη
2763 4337 3011 4411 βασιλικὴ
3049 4341 3324 4412 πανταχοῦ
3353 4359 3480 4410 (ραις

1899 4430 2119 4502 νὼμεθα
2139 4450 2153 4465 ·
2210 4432 2317 4486 ἀπὸ
2339 4431 2434 4485 τοῦ
2461 4432 2728 4503 στὸματος
2778 4433 2872 4487 καὶ
2901 4433 3003 4502 τῆς
3043 4433 3290 4505 γλώττης
3341 4435 3482 4498 τέως

1899 4522 2314 4596 γνωριζῶμεθα,
2347 4523 2600 4596 καθάπερ
2620 4526 2669 4577 οἱ
2699 4524 2984 4598 βάρϐαροι·
3008 4525 3260 4598 καθάπερ
3286 4528 3334 4580 οί
3371 4527 3484 4581 Ἐλ-

1897 4613 2108 4686 ληνιστὶ
2137 4613 2358 4678 ειδότες,
2391 4614 2562 4688 ταύτῃ
2593 4615 3026 4686 τῶνβαρϐάρων
3053 4615 3480 4686 διαλλάττωμεν.

1899 4707 2033 4761 Εἰπὲ
2063 4706 2172 4777 γάρ
2189 4723 2300 4776 μοι.
2318 4708 2368 4760 οί
2393 4706 2651 4776 ψιττακοὶ
2678 4707 2961 4778 λεγόμενοι
2998 4707 3164 4760 πόθεν
3200 4709 3306 4762 είσὶ
3333 4709 3478 4777 γνῶ-

1901 4813 2049 4869 ριμοι
2069 4815 2083 4863 ;
2112 4796 2210 4849 ούκ
2225 4797 2332 4851 ἀπὸ
2354 4795 2452 4850 τοῦ
2480 4797 2661 4850 λαλεῖν
2676 4797 2818 4850 κατὰ
2840 4795 3132 4867 ἄνθρωπον
3149 4812 3162 4859 ;
3187 4797 3297 4850 Καὶ
3316 4798 3481 4868 ἡμεῖς

1897 4890 2076 4944 τοίνυν
2104 4889 2211 4942 ἀπὸ
2243 4887 2337 4942 τοῦ
2382 4889 2562 4943 λαλεῖν
2599 4888 2675 4952 ῶς
2725 4889 2774 4941 οί
2798 4886 3094 4941 ἀπόστολοι
3133 4883 3160 4924 δ
3181 4885 3480 4960 γενώμεθα

1898 4983 2183 5054 γνώριμον
2215 4982 2324 5036 ἀπὸ
2367 4980 2459 5036 τοῦ
2510 4980 2691 5034 λαλεῖν
2729 4981 2804 5042 ὼς
2843 4979 2892 5032 οί
2948 4977 3189 5047 ἄγγελοι.
3219 4979 3316 5032 Ἂν
3346 4979 3479 5055 εἴπῃ

1896 5092 2000 5139 τις,
2025 5077 2279 5144 Ὂμοσον,
2328 5073 2594 5134 ἀκουέτω,
2640 5072 2769 5124 ὅτιό
2808 5072 3042 5143 Χριστὸς
3067 5071 3342 5130 ἐκέλευσε.
3380 5074 3478 5127 καὶ

1895 5168 1996 5220 οὐκ
2021 5166 2223 5238 ὄμνυμι
2244 5164 2472 5220 ε.ἰὀῦτο
2499 5164 2682 5218 ἱκανὸν
2708 5165 2886 5218 πᾶσαν
2905 5165 3220 5232 εἰσαγαγεῖν
3250 5165 3474 5237 ἀρετήν.

1896 5256 2046 5328 Θύρα
2065 5257 2147 5320 τίς
2176 5258 2321 5310 ἐστιν
2343 5253 2642 5316 εὐσεϐείας,
2681 5255 2798 5318 ὁδὸς
2824 5256 2916 5308 ἐπὶ
2954 5254 3268 5326 φιλοσοφίαν
3295 5255 3475 5327 (εὐλα-

1898 5347 2070 5418 ϐείας)
2097 5345 2211 5418 [80]
2225 5346 2515 5412 εἰσάγουσα
2539 5344 2559 5382 τ
2569 5385 2583 5408 ,
2603 5345 2912 5418 παλαίστρα
2931 5345 3014 5409 τίς
3029 5344 3356 5399 ὲστι.Ταῦτα
3373 5362 3475 5413 φυ-

1885 5440 2194 5509 λάττωμεν,
2224 5437 2309 5490 ἵνα
2346 5436 2570 5490 καὶτῶν
2591 5437 2874 5509 παρόντων
2906 5439 3000 5492 καὶ
3045 5437 3152 5493 τῶν
3171 5436 3474 5508 μελλόντων

1959 5572 1983 5602 ε
2009 5571 2119 5619 Duo
2140 5569 2279 5618 codd.
2315 5569 2587 5627 ἐπίσκοπος.
2620 5571 2706 5619 “Av
2729 5571 2810 5618 οὖν
2832 5569 2984 5625 δείξω.
3049 5567 3079 5607 ἀ
3105 5569 3241 5619 Unus
3266 5571 3330 5624 ὡς
3349 5568 3474 5616 ἀπό-

1900 5633 2084 5695 στολοι.
2134 5632 2173 5695 4⁸
2207 5632 2344 5680 Unus
2368 5633 2476 5681 cod.
2507 5633 2811 5695 ἐκέλευσε-μὴ
2833 5631 3046 5695 ὀμνύναι,
3067 5633 3147 5695 καὶ
3164 5630 3252 5695 οὐκ
3274 5631 3467 5695 ὅμνυμι,

1899 5706 2011 5756 qua)
2031 5693 2180 5756 lecgio
2197 5707 2296 5744 non
2317 5695 2607 5756 spernenda.
2655 5691 2675 5730 ί
2693 5691 2882 5756 Morel;
2895 5693 3170 5756 φιλοσοφίαν
3189 5691 3466 5756 εἰσάγουσα.

1904 5753 2002 5820 Alii
2026 5754 2204 5820 melius
2226 5762 2334 5816 post
2346 5753 2624 5820 φιλοσοφίαν
2644 5755 2826 5820 addunt
2838 5753 3100 5820 εὐλαϐείαςζ
3129 5753 3304 5820 νορεῐη
3327 5753 3468 5820 5613-—

1907 5816 2035 5872 ϐιίας
2053 5816 2182 5866 intra
2201 5814 2535 5880 pawn—theses
2550 5817 2818 5880 posuimus,
2831 5816 3034 5880 Comm"
3062 5814 3247 5880 Mor5I._
3259 5819 3310 5862 et
3331 5814 3458 5880 andi“

1908 5891 2016 5927 cem
2039 5873 2275 5938 oplimﬁm
2295 5880 2471 5932 seculi.
2503 5873 2725 5939 qdamvis
2751 5873 2933 5926 rectius
2957 5882 3065 5938 post
3101 5875 3368 5936 παλαίστρα
3398 5873 3471 5928 τίς

1915 5941 2015 5988 ἐστι
2041 5940 2377 5990 collocaretur.
2404 5939 2537 5989 Εοιτ.
