4022 6364
517 266 590 326 85
1151 267 1212 323 S.
1248 266 1531 323 JOANNIS
1567 261 2060 323 CHRYSOSTOMI
2097 265 2427 322 ABCHIEP.
2466 262 3021 322 CONSTANTINOP.
3683 263 3759 321 86

513 382 857 453 ἐπιτύχωμεν
886 381 1320 453 ἀγαθῶν,χάριτι
1344 384 1433 435 καὶ
1453 381 1833 452 φιλανθρωπίᾳ
1857 380 1950 434 τοῦ
1974 384 2086 435 Κυ-

518 465 637 538 ρίου
656 465 819 536 ἡμῶν
859 465 1033 534 Ἰησοῦ
1066 465 1321 537 Χριστοῦ,
1367 466 1485 534 μεθ’
1519 458 1579 518 οῦ
1614 464 1692 535 τῷ
1732 465 1926 534 Πατρὶ,
1975 464 2090 535 ἅμα

2191 381 2269 450 τῷ
2298 381 2435 450 ἁγίῳ
2456 380 2750 449 Πνεύματι,
2781 379 2926 445 δόξα,
2959 378 3177 448 κράτος,
3216 376 3372 449 τιμὴ,
3406 376 3503 431 νῦν
3528 376 3623 431 καὶ
3650 377 3759 437 ἀεὶ.

2196 465 2289 517 καὶ
2325 465 2403 525 εἰς
2424 463 2548 526 τοὺς
2578 464 2774 525 αἰῶνας
2804 463 2913 514 τῶν
2946 462 3173 516 αἰώνων.
3217 462 3409 532 Ἀμήν.

1985 646 2228 700 ΟΜΙΛΙΑ
2261 646 2315 699 ιο.

515 745 880 803 Λαλούντων
905 740 973 794 δὲ
989 738 1186 795 αὐτῶν
1220 739 1369 805 πρὸς
1410 739 1517 793 τὸν
1538 741 1709 802 λαὸν,
1741 737 2088 804 ἐπέστησαν

619 812 826 878 αὺτοῖς
849 815 900 865 οὶ
927 812 1098 879 ἱερεῖς
1124 810 1222 863 καὶ
1248 812 1279 864 ό
1310 810 1641 879 στρατηγὸς
1664 809 1768 863 τοῦ
1803 808 1981 873 ἱεροῦ.

586 896 656 951 α’.
678 896 844 948 Οῦπω
862 894 971 946 τῶν
994 895 1273 964 προτέρων
1293 892 1727 956 ἀναπνεύσαντες
1748 890 2084 963 πειρασμῶν,

514 980 714 1041 εὐθέως
742 981 819 1040 είς
858 978 1073 1046 ἐτέρους
1102 976 1362 1046 ἐνέϐησαν
1386 987 1434 1027 ι.
1470 975 1575 1027 Καὶ
1605 977 1725 1042 δρα,
1743 975 1858 1037 πῶς
1878 976 2086 1026 οίκονο⁴

518 1062 785 1130 μεῖταιτά
813 1060 1134 1129 πράγματα.
1170 1059 1389 1128 Πρῶτον
1444 1057 1848 1126 ἐχλευάσθησαν
1887 1055 2087 1117 πάντες

512 1143 666 1212 όμοῦ·
707 1143 766 1194 οὐ
791 1140 981 1213 μικρὸς
1010 1135 1161 1203 οὗτος
1205 1143 1233 1193 6
1268 1140 1590 1209 πειρασμός·
1632 1138 1901 1208 δεύτερον,
1936 1138 2089 1191 αὐτοὶ

512 1229 559 1278 οἱ
583 1229 862 1295 κορυφαῖοι
892 1226 970 1287 εἰς
1007 1224 1281 1287 κινδύνους
1310 1224 1691 1294 ἐμπίπτουσιν.
1748 1223 1860 1275 Οὐκ
1890 1221 2087 1288 ἐφεξῆς

511 1310 568 1361 δὲ
589 1309 656 1361 τά
683 1309 775 1360 δύο
803 1310 1043 1375 γέγονεν,
1079 1308 1199 1361 οὐδὲ
1255 1306 1458 1367 ἁπλῶς·
1519 1305 1653 1357 ἀλλὰ
1705 1304 1967 1374 πρότερον
1998 1304 2087 1354 εὐ-

510 1391 901 1463 δοκιμήσαντες
930 1392 986 1443 ἐν
1012 1393 1131 1452 ταῖς
1169 1388 1550 1459 δημηγορίαις,
1598 1389 1691 1439 καὶ
1720 1387 1902 1455 θαῦμα
1923 1387 2088 1455 ἐργα-

513 1476 736 1544 σάμενοι
763 1476 897 1543 μετά
920 1472 1091 1525 ταῦτα
1139 1473 1298 1541 μέγα·
1354 1470 1496 1523 οὕτω
1532 1470 1594 1541 δὴ
1625 1470 1811 1523 λοιπὸν
1853 1468 1990 1539 μετά
2024 1466 2085 1519 τὸ

511 1556 805 1627 θαρρῆσαι,
827 1554 1231 1624 συγχωροῦντος
1256 1552 1348 1605 τοῦ
1373 1552 1506 1604 Θεοῦ
1519 1553 1626 1605 τῶν
1648 1551 1873 1619 ἀγώνων
1896 1550 2085 1602 ἆπτον-

507 1657 618 1693 ται.
660 1640 731 1692 Σὺ
761 1638 817 1691 δέ
856 1657 944 1709 μοι
964 1638 1080 1701 θέα,
1112 1638 1228 1699 πῶς
1258 1635 1350 1688 ἐπὶ
1380 1634 1473 1688 τοῦ
1506 1635 1739 1705 Χριστοῦ
1770 1634 1860 1687 τὸν
1917 1650 2087 1703 παραυ

506 1722 743 1775 δώσοντα
767 1723 1073 1793 ζητοῦντες,
1108 1720 1345 1774 ἐνταῦθα
1373 1718 1556 1771 λοιπὸν
1586 1718 1738 1770 αὐτοὶ
1760 1719 1858 1781 τὰς
1896 1720 2083 1787 χεῖρας

508 1806 875 1866 ἐπιϐάλλουσι,
914 1805 1236 1876 θρασύτεροι
1258 1802 1538 1871 γεγονότες
1562 1804 1655 1855 καὶ
1675 1802 2084 1871 ἀναισχυντότε-

507 1908 590 1961 ροι
632 1890 766 1960 μετά
799 1890 889 1943 τὸν
919 1889 1167 1959 σταυρόν.
1220 1888 1285 1939 Ἡ
1312 1887 1418 1957 γὰρ
1459 1887 1718 1956 ἁμαρτία,
1758 1887 1859 1948 ἕως
1890 1886 1988 1954 μὲν
2014 1885 2081 1940 ἂν

504 1974 781 2042 ώδίνηται,
822 1973 932 2043 ἔχει
961 1974 1083 2024 τινὰ
1121 1970 1403 2039 αἰσχύνην·
1443 1968 1659 2021 ἐπειδὰν
1711 1967 1768 2020 δέ
1829 1967 2077 2039 τελεσθῇ,

502 2056 623 2108 τότε
656 2054 1165 2125 ἀναισχυντοτέρους
1191 2055 1337 2104 ποιεῖ
1384 2054 1507 2114 τούς
1536 2049 1932 2120 ἐργαζομένους
1979 2052 2079 2103 αὐ-

502 2140 621 2209 τήν.
643 2139 705 2190 Τί
731 2139 926 2209 δήποτε
946 2137 1001 2189 δέ
1023 2139 1113 2189 καὶ
1126 2135 1424 2206 στρατηγὸς
1451 2133 1730 2202 ἐφίσταται
1752 2150 1766 2199 ;
1802 2134 2079 2202 Ἐπέστη-

503 2241 624 2277 σαν
659 2224 766 2293 γὰρ
792 2222 989 2288 αὐτοῖς
1032 2224 1086 2274 οἱ
1114 2221 1285 2289 ἱερεῖς
1318 2219 1416 2274 καὶ
1449 2222 1481 2272 ό
1501 2219 1832 2287 στρατηγός
1858 2217 1963 2271 τοῦ
2000 2220 2080 2270 ίε-

494 2306 629 2371 ροῦ,
654 2306 835 2375 φησίν.
872 2306 987 2357 Ἵνα
1032 2304 1191 2357 πάλιν
1213 2304 1466 2373 δημόσιον
1512 2302 1760 2371 ἔγκλημα
1816 2300 2079 2372 περιθῶσι

500 2392 613 2451 τοῖς
646 2389 965 2460 γινομένοις,
993 2390 1085 2441 καὶ
1121 2390 1195 2460 μὴ
1224 2389 1296 2450 ὼς
1332 2386 1591 2441 ίδιωτικδν
1611 2385 1915 2439 ἐκδικῶσιν·
1943 2386 2077 2455 ὅπερ

502 2472 773 2541 πανταχοῦ
798 2472 1155 2536 σπουδάζουσι
1195 2473 1386 2523 ποιεῖν.
1408 2470 1874 2537 Διαπονούμενοι
1899 2468 1995 2521 διὰ
2011 2468 2079 2521 τὸ

500 2554 811 2608 διδάσκειν
841 2555 1063 2618 αὐτοὺς
1083 2553 1190 2607 τὸν
1217 2554 1388 2606 λαόν.
1416 2550 1783 2615 Διεπονοῦντο,
1825 2551 1886 2602 οὐ
1919 2550 2079 2620 μόνον

499 2638 580 2690 ὅτι
598 2638 891 2696 ἐδίδασκον,
913 2637 1024 2690 ἀλλ’
1051 2638 1131 2688 ὃτι
1149 2636 1247 2688 οὐκ
1273 2636 1435 2687 αὐτὸν
1460 2635 1616 2704 μόνον
1640 2632 1823 2700 ἔλεγον
1846 2632 2077 2704 ἐγηγέρ-

501 2713 757 2781 θαι,ἀλλὰ
780 2723 872 2773 καὶ
901 2722 1046 2789 ἡμᾶς
1075 2721 1141 2773 δι’
1176 2722 1383 2772 ἐκεῖνον
1409 2718 1748 2772 ἀνίστασθαι.
1778 2718 1880 2771 Διὰ
1908 2718 1974 2771 τὸ
2000 2718 2079 2769 δι.

499 2801 747 2855 δάσκειν
768 2805 1008 2867 αὐτοὺς,
1034 2804 1185 2872 φησὶ.
1208 2801 1315 2854 τὸν
1334 2802 1508 2866 λαόν,
1534 2800 1632 2852 καὶ
1653 2800 2079 2870 καταγγέλλειν

497 2887 569 2939 ἐν
593 2884 672 2950 τῷ
711 2886 902 2953 Ἰησοῦ
957 2886 1070 2954 τὴν
1096 2885 1434 2940 ἀνάστασιν
1474 2885 1591 2938 τῶν
1620 2884 1865 2952 νεκρῶν.
1894 2884 2079 2948 Οῦτως

503 2971 698 3041 ἰσχυρά
721 2970 934 3037 ἐγένετο
959 2971 1321 3040 ἡὰνάστασις,
1349 2970 1424 3033 ὡς
1458 2970 1551 3022 καὶ
1567 2970 1771 3040 ἑτέροις
1803 2968 1965 3022 αὐτὸν
1991 2969 2076 3022 αῖ-

500 3071 609 3107 τιον
638 3053 886 3122 γενέσθαι
904 3055 1270 3115 ἀναστάσεως.
1299 3055 1405 3108 Καὶ
1426 3054 1725 3107 ἐπέϐαλον
1751 3051 1954 3120 αὐτοῖς
1972 3054 2077 3119 τὰς

499 3127 720 3206 χεῷας,
747 3136 843 3190 καὶ
863 3137 1065 3192 ἔθεντο
1090 3136 1310 3203 αὐτοὺς
1336 3139 1422 3202 είς
1439 3139 1693 3204 τήρησιν
1718 3139 1804 3201 εἰς
1835 3136 1951 3203 τὴν
1972 3139 2077 3190 αὒ-

492 3237 645 3290 ριον·
666 3218 746 3290 ἦν
766 3219 875 3289 γὰρ
921 3219 1147 3288 ἑσπέρα
1175 3220 1310 3289 ἤδη.
1340 3221 1404 3272 Ὢ
1432 3223 1529 3291 τῆς
1553 3220 1963 3289 ἀναισχυντίαςί
1992 3220 2071 3274 ἐτι

498 3305 605 3358 τῶν
638 3304 914 3375 προτέρων
948 3304 1195 3374 αἱμάτων
1231 3302 1506 3374 γεμούσας
1560 3302 1660 3365 τὰς
1690 3304 1878 3373 χεῖρας
1906 3296 2069 3371 εἶχον,

500 3388 597 3443 καὶ
628 3390 726 3442 οὐκ
746 3390 1011 3459 ἐνάρκων,
1037 3387 1148 3440 ἀλλ’
1172 3387 1465 3440 ἐπέϐαλλον
1491 3386 1649 3439 πάλιν
1672 3386 1840 3449 αὐτὰς
1867 3387 2071 3457 ἐτέροις

499 3472 728 3541 αἴμασιν
754 3471 893 3523 ὥστε
937 3470 1304 3541 πληρῶσαι-ἢ
1338 3472 1477 3538 τάχα
1511 3472 1601 3523 καὶ
1632 3470 1837 3522 ἔδεισαν
1872 3470 2071 3540 πλῆθος

500 3555 696 3618 αὐτοὺς
731 3555 830 3623 ἤδη
855 3553 1165 3621 γεγονότας,
1201 3554 1293 3606 καὶ
1332 3552 1418 3605 διὰ
1445 3552 1602 3606 τοῦτο
1628 3554 1808 3615 αὐτοῖς
1839 3555 1866 3605 6
1911 3570 2070 3624 στρα-

499 3637 671 3707 τηγὸς
720 3638 1042 3705 συνεπέστη.
1078 3633 1190 3689 Ἦν
1216 3636 1358 3706 γὰρ,
1396 3636 1592 3705 φησιν,
1646 3636 1871 3704 ἑσπέρα
1927 3635 2066 3703 ἤδη.

512 3720 735 3772 Ἐκεῖνοι
763 3720 862 3789 μὲν
901 3715 992 3772 οὖν
1035 3719 1342 3789 βουλόμενοι
1385 3720 1576 3780 αὐτοὺς
1620 3719 1883 3788 μαλάξαι,
1914 3719 2071 3772 τοῦτο

499 3803 715 3855 ἐποίουν
758 3804 850 3857 καί
902 3802 1195 3872 ἐφύλαττον
1214 3820 1228 3834 ·
1258 3804 1383 3865 τοὺς
1415 3802 1470 3855 δέ
1512 3804 1840 3866 ἀποστόλους
1868 3804 2071 3874 τολμη-

501 3888 755 3960 ροτέρους
803 3887 999 3958 μᾶλλον
1039 3886 1321 3958 εἰργάζετο
1366 3888 1398 3958 ή
1450 3886 1681 3958 ἀναϐολὴ
1727 3886 1820 3939 τοῦ
1856 3887 2067 3957 χρόνου.

498 3973 609 4026 Καὶ
639 3974 777 4044 δρα,
818 3973 959 4036 τίνες
1001 3972 1502 4043 ἀπολαμϐάνονται·
1532 3973 1583 4025 οἱ
1639 3976 1920 4043 κορυφαῖοι
1962 3972 2070 4025 τῶν

497 4055 828 4117 ἀποστόλων,
853 4059 963 4118 τοῖς
987 4055 1165 4118 ἄλλοις
1210 4055 1393 4109 λοιπὸν
1431 4056 1731 4124 ὑπόδειγμα
1768 4055 2067 4126 γενόμενοι,

497 4141 585 4193 ἴνα
617 4141 809 4210 μηκέτι
857 4139 1090 4209 ζητῶσιν
1119 4139 1398 4210 ἀλλήλους,
1439 4140 1573 4209 μηδὲ
1613 4140 1675 4191 τὸ
1716 4142 1866 4208 κοινῇ
1907 4139 2065 4194 εἶναι.

496 4224 722 4276 Πολλοὶ
751 4221 819 4274 δὲ
846 4220 962 4274 τῶν
988 4220 1383 4275 ἀκουσάντων
1425 4221 1530 4273 τὸν
1566 4223 1751 4290 λόγον
1791 4223 2068 4275 ἐπίστευο

496 4324 639 4368 σαν,
688 4308 785 4359 καὶ
840 4305 1093 4375 ἐγενήθη
1128 4308 1160 4359 ό
1197 4304 1441 4373 ἀριθμὸς
1487 4304 1604 4359 τῶν
1645 4305 1879 4374 ἀνδρῶν
1926 4304 2068 4360 ὡσεί

498 4390 766 4461 χιλιάδες
794 4391 993 4443 πέντε.

570 4472 635 4526 Τί
662 4471 854 4536 τοῦτο;
894 4472 969 4542 μὴ
1000 4471 1107 4544 γάρ
1148 4472 1606 4541 εὐδοκιμήσαντας
1641 4467 1809 4536 εἷδον;
1839 4471 1958 4543 οὐχὶ
1986 4471 2068 4524 δε-

499 4556 687 4618 θέντας
720 4554 1042 4620 ἐθεάσαντο;
1070 4554 1185 4618 πῶς
1209 4552 1302 4608 οῦν
1328 4554 1686 4620 ἐπίστευσαν;
1723 4556 1880 4627 Ὁρᾷς
1916 4556 2067 4626 ἐνέρ-

495 4657 652 4711 γειαν
678 4638 951 4709 φανεράν;
997 4640 1107 4692 Καὶ
1142 4638 1244 4709 μὴν
1258 4637 1381 4710 {81]
1423 4640 1515 4693 καὶ
1554 4640 1680 4700 τοὺς
1716 4640 1814 4710 ἤδη
1850 4640 2068 4693 πιστεύ-

498 4742 695 4789 σαντας
720 4724 826 4778 ἔδει
870 4723 1286 4792 ἀσθενεστέρους
1327 4721 1607 4790 γενέσθαι·
1650 4722 1766 4775 ἀλλ’
1812 4724 1911 4777 οὐκ
1943 4726 2066 4792 ἐγέ-

494 4826 676 4864 νοντο·
725 4810 757 4880 ὴ
798 4808 905 4879 γὰρ
951 4808 1155 4877 Πέτρου
1182 4805 1209 4845 δ
1245 4805 1555 4878 δημηγορία
1586 4807 1663 4868 είς
1692 4807 1753 4860 τὸ
1797 4808 1956 4876 βάθος
1999 4811 2077 4863 τάν

498 4894 790 4964 σπέρματα
821 4890 1106 4955 κατέϐαλε,
1138 4891 1231 4944 καὶ
1256 4890 1355 4958 τῆς
1386 4890 1621 4953 διανοίας
1653 4892 1831 4944 αὐτῶν
1866 4894 2063 4963 ἥψατο.

496 4978 559 5030 υί
580 4976 638 5028 δέ
661 4978 746 5029 διά
771 4976 926 5028 τοῦτο
946 4975 1259 5045 ὠργίζοντο,
1284 4973 1365 5025 ὅτι
1388 4973 1539 5025 οὐδὲν
1560 4975 1752 5037 αὐτοὺς
1776 4977 2063 5041 ἐδεδίεσαν,

498 5062 580 5113 ὅτι
607 5060 755 5111 οὐδὲν
783 5059 849 5112 τά
878 5059 1120 5129 παρόντα
1152 5059 1299 5112 δεινά
1331 5057 1579 5129 ἡγοῦντο.
1614 5060 1674 5111 El
1706 5061 1813 5131 γὰρ
1841 5064 1869 5114 6
1900 5079 2065 5116 σταυ-

500 5142 712 5214 ρωθεὶς,
744 5142 897 5211 φησι,
922 5141 1145 5193 τοιαῦτα
1174 5141 1484 5209 ἐργάζεται,
1518 5141 1612 5193 καὶ
1636 5142 1726 5194 τὸν
1751 5144 1919 5213 χωλὸν
1944 5146 2065 5199 ἀνέ-

499 5243 714 5296 στησεν,
741 5225 799 5275 οὐ
836 5222 1145 5293 φοϐούμεθα
1182 5223 1300 5275 οὐδὲ
1328 5223 1566 5286 τούτους.
1604 5226 1743 5296 Ι’Λροι
1776 5228 1869 5281 καὶ
1909 5229 2064 5283 τοῦτο

494 5310 595 5378 τῆς
638 5308 729 5361 τοῦ
766 5306 898 5359 Θεοῦ
932 5304 1236 5373 οἰκονομίας
1273 5306 1483 5373 γέγονε.
1527 5308 1802 5363 Ἐντεῦθεν
1849 5311 2064 5376 πλείους

494 5395 544 5445 οί
574 5391 666 5445 νῦν
692 5388 1076 5451 πιστεύσαντες
1090 5387 1197 5440 τῶν
1214 5388 1440 5459 πρώτων
1469 5391 1733 5459 ἐγένοντο.
1764 5393 1879 5461 Ἐφ’
1899 5388 1943 5461 ᾧ
1972 5398 2063 5449 καὶ
2092 5454 2102 5469 ι

492 5475 801 5537 δείσαντες,
836 5470 924 5524 διά
963 5470 1120 5525 τοῦτο
1173 5472 1351 5527 αὐτῶν
1407 5474 1655 5545 δρώντων
1700 5476 1894 5546 ἔδησαν
1937 5480 2063 5543 τοὺς

494 5559 844 5622 ἀποστόλους,
869 5559 953 5611 ἵνα
986 5560 1078 5611 καὶ
1112 5559 1309 5623 αὐτοὺς
1340 5560 1670 5631 δειλοτέρους
1702 5564 2056 5632 ἐργάσωνται.

492 5642 535 5693 Τ
538 5641 565 5693 ὸ
597 5641 834 5693 ἐναντίον
856 5642 912 5693 δὲ
945 5643 1165 5709 γέγονεν
1193 5644 1225 5713 ἢ
1256 5645 1447 5696 ἐκεῖνοι
1469 5644 1761 5697 ἐϐούλοντο.
1785 5648 1882 5699 Διά
1906 5648 2059 5699 τοῦτο

491 5726 584 5776 καὶ
625 5725 722 5777 οὐκ
768 5725 851 5777 ἐπ’
886 5726 1061 5778 αὐτῶν
1111 5727 1304 5790 αὐτοὺς
1358 5727 1731 5795 ἐξετάζουσιν,
1775 5731 1908 5785 ἀλλά
1941 5735 2057 5785 κατ’

554 5844 577 5869 ¹¹
610 5842 703 5891 Alii
733 5845 979 5893 ἐνέϐαινον.
1049 5846 1076 5885 ι»
1105 5845 1200 5894 Alii
1223 5846 1325 5892 ἀλλ’
1348 5846 1434 5894 οὐκ
1478 5847 1544 5895 ἔτι
1571 5848 1727 5899 τοῦτο.
1773 5848 1831 5898 Ἦ
1853 5852 1940 5914 γὰρ
1967 5853 2057 5900 Πέ‹

492 5918 619 5963 τρου.

2194 736 2350 799 ίδίαν,
2375 736 2462 790 ἵνα
2495 734 2568 807 μὴ
2606 734 2713 789 ἀπὸ
2738 734 2838 804 τῆς
2878 732 3188 805 παρρησίας
3228 732 3280 785 οἱ
3319 732 3604 795 ἀκούοντες
3634 748 3764 805 κερ-

2188 820 2438 874 δάνωσιν.
2477 818 2743 889 Ἐγένετο
2771 818 2838 870 δὲ
2865 818 2961 870 ἐπὶ
2989 816 3103 884 τὴν
3137 817 3345 883 αὔριον
3380 814 3765 884 συναχθῆναι

2187 903 2385 956 αὐτῶν
2440 902 2579 968 τοὺς
2635 902 2931 969 ἄρχοντας
2980 900 3077 952 καὶ
3152 898 3593 966 πρεσϐυτέρους
3660 897 3762 952 καί

2186 987 2539 1053 γραμματεῖς
2566 984 2635 1037 ἐν
2669 980 3087 1051 Ἰερουσαλὴμ,
3126 981 3224 1034 καὶ
3259 982 3475 1035 Ἅνναν
3512 980 3619 1039 τὸν
3654 982 3762 1049 ἀρ-

2185 1066 2403 1134 χιερέα,
2446 1068 2544 1119 καὶ
2578 1065 2868 1134 Καϊάφαν,
2902 1065 2997 1118 καὶ
3032 1063 3332 1130 Ἰωάννην,
3368 1063 3465 1115 καὶ
3499 1061 3762 1127 Ἁλέξαν-

2186 1148 2349 1218 δρον,
2376 1150 2473 1204 καὶ
2501 1151 2633 1203 ὅσοι
2660 1152 2728 1203 ἐκ
2754 1148 2968 1219 γένους
2997 1143 3159 1217 ἦσαν
3191 1146 3623 1215 ἀρχιερατικοῦ.
3649 1146 3762 1199 Πά-

2186 1234 2270 1286 λιν
2315 1234 2663 1305 συνέρχονται
2722 1230 3023 1285 ἐπιτοαυτό.
3061 1229 3257 1283 Οὐκέτι
3304 1231 3412 1297 γὰρ
3461 1227 3599 1295 μετὰ
3649 1228 3760 1280 τῶν

2186 1316 2359 1370 ἄλλων
2386 1316 2570 1369 κακῶν
2596 1315 2664 1368 τὰ
2693 1314 2786 1367 τοῦ
2835 1314 2999 1384 νόμου
3047 1314 3393 1382 ἐφυλάττετο.
3437 1312 3549 1364 Καὶ
3593 1310 3759 1365 πάλιν

2186 1398 2530 1469 δικαστηρίου
2581 1399 2765 1468 σχῆμα
2795 1396 2871 1467 τῷ
2912 1396 3198 1467 πράγματι
3237 1393 3631 1465 περιτιθέασιν,
3668 1394 3759 1448 ἵνα

2186 1482 2472 1535 ὑπεύθυνοι
2492 1485 2557 1553 τῇ
2588 1480 2756 1551 ἀδίκῳ
2781 1483 3041 1548 γένωνται
3066 1479 3263 1549 κρίσει.
3286 1478 3390 1532 Καὶ
3416 1477 3759 1544 στήσαντες

2183 1565 2403 1631 αὐτοὺς
2426 1565 2495 1618 ἐν
2517 1564 2702 1634 μέσῳ,
2736 1562 3162 1625 ἐπυνθάνοντο,
3191 1561 3293 1614 Ἐν
3316 1562 3456 1628 ποίᾳ
3482 1559 3755 1628 δυνάμει,

2183 1648 2222 1716 ἢ
2258 1649 2328 1701 ἐν
2371 1648 2520 1710 ποίῳ
2549 1648 2789 1715 ὀνόματι
2828 1643 3149 1711 ἐποιήσατε
3184 1642 3357 1696 τοῦτο
3386 1640 3597 1709 ὐμεῖς;
3644 1642 3757 1696 Καὶ

2186 1731 2290 1801 μὴν
2334 1730 2579 1801 ᾔδεισαν·
2631 1728 3092 1795 Διαπονούμενοι
3142 1726 3283 1796 γὰρ,
3332 1724 3498 1793 φησὶ,
3547 1723 3644 1778 διὰ
3683 1724 3757 1776 τὸ

2182 1813 2609 1883 καταγγέλλειν
2638 1812 2709 1864 ἐν
2738 1811 2817 1876 τῷ
2857 1809 3059 1876 Ἰησοῦ
3098 1808 3213 1873 τὴν
3252 1807 3611 1863 ἀνάστασιν.
3654 1808 3757 1861 Διά

2180 1895 2243 1966 δὴ
2266 1897 2425 1948 τοῦτο
2458 1897 2551 1948 καὶ
2582 1894 2843 1963 κατέσχον
2867 1892 3078 1954 αὐτούς.
3098 1892 3252 1953 Τίνος
3286 1886 3377 1943 οῦν
3402 1889 3586 1943 ἕνεκεν
3617 1889 3758 1959 ἐρω-

2180 1978 2346 2043 τῶσι;
2389 1978 2795 2051 Προσδοκῶντες
2826 1977 3022 2037 αὐτοὺς
3052 1974 3140 2027 διὰ
3170 1974 3230 2027 τὸ
3265 1973 3467 2042 πλῆθος
3497 1972 3756 2043 ἐξάρνους

2181 2060 2522 2130 γενήσεσθαι,
2561 2059 2656 2112 καὶ
2692 2058 2751 2111 τὸ
2785 2059 2891 2111 πᾶν
2926 2057 3015 2111 διὰ
3048 2056 3239 2110 τούτου
3279 2054 3588 2125 νομίζοντες
3617 2071 3757 2107 κατ-

2178 2143 2515 2214 ωρθωκέναι.
2550 2144 2689 2213 Ὅρα
2717 2140 2846 2209 γοῦν
2873 2142 2966 2193 καὶ
2993 2140 3045 2193 τί
3068 2157 3229 2209 φασιν
3251 2153 3264 2167 ⁶
3306 2140 3409 2192 Ἐν
3436 2138 3587 2202 ποίῳ
3616 2138 3757 2191 ὀνό-

2175 2244 2314 2296 ματι
2342 2226 2664 2291 ἐποιήσατε
2710 2224 2883 2278 τοῦτο
2914 2225 3112 2293 ὐμεῖς;
3161 2226 3298 2278 Τότε
3338 2221 3558 2290 Πέτρος
3594 2225 3753 2287 πλη-

2179 2310 2343 2374 σθείς
2370 2309 2713 2376 Πνεύματος
2739 2307 2931 2375 ἁγίου,
2961 2306 3093 2360 εἷπε
3122 2305 3272 2374 πρὸς
3332 2306 3555 2368 αὐτούς
3573 2320 3586 2333 ·
3614 2303 3752 2356 ἀνα-

2182 2392 2450 2462 μνήσθητί
2488 2408 2577 2460 μοι
2612 2389 2705 2443 νῦν
2727 2388 2834 2442 τῶν
2866 2389 2959 2442 τοῦ
2993 2389 3228 2459 Χριστοῦ
3279 2387 3474 2457 λόγων,
3503 2389 3593 2441 καὶ
3632 2386 3753 2449 πῶς

2179 2474 2358 2544 ἐξέϐη,
2387 2474 2413 2525 ὃ
2437 2473 2618 2540 ἔλεγεν
2639 2487 2651 2500 ⁸
2689 2472 2872 2525 Ὅταν
2896 2471 2964 2524 δὲ
2992 2469 3397 2541 παραδιδῶσιν
3433 2468 3587 2539 ὑμᾶς
3610 2472 3697 2537 εἰς
3720 2483 3745 2511 ε

2178 2556 2552 2625 συναγωγὰς,
2573 2555 2658 2623 μὴ
2676 2554 3097 2624 μεριμνήσητε,
3124 2552 3248 2618 πῶς
3272 2555 3308 2622 ἣ
3340 2554 3396 2606 τί
3415 2552 3749 2620 λαλήσετε·

2176 2639 2245 2693 τὸ
2277 2639 2386 2708 γὰρ
2406 2638 2645 2707 Πνεῦμα
2681 2638 2785 2692 τοῦ
2810 2640 3035 2706 Πατρός
3067 2637 3233 2708 ὑμῶν
3260 2639 3389 2690 ἐστι
3418 2637 3484 2690 τὸ
3516 2637 3755 2711 λαλοῦν

2176 2722 2245 2774 ἐν
2272 2722 2430 2791 ὑμῖν.
2455 2724 2599 2794 Ἀρα
2628 2722 2905 2791 ἐνεργείας
2940 2721 3138 2793 πολλῆς
3164 2720 3454 2774 ἀπέλαϐον.
3478 2721 3544 2773 Τί
3572 2720 3629 2774 δὲ
3654 2721 3756 2775 καὶ

2177 2804 2345 2873 λέγει,
2390 2806 2646 2859 ἄκουσον·
2684 2807 3006 2875 Ἀρχοντες
3044 2804 3149 2858 τοῦ
3183 2803 3336 2858 λαοῦ
3368 2803 3465 2857 καί
3494 2805 3753 2873 πρεσϐύ-

2176 2905 2333 2956 τεροι
2359 2890 2466 2943 τοῦ
2500 2888 2755 2957 Ἰσραήλ.
2775 2890 2913 2959 Ὅρα
2935 2888 3252 2957 φιλοσοφίαν
3273 2888 3484 2959 ἀνδρὸς,
3509 2890 3603 2941 καὶ
3632 2887 3753 2951 πῶς

2176 2975 2360 3042 γέμων
2390 2974 2703 3044 παρρησίας
2744 2971 2894 3025 οὐδὲν
2926 2971 3237 3045 ὐϐριᾳτικδν
3271 2971 3589 3041 φθέγγεται,
3612 2972 3753 3026 ἀλλά

2179 3055 2318 3125 μετά
2344 3059 2507 3127 τιμῆς
2528 3073 2540 3086 ·
2588 3058 2905 3122 Ἄρχοντες
2934 3053 3041 3108 τοῦ
3076 3054 3253 3119 λαοῦ,
3285 3056 3442 3125 φησὶ,
3478 3056 3577 3109 καί
3609 3073 3751 3124 πρε-

2177 3136 2453 3208 σϐύτεροι
2490 3139 2595 3194 τοῦ
2629 3138 2894 3206 Ἰσραὴλ.
2924 3140 2977 3192 εὶ
3006 3138 3176 3208 ἡμεῖς
3198 3138 3468 3207 σήμερον
3507 3141 3753 3209 ἀνακρι-

2177 3224 2396 3292 νόμεθα
2420 3223 2839 3291 ἐπὶεὺεργεσία
2852 3220 3165 3289 ἀνθρώπου
3191 3222 3513 3287 ἀσθενοῦς,
3535 3222 3605 3275 έν
3631 3223 3753 3276 τίνι

2171 3302 2347 3372 οὗτος
2366 3305 2687 3366 σέσωσται,
2719 3304 2988 3375 γνωστὸν
3016 3304 3172 3358 ἔστω
3211 3304 3401 3360 πᾶσιν
3446 3305 3608 3375 ὑμῖν,
3648 3308 3750 3360 και

2171 3390 2349 3444 παντὶ
2383 3387 2462 3454 τῷ
2507 3388 2633 3454 λαῷ
2677 3388 2945 3457 Ἰσραήλ.
3000 3388 3214 3459 Σφόδρα
3262 3388 3441 3441 αὐτῶν
3489 3388 3754 3456 γενναίως

2172 3472 2451 3541 καθήψατο
2505 3473 2610 3525 ἀπὸ
2669 3472 2763 3525 τοῦ
2819 3471 3103 3541 προοιμίου
3135 3512 3149 3535 ,
3221 3472 3314 3524 καὶ
3357 3470 3753 3524 διεκωδώνισε·

2175 3554 2372 3624 μᾶλλον
2400 3554 2457 3608 δέ
2492 3555 2689 3618 αὐτοὺς
2734 3555 2829 3608 καὶ
2859 3554 3130 3625 ἀνέμνησε
3174 3554 3281 3606 τῶν
3321 3552 3631 3625 προτέρων,
3665 3553 3749 3607 ὅτι

2173 3637 2259 3691 ἐπ’
2296 3638 2585 3708 εὐεργεσίᾳ
2614 3638 2809 3699 αὐτοὺς
2838 3637 3134 3707 κρίνουσιν,
3169 3637 3367 3690 ὡσανεὶ
3409 3637 3594 3705 ἔλεγε·
3628 3636 3752 3690 Μά-

2168 3720 2326 3772 λιστα
2357 3721 2454 3790 μὲν
2486 3721 2652 3791 ἐχρῆν
2682 3719 3073 3788 στεφανοῦσθαι
3107 3721 3249 3789 ἡμᾶς
3281 3719 3372 3772 ἐπὶ
3398 3719 3626 3782 τούτοις,
3652 3719 3749 3773 καὶ

2170 3803 2245 3865 ώς
2269 3803 2560 3874 εὐεργέτας
2585 3802 3081 3873 ἀνακηρύττεσθαι·
3122 3803 3216 3857 νῦν
3246 3802 3303 3855 δὲ
3332 3803 3427 3855 καὶ
3451 3801 3755 3871 κρινόμεθιι

2170 3886 2264 3938 ἐπὶ
2295 3886 2586 3957 εὐεργεσίᾳ
2627 3885 2917 3957 ἀνθρώπου
2971 3884 3255 3950 ἀσθενοῦς,
3298 3886 3421 3956 οὐχὶ
3468 3884 3748 3950 πλουσίου,

2168 3967 2289 4038 οὐχὶ
2321 3968 2605 4035 δυνάστου,
2633 3969 2753 4039 οὐχὶ
2782 3967 3022 4033 ἐνδόξου⁸
3054 3969 3233 4022 καίτοι
3261 3971 3319 4022 ἐν
3341 3968 3515 4039 τούτῳ
3559 3968 3640 4032 τίς
3680 3967 3752 4022 ἂν

2169 4050 2437 4121 ἐϐάσκηνε
2463 4069 2476 4115 ;

2241 4136 2307 4206 β’·
2330 4136 2536 4206 Πολλῆς
2564 4134 2865 4207 βαρύτητος
2883 4137 2916 4208 ἠ
2933 4134 3231 4204 ἐπαγγελία
3257 4135 3439 4207 γέμει.
3457 4136 3744 4188 Δείκνυται

2167 4223 2224 4276 δὲ
2238 4219 2503 4284 ἐντεῦθεν,
2523 4221 2603 4272 ὅτι
2620 4219 2773 4273 αὐτοὶ
2798 4214 3027 4284 ἑαυτοὺς
3048 4219 3074 4258 ἀ
3108 4220 3490 4291 περιπείρουσι
3517 4222 3627 4283 τοῖς
3657 4237 3751 4273 κα-

2168 4322 2304 4365 κοις.
2330 4304 2457 4356 Ὀτι
2488 4302 2556 4356 ἐν
2579 4302 2657 4368 τῷ
2683 4303 2924 4372 ὀνόματι
2958 4302 3163 4371 Ἰησοῦ
3202 4303 3460 4370 Χριστοῦ
3492 4303 3596 4357 τοῦ
3624 4306 3748 4357 Na-

2168 4388 2409 4456 ζωραίου
2426 4384 2566 4457 [8‘2].
2592 4388 2655 4439 Ὀ
2686 4386 2919 4457 μάλιστα
2936 4388 3129 4450 αὐτοὺς
3161 4387 3364 4450 ἐλύπει,
3398 4387 3742 4458 προστίθησι.

2169 4470 2340 4523 Τοῦτο
2375 4466 2444 4540 ἦν
2470 4470 2597 4539 ἄρα,
2628 4470 2655 4522 ὃ
2693 4469 2878 4537 ἔλεγεν
2905 4469 3089 4533 αὐτοῖς
3113 4470 3140 4522 ὁ
3171 4471 3402 4540 Χριστός
3421 4486 3435 4498 ·
3466 4472 3533 4523 Ὃ
3568 4472 3750 4537 ἠκού-

2168 4572 2316 4610 σατε
2338 4557 2424 4620 είς
2444 4554 2509 4607 τὸ
2540 4550 2671 4619 οὖς,
2695 4554 2988 4621 κηρύξατε
3016 4554 3114 4606 ἐπὶ
3138 4552 3255 4606 τῶν
3282 4553 3585 4620 δωμάτων.
3614 4555 3747 4608 Ὅτι

2166 4639 2236 4691 ἐν
2260 4636 2338 4704 τῷ
2359 4639 2606 4707 ὀνόματι
2647 4638 2852 4704 Ἰησοῦ
2876 4637 3133 4705 Χριστοῦ
3156 4637 3261 4690 τοῦ
3283 4638 3636 4705 Ναζωραίου,
3672 4640 3749 4693 ὃν

2167 4721 2335 4790 ὑμεῖς
2358 4720 2797 4788 ἐσταυρώσατε,
2821 4720 2892 4774 ὃν
2912 4724 2945 4774 ό
2970 4721 3113 4786 Θεὸς
3133 4720 3368 4789 ἤγειρεν
3397 4722 3465 4775 ἐκ
3493 4722 3745 4789 νεκρῶν,

2164 4807 2236 4860 ὲν
2263 4808 2447 4871 τούτῳ
2463 4803 2640 4872 οὗτος
2666 4806 3046 4874 παρέστηκεν
3073 4805 3327 4861 ἐνώπιον
3348 4806 3514 4876 ὑμῶν
3543 4809 3741 4878 ὑγιής.

2165 4891 2257 4959 Μὴ
2281 4890 2558 4961 νομίσητε,
2578 4891 2756 4961 φησὶν,
2785 4891 2866 4944 ὅτι
2892 4891 3205 4961 κρύπτομεν
3238 4892 3336 4961 τὴν
3357 4892 3589 4962 πατρίδα
3622 4893 3656 4962 ἧ
3682 4894 3748 4947 τὸ

2165 4973 2351 5036 πάθος.
2364 4976 2470 5026 Ὃν
2484 4972 2649 5042 ὑμεῖς
2666 4972 3102 5042 ἐσταυρώσατε,
3118 4974 3191 5027 ὃν
3211 4977 3243 5028 ὀ
3260 4975 3402 5040 Θεὸς
3424 4973 3656 5044 ἤγειρεν
3673 4976 3745 5030 ἐκ

2164 5054 2409 5123 νεκρῶν,
2426 5057 2494 5108 ἐν
2516 5057 2702 5120 τούτῳ
2717 5059 2897 5122 αὐτὸς
2912 5056 3290 5124 παρέστηκεν
3307 5058 3562 5110 ἐνώπιον
3577 5057 3746 5126 ὑμῶν

2162 5143 2256 5204 ὺγι
2268 5140 2529 5205 ἠς.Πάλιν
2544 5142 2604 5192 τὺ
2619 5140 2806 5203 πάθος,
2822 5140 2980 5194 πάλιν
2996 5145 3027 5209 ἡ
3048 5140 3555 5207 ἀνάστασις.Αὺτός
3571 5142 3745 5195 ἐστιν

2164 5229 2195 5279 ὀ
2214 5226 2384 5291 λίθος
2408 5228 2441 5276 ὁ
2466 5224 2879 5291 ἐξουθενωθείς
2900 5225 3002 5293 ὑφ’
3023 5224 3189 5291 ὑμῶν
3220 5224 3337 5278 τῶν
3360 5226 3743 5295 οἰκοδομοῦν-

2162 5324 2297 5370 των,
2324 5311 2356 5361 ὁ
2388 5310 2707 5377 γενόμενος
2732 5311 2817 5374 εἰς
2843 5308 3118 5377 κεφαλὴν
3141 5309 3375 5377 γωνίας.
3412 5309 3742 5379 ’Δνέμνησεν

2162 5392 2359 5454 αὐτοὺς
2390 5394 2486 5445 καὶ
2517 5394 2757 5463 ῥήματος
2782 5392 2966 5446 ἱκανοῦ
2998 5392 3231 5461 φοϐῆσαι
3250 5410 3263 5423 ·
3299 5393 3361 5445 ’0
3382 5392 3584 5446 πεσὼν
3605 5394 3736 5464 γὰρ,

2162 5476 2343 5546 φησὶν,
2392 5475 2492 5527 ἐπὶ
2524 5476 2630 5528 τὸν
2665 5477 2837 5530 λίθον
2888 5476 3122 5536 τοῦτον.
3168 5477 3696 5542 συνθλασθήσεται
3721 5492 3735 5507 ·

2159 5558 2248 5625 ἐφ’
2280 5558 2352 5610 ὃν
2378 5557 2430 5609 δ’
2456 5556 2534 5613 ἂν
2558 5558 2738 5630 πέσῃ,
2759 5559 3038 5627 λικμήσει
3062 5561 3266 5613 αὐτόν.
3290 5561 3394 5613 Καὶ
3421 5562 3531 5613 οὐκ
3561 5560 3737 5613 ἔστιν

2158 5641 2226 5693 έν
2256 5639 2422 5707 ἄλλῳ
2463 5642 2659 5695 οὐδενὶ
2711 5644 2749 5708 η
2793 5644 3054 5709 σωτηρία
3077 5653 3122 5694 ο.
3173 5644 3337 5705 Ποίας
3378 5644 3478 5695 οἴει
3521 5643 3737 5711 πληγὰς

2225 5739 2246 5768 ⁸
2283 5737 2417 5787 Unus
2439 5738 2524 5801 τοῦ
2557 5738 2763 5801 Χριστοῦ
2799 5740 3037 5801 λέγοντος,
3058 5738 3224 5801 κ”Οταν
3253 5738 3303 5785 δ’
3332 5740 3580 5801 ἀγάγωσιν
3612 5742 3733 5798 ὑμᾶς

2432 5799 2456 5838 d
2499 5799 2842 5859 Hic‘quzedam
2870 5800 2997 5849 addit
3027 5800 3276 5859 Mnrellus,
3300 5814 3408 5861 quae
3431 5804 3477 5849 in
3502 5799 3609 5849 aliis
3634 5815 3731 5849 uon

2462 5869 2513 5912 et
2548 5864 2728 5910 seriem
2776 5861 3123 5911 inlcrturbanl.
3193 5876 3215 5900 ρ
3248 5863 3387 5911 Alius
3435 5863 3483 5910 ἐν
3520 5862 3649 5920 om...
3697 5868 3726 5920 ἡ

2162 5801 2226 5850 εἰς
2264 5802 2363 5850 τάς.

2162 5818 2226 5853 εις
2264 5818 2363 5855 τας.
2432 5818 2455 5838 υ
2499 5818 2590 5848 mc
2625 5818 2842 5859 quamam
2870 5818 2997 5849 auuu
3028 5818 3123 5848 mm

2162 5860 2423 5935 haheuylr,
2462 5869 2513 5912 el
2548 5864 2728 5910 seriem
2776 5861 3123 5911 inlcrturbanl.

2164 5939 2379 5984 σωτηρισι
