  <div class='ocr_page' id='page_1' title='image "/cluster/home/n/w/nwhite01/storage/ocr_20150623/60/hvd.32044019207810/090.png"; bbox 0 0 4024 6518; ppageno 0'>
   <div class='ocr_carea' id='block_1_1' title="bbox 270 343 1862 411">
    <p class='ocr_par' dir='ltr' id='par_1_1' title="bbox 270 343 1862 411">
     <span class='ocr_line' id='line_1_1' title="bbox 270 343 1862 411; baseline -0.005 -3"><span class='ocrx_word' id='word_1_1' title='bbox 270 355 337 411; x_wconf 63' lang='lat'><strong>81‘</strong></span> <span class='ocrx_word' id='word_1_2' title='bbox 1292 348 1355 404; x_wconf 81' lang='lat' dir='ltr'><strong>IN</strong></span> <span class='ocrx_word' id='word_1_3' title='bbox 1397 349 1566 403; x_wconf 67' lang='lat' dir='ltr'><strong>ACTA</strong></span> <span class='ocrx_word' id='word_1_4' title='bbox 1607 343 1862 401; x_wconf 69' lang='grc' dir='ltr'><strong>Αἱ)οὸΤο</strong></span> 
     </span>
    </p>
   </div>
   <div class='ocr_carea' id='block_1_2' title="bbox 1967 343 3534 411">
    <p class='ocr_par' dir='ltr' id='par_1_2' title="bbox 1967 345 3534 405">
     <span class='ocr_line' id='line_1_2' title="bbox 1967 345 3534 405; baseline 0.003 -4"><span class='ocrx_word' id='word_1_5' title='bbox 1967 345 2123 402; x_wconf 78' lang='lat' dir='ltr'><strong>RUII.</strong></span> <span class='ocrx_word' id='word_1_6' title='bbox 2163 346 2392 404; x_wconf 80' lang='lat' dir='ltr'><strong>HOMIL.</strong></span> <span class='ocrx_word' id='word_1_7' title='bbox 2432 347 2501 404; x_wconf 76' lang='grc' dir='ltr'><strong>Χ.</strong></span> <span class='ocrx_word' id='word_1_8' title='bbox 3465 345 3534 405; x_wconf 69' lang='grc'><strong>86</strong></span> 
     </span>
    </p>
   </div>
   <div class='ocr_carea' id='block_1_3' title="bbox 271 469 1847 547">
    <p class='ocr_par' dir='ltr' id='par_1_3' title="bbox 271 469 1847 547">
     <span class='ocr_line' id='line_1_3' title="bbox 271 469 1847 547; baseline -0.006 -13"><span class='ocrx_word' id='word_1_9' title='bbox 271 494 327 534; x_wconf 82' lang='lat' dir='ltr'><strong>ra</strong></span> <span class='ocrx_word' id='word_1_10' title='bbox 356 474 744 547; x_wconf 74' lang='lat' dir='ltr'><strong>consequamur</strong></span> <span class='ocrx_word' id='word_1_11' title='bbox 786 477 922 530; x_wconf 84' lang='lat' dir='ltr'><strong>bona</strong></span> <span class='ocrx_word' id='word_1_12' title='bbox 948 516 961 537; x_wconf 89' lang='lat'><strong>,</strong></span> <span class='ocrx_word' id='word_1_13' title='bbox 989 473 1156 544; x_wconf 87' lang='lat' dir='ltr'><strong>gratia</strong></span> <span class='ocrx_word' id='word_1_14' title='bbox 1196 482 1249 526; x_wconf 89' lang='lat' dir='ltr'><strong>et</strong></span> <span class='ocrx_word' id='word_1_15' title='bbox 1277 470 1599 538; x_wconf 72' lang='lat' dir='ltr'><strong>benignitate</strong></span> <span class='ocrx_word' id='word_1_16' title='bbox 1639 469 1847 524; x_wconf 84' lang='lat' dir='ltr'><strong>Domini</strong></span> 
     </span>
    </p>
   </div>
   <div class='ocr_carea' id='block_1_4' title="bbox 271 560 1850 634">
    <p class='ocr_par' dir='ltr' id='par_1_4' title="bbox 271 560 1850 634">
     <span class='ocr_line' id='line_1_4' title="bbox 271 560 1850 634; baseline -0.008 -11"><span class='ocrx_word' id='word_1_17' title='bbox 271 580 439 623; x_wconf 83' lang='lat' dir='ltr'><strong>nostri</strong></span> <span class='ocrx_word' id='word_1_18' title='bbox 466 567 590 623; x_wconf 72' lang='lat' dir='ltr'><strong>Iesu</strong></span> <span class='ocrx_word' id='word_1_19' title='bbox 620 566 855 629; x_wconf 89' lang='lat' dir='ltr'><strong>Christi,</strong></span> <span class='ocrx_word' id='word_1_20' title='bbox 887 565 1097 634; x_wconf 92' lang='lat' dir='ltr'><strong>quicum</strong></span> <span class='ocrx_word' id='word_1_21' title='bbox 1134 562 1276 617; x_wconf 84' lang='lat' dir='ltr'><strong>Patri</strong></span> <span class='ocrx_word' id='word_1_22' title='bbox 1318 574 1371 615; x_wconf 88' lang='lat' dir='ltr'><strong>et</strong></span> <span class='ocrx_word' id='word_1_23' title='bbox 1398 560 1617 629; x_wconf 91' lang='lat' dir='ltr'><strong>Spiritui</strong></span> <span class='ocrx_word' id='word_1_24' title='bbox 1663 568 1850 613; x_wconf 87' lang='lat' dir='ltr'><strong>sancto</strong></span> 
     </span>
    </p>
   </div>
   <div class='ocr_carea' id='block_1_5' title="bbox 340 709 601 723">
    <p class='ocr_par' dir='ltr' id='par_1_5' title="bbox 340 709 601 723">
     <span class='ocr_line' id='line_1_5' title="bbox 340 709 601 723; baseline -0.015 0"><span class='ocrx_word' id='word_1_25' title='bbox 340 709 601 723; x_wconf 71' lang='lat'><strong>-————-—-‘</strong></span> 
     </span>
    </p>
   </div>
   <div class='ocr_carea' id='block_1_6' title="bbox 1957 469 3535 539">
    <p class='ocr_par' dir='ltr' id='par_1_6' title="bbox 1957 469 3535 539">
     <span class='ocr_line' id='line_1_6' title="bbox 1957 469 3535 539; baseline 0.001 -18"><span class='ocrx_word' id='word_1_26' title='bbox 1957 469 2146 538; x_wconf 82' lang='lat' dir='ltr'><strong>gloria,</strong></span> <span class='ocrx_word' id='word_1_27' title='bbox 2176 469 2456 537; x_wconf 89' lang='lat' dir='ltr'><strong>imperium</strong></span> <span class='ocrx_word' id='word_1_28' title='bbox 2483 511 2498 535; x_wconf 90' lang='lat'><strong>,</strong></span> <span class='ocrx_word' id='word_1_29' title='bbox 2530 469 2722 533; x_wconf 89' lang='lat' dir='ltr'><strong>honor,</strong></span> <span class='ocrx_word' id='word_1_30' title='bbox 2752 483 2889 522; x_wconf 90' lang='lat' dir='ltr'><strong>nunc</strong></span> <span class='ocrx_word' id='word_1_31' title='bbox 2915 478 2969 523; x_wconf 92' lang='lat' dir='ltr'><strong>et</strong></span> <span class='ocrx_word' id='word_1_32' title='bbox 2996 482 3212 539; x_wconf 89' lang='lat' dir='ltr'><strong>semper</strong></span> <span class='ocrx_word' id='word_1_33' title='bbox 3233 506 3250 532; x_wconf 87' lang='lat'><strong>,</strong></span> <span class='ocrx_word' id='word_1_34' title='bbox 3272 479 3325 524; x_wconf 90' lang='lat' dir='ltr'><strong>ct</strong></span> <span class='ocrx_word' id='word_1_35' title='bbox 3352 469 3409 523; x_wconf 88' lang='lat' dir='ltr'><strong>in</strong></span> <span class='ocrx_word' id='word_1_36' title='bbox 3428 482 3535 523; x_wconf 74' lang='lat' dir='ltr'><strong>su:-</strong></span> 
     </span>
    </p>
   </div>
   <div class='ocr_carea' id='block_1_7' title="bbox 1958 559 2653 614">
    <p class='ocr_par' dir='ltr' id='par_1_7' title="bbox 1958 559 2653 614">
     <span class='ocr_line' id='line_1_7' title="bbox 1958 559 2653 614; baseline 0 -1"><span class='ocrx_word' id='word_1_37' title='bbox 1958 559 2077 613; x_wconf 89' lang='lat' dir='ltr'><strong>cula</strong></span> <span class='ocrx_word' id='word_1_38' title='bbox 2102 561 2439 614; x_wconf 73' lang='lat' dir='ltr'><strong>smculorum.</strong></span> <span class='ocrx_word' id='word_1_39' title='bbox 2467 566 2653 614; x_wconf 84' lang='lat' dir='ltr'><strong>Amen.</strong></span> 
     </span>
    </p>
   </div>
   <div class='ocr_carea' id='block_1_8' title="bbox 1659 767 2129 830">
    <p class='ocr_par' dir='ltr' id='par_1_8' title="bbox 1659 767 2129 830">
     <span class='ocr_line' id='line_1_8' title="bbox 1659 767 2129 830; baseline 0.002 -1"><span class='ocrx_word' id='word_1_40' title='bbox 1659 767 2002 829; x_wconf 85' lang='lat' dir='ltr'><strong>HOMILIA</strong></span> <span class='ocrx_word' id='word_1_41' title='bbox 2044 769 2129 830; x_wconf 84' lang='lat' dir='ltr'><strong>X.</strong></span> 
     </span>
    </p>
   </div>
   <div class='ocr_carea' id='block_1_9' title="bbox 268 918 1845 997">
    <p class='ocr_par' dir='ltr' id='par_1_9' title="bbox 268 918 1845 997">
     <span class='ocr_line' id='line_1_9' title="bbox 268 918 1845 997; baseline -0.01 -12"><span class='ocrx_word' id='word_1_42' title='bbox 268 935 401 988; x_wconf 75' lang='lat' dir='ltr'><strong>Cu.</strong></span> <span class='ocrx_word' id='word_1_43' title='bbox 437 933 488 985; x_wconf 63' lang='grc' dir='ltr'>ιι.</span> <span class='ocrx_word' id='word_1_44' title='bbox 523 947 575 984; x_wconf 90' lang='lat' dir='ltr'><strong>v.</strong></span> <span class='ocrx_word' id='word_1_45' title='bbox 619 931 670 983; x_wconf 76' lang='lat' dir='ltr'><strong>i.</strong></span> <span class='ocrx_word' id='word_1_46' title='bbox 711 926 1053 997; x_wconf 86' lang='lat' dir='ltr'><strong>Loquentibus</strong></span> <span class='ocrx_word' id='word_1_47' title='bbox 1091 933 1258 976; x_wconf 82' lang='lat' dir='ltr'><strong>autent</strong></span> <span class='ocrx_word' id='word_1_48' title='bbox 1298 922 1402 975; x_wconf 88' lang='lat' dir='ltr'><strong>illis</strong></span> <span class='ocrx_word' id='word_1_49' title='bbox 1445 920 1514 972; x_wconf 90' lang='lat' dir='ltr'><strong>ad</strong></span> <span class='ocrx_word' id='word_1_50' title='bbox 1564 918 1807 987; x_wconf 86' lang='lat' dir='ltr'><strong>papulum</strong></span> <span class='ocrx_word' id='word_1_51' title='bbox 1831 957 1845 981; x_wconf 92' lang='lat'><strong>,</strong></span> 
     </span>
    </p>
   </div>
   <div class='ocr_carea' id='block_1_10' title="bbox 344 1010 1688 1092">
    <p class='ocr_par' dir='ltr' id='par_1_10' title="bbox 344 1010 1688 1092">
     <span class='ocr_line' id='line_1_10' title="bbox 344 1010 1688 1092; baseline -0.011 -14"><span class='ocrx_word' id='word_1_52' title='bbox 344 1030 737 1092; x_wconf 78' lang='lat' dir='ltr'><strong>supervenerunt</strong></span> <span class='ocrx_word' id='word_1_53' title='bbox 761 1024 1045 1073; x_wconf 76' lang='lat' dir='ltr'><strong>sacerdotes</strong></span> <span class='ocrx_word' id='word_1_54' title='bbox 1064 1025 1112 1069; x_wconf 85' lang='lat' dir='ltr'><strong>et</strong></span> <span class='ocrx_word' id='word_1_55' title='bbox 1142 1015 1466 1084; x_wconf 78' lang='lat' dir='ltr'><strong>magistratus</strong></span> <span class='ocrx_word' id='word_1_56' title='bbox 1498 1010 1688 1079; x_wconf 88' lang='lat' dir='ltr'><strong>templi.</strong></span> 
     </span>
    </p>
   </div>
   <div class='ocr_carea' id='block_1_11' title="bbox 344 1098 1848 1180">
    <p class='ocr_par' dir='ltr' id='par_1_11' title="bbox 344 1098 1848 1180">
     <span class='ocr_line' id='line_1_11' title="bbox 344 1098 1848 1180; baseline -0.014 -9"><span class='ocrx_word' id='word_1_57' title='bbox 344 1119 397 1171; x_wconf 77' lang='lat' dir='ltr'><strong>i.</strong></span> <span class='ocrx_word' id='word_1_58' title='bbox 442 1115 685 1169; x_wconf 84' lang='lat' dir='ltr'><strong>Nondum</strong></span> <span class='ocrx_word' id='word_1_59' title='bbox 729 1128 757 1164; x_wconf 83' lang='grc' dir='ltr'><strong>ιι</strong></span> <span class='ocrx_word' id='word_1_60' title='bbox 806 1109 1068 1180; x_wconf 88' lang='lat' dir='ltr'><strong>prioribus</strong></span> <span class='ocrx_word' id='word_1_61' title='bbox 1110 1108 1505 1175; x_wconf 89' lang='lat' dir='ltr'><strong>respiraverant</strong></span> <span class='ocrx_word' id='word_1_62' title='bbox 1545 1098 1848 1156; x_wconf 77' lang='lat' dir='ltr'><strong>tentationi-</strong></span> 
     </span>
    </p>
   </div>
   <div class='ocr_carea' id='block_1_12' title="bbox 270 1191 1851 1269">
    <p class='ocr_par' dir='ltr' id='par_1_12' title="bbox 270 1191 1851 1269">
     <span class='ocr_line' id='line_1_12' title="bbox 270 1191 1851 1269; baseline -0.013 -6"><span class='ocrx_word' id='word_1_63' title='bbox 270 1212 393 1269; x_wconf 79' lang='lat' dir='ltr'><strong>hos.</strong></span> <span class='ocrx_word' id='word_1_64' title='bbox 421 1222 473 1262; x_wconf 86' lang='lat' dir='ltr'><strong>et</strong></span> <span class='ocrx_word' id='word_1_65' title='bbox 500 1207 678 1263; x_wconf 88' lang='lat' dir='ltr'><strong>statim</strong></span> <span class='ocrx_word' id='word_1_66' title='bbox 706 1207 759 1259; x_wconf 91' lang='lat' dir='ltr'><strong>in</strong></span> <span class='ocrx_word' id='word_1_67' title='bbox 789 1205 923 1258; x_wconf 86' lang='lat' dir='ltr'><strong>alias</strong></span> <span class='ocrx_word' id='word_1_68' title='bbox 953 1200 1273 1256; x_wconf 90' lang='lat' dir='ltr'><strong>inciderunt.</strong></span> <span class='ocrx_word' id='word_1_69' title='bbox 1304 1198 1371 1252; x_wconf 83' lang='lat' dir='ltr'><strong>Et</strong></span> <span class='ocrx_word' id='word_1_70' title='bbox 1393 1196 1515 1249; x_wconf 82' lang='lat' dir='ltr'><strong>vide</strong></span> <span class='ocrx_word' id='word_1_71' title='bbox 1540 1235 1555 1257; x_wconf 86' lang='lat'><strong>,</strong></span> <span class='ocrx_word' id='word_1_72' title='bbox 1583 1191 1851 1262; x_wconf 90' lang='lat' dir='ltr'><strong>quomodo</strong></span> 
     </span>
    </p>
   </div>
   <div class='ocr_carea' id='block_1_13' title="bbox 268 1284 1852 1369">
    <p class='ocr_par' dir='ltr' id='par_1_13' title="bbox 268 1284 1852 1369">
     <span class='ocr_line' id='line_1_13' title="bbox 268 1284 1852 1369; baseline -0.014 -12"><span class='ocrx_word' id='word_1_73' title='bbox 268 1319 362 1356; x_wconf 88' lang='lat' dir='ltr'><strong>res</strong></span> <span class='ocrx_word' id='word_1_74' title='bbox 400 1302 796 1369; x_wconf 82' lang='lat' dir='ltr'><strong>dispensentur.</strong></span> <span class='ocrx_word' id='word_1_75' title='bbox 840 1296 1018 1349; x_wconf 83' lang='lat' dir='ltr'><strong>Primo</strong></span> <span class='ocrx_word' id='word_1_76' title='bbox 1053 1307 1181 1355; x_wconf 77' lang='lat' dir='ltr'><strong>cuin</strong></span> <span class='ocrx_word' id='word_1_77' title='bbox 1208 1289 1455 1344; x_wconf 71' lang='lat' dir='ltr'><strong>inrisione</strong></span> <span class='ocrx_word' id='word_1_78' title='bbox 1481 1284 1690 1352; x_wconf 75' lang='lat' dir='ltr'><strong>excepti</strong></span> <span class='ocrx_word' id='word_1_79' title='bbox 1729 1289 1852 1335; x_wconf 89' lang='lat' dir='ltr'><strong>sunt</strong></span> 
     </span>
    </p>
   </div>
   <div class='ocr_carea' id='block_1_14' title="bbox 270 1374 1851 1459">
    <p class='ocr_par' dir='ltr' id='par_1_14' title="bbox 270 1374 1851 1459">
     <span class='ocr_line' id='line_1_14' title="bbox 270 1374 1851 1459; baseline -0.015 -10"><span class='ocrx_word' id='word_1_80' title='bbox 270 1411 464 1449; x_wconf 90' lang='lat' dir='ltr'><strong>omnes</strong></span> <span class='ocrx_word' id='word_1_81' title='bbox 488 1437 503 1456; x_wconf 94' lang='lat'><strong>,</strong></span> <span class='ocrx_word' id='word_1_82' title='bbox 546 1407 642 1445; x_wconf 82' lang='lat' dir='ltr'><strong>nec</strong></span> <span class='ocrx_word' id='word_1_83' title='bbox 669 1404 827 1459; x_wconf 89' lang='lat' dir='ltr'><strong>parva</strong></span> <span class='ocrx_word' id='word_1_84' title='bbox 867 1396 983 1442; x_wconf 90' lang='lat' dir='ltr'><strong>erat</strong></span> <span class='ocrx_word' id='word_1_85' title='bbox 1025 1385 1140 1439; x_wconf 51' lang='lat' dir='ltr'><strong>hate</strong></span> <span class='ocrx_word' id='word_1_86' title='bbox 1165 1382 1386 1438; x_wconf 87' lang='lat' dir='ltr'><strong>tentatio</strong></span> <span class='ocrx_word' id='word_1_87' title='bbox 1410 1399 1423 1434; x_wconf 90' lang='lat'><strong>:</strong></span> <span class='ocrx_word' id='word_1_88' title='bbox 1449 1376 1684 1433; x_wconf 86' lang='lat' dir='ltr'><strong>secundo</strong></span> <span class='ocrx_word' id='word_1_89' title='bbox 1708 1416 1722 1440; x_wconf 91' lang='lat'><strong>,</strong></span> <span class='ocrx_word' id='word_1_90' title='bbox 1752 1374 1851 1442; x_wconf 85' lang='lat' dir='ltr'><strong>ipsi</strong></span> 
     </span>
    </p>
   </div>
   <div class='ocr_carea' id='block_1_15' title="bbox 270 1469 1853 1556">
    <p class='ocr_par' dir='ltr' id='par_1_15' title="bbox 270 1469 1853 1556">
     <span class='ocr_line' id='line_1_15' title="bbox 270 1469 1853 1556; baseline -0.015 -15"><span class='ocrx_word' id='word_1_91' title='bbox 270 1484 542 1556; x_wconf 73' lang='lat' dir='ltr'><strong>coryphtei</strong></span> <span class='ocrx_word' id='word_1_92' title='bbox 570 1483 625 1536; x_wconf 92' lang='lat' dir='ltr'><strong>in</strong></span> <span class='ocrx_word' id='word_1_93' title='bbox 658 1480 890 1550; x_wconf 86' lang='lat' dir='ltr'><strong>pericula</strong></span> <span class='ocrx_word' id='word_1_94' title='bbox 932 1476 1186 1531; x_wconf 89' lang='lat' dir='ltr'><strong>incidunt.</strong></span> <span class='ocrx_word' id='word_1_95' title='bbox 1216 1473 1331 1528; x_wconf 87' lang='lat' dir='ltr'><strong>Non</strong></span> <span class='ocrx_word' id='word_1_96' title='bbox 1360 1469 1699 1526; x_wconf 83' lang='lat' dir='ltr'><strong>continenter</strong></span> <span class='ocrx_word' id='word_1_97' title='bbox 1726 1478 1853 1521; x_wconf 84' lang='lat' dir='ltr'><strong>vero</strong></span> 
     </span>
    </p>
   </div>
   <div class='ocr_carea' id='block_1_16' title="bbox 270 1559 1850 1637">
    <p class='ocr_par' dir='ltr' id='par_1_16' title="bbox 270 1559 1850 1637">
     <span class='ocr_line' id='line_1_16' title="bbox 270 1559 1850 1637; baseline -0.014 -7"><span class='ocrx_word' id='word_1_98' title='bbox 270 1578 391 1630; x_wconf 78' lang='lat' dir='ltr'><strong>haec</strong></span> <span class='ocrx_word' id='word_1_99' title='bbox 416 1576 521 1631; x_wconf 90' lang='lat' dir='ltr'><strong>duo</strong></span> <span class='ocrx_word' id='word_1_100' title='bbox 545 1575 675 1628; x_wconf 83' lang='lat' dir='ltr'><strong>tacta</strong></span> <span class='ocrx_word' id='word_1_101' title='bbox 705 1579 849 1630; x_wconf 85' lang='lat' dir='ltr'><strong>sunt.</strong></span> <span class='ocrx_word' id='word_1_102' title='bbox 879 1583 1049 1637; x_wconf 90' lang='lat' dir='ltr'><strong>neque</strong></span> <span class='ocrx_word' id='word_1_103' title='bbox 1078 1565 1424 1633; x_wconf 83' lang='lat' dir='ltr'><strong>simpliciter;</strong></span> <span class='ocrx_word' id='word_1_104' title='bbox 1453 1559 1545 1615; x_wconf 88' lang='lat' dir='ltr'><strong>sed</strong></span> <span class='ocrx_word' id='word_1_105' title='bbox 1574 1568 1850 1629; x_wconf 88' lang='lat' dir='ltr'><strong>postquam</strong></span> 
     </span>
    </p>
   </div>
   <div class='ocr_carea' id='block_1_17' title="bbox 271 1652 1851 1723">
    <p class='ocr_par' dir='ltr' id='par_1_17' title="bbox 271 1652 1851 1723">
     <span class='ocr_line' id='line_1_17' title="bbox 271 1652 1851 1723; baseline -0.014 -2"><span class='ocrx_word' id='word_1_106' title='bbox 271 1670 331 1723; x_wconf 89' lang='lat' dir='ltr'><strong>in</strong></span> <span class='ocrx_word' id='word_1_107' title='bbox 377 1665 724 1723; x_wconf 87' lang='lat' dir='ltr'><strong>concionibns</strong></span> <span class='ocrx_word' id='word_1_108' title='bbox 768 1663 1111 1722; x_wconf 85' lang='lat' dir='ltr'><strong>claruerant,</strong></span> <span class='ocrx_word' id='word_1_109' title='bbox 1160 1665 1218 1711; x_wconf 89' lang='lat' dir='ltr'><strong>et</strong></span> <span class='ocrx_word' id='word_1_110' title='bbox 1264 1652 1572 1707; x_wconf 82' lang='lat' dir='ltr'><strong>miraculum</strong></span> <span class='ocrx_word' id='word_1_111' title='bbox 1604 1661 1851 1718; x_wconf 86' lang='lat' dir='ltr'><strong>magnum</strong></span> 
     </span>
    </p>
   </div>
   <div class='ocr_carea' id='block_1_18' title="bbox 270 1741 1854 1828">
    <p class='ocr_par' dir='ltr' id='par_1_18' title="bbox 270 1741 1854 1828">
     <span class='ocr_line' id='line_1_18' title="bbox 270 1741 1854 1828; baseline -0.014 -15"><span class='ocrx_word' id='word_1_112' title='bbox 270 1766 580 1828; x_wconf 82' lang='lat' dir='ltr'><strong>patrarant;</strong></span> <span class='ocrx_word' id='word_1_113' title='bbox 612 1757 688 1809; x_wconf 90' lang='lat' dir='ltr'><strong>sic</strong></span> <span class='ocrx_word' id='word_1_114' title='bbox 717 1753 930 1808; x_wconf 90' lang='lat' dir='ltr'><strong>demmn</strong></span> <span class='ocrx_word' id='word_1_115' title='bbox 961 1756 1231 1817; x_wconf 86' lang='lat' dir='ltr'><strong>assumpta</strong></span> <span class='ocrx_word' id='word_1_116' title='bbox 1262 1743 1451 1799; x_wconf 84' lang='lat' dir='ltr'><strong>fiducia</strong></span> <span class='ocrx_word' id='word_1_117' title='bbox 1470 1782 1486 1807; x_wconf 94' lang='lat'><strong>,</strong></span> <span class='ocrx_word' id='word_1_118' title='bbox 1518 1741 1633 1796; x_wconf 91' lang='lat' dir='ltr'><strong>Deo</strong></span> <span class='ocrx_word' id='word_1_119' title='bbox 1659 1752 1854 1794; x_wconf 89' lang='lat' dir='ltr'><strong>conce-</strong></span> 
     </span>
    </p>
   </div>
   <div class='ocr_carea' id='block_1_19' title="bbox 270 1828 1849 1905">
    <p class='ocr_par' dir='ltr' id='par_1_19' title="bbox 270 1828 1849 1905">
     <span class='ocr_line' id='line_1_19' title="bbox 270 1828 1849 1905; baseline -0.016 0"><span class='ocrx_word' id='word_1_120' title='bbox 270 1851 435 1905; x_wconf 90' lang='lat' dir='ltr'><strong>dente</strong></span> <span class='ocrx_word' id='word_1_121' title='bbox 479 1846 769 1901; x_wconf 90' lang='lat' dir='ltr'><strong>certamina</strong></span> <span class='ocrx_word' id='word_1_122' title='bbox 816 1844 1019 1896; x_wconf 88' lang='lat' dir='ltr'><strong>ineunt.</strong></span> <span class='ocrx_word' id='word_1_123' title='bbox 1064 1838 1144 1891; x_wconf 86' lang='lat' dir='ltr'><strong>Tu</strong></span> <span class='ocrx_word' id='word_1_124' title='bbox 1194 1852 1320 1889; x_wconf 83' lang='lat' dir='ltr'><strong>vero</strong></span> <span class='ocrx_word' id='word_1_125' title='bbox 1364 1832 1491 1887; x_wconf 89' lang='lat' dir='ltr'><strong>mihi</strong></span> <span class='ocrx_word' id='word_1_126' title='bbox 1540 1828 1805 1899; x_wconf 81' lang='lat' dir='ltr'><strong>perpende</strong></span> <span class='ocrx_word' id='word_1_127' title='bbox 1834 1867 1849 1892; x_wconf 92' lang='lat'><strong>,</strong></span> 
     </span>
    </p>
   </div>
   <div class='ocr_carea' id='block_1_20' title="bbox 264 1923 1851 2014">
    <p class='ocr_par' dir='ltr' id='par_1_20' title="bbox 264 1923 1851 2014">
     <span class='ocr_line' id='line_1_20' title="bbox 264 1923 1851 2014; baseline -0.016 -16"><span class='ocrx_word' id='word_1_128' title='bbox 264 1941 575 2014; x_wconf 89' lang='lat' dir='ltr'><strong>quomodo,</strong></span> <span class='ocrx_word' id='word_1_129' title='bbox 607 1939 698 2008; x_wconf 93' lang='lat' dir='ltr'><strong>qui</strong></span> <span class='ocrx_word' id='word_1_130' title='bbox 733 1936 1057 2004; x_wconf 61' lang='lat' dir='ltr'><strong>quaesieram</strong></span> <span class='ocrx_word' id='word_1_131' title='bbox 1084 1929 1411 2001; x_wconf 83' lang='lat' dir='ltr'><strong>proditorem</strong></span> <span class='ocrx_word' id='word_1_132' title='bbox 1455 1925 1543 1994; x_wconf 90' lang='lat' dir='ltr'><strong>qui</strong></span> <span class='ocrx_word' id='word_1_133' title='bbox 1582 1923 1851 1978; x_wconf 82' lang='lat' dir='ltr'><strong>Christum</strong></span> 
     </span>
    </p>
   </div>
   <div class='ocr_carea' id='block_1_21' title="bbox 266 2013 1855 2097">
    <p class='ocr_par' dir='ltr' id='par_1_21' title="bbox 266 2013 1855 2097">
     <span class='ocr_line' id='line_1_21' title="bbox 266 2013 1855 2097; baseline -0.015 -8"><span class='ocrx_word' id='word_1_134' title='bbox 266 2035 513 2089; x_wconf 73' lang='lat' dir='ltr'><strong>traderet</strong></span> <span class='ocrx_word' id='word_1_135' title='bbox 536 2073 551 2093; x_wconf 90' lang='lat'><strong>,</strong></span> <span class='ocrx_word' id='word_1_136' title='bbox 585 2032 671 2085; x_wconf 90' lang='lat' dir='ltr'><strong>hic</strong></span> <span class='ocrx_word' id='word_1_137' title='bbox 700 2028 799 2097; x_wconf 89' lang='lat' dir='ltr'><strong>ipsi</strong></span> <span class='ocrx_word' id='word_1_138' title='bbox 832 2040 1020 2081; x_wconf 88' lang='lat' dir='ltr'><strong>manus</strong></span> <span class='ocrx_word' id='word_1_139' title='bbox 1046 2021 1289 2090; x_wconf 84' lang='lat' dir='ltr'><strong>injiciunt</strong></span> <span class='ocrx_word' id='word_1_140' title='bbox 1334 2019 1624 2072; x_wconf 79' lang='lat' dir='ltr'><strong>ferociores</strong></span> <span class='ocrx_word' id='word_1_141' title='bbox 1653 2013 1771 2068; x_wconf 86' lang='lat' dir='ltr'><strong>facti</strong></span> <span class='ocrx_word' id='word_1_142' title='bbox 1800 2020 1855 2066; x_wconf 88' lang='lat' dir='ltr'><strong>et</strong></span> 
     </span>
    </p>
   </div>
   <div class='ocr_carea' id='block_1_22' title="bbox 264 2106 1851 2196">
    <p class='ocr_par' dir='ltr' id='par_1_22' title="bbox 264 2106 1851 2196">
     <span class='ocr_line' id='line_1_22' title="bbox 264 2106 1851 2196; baseline -0.013 -16"><span class='ocrx_word' id='word_1_143' title='bbox 264 2124 695 2196; x_wconf 82' lang='lat' dir='ltr'><strong>impudentiores</strong></span> <span class='ocrx_word' id='word_1_144' title='bbox 744 2128 867 2190; x_wconf 85' lang='lat' dir='ltr'><strong>post</strong></span> <span class='ocrx_word' id='word_1_145' title='bbox 914 2131 1150 2171; x_wconf 88' lang='lat' dir='ltr'><strong>crucem.</strong></span> <span class='ocrx_word' id='word_1_146' title='bbox 1202 2113 1480 2168; x_wconf 84' lang='lat' dir='ltr'><strong>Peccatum</strong></span> <span class='ocrx_word' id='word_1_147' title='bbox 1526 2109 1669 2163; x_wconf 88' lang='lat' dir='ltr'><strong>enim</strong></span> <span class='ocrx_word' id='word_1_148' title='bbox 1724 2106 1851 2159; x_wconf 88' lang='lat' dir='ltr'><strong>dum</strong></span> 
     </span>
    </p>
   </div>
   <div class='ocr_carea' id='block_1_23' title="bbox 268 2206 1850 2289">
    <p class='ocr_par' dir='ltr' id='par_1_23' title="bbox 268 2206 1850 2289">
     <span class='ocr_line' id='line_1_23' title="bbox 268 2206 1850 2289; baseline -0.014 -17"><span class='ocrx_word' id='word_1_149' title='bbox 268 2219 569 2289; x_wconf 80' lang='lat' dir='ltr'><strong>parturitnr</strong></span> <span class='ocrx_word' id='word_1_150' title='bbox 594 2258 610 2281; x_wconf 88' lang='lat'><strong>,</strong></span> <span class='ocrx_word' id='word_1_151' title='bbox 657 2212 943 2284; x_wconf 84' lang='lat' dir='ltr'><strong>quemdam</strong></span> <span class='ocrx_word' id='word_1_152' title='bbox 988 2209 1149 2262; x_wconf 82' lang='lat' dir='ltr'><strong>habet</strong></span> <span class='ocrx_word' id='word_1_153' title='bbox 1194 2206 1491 2276; x_wconf 88' lang='lat' dir='ltr'><strong>pudorem;</strong></span> <span class='ocrx_word' id='word_1_154' title='bbox 1524 2216 1643 2256; x_wconf 90' lang='lat' dir='ltr'><strong>cum</strong></span> <span class='ocrx_word' id='word_1_155' title='bbox 1675 2208 1850 2253; x_wconf 88' lang='lat' dir='ltr'><strong>autem</strong></span> 
     </span>
    </p>
   </div>
   <div class='ocr_carea' id='block_1_24' title="bbox 268 2291 1855 2382">
    <p class='ocr_par' dir='ltr' id='par_1_24' title="bbox 268 2291 1855 2382">
     <span class='ocr_line' id='line_1_24' title="bbox 268 2291 1855 2382; baseline -0.013 -17"><span class='ocrx_word' id='word_1_156' title='bbox 268 2310 570 2382; x_wconf 77' lang='lat' dir='ltr'><strong>perfectura</strong></span> <span class='ocrx_word' id='word_1_157' title='bbox 620 2315 742 2369; x_wconf 88' lang='lat' dir='ltr'><strong>est,</strong></span> <span class='ocrx_word' id='word_1_158' title='bbox 776 2302 1194 2372; x_wconf 81' lang='lat' dir='ltr'><strong>impudentiores</strong></span> <span class='ocrx_word' id='word_1_159' title='bbox 1238 2297 1414 2352; x_wconf 86' lang='lat' dir='ltr'><strong>reddit</strong></span> <span class='ocrx_word' id='word_1_160' title='bbox 1454 2305 1719 2348; x_wconf 86' lang='lat' dir='ltr'><strong>auctores.</strong></span> <span class='ocrx_word' id='word_1_161' title='bbox 1746 2291 1855 2345; x_wconf 89' lang='lat' dir='ltr'><strong>Cur</strong></span> 
     </span>
    </p>
   </div>
   <div class='ocr_carea' id='block_1_25' title="bbox 268 2386 1854 2468">
    <p class='ocr_par' dir='ltr' id='par_1_25' title="bbox 268 2386 1854 2468">
     <span class='ocr_line' id='line_1_25' title="bbox 268 2386 1854 2468; baseline -0.016 -9"><span class='ocrx_word' id='word_1_162' title='bbox 268 2415 451 2458; x_wconf 81' lang='lat' dir='ltr'><strong>autem</strong></span> <span class='ocrx_word' id='word_1_163' title='bbox 497 2400 843 2468; x_wconf 77' lang='lat' dir='ltr'><strong>magistratus</strong></span> <span class='ocrx_word' id='word_1_164' title='bbox 887 2390 1236 2457; x_wconf 76' lang='lat' dir='ltr'><strong>supervenit?</strong></span> <span class='ocrx_word' id='word_1_165' title='bbox 1273 2389 1403 2442; x_wconf 85' lang='lat' dir='ltr'><strong>Nam</strong></span> <span class='ocrx_word' id='word_1_166' title='bbox 1449 2386 1854 2453; x_wconf 86' lang='lat' dir='ltr'><strong>Supervenerunt</strong></span> 
     </span>
    </p>
   </div>
   <div class='ocr_carea' id='block_1_26' title="bbox 266 2477 1857 2565">
    <p class='ocr_par' dir='ltr' id='par_1_26' title="bbox 266 2477 1857 2565">
     <span class='ocr_line' id='line_1_26' title="bbox 266 2477 1857 2565; baseline -0.014 -15"><span class='ocrx_word' id='word_1_167' title='bbox 266 2498 395 2565; x_wconf 86' lang='lat' dir='ltr'><strong>ipsis</strong></span> <span class='ocrx_word' id='word_1_168' title='bbox 415 2493 703 2548; x_wconf 73' lang='lat' dir='ltr'><strong>sacerdotes</strong></span> <span class='ocrx_word' id='word_1_169' title='bbox 729 2501 775 2543; x_wconf 87' lang='lat' dir='ltr'><strong>et</strong></span> <span class='ocrx_word' id='word_1_170' title='bbox 818 2488 1143 2557; x_wconf 78' lang='lat' dir='ltr'><strong>magistratus</strong></span> <span class='ocrx_word' id='word_1_171' title='bbox 1172 2482 1379 2550; x_wconf 89' lang='lat' dir='ltr'><strong>templi,</strong></span> <span class='ocrx_word' id='word_1_172' title='bbox 1422 2480 1611 2549; x_wconf 82' lang='lat' dir='ltr'><strong>inquit.</strong></span> <span class='ocrx_word' id='word_1_173' title='bbox 1646 2477 1711 2531; x_wconf 89' lang='lat' dir='ltr'><strong>Ut</strong></span> <span class='ocrx_word' id='word_1_174' title='bbox 1739 2491 1857 2529; x_wconf 90' lang='lat' dir='ltr'><strong>rur-</strong></span> 
     </span>
    </p>
   </div>
   <div class='ocr_carea' id='block_1_27' title="bbox 268 2576 1857 2658">
    <p class='ocr_par' dir='ltr' id='par_1_27' title="bbox 268 2576 1857 2658">
     <span class='ocr_line' id='line_1_27' title="bbox 268 2576 1857 2658; baseline -0.014 -15"><span class='ocrx_word' id='word_1_175' title='bbox 268 2605 363 2643; x_wconf 84' lang='lat' dir='ltr'><strong>sus</strong></span> <span class='ocrx_word' id='word_1_176' title='bbox 384 2588 656 2658; x_wconf 88' lang='lat' dir='ltr'><strong>publicum</strong></span> <span class='ocrx_word' id='word_1_177' title='bbox 682 2585 883 2638; x_wconf 87' lang='lat' dir='ltr'><strong>crimen</strong></span> <span class='ocrx_word' id='word_1_178' title='bbox 905 2580 1069 2650; x_wconf 80' lang='lat' dir='ltr'><strong>gestis</strong></span> <span class='ocrx_word' id='word_1_179' title='bbox 1099 2576 1378 2639; x_wconf 77' lang='lat' dir='ltr'><strong>inferrent,</strong></span> <span class='ocrx_word' id='word_1_180' title='bbox 1402 2582 1457 2628; x_wconf 89' lang='lat' dir='ltr'><strong>et</strong></span> <span class='ocrx_word' id='word_1_181' title='bbox 1481 2588 1584 2626; x_wconf 92' lang='lat' dir='ltr'><strong>non</strong></span> <span class='ocrx_word' id='word_1_182' title='bbox 1613 2579 1671 2625; x_wconf 81' lang='grc' dir='ltr'><strong>ιιι</strong></span> <span class='ocrx_word' id='word_1_183' title='bbox 1695 2585 1857 2639; x_wconf 88' lang='lat' dir='ltr'><strong>pecu-</strong></span> 
     </span>
    </p>
   </div>
   <div class='ocr_carea' id='block_1_28' title="bbox 268 2661 1854 2748">
    <p class='ocr_par' dir='ltr' id='par_1_28' title="bbox 268 2661 1854 2748">
     <span class='ocr_line' id='line_1_28' title="bbox 268 2661 1854 2748; baseline -0.015 -11"><span class='ocrx_word' id='word_1_184' title='bbox 268 2684 402 2738; x_wconf 78' lang='lat' dir='ltr'><strong>Iinre</strong></span> <span class='ocrx_word' id='word_1_185' title='bbox 432 2691 487 2733; x_wconf 79' lang='lat' dir='ltr'><strong>et</strong></span> <span class='ocrx_word' id='word_1_186' title='bbox 515 2678 780 2748; x_wconf 87' lang='lat' dir='ltr'><strong>privatum</strong></span> <span class='ocrx_word' id='word_1_187' title='bbox 810 2675 1196 2728; x_wconf 89' lang='lat' dir='ltr'><strong>ulciscerentur</strong></span> <span class='ocrx_word' id='word_1_188' title='bbox 1224 2685 1238 2720; x_wconf 89' lang='lat'><strong>:</strong></span> <span class='ocrx_word' id='word_1_189' title='bbox 1270 2665 1410 2738; x_wconf 89' lang='lat' dir='ltr'><strong>quod</strong></span> <span class='ocrx_word' id='word_1_190' title='bbox 1437 2665 1630 2733; x_wconf 89' lang='lat' dir='ltr'><strong>ubique</strong></span> <span class='ocrx_word' id='word_1_191' title='bbox 1678 2661 1854 2716; x_wconf 85' lang='lat' dir='ltr'><strong>facere</strong></span> 
     </span>
    </p>
   </div>
   <div class='ocr_carea' id='block_1_29' title="bbox 270 2752 1853 2833">
    <p class='ocr_par' dir='ltr' id='par_1_29' title="bbox 270 2752 1853 2833">
     <span class='ocr_line' id='line_1_29' title="bbox 270 2752 1853 2833; baseline -0.016 -6"><span class='ocrx_word' id='word_1_192' title='bbox 270 2771 584 2827; x_wconf 82' lang='lat' dir='ltr'><strong>studebant.</strong></span> <span class='ocrx_word' id='word_1_193' title='bbox 621 2767 678 2821; x_wconf 75' lang='grc'><strong>2.</strong></span> <span class='ocrx_word' id='word_1_194' title='bbox 712 2766 949 2819; x_wconf 75' lang='lat' dir='ltr'><strong>Dolantes</strong></span> <span class='ocrx_word' id='word_1_195' title='bbox 990 2761 1124 2833; x_wconf 89' lang='lat' dir='ltr'><strong>quod</strong></span> <span class='ocrx_word' id='word_1_196' title='bbox 1153 2760 1386 2813; x_wconf 90' lang='lat' dir='ltr'><strong>docerent</strong></span> <span class='ocrx_word' id='word_1_197' title='bbox 1432 2754 1689 2825; x_wconf 84' lang='lat' dir='ltr'><strong>papnlum.</strong></span> <span class='ocrx_word' id='word_1_198' title='bbox 1741 2752 1853 2806; x_wconf 77' lang='lat' dir='ltr'><strong>Mo-</strong></span> 
     </span>
    </p>
   </div>
   <div class='ocr_carea' id='block_1_30' title="bbox 274 2844 1853 2922">
    <p class='ocr_par' dir='ltr' id='par_1_30' title="bbox 274 2844 1853 2922">
     <span class='ocr_line' id='line_1_30' title="bbox 274 2844 1853 2922; baseline -0.013 -5"><span class='ocrx_word' id='word_1_199' title='bbox 274 2865 407 2918; x_wconf 64' lang='lat' dir='ltr'><strong>haste</strong></span> <span class='ocrx_word' id='word_1_200' title='bbox 438 2860 726 2922; x_wconf 86' lang='lat' dir='ltr'><strong>ferebant,</strong></span> <span class='ocrx_word' id='word_1_201' title='bbox 760 2873 863 2910; x_wconf 89' lang='lat' dir='ltr'><strong>non</strong></span> <span class='ocrx_word' id='word_1_202' title='bbox 892 2854 1052 2908; x_wconf 90' lang='lat' dir='ltr'><strong>modo</strong></span> <span class='ocrx_word' id='word_1_203' title='bbox 1077 2851 1218 2921; x_wconf 87' lang='lat' dir='ltr'><strong>quod</strong></span> <span class='ocrx_word' id='word_1_204' title='bbox 1244 2850 1533 2911; x_wconf 86' lang='lat' dir='ltr'><strong>docerent;</strong></span> <span class='ocrx_word' id='word_1_205' title='bbox 1576 2844 1667 2899; x_wconf 92' lang='lat' dir='ltr'><strong>sed</strong></span> <span class='ocrx_word' id='word_1_206' title='bbox 1696 2844 1853 2897; x_wconf 90' lang='lat' dir='ltr'><strong>etiam</strong></span> 
     </span>
    </p>
   </div>
   <div class='ocr_carea' id='block_1_31' title="bbox 275 2935 1857 3025">
    <p class='ocr_par' dir='ltr' id='par_1_31' title="bbox 275 2935 1857 3025">
     <span class='ocr_line' id='line_1_31' title="bbox 275 2935 1857 3025; baseline -0.013 -17"><span class='ocrx_word' id='word_1_207' title='bbox 275 2955 416 3025; x_wconf 80' lang='lat' dir='ltr'><strong>quod</strong></span> <span class='ocrx_word' id='word_1_208' title='bbox 431 2954 687 3009; x_wconf 88' lang='lat' dir='ltr'><strong>dicerent</strong></span> <span class='ocrx_word' id='word_1_209' title='bbox 699 2965 804 3004; x_wconf 91' lang='lat' dir='ltr'><strong>non</strong></span> <span class='ocrx_word' id='word_1_210' title='bbox 821 2948 994 3002; x_wconf 90' lang='lat' dir='ltr'><strong>solum</strong></span> <span class='ocrx_word' id='word_1_211' title='bbox 1007 2947 1178 3013; x_wconf 91' lang='lat' dir='ltr'><strong>ipsum</strong></span> <span class='ocrx_word' id='word_1_212' title='bbox 1197 2939 1571 3003; x_wconf 79' lang='lat' dir='ltr'><strong>resurrexisse,</strong></span> <span class='ocrx_word' id='word_1_213' title='bbox 1590 2937 1682 2991; x_wconf 88' lang='lat' dir='ltr'><strong>sed</strong></span> <span class='ocrx_word' id='word_1_214' title='bbox 1696 2935 1857 2990; x_wconf 88' lang='lat' dir='ltr'><strong>etiam</strong></span> 
     </span>
    </p>
   </div>
   <div class='ocr_carea' id='block_1_32' title="bbox 284 3026 1854 3117">
    <p class='ocr_par' dir='ltr' id='par_1_32' title="bbox 284 3026 1854 3117">
     <span class='ocr_line' id='line_1_32' title="bbox 284 3026 1854 3117; baseline -0.011 -16"><span class='ocrx_word' id='word_1_215' title='bbox 284 3064 379 3102; x_wconf 84' lang='lat' dir='ltr'><strong>nos</strong></span> <span class='ocrx_word' id='word_1_216' title='bbox 393 3063 487 3117; x_wconf 88' lang='lat' dir='ltr'><strong>per</strong></span> <span class='ocrx_word' id='word_1_217' title='bbox 504 3047 659 3098; x_wconf 91' lang='lat' dir='ltr'><strong>illum</strong></span> <span class='ocrx_word' id='word_1_218' title='bbox 678 3049 1072 3097; x_wconf 58' lang='lat' dir='ltr'><strong>resurrecturos</strong></span> <span class='ocrx_word' id='word_1_219' title='bbox 1090 3050 1227 3091; x_wconf 90' lang='lat' dir='ltr'><strong>esse.</strong></span> <span class='ocrx_word' id='word_1_220' title='bbox 1239 3032 1385 3100; x_wconf 82' lang='lat' dir='ltr'><strong>Quod</strong></span> <span class='ocrx_word' id='word_1_221' title='bbox 1400 3031 1649 3093; x_wconf 83' lang='lat' dir='ltr'><strong>docerent,</strong></span> <span class='ocrx_word' id='word_1_222' title='bbox 1670 3026 1854 3096; x_wconf 84' lang='lat' dir='ltr'><strong>inquit,</strong></span> 
     </span>
    </p>
   </div>
   <div class='ocr_carea' id='block_1_33' title="bbox 294 3125 1860 3209">
    <p class='ocr_par' dir='ltr' id='par_1_33' title="bbox 294 3125 1860 3209">
     <span class='ocr_line' id='line_1_33' title="bbox 294 3125 1860 3209; baseline -0.01 -17"><span class='ocrx_word' id='word_1_223' title='bbox 294 3143 543 3209; x_wconf 75' lang='lat' dir='ltr'><strong>pupulum.</strong></span> <span class='ocrx_word' id='word_1_224' title='bbox 573 3153 619 3191; x_wconf 86' lang='lat' dir='ltr'><strong>et</strong></span> <span class='ocrx_word' id='word_1_225' title='bbox 639 3135 1000 3191; x_wconf 81' lang='lat' dir='ltr'><strong>annuntiarettl</strong></span> <span class='ocrx_word' id='word_1_226' title='bbox 1024 3135 1080 3189; x_wconf 88' lang='lat' dir='ltr'><strong>in</strong></span> <span class='ocrx_word' id='word_1_227' title='bbox 1104 3127 1233 3189; x_wconf 66' lang='lat' dir='ltr'><strong>Iesu</strong></span> <span class='ocrx_word' id='word_1_228' title='bbox 1272 3125 1681 3187; x_wconf 71' lang='lat' dir='ltr'><strong>resurrectionem</strong></span> <span class='ocrx_word' id='word_1_229' title='bbox 1721 3141 1860 3179; x_wconf 87' lang='lat' dir='ltr'><strong>mor-</strong></span> 
     </span>
    </p>
   </div>
   <div class='ocr_carea' id='block_1_34' title="bbox 296 3218 1863 3291">
    <p class='ocr_par' dir='ltr' id='par_1_34' title="bbox 296 3218 1863 3291">
     <span class='ocr_line' id='line_1_34' title="bbox 296 3218 1863 3291; baseline -0.013 0"><span class='ocrx_word' id='word_1_230' title='bbox 296 3244 506 3291; x_wconf 78' lang='lat' dir='ltr'><strong>tuorum.</strong></span> <span class='ocrx_word' id='word_1_231' title='bbox 524 3230 598 3287; x_wconf 74' lang='lat' dir='ltr'><strong>Ita</strong></span> <span class='ocrx_word' id='word_1_232' title='bbox 628 3230 819 3289; x_wconf 76' lang='lat' dir='ltr'><strong>cflicas</strong></span> <span class='ocrx_word' id='word_1_233' title='bbox 842 3233 937 3285; x_wconf 85' lang='lat' dir='ltr'><strong>luit</strong></span> <span class='ocrx_word' id='word_1_234' title='bbox 962 3230 1103 3284; x_wconf 91' lang='lat' dir='ltr'><strong>illius</strong></span> <span class='ocrx_word' id='word_1_235' title='bbox 1123 3224 1462 3290; x_wconf 88' lang='lat' dir='ltr'><strong>resurrectio,</strong></span> <span class='ocrx_word' id='word_1_236' title='bbox 1486 3232 1543 3277; x_wconf 90' lang='lat' dir='ltr'><strong>ut</strong></span> <span class='ocrx_word' id='word_1_237' title='bbox 1566 3221 1723 3275; x_wconf 89' lang='lat' dir='ltr'><strong>etiam</strong></span> <span class='ocrx_word' id='word_1_238' title='bbox 1745 3218 1863 3271; x_wconf 87' lang='lat' dir='ltr'><strong>aliis</strong></span> 
     </span>
    </p>
   </div>
   <div class='ocr_carea' id='block_1_35' title="bbox 296 3312 1864 3386">
    <p class='ocr_par' dir='ltr' id='par_1_35' title="bbox 296 3312 1864 3386">
     <span class='ocr_line' id='line_1_35' title="bbox 296 3312 1864 3386; baseline -0.015 -4"><span class='ocrx_word' id='word_1_239' title='bbox 296 3340 471 3382; x_wconf 79' lang='lat' dir='ltr'><strong>auctor</strong></span> <span class='ocrx_word' id='word_1_240' title='bbox 506 3328 576 3380; x_wconf 89' lang='lat' dir='ltr'><strong>sit</strong></span> <span class='ocrx_word' id='word_1_241' title='bbox 608 3322 1039 3379; x_wconf 83' lang='lat' dir='ltr'><strong>resurrectionis.</strong></span> <span class='ocrx_word' id='word_1_242' title='bbox 1079 3320 1131 3374; x_wconf 77' lang='grc'><strong>5.</strong></span> <span class='ocrx_word' id='word_1_243' title='bbox 1166 3316 1229 3371; x_wconf 89' lang='lat' dir='ltr'><strong>Et</strong></span> <span class='ocrx_word' id='word_1_244' title='bbox 1267 3317 1546 3386; x_wconf 87' lang='lat' dir='ltr'><strong>injecerunt</strong></span> <span class='ocrx_word' id='word_1_245' title='bbox 1571 3312 1624 3364; x_wconf 90' lang='lat' dir='ltr'><strong>in</strong></span> <span class='ocrx_word' id='word_1_246' title='bbox 1651 3326 1734 3364; x_wconf 91' lang='lat' dir='ltr'><strong>eos</strong></span> <span class='ocrx_word' id='word_1_247' title='bbox 1754 3324 1864 3360; x_wconf 84' lang='lat' dir='ltr'><strong>nia-</strong></span> 
     </span>
    </p>
   </div>
   <div class='ocr_carea' id='block_1_36' title="bbox 290 3406 1865 3490">
    <p class='ocr_par' dir='ltr' id='par_1_36' title="bbox 290 3406 1865 3490">
     <span class='ocr_line' id='line_1_36' title="bbox 290 3406 1865 3490; baseline -0.015 -13"><span class='ocrx_word' id='word_1_248' title='bbox 290 3440 379 3476; x_wconf 70' lang='lat' dir='ltr'><strong>nus</strong></span> <span class='ocrx_word' id='word_1_249' title='bbox 402 3464 416 3485; x_wconf 90' lang='lat'><strong>,</strong></span> <span class='ocrx_word' id='word_1_250' title='bbox 445 3432 489 3472; x_wconf 81' lang='lat' dir='ltr'><strong>et</strong></span> <span class='ocrx_word' id='word_1_251' title='bbox 519 3426 793 3490; x_wconf 85' lang='lat' dir='ltr'><strong>posuerunt</strong></span> <span class='ocrx_word' id='word_1_252' title='bbox 821 3432 905 3469; x_wconf 91' lang='lat' dir='ltr'><strong>eos</strong></span> <span class='ocrx_word' id='word_1_253' title='bbox 930 3432 984 3469; x_wconf 85' lang='lat' dir='ltr'><strong>tn</strong></span> <span class='ocrx_word' id='word_1_254' title='bbox 1015 3411 1293 3467; x_wconf 87' lang='lat' dir='ltr'><strong>custodiam</strong></span> <span class='ocrx_word' id='word_1_255' title='bbox 1318 3410 1373 3463; x_wconf 86' lang='lat' dir='ltr'><strong>in</strong></span> <span class='ocrx_word' id='word_1_256' title='bbox 1414 3406 1690 3461; x_wconf 87' lang='lat' dir='ltr'><strong>crastinum</strong></span> <span class='ocrx_word' id='word_1_257' title='bbox 1713 3418 1731 3457; x_wconf 93' lang='lat'><strong><em>:</em></strong></span> <span class='ocrx_word' id='word_1_258' title='bbox 1757 3410 1865 3455; x_wconf 87' lang='lat' dir='ltr'><strong>erat</strong></span> 
     </span>
    </p>
   </div>
   <div class='ocr_carea' id='block_1_37' title="bbox 283 3497 1866 3583">
    <p class='ocr_par' dir='ltr' id='par_1_37' title="bbox 283 3497 1866 3583">
     <span class='ocr_line' id='line_1_37' title="bbox 283 3497 1866 3583; baseline -0.013 -14"><span class='ocrx_word' id='word_1_259' title='bbox 283 3518 415 3569; x_wconf 79' lang='lat' dir='ltr'><strong>enim</strong></span> <span class='ocrx_word' id='word_1_260' title='bbox 450 3516 566 3583; x_wconf 85' lang='lat' dir='ltr'><strong>jam</strong></span> <span class='ocrx_word' id='word_1_261' title='bbox 619 3527 847 3579; x_wconf 84' lang='lat' dir='ltr'><strong>vespera.</strong></span> <span class='ocrx_word' id='word_1_262' title='bbox 895 3508 938 3563; x_wconf 91' lang='grc' dir='ltr'><strong>Ο</strong></span> <span class='ocrx_word' id='word_1_263' title='bbox 988 3503 1407 3574; x_wconf 86' lang='lat' dir='ltr'><strong>impudentiam!</strong></span> <span class='ocrx_word' id='word_1_264' title='bbox 1454 3500 1644 3555; x_wconf 89' lang='lat' dir='ltr'><strong>Adhuc</strong></span> <span class='ocrx_word' id='word_1_265' title='bbox 1690 3497 1866 3566; x_wconf 87' lang='lat' dir='ltr'><strong>priore</strong></span> 
     </span>
    </p>
   </div>
   <div class='ocr_carea' id='block_1_38' title="bbox 286 3589 1866 3678">
    <p class='ocr_par' dir='ltr' id='par_1_38' title="bbox 286 3589 1866 3678">
     <span class='ocr_line' id='line_1_38' title="bbox 286 3589 1866 3678; baseline -0.015 -15"><span class='ocrx_word' id='word_1_266' title='bbox 286 3608 547 3678; x_wconf 77' lang='lat' dir='ltr'><strong>sanguine</strong></span> <span class='ocrx_word' id='word_1_267' title='bbox 602 3605 786 3673; x_wconf 90' lang='lat' dir='ltr'><strong>plenas</strong></span> <span class='ocrx_word' id='word_1_268' title='bbox 839 3616 1028 3655; x_wconf 87' lang='lat' dir='ltr'><strong>manus</strong></span> <span class='ocrx_word' id='word_1_269' title='bbox 1078 3596 1390 3656; x_wconf 90' lang='lat' dir='ltr'><strong>habebant,</strong></span> <span class='ocrx_word' id='word_1_270' title='bbox 1448 3607 1547 3647; x_wconf 89' lang='lat' dir='ltr'><strong>nec</strong></span> <span class='ocrx_word' id='word_1_271' title='bbox 1592 3589 1866 3659; x_wconf 87' lang='lat' dir='ltr'><strong>segniores</strong></span> 
     </span>
    </p>
   </div>
   <div class='ocr_carea' id='block_1_39' title="bbox 291 3680 1868 3766">
    <p class='ocr_par' dir='ltr' id='par_1_39' title="bbox 291 3680 1868 3766">
     <span class='ocr_line' id='line_1_39' title="bbox 291 3680 1868 3766; baseline -0.013 -11"><span class='ocrx_word' id='word_1_272' title='bbox 291 3712 446 3757; x_wconf 80' lang='lat' dir='ltr'><strong>erant</strong></span> <span class='ocrx_word' id='word_1_273' title='bbox 470 3742 484 3763; x_wconf 92' lang='lat'><strong>,</strong></span> <span class='ocrx_word' id='word_1_274' title='bbox 518 3699 615 3753; x_wconf 81' lang='lat' dir='ltr'><strong>sed</strong></span> <span class='ocrx_word' id='word_1_275' title='bbox 648 3697 942 3766; x_wconf 85' lang='lat' dir='ltr'><strong>injeccrunt</strong></span> <span class='ocrx_word' id='word_1_276' title='bbox 971 3693 1146 3747; x_wconf 89' lang='lat' dir='ltr'><strong>denuo</strong></span> <span class='ocrx_word' id='word_1_277' title='bbox 1174 3690 1291 3743; x_wconf 87' lang='lat' dir='ltr'><strong>illas</strong></span> <span class='ocrx_word' id='word_1_278' title='bbox 1316 3729 1331 3747; x_wconf 91' lang='lat'><strong>,</strong></span> <span class='ocrx_word' id='word_1_279' title='bbox 1374 3696 1428 3739; x_wconf 90' lang='lat' dir='ltr'><strong>nt</strong></span> <span class='ocrx_word' id='word_1_280' title='bbox 1471 3685 1575 3737; x_wconf 89' lang='lat' dir='ltr'><strong>alio</strong></span> <span class='ocrx_word' id='word_1_281' title='bbox 1613 3680 1868 3751; x_wconf 83' lang='lat' dir='ltr'><strong>sanguine</strong></span> 
     </span>
    </p>
   </div>
   <div class='ocr_carea' id='block_1_40' title="bbox 288 3776 1866 3863">
    <p class='ocr_par' dir='ltr' id='par_1_40' title="bbox 288 3776 1866 3863">
     <span class='ocr_line' id='line_1_40' title="bbox 288 3776 1866 3863; baseline -0.014 -16"><span class='ocrx_word' id='word_1_282' title='bbox 288 3795 579 3863; x_wconf 85' lang='lat' dir='ltr'><strong>implerent</strong></span> <span class='ocrx_word' id='word_1_283' title='bbox 604 3809 619 3849; x_wconf 87' lang='lat'><strong>;</strong></span> <span class='ocrx_word' id='word_1_284' title='bbox 648 3790 730 3843; x_wconf 85' lang='lat' dir='ltr'><strong>vel</strong></span> <span class='ocrx_word' id='word_1_285' title='bbox 757 3788 978 3840; x_wconf 87' lang='lat' dir='ltr'><strong>fortasse</strong></span> <span class='ocrx_word' id='word_1_286' title='bbox 1009 3784 1130 3853; x_wconf 84' lang='lat' dir='ltr'><strong>quia</strong></span> <span class='ocrx_word' id='word_1_287' title='bbox 1164 3783 1236 3835; x_wconf 93' lang='lat' dir='ltr'><strong>illi</strong></span> <span class='ocrx_word' id='word_1_288' title='bbox 1256 3781 1364 3850; x_wconf 87' lang='lat' dir='ltr'><strong>jam</strong></span> <span class='ocrx_word' id='word_1_289' title='bbox 1392 3776 1727 3833; x_wconf 85' lang='lat' dir='ltr'><strong>multitudine</strong></span> <span class='ocrx_word' id='word_1_290' title='bbox 1747 3789 1866 3827; x_wconf 88' lang='lat' dir='ltr'><strong>cre-</strong></span> 
     </span>
    </p>
   </div>
   <div class='ocr_carea' id='block_1_41' title="bbox 288 3868 1870 3946">
    <p class='ocr_par' dir='ltr' id='par_1_41' title="bbox 288 3868 1870 3946">
     <span class='ocr_line' id='line_1_41' title="bbox 288 3868 1870 3946; baseline -0.011 -10"><span class='ocrx_word' id='word_1_291' title='bbox 288 3892 499 3945; x_wconf 72' lang='lat' dir='ltr'><strong>verant.</strong></span> <span class='ocrx_word' id='word_1_292' title='bbox 530 3883 841 3943; x_wconf 87' lang='lat' dir='ltr'><strong>timuerunt,</strong></span> <span class='ocrx_word' id='word_1_293' title='bbox 869 3877 1093 3946; x_wconf 89' lang='lat' dir='ltr'><strong>ideoque</strong></span> <span class='ocrx_word' id='word_1_294' title='bbox 1113 3873 1452 3943; x_wconf 79' lang='lat' dir='ltr'><strong>magistratus</strong></span> <span class='ocrx_word' id='word_1_295' title='bbox 1483 3868 1659 3936; x_wconf 87' lang='lat' dir='ltr'><strong>templi</strong></span> <span class='ocrx_word' id='word_1_296' title='bbox 1692 3880 1870 3934; x_wconf 81' lang='lat' dir='ltr'><strong>super-</strong></span> 
     </span>
    </p>
   </div>
   <div class='ocr_carea' id='block_1_42' title="bbox 287 3958 1871 4040">
    <p class='ocr_par' dir='ltr' id='par_1_42' title="bbox 287 3958 1871 4040">
     <span class='ocr_line' id='line_1_42' title="bbox 287 3958 1871 4040; baseline -0.012 -11"><span class='ocrx_word' id='word_1_297' title='bbox 287 3978 455 4031; x_wconf 88' lang='lat' dir='ltr'><strong>venit.</strong></span> <span class='ocrx_word' id='word_1_298' title='bbox 489 3975 619 4029; x_wconf 85' lang='lat' dir='ltr'><strong>Erat</strong></span> <span class='ocrx_word' id='word_1_299' title='bbox 656 3972 790 4026; x_wconf 89' lang='lat' dir='ltr'><strong>enim</strong></span> <span class='ocrx_word' id='word_1_300' title='bbox 812 4012 826 4034; x_wconf 88' lang='lat'><strong>,</strong></span> <span class='ocrx_word' id='word_1_301' title='bbox 860 3971 1067 4040; x_wconf 88' lang='lat' dir='ltr'><strong>inquit,</strong></span> <span class='ocrx_word' id='word_1_302' title='bbox 1107 3969 1219 4034; x_wconf 89' lang='lat' dir='ltr'><strong>jam</strong></span> <span class='ocrx_word' id='word_1_303' title='bbox 1251 3978 1474 4033; x_wconf 80' lang='lat' dir='ltr'><strong>vespera.</strong></span> <span class='ocrx_word' id='word_1_304' title='bbox 1502 3958 1579 4013; x_wconf 88' lang='lat' dir='ltr'><strong>Illi</strong></span> <span class='ocrx_word' id='word_1_305' title='bbox 1625 3972 1750 4011; x_wconf 89' lang='lat' dir='ltr'><strong>vero</strong></span> <span class='ocrx_word' id='word_1_306' title='bbox 1779 3970 1871 4010; x_wconf 85' lang='lat' dir='ltr'><strong>vo-</strong></span> 
     </span>
    </p>
   </div>
   <div class='ocr_carea' id='block_1_43' title="bbox 287 4051 1866 4133">
    <p class='ocr_par' dir='ltr' id='par_1_43' title="bbox 287 4051 1866 4133">
     <span class='ocr_line' id='line_1_43' title="bbox 287 4051 1866 4133; baseline -0.015 -8"><span class='ocrx_word' id='word_1_307' title='bbox 287 4072 467 4125; x_wconf 79' lang='lat' dir='ltr'><strong>lentes</strong></span> <span class='ocrx_word' id='word_1_308' title='bbox 501 4083 599 4121; x_wconf 89' lang='lat' dir='ltr'><strong>eos</strong></span> <span class='ocrx_word' id='word_1_309' title='bbox 642 4066 883 4133; x_wconf 86' lang='lat' dir='ltr'><strong>mitigare</strong></span> <span class='ocrx_word' id='word_1_310' title='bbox 911 4103 926 4125; x_wconf 86' lang='lat'><strong>,</strong></span> <span class='ocrx_word' id='word_1_311' title='bbox 966 4061 1044 4115; x_wconf 90' lang='lat' dir='ltr'><strong>sic</strong></span> <span class='ocrx_word' id='word_1_312' title='bbox 1087 4058 1349 4113; x_wconf 87' lang='lat' dir='ltr'><strong>faciebant</strong></span> <span class='ocrx_word' id='word_1_313' title='bbox 1375 4063 1430 4109; x_wconf 90' lang='lat' dir='ltr'><strong>et</strong></span> <span class='ocrx_word' id='word_1_314' title='bbox 1465 4051 1866 4107; x_wconf 77' lang='lat' dir='ltr'><strong>custodiebant:</strong></span> 
     </span>
    </p>
   </div>
   <div class='ocr_carea' id='block_1_44' title="bbox 287 4141 1869 4230">
    <p class='ocr_par' dir='ltr' id='par_1_44' title="bbox 287 4141 1869 4230">
     <span class='ocr_line' id='line_1_44' title="bbox 287 4141 1869 4230; baseline -0.013 -15"><span class='ocrx_word' id='word_1_315' title='bbox 287 4161 568 4230; x_wconf 83' lang='lat' dir='ltr'><strong>apostolos</strong></span> <span class='ocrx_word' id='word_1_316' title='bbox 594 4169 773 4212; x_wconf 85' lang='lat' dir='ltr'><strong>autem</strong></span> <span class='ocrx_word' id='word_1_317' title='bbox 801 4154 1113 4210; x_wconf 86' lang='lat' dir='ltr'><strong>audaciores</strong></span> <span class='ocrx_word' id='word_1_318' title='bbox 1139 4148 1391 4204; x_wconf 86' lang='lat' dir='ltr'><strong>reddebat</strong></span> <span class='ocrx_word' id='word_1_319' title='bbox 1421 4160 1566 4199; x_wconf 88' lang='lat' dir='ltr'><strong>mora</strong></span> <span class='ocrx_word' id='word_1_320' title='bbox 1596 4141 1869 4211; x_wconf 88' lang='lat' dir='ltr'><strong>temporis.</strong></span> 
     </span>
    </p>
   </div>
   <div class='ocr_carea' id='block_1_45' title="bbox 290 4234 1870 4319">
    <p class='ocr_par' dir='ltr' id='par_1_45' title="bbox 290 4234 1870 4319">
     <span class='ocr_line' id='line_1_45' title="bbox 290 4234 1870 4319; baseline -0.016 -9"><span class='ocrx_word' id='word_1_321' title='bbox 290 4256 365 4310; x_wconf 80' lang='lat' dir='ltr'><strong>Et</strong></span> <span class='ocrx_word' id='word_1_322' title='bbox 407 4253 528 4307; x_wconf 82' lang='lat' dir='ltr'><strong>vide</strong></span> <span class='ocrx_word' id='word_1_323' title='bbox 563 4294 581 4317; x_wconf 94' lang='lat'><strong>,</strong></span> <span class='ocrx_word' id='word_1_324' title='bbox 630 4249 846 4319; x_wconf 91' lang='lat' dir='ltr'><strong>quinam</strong></span> <span class='ocrx_word' id='word_1_325' title='bbox 892 4240 1410 4313; x_wconf 89' lang='lat' dir='ltr'><strong>comprehendantur</strong></span> <span class='ocrx_word' id='word_1_326' title='bbox 1448 4255 1463 4292; x_wconf 90' lang='lat'><strong>:</strong></span> <span class='ocrx_word' id='word_1_327' title='bbox 1509 4234 1870 4304; x_wconf 89' lang='lat' dir='ltr'><strong>apostolorum</strong></span> 
     </span>
    </p>
   </div>
   <div class='ocr_carea' id='block_1_46' title="bbox 286 4325 1874 4417">
    <p class='ocr_par' dir='ltr' id='par_1_46' title="bbox 286 4325 1874 4417">
     <span class='ocr_line' id='line_1_46' title="bbox 286 4325 1874 4417; baseline -0.016 -17"><span class='ocrx_word' id='word_1_328' title='bbox 286 4345 568 4417; x_wconf 69' lang='grc' dir='ltr'><strong>ουηριιςιιὶ</strong></span> <span class='ocrx_word' id='word_1_329' title='bbox 597 4384 611 4406; x_wconf 82' lang='grc'><em>,</em></span> <span class='ocrx_word' id='word_1_330' title='bbox 639 4342 759 4395; x_wconf 77' lang='lat' dir='ltr'><strong>aliis</strong></span> <span class='ocrx_word' id='word_1_331' title='bbox 787 4348 968 4410; x_wconf 90' lang='lat' dir='ltr'><strong>postea</strong></span> <span class='ocrx_word' id='word_1_332' title='bbox 1016 4332 1317 4402; x_wconf 83' lang='lat' dir='ltr'><strong>exemplum</strong></span> <span class='ocrx_word' id='word_1_333' title='bbox 1362 4327 1483 4384; x_wconf 85' lang='lat' dir='ltr'><strong>facti</strong></span> <span class='ocrx_word' id='word_1_334' title='bbox 1507 4368 1522 4391; x_wconf 88' lang='lat'><strong>,</strong></span> <span class='ocrx_word' id='word_1_335' title='bbox 1553 4342 1620 4380; x_wconf 90' lang='lat' dir='ltr'><strong>ne</strong></span> <span class='ocrx_word' id='word_1_336' title='bbox 1651 4325 1783 4378; x_wconf 89' lang='lat' dir='ltr'><strong>ultra</strong></span> <span class='ocrx_word' id='word_1_337' title='bbox 1814 4337 1874 4377; x_wconf 91' lang='lat' dir='ltr'><strong>se</strong></span> 
     </span>
    </p>
   </div>
   <div class='ocr_carea' id='block_1_47' title="bbox 290 4416 1873 4505">
    <p class='ocr_par' dir='ltr' id='par_1_47' title="bbox 290 4416 1873 4505">
     <span class='ocr_line' id='line_1_47' title="bbox 290 4416 1873 4505; baseline -0.015 -13"><span class='ocrx_word' id='word_1_338' title='bbox 290 4416 486 4493; x_wconf 84' lang='lat' dir='ltr'><strong>mutuo</strong></span> <span class='ocrx_word' id='word_1_339' title='bbox 514 4436 814 4505; x_wconf 72' lang='lat' dir='ltr'><strong>inquirant,</strong></span> <span class='ocrx_word' id='word_1_340' title='bbox 843 4445 1013 4500; x_wconf 89' lang='lat' dir='ltr'><strong>neque</strong></span> <span class='ocrx_word' id='word_1_341' title='bbox 1042 4425 1394 4482; x_wconf 91' lang='lat' dir='ltr'><strong>communiter</strong></span> <span class='ocrx_word' id='word_1_342' title='bbox 1431 4429 1605 4490; x_wconf 84' lang='lat' dir='ltr'><strong>agant.</strong></span> <span class='ocrx_word' id='word_1_343' title='bbox 1637 4418 1689 4473; x_wconf 73' lang='grc'><strong>4.</strong></span> <span class='ocrx_word' id='word_1_344' title='bbox 1722 4416 1873 4470; x_wconf 78' lang='lat' dir='ltr'><strong>Multi</strong></span> 
     </span>
    </p>
   </div>
   <div class='ocr_carea' id='block_1_48' title="bbox 283 4510 1874 4589">
    <p class='ocr_par' dir='ltr' id='par_1_48' title="bbox 283 4510 1874 4589">
     <span class='ocr_line' id='line_1_48' title="bbox 283 4510 1874 4589; baseline -0.016 -4"><span class='ocrx_word' id='word_1_345' title='bbox 283 4542 467 4584; x_wconf 65' lang='lat' dir='ltr'><strong>autem</strong></span> <span class='ocrx_word' id='word_1_346' title='bbox 493 4544 667 4581; x_wconf 79' lang='lat' dir='ltr'><strong>eorum</strong></span> <span class='ocrx_word' id='word_1_347' title='bbox 688 4567 703 4588; x_wconf 91' lang='lat'><strong>,</strong></span> <span class='ocrx_word' id='word_1_348' title='bbox 748 4524 833 4589; x_wconf 86' lang='lat' dir='ltr'><strong>qui</strong></span> <span class='ocrx_word' id='word_1_349' title='bbox 872 4521 1136 4575; x_wconf 84' lang='lat' dir='ltr'><strong>audierant</strong></span> <span class='ocrx_word' id='word_1_350' title='bbox 1174 4516 1374 4569; x_wconf 78' lang='lat' dir='ltr'><strong>verbum</strong></span> <span class='ocrx_word' id='word_1_351' title='bbox 1399 4554 1413 4575; x_wconf 91' lang='lat'><strong>,</strong></span> <span class='ocrx_word' id='word_1_352' title='bbox 1440 4510 1757 4565; x_wconf 86' lang='lat' dir='ltr'><strong>crediderunt</strong></span> <span class='ocrx_word' id='word_1_353' title='bbox 1780 4549 1797 4574; x_wconf 95' lang='lat'><strong>,</strong></span> <span class='ocrx_word' id='word_1_354' title='bbox 1827 4516 1874 4560; x_wconf 86' lang='lat' dir='ltr'><strong>et</strong></span> 
     </span>
    </p>
   </div>
   <div class='ocr_carea' id='block_1_49' title="bbox 283 4599 1744 4693">
    <p class='ocr_par' dir='ltr' id='par_1_49' title="bbox 283 4599 1744 4693">
     <span class='ocr_line' id='line_1_49' title="bbox 283 4599 1744 4693; baseline -0.017 -17"><span class='ocrx_word' id='word_1_355' title='bbox 283 4629 465 4693; x_wconf 79' lang='lat' dir='ltr'><strong>{actus</strong></span> <span class='ocrx_word' id='word_1_356' title='bbox 488 4629 564 4673; x_wconf 84' lang='lat' dir='ltr'><strong>est</strong></span> <span class='ocrx_word' id='word_1_357' title='bbox 592 4631 829 4671; x_wconf 72' lang='lat' dir='ltr'><strong>numerus</strong></span> <span class='ocrx_word' id='word_1_358' title='bbox 857 4614 1076 4666; x_wconf 81' lang='lat' dir='ltr'><strong>uirorum</strong></span> <span class='ocrx_word' id='word_1_359' title='bbox 1105 4608 1298 4662; x_wconf 78' lang='lat' dir='ltr'><strong>circiter</strong></span> <span class='ocrx_word' id='word_1_360' title='bbox 1322 4605 1538 4676; x_wconf 83' lang='lat' dir='ltr'><strong>quinque</strong></span> <span class='ocrx_word' id='word_1_361' title='bbox 1564 4599 1744 4654; x_wconf 87' lang='lat' dir='ltr'><strong>millia.</strong></span> 
     </span>
    </p>
   </div>
   <div class='ocr_carea' id='block_1_50' title="bbox 375 4691 1875 4766">
    <p class='ocr_par' dir='ltr' id='par_1_50' title="bbox 375 4691 1875 4766">
     <span class='ocr_line' id='line_1_50' title="bbox 375 4691 1875 4766; baseline -0.013 -2"><span class='ocrx_word' id='word_1_362' title='bbox 375 4711 518 4766; x_wconf 82' lang='lat' dir='ltr'><strong>Petri</strong></span> <span class='ocrx_word' id='word_1_363' title='bbox 560 4710 614 4762; x_wconf 87' lang='lat' dir='ltr'><strong>in</strong></span> <span class='ocrx_word' id='word_1_364' title='bbox 640 4704 985 4761; x_wconf 82' lang='lat' dir='ltr'><strong>concianando</strong></span> <span class='ocrx_word' id='word_1_365' title='bbox 1024 4703 1115 4754; x_wconf 86' lang='lat' dir='ltr'><strong>vis.</strong></span> <span class='ocrx_word' id='word_1_366' title='bbox 1144 4697 1368 4765; x_wconf 85' lang='lat' dir='ltr'><strong>—Quid</strong></span> <span class='ocrx_word' id='word_1_367' title='bbox 1414 4695 1551 4749; x_wconf 85' lang='lat' dir='ltr'><strong>hoc?</strong></span> <span class='ocrx_word' id='word_1_368' title='bbox 1582 4708 1707 4747; x_wconf 88' lang='lat' dir='ltr'><strong>num</strong></span> <span class='ocrx_word' id='word_1_369' title='bbox 1758 4691 1875 4744; x_wconf 90' lang='lat' dir='ltr'><strong>illos</strong></span> 
     </span>
    </p>
   </div>
   <div class='ocr_carea' id='block_1_51' title="bbox 277 4785 1868 4872">
    <p class='ocr_par' dir='ltr' id='par_1_51' title="bbox 277 4785 1868 4872">
     <span class='ocr_line' id='line_1_51' title="bbox 277 4785 1868 4872; baseline -0.017 -10"><span class='ocrx_word' id='word_1_370' title='bbox 277 4804 620 4872; x_wconf 74' lang='lat' dir='ltr'><strong>conspicuos</strong></span> <span class='ocrx_word' id='word_1_371' title='bbox 653 4796 940 4853; x_wconf 79' lang='lat' dir='ltr'><strong>videbant?</strong></span> <span class='ocrx_word' id='word_1_372' title='bbox 972 4808 1145 4847; x_wconf 85' lang='lat' dir='ltr'><strong>annon</strong></span> <span class='ocrx_word' id='word_1_373' title='bbox 1192 4788 1413 4860; x_wconf 70' lang='lat' dir='ltr'><strong>ligatos?</strong></span> <span class='ocrx_word' id='word_1_374' title='bbox 1442 4785 1708 4857; x_wconf 86' lang='lat' dir='ltr'><strong>quomodo</strong></span> <span class='ocrx_word' id='word_1_375' title='bbox 1736 4797 1868 4852; x_wconf 86' lang='lat' dir='ltr'><strong>ergo</strong></span> 
     </span>
    </p>
   </div>
   <div class='ocr_carea' id='block_1_52' title="bbox 279 4872 1874 4953">
    <p class='ocr_par' dir='ltr' id='par_1_52' title="bbox 279 4872 1874 4953">
     <span class='ocr_line' id='line_1_52' title="bbox 279 4872 1874 4953; baseline -0.018 0"><span class='ocrx_word' id='word_1_376' title='bbox 279 4890 689 4953; x_wconf 82' lang='lat' dir='ltr'><strong>crediderunt?</strong></span> <span class='ocrx_word' id='word_1_377' title='bbox 722 4887 903 4942; x_wconf 73' lang='lat' dir='ltr'><strong>Viden’</strong></span> <span class='ocrx_word' id='word_1_378' title='bbox 951 4883 1285 4940; x_wconf 83' lang='lat' dir='ltr'><strong>manifestam</strong></span> <span class='ocrx_word' id='word_1_379' title='bbox 1334 4875 1669 4934; x_wconf 79' lang='lat' dir='ltr'><strong>efﬁcaciam?</strong></span> <span class='ocrx_word' id='word_1_380' title='bbox 1716 4872 1874 4942; x_wconf 85' lang='lat' dir='ltr'><strong>Atqui</strong></span> 
     </span>
    </p>
   </div>
   <div class='ocr_carea' id='block_1_53' title="bbox 276 4964 1872 5054">
    <p class='ocr_par' dir='ltr' id='par_1_53' title="bbox 276 4964 1872 5054">
     <span class='ocr_line' id='line_1_53' title="bbox 276 4964 1872 5054; baseline -0.019 -8"><span class='ocrx_word' id='word_1_381' title='bbox 276 5003 431 5054; x_wconf 80' lang='lat' dir='ltr'><strong>eos,</strong></span> <span class='ocrx_word' id='word_1_382' title='bbox 464 4989 555 5054; x_wconf 87' lang='lat' dir='ltr'><strong>qui</strong></span> <span class='ocrx_word' id='word_1_383' title='bbox 605 4973 981 5039; x_wconf 80' lang='lat' dir='ltr'><strong>crediderant,</strong></span> <span class='ocrx_word' id='word_1_384' title='bbox 1027 4973 1308 5044; x_wconf 86' lang='lat' dir='ltr'><strong>oportebat</strong></span> <span class='ocrx_word' id='word_1_385' title='bbox 1358 4965 1675 5023; x_wconf 88' lang='lat' dir='ltr'><strong>infirmiores</strong></span> <span class='ocrx_word' id='word_1_386' title='bbox 1719 4964 1872 5029; x_wconf 84' lang='lat' dir='ltr'><strong>ﬁeri;</strong></span> 
     </span>
    </p>
   </div>
   <div class='ocr_carea' id='block_1_54' title="bbox 279 5057 1871 5135">
    <p class='ocr_par' dir='ltr' id='par_1_54' title="bbox 279 5057 1871 5135">
     <span class='ocr_line' id='line_1_54' title="bbox 279 5057 1871 5135; baseline -0.018 0"><span class='ocrx_word' id='word_1_387' title='bbox 279 5080 392 5134; x_wconf 76' lang='lat' dir='ltr'><strong>sed</strong></span> <span class='ocrx_word' id='word_1_388' title='bbox 415 5093 526 5131; x_wconf 88' lang='lat' dir='ltr'><strong>non</strong></span> <span class='ocrx_word' id='word_1_389' title='bbox 549 5076 619 5128; x_wconf 85' lang='lat' dir='ltr'><strong>ita</strong></span> <span class='ocrx_word' id='word_1_390' title='bbox 649 5073 746 5126; x_wconf 90' lang='lat' dir='ltr'><strong>fuit</strong></span> <span class='ocrx_word' id='word_1_391' title='bbox 768 5090 781 5123; x_wconf 87' lang='lat'><strong>:</strong></span> <span class='ocrx_word' id='word_1_392' title='bbox 812 5070 949 5125; x_wconf 80' lang='lat' dir='ltr'><strong>Petri</strong></span> <span class='ocrx_word' id='word_1_393' title='bbox 987 5079 1213 5135; x_wconf 89' lang='lat' dir='ltr'><strong>namque</strong></span> <span class='ocrx_word' id='word_1_394' title='bbox 1236 5063 1421 5117; x_wconf 88' lang='lat' dir='ltr'><strong>concio</strong></span> <span class='ocrx_word' id='word_1_395' title='bbox 1441 5058 1644 5115; x_wconf 85' lang='lat' dir='ltr'><strong>semina</strong></span> <span class='ocrx_word' id='word_1_396' title='bbox 1667 5057 1719 5110; x_wconf 91' lang='lat' dir='ltr'><strong>in</strong></span> <span class='ocrx_word' id='word_1_397' title='bbox 1743 5071 1871 5125; x_wconf 88' lang='lat' dir='ltr'><strong>pro-</strong></span> 
     </span>
    </p>
   </div>
   <div class='ocr_carea' id='block_1_55' title="bbox 276 5148 1876 5237">
    <p class='ocr_par' dir='ltr' id='par_1_55' title="bbox 276 5148 1876 5237">
     <span class='ocr_line' id='line_1_55' title="bbox 276 5148 1876 5237; baseline -0.017 -9"><span class='ocrx_word' id='word_1_398' title='bbox 276 5172 523 5228; x_wconf 82' lang='lat' dir='ltr'><strong>fundum</strong></span> <span class='ocrx_word' id='word_1_399' title='bbox 568 5169 806 5237; x_wconf 74' lang='lat' dir='ltr'><strong>iecerat,</strong></span> <span class='ocrx_word' id='word_1_400' title='bbox 857 5171 1197 5227; x_wconf 86' lang='lat' dir='ltr'><strong>mentemque</strong></span> <span class='ocrx_word' id='word_1_401' title='bbox 1244 5156 1453 5210; x_wconf 88' lang='lat' dir='ltr'><strong>illorum</strong></span> <span class='ocrx_word' id='word_1_402' title='bbox 1503 5154 1769 5208; x_wconf 82' lang='lat' dir='ltr'><strong>aliecerat.</strong></span> <span class='ocrx_word' id='word_1_403' title='bbox 1800 5148 1876 5201; x_wconf 91' lang='lat' dir='ltr'><strong>llli</strong></span> 
     </span>
    </p>
   </div>
   <div class='ocr_carea' id='block_1_56' title="bbox 279 5244 1876 5320">
    <p class='ocr_par' dir='ltr' id='par_1_56' title="bbox 279 5244 1876 5320">
     <span class='ocr_line' id='line_1_56' title="bbox 279 5244 1876 5320; baseline -0.018 -2"><span class='ocrx_word' id='word_1_404' title='bbox 279 5278 431 5318; x_wconf 74' lang='lat' dir='ltr'><strong>vero</strong></span> <span class='ocrx_word' id='word_1_405' title='bbox 454 5260 576 5314; x_wconf 87' lang='lat' dir='ltr'><strong>ideo</strong></span> <span class='ocrx_word' id='word_1_406' title='bbox 599 5254 984 5317; x_wconf 85' lang='lat' dir='ltr'><strong>succensehant</strong></span> <span class='ocrx_word' id='word_1_407' title='bbox 1002 5291 1016 5315; x_wconf 92' lang='lat'><strong>,</strong></span> <span class='ocrx_word' id='word_1_408' title='bbox 1045 5248 1183 5320; x_wconf 89' lang='lat' dir='ltr'><strong>quod</strong></span> <span class='ocrx_word' id='word_1_409' title='bbox 1212 5263 1316 5301; x_wconf 91' lang='lat' dir='ltr'><strong>non</strong></span> <span class='ocrx_word' id='word_1_410' title='bbox 1348 5245 1416 5299; x_wconf 87' lang='lat' dir='ltr'><strong>ab</strong></span> <span class='ocrx_word' id='word_1_411' title='bbox 1442 5244 1547 5298; x_wconf 87' lang='lat' dir='ltr'><strong>illis</strong></span> <span class='ocrx_word' id='word_1_412' title='bbox 1572 5251 1876 5296; x_wconf 86' lang='lat' dir='ltr'><strong>metueren-</strong></span> 
     </span>
    </p>
   </div>
   <div class='ocr_carea' id='block_1_57' title="bbox 279 5339 1875 5425">
    <p class='ocr_par' dir='ltr' id='par_1_57' title="bbox 279 5339 1875 5425">
     <span class='ocr_line' id='line_1_57' title="bbox 279 5339 1875 5425; baseline -0.018 -12"><span class='ocrx_word' id='word_1_413' title='bbox 279 5372 409 5422; x_wconf 80' lang='lat' dir='ltr'><strong>tur,</strong></span> <span class='ocrx_word' id='word_1_414' title='bbox 428 5356 681 5425; x_wconf 90' lang='lat' dir='ltr'><strong>quodque</strong></span> <span class='ocrx_word' id='word_1_415' title='bbox 699 5350 772 5404; x_wconf 92' lang='lat' dir='ltr'><strong>illi</strong></span> <span class='ocrx_word' id='word_1_416' title='bbox 793 5345 1069 5417; x_wconf 68' lang='lat' dir='ltr'><strong>praisentia</strong></span> <span class='ocrx_word' id='word_1_417' title='bbox 1090 5344 1225 5396; x_wconf 88' lang='lat' dir='ltr'><strong>mala</strong></span> <span class='ocrx_word' id='word_1_418' title='bbox 1251 5356 1344 5409; x_wconf 91' lang='lat' dir='ltr'><strong>pro</strong></span> <span class='ocrx_word' id='word_1_419' title='bbox 1364 5339 1527 5392; x_wconf 84' lang='lat' dir='ltr'><strong>nihilo</strong></span> <span class='ocrx_word' id='word_1_420' title='bbox 1547 5341 1875 5404; x_wconf 78' lang='lat' dir='ltr'><strong>reputarent.</strong></span> 
     </span>
    </p>
   </div>
   <div class='ocr_carea' id='block_1_58' title="bbox 277 5425 1879 5507">
    <p class='ocr_par' dir='ltr' id='par_1_58' title="bbox 277 5425 1879 5507">
     <span class='ocr_line' id='line_1_58' title="bbox 277 5425 1879 5507; baseline -0.021 1"><span class='ocrx_word' id='word_1_421' title='bbox 277 5453 354 5507; x_wconf 80' lang='lat' dir='ltr'><strong>Si</strong></span> <span class='ocrx_word' id='word_1_422' title='bbox 388 5449 534 5504; x_wconf 89' lang='lat' dir='ltr'><strong>enim</strong></span> <span class='ocrx_word' id='word_1_423' title='bbox 557 5442 845 5500; x_wconf 80' lang='lat' dir='ltr'><strong>cruciﬁxus</strong></span> <span class='ocrx_word' id='word_1_424' title='bbox 866 5481 881 5504; x_wconf 95' lang='lat'><strong>,</strong></span> <span class='ocrx_word' id='word_1_425' title='bbox 909 5436 1120 5491; x_wconf 81' lang='lat' dir='ltr'><strong>aiebant</strong></span> <span class='ocrx_word' id='word_1_426' title='bbox 1145 5475 1159 5497; x_wconf 94' lang='lat'><strong>,</strong></span> <span class='ocrx_word' id='word_1_427' title='bbox 1193 5433 1310 5485; x_wconf 89' lang='lat' dir='ltr'><strong>talia</strong></span> <span class='ocrx_word' id='word_1_428' title='bbox 1340 5438 1590 5499; x_wconf 79' lang='lat' dir='ltr'><strong>operatur</strong></span> <span class='ocrx_word' id='word_1_429' title='bbox 1609 5468 1624 5491; x_wconf 95' lang='lat'><strong>,</strong></span> <span class='ocrx_word' id='word_1_430' title='bbox 1655 5435 1708 5479; x_wconf 91' lang='lat' dir='ltr'><strong>et</strong></span> <span class='ocrx_word' id='word_1_431' title='bbox 1736 5425 1879 5477; x_wconf 85' lang='lat' dir='ltr'><strong>clau-</strong></span> 
     </span>
    </p>
   </div>
   <div class='ocr_carea' id='block_1_59' title="bbox 275 5517 1882 5610">
    <p class='ocr_par' dir='ltr' id='par_1_59' title="bbox 275 5517 1882 5610">
     <span class='ocr_line' id='line_1_59' title="bbox 275 5517 1882 5610; baseline -0.021 -8"><span class='ocrx_word' id='word_1_432' title='bbox 275 5550 428 5603; x_wconf 74' lang='lat' dir='ltr'><strong>dum</strong></span> <span class='ocrx_word' id='word_1_433' title='bbox 460 5540 637 5610; x_wconf 81' lang='lat' dir='ltr'><strong>erigit,</strong></span> <span class='ocrx_word' id='word_1_434' title='bbox 667 5552 736 5589; x_wconf 87' lang='lat' dir='ltr'><strong>ne</strong></span> <span class='ocrx_word' id='word_1_435' title='bbox 768 5535 1044 5587; x_wconf 77' lang='lat' dir='ltr'><strong>timeamus</strong></span> <span class='ocrx_word' id='word_1_436' title='bbox 1088 5528 1223 5580; x_wconf 76' lang='lat' dir='ltr'><strong>illus.</strong></span> <span class='ocrx_word' id='word_1_437' title='bbox 1264 5524 1372 5578; x_wconf 86' lang='lat' dir='ltr'><strong>lloc</strong></span> <span class='ocrx_word' id='word_1_438' title='bbox 1401 5537 1527 5591; x_wconf 88' lang='lat' dir='ltr'><strong>ergo</strong></span> <span class='ocrx_word' id='word_1_439' title='bbox 1557 5535 1619 5573; x_wconf 86' lang='lat' dir='ltr'><strong>cx</strong></span> <span class='ocrx_word' id='word_1_440' title='bbox 1647 5519 1738 5572; x_wconf 83' lang='lat' dir='ltr'><strong>Dei</strong></span> <span class='ocrx_word' id='word_1_441' title='bbox 1769 5517 1882 5571; x_wconf 85' lang='lat' dir='ltr'><strong>dis-</strong></span> 
     </span>
    </p>
   </div>
   <div class='ocr_carea' id='block_1_60' title="bbox 279 5614 1880 5711">
    <p class='ocr_par' dir='ltr' id='par_1_60' title="bbox 279 5614 1880 5711">
     <span class='ocr_line' id='line_1_60' title="bbox 279 5614 1880 5711; baseline -0.018 -20"><span class='ocrx_word' id='word_1_442' title='bbox 279 5633 620 5711; x_wconf 71' lang='lat' dir='ltr'><strong>pensatione</strong></span> <span class='ocrx_word' id='word_1_443' title='bbox 666 5628 865 5682; x_wconf 85' lang='lat' dir='ltr'><strong>factum</strong></span> <span class='ocrx_word' id='word_1_444' title='bbox 910 5633 1009 5677; x_wconf 88' lang='lat' dir='ltr'><strong>est.</strong></span> <span class='ocrx_word' id='word_1_445' title='bbox 1069 5620 1199 5673; x_wconf 84' lang='lat' dir='ltr'><strong>IIine</strong></span> <span class='ocrx_word' id='word_1_446' title='bbox 1241 5632 1368 5671; x_wconf 88' lang='lat' dir='ltr'><strong>vero</strong></span> <span class='ocrx_word' id='word_1_447' title='bbox 1397 5616 1492 5679; x_wconf 85' lang='lat' dir='ltr'><strong>lit,</strong></span> <span class='ocrx_word' id='word_1_448' title='bbox 1526 5614 1696 5678; x_wconf 89' lang='lat' dir='ltr'><strong>utqui</strong></span> <span class='ocrx_word' id='word_1_449' title='bbox 1742 5625 1880 5663; x_wconf 91' lang='lat' dir='ltr'><strong>nunc</strong></span> 
     </span>
    </p>
   </div>
   <div class='ocr_carea' id='block_1_61' title="bbox 278 5707 1875 5793">
    <p class='ocr_par' dir='ltr' id='par_1_61' title="bbox 278 5707 1875 5793">
     <span class='ocr_line' id='line_1_61' title="bbox 278 5707 1875 5793; baseline -0.019 -8"><span class='ocrx_word' id='word_1_450' title='bbox 278 5707 536 5787; x_wconf 69' lang='lat' dir='ltr'><strong>credunt</strong></span> <span class='ocrx_word' id='word_1_451' title='bbox 563 5724 742 5793; x_wconf 86' lang='lat' dir='ltr'><strong>plures</strong></span> <span class='ocrx_word' id='word_1_452' title='bbox 761 5719 887 5778; x_wconf 87' lang='lat' dir='ltr'><strong>sint,</strong></span> <span class='ocrx_word' id='word_1_453' title='bbox 910 5729 1065 5784; x_wconf 90' lang='lat' dir='ltr'><strong>quam</strong></span> <span class='ocrx_word' id='word_1_454' title='bbox 1094 5711 1315 5781; x_wconf 87' lang='lat' dir='ltr'><strong>priores.</strong></span> <span class='ocrx_word' id='word_1_455' title='bbox 1355 5708 1579 5775; x_wconf 87' lang='lat' dir='ltr'><strong>Ideoque</strong></span> <span class='ocrx_word' id='word_1_456' title='bbox 1601 5707 1875 5761; x_wconf 83' lang='lat' dir='ltr'><strong>timentes,</strong></span> 
     </span>
    </p>
   </div>
   <div class='ocr_carea' id='block_1_62' title="bbox 280 5795 1878 5881">
    <p class='ocr_par' dir='ltr' id='par_1_62' title="bbox 280 5795 1878 5881">
     <span class='ocr_line' id='line_1_62' title="bbox 280 5795 1878 5881; baseline -0.021 -1"><span class='ocrx_word' id='word_1_457' title='bbox 280 5825 417 5881; x_wconf 72' lang='lat' dir='ltr'><strong>illis</strong></span> <span class='ocrx_word' id='word_1_458' title='bbox 443 5816 746 5872; x_wconf 80' lang='lat' dir='ltr'><strong>videntibus</strong></span> <span class='ocrx_word' id='word_1_459' title='bbox 775 5807 1044 5879; x_wconf 79' lang='lat' dir='ltr'><strong>aposwlns</strong></span> <span class='ocrx_word' id='word_1_460' title='bbox 1074 5805 1316 5872; x_wconf 68' lang='lat' dir='ltr'><strong>ligarant,</strong></span> <span class='ocrx_word' id='word_1_461' title='bbox 1358 5810 1413 5855; x_wconf 89' lang='lat' dir='ltr'><strong>ut</strong></span> <span class='ocrx_word' id='word_1_462' title='bbox 1441 5799 1560 5853; x_wconf 86' lang='lat' dir='ltr'><strong>illos</strong></span> <span class='ocrx_word' id='word_1_463' title='bbox 1586 5795 1878 5851; x_wconf 83' lang='lat' dir='ltr'><strong>timidiores</strong></span> 
     </span>
    </p>
   </div>
   <div class='ocr_carea' id='block_1_63' title="bbox 1955 911 3532 987">
    <p class='ocr_par' dir='ltr' id='par_1_63' title="bbox 1955 911 3532 987">
     <span class='ocr_line' id='line_1_63' title="bbox 1955 911 3532 987; baseline 0.003 -22"><span class='ocrx_word' id='word_1_464' title='bbox 1955 911 2258 967; x_wconf 88' lang='lat' dir='ltr'><strong>redderent.</strong></span> <span class='ocrx_word' id='word_1_465' title='bbox 2291 914 2457 970; x_wconf 84' lang='lat' dir='ltr'><strong>Sectis</strong></span> <span class='ocrx_word' id='word_1_466' title='bbox 2487 925 2663 970; x_wconf 88' lang='lat' dir='ltr'><strong>autem</strong></span> <span class='ocrx_word' id='word_1_467' title='bbox 2689 917 2918 981; x_wconf 90' lang='lat' dir='ltr'><strong>accidit,</strong></span> <span class='ocrx_word' id='word_1_468' title='bbox 2960 932 3116 987; x_wconf 87' lang='lat' dir='ltr'><strong>quam</strong></span> <span class='ocrx_word' id='word_1_469' title='bbox 3148 917 3220 972; x_wconf 85' lang='lat' dir='ltr'><strong>illi</strong></span> <span class='ocrx_word' id='word_1_470' title='bbox 3254 916 3532 971; x_wconf 87' lang='lat' dir='ltr'><strong>volebant.</strong></span> 
     </span>
    </p>
   </div>
   <div class='ocr_carea' id='block_1_64' title="bbox 1956 1002 3537 1081">
    <p class='ocr_par' dir='ltr' id='par_1_64' title="bbox 1956 1002 3537 1081">
     <span class='ocr_line' id='line_1_64' title="bbox 1956 1002 3537 1081; baseline 0.005 -24"><span class='ocrx_word' id='word_1_471' title='bbox 1956 1002 2186 1075; x_wconf 89' lang='lat' dir='ltr'><strong>Ideoque</strong></span> <span class='ocrx_word' id='word_1_472' title='bbox 2218 1021 2320 1060; x_wconf 92' lang='lat' dir='ltr'><strong>non</strong></span> <span class='ocrx_word' id='word_1_473' title='bbox 2352 1022 2529 1061; x_wconf 89' lang='lat' dir='ltr'><strong>coram</strong></span> <span class='ocrx_word' id='word_1_474' title='bbox 2561 1010 2665 1063; x_wconf 91' lang='lat' dir='ltr'><strong>illis</strong></span> <span class='ocrx_word' id='word_1_475' title='bbox 2695 1010 2839 1079; x_wconf 87' lang='lat' dir='ltr'><strong>ipsos</strong></span> <span class='ocrx_word' id='word_1_476' title='bbox 2869 1012 3228 1081; x_wconf 83' lang='lat' dir='ltr'><strong>interrogant,</strong></span> <span class='ocrx_word' id='word_1_477' title='bbox 3262 1011 3359 1066; x_wconf 89' lang='lat' dir='ltr'><strong>sed</strong></span> <span class='ocrx_word' id='word_1_478' title='bbox 3388 1026 3537 1065; x_wconf 88' lang='lat' dir='ltr'><strong>seor-</strong></span> 
     </span>
    </p>
   </div>
   <div class='ocr_carea' id='block_1_65' title="bbox 1955 1097 3536 1168">
    <p class='ocr_par' dir='ltr' id='par_1_65' title="bbox 1955 1097 3536 1168">
     <span class='ocr_line' id='line_1_65' title="bbox 1955 1097 3536 1168; baseline 0.004 -19"><span class='ocrx_word' id='word_1_479' title='bbox 1955 1097 2088 1162; x_wconf 91' lang='lat' dir='ltr'><strong>sim,</strong></span> <span class='ocrx_word' id='word_1_480' title='bbox 2122 1112 2188 1151; x_wconf 89' lang='lat' dir='ltr'><strong>ne</strong></span> <span class='ocrx_word' id='word_1_481' title='bbox 2213 1112 2278 1151; x_wconf 82' lang='lat' dir='ltr'><strong>ex</strong></span> <span class='ocrx_word' id='word_1_482' title='bbox 2326 1113 2511 1152; x_wconf 91' lang='lat' dir='ltr'><strong>eorum</strong></span> <span class='ocrx_word' id='word_1_483' title='bbox 2557 1099 2804 1168; x_wconf 84' lang='lat' dir='ltr'><strong>loquendi</strong></span> <span class='ocrx_word' id='word_1_484' title='bbox 2851 1102 3093 1156; x_wconf 88' lang='lat' dir='ltr'><strong>libertate</strong></span> <span class='ocrx_word' id='word_1_485' title='bbox 3138 1102 3418 1156; x_wconf 88' lang='lat' dir='ltr'><strong>auditores</strong></span> <span class='ocrx_word' id='word_1_486' title='bbox 3449 1102 3536 1156; x_wconf 75' lang='lat' dir='ltr'><strong>lu-</strong></span> 
     </span>
    </p>
   </div>
   <div class='ocr_carea' id='block_1_66' title="bbox 1955 1190 3535 1259">
    <p class='ocr_par' dir='ltr' id='par_1_66' title="bbox 1955 1190 3535 1259">
     <span class='ocr_line' id='line_1_66' title="bbox 1955 1190 3535 1259; baseline 0.003 -19"><span class='ocrx_word' id='word_1_487' title='bbox 1955 1202 2102 1242; x_wconf 89' lang='lat' dir='ltr'><strong>crum</strong></span> <span class='ocrx_word' id='word_1_488' title='bbox 2145 1190 2421 1244; x_wconf 87' lang='lat' dir='ltr'><strong>referrent.</strong></span> <span class='ocrx_word' id='word_1_489' title='bbox 2451 1192 2504 1245; x_wconf 85' lang='lat'><strong>5.</strong></span> <span class='ocrx_word' id='word_1_490' title='bbox 2562 1191 2775 1245; x_wconf 82' lang='lat' dir='ltr'><strong>Factum</strong></span> <span class='ocrx_word' id='word_1_491' title='bbox 2804 1204 2875 1246; x_wconf 88' lang='lat' dir='ltr'><strong>est</strong></span> <span class='ocrx_word' id='word_1_492' title='bbox 2920 1204 3086 1248; x_wconf 89' lang='lat' dir='ltr'><strong>autem</strong></span> <span class='ocrx_word' id='word_1_493' title='bbox 3114 1195 3167 1247; x_wconf 89' lang='lat' dir='ltr'><strong>in</strong></span> <span class='ocrx_word' id='word_1_494' title='bbox 3211 1195 3495 1247; x_wconf 86' lang='lat' dir='ltr'><strong>crastinum</strong></span> <span class='ocrx_word' id='word_1_495' title='bbox 3518 1235 3535 1259; x_wconf 89' lang='lat'><strong>,</strong></span> 
     </span>
    </p>
   </div>
   <div class='ocr_carea' id='block_1_67' title="bbox 1955 1282 3540 1361">
    <p class='ocr_par' dir='ltr' id='par_1_67' title="bbox 1955 1282 3540 1361">
     <span class='ocr_line' id='line_1_67' title="bbox 1955 1282 3540 1361; baseline 0.006 -31"><span class='ocrx_word' id='word_1_496' title='bbox 1955 1288 2008 1331; x_wconf 90' lang='lat' dir='ltr'><strong>ut</strong></span> <span class='ocrx_word' id='word_1_497' title='bbox 2027 1292 2449 1350; x_wconf 83' lang='lat' dir='ltr'><strong>congregarentur</strong></span> <span class='ocrx_word' id='word_1_498' title='bbox 2491 1282 2741 1351; x_wconf 84' lang='lat' dir='ltr'><strong>principes</strong></span> <span class='ocrx_word' id='word_1_499' title='bbox 2767 1300 2939 1337; x_wconf 88' lang='lat' dir='ltr'><strong>eorum</strong></span> <span class='ocrx_word' id='word_1_500' title='bbox 2954 1296 3013 1361; x_wconf 39' lang='grc' dir='ltr'><strong>,ει</strong></span> <span class='ocrx_word' id='word_1_501' title='bbox 3039 1286 3260 1339; x_wconf 81' lang='lat' dir='ltr'><strong>seniores</strong></span> <span class='ocrx_word' id='word_1_502' title='bbox 3287 1295 3333 1339; x_wconf 89' lang='lat' dir='ltr'><strong>et</strong></span> <span class='ocrx_word' id='word_1_503' title='bbox 3362 1285 3540 1339; x_wconf 67' lang='lat' dir='ltr'><strong>scribta</strong></span> 
     </span>
    </p>
   </div>
   <div class='ocr_carea' id='block_1_68' title="bbox 1955 1369 3540 1445">
    <p class='ocr_par' dir='ltr' id='par_1_68' title="bbox 1955 1369 3540 1445">
     <span class='ocr_line' id='line_1_68' title="bbox 1955 1369 3540 1445; baseline 0.006 -24"><span class='ocrx_word' id='word_1_504' title='bbox 1955 1369 2007 1422; x_wconf 87' lang='lat' dir='ltr'><strong>in</strong></span> <span class='ocrx_word' id='word_1_505' title='bbox 2035 1369 2356 1425; x_wconf 83' lang='lat' dir='ltr'><strong>Jerusalem:</strong></span> <span class='ocrx_word' id='word_1_506' title='bbox 2400 1376 2452 1427; x_wconf 76' lang='lat' dir='ltr'><strong>b‘.</strong></span> <span class='ocrx_word' id='word_1_507' title='bbox 2508 1384 2556 1427; x_wconf 88' lang='lat' dir='ltr'><strong>et</strong></span> <span class='ocrx_word' id='word_1_508' title='bbox 2599 1374 2773 1429; x_wconf 80' lang='lat' dir='ltr'><strong>Atinas</strong></span> <span class='ocrx_word' id='word_1_509' title='bbox 2824 1377 3057 1445; x_wconf 82' lang='lat' dir='ltr'><strong>princeps</strong></span> <span class='ocrx_word' id='word_1_510' title='bbox 3110 1378 3465 1441; x_wconf 82' lang='lat' dir='ltr'><strong>sacerdotum,</strong></span> <span class='ocrx_word' id='word_1_511' title='bbox 3493 1385 3540 1431; x_wconf 84' lang='lat' dir='ltr'><strong>et</strong></span> 
     </span>
    </p>
   </div>
   <div class='ocr_carea' id='block_1_69' title="bbox 1956 1459 3543 1537">
    <p class='ocr_par' dir='ltr' id='par_1_69' title="bbox 1956 1459 3543 1537">
     <span class='ocr_line' id='line_1_69' title="bbox 1956 1459 3543 1537; baseline 0.004 -22"><span class='ocrx_word' id='word_1_512' title='bbox 1956 1459 2173 1531; x_wconf 89' lang='lat' dir='ltr'><strong>Caiphas</strong></span> <span class='ocrx_word' id='word_1_513' title='bbox 2199 1472 2242 1515; x_wconf 88' lang='lat' dir='ltr'><strong>et</strong></span> <span class='ocrx_word' id='word_1_514' title='bbox 2262 1462 2485 1518; x_wconf 87' lang='lat' dir='ltr'><strong>Joannes</strong></span> <span class='ocrx_word' id='word_1_515' title='bbox 2507 1475 2551 1519; x_wconf 83' lang='lat' dir='ltr'><strong>et</strong></span> <span class='ocrx_word' id='word_1_516' title='bbox 2573 1466 2877 1529; x_wconf 75' lang='lat' dir='ltr'><strong>Alexander,</strong></span> <span class='ocrx_word' id='word_1_517' title='bbox 2892 1476 2939 1519; x_wconf 88' lang='lat' dir='ltr'><strong>et</strong></span> <span class='ocrx_word' id='word_1_518' title='bbox 2958 1477 3197 1536; x_wconf 83' lang='lat' dir='ltr'><strong>quotquot</strong></span> <span class='ocrx_word' id='word_1_519' title='bbox 3212 1477 3360 1520; x_wconf 88' lang='lat' dir='ltr'><strong>erant</strong></span> <span class='ocrx_word' id='word_1_520' title='bbox 3376 1468 3440 1520; x_wconf 88' lang='lat' dir='ltr'><strong>de</strong></span> <span class='ocrx_word' id='word_1_521' title='bbox 3458 1484 3543 1537; x_wconf 69' lang='grc' dir='ltr'><strong>θε-</strong></span> 
     </span>
    </p>
   </div>
   <div class='ocr_carea' id='block_1_70' title="bbox 1955 1554 3540 1612">
    <p class='ocr_par' dir='ltr' id='par_1_70' title="bbox 1955 1554 3540 1612">
     <span class='ocr_line' id='line_1_70' title="bbox 1955 1554 3540 1612; baseline 0.004 -7"><span class='ocrx_word' id='word_1_522' title='bbox 1955 1568 2073 1606; x_wconf 85' lang='lat' dir='ltr'><strong>nere</strong></span> <span class='ocrx_word' id='word_1_523' title='bbox 2114 1554 2437 1609; x_wconf 88' lang='lat' dir='ltr'><strong>sacerdotali.</strong></span> <span class='ocrx_word' id='word_1_524' title='bbox 2486 1555 2689 1610; x_wconf 80' lang='lat' dir='ltr'><strong>Rursus</strong></span> <span class='ocrx_word' id='word_1_525' title='bbox 2734 1557 3058 1611; x_wconf 88' lang='lat' dir='ltr'><strong>conveniunt</strong></span> <span class='ocrx_word' id='word_1_526' title='bbox 3096 1557 3149 1611; x_wconf 91' lang='lat' dir='ltr'><strong>in</strong></span> <span class='ocrx_word' id='word_1_527' title='bbox 3180 1572 3374 1611; x_wconf 88' lang='lat' dir='ltr'><strong>unum.</strong></span> <span class='ocrx_word' id='word_1_528' title='bbox 3401 1557 3540 1612; x_wconf 89' lang='lat' dir='ltr'><strong>Cum</strong></span> 
     </span>
    </p>
   </div>
   <div class='ocr_carea' id='block_1_71' title="bbox 1956 1645 3533 1719">
    <p class='ocr_par' dir='ltr' id='par_1_71' title="bbox 1956 1645 3533 1719">
     <span class='ocr_line' id='line_1_71' title="bbox 1956 1645 3533 1719; baseline 0.003 -20"><span class='ocrx_word' id='word_1_529' title='bbox 1956 1645 2074 1701; x_wconf 88' lang='lat' dir='ltr'><strong>aliis</strong></span> <span class='ocrx_word' id='word_1_530' title='bbox 2102 1646 2259 1700; x_wconf 88' lang='lat' dir='ltr'><strong>etiam</strong></span> <span class='ocrx_word' id='word_1_531' title='bbox 2293 1648 2445 1702; x_wconf 88' lang='lat' dir='ltr'><strong>malis</strong></span> <span class='ocrx_word' id='word_1_532' title='bbox 2485 1646 2587 1702; x_wconf 90' lang='lat' dir='ltr'><strong>hoc</strong></span> <span class='ocrx_word' id='word_1_533' title='bbox 2615 1648 2834 1712; x_wconf 87' lang='lat' dir='ltr'><strong>aderat,</strong></span> <span class='ocrx_word' id='word_1_534' title='bbox 2862 1649 3004 1719; x_wconf 90' lang='lat' dir='ltr'><strong>quod</strong></span> <span class='ocrx_word' id='word_1_535' title='bbox 3034 1650 3117 1704; x_wconf 79' lang='lat' dir='ltr'><strong>lex</strong></span> <span class='ocrx_word' id='word_1_536' title='bbox 3148 1665 3254 1704; x_wconf 92' lang='lat' dir='ltr'><strong>non</strong></span> <span class='ocrx_word' id='word_1_537' title='bbox 3286 1664 3533 1704; x_wconf 84' lang='lat' dir='ltr'><strong>servare-</strong></span> 
     </span>
    </p>
   </div>
   <div class='ocr_carea' id='block_1_72' title="bbox 1958 1738 3540 1811">
    <p class='ocr_par' dir='ltr' id='par_1_72' title="bbox 1958 1738 3540 1811">
     <span class='ocr_line' id='line_1_72' title="bbox 1958 1738 3540 1811; baseline 0.004 -22"><span class='ocrx_word' id='word_1_538' title='bbox 1958 1746 2063 1791; x_wconf 89' lang='lat' dir='ltr'><strong>tur.</strong></span> <span class='ocrx_word' id='word_1_539' title='bbox 2098 1738 2174 1793; x_wconf 81' lang='lat' dir='ltr'><strong>Ac</strong></span> <span class='ocrx_word' id='word_1_540' title='bbox 2201 1753 2387 1793; x_wconf 89' lang='lat' dir='ltr'><strong>rursus</strong></span> <span class='ocrx_word' id='word_1_541' title='bbox 2414 1740 2594 1807; x_wconf 78' lang='lat' dir='ltr'><strong>iudicii</strong></span> <span class='ocrx_word' id='word_1_542' title='bbox 2643 1739 2867 1794; x_wconf 89' lang='lat' dir='ltr'><strong>formam</strong></span> <span class='ocrx_word' id='word_1_543' title='bbox 2898 1741 3025 1796; x_wconf 89' lang='lat' dir='ltr'><strong>huic</strong></span> <span class='ocrx_word' id='word_1_544' title='bbox 3052 1743 3267 1811; x_wconf 87' lang='lat' dir='ltr'><strong>negotio</strong></span> <span class='ocrx_word' id='word_1_545' title='bbox 3298 1740 3495 1795; x_wconf 88' lang='lat' dir='ltr'><strong>indunt</strong></span> <span class='ocrx_word' id='word_1_546' title='bbox 3524 1782 3540 1803; x_wconf 88' lang='lat'><strong><em>.</em></strong></span> 
     </span>
    </p>
   </div>
   <div class='ocr_carea' id='block_1_73' title="bbox 1958 1827 3542 1898">
    <p class='ocr_par' dir='ltr' id='par_1_73' title="bbox 1958 1827 3542 1898">
     <span class='ocr_line' id='line_1_73' title="bbox 1958 1827 3542 1898; baseline 0.003 -18"><span class='ocrx_word' id='word_1_547' title='bbox 1958 1836 2014 1880; x_wconf 90' lang='lat' dir='ltr'><strong>ut</strong></span> <span class='ocrx_word' id='word_1_548' title='bbox 2039 1827 2234 1897; x_wconf 83' lang='lat' dir='ltr'><strong>injuste</strong></span> <span class='ocrx_word' id='word_1_549' title='bbox 2258 1829 2459 1898; x_wconf 89' lang='lat' dir='ltr'><strong>judicio</strong></span> <span class='ocrx_word' id='word_1_550' title='bbox 2489 1832 2673 1886; x_wconf 83' lang='lat' dir='ltr'><strong>noxios</strong></span> <span class='ocrx_word' id='word_1_551' title='bbox 2703 1832 2821 1887; x_wconf 90' lang='lat' dir='ltr'><strong>illos</strong></span> <span class='ocrx_word' id='word_1_552' title='bbox 2847 1832 3091 1887; x_wconf 89' lang='lat' dir='ltr'><strong>reddant.</strong></span> <span class='ocrx_word' id='word_1_553' title='bbox 3122 1834 3173 1886; x_wconf 89' lang='lat'><strong>7.</strong></span> <span class='ocrx_word' id='word_1_554' title='bbox 3207 1832 3272 1886; x_wconf 83' lang='lat' dir='ltr'><strong>Et</strong></span> <span class='ocrx_word' id='word_1_555' title='bbox 3301 1843 3542 1886; x_wconf 80' lang='lat' dir='ltr'><strong>statuen-</strong></span> 
     </span>
    </p>
   </div>
   <div class='ocr_carea' id='block_1_74' title="bbox 1958 1918 3544 1991">
    <p class='ocr_par' dir='ltr' id='par_1_74' title="bbox 1958 1918 3544 1991">
     <span class='ocr_line' id='line_1_74' title="bbox 1958 1918 3544 1991; baseline 0.004 -22"><span class='ocrx_word' id='word_1_556' title='bbox 1958 1927 2028 1970; x_wconf 84' lang='lat' dir='ltr'><strong>tes</strong></span> <span class='ocrx_word' id='word_1_557' title='bbox 2053 1934 2136 1971; x_wconf 89' lang='lat' dir='ltr'><strong>eos</strong></span> <span class='ocrx_word' id='word_1_558' title='bbox 2161 1918 2214 1971; x_wconf 91' lang='lat' dir='ltr'><strong>in</strong></span> <span class='ocrx_word' id='word_1_559' title='bbox 2240 1920 2401 1973; x_wconf 88' lang='lat' dir='ltr'><strong>medio</strong></span> <span class='ocrx_word' id='word_1_560' title='bbox 2423 1963 2438 1985; x_wconf 88' lang='lat'><strong>,</strong></span> <span class='ocrx_word' id='word_1_561' title='bbox 2468 1921 2837 1991; x_wconf 85' lang='lat' dir='ltr'><strong>interrogabant</strong></span> <span class='ocrx_word' id='word_1_562' title='bbox 2862 1938 2879 1976; x_wconf 89' lang='lat'><strong><em>:</em></strong></span> <span class='ocrx_word' id='word_1_563' title='bbox 2908 1921 2976 1975; x_wconf 79' lang='lat' dir='ltr'><strong>In</strong></span> <span class='ocrx_word' id='word_1_564' title='bbox 3005 1938 3104 1991; x_wconf 88' lang='lat' dir='ltr'><strong>qua</strong></span> <span class='ocrx_word' id='word_1_565' title='bbox 3130 1924 3339 1987; x_wconf 89' lang='lat' dir='ltr'><strong>virtute,</strong></span> <span class='ocrx_word' id='word_1_566' title='bbox 3366 1932 3462 1975; x_wconf 88' lang='lat' dir='ltr'><strong>aut</strong></span> <span class='ocrx_word' id='word_1_567' title='bbox 3489 1939 3544 1976; x_wconf 82' lang='lat' dir='ltr'><strong>ut</strong></span> 
     </span>
    </p>
   </div>
   <div class='ocr_carea' id='block_1_75' title="bbox 1956 2010 3542 2081">
    <p class='ocr_par' dir='ltr' id='par_1_75' title="bbox 1956 2010 3542 2081">
     <span class='ocr_line' id='line_1_75' title="bbox 1956 2010 3542 2081; baseline 0.003 -21"><span class='ocrx_word' id='word_1_568' title='bbox 1956 2023 2053 2076; x_wconf 85' lang='lat' dir='ltr'><strong>quo</strong></span> <span class='ocrx_word' id='word_1_569' title='bbox 2084 2010 2282 2061; x_wconf 88' lang='lat' dir='ltr'><strong>nomine</strong></span> <span class='ocrx_word' id='word_1_570' title='bbox 2310 2011 2498 2079; x_wconf 79' lang='lat' dir='ltr'><strong>fecistis</strong></span> <span class='ocrx_word' id='word_1_571' title='bbox 2543 2012 2635 2065; x_wconf 86' lang='lat' dir='ltr'><strong>hoc</strong></span> <span class='ocrx_word' id='word_1_572' title='bbox 2675 2013 2800 2066; x_wconf 86' lang='lat' dir='ltr'><strong>vos?</strong></span> <span class='ocrx_word' id='word_1_573' title='bbox 2829 2013 2984 2081; x_wconf 86' lang='lat' dir='ltr'><strong>Atqui</strong></span> <span class='ocrx_word' id='word_1_574' title='bbox 3017 2013 3069 2067; x_wconf 88' lang='lat' dir='ltr'><strong>id</strong></span> <span class='ocrx_word' id='word_1_575' title='bbox 3095 2013 3336 2067; x_wconf 84' lang='lat' dir='ltr'><strong>sciebant</strong></span> <span class='ocrx_word' id='word_1_576' title='bbox 3364 2032 3377 2067; x_wconf 88' lang='lat'><strong>:</strong></span> <span class='ocrx_word' id='word_1_577' title='bbox 3412 2027 3542 2067; x_wconf 85' lang='lat' dir='ltr'><strong>nam</strong></span> 
     </span>
    </p>
   </div>
   <div class='ocr_carea' id='block_1_76' title="bbox 1958 2100 3546 2173">
    <p class='ocr_par' dir='ltr' id='par_1_76' title="bbox 1958 2100 3546 2173">
     <span class='ocr_line' id='line_1_76' title="bbox 1958 2100 3546 2173; baseline 0.002 -20"><span class='ocrx_word' id='word_1_578' title='bbox 1958 2100 2228 2166; x_wconf 83' lang='lat' dir='ltr'><strong>dolebant,</strong></span> <span class='ocrx_word' id='word_1_579' title='bbox 2260 2103 2466 2172; x_wconf 90' lang='lat' dir='ltr'><strong>inquit,</strong></span> <span class='ocrx_word' id='word_1_580' title='bbox 2517 2104 2651 2173; x_wconf 87' lang='lat' dir='ltr'><strong>quod</strong></span> <span class='ocrx_word' id='word_1_581' title='bbox 2680 2106 3032 2157; x_wconf 86' lang='lat' dir='ltr'><strong>annuntiarent</strong></span> <span class='ocrx_word' id='word_1_582' title='bbox 3057 2105 3109 2158; x_wconf 92' lang='lat' dir='ltr'><strong>in</strong></span> <span class='ocrx_word' id='word_1_583' title='bbox 3150 2104 3275 2158; x_wconf 86' lang='lat' dir='ltr'><strong>Jesu</strong></span> <span class='ocrx_word' id='word_1_584' title='bbox 3317 2120 3546 2159; x_wconf 83' lang='lat' dir='ltr'><strong>resurre-</strong></span> 
     </span>
    </p>
   </div>
   <div class='ocr_carea' id='block_1_77' title="bbox 1957 2194 3536 2268">
    <p class='ocr_par' dir='ltr' id='par_1_77' title="bbox 1957 2194 3536 2268">
     <span class='ocr_line' id='line_1_77' title="bbox 1957 2194 3536 2268; baseline 0.004 -23"><span class='ocrx_word' id='word_1_585' title='bbox 1957 2196 2188 2249; x_wconf 86' lang='lat' dir='ltr'><strong>ctionem.</strong></span> <span class='ocrx_word' id='word_1_586' title='bbox 2218 2194 2341 2249; x_wconf 88' lang='lat' dir='ltr'><strong>Ideo</strong></span> <span class='ocrx_word' id='word_1_587' title='bbox 2366 2196 2885 2265; x_wconf 86' lang='lat' dir='ltr'><strong>comprehenderant</strong></span> <span class='ocrx_word' id='word_1_588' title='bbox 2914 2197 3055 2252; x_wconf 89' lang='lat' dir='ltr'><strong>illos.</strong></span> <span class='ocrx_word' id='word_1_589' title='bbox 3085 2197 3192 2253; x_wconf 90' lang='lat' dir='ltr'><strong>Cur</strong></span> <span class='ocrx_word' id='word_1_590' title='bbox 3209 2214 3337 2268; x_wconf 87' lang='lat' dir='ltr'><strong>ergo</strong></span> <span class='ocrx_word' id='word_1_591' title='bbox 3359 2199 3536 2253; x_wconf 77' lang='lat' dir='ltr'><strong>inter-</strong></span> 
     </span>
    </p>
   </div>
   <div class='ocr_carea' id='block_1_78' title="bbox 1958 2287 3537 2358">
    <p class='ocr_par' dir='ltr' id='par_1_78' title="bbox 1958 2287 3537 2358">
     <span class='ocr_line' id='line_1_78' title="bbox 1958 2287 3537 2358; baseline 0.004 -20"><span class='ocrx_word' id='word_1_592' title='bbox 1958 2287 2184 2356; x_wconf 80' lang='lat' dir='ltr'><strong>rogant?</strong></span> <span class='ocrx_word' id='word_1_593' title='bbox 2238 2288 2633 2356; x_wconf 81' lang='lat' dir='ltr'><strong>Exspectabam</strong></span> <span class='ocrx_word' id='word_1_594' title='bbox 2690 2288 2810 2342; x_wconf 89' lang='lat' dir='ltr'><strong>illos</strong></span> <span class='ocrx_word' id='word_1_595' title='bbox 2868 2300 3086 2358; x_wconf 87' lang='lat' dir='ltr'><strong>propter</strong></span> <span class='ocrx_word' id='word_1_596' title='bbox 3141 2290 3537 2345; x_wconf 88' lang='lat' dir='ltr'><strong>multitudinem</strong></span> 
     </span>
    </p>
   </div>
   <div class='ocr_carea' id='block_1_79' title="bbox 1961 2379 3536 2447">
    <p class='ocr_par' dir='ltr' id='par_1_79' title="bbox 1961 2379 3536 2447">
     <span class='ocr_line' id='line_1_79' title="bbox 1961 2379 3536 2447; baseline 0.004 -17"><span class='ocrx_word' id='word_1_597' title='bbox 1961 2386 2245 2447; x_wconf 78' lang='lat' dir='ltr'><strong>negaturos</strong></span> <span class='ocrx_word' id='word_1_598' title='bbox 2271 2392 2423 2443; x_wconf 84' lang='lat' dir='ltr'><strong>esse,</strong></span> <span class='ocrx_word' id='word_1_599' title='bbox 2457 2386 2513 2432; x_wconf 88' lang='lat' dir='ltr'><strong>et</strong></span> <span class='ocrx_word' id='word_1_600' title='bbox 2540 2379 2615 2432; x_wconf 88' lang='lat' dir='ltr'><strong>sic</strong></span> <span class='ocrx_word' id='word_1_601' title='bbox 2648 2379 2904 2447; x_wconf 89' lang='lat' dir='ltr'><strong>putabant</strong></span> <span class='ocrx_word' id='word_1_602' title='bbox 2928 2394 2987 2434; x_wconf 90' lang='lat' dir='ltr'><strong>se</strong></span> <span class='ocrx_word' id='word_1_603' title='bbox 3016 2389 3184 2435; x_wconf 86' lang='lat' dir='ltr'><strong>letum</strong></span> <span class='ocrx_word' id='word_1_604' title='bbox 3214 2382 3536 2435; x_wconf 88' lang='lat' dir='ltr'><strong>emendatu-</strong></span> 
     </span>
    </p>
   </div>
   <div class='ocr_carea' id='block_1_80' title="bbox 1959 2470 3539 2542">
    <p class='ocr_par' dir='ltr' id='par_1_80' title="bbox 1959 2470 3539 2542">
     <span class='ocr_line' id='line_1_80' title="bbox 1959 2470 3539 2542; baseline 0.001 -17"><span class='ocrx_word' id='word_1_605' title='bbox 1959 2486 2050 2525; x_wconf 87' lang='lat' dir='ltr'><strong>ros</strong></span> <span class='ocrx_word' id='word_1_606' title='bbox 2076 2487 2215 2526; x_wconf 87' lang='lat' dir='ltr'><strong>esse.</strong></span> <span class='ocrx_word' id='word_1_607' title='bbox 2244 2470 2381 2527; x_wconf 76' lang='lat' dir='ltr'><strong>Vide</strong></span> <span class='ocrx_word' id='word_1_608' title='bbox 2408 2486 2536 2541; x_wconf 82' lang='lat' dir='ltr'><strong>ergo</strong></span> <span class='ocrx_word' id='word_1_609' title='bbox 2562 2472 2686 2541; x_wconf 90' lang='lat' dir='ltr'><strong>quid</strong></span> <span class='ocrx_word' id='word_1_610' title='bbox 2727 2472 2908 2526; x_wconf 89' lang='lat' dir='ltr'><strong>dicant</strong></span> <span class='ocrx_word' id='word_1_611' title='bbox 2935 2490 2947 2525; x_wconf 88' lang='lat'><strong>:</strong></span> <span class='ocrx_word' id='word_1_612' title='bbox 2980 2470 3009 2525; x_wconf 85' lang='grc' dir='ltr'><em>Ι</em></span> <span class='ocrx_word' id='word_1_613' title='bbox 3016 2490 3048 2526; x_wconf 84' lang='grc' dir='ltr'><strong>ιι</strong></span> <span class='ocrx_word' id='word_1_614' title='bbox 3086 2489 3186 2542; x_wconf 87' lang='lat' dir='ltr'><strong>quo</strong></span> <span class='ocrx_word' id='word_1_615' title='bbox 3217 2474 3418 2525; x_wconf 84' lang='lat' dir='ltr'><strong>nomine</strong></span> <span class='ocrx_word' id='word_1_616' title='bbox 3443 2473 3539 2526; x_wconf 88' lang='lat' dir='ltr'><strong>hoc</strong></span> 
     </span>
    </p>
   </div>
   <div class='ocr_carea' id='block_1_81' title="bbox 1962 2562 3536 2633">
    <p class='ocr_par' dir='ltr' id='par_1_81' title="bbox 1962 2562 3536 2633">
     <span class='ocr_line' id='line_1_81' title="bbox 1962 2562 3536 2633; baseline 0.001 -18"><span class='ocrx_word' id='word_1_617' title='bbox 1962 2563 2154 2633; x_wconf 79' lang='lat' dir='ltr'><strong>fecistis</strong></span> <span class='ocrx_word' id='word_1_618' title='bbox 2174 2562 2301 2616; x_wconf 86' lang='lat' dir='ltr'><strong>vos?</strong></span> <span class='ocrx_word' id='word_1_619' title='bbox 2322 2564 2375 2618; x_wconf 88' lang='lat'><strong>8.</strong></span> <span class='ocrx_word' id='word_1_620' title='bbox 2394 2562 2537 2616; x_wconf 89' lang='lat' dir='ltr'><strong>Tunc</strong></span> <span class='ocrx_word' id='word_1_621' title='bbox 2559 2564 2736 2616; x_wconf 78' lang='lat' dir='ltr'><strong>Petrus</strong></span> <span class='ocrx_word' id='word_1_622' title='bbox 2760 2562 2979 2633; x_wconf 84' lang='lat' dir='ltr'><strong>repletus</strong></span> <span class='ocrx_word' id='word_1_623' title='bbox 3000 2563 3199 2631; x_wconf 86' lang='lat' dir='ltr'><strong>Spiritu</strong></span> <span class='ocrx_word' id='word_1_624' title='bbox 3211 2573 3384 2617; x_wconf 89' lang='lat' dir='ltr'><strong>sancto</strong></span> <span class='ocrx_word' id='word_1_625' title='bbox 3405 2565 3536 2618; x_wconf 73' lang='lat' dir='ltr'><strong>dixit</strong></span> 
     </span>
    </p>
   </div>
   <div class='ocr_carea' id='block_1_82' title="bbox 1958 2651 3541 2725">
    <p class='ocr_par' dir='ltr' id='par_1_82' title="bbox 1958 2651 3541 2725">
     <span class='ocr_line' id='line_1_82' title="bbox 1958 2651 3541 2725; baseline 0.001 -20"><span class='ocrx_word' id='word_1_626' title='bbox 1958 2654 2026 2706; x_wconf 89' lang='lat' dir='ltr'><strong>ad</strong></span> <span class='ocrx_word' id='word_1_627' title='bbox 2055 2671 2153 2707; x_wconf 88' lang='lat' dir='ltr'><strong>eos.</strong></span> <span class='ocrx_word' id='word_1_628' title='bbox 2181 2652 2327 2709; x_wconf 83' lang='lat' dir='ltr'><strong>Nunc</strong></span> <span class='ocrx_word' id='word_1_629' title='bbox 2348 2652 2629 2707; x_wconf 88' lang='lat' dir='ltr'><strong>recordare</strong></span> <span class='ocrx_word' id='word_1_630' title='bbox 2661 2654 2942 2707; x_wconf 84' lang='lat' dir='ltr'><strong>verborum</strong></span> <span class='ocrx_word' id='word_1_631' title='bbox 2967 2651 3162 2708; x_wconf 88' lang='lat' dir='ltr'><strong>Christi</strong></span> <span class='ocrx_word' id='word_1_632' title='bbox 3180 2652 3279 2723; x_wconf 87' lang='lat' dir='ltr'><strong>(a),</strong></span> <span class='ocrx_word' id='word_1_633' title='bbox 3307 2651 3383 2725; x_wconf 82' lang='lat' dir='ltr'><strong>[et</strong></span> <span class='ocrx_word' id='word_1_634' title='bbox 3405 2669 3541 2723; x_wconf 88' lang='lat' dir='ltr'><strong>quo-</strong></span> 
     </span>
    </p>
   </div>
   <div class='ocr_carea' id='block_1_83' title="bbox 1961 2741 3543 2815">
    <p class='ocr_par' dir='ltr' id='par_1_83' title="bbox 1961 2741 3543 2815">
     <span class='ocr_line' id='line_1_83' title="bbox 1961 2741 3543 2815; baseline -0.001 -16"><span class='ocrx_word' id='word_1_635' title='bbox 1961 2745 2118 2799; x_wconf 86' lang='lat' dir='ltr'><strong>modo</strong></span> <span class='ocrx_word' id='word_1_636' title='bbox 2148 2745 2387 2799; x_wconf 86' lang='lat' dir='ltr'><strong>evenerit</strong></span> <span class='ocrx_word' id='word_1_637' title='bbox 2410 2745 2459 2798; x_wconf 92' lang='lat' dir='ltr'><strong>id</strong></span> <span class='ocrx_word' id='word_1_638' title='bbox 2488 2744 2629 2814; x_wconf 86' lang='lat' dir='ltr'><strong>quod</strong></span> <span class='ocrx_word' id='word_1_639' title='bbox 2658 2744 2867 2798; x_wconf 89' lang='lat' dir='ltr'><strong>dicebat</strong></span> <span class='ocrx_word' id='word_1_640' title='bbox 2896 2761 2912 2797; x_wconf 89' lang='lat'><strong>:</strong></span> <span class='ocrx_word' id='word_1_641' title='bbox 2936 2741 2957 2815; x_wconf 89' lang='lat'>]</span> <span class='ocrx_word' id='word_1_642' title='bbox 2990 2744 3117 2796; x_wconf 80' lang='lat' dir='ltr'><strong>Cum</strong></span> <span class='ocrx_word' id='word_1_643' title='bbox 3146 2754 3314 2797; x_wconf 89' lang='lat' dir='ltr'><strong>autem</strong></span> <span class='ocrx_word' id='word_1_644' title='bbox 3342 2745 3543 2798; x_wconf 84' lang='lat' dir='ltr'><strong>tradent</strong></span> 
     </span>
    </p>
   </div>
   <div class='ocr_carea' id='block_1_84' title="bbox 1961 2835 3540 2910">
    <p class='ocr_par' dir='ltr' id='par_1_84' title="bbox 1961 2835 3540 2910">
     <span class='ocr_line' id='line_1_84' title="bbox 1961 2835 3540 2910; baseline -0.001 -19"><span class='ocrx_word' id='word_1_645' title='bbox 1961 2855 2046 2891; x_wconf 84' lang='lat' dir='ltr'><strong>vos</strong></span> <span class='ocrx_word' id='word_1_646' title='bbox 2087 2839 2139 2891; x_wconf 89' lang='lat' dir='ltr'><strong>in</strong></span> <span class='ocrx_word' id='word_1_647' title='bbox 2166 2839 2435 2910; x_wconf 87' lang='lat' dir='ltr'><strong>synagogis</strong></span> <span class='ocrx_word' id='word_1_648' title='bbox 2457 2879 2469 2901; x_wconf 91' lang='lat'><strong>,</strong></span> <span class='ocrx_word' id='word_1_649' title='bbox 2505 2854 2568 2891; x_wconf 85' lang='lat' dir='ltr'><strong>ne</strong></span> <span class='ocrx_word' id='word_1_650' title='bbox 2606 2837 2812 2890; x_wconf 87' lang='lat' dir='ltr'><strong>solliciti</strong></span> <span class='ocrx_word' id='word_1_651' title='bbox 2858 2836 2969 2890; x_wconf 88' lang='lat' dir='ltr'><strong>sitis</strong></span> <span class='ocrx_word' id='word_1_652' title='bbox 2998 2835 3246 2907; x_wconf 89' lang='lat' dir='ltr'><strong>quomodo</strong></span> <span class='ocrx_word' id='word_1_653' title='bbox 3287 2845 3373 2888; x_wconf 89' lang='lat' dir='ltr'><strong>aut</strong></span> <span class='ocrx_word' id='word_1_654' title='bbox 3416 2836 3540 2904; x_wconf 89' lang='lat' dir='ltr'><strong>quid</strong></span> 
     </span>
    </p>
   </div>
   <div class='ocr_carea' id='block_1_85' title="bbox 1962 2927 3542 3002">
    <p class='ocr_par' dir='ltr' id='par_1_85' title="bbox 1962 2927 3542 3002">
     <span class='ocr_line' id='line_1_85' title="bbox 1962 2927 3542 3002; baseline -0.005 -16"><span class='ocrx_word' id='word_1_655' title='bbox 1962 2931 2234 3002; x_wconf 81' lang='lat' dir='ltr'><strong>loquamini</strong></span> <span class='ocrx_word' id='word_1_656' title='bbox 2261 2946 2279 2983; x_wconf 84' lang='lat'><strong>.°</strong></span> <span class='ocrx_word' id='word_1_657' title='bbox 2310 2931 2534 3002; x_wconf 86' lang='lat' dir='ltr'><strong>Spiritus</strong></span> <span class='ocrx_word' id='word_1_658' title='bbox 2558 2930 2689 2984; x_wconf 88' lang='lat' dir='ltr'><strong>enim</strong></span> <span class='ocrx_word' id='word_1_659' title='bbox 2714 2927 2885 2982; x_wconf 87' lang='lat' dir='ltr'><strong>Patris</strong></span> <span class='ocrx_word' id='word_1_660' title='bbox 2915 2928 3065 2982; x_wconf 86' lang='lat' dir='ltr'><strong>vestri</strong></span> <span class='ocrx_word' id='word_1_661' title='bbox 3094 2937 3186 2991; x_wconf 85' lang='lat' dir='ltr'><strong>est,</strong></span> <span class='ocrx_word' id='word_1_662' title='bbox 3210 2928 3297 2998; x_wconf 85' lang='lat' dir='ltr'><strong>qui</strong></span> <span class='ocrx_word' id='word_1_663' title='bbox 3322 2927 3542 2997; x_wconf 86' lang='lat' dir='ltr'><strong>loquitur</strong></span> 
     </span>
    </p>
   </div>
   <div class='ocr_carea' id='block_1_86' title="bbox 1962 3020 3541 3092">
    <p class='ocr_par' dir='ltr' id='par_1_86' title="bbox 1962 3020 3541 3092">
     <span class='ocr_line' id='line_1_86' title="bbox 1962 3020 3541 3092; baseline -0.004 -14"><span class='ocrx_word' id='word_1_664' title='bbox 1962 3026 2014 3078; x_wconf 89' lang='lat' dir='ltr'><strong>in</strong></span> <span class='ocrx_word' id='word_1_665' title='bbox 2043 3024 2178 3078; x_wconf 86' lang='lat' dir='ltr'><strong>vobis</strong></span> <span class='ocrx_word' id='word_1_666' title='bbox 2209 3022 2378 3092; x_wconf 86' lang='lat' dir='ltr'><strong>(Luc.</strong></span> <span class='ocrx_word' id='word_1_667' title='bbox 2408 3022 2495 3076; x_wconf 73' lang='lat'><strong>1‘2.</strong></span> <span class='ocrx_word' id='word_1_668' title='bbox 2530 3023 2615 3077; x_wconf 81' lang='lat' dir='ltr'><strong>li.</strong></span> <span class='ocrx_word' id='word_1_669' title='bbox 2652 3021 2718 3075; x_wconf 73' lang='lat'><strong>1?.</strong></span> <span class='ocrx_word' id='word_1_670' title='bbox 2740 3020 2781 3091; x_wconf 90' lang='lat'><strong>).</strong></span> <span class='ocrx_word' id='word_1_671' title='bbox 2834 3020 2974 3090; x_wconf 85' lang='lat' dir='ltr'><strong>Ergo</strong></span> <span class='ocrx_word' id='word_1_672' title='bbox 3020 3035 3264 3089; x_wconf 88' lang='lat' dir='ltr'><strong>magnam</strong></span> <span class='ocrx_word' id='word_1_673' title='bbox 3316 3033 3541 3087; x_wconf 88' lang='lat' dir='ltr'><strong>accepe-</strong></span> 
     </span>
    </p>
   </div>
   <div class='ocr_carea' id='block_1_87' title="bbox 1965 3108 3544 3181">
    <p class='ocr_par' dir='ltr' id='par_1_87' title="bbox 1965 3108 3544 3181">
     <span class='ocr_line' id='line_1_87' title="bbox 1965 3108 3544 3181; baseline -0.005 -10"><span class='ocrx_word' id='word_1_674' title='bbox 1965 3124 2086 3171; x_wconf 91' lang='lat' dir='ltr'><strong>rant</strong></span> <span class='ocrx_word' id='word_1_675' title='bbox 2126 3114 2438 3171; x_wconf 86' lang='lat' dir='ltr'><strong>efficaciam.</strong></span> <span class='ocrx_word' id='word_1_676' title='bbox 2488 3112 2625 3181; x_wconf 86' lang='lat' dir='ltr'><strong>Quid</strong></span> <span class='ocrx_word' id='word_1_677' title='bbox 2669 3127 2797 3167; x_wconf 86' lang='lat' dir='ltr'><strong>vero</strong></span> <span class='ocrx_word' id='word_1_678' title='bbox 2841 3112 3019 3178; x_wconf 87' lang='lat' dir='ltr'><strong>dicat,</strong></span> <span class='ocrx_word' id='word_1_679' title='bbox 3061 3112 3222 3165; x_wconf 89' lang='lat' dir='ltr'><strong>audi:</strong></span> <span class='ocrx_word' id='word_1_680' title='bbox 3274 3108 3544 3179; x_wconf 85' lang='lat' dir='ltr'><strong>Principes</strong></span> 
     </span>
    </p>
   </div>
   <div class='ocr_carea' id='block_1_88' title="bbox 1966 3203 3542 3283">
    <p class='ocr_par' dir='ltr' id='par_1_88' title="bbox 1966 3203 3542 3283">
     <span class='ocr_line' id='line_1_88' title="bbox 1966 3203 3542 3283; baseline -0.005 -17"><span class='ocrx_word' id='word_1_681' title='bbox 1966 3212 2174 3283; x_wconf 87' lang='lat' dir='ltr'><strong>populi,</strong></span> <span class='ocrx_word' id='word_1_682' title='bbox 2221 3219 2269 3264; x_wconf 88' lang='lat' dir='ltr'><strong>et</strong></span> <span class='ocrx_word' id='word_1_683' title='bbox 2311 3210 2528 3263; x_wconf 87' lang='lat' dir='ltr'><strong>seniores</strong></span> <span class='ocrx_word' id='word_1_684' title='bbox 2583 3206 2766 3261; x_wconf 89' lang='lat' dir='ltr'><strong>Israel.</strong></span> <span class='ocrx_word' id='word_1_685' title='bbox 2806 3206 2936 3261; x_wconf 83' lang='lat' dir='ltr'><strong>Vide</strong></span> <span class='ocrx_word' id='word_1_686' title='bbox 2983 3204 3368 3275; x_wconf 86' lang='lat' dir='ltr'><strong>philosophiam</strong></span> <span class='ocrx_word' id='word_1_687' title='bbox 3414 3203 3542 3269; x_wconf 87' lang='lat' dir='ltr'><strong>viri,</strong></span> 
     </span>
    </p>
   </div>
   <div class='ocr_carea' id='block_1_89' title="bbox 1967 3294 3542 3374">
    <p class='ocr_par' dir='ltr' id='par_1_89' title="bbox 1967 3294 3542 3374">
     <span class='ocr_line' id='line_1_89' title="bbox 1967 3294 3542 3374; baseline -0.007 -14"><span class='ocrx_word' id='word_1_688' title='bbox 1967 3314 2020 3360; x_wconf 92' lang='lat' dir='ltr'><strong>et</strong></span> <span class='ocrx_word' id='word_1_689' title='bbox 2069 3301 2335 3374; x_wconf 89' lang='lat' dir='ltr'><strong>quomodo</strong></span> <span class='ocrx_word' id='word_1_690' title='bbox 2380 3301 2565 3356; x_wconf 87' lang='lat' dir='ltr'><strong>tiducia</strong></span> <span class='ocrx_word' id='word_1_691' title='bbox 2607 3300 2796 3371; x_wconf 86' lang='lat' dir='ltr'><strong>plenus</strong></span> <span class='ocrx_word' id='word_1_692' title='bbox 2836 3297 2965 3352; x_wconf 89' lang='lat' dir='ltr'><strong>nihil</strong></span> <span class='ocrx_word' id='word_1_693' title='bbox 3017 3296 3403 3351; x_wconf 91' lang='lat' dir='ltr'><strong>contumeliose</strong></span> <span class='ocrx_word' id='word_1_694' title='bbox 3458 3294 3542 3349; x_wconf 89' lang='lat' dir='ltr'><strong>di-</strong></span> 
     </span>
    </p>
   </div>
   <div class='ocr_carea' id='block_1_90' title="bbox 1964 3387 3535 3459">
    <p class='ocr_par' dir='ltr' id='par_1_90' title="bbox 1964 3387 3535 3459">
     <span class='ocr_line' id='line_1_90' title="bbox 1964 3387 3535 3459; baseline -0.006 -10"><span class='ocrx_word' id='word_1_695' title='bbox 1964 3404 2080 3459; x_wconf 88' lang='lat' dir='ltr'><strong>cat,</strong></span> <span class='ocrx_word' id='word_1_696' title='bbox 2126 3395 2217 3451; x_wconf 85' lang='lat' dir='ltr'><strong>sed</strong></span> <span class='ocrx_word' id='word_1_697' title='bbox 2249 3410 2369 3450; x_wconf 90' lang='lat' dir='ltr'><strong>cum</strong></span> <span class='ocrx_word' id='word_1_698' title='bbox 2402 3393 2603 3446; x_wconf 90' lang='lat' dir='ltr'><strong>honore</strong></span> <span class='ocrx_word' id='word_1_699' title='bbox 2636 3409 2648 3444; x_wconf 93' lang='lat'><strong>:</strong></span> <span class='ocrx_word' id='word_1_700' title='bbox 2684 3390 2947 3458; x_wconf 86' lang='lat' dir='ltr'><strong>Principes</strong></span> <span class='ocrx_word' id='word_1_701' title='bbox 2991 3388 3200 3458; x_wconf 88' lang='lat' dir='ltr'><strong>populi,</strong></span> <span class='ocrx_word' id='word_1_702' title='bbox 3250 3387 3454 3456; x_wconf 89' lang='lat' dir='ltr'><strong>inquit,</strong></span> <span class='ocrx_word' id='word_1_703' title='bbox 3487 3398 3535 3440; x_wconf 83' lang='lat' dir='ltr'><strong>et</strong></span> 
     </span>
    </p>
   </div>
   <div class='ocr_carea' id='block_1_91' title="bbox 1968 3479 3549 3547">
    <p class='ocr_par' dir='ltr' id='par_1_91' title="bbox 1968 3479 3549 3547">
     <span class='ocr_line' id='line_1_91' title="bbox 1968 3479 3549 3547; baseline -0.006 -6"><span class='ocrx_word' id='word_1_704' title='bbox 1968 3488 2186 3542; x_wconf 86' lang='lat' dir='ltr'><strong>seniores</strong></span> <span class='ocrx_word' id='word_1_705' title='bbox 2212 3485 2406 3541; x_wconf 80' lang='lat' dir='ltr'><strong>Israel:</strong></span> <span class='ocrx_word' id='word_1_706' title='bbox 2428 3484 2480 3541; x_wconf 89' lang='lat'><strong>9.</strong></span> <span class='ocrx_word' id='word_1_707' title='bbox 2508 3485 2551 3539; x_wconf 87' lang='lat' dir='ltr'><strong>si</strong></span> <span class='ocrx_word' id='word_1_708' title='bbox 2574 3499 2663 3537; x_wconf 90' lang='lat' dir='ltr'><strong>nos</strong></span> <span class='ocrx_word' id='word_1_709' title='bbox 2685 3483 2833 3537; x_wconf 83' lang='lat' dir='ltr'><strong>hodie</strong></span> <span class='ocrx_word' id='word_1_710' title='bbox 2852 3481 3194 3547; x_wconf 82' lang='lat' dir='ltr'><strong>diiudicantur</strong></span> <span class='ocrx_word' id='word_1_711' title='bbox 3214 3481 3267 3531; x_wconf 89' lang='lat' dir='ltr'><strong>in</strong></span> <span class='ocrx_word' id='word_1_712' title='bbox 3287 3479 3549 3547; x_wconf 73' lang='lat' dir='ltr'><strong>benefacta</strong></span> 
     </span>
    </p>
   </div>
   <div class='ocr_carea' id='block_1_92' title="bbox 1970 3570 3541 3646">
    <p class='ocr_par' dir='ltr' id='par_1_92' title="bbox 1970 3570 3541 3646">
     <span class='ocr_line' id='line_1_92' title="bbox 1970 3570 3541 3646; baseline -0.007 -14"><span class='ocrx_word' id='word_1_713' title='bbox 1970 3579 2185 3633; x_wconf 88' lang='lat' dir='ltr'><strong>hominis</strong></span> <span class='ocrx_word' id='word_1_714' title='bbox 2213 3578 2435 3645; x_wconf 78' lang='lat' dir='ltr'><strong>infirmi,</strong></span> <span class='ocrx_word' id='word_1_715' title='bbox 2465 3577 2517 3629; x_wconf 90' lang='lat' dir='ltr'><strong>in</strong></span> <span class='ocrx_word' id='word_1_716' title='bbox 2547 3592 2645 3646; x_wconf 86' lang='lat' dir='ltr'><strong>quo</strong></span> <span class='ocrx_word' id='word_1_717' title='bbox 2672 3576 2762 3628; x_wconf 88' lang='lat' dir='ltr'><strong>iste</strong></span> <span class='ocrx_word' id='word_1_718' title='bbox 2777 3574 2943 3627; x_wconf 86' lang='lat' dir='ltr'><strong>salvus</strong></span> <span class='ocrx_word' id='word_1_719' title='bbox 2976 3576 3139 3643; x_wconf 83' lang='lat' dir='ltr'><strong>factus</strong></span> <span class='ocrx_word' id='word_1_720' title='bbox 3171 3579 3244 3624; x_wconf 86' lang='lat' dir='ltr'><strong>est</strong></span> <span class='ocrx_word' id='word_1_721' title='bbox 3269 3610 3285 3635; x_wconf 93' lang='lat'><strong>,</strong></span> <span class='ocrx_word' id='word_1_722' title='bbox 3320 3570 3407 3624; x_wconf 86' lang='grc'><strong>10.</strong></span> <span class='ocrx_word' id='word_1_723' title='bbox 3442 3586 3541 3622; x_wconf 82' lang='lat' dir='ltr'><strong>no-</strong></span> 
     </span>
    </p>
   </div>
   <div class='ocr_carea' id='block_1_93' title="bbox 1971 3662 3548 3736">
    <p class='ocr_par' dir='ltr' id='par_1_93' title="bbox 1971 3662 3548 3736">
     <span class='ocr_line' id='line_1_93' title="bbox 1971 3662 3548 3736; baseline -0.003 -13"><span class='ocrx_word' id='word_1_724' title='bbox 1971 3680 2074 3723; x_wconf 89' lang='lat' dir='ltr'><strong>tum</strong></span> <span class='ocrx_word' id='word_1_725' title='bbox 2104 3671 2167 3723; x_wconf 90' lang='lat' dir='ltr'><strong>sit</strong></span> <span class='ocrx_word' id='word_1_726' title='bbox 2209 3669 2378 3733; x_wconf 87' lang='lat' dir='ltr'><strong>vobis,</strong></span> <span class='ocrx_word' id='word_1_727' title='bbox 2410 3678 2457 3721; x_wconf 89' lang='lat' dir='ltr'><strong>et</strong></span> <span class='ocrx_word' id='word_1_728' title='bbox 2501 3667 2639 3721; x_wconf 87' lang='lat' dir='ltr'><strong>omni</strong></span> <span class='ocrx_word' id='word_1_729' title='bbox 2683 3665 2815 3736; x_wconf 88' lang='lat' dir='ltr'><strong>plebi</strong></span> <span class='ocrx_word' id='word_1_730' title='bbox 2854 3663 3039 3718; x_wconf 85' lang='lat' dir='ltr'><strong>Israel.</strong></span> <span class='ocrx_word' id='word_1_731' title='bbox 3090 3662 3317 3716; x_wconf 76' lang='lat' dir='ltr'><strong>Strenue</strong></span> <span class='ocrx_word' id='word_1_732' title='bbox 3356 3662 3475 3715; x_wconf 90' lang='lat' dir='ltr'><strong>illos</strong></span> <span class='ocrx_word' id='word_1_733' title='bbox 3516 3678 3548 3718; x_wconf 87' lang='lat' dir='ltr'><strong>a</strong></span> 
     </span>
    </p>
   </div>
   <div class='ocr_carea' id='block_1_94' title="bbox 1972 3754 3549 3832">
    <p class='ocr_par' dir='ltr' id='par_1_94' title="bbox 1972 3754 3549 3832">
     <span class='ocr_line' id='line_1_94' title="bbox 1972 3754 3549 3832; baseline -0.005 -17"><span class='ocrx_word' id='word_1_734' title='bbox 1972 3761 2232 3832; x_wconf 90' lang='lat' dir='ltr'><strong>principio</strong></span> <span class='ocrx_word' id='word_1_735' title='bbox 2257 3759 2565 3829; x_wconf 85' lang='lat' dir='ltr'><strong>perstringit</strong></span> <span class='ocrx_word' id='word_1_736' title='bbox 2592 3766 2646 3812; x_wconf 90' lang='lat' dir='ltr'><strong>et</strong></span> <span class='ocrx_word' id='word_1_737' title='bbox 2668 3756 2842 3825; x_wconf 89' lang='lat' dir='ltr'><strong>carpit</strong></span> <span class='ocrx_word' id='word_1_738' title='bbox 2865 3772 2879 3819; x_wconf 88' lang='lat'><strong>;</strong></span> <span class='ocrx_word' id='word_1_739' title='bbox 2913 3756 3018 3807; x_wconf 92' lang='lat' dir='ltr'><strong>imo</strong></span> <span class='ocrx_word' id='word_1_740' title='bbox 3040 3754 3145 3807; x_wconf 89' lang='lat' dir='ltr'><strong>illis</strong></span> <span class='ocrx_word' id='word_1_741' title='bbox 3170 3754 3345 3822; x_wconf 90' lang='lat' dir='ltr'><strong>priora</strong></span> <span class='ocrx_word' id='word_1_742' title='bbox 3364 3754 3417 3807; x_wconf 90' lang='lat' dir='ltr'><strong>in</strong></span> <span class='ocrx_word' id='word_1_743' title='bbox 3437 3768 3549 3807; x_wconf 86' lang='lat' dir='ltr'><strong>me-</strong></span> 
     </span>
    </p>
   </div>
   <div class='ocr_carea' id='block_1_95' title="bbox 1970 3845 3547 3920">
    <p class='ocr_par' dir='ltr' id='par_1_95' title="bbox 1970 3845 3547 3920">
     <span class='ocr_line' id='line_1_95' title="bbox 1970 3845 3547 3920; baseline -0.006 -11"><span class='ocrx_word' id='word_1_744' title='bbox 1970 3856 2192 3909; x_wconf 89' lang='lat' dir='ltr'><strong>moriam</strong></span> <span class='ocrx_word' id='word_1_745' title='bbox 2224 3861 2475 3917; x_wconf 89' lang='lat' dir='ltr'><strong>revocat,</strong></span> <span class='ocrx_word' id='word_1_746' title='bbox 2514 3851 2651 3920; x_wconf 90' lang='lat' dir='ltr'><strong>quod</strong></span> <span class='ocrx_word' id='word_1_747' title='bbox 2706 3850 2822 3902; x_wconf 90' lang='lat' dir='ltr'><strong>illos</strong></span> <span class='ocrx_word' id='word_1_748' title='bbox 2850 3848 2918 3902; x_wconf 90' lang='lat' dir='ltr'><strong>de</strong></span> <span class='ocrx_word' id='word_1_749' title='bbox 2958 3845 3217 3901; x_wconf 81' lang='lat' dir='ltr'><strong>beneficio</strong></span> <span class='ocrx_word' id='word_1_750' title='bbox 3254 3846 3306 3900; x_wconf 92' lang='lat' dir='ltr'><strong>in</strong></span> <span class='ocrx_word' id='word_1_751' title='bbox 3333 3846 3421 3914; x_wconf 89' lang='lat' dir='ltr'><strong>jus</strong></span> <span class='ocrx_word' id='word_1_752' title='bbox 3448 3861 3547 3899; x_wconf 91' lang='lat' dir='ltr'><strong>vo-</strong></span> 
     </span>
    </p>
   </div>
   <div class='ocr_carea' id='block_1_96' title="bbox 1973 3937 3552 4011">
    <p class='ocr_par' dir='ltr' id='par_1_96' title="bbox 1973 3937 3552 4011">
     <span class='ocr_line' id='line_1_96' title="bbox 1973 3937 3552 4011; baseline -0.006 -11"><span class='ocrx_word' id='word_1_753' title='bbox 1973 3955 2131 4011; x_wconf 87' lang='lat' dir='ltr'><strong>cent,</strong></span> <span class='ocrx_word' id='word_1_754' title='bbox 2158 3960 2221 3999; x_wconf 85' lang='lat' dir='ltr'><strong>ac.</strong></span> <span class='ocrx_word' id='word_1_755' title='bbox 2250 3945 2293 3998; x_wconf 88' lang='lat' dir='ltr'><strong>si</strong></span> <span class='ocrx_word' id='word_1_756' title='bbox 2334 3945 2537 3998; x_wconf 89' lang='lat' dir='ltr'><strong>diceret</strong></span> <span class='ocrx_word' id='word_1_757' title='bbox 2568 3961 2581 3994; x_wconf 83' lang='lat'><strong>:</strong></span> <span class='ocrx_word' id='word_1_758' title='bbox 2614 3941 2806 4009; x_wconf 87' lang='lat' dir='ltr'><strong>Utique</strong></span> <span class='ocrx_word' id='word_1_759' title='bbox 2841 3939 3127 4008; x_wconf 87' lang='lat' dir='ltr'><strong>oportebat</strong></span> <span class='ocrx_word' id='word_1_760' title='bbox 3156 3953 3254 3992; x_wconf 85' lang='lat' dir='ltr'><strong>nos</strong></span> <span class='ocrx_word' id='word_1_761' title='bbox 3280 3937 3379 3991; x_wconf 85' lang='lat' dir='ltr'><strong>hac</strong></span> <span class='ocrx_word' id='word_1_762' title='bbox 3401 3937 3466 3991; x_wconf 89' lang='lat' dir='ltr'><strong>de</strong></span> <span class='ocrx_word' id='word_1_763' title='bbox 3491 3953 3552 3991; x_wconf 86' lang='lat' dir='ltr'><strong>rc</strong></span> 
     </span>
    </p>
   </div>
   <div class='ocr_carea' id='block_1_97' title="bbox 1973 4030 3547 4107">
    <p class='ocr_par' dir='ltr' id='par_1_97' title="bbox 1973 4030 3547 4107">
     <span class='ocr_line' id='line_1_97' title="bbox 1973 4030 3547 4107; baseline -0.008 -14"><span class='ocrx_word' id='word_1_764' title='bbox 1973 4038 2256 4102; x_wconf 87' lang='lat' dir='ltr'><strong>coronari,</strong></span> <span class='ocrx_word' id='word_1_765' title='bbox 2288 4047 2447 4107; x_wconf 89' lang='lat' dir='ltr'><strong>atque</strong></span> <span class='ocrx_word' id='word_1_766' title='bbox 2478 4043 2536 4089; x_wconf 88' lang='lat' dir='ltr'><strong>ut</strong></span> <span class='ocrx_word' id='word_1_767' title='bbox 2572 4034 2837 4088; x_wconf 81' lang='lat' dir='ltr'><strong>beneficos</strong></span> <span class='ocrx_word' id='word_1_768' title='bbox 2882 4030 3246 4101; x_wconf 85' lang='lat' dir='ltr'><strong>promulgari;</strong></span> <span class='ocrx_word' id='word_1_769' title='bbox 3282 4044 3422 4083; x_wconf 91' lang='lat' dir='ltr'><strong>nunc</strong></span> <span class='ocrx_word' id='word_1_770' title='bbox 3450 4044 3547 4082; x_wconf 90' lang='lat' dir='ltr'><strong>au-</strong></span> 
     </span>
    </p>
   </div>
   <div class='ocr_carea' id='block_1_98' title="bbox 1977 4119 3548 4199">
    <p class='ocr_par' dir='ltr' id='par_1_98' title="bbox 1977 4119 3548 4199">
     <span class='ocr_line' id='line_1_98' title="bbox 1977 4119 3548 4199; baseline -0.008 -14"><span class='ocrx_word' id='word_1_771' title='bbox 1977 4140 2081 4185; x_wconf 90' lang='lat' dir='ltr'><strong>tem</strong></span> <span class='ocrx_word' id='word_1_772' title='bbox 2112 4131 2164 4184; x_wconf 92' lang='lat' dir='ltr'><strong>in</strong></span> <span class='ocrx_word' id='word_1_773' title='bbox 2192 4130 2277 4199; x_wconf 88' lang='lat' dir='ltr'><strong>jus</strong></span> <span class='ocrx_word' id='word_1_774' title='bbox 2299 4142 2571 4191; x_wconf 86' lang='lat' dir='ltr'><strong>vocamur,</strong></span> <span class='ocrx_word' id='word_1_775' title='bbox 2611 4126 2731 4195; x_wconf 88' lang='lat' dir='ltr'><strong>quia</strong></span> <span class='ocrx_word' id='word_1_776' title='bbox 2766 4124 2901 4179; x_wconf 88' lang='lat' dir='ltr'><strong>bene</strong></span> <span class='ocrx_word' id='word_1_777' title='bbox 2929 4122 3151 4177; x_wconf 89' lang='lat' dir='ltr'><strong>fecimus</strong></span> <span class='ocrx_word' id='word_1_778' title='bbox 3173 4120 3371 4175; x_wconf 85' lang='lat' dir='ltr'><strong>hemini</strong></span> <span class='ocrx_word' id='word_1_779' title='bbox 3397 4119 3548 4174; x_wconf 85' lang='lat' dir='ltr'><strong>infir-</strong></span> 
     </span>
    </p>
   </div>
   <div class='ocr_carea' id='block_1_99' title="bbox 1977 4213 3551 4292">
    <p class='ocr_par' dir='ltr' id='par_1_99' title="bbox 1977 4213 3551 4292">
     <span class='ocr_line' id='line_1_99' title="bbox 1977 4213 3551 4292; baseline -0.007 -14"><span class='ocrx_word' id='word_1_780' title='bbox 1977 4238 2085 4286; x_wconf 89' lang='lat' dir='ltr'><strong>mo,</strong></span> <span class='ocrx_word' id='word_1_781' title='bbox 2106 4238 2210 4278; x_wconf 92' lang='lat' dir='ltr'><strong>non</strong></span> <span class='ocrx_word' id='word_1_782' title='bbox 2234 4220 2457 4292; x_wconf 89' lang='lat' dir='ltr'><strong>potenti,</strong></span> <span class='ocrx_word' id='word_1_783' title='bbox 2480 4235 2584 4273; x_wconf 90' lang='lat' dir='ltr'><strong>non</strong></span> <span class='ocrx_word' id='word_1_784' title='bbox 2603 4217 2787 4283; x_wconf 90' lang='lat' dir='ltr'><strong>nobili;</strong></span> <span class='ocrx_word' id='word_1_785' title='bbox 2811 4230 3132 4288; x_wconf 89' lang='lat' dir='ltr'><strong>quamquam</strong></span> <span class='ocrx_word' id='word_1_786' title='bbox 3153 4224 3205 4269; x_wconf 92' lang='lat' dir='ltr'><strong>et</strong></span> <span class='ocrx_word' id='word_1_787' title='bbox 3227 4215 3278 4268; x_wconf 92' lang='lat' dir='ltr'><strong>in</strong></span> <span class='ocrx_word' id='word_1_788' title='bbox 3310 4213 3411 4267; x_wconf 91' lang='lat' dir='ltr'><strong>hoc</strong></span> <span class='ocrx_word' id='word_1_789' title='bbox 3432 4214 3551 4284; x_wconf 89' lang='lat' dir='ltr'><strong>quis</strong></span> 
     </span>
    </p>
   </div>
   <div class='ocr_carea' id='block_1_100' title="bbox 1978 4313 2289 4371">
    <p class='ocr_par' dir='ltr' id='par_1_100' title="bbox 1978 4313 2289 4371">
     <span class='ocr_line' id='line_1_100' title="bbox 1978 4313 2289 4371; baseline -0.013 -1"><span class='ocrx_word' id='word_1_790' title='bbox 1978 4313 2289 4371; x_wconf 84' lang='lat' dir='ltr'><strong>invidisset?</strong></span> 
     </span>
    </p>
   </div>
   <div class='ocr_carea' id='block_1_101' title="bbox 2045 4395 3547 4475">
    <p class='ocr_par' dir='ltr' id='par_1_101' title="bbox 2045 4395 3547 4475">
     <span class='ocr_line' id='line_1_101' title="bbox 2045 4395 3547 4475; baseline -0.011 -14"><span class='ocrx_word' id='word_1_791' title='bbox 2045 4408 2099 4461; x_wconf 70' lang='lat'><strong>2.</strong></span> <span class='ocrx_word' id='word_1_792' title='bbox 2119 4406 2301 4475; x_wconf 81' lang='lat' dir='ltr'><strong>Magna</strong></span> <span class='ocrx_word' id='word_1_793' title='bbox 2317 4404 2572 4473; x_wconf 88' lang='lat' dir='ltr'><strong>gravitate</strong></span> <span class='ocrx_word' id='word_1_794' title='bbox 2596 4400 2872 4455; x_wconf 80' lang='lat' dir='ltr'><strong>exordium</strong></span> <span class='ocrx_word' id='word_1_795' title='bbox 2919 4399 3130 4467; x_wconf 88' lang='lat' dir='ltr'><strong>plenum</strong></span> <span class='ocrx_word' id='word_1_796' title='bbox 3152 4406 3254 4451; x_wconf 91' lang='lat' dir='ltr'><strong>cst.</strong></span> <span class='ocrx_word' id='word_1_797' title='bbox 3276 4395 3408 4449; x_wconf 87' lang='lat' dir='ltr'><strong>Hinc</strong></span> <span class='ocrx_word' id='word_1_798' title='bbox 3423 4409 3547 4449; x_wconf 85' lang='lat' dir='ltr'><strong>vero</strong></span> 
     </span>
    </p>
   </div>
   <div class='ocr_carea' id='block_1_102' title="bbox 1978 4485 3549 4565">
    <p class='ocr_par' dir='ltr' id='par_1_102' title="bbox 1978 4485 3549 4565">
     <span class='ocr_line' id='line_1_102' title="bbox 1978 4485 3549 4565; baseline -0.011 -11"><span class='ocrx_word' id='word_1_799' title='bbox 1978 4500 2272 4555; x_wconf 82' lang='lat' dir='ltr'><strong>ostenditur</strong></span> <span class='ocrx_word' id='word_1_800' title='bbox 2307 4498 2450 4565; x_wconf 85' lang='lat' dir='ltr'><strong>ipsos</strong></span> <span class='ocrx_word' id='word_1_801' title='bbox 2471 4508 2591 4549; x_wconf 89' lang='lat' dir='ltr'><strong>sese</strong></span> <span class='ocrx_word' id='word_1_802' title='bbox 2614 4492 2769 4547; x_wconf 87' lang='lat' dir='ltr'><strong>malis</strong></span> <span class='ocrx_word' id='word_1_803' title='bbox 2796 4490 3086 4559; x_wconf 84' lang='lat' dir='ltr'><strong>implicare.</strong></span> <span class='ocrx_word' id='word_1_804' title='bbox 3112 4488 3242 4553; x_wconf 84' lang='lat' dir='ltr'><strong>Quia</strong></span> <span class='ocrx_word' id='word_1_805' title='bbox 3263 4487 3315 4540; x_wconf 88' lang='lat' dir='ltr'><strong>in</strong></span> <span class='ocrx_word' id='word_1_806' title='bbox 3345 4485 3549 4540; x_wconf 86' lang='lat' dir='ltr'><strong>nomine</strong></span> 
     </span>
    </p>
   </div>
   <div class='ocr_carea' id='block_1_103' title="bbox 1978 4577 3549 4649">
    <p class='ocr_par' dir='ltr' id='par_1_103' title="bbox 1978 4577 3549 4649">
     <span class='ocr_line' id='line_1_103' title="bbox 1978 4577 3549 4649; baseline -0.011 -3"><span class='ocrx_word' id='word_1_807' title='bbox 1978 4592 2102 4646; x_wconf 86' lang='lat' dir='ltr'><strong>Jesu</strong></span> <span class='ocrx_word' id='word_1_808' title='bbox 2129 4590 2313 4643; x_wconf 86' lang='lat' dir='ltr'><strong>Christi</strong></span> <span class='ocrx_word' id='word_1_809' title='bbox 2337 4585 2614 4640; x_wconf 77' lang='lat' dir='ltr'><strong>Nazareni.</strong></span> <span class='ocrx_word' id='word_1_810' title='bbox 2638 4584 2790 4649; x_wconf 83' lang='lat' dir='ltr'><strong>Quod</strong></span> <span class='ocrx_word' id='word_1_811' title='bbox 2832 4582 2951 4637; x_wconf 88' lang='lat' dir='ltr'><strong>illos</strong></span> <span class='ocrx_word' id='word_1_812' title='bbox 2990 4580 3219 4633; x_wconf 81' lang='lat' dir='ltr'><strong>maxime</strong></span> <span class='ocrx_word' id='word_1_813' title='bbox 3256 4577 3549 4631; x_wconf 88' lang='lat' dir='ltr'><strong>contrista-</strong></span> 
     </span>
    </p>
   </div>
   <div class='ocr_carea' id='block_1_104' title="bbox 1980 4669 3545 4751">
    <p class='ocr_par' dir='ltr' id='par_1_104' title="bbox 1980 4669 3545 4751">
     <span class='ocr_line' id='line_1_104' title="bbox 1980 4669 3545 4751; baseline -0.013 -13"><span class='ocrx_word' id='word_1_814' title='bbox 1980 4685 2089 4749; x_wconf 81' lang='lat' dir='ltr'><strong>bat,</strong></span> <span class='ocrx_word' id='word_1_815' title='bbox 2123 4682 2320 4751; x_wconf 83' lang='lat' dir='ltr'><strong>adjicit.</strong></span> <span class='ocrx_word' id='word_1_816' title='bbox 2361 4680 2471 4735; x_wconf 84' lang='lat' dir='ltr'><strong>Hoc</strong></span> <span class='ocrx_word' id='word_1_817' title='bbox 2516 4685 2650 4741; x_wconf 89' lang='lat' dir='ltr'><strong>erat,</strong></span> <span class='ocrx_word' id='word_1_818' title='bbox 2689 4675 2827 4745; x_wconf 86' lang='lat' dir='ltr'><strong>quod</strong></span> <span class='ocrx_word' id='word_1_819' title='bbox 2868 4674 3077 4727; x_wconf 88' lang='lat' dir='ltr'><strong>dicebat</strong></span> <span class='ocrx_word' id='word_1_820' title='bbox 3117 4671 3220 4724; x_wconf 90' lang='lat' dir='ltr'><strong>illis</strong></span> <span class='ocrx_word' id='word_1_821' title='bbox 3262 4669 3545 4724; x_wconf 87' lang='lat' dir='ltr'><strong>Christus:</strong></span> 
     </span>
    </p>
   </div>
   <div class='ocr_carea' id='block_1_105' title="bbox 1987 4757 3546 4837">
    <p class='ocr_par' dir='ltr' id='par_1_105' title="bbox 1987 4757 3546 4837">
     <span class='ocr_line' id='line_1_105' title="bbox 1987 4757 3546 4837; baseline -0.01 -12"><span class='ocrx_word' id='word_1_822' title='bbox 1987 4770 2139 4837; x_wconf 85' lang='lat' dir='ltr'><strong>Quod</strong></span> <span class='ocrx_word' id='word_1_823' title='bbox 2155 4772 2212 4828; x_wconf 88' lang='lat' dir='ltr'><strong>in</strong></span> <span class='ocrx_word' id='word_1_824' title='bbox 2227 4783 2353 4825; x_wconf 85' lang='lat' dir='ltr'><strong>aure</strong></span> <span class='ocrx_word' id='word_1_825' title='bbox 2377 4770 2589 4822; x_wconf 90' lang='lat' dir='ltr'><strong>audistis</strong></span> <span class='ocrx_word' id='word_1_826' title='bbox 2614 4809 2629 4833; x_wconf 92' lang='lat'><strong>,</strong></span> <span class='ocrx_word' id='word_1_827' title='bbox 2683 4767 2951 4834; x_wconf 68' lang='lat' dir='ltr'><strong>prmdicate</strong></span> <span class='ocrx_word' id='word_1_828' title='bbox 2979 4777 3130 4828; x_wconf 86' lang='lat' dir='ltr'><strong>super</strong></span> <span class='ocrx_word' id='word_1_829' title='bbox 3156 4769 3282 4812; x_wconf 84' lang='lat' dir='ltr'><strong>tecta</strong></span> <span class='ocrx_word' id='word_1_830' title='bbox 3324 4757 3546 4827; x_wconf 83' lang='lat' dir='ltr'><strong>(Matth.</strong></span> 
     </span>
    </p>
   </div>
   <div class='ocr_carea' id='block_1_106' title="bbox 1982 4852 3550 4936">
    <p class='ocr_par' dir='ltr' id='par_1_106' title="bbox 1982 4852 3550 4936">
     <span class='ocr_line' id='line_1_106' title="bbox 1982 4852 3550 4936; baseline -0.014 -14"><span class='ocrx_word' id='word_1_831' title='bbox 1982 4869 2067 4923; x_wconf 76' lang='grc'><strong>10.</strong></span> <span class='ocrx_word' id='word_1_832' title='bbox 2093 4867 2217 4936; x_wconf 73' lang='lat'><strong>27).</strong></span> <span class='ocrx_word' id='word_1_833' title='bbox 2250 4865 2312 4918; x_wconf 82' lang='lat' dir='ltr'><strong>lit</strong></span> <span class='ocrx_word' id='word_1_834' title='bbox 2341 4865 2540 4917; x_wconf 85' lang='lat' dir='ltr'><strong>nomine</strong></span> <span class='ocrx_word' id='word_1_835' title='bbox 2581 4861 2706 4914; x_wconf 84' lang='lat' dir='ltr'><strong>Jesu</strong></span> <span class='ocrx_word' id='word_1_836' title='bbox 2750 4856 2937 4912; x_wconf 83' lang='lat' dir='ltr'><strong>Christi</strong></span> <span class='ocrx_word' id='word_1_837' title='bbox 2969 4852 3260 4918; x_wconf 80' lang='lat' dir='ltr'><strong>Nazareni,</strong></span> <span class='ocrx_word' id='word_1_838' title='bbox 3298 4865 3444 4922; x_wconf 87' lang='lat' dir='ltr'><strong>quem</strong></span> <span class='ocrx_word' id='word_1_839' title='bbox 3463 4865 3550 4902; x_wconf 85' lang='lat' dir='ltr'><strong>vos</strong></span> 
     </span>
    </p>
   </div>
   <div class='ocr_carea' id='block_1_107' title="bbox 1980 4942 3549 5027">
    <p class='ocr_par' dir='ltr' id='par_1_107' title="bbox 1980 4942 3549 5027">
     <span class='ocr_line' id='line_1_107' title="bbox 1980 4942 3549 5027; baseline -0.013 -12"><span class='ocrx_word' id='word_1_840' title='bbox 1980 4960 2318 5027; x_wconf 75' lang='lat' dir='ltr'><strong>cruci/ixistis,</strong></span> <span class='ocrx_word' id='word_1_841' title='bbox 2336 4973 2481 5023; x_wconf 88' lang='lat' dir='ltr'><strong>quem</strong></span> <span class='ocrx_word' id='word_1_842' title='bbox 2499 4953 2635 5007; x_wconf 90' lang='lat' dir='ltr'><strong>Deus</strong></span> <span class='ocrx_word' id='word_1_843' title='bbox 2655 4949 2908 5005; x_wconf 87' lang='lat' dir='ltr'><strong>suscitavit</strong></span> <span class='ocrx_word' id='word_1_844' title='bbox 2925 4963 2988 5001; x_wconf 76' lang='lat' dir='ltr'><strong>ea:</strong></span> <span class='ocrx_word' id='word_1_845' title='bbox 3010 4945 3241 5008; x_wconf 87' lang='lat' dir='ltr'><strong>mortuis,</strong></span> <span class='ocrx_word' id='word_1_846' title='bbox 3258 4943 3311 4996; x_wconf 89' lang='lat' dir='ltr'><strong>in</strong></span> <span class='ocrx_word' id='word_1_847' title='bbox 3335 4943 3428 4996; x_wconf 88' lang='lat' dir='ltr'><strong>hoc</strong></span> <span class='ocrx_word' id='word_1_848' title='bbox 3455 4942 3549 4996; x_wconf 86' lang='lat' dir='ltr'><strong>iste</strong></span> 
     </span>
    </p>
   </div>
   <div class='ocr_carea' id='block_1_108' title="bbox 1982 5036 3543 5110">
    <p class='ocr_par' dir='ltr' id='par_1_108' title="bbox 1982 5036 3543 5110">
     <span class='ocr_line' id='line_1_108' title="bbox 1982 5036 3543 5110; baseline -0.01 -5"><span class='ocrx_word' id='word_1_849' title='bbox 1982 5054 2145 5106; x_wconf 84' lang='lat' dir='ltr'><strong>adstat</strong></span> <span class='ocrx_word' id='word_1_850' title='bbox 2175 5066 2343 5104; x_wconf 88' lang='lat' dir='ltr'><strong>coram</strong></span> <span class='ocrx_word' id='word_1_851' title='bbox 2379 5048 2512 5102; x_wconf 84' lang='lat' dir='ltr'><strong>vobis</strong></span> <span class='ocrx_word' id='word_1_852' title='bbox 2535 5061 2710 5098; x_wconf 87' lang='lat' dir='ltr'><strong>sanus.</strong></span> <span class='ocrx_word' id='word_1_853' title='bbox 2736 5041 2811 5095; x_wconf 84' lang='lat' dir='ltr'><strong>Ne</strong></span> <span class='ocrx_word' id='word_1_854' title='bbox 2843 5039 3056 5110; x_wconf 87' lang='lat' dir='ltr'><strong>putetis,</strong></span> <span class='ocrx_word' id='word_1_855' title='bbox 3086 5036 3293 5105; x_wconf 85' lang='lat' dir='ltr'><strong>inquit,</strong></span> <span class='ocrx_word' id='word_1_856' title='bbox 3322 5049 3421 5088; x_wconf 85' lang='lat' dir='ltr'><strong>nos</strong></span> <span class='ocrx_word' id='word_1_857' title='bbox 3448 5048 3543 5090; x_wconf 81' lang='lat' dir='ltr'><strong>oc-</strong></span> 
     </span>
    </p>
   </div>
   <div class='ocr_carea' id='block_1_109' title="bbox 1983 5125 3536 5211">
    <p class='ocr_par' dir='ltr' id='par_1_109' title="bbox 1983 5125 3536 5211">
     <span class='ocr_line' id='line_1_109' title="bbox 1983 5125 3536 5211; baseline -0.015 -12"><span class='ocrx_word' id='word_1_858' title='bbox 1983 5145 2186 5199; x_wconf 87' lang='lat' dir='ltr'><strong>cultare</strong></span> <span class='ocrx_word' id='word_1_859' title='bbox 2207 5140 2425 5211; x_wconf 85' lang='lat' dir='ltr'><strong>patriam</strong></span> <span class='ocrx_word' id='word_1_860' title='bbox 2446 5137 2526 5191; x_wconf 85' lang='lat' dir='ltr'><strong>vel</strong></span> <span class='ocrx_word' id='word_1_861' title='bbox 2556 5133 2875 5204; x_wconf 72' lang='lat' dir='ltr'><strong>passimiem.</strong></span> <span class='ocrx_word' id='word_1_862' title='bbox 2898 5129 3055 5195; x_wconf 87' lang='lat' dir='ltr'><strong>Quem</strong></span> <span class='ocrx_word' id='word_1_863' title='bbox 3072 5144 3156 5180; x_wconf 85' lang='lat' dir='ltr'><strong>vos</strong></span> <span class='ocrx_word' id='word_1_864' title='bbox 3173 5127 3309 5179; x_wconf 88' lang='lat' dir='ltr'><strong>cruci</strong></span> <span class='ocrx_word' id='word_1_865' title='bbox 3315 5125 3498 5194; x_wconf 68' lang='lat' dir='ltr'><strong>[insistis</strong></span> <span class='ocrx_word' id='word_1_866' title='bbox 3518 5167 3536 5189; x_wconf 91' lang='lat'><strong>,</strong></span> 
     </span>
    </p>
   </div>
   <div class='ocr_carea' id='block_1_110' title="bbox 1982 5219 3546 5307">
    <p class='ocr_par' dir='ltr' id='par_1_110' title="bbox 1982 5219 3546 5307">
     <span class='ocr_line' id='line_1_110' title="bbox 1982 5219 3546 5307; baseline -0.014 -17"><span class='ocrx_word' id='word_1_867' title='bbox 1982 5254 2124 5307; x_wconf 88' lang='lat' dir='ltr'><strong>quem</strong></span> <span class='ocrx_word' id='word_1_868' title='bbox 2147 5235 2283 5288; x_wconf 88' lang='lat' dir='ltr'><strong>Deus</strong></span> <span class='ocrx_word' id='word_1_869' title='bbox 2308 5230 2635 5286; x_wconf 73' lang='lat' dir='ltr'><strong>suscitavitex</strong></span> <span class='ocrx_word' id='word_1_870' title='bbox 2651 5225 2878 5286; x_wconf 89' lang='lat' dir='ltr'><strong>mortuis,</strong></span> <span class='ocrx_word' id='word_1_871' title='bbox 2895 5223 2947 5275; x_wconf 89' lang='lat' dir='ltr'><strong>in</strong></span> <span class='ocrx_word' id='word_1_872' title='bbox 2962 5221 3054 5273; x_wconf 89' lang='lat' dir='ltr'><strong>hoc</strong></span> <span class='ocrx_word' id='word_1_873' title='bbox 3074 5220 3158 5272; x_wconf 89' lang='lat' dir='ltr'><strong>ille</strong></span> <span class='ocrx_word' id='word_1_874' title='bbox 3184 5219 3350 5272; x_wconf 84' lang='lat' dir='ltr'><strong>adstat</strong></span> <span class='ocrx_word' id='word_1_875' title='bbox 3375 5232 3546 5269; x_wconf 87' lang='lat' dir='ltr'><strong>coram</strong></span> 
     </span>
    </p>
   </div>
   <div class='ocr_carea' id='block_1_111' title="bbox 1983 5309 3546 5389">
    <p class='ocr_par' dir='ltr' id='par_1_111' title="bbox 1983 5309 3546 5389">
     <span class='ocr_line' id='line_1_111' title="bbox 1983 5309 3546 5389; baseline -0.014 -5"><span class='ocrx_word' id='word_1_876' title='bbox 1983 5330 2118 5384; x_wconf 84' lang='lat' dir='ltr'><strong>vobis</strong></span> <span class='ocrx_word' id='word_1_877' title='bbox 2143 5344 2316 5381; x_wconf 87' lang='lat' dir='ltr'><strong>sanus.</strong></span> <span class='ocrx_word' id='word_1_878' title='bbox 2363 5325 2553 5377; x_wconf 79' lang='lat' dir='ltr'><strong>Itertttn</strong></span> <span class='ocrx_word' id='word_1_879' title='bbox 2605 5319 2821 5389; x_wconf 81' lang='lat' dir='ltr'><strong>passio,</strong></span> <span class='ocrx_word' id='word_1_880' title='bbox 2860 5319 3053 5369; x_wconf 86' lang='lat' dir='ltr'><strong>iterum</strong></span> <span class='ocrx_word' id='word_1_881' title='bbox 3083 5312 3424 5385; x_wconf 70' lang='lat' dir='ltr'><strong>resurrectio.</strong></span> <span class='ocrx_word' id='word_1_882' title='bbox 3458 5309 3546 5363; x_wconf 79' lang='grc' dir='ltr'><strong>Η.</strong></span> 
     </span>
    </p>
   </div>
   <div class='ocr_carea' id='block_1_112' title="bbox 1989 5402 3548 5489">
    <p class='ocr_par' dir='ltr' id='par_1_112' title="bbox 1989 5402 3548 5489">
     <span class='ocr_line' id='line_1_112' title="bbox 1989 5402 3548 5489; baseline -0.015 -13"><span class='ocrx_word' id='word_1_883' title='bbox 1989 5423 2086 5475; x_wconf 87' lang='lat' dir='ltr'><strong>Hic</strong></span> <span class='ocrx_word' id='word_1_884' title='bbox 2113 5431 2183 5475; x_wconf 90' lang='lat' dir='ltr'><strong>est</strong></span> <span class='ocrx_word' id='word_1_885' title='bbox 2217 5419 2377 5489; x_wconf 89' lang='lat' dir='ltr'><strong>lapis,</strong></span> <span class='ocrx_word' id='word_1_886' title='bbox 2407 5416 2495 5486; x_wconf 89' lang='lat' dir='ltr'><strong>qui</strong></span> <span class='ocrx_word' id='word_1_887' title='bbox 2523 5413 2814 5483; x_wconf 86' lang='lat' dir='ltr'><strong>reprobatus</strong></span> <span class='ocrx_word' id='word_1_888' title='bbox 2845 5420 2916 5463; x_wconf 88' lang='lat' dir='ltr'><strong>est</strong></span> <span class='ocrx_word' id='word_1_889' title='bbox 2942 5426 2973 5461; x_wconf 92' lang='lat' dir='ltr'><strong>a</strong></span> <span class='ocrx_word' id='word_1_890' title='bbox 3001 5407 3136 5460; x_wconf 89' lang='lat' dir='ltr'><strong>vobis</strong></span> <span class='ocrx_word' id='word_1_891' title='bbox 3162 5402 3548 5471; x_wconf 66' lang='lat' dir='ltr'><strong>adiﬁcantibus,</strong></span> 
     </span>
    </p>
   </div>
   <div class='ocr_carea' id='block_1_113' title="bbox 1985 5493 3551 5584">
    <p class='ocr_par' dir='ltr' id='par_1_113' title="bbox 1985 5493 3551 5584">
     <span class='ocr_line' id='line_1_113' title="bbox 1985 5493 3551 5584; baseline -0.013 -19"><span class='ocrx_word' id='word_1_892' title='bbox 1985 5516 2069 5584; x_wconf 84' lang='lat' dir='ltr'><strong>qui</strong></span> <span class='ocrx_word' id='word_1_893' title='bbox 2095 5516 2254 5584; x_wconf 80' lang='lat' dir='ltr'><strong>{actus</strong></span> <span class='ocrx_word' id='word_1_894' title='bbox 2293 5520 2365 5563; x_wconf 87' lang='lat' dir='ltr'><strong>est</strong></span> <span class='ocrx_word' id='word_1_895' title='bbox 2396 5511 2446 5561; x_wconf 88' lang='lat' dir='ltr'><strong>in</strong></span> <span class='ocrx_word' id='word_1_896' title='bbox 2483 5515 2635 5576; x_wconf 88' lang='lat' dir='ltr'><strong>caput</strong></span> <span class='ocrx_word' id='word_1_897' title='bbox 2674 5501 2850 5573; x_wconf 89' lang='lat' dir='ltr'><strong>anguli</strong></span> <span class='ocrx_word' id='word_1_898' title='bbox 2872 5499 3038 5569; x_wconf 77' lang='lat' dir='ltr'><strong>(Psal.</strong></span> <span class='ocrx_word' id='word_1_899' title='bbox 3069 5498 3190 5551; x_wconf 78' lang='lat' dir='ltr'><strong>H7.</strong></span> <span class='ocrx_word' id='word_1_900' title='bbox 3222 5494 3334 5564; x_wconf 70' lang='grc'>22).</span> <span class='ocrx_word' id='word_1_901' title='bbox 3360 5493 3416 5546; x_wconf 88' lang='lat' dir='ltr'><strong>In</strong></span> <span class='ocrx_word' id='word_1_902' title='bbox 3440 5507 3551 5545; x_wconf 85' lang='lat' dir='ltr'><strong>tne-</strong></span> 
     </span>
    </p>
   </div>
   <div class='ocr_carea' id='block_1_114' title="bbox 1989 5580 3556 5668">
    <p class='ocr_par' dir='ltr' id='par_1_114' title="bbox 1989 5580 3556 5668">
     <span class='ocr_line' id='line_1_114' title="bbox 1989 5580 3556 5668; baseline -0.016 -11"><span class='ocrx_word' id='word_1_903' title='bbox 1989 5605 2208 5657; x_wconf 85' lang='lat' dir='ltr'><strong>moriam</strong></span> <span class='ocrx_word' id='word_1_904' title='bbox 2253 5600 2382 5668; x_wconf 85' lang='lat' dir='ltr'><strong>ipsis</strong></span> <span class='ocrx_word' id='word_1_905' title='bbox 2429 5607 2644 5651; x_wconf 84' lang='lat' dir='ltr'><strong>revocat</strong></span> <span class='ocrx_word' id='word_1_906' title='bbox 2696 5594 2953 5652; x_wconf 85' lang='lat' dir='ltr'><strong>verbum,</strong></span> <span class='ocrx_word' id='word_1_907' title='bbox 2997 5586 3139 5656; x_wconf 88' lang='lat' dir='ltr'><strong>quod</strong></span> <span class='ocrx_word' id='word_1_908' title='bbox 3187 5594 3386 5638; x_wconf 86' lang='lat' dir='ltr'><strong>terrere</strong></span> <span class='ocrx_word' id='word_1_909' title='bbox 3431 5580 3556 5644; x_wconf 72' lang='lat' dir='ltr'><strong>illos</strong></span> 
     </span>
    </p>
   </div>
   <div class='ocr_carea' id='block_1_115' title="bbox 2052 5762 3197 5831">
    <p class='ocr_par' dir='ltr' id='par_1_115' title="bbox 2052 5762 3197 5831">
     <span class='ocr_line' id='line_1_115' title="bbox 2052 5762 3197 5831; baseline -0.012 -5"><span class='ocrx_word' id='word_1_910' title='bbox 2052 5779 2070 5813; x_wconf 77' lang='grc' dir='ltr'><strong>ι</strong></span> <span class='ocrx_word' id='word_1_911' title='bbox 2103 5786 2212 5831; x_wconf 67' lang='lat' dir='ltr'><strong>Quae</strong></span> <span class='ocrx_word' id='word_1_912' title='bbox 2237 5776 2422 5826; x_wconf 86' lang='lat' dir='ltr'><strong>uncinis</strong></span> <span class='ocrx_word' id='word_1_913' title='bbox 2440 5773 2743 5830; x_wconf 81' lang='lat' dir='ltr'><strong>clauduntur,</strong></span> <span class='ocrx_word' id='word_1_914' title='bbox 2770 5781 2894 5818; x_wconf 90' lang='lat' dir='ltr'><strong>unus</strong></span> <span class='ocrx_word' id='word_1_915' title='bbox 2917 5778 3010 5814; x_wconf 90' lang='lat' dir='ltr'><strong>non</strong></span> <span class='ocrx_word' id='word_1_916' title='bbox 3033 5762 3197 5812; x_wconf 76' lang='lat' dir='ltr'><strong>habet.</strong></span> 
     </span>
    </p>
   </div>
  </div>
