4024 6510
502 360 571 413 ετ
1243 344 1300 398 s.
1337 338 1612 399 JOANNIS
1649 331 2117 394 cunvsos'roui
2156 331 2489 433 ARCBIEP.’
2515 332 3043 396 CONSTANTINOP.
3662 359 3722 418 δε

498 477 705 542 posset.
732 465 865 522 Nam
893 462 1004 518 ait:
1041 460 1142 529 Qui
1176 458 1408 513 ceciderit
1444 470 1595 524 super
1636 450 1856 516 lapidem
1906 446 2074 508 hunc,

500 562 879 630 cenfringetur;
904 572 1055 626 super
1077 569 1224 625 quem
1262 565 1375 604 vero
1403 544 1666 609 ceciderit,
1706 548 1925 594 conteret
1956 553 2071 590 eum

502 654 732 724 (Matth.
758 653 850 708 21.
879 650 948 705 44
968 653 1007 718 ).
1038 647 1126 703 12.
1158 644 1223 699 Et
1271 658 1369 696 non
1399 649 1470 693 est
1496 639 1549 691 in
1572 635 1674 688 alio
1703 634 1876 702 aliquo
1916 630 2073 682 salus.

499 747 696 817 Quales
749 752 900 813 putas
926 756 990 795 ex
1036 738 1120 793 his
1166 735 1343 790 verbis
1389 732 1508 785 illos
1540 728 1720 799 plagas
1768 721 2076 792 accepisse?

502 816 613 891 Nec
647 836 779 889 enim
816 833 960 887 aliud
985 846 1165 883 nomen
1189 837 1263 880 est
1289 825 1379 877 sub
1406 823 1530 877 ca:lo
1557 821 1731 873 datum
1755 816 2039 870 hominibus
2056 855 2073 880 ,

498 932 550 983 in
577 946 675 1000 quo
697 936 928 995 oporteat
955 940 1044 976 nos
1069 921 1233 974 salvos
1264 918 1396 985 ﬁeri.
1429 916 1525 970 Hic
1545 922 1599 969 et
1626 911 1872 966 sublimia
1897 909 2074 978 loqui-

501 1036 607 1075 tur.
633 1018 860 1086 Quando
884 1015 1024 1069 enim
1054 1028 1160 1066 non
1183 1006 1481 1077 estaliquid
1505 1004 1760 1076 prmclare
1782 1000 2071 1072 agendum,

499 1113 591 1165 scd
627 1121 826 1164 tantum
873 1121 993 1160 cum
1044 1104 1289 1157 libertate
1333 1097 1655 1169 loquendum
1678 1138 1693 1159 ,
1724 1108 1829 1148 non
1862 1092 2072 1160 parcit:

499 1220 602 1256 non
632 1201 777 1255 enim
808 1197 1061 1257 timebat,
1094 1210 1159 1248 ne
1202 1191 1608 1263 perstringeret.
1650 1186 1757 1240 Nec
1781 1183 1918 1237 dixit
1943 1182 2074 1235 sim-

499 1293 725 1363 pliciter,
757 1290 859 1345 Pcr
885 1285 1211 1352 alinm;s<,-d,
1246 1282 1367 1338 Non
1396 1292 1467 1335 est
1493 1282 1544 1333 in
1571 1280 1674 1333 alio
1704 1276 1872 1346 aliqua
1903 1276 2037 1331 salus
2056 1288 2077 1326 :

498 1386 779 1439 declarans
813 1380 953 1451 quod
982 1379 1074 1432 hic
1106 1393 1202 1431 nos
1234 1384 1409 1445 potest
1453 1386 1705 1436 servare,
1755 1379 1916 1438 atque
1969 1366 2073 1419 illis

493 1475 653 1529 simul
683 1486 944 1527 terrorem
980 1472 1312 1524 ineussnrus.
1346 1466 1436 1519 15.
1477 1461 1713 1516 Videntes
1740 1470 1908 1513 autem
1937 1456 2075 1510 Petri

495 1567 833 1621 constantiam
855 1572 900 1617 et
928 1561 1146 1615 Joannis
1164 1601 1176 1624 ,
1218 1568 1473 1626 comperto
1500 1552 1635 1624 quod
1664 1552 1889 1605 homines
1915 1556 2076 1603 essent

494 1664 604 1716 sine
630 1660 790 1714 literis
810 1667 858 1712 et
882 1657 1076 1721 idiotaz,
1101 1651 1504 1715 admirabantur,
1524 1656 1571 1701 et
1586 1643 1947 1715 cognoscebant
1969 1657 2069 1703 eos,

493 1757 612 1828 quia
628 1771 737 1808 cum
750 1751 786 1806 J
791 1769 875 1806 esu
896 1751 1115 1820 fuerant.
1136 1747 1201 1801 Et
1216 1741 1503 1815 quomodo,
1522 1740 1712 1810 inquit,
1744 1734 1979 1792 illiterati
1997 1734 2068 1788 illi

498 1827 552 1902 et
579 1849 722 1917 ipsos
737 1857 789 1901 et
805 1859 1040 1899 summos
1065 1838 1370 1896 sacerdotes
1392 1834 1655 1890 rhetorica
1683 1845 1778 1886 sua
1800 1827 2075 1884 vicerunt?

498 1940 612 1995 Non
639 1940 735 2008 ipsi
762 1935 1133 2006 loquebantur,
1148 1930 1240 1986 sed
1268 1944 1362 1998 per
1388 1942 1481 1982 eos
1509 1924 1679 1996 gratia
1700 1922 1954 1992 Spiritus.
1983 1919 2070 1973 14.

499 2032 884 2100 Hominemque,
914 2030 996 2099 qui
1013 2034 1221 2080 sanatus
1242 2023 1426 2092 fuerat,
1452 2036 1565 2072 cum
1586 2018 1655 2071 eis
1676 2025 1811 2070 stare
1832 2014 2069 2091 videntes,

496 2126 624 2179 nihil
646 2132 872 2195 poterant
898 2118 1257 2174 contradicere.
1284 2114 1469 2182 Magna
1494 2109 1726 2164 hominis
1748 2105 2069 2164 constantia,

494 2230 552 2274 ut
576 2220 750 2290 palam
778 2225 859 2271 cst
879 2231 945 2270 ex
976 2229 1041 2268 eo
1063 2254 1078 2279 ,
1110 2208 1251 2280 quod
1282 2209 1334 2262 in
1359 2208 1475 2275 ipso
1495 2203 1681 2273 judicii
1709 2202 1827 2255 loco
1854 2213 1958 2253 non
1986 2213 2073 2252 re-

493 2314 758 2383 linqueret
785 2324 879 2363 eos
909 2325 921 2360 :
972 2309 1042 2361 ita
1073 2314 1129 2358 ut
1154 2304 1196 2357 si
1227 2301 1301 2357 illi
1332 2298 1592 2354 dixissent
1611 2336 1626 2361 ,
1660 2308 1768 2348 non
1797 2294 1868 2347 ita
1897 2306 1957 2346 se
1982 2304 2070 2345 res

499 2403 657 2458 habet
681 2442 697 2467 ,
728 2401 815 2455 ille
844 2395 1219 2464 redarguisset.

562 2493 917 2563 Apostolorum
942 2490 1119 2544 virtus.
1149 2484 1323 2541 -15.
1344 2483 1615 2537 Iusserunt
1634 2488 1800 2533 autem
1824 2493 1907 2532 eos
1932 2476 2073 2547 foras

490 2596 633 2642 extra
650 2583 920 2639 concilium
941 2578 1169 2634 secedere
1184 2592 1204 2632 :
1229 2586 1273 2631 et
1294 2573 1611 2643 conferebant
1628 2571 1696 2623 ad
1720 2570 1949 2632 invicem,
1977 2568 2065 2623 16.

491 2679 710 2732 dicentes
735 2691 753 2729 :
784 2673 918 2740 Quid
944 2672 1187 2742 faciemus
1214 2667 1496 2722 hominibus
1515 2664 1662 2718 istis?
1688 2660 1850 2717 Vides
1869 2703 1883 2726 ,
1911 2675 2069 2730 quam

493 2772 678 2827 incerti
709 2770 847 2824 sint?
873 2768 1023 2822 vides
1049 2764 1339 2819 humanum
1370 2760 1616 2814 timorem
1642 2756 1817 2810 omnia
1846 2767 2075 2823 operan-

494 2863 638 2917 tetu?
670 2861 738 2917 Ut
759 2876 876 2927 qua:
908 2858 1151 2912 Christus
1180 2852 1499 2924 operabatur
1526 2850 1837 2904 subvertere
1858 2845 1940 2899 vel
1968 2843 2068 2898 ob-

491 2967 709 3009 scurare
739 2966 842 3006 non
877 2954 1141 3020 poterant,
1166 2944 1260 3000 sed
1283 2943 1387 2998 illis
1414 2949 1598 3015 contra
1626 2936 1912 2993 nitentibus
1937 2934 2069 2989 ﬁdes

492 3047 658 3116 magis
686 3043 1016 3114 augebatur:
1048 3040 1124 3095 sic
1155 3046 1209 3092 et
1232 3050 1371 3091 nunc
1400 3032 1597 3089 evenit.
1628 3028 1766 3097 Quid
1788 3026 2070 3100 faciemus?

490 3137 533 3192 Ο
559 3134 943 3207 insipientiam,
981 3128 1121 3201 quod
1162 3128 1280 3181 illos
1321 3133 1440 3195 post
1475 3122 1749 3193 degustata
1778 3118 2067 3174 certamina

491 3230 677 3286 terreri
710 3225 993 3298 putabant;
1026 3225 1132 3278 imo
1159 3224 1201 3275 si
1232 3235 1352 3275 cum
1384 3216 1532 3273 initio
1566 3214 1696 3270 nihil
1740 3212 2027 3283 potuissent
2049 3251 2064 3272 ,

494 3332 611 3391 post
639 3329 840 3376 tantam
885 3315 1093 3372 dicendi
1124 3313 1425 3369 facultatem
1455 3307 1830 3365 existimabant
1863 3319 1923 3360 se
1962 3302 2066 3357 ali-

488 3414 613 3483 quid
640 3426 758 3465 esse
784 3409 1035 3464 facturus.
1071 3406 1279 3473 Quanto
1300 3403 1459 3472 igitur
1484 3399 1653 3468 magis
1690 3394 1949 3466 impedire
1968 3409 2067 3447 vo-

488 3505 666 3558 lebant
685 3544 699 3565 ,
744 3511 889 3555 tanto
914 3500 1081 3569 magis
1103 3511 1190 3552 res
1208 3495 1553 3564 augebantur.
1590 3490 1845 3558 Quoniam
1860 3488 2067 3559 quidem

488 3605 663 3650 notum
689 3595 887 3662 signum
916 3594 1105 3662 factum
1129 3598 1200 3643 est
1229 3604 1318 3658 per
1346 3602 1447 3647 eos,
1476 3584 1705 3638 omnibus
1727 3580 2067 3637 habitantibus

463 3680 771 3743 Jerusalem
794 3686 929 3738 mani
934 3687 1137 3756 festum,
1155 3690 1323 3736 etnon
1346 3693 1610 3749 possumus
1625 3683 1826 3745 negare.
1848 3674 1937 3728 17.
1962 3671 2067 3727 Sed

488 3797 551 3834 ne
574 3777 796 3849 amplius
822 3774 1109 3844 divulgetur
1125 3773 1179 3827 in
1208 3769 1470 3841 populum,
1500 3767 1862 3822 comminemur
1888 3764 1978 3829 eis,
2006 3778 2068 3816 ne

488 3873 623 3927 ultra
652 3873 924 3942 loquantur
947 3870 998 3922 in
1021 3866 1220 3921 nomine
1247 3865 1341 3919 hoc
1361 3863 1452 3917 ulli
1472 3862 1750 3915 hominum.
1776 3858 1863 3914 18.
1887 3856 1956 3911 Et
1980 3872 2067 3911 vo-

486 3975 655 4020 cantes
683 3982 767 4018 eos
794 3962 1209 4017 denuntiauerunt
1236 3974 1300 4012 ne
1332 3956 1537 4011 omnino
1566 3955 1886 4024 loquerentur
1909 3966 2068 4019 neque

488 4057 719 4110 docerent
746 4056 797 4109 in
827 4054 1026 4107 nomine
1050 4051 1193 4106 Iesu.
1238 4048 1370 4106 Vide
1399 4048 1611 4103 illorum
1644 4043 2027 4115 impudentiam
2046 4084 2062 4109 ,

487 4160 543 4203 et
569 4149 929 4218 apostolorum
955 4144 1362 4215 philoSOphiam.
1387 4142 1471 4197 19.
1504 4141 1687 4195 Petrus
1707 4155 1823 4194 vero
1842 4147 1889 4192 et
1911 4135 2067 4192 Joano

489 4258 577 4294 nes
598 4239 970 4307 respondentes,
996 4238 1227 4291 dixerunt
1251 4236 1318 4288 ad
1339 4250 1421 4289 eos
1449 4249 1468 4288 :
1494 4232 1553 4288 Si
1578 4234 1765 4297 iustum
1788 4238 1860 4284 est
1878 4230 1931 4283 in
1955 4245 2070 4282 cono

490 4343 663 4400 specta
688 4329 795 4392 Dei,
828 4344 913 4382 vos
935 4330 1099 4398 potius
1128 4327 1306 4379 audire
1328 4340 1481 4393 quam
1502 4321 1687 4386 Deum,
1708 4321 1954 4391 judicate.
1971 4319 2063 4373 ΞΟ.

496 4420 608 4475 Nos
633 4437 731 4474 non
763 4436 1045 4490 possumus,
1077 4433 1191 4485 qua:
1219 4416 1433 4470 vidimus
1458 4423 1505 4468 et
1530 4413 1831 4477 audivimus,
1866 4427 1964 4465 non
1987 4411 2065 4463 ιυ-

489 4514 594 4583 qui.
623 4512 713 4566 2|.
743 4511 803 4563 At
828 4511 903 4563 illi
940 4509 1297 4563 comminantes
1342 4506 1635 4560 dimiserunt
1660 4521 1773 4571 eos,
1802 4519 1903 4557 non
1922 4502 2066 4556 inve-

492 4606 681 4659 nientes
702 4647 716 4669 ,
743 4601 994 4669 quomodo
1034 4600 1267 4670 punirent
1304 4614 1421 4663 eos,
1451 4606 1655 4667 propter
1689 4595 1951 4667 papulum.
1980 4590 2067 4646 Si-

490 4696 712 4752 lentium
763 4693 865 4748 illis
920 4690 1250 4761 imperabant
1299 4687 1583 4752 miracula,
1638 4701 1701 4740 ac
1738 4693 1921 4755 postea
1961 4699 2067 4737 non

491 4787 826 4859 patiebantur
848 4786 965 4839 illos
987 4783 1207 4853 implere
1227 4795 1528 4837 sermonem
1550 4796 1564 4843 ;
1591 4778 1684 4833 sed
1707 4777 1919 4831 interim
1940 4790 2069 4831 cono

494 4880 770 4937 tumeliose
791 4862 1077 4933 admodum
1099 4877 1237 4937 illos,
1259 4890 1325 4929 ne
1346 4873 1709 4943 loquerentur,
1729 4870 2066 4924 cohibebant.

498 4973 630 5038 Quia
650 4988 820 5026 omnes
845 4969 1193 5039 clari/icabant
1220 4965 1387 5020 Deum
1409 4966 1462 5019 in
1489 4981 1566 5031 eo,
1595 4965 1730 5033 quod
1752 4968 1938 5035 factum
1958 4965 2071 5033 fue-

493 5074 592 5118 rat.
622 5062 718 5116 22.
743 5062 1005 5114 Annorum
1026 5061 1159 5113 enim
1182 5066 1287 5113 erat
1308 5056 1528 5125 amplius
1546 5053 1883 5124 quadraginta
1897 5053 2066 5120 homo,

495 5158 547 5209 in
572 5171 671 5225 quo
691 5155 879 5223 factum
908 5158 1072 5224 fuerat
1102 5152 1301 5221 signum
1332 5151 1425 5204 hoc
1444 5149 1693 5204 sanitatis.
1714 5146 1819 5203 Sed
1845 5161 1930 5210 ea,
1951 5161 2070 5217 qua:

496 5263 653 5319 supra
682 5246 823 5300 dicta
852 5252 995 5308 sunt,
1026 5255 1347 5313 repetamus.
1378 5242 1455 5313 (a)
1485 5240 1621 5309 Quid
1641 5240 1883 5310 faciemus
1911 5237 2072 5291 homi-

501 5344 648 5395 nibus
693 5338 841 5392 istis?
886 5338 1065 5391 Primo
1109 5336 1266 5406 igitur
1294 5343 1510 5405 propter
1533 5333 1757 5405 gloriam
1788 5331 2071 5386 humanam

502 5434 677 5488 omnia
711 5430 1006 5494 faciebant;
1038 5442 1177 5483 nunc
1202 5436 1376 5482 autem
1403 5428 1543 5481 aliud
1565 5442 1777 5497 quoque
1802 5426 1853 5480 in
1883 5439 2073 5495 prepo-

498 5527 599 5578 sito
630 5531 776 5587 erat,
821 5530 878 5575 ut
916 5536 981 5575 ne
1024 5520 1331 5573 viderentur
1377 5518 1698 5588 sanguinarii
1736 5530 1889 5578 esse;
1933 5514 2075 5585 quod

503 5626 685 5690 postea
712 5614 1000 5670 dicebanl-:
1040 5612 1205 5667 Vultis
1232 5611 1467 5665 inducere
1488 5627 1639 5679 super
1667 5627 1757 5663 nos
1781 5609 2073 5680 sanguinem

561 5750 636 5822 tu)
667 5748 763 5822 Hic
788 5755 839 5798 et
859 5748 999 5811 infra,
1041 5744 1188 5798 multa
1220 5745 1425 5795 deerant
1468 5745 1515 5793 in
1546 5741 1709 5794 litorei.
1743 5756 1851 5807 qua:
1875 5756 1936 5794 ex
1960 5749 2066 5791 Mss.

500 5818 840 5862 restituuntur.

2183 446 2399 502 hominis
2423 447 2605 503 istius?
2633 448 3003 506 Comminemur
3028 454 3129 519 eis,
3163 471 3227 510 ne
3251 457 3385 511 ultra
3410 459 3657 529 loquuntur
3677 475 3724 529 in

2181 540 2381 594 nomine
2417 541 2511 594 hoc
2547 543 2644 596 ulli
2682 543 2959 599 hominum.
2991 546 3036 602 Ο
3074 549 3459 618 insipientiam!
3505 560 3721 623 Pet-suas;

2180 632 2318 699 quod
2342 636 2870 700 resurrexisset,cum
2896 639 3018 695 hinc
3037 655 3402 711 argumentum
3425 654 3726 719 accepissem

2180 723 2351 793 ipsum
2382 739 2502 780 esse
2536 728 2721 790 Deum,
2754 744 2875 783 eum
2904 732 2993 798 qui
3021 748 3050 785 a
3080 745 3250 789 morte
3275 736 3493 796 detineri
3522 760 3619 801 non
3643 765 3726 819 po.

2182 826 2370 910 iuerat,
2401 820 2509 873 suis
2542 824 2799 879 machinis
2820 824 3057 884 cohiberi
3080 845 3235 899 posse
3254 834 3727 910 sperabant‘.Quid

2181 908 2303 964 huic
2325 914 2543 968 insanire
2564 917 2696 985 par?
2720 920 2783 974 Et
2806 936 2872 975 ne
2894 923 3102 977 mireris
3127 926 3267 994 quod
3295 940 3400 991 res,
3424 944 3538 998 qua:
3560 908 3725 1002 perﬁci

2180 1019 2283 1057 non
2316 1014 2579 1099 poterant,
2606 1011 2795 1066 iterum
2814 1023 3095 1070 attentent.
3119 1016 3431 1087 Hujusmodi
3455 1032 3535 1079 est
3554 1027 3731 1099 iniqui-

2180 1104 2297 1150 tas:
2329 1097 2456 1152 nihil
2501 1103 2743 1171 respicit,
2787 1106 2880 1160 sed
2909 1108 3101 1177 ubique
3138 1112 3504 1168 tumultuatur.
3530 1097 3730 1180 Moleste

2179 1191 2319 1242 enim
2356 1190 2614 1259 ferentes,
2656 1195 2726 1250 ita
2760 1196 2937 1253 allecti
2970 1210 3158 1266 erant,
3198 1212 3254 1256 ut
3292 1204 3337 1257 si
3370 1202 3571 1277 decepti
3611 1212 3729 1269 tuis-

2177 1287 2298 1381 Scnt
2329 1283 2381 1343 ¹;
2420 1282 2561 1381 quod
2602 1286 2794 1341 accidit
2832 1288 2930 1353 iis,
2968 1290 3059 1358 qui
3098 1297 3448 1362 prmoccnpati
3481 1307 3534 1351 et
3572 1300 3732 1359 luditi-

2177 1374 2280 1422 (εειῐί
2319 1382 2445 1426 sunt
2487 1374 2540 1429 in
2578 1376 2752 1446 aliqua
2795 1393 2873 1432 re.
2924 1379 3002 1433 illi
3044 1382 3183 1435 enim
3225 1384 3422 1453 ubique
3466 1387 3700 1449 dicebant

2178 1464 2316 1529 quod
2363 1465 2500 1519 Deus
2540 1466 2711 1537 ipsum
2740 1470 3078 1535 suscitasset,
3110 1474 3251 1543 quod
3283 1438 3351 1528 in.

2180 1554 2264 1609 hic
2291 1556 2524 1611 adstaret
2560 1573 2750 1627 sanus,
2789 1562 3133 1618 ostendentes
3163 1580 3289 1621 vere
3327 1572 3621 1628 surrexisse
3655 1577 3735 1630 Je-

2176 1660 2315 1701 snm.
2345 1647 2594 1718 Alioquin
2633 1666 2760 1706 vero
2788 1652 2887 1722 ipsi
2925 1669 3135 1725 quoque
3160 1662 3601 1717 resurrectionem
3632 1682 3741 1724 esse

2177 1740 2466 1807 putabant,
2513 1741 2699 1811 frigide
2724 1744 2936 1813 quidem
2967 1753 3023 1799 et
3051 1748 3356 1817 pueriliter;
3392 1756 3639 1820 putabant
3665 1770 3739 1813 ta-

2179 1846 2300 1885 men
2326 1849 2338 1884 :
2370 1848 2510 1888 nunc
2535 1849 2664 1889 vero
2692 1851 2796 1890 non
2822 1838 3075 1902 credunt,
3105 1851 3159 1895 et
3185 1842 3488 1911 turbantur,
3516 1850 3638 1917 quid
3676 1851 3744 1906 la-

2176 1924 2421 1979 ciendutn
2461 1927 2530 1980 sit
2566 1929 2949 1986 consultantes.
2999 1932 3110 1987 Hoc
3154 1936 3396 2004 profecto
3438 1940 3607 1996 solum
3646 1960 3739 1999 non

2176 2017 2304 2068 satis
2332 2026 2446 2071 erat
2481 2018 2546 2072 ad
2582 2021 3037 2090 persuadendum,
3083 2027 3302 2103 nequid
3337 2029 3441 2085 illis
3486 2031 3742 2103 facerent,

2174 2105 2316 2174 quod
2362 2122 2552 2176 nempe
2579 2124 2700 2163 cum
2741 2119 2885 2165 tanta
2927 2114 3167 2169 libertate
3213 2117 3598 2187 loquerentur?
3623 2124 3741 2191 Cur,

2175 2212 2383 2266 quaeso,
2431 2216 2536 2254 non
2565 2201 2771 2265 credis,
2814 2219 2847 2257 ο
2885 2204 3105 2261 Juda-e?
3139 2206 3267 2261 Nam
3294 2210 3455 2280 signo
3483 2216 3749 2271 attendere

2173 2291 2451 2359 oportebat
2483 2300 2538 2348 et
2573 2295 2941 2362 sermonibus,
2972 2313 3078 2353 non
3108 2311 3286 2355 autem
3333 2303 3623 2366 multorum
3652 2307 3746 2360 ini-

2172 2384 2381 2453 quitati.
2418 2382 3593 2452 thuarenontraduntillosRomanis?Jam
3622 2397 3749 2451 male

2171 2474 2457 2530 audiebant
2498 2476 2639 2547 apud
2688 2477 2810 2533 illos
2860 2479 2931 2533 ob
2967 2496 3051 2545 ea,
3109 2496 3227 2551 quae
3272 2482 3327 2536 in
3373 2483 3646 2540 Christum
3676 2488 3749 2541 fo-

2171 2577 2386 2633 cerant,
2418 2578 2576 2639 atque
2606 2570 2676 2624 ita
2716 2571 2816 2624 sibi
2859 2571 2987 2642 ipsis
3017 2573 3213 2627 malum
3250 2574 3595 2639 inferebant,
3631 2576 3748 2633 dum

2171 2659 2447 2726 curabant,
2472 2671 2529 2716 ut
2554 2675 2739 2717 eorum
2774 2663 3060 2730 publicatio
3086 2664 3426 2722 differretur.
3457 2666 3516 2722 In
3546 2667 3750 2724 Christo

2170 2761 2346 2807 autem
2378 2769 2483 2809 non
2506 2755 2669 2820 item;
2697 2755 2788 2810 sed
2818 2756 2991 2811 media
3019 2767 3173 2813 nocte
3200 2770 3414 2828 raptum
3445 2761 3630 2817 statim
3658 2763 3748 2817 ab-

2168 2844 2455 2911 duxerunt,
2485 2862 2656 2916 neque
2674 2846 3014 2914 distulerunt,
3047 2850 3447 2908 multitudinem
3470 2854 3750 2910 admodum

2170 2937 2440 2993 timentes.
2460 2935 2612 2992 Circa
2636 2936 2733 2994 bos
2747 2948 2922 2994 autem
2950 2939 3148 2995 nullam
3174 2940 3427 2997 ﬁduciam
3453 2943 3753 3001 habebant:

2170 3042 2344 3099 neque
2372 3027 2641 3085 adducunt
2671 3045 2766 3086 eos
2803 3031 2869 3085 ad
2909 3031 3167 3101 Pilatum,
3195 3035 3342 3104 quod
3374 3038 3620 3104 priurum
3666 3055 3757 3107 pu-

2169 3122 2341 3187 deret,
2373 3137 2435 3177 ac
2465 3139 2533 3178 ne
2558 3122 2627 3179 de
2654 3123 2720 3179 iis
2741 3123 3206 3196 redarguerentur.
3242 3126 3471 3183 Factum
3497 3140 3574 3185 est
3595 3143 3752 3186 autetr

2168 3216 2223 3269 in
2246 3217 2540 3282 crastinum,
2566 3226 2624 3270 ut
2664 3228 3091 3289 congregarentur
3129 3220 3391 3292 principes
3410 3239 3593 3277 eorum
3614 3234 3660 3278 et
3679 3240 3757 3278 se-

2170 3311 2338 3364 niores
2359 3321 2403 3363 et
2427 3310 2605 3364 scribae
2629 3311 2684 3365 in
2703 3310 3011 3369 Jerusalem.

2237 3404 2291 3459 5.
2332 3401 2475 3457 Petri
2492 3404 2794 3458 constantia.
2810 3433 2883 3444 -—-
2900 3403 3104 3460 Rursus
3123 3405 3352 3460 concilia
3380 3406 3757 3478 Jerosolymis,

2167 3506 2222 3553 et
2244 3496 2314 3553 ibi
2343 3496 2558 3567 sanguis
2574 3495 2894 3560 edunditur;
2919 3512 3090 3567 neque
3115 3498 3304 3553 urbem
3332 3500 3565 3553 reveriti
3611 3509 3750 3553 sunt.

2169 3592 2369 3654 Annas,
2402 3587 2590 3658 inquit.
2623 3595 2677 3643 et
2705 3586 2960 3656 Caiphas.
2995 3587 3159 3657 Hujus
3208 3604 3341 3642 vero
3390 3607 3463 3644 ne
3518 3592 3763 3645 ancillam

2167 3682 2380 3755 quidem
2423 3682 2840 3753 interrogantem
2870 3681 3123 3737 sustinuit
3170 3682 3369 3737 Petrus
3416 3683 3641 3753 (Matth.
3677 3684 3762 3738 26.

2166 3776 2258 3845 70)
2287 3793 2300 3830 :
2324 3773 2423 3830 sub
2448 3773 2548 3830 hoc
2570 3781 2873 3844 negaverat,
2905 3774 3034 3829 dum
3050 3774 3187 3828 alius
3212 3774 3596 3832 detineretur.
3622 3776 3769 3832 Nunc

2166 3885 2296 3926 vero
2320 3870 2371 3925 in
2400 3868 2604 3925 medios
2644 3868 2762 3922 illos
2790 3883 3098 3939 erumpens,
3122 3867 3243 3923 vide
3268 3870 3564 3938 quomodo
3590 3871 3770 3939 loqua-

2170 3974 2256 4019 tnr
2288 3981 2301 4018 :
2336 3962 2398 4019 Si
2426 3978 2518 4017 nos
2564 3961 2714 4016 hodie
2739 3961 3079 4033 dijudicamur
3118 3962 3172 4015 in
3219 3961 3503 4033 benefacta
3557 3963 3772 4017 hominis

2166 4056 2377 4126 infirmi,
2405 4055 2460 4108 in
2488 4070 2586 4126 quo
2604 4054 2698 4108 iste
2719 4053 2888 4107 salvus
2916 4056 3079 4124 factus
3108 4064 3200 4118 est,
3229 4065 3420 4109 notum
3448 4057 3515 4109 sit
3547 4057 3773 4109 omnibus

2169 4148 2327 4203 vobis.
2360 4146 2439 4202 llli
2469 4161 2621 4210 vero,
2653 4146 2722 4200 In
2748 4162 2848 4215 quo
2882 4149 3102 4209 nomine,
3131 4146 3421 4216 inquiunt,
3460 4152 3660 4220 fecistis
3688 4151 3777 4203 hoc

2169 4257 2251 4295 vos
2268 4242 2293 4294 ?
2315 4238 2422 4294 Cur
2452 4254 2556 4293 non
2579 4238 2680 4293 hoc
2705 4238 2859 4300 dicis,
2880 4237 2972 4292 sed
3008 4237 3241 4293 occultas
3257 4239 3284 4292 ?
3318 4237 3393 4293 In
3420 4257 3528 4311 quo
3578 4242 3778 4296 nomine

2169 4332 2354 4403 fecistis
2381 4332 2475 4385 hoc
2494 4347 2580 4385 vos
2595 4330 2621 4385 .9
2639 4330 2796 4400 Atqui
2823 4330 3049 4393 dicebat,
3078 4329 3193 4384 Non
3215 4345 3322 4386 nos
3355 4330 3621 4389 fecimus.
3654 4334 3781 4389 Vide

2168 4422 2502 4494 prudentiam
2538 4440 2551 4476 :
2586 4437 2691 4475 non
2713 4421 2846 4475 dixit
2872 4422 3072 4484 statim,
3104 4421 3159 4476 In
3188 4423 3426 4479 nomine
3458 4424 3597 4480 Jesu
3649 4425 3779 4480 feci-

2171 4532 2319 4581 mus;
2349 4517 2441 4572 sed
2462 4514 2587 4586 quid
2610 4516 2634 4569 ?
2660 4514 2727 4569 In
2756 4516 2957 4568 nomine
2978 4516 3089 4585 ejus
3116 4515 3198 4568 hic
3218 4517 3403 4571 adstat
3433 4535 3621 4573 coram
3650 4518 3784 4573 vobis

2169 4627 2338 4664 sanus.
2375 4607 2557 4679 Neque
2577 4606 2724 4670 dicit,
2748 4605 2941 4660 Factus
2969 4616 3051 4660 est
3079 4622 3105 4657 a
3138 4605 3297 4661 nobis
3329 4623 3535 4665 sanus.
3574 4609 3641 4665 Et
3664 4624 3783 4663 rur-

2170 4716 2281 4768 sus,
2314 4700 2375 4756 Si
2402 4717 2493 4754 nos
2520 4699 2862 4769 dijudicamur
2887 4698 2939 4751 in
2989 4698 3248 4769 benefacta
3291 4701 3541 4756 hominis
3570 4700 3783 4771 inﬁrmi.

2172 4792 2489 4862 Perstringit
2526 4792 2647 4846 illos
2686 4798 2744 4844 ut
2768 4788 2861 4859 qui
2906 4804 3119 4859 semper
3145 4789 3377 4845 easdem
3404 4793 3790 4847 accusationes

2174 4886 2476 4958 proferant,
2506 4894 2561 4939 et
2590 4872 2851 4938 beneﬁcia
2896 4881 3168 4937 hominum
3215 4883 3659 4952 reprehendant
3686 4902 3700 4938 :
3729 4896 3792 4937 ac

2174 4978 2437 5051 prteterita
2462 4978 2514 5032 in
2537 4975 2850 5030 memoriam
2876 4984 3109 5038 revocat,
3139 4972 3287 5044 quod
3312 4991 3555 5045 semper
3578 4975 3649 5030 ad
3686 4990 3791 5029 cae-

2173 5074 2267 5129 des
2294 5078 2512 5128 currant
2532 5086 2546 5133 ;
2570 5083 2744 5139 neque
2771 5067 2874 5122 hoc
2896 5075 3120 5128 tantum,
3164 5065 3265 5120 sed
3299 5067 3487 5124 etiam
3520 5067 3596 5124 de
3625 5067 3798 5123 bene-

2176 5166 2310 5221 ﬁciis
2362 5164 2623 5218 incusent.
2653 5159 2835 5223 Vides,
2864 5157 3004 5229 quod
3043 5157 3253 5229 pondus
3286 5160 3472 5215 verba
3508 5161 3795 5217 habeant?

2176 5256 2231 5311 in
2263 5256 2347 5311 his
2373 5256 2517 5311 enim
2543 5251 2988 5316 exercitabantur,
3021 5264 3083 5305 ac
3108 5249 3385 5320 deinceps
3434 5252 3801 5323 imperterriti

2176 5358 2344 5403 erant.
2377 5346 2510 5402 Hinc
2537 5344 2769 5401 ostendit
2810 5343 2929 5398 illos
2963 5342 3046 5397 vel
3090 5342 3294 5397 invitos
3326 5343 3633 5401 Christum
3666 5361 3803 5415 pra:-

2240 5484 2257 5517 ι
2325 5478 2462 5527 Unus
2513 5478 2668 5541 codex
2717 5473 2868 5541 habet
2893 5510 2908 5535 ,
2989 5476 3806 5541 Ipsum_esse__neum,innomine

2174 5547 2313 5610 illius
2326 5555 2469 5610 quem
2490 5539 2962 5610 morsdetinerennon
2984 5537 3152 5599 patuit,
3165 5537 3215 5588 in
3239 5537 3395 5591 illius
3420 5537 3593 5604 ipsius
3614 5542 3806 5592 neruine

2177 5600 2496 5675 praedicantes
2513 5600 2729 5675 cohibere
2743 5600 3029 5675 .mgliuntnr.

2241 5674 2261 5702 ί
2296 5670 2350 5738 In
2375 5666 2550 5737 eodem
2573 5662 2982 5738 Qodlsicnlegttnr
3003 5659 3375 5738 ,Pse'd‘ubique.
3395 5666 3741 5738 tumultuatur
3765 5668 3809 5736 et

2179 5736 2231 5849 ξι
2248 5746 2297 5783 se
2491 5727 2725 5791 impingit.
2756 5730 2813 5776 Ut
2855 5736 2969 5787 ergo
2990 5724 3034 5774 si
3066 5724 3264 5787 decepti
3289 5724 3542 5789 fuisse”,
3562 5728 3639 5781 aa
3652 5727 3809 5779 (αιώ

2220 5809 2300 5847 um
2482 5825 2497 5841 .

2220 5809 2300 5847 um
2319 5806 2497 5846 meum.
