4024 6540
220 374 272 429 $9
1182 361 1247 417 IN
1285 358 1465 420 ACTA
1502 353 1789 416 APOSTOI

1897 350 2023 415 ωε.
2066 356 2292 417 llOMlL.
2329 360 2399 418 1t.
3391 367 3495 450 eo,

220 492 392 551 dit-are,
429 492 483 540 et
512 483 641 539 dum
666 479 958 551 dijudicant
993 474 1390 540 etexaminant,
1436 474 1537 530 hoc
1578 472 1770 542 dogma

221 580 473 639 extollere.
500 577 661 641 Quem
686 590 773 627 eos
797 569 1137 639 cruciﬁxistis.
1164 563 1321 637 Papae
1341 574 1535 636 quanta
1561 559 1771 618 dicendi

223 670 446 730 libertas‘!
479 669 637 735 Quem
663 665 805 720 Deus
824 662 1080 718 suscitauit
1116 677 1149 714 a
1173 659 1403 713 mortuis.
1437 656 1549 712 Hoc
1579 656 1773 710 iterum

221 766 451 834 majorem
485 775 595 831 pra:
623 774 682 813 se
709 756 816 813 fert
833 750 1155 811 libertatem.
1184 748 1294 807 Hoc
1319 764 1446 819 ergo
1474 748 1583 803 vult
1610 746 1776 814 signi-

222 860 359 915 ﬁcare
392 872 404 907 :
436 853 516 909 Ne
548 850 743 922 putetis
775 864 871 903 nos
898 843 1245 919 ignominlosa
1274 843 1574 906 occultare;
1603 837 1691 892 illa
1714 838 1777 891 li-

219 951 323 1005 bere
350 944 726 1016 prmdicamns,
757 939 952 995 nedum
979 937 1232 993 celemus.
1282 935 1408 989 lla‘c
1438 941 1640 985 tantum
1669 943 1775 981 non

220 1041 566 1109 improperans
594 1032 743 1096 dicit,
761 1045 935 1102 neque
962 1026 1292 1098 simpliciter,
1314 1023 1405 1079 sed
1425 1023 1584 1078 etiam
1612 1020 1663 1073 in
1694 1017 1777 1109 his

218 1106 453 1186 moratur.
489 1125 589 1179 Hic
610 1132 683 1177 est
712 1123 864 1192 lapis,
890 1119 976 1191 qui
1002 1117 1296 1190 reprobatus
1324 1124 1398 1170 est
1431 1131 1463 1168 a
1489 1111 1624 1167 vobis
1650 1106 1777 1165 tudi-

217 1220 482 1290 ﬁeantibus.
509 1216 712 1273 Deinde
739 1214 1031 1270 ostendens
1073 1213 1216 1281 ipsos
1244 1208 1531 1263 admodum
1559 1203 1776 1272 conSpi-

214 1326 349 1369 cuum
367 1309 517 1365 illum
533 1306 744 1372 fecisse,
759 1303 904 1359 addit
925 1323 937 1358 :
960 1302 1055 1370 Qui
1073 1303 1236 1373 [actus
1255 1309 1327 1353 est
1340 1295 1391 1351 in
1401 1305 1553 1367 caput
1568 1293 1743 1365 anguli
1759 1308 1778 1357 ,°

216 1406 259 1462 id
276 1412 375 1469 est,
409 1403 498 1473 qui
540 1409 727 1456 natura
768 1396 1032 1468 pretiosus
1060 1408 1122 1448 ac
1153 1392 1406 1464 probatos
1427 1399 1562 1451 erat,
1584 1387 1669 1441 hic
1698 1395 1779 1439 rc-

214 1496 453 1569 probatns
474 1502 575 1549 est.
599 1491 825 1547 Tantam
847 1504 876 1542 a
898 1487 1049 1557 signo
1074 1485 1214 1541 facto
1240 1479 1507 1539 habebant
1527 1478 1779 1550 loquendi

216 1587 467 1642 ﬁduciam.
496 1582 579 1639 'l‘u
601 1598 729 1638 vero
756 1578 882 1635 mihi
907 1577 1193 1649 perpende,
1215 1574 1505 1647 quomodo,
1530 1587 1652 1628 cum
1678 1571 1779 1625 do-

211 1695 316 1735 cere
342 1684 580 1747 oportet,
638 1672 948 1745 prophetias
974 1671 1197 1726 allerant
1238 1669 1467 1733 multas;
1499 1681 1619 1722 eum
1652 1676 1780 1720 vero

214 1773 360 1827 libere
395 1766 722 1839 loquendum
756 1774 861 1829 est,
907 1762 1229 1819 sententiam
1282 1760 1453 1815 solum
1484 1756 1775 1828 proferant.

212 1864 373 1935 Neque
403 1862 559 1925 enim,
592 1858 796 1930 inquit,
841 1856 983 1912 aliud
1006 1872 1185 1911 nomen
1215 1864 1286 1909 est
1327 1852 1418 1907 sub
1451 1852 1575 1907 cwlo
1605 1848 1781 1903 datum

215 1957 501 2017 hominibus,
533 1955 586 2007 in
614 1969 711 2023 quo
736 1960 963 2022 oporteat
990 1966 1082 2005 nos
1110 1946 1276 2003 salvos
1299 1945 1428 2016 ﬁeri.
1450 1945 1583 2014 Quia
1605 1944 1782 1998 omni-

210 2050 295 2104 bus
322 2045 652 2109 hominibus,
683 2058 855 2113 neque
879 2040 983 2097 illis
1024 2038 1421 2105 solum,datum
1441 2047 1521 2092 est
1549 2050 1776 2090 nomen:

209 2157 296 2212 qua
326 2141 382 2194 in
406 2154 467 2193 re
497 2138 618 2192 illos
642 2136 802 2192 etiam
835 2143 997 2189 testes
1017 2131 1253 2188 adducit.
1293 2129 1427 2197 Quia
1459 2128 1601 2184 enim
1630 2126 1781 2182 dice-

208 2233 348 2287 bant:
408 2228 479 2283 In
526 2245 625 2297 quo
677 2226 881 2281 nomine
912 2224 1147 2295 fecistis?
1182 2220 1251 2277 In
1309 2221 1513 2276 nomine
1573 2216 1781 2284 Christi,

209 2320 463 2391 inquiunt,
496 2336 598 2372 non
627 2327 700 2372 est
725 2316 869 2371 aliud
898 2331 1100 2370 nomen.
1132 2312 1416 2381 Quomodo
1453 2326 1583 2382 ergo
1621 2312 1785 2365 inter-

209 2412 433 2484 rogatis?
484 2410 576 2466 Sic
605 2408 802 2479 ubique
854 2409 957 2463 hoc
983 2406 1324 2462 manifestum
1363 2413 1465 2461 est.
1497 2402 1609 2458 Nec
1652 2402 1786 2457 enim

206 2506 331 2559 aliud
358 2519 548 2557 nomen
568 2510 643 2555 est
682 2501 773 2555 sub
799 2499 943 2563 caelo,
976 2498 1166 2569 inquit,
1214 2497 1269 2551 in
1303 2512 1401 2566 quo
1429 2502 1655 2565 aporteat
1693 2509 1786 2548 nos

208 2599 355 2652 salvos
399 2595 539 2664 ﬁeri.
587 2594 715 2649 Ηωο
760 2601 885 2648 sunt
911 2591 1106 2647 animae
1134 2590 1296 2644 vitam
1342 2598 1661 2658 prtesentem
1691 2584 1786 2641 de-

205 2688 499 2760 spicientis;
547 2687 790 2758 utarguit
810 2686 897 2740 illa
923 2693 1066 2740 tanta
1079 2684 1317 2739 libertas.
1332 2682 1468 2737 Hinc
1488 2681 1661 2753 palam
1681 2688 1783 2747 est,

208 2782 403 2851 quando
429 2780 651 2835 humilia
674 2777 744 2833 de
772 2777 986 2833 Christo
1004 2775 1154 2842 dicit,
1184 2789 1290 2830 non
1320 2790 1431 2844 pra:
1455 2774 1668 2839 timore,
1691 2771 1787 2827 sed

207 2891 258 2928 se
289 2870 698 2945 attemperando
747 2869 800 2925 id
844 2883 1005 2940 agere
1036 2884 1050 2922 :
1080 2868 1203 2939 quia
1250 2881 1378 2922 vero
1421 2865 1533 2937 jam
1576 2873 1787 2934 tempus

212 2976 334 3031 erat,
366 2966 451 3020 sic
470 2964 725 3020 sublimia
758 2962 1025 3032 loquitur;
1058 2960 1129 3015 ita
1155 2971 1215 3015 ut
1235 2958 1362 3015 hinc
1389 2960 1551 3015 etiam
1577 2958 1787 3014 audito-

212 3073 290 3112 res
325 3071 515 3113 omnes
552 3056 1002 3127 obstupefaceret.
1022 3054 1158 3109 Ecce
1182 3060 1237 3109 et
1255 3051 1397 3107 aliud
1424 3052 1631 3123 signum
1655 3066 1789 3121 pra:-

217 3149 423 3204 cedente
440 3163 549 3203 non
579 3147 776 3203 minus.
804 3145 1182 3218 Cognoscebant
1195 3162 1304 3213 eos,
1320 3144 1513 3216 inquit,
1539 3145 1657 3215 quia
1673 3160 1789 3197 cum

220 3238 336 3294 less
358 3245 572 3310 fuant.
604 3238 719 3294 Non
745 3239 864 3294 sine
890 3253 1048 3293 causa
1074 3237 1177 3292 hoc
1209 3237 1387 3308 posuit
1428 3234 1787 3307 Evangelista,

218 3333 306 3387 sed
342 3345 393 3387 ut
434 3333 673 3388 declaret
717 3331 901 3398 etiam,
931 3330 1020 3385 ubi
1046 3329 1267 3386 fuerint.
1306 3329 1366 3386 ln
1395 3329 1670 3400 passione,
1701 3329 1790 3383 in-

210 3424 332 3492 quit.
358 3421 424 3479 lli
456 3424 603 3479 enim
631 3422 732 3479 soli
779 3431 904 3478 tunc
929 3438 1032 3478 una
1074 3432 1251 3486 erant,
1300 3421 1516 3492 quando
1544 3420 1792 3478 viderunt

206 3511 319 3571 illos
345 3516 604 3579 humiles,
632 3516 870 3587 dejectos
897 3533 911 3571 :
941 3514 1084 3586 quod
1115 3514 1233 3571 illos
1274 3515 1506 3571 maxime
1535 3515 1588 3570 in
1622 3513 1793 3569 admi-

198 3610 462 3664 rationem
488 3607 755 3677 rapiebat,
803 3608 1084 3677 repentina
1125 3620 1322 3677 nempe
1368 3606 1612 3669 mutatio.
1657 3604 1790 3660 Nam

195 3698 301 3756 illic
332 3708 501 3757 erant
545 3703 728 3755 Annas
775 3709 831 3754 et
872 3698 1124 3767 Caiphas,
1156 3706 1212 3754 et
1232 3697 1287 3752 hi
1317 3697 1480 3753 etiam
1511 3696 1794 3752 adstabant

190 3794 324 3861 illis;
356 3810 512 3850 nunc
536 3803 717 3849 autem
744 3790 1202 3863 obstupefaciebat
1226 3804 1325 3847 eos
1352 3790 1442 3847 illa
1471 3798 1618 3845 tanta
1637 3790 1794 3845 liber-

190 3894 290 3942 tas.
315 3887 513 3958 Neque
541 3883 687 3940 enim
712 3884 892 3940 verbis
924 3892 1129 3939 tantum
1151 3881 1528 3949 ostendebant,
1559 3897 1619 3938 se
1660 3880 1793 3937 nihil

184 3994 380 4036 eiu-are
406 3979 486 4034 de
517 3978 679 4033 rebus
721 3975 1027 4045 hujusmodi
1071 3975 1125 4030 in
1146 3975 1235 4046 jus
1268 3974 1548 4042 adductos,
1576 3989 1700 4030 cum
1724 3974 1794 4029 de

181 4073 460 4131 extremis
486 4071 949 4143 periclitarentur;
975 4067 1068 4124 sed
1090 4076 1145 4125 et
1156 4066 1357 4131 habitu,
1380 4083 1532 4133 voce,
1552 4076 1791 4138 aspectu,

183 4175 241 4223 et
260 4165 535 4221 omnibus
558 4164 858 4219 libertatem
881 4159 1130 4231 loquendi
1149 4174 1333 4216 coram
1362 4159 1560 4231 populo
1578 4158 1797 4215 exhibe-

151 4251 335 4313 'bant.
364 4256 709 4315 Mirabantur
735 4270 866 4310 vero
892 4252 1118 4309 fortasse
1140 4292 1157 4321 ,
1185 4251 1327 4322 quod
1356 4252 1601 4307 homines
1641 4250 1798 4307 illite-

180 4350 287 4406 rati
306 4359 370 4407 et
400 4348 596 4405 idiota:
620 4355 821 4403 essent.
848 4345 1028 4402 Potest
1046 4344 1188 4399 enim
1209 4340 1328 4416 quis
1355 4343 1635 4399 illiteratus
1653 4358 1793 4409 esse,

177 4457 283 4497 nec
315 4440 502 4497 idiota
522 4456 538 4504 ;
558 4438 645 4494 vel
667 4436 852 4501 idiota,
872 4452 972 4493 nec
997 4435 1302 4491 illiteratus.
1323 4435 1420 4491 Hic
1439 4449 1600 4505 porro
1613 4445 1799 4489 osten-

176 4531 260 4587 dit
290 4532 425 4587 hac
454 4529 570 4586 duo
604 4529 963 4585 concurrisse.
994 4526 1375 4597 Compertoque,
1396 4526 1583 4597 inquit.
1605 4525 1801 4583 Unde?

173 4624 261 4680 Ex
294 4625 395 4690 iis,
433 4637 566 4693 qua:
606 4620 877 4676 dicebant.
909 4620 1022 4676 Non
1054 4620 1245 4691 longos
1271 4620 1474 4690 profert
1498 4635 1795 4688 sermones,

171 4718 273 4773 sed
312 4733 390 4772 ex
446 4715 571 4785 ipsa
619 4713 982 4771 enuntiatione
1021 4724 1073 4768 et
1110 4714 1506 4768 constructione
1554 4713 1800 4769 ﬁduciam

166 4810 443 4867 ostendit
473 4824 492 4873 ;
525 4808 707 4877 itaque
752 4807 805 4861 in
851 4805 974 4861 illos
1002 4806 1179 4861 acrius
1208 4806 1463 4874 egissent,
1514 4805 1612 4859 nisi
1641 4804 1803 4861 homo

168 4904 268 4959 ille
300 4903 525 4958 fuisset
553 4914 675 4954 cum
702 4899 801 4955 eis.
835 4898 1231 4970 Cognoscebant.
1274 4900 1463 4968 inquit,
1492 4898 1629 4965 illos,
1672 4915 1801 4968 quo-

164 4999 317 5051 niam
347 5010 493 5048 cum
534 4990 661 5047 Jesu
695 4995 916 5063 fuerant.
943 4989 1099 5047 Unde
1139 4989 1429 5045 credebant
1470 4989 1585 5044 hinc
1626 4990 1743 5044 illos
1772 5005 1803 5043 a

162 5087 305 5142 Jesu
354 5084 662 5146 didicisse,
708 5091 764 5137 et
793 5092 849 5137 ut
892 5081 1009 5150 ejus
1038 5081 1332 5151 discipulos
1376 5082 1558 5137 omnia
1603 5082 1801 5136 lacere.

158 5180 281 5236 Nec
313 5178 619 5234 minorem
649 5174 860 5230 illorum
889 5173 1049 5228 dictis
1091 5189 1277 5230 vocem
1304 5173 1583 5229 emittebat
1630 5174 1804 5244 ipsum

160 5269 571 5333 miraculum;
601 5265 746 5337 quod
767 5274 825 5321 et
852 5266 1086 5320 maxime
1107 5264 1320 5320 illorum
1349 5279 1446 5319 ora
1474 5264 1804 5321 obstrui-bat.

160 5366 225 5421 Si
237 5366 488 5437 justum
512 5368 609 5423 est,
639 5358 833 5429 inquit,
879 5358 933 5412 in
960 5367 1232 5437 conspectu
1260 5355 1357 5410 Dei
1395 5371 1481 5410 vos
1518 5358 1685 5426 potius
1711 5374 1807 5410 an-

161 5458 299 5519 dire.
326 5468 517 5524 quam
534 5451 724 5516 Deum,
738 5450 988 5521 iudicate.
1011 5449 1234 5517 Quando
1250 5457 1424 5504 metus
1444 5450 1619 5505 minor
1639 5448 1809 5506 factus

160 5558 286 5603 erat
314 5550 508 5614 (nam
541 5541 880 5611 intertninari
903 5541 1035 5597 nihil
1072 5541 1216 5597 aliud
1243 5551 1379 5605 erat,
1404 5557 1563 5613 quant
1588 5542 1711 5597 illos
1730 5543 1809 5597 di-

166 5639 374 5709 mitti),
414 5646 561 5691 ωηο
582 5634 767 5689 mitius
805 5632 1211 5705 loquuntur;ita
1240 5634 1421 5705 procul
1446 5644 1601 5690 erant
1618 5632 1686 5690 ab
1708 5649 1809 5689 au-

164 5731 355 5787 daein.
397 5729 558 5797 Quia
582 5736 771 5782 notum
795 5726 1003 5796 signum
1030 5735 1135 5796 est,
1160 5726 1281 5781 Non
1310 5744 1577 5795 possumus
1605 5744 1807 5797 negare.

172 5820 371 5891 Itaque
446 5825 773 5893 negassent,
821 5818 921 5873 nisi
949 5831 1037 5874 res
1067 5818 1136 5874 ita
1170 5831 1227 5873 se
1254 5817 1542 5883 habuisset,
1566 5820 1663 5874 nisi
1687 5834 1807 5873 nm-

1878 471 2024 527 nium
2079 476 2384 531 testimonio
2426 477 2634 533 ﬁrmata
2692 469 2919 534 fuisset:
2956 480 3206 537 omnibus
3262 458 3493 552 quippe:

1879 572 2003 618 nota
2033 577 2168 622 erat.
2208 566 2315 624 Sed
2360 568 2479 626 talis
2506 578 2590 623 est
2614 570 2869 639 nequitia,
2918 571 3088 627 audax
3134 566 3380 628 nimirum
3407 587 3461 628 et

1879 658 2144 725 petulans.
2179 654 2571 716 Comminemur.
2604 660 2740 729 Quid
2764 662 2976 718 dicitis?
3002 680 3067 718 an
3100 666 3258 719 tninis
3284 678 3462 734 spera-

1878 749 1947 803 tis
1975 765 2072 804 vos
2116 752 2544 821 praedicationem
2574 771 2698 811 esse
2742 756 3113 813 cohibitnros?
3144 759 3232 815 Sic
3263 760 3463 828 ubique

1880 841 2135 911 principia
2162 853 2282 897 sunt
2305 845 2469 900 ardda
2501 857 2550 901 et
2583 846 2837 902 dilﬁeilia.
2856 844 3161 918 Magistrum
3190 841 3465 907 interemi;

1878 932 1995 996 stis,
2025 942 2124 989 nec
2162 932 2593 1004 prmdicationem
2643 939 2995 1004 cohibuislis;
3053 947 3106 995 et
3134 956 3275 996 nunc
3303 942 3463 998 minis

1879 1038 1975 1077 vos
2002 1026 2195 1094 putatis
2223 1026 2506 1083 absterreri
2531 1043 2627 1084 nos
2647 1031 2848 1099 passo?
2878 1030 3098 1086 Vincula
3130 1048 3234 1087 non
3275 1044 3462 1087 snase-

1881 1122 2006 1171 rtmt
2036 1127 2090 1171 nt
2140 1120 2417 1176 remissius
2469 1121 2810 1193 loqueremur
2836 1164 2851 1190 ,
2892 1134 2947 1180 et
2986 1141 3083 1181 vos
3126 1128 3464 1187 soadebitis?

1881 1208 2065 1278 Nobis,
2099 1211 2335 1281 inquam,
2363 1215 2450 1284 qui
2480 1230 2574 1269 vos
2593 1216 2674 1269 vel
2704 1217 3009 1273 minitantes
3041 1213 3191 1274 nihili
3221 1214 3464 1276 facimus.

1884 1303 1946 1358 Si
1960 1306 2160 1373 justum
2187 1316 2280 1368 est,
2313 1306 2502 1376 inquit,
2533 1308 2586 1361 in
2605 1318 2877 1379 conspectu
2908 1308 3022 1376 Dei,
3050 1326 3136 1365 vos
3161 1312 3322 1383 magis
3362 1328 3464 1364 au-

1882 1397 1991 1450 dire
2017 1414 2167 1469 quam
2191 1396 2371 1453 Deum.
2397 1394 2495 1454 llic
2544 1402 2709 1456 Deum
2754 1418 2852 1472 pro
2873 1400 3087 1458 Christo
3134 1403 3339 1459 dicunt.
3371 1398 3468 1458 Vi-

1883 1489 2003 1545 den'
2024 1490 2292 1561 quomodo
2323 1508 2461 1548 nunc
2492 1491 2734 1549 creuerit
2774 1494 2917 1565 quod
2940 1495 3153 1551 dicebat
3182 1498 3309 1562 illis,
3339 1497 3468 1553 Ecce

1883 1596 1974 1651 ego
1992 1581 2133 1636 mitto
2161 1598 2245 1637 vos
2269 1583 2398 1638 sicut
2433 1594 2549 1639 oves
2588 1586 2641 1638 in
2667 1585 2834 1639 medio
2863 1586 3135 1657 luporum:
3162 1604 3222 1640 ne
3247 1586 3469 1642 timueris

1883 1675 1946 1727 tis
1970 1691 2054 1729 eos
2082 1668 2293 1744 (Matth.
2326 1676 2412 1732 10.
2442 1676 2529 1732 l6.
2553 1667 2666 1748 26).

1956 1767 2011 1821 4.
2040 1767 2237 1822 Deinde
2268 1770 2712 1823 resurrectionem
2739 1770 3058 1825 conﬁrmant
3091 1787 3185 1842 per
3206 1786 3264 1825 ea
3290 1813 3303 1835 ,
3353 1783 3471 1840 qua:

1884 1852 2142 1929 adjiciunt
2172 1878 2185 1914 :
2204 1859 2316 1914 Nos
2338 1877 2437 1915 non
2460 1878 2725 1931 possumus
2746 1879 2859 1932 qua:
2880 1863 3095 1918 vidimus
3115 1875 3161 1918 et
3185 1860 3470 1921 audivimus

1885 1966 1987 2005 non
2031 1951 2189 2022 loqui.
2238 1951 2419 2023 Itaque
2458 1967 2558 2009 nos
2600 1951 2704 2008 ﬁde
2748 1954 2891 2025 digni
2922 1962 3086 2010 testes
3126 1966 3344 2020 sumus,
3376 1968 3473 2011 vos

1886 2051 2064 2096 autem
2092 2039 2288 2097 frustra
2331 2043 2771 2099 interminamini.
2816 2045 2946 2101 Cum
2988 2062 3117 2118 ergo
3144 2046 3473 2117 Oportuissct

1885 2131 2079 2188 mutari
2109 2146 2203 2188 eos
2229 2150 2327 2203 pro
2363 2149 2423 2189 ea
2455 2150 2515 2190 re
2535 2177 2551 2202 ,
2581 2136 2648 2191 de
2677 2151 2780 2206 qua
2812 2138 3038 2208 pepulus
3080 2138 3247 2195 Deum
3274 2138 3475 2209 gloriﬁ-

1887 2221 2081 2291 cabat,
2112 2224 2185 2279 illi
2210 2232 2397 2281 contra
2438 2242 2623 2282 necem
2671 2228 3099 2297 contmlnantur;
3145 2231 3215 2285 ita
3246 2228 3343 2287 Dei
3378 2232 3477 2287 ho-

1888 2325 1998 2370 stes
2023 2324 2195 2370 erant.
2228 2315 2298 2370 Et
2328 2315 2523 2372 additis
2563 2319 2745 2385 minis,
2790 2317 3107 2376 dimiserunt
3145 2322 3286 2378 illos.
3337 2324 3474 2379 llinc

1890 2404 1967 2462 illi
2003 2408 2258 2463 clariores
2305 2408 2728 2481 illustrioresquc
2776 2411 2899 2467 lactt
2942 2421 3090 2468 sunt.
3133 2406 3264 2469 Nam
3304 2414 3476 2471 Virtus

1890 2516 2036 2568 mea,
2069 2500 2271 2571 inquit,
2292 2502 2347 2555 in
2381 2499 2675 2571 inﬁrmitate
2709 2505 2987 2573 perﬁcitur.
3018 2504 3137 2562 Jam
3166 2506 3240 2561 illi
3282 2507 3475 2562 testiﬁ-

1889 2592 1994 2646 Cati
2034 2601 2161 2646 sunt
2198 2591 2459 2648 adversus
2510 2589 2688 2648 omnia
2732 2596 2997 2651 instructi.
3043 2596 3180 2665 Quid
3221 2598 3319 2652 sibi
3359 2599 3476 2653 vult

1890 2681 2019 2737 illud
2039 2724 2055 2749 ,
2084 2682 2197 2737 Nos
2220 2699 2322 2736 non
2364 2696 2629 2752 possumus
2674 2703 2757 2751 ea,
2800 2701 2914 2756 qua:
2948 2686 3163 2742 vidimus
3197 2698 3243 2742 et
3275 2689 3476 2743 audivi-

1892 2791 2041 2841 mus,
2067 2791 2168 2828 non
2208 2775 2384 2844 loqui?
2410 2775 2466 2831 Si
2506 2773 2635 2831 falsa
2682 2787 2843 2843 sunt,
2887 2778 3065 2845 aiunt,
3106 2795 3167 2835 ea
3197 2795 3316 2850 quae
3343 2780 3479 2835 diei-

1891 2880 2012 2920 mus
2030 2906 2045 2931 ,
2069 2866 2443 2936 reprehende;
2471 2865 2556 2920 sin
2586 2881 2711 2921 vera
2734 2907 2749 2933 ,
2776 2881 2872 2922 cur
2897 2864 3193 2940 prohibes?
3219 2869 3364 2926 Talis
3391 2886 3480 2926 res

1891 2967 1976 3015 est
2005 2958 2364 3029 philosophia.
2412 2955 2493 3015 Illi
2534 2960 2585 3014 in
2621 2959 2863 3029 angustia
2886 3001 2902 3026 ,
2936 2959 2989 3015 hi
3037 2961 3087 3015 in
3131 2960 3313 3017 laetitia
3346 2982 3359 3018 :
3402 2964 3480 3019 illi

1892 3052 2065 3106 multo
2099 3051 2304 3122 pudore
2335 3046 2515 3123 pleni,
2548 3048 2603 3106 bi
2640 3050 2865 3108 ﬁdenter
2904 3053 3084 3109 omnia
3110 3052 3351 3110 faciunt:
3399 3056 3478 3110 illi

1895 3144 2117 3212 timent,
2144 3144 2197 3199 hi
2225 3143 2416 3200 ﬁducia
2440 3143 2579 3215 pleni
2603 3151 2749 3201 sunt.
2781 3145 3038 3214 Quinam,
3072 3161 3288 3218 quaeso,
3320 3149 3476 3203 time-

1893 3238 2069 3294 bant?
2111 3238 2220 3293 iine
2262 3238 2352 3309 qui
2388 3237 2674 3294 dicebant:
2703 3233 2788 3294 Ne
2832 3240 3055 3308 amplius
3097 3240 3384 3312 divulgetur
3426 3242 3482 3294 in

1894 3330 2109 3402 vulgus;
2134 3344 2202 3384 an
2222 3330 2310 3400 qui
2334 3327 2583 3384 dicebant
2600 3369 2618 3396 ,
2648 3326 2768 3383 Non
2796 3346 3064 3399 possumus
3088 3346 3147 3385 ea
3164 3370 3181 3396 ,
3208 3346 3323 3403 qua:
3348 3331 3478 3385 uidi-

1894 3437 2009 3475 mus
2045 3429 2093 3475 et
2118 3419 2440 3486 audivimus,
2467 3436 2569 3474 non
2598 3416 2781 3490 loqui?
2810 3420 2874 3475 Hi
2895 3431 3044 3476 certe
3073 3421 3124 3476 in
3150 3421 3353 3491 majore
3388 3437 3484 3474 vo-

1896 3513 2095 3584 luptate
2118 3554 2135 3581 ,
2184 3512 2429 3568 libertate
2449 3523 2504 3568 et
2524 3510 2706 3568 la-titia
2738 3513 3123 3576 versabantur;
3168 3513 3246 3569 illi
3269 3514 3321 3568 in
3344 3528 3483 3570 nite-

1894 3619 2053 3671 rore,
2094 3603 2298 3674 pudore
2322 3613 2378 3660 et
2405 3615 2552 3660 metu
2585 3620 2603 3658 :
2644 3603 2901 3675 populum
2930 3604 3073 3660 enim
3101 3605 3384 3661 timebant.
3415 3606 3483 3660 lli

1894 3710 2016 3769 quae
2045 3697 2329 3761 volebant,
2368 3696 2756 3769 loquebantur;
2804 3696 2880 3752 illi
2908 3714 3028 3768 quae
3060 3699 3341 3763 volebant,
3372 3715 3478 3755 nan

1898 3789 2184 3845 faciebant.
2234 3789 2467 3858 Quinam
2507 3803 2639 3844 vero
2669 3789 2722 3844 in
2753 3789 2982 3845 vinculis
3023 3798 3078 3846 et
3127 3791 3181 3847 in
3224 3791 3484 3863 periculis

1896 3884 2090 3939 erant?
2137 3897 2318 3938 nonne
2347 3882 2435 3939 isti
2465 3882 2740 3939 maxime?

1972 3974 2620 4029 Theatrorumvanitas.—
2644 3974 2838 4030 Virtuti
2875 3990 3004 4045 ergo
3032 3975 3371 4031 hazreamus:
3415 3991 3484 4031 ne

1898 4066 1965 4121 ad
1984 4067 2307 4136 voluptatem
2328 4075 2382 4121 et
2396 4065 2821 4121 consolationem
2845 4076 3047 4122 tantum
3070 4066 3228 4121 dictis
3249 4077 3481 4122 utamur.

1900 4156 2015 4212 Non
2057 4167 2141 4211 est
2182 4156 2287 4211 hoc
2331 4156 2632 4221 theatrum,
2677 4156 2905 4224 dilecte,
2952 4157 3367 4213 eitharaadoruni
3400 4158 3487 4212 vel

1902 4249 2263 4321 tragmtlorum
2288 4286 2304 4316 ,
2337 4248 2492 4319 cujus
2520 4247 2726 4304 fructus
2757 4257 2842 4305 est
2876 4247 3124 4319 voluptas
3151 4257 3390 4313 tantum,
3432 4262 3489 4303 et

1900 4343 2131 4400 decurso
2154 4341 2244 4397 die
2269 4341 2482 4397 transiit
2502 4340 2769 4413 voluptas.
2802 4342 2978 4412 Atque
3007 4341 3207 4396 utinam
3241 4342 3487 4412 voluptas

1904 4444 2113 4492 tantum
2149 4445 2330 4501 esset,
2372 4443 2429 4490 et
2470 4450 2579 4490 non
2607 4434 2861 4491 damnum
2897 4451 3018 4491 cum
3057 4434 3329 4506 voluptate
3355 4450 3489 4490 con-

1898 4529 2180 4601 junctum;
2207 4537 2440 4584 attamen
2478 4526 2602 4583 inde
2621 4526 2839 4583 domum
2880 4526 3073 4600 singuli
3098 4542 3159 4584 se
3186 4527 3486 4599 recipiunt,

1913 4622 2046 4678 hinc
2098 4622 2265 4678 multa
2294 4621 2445 4691 quasi
2469 4634 2539 4675 ex
2571 4619 2797 4691 quadam
2819 4621 2905 4676 lue
2936 4629 3119 4678 coacta
3148 4622 3442 4676 referentes
3473 4638 3487 4674 :

1905 4722 1962 4770 et
1988 4712 2302 4769 adolescens
2331 4711 2548 4783 quidem
2586 4726 2653 4766 ex
2692 4711 2946 4767 satanieis
2988 4712 3274 4767 cantilenis
3316 4713 3491 4779 aliqua

1906 4813 2213 4872 mutuatus,
2244 4820 2363 4875 quae
2392 4805 2565 4876 potuit
2597 4804 2855 4859 memoria
2894 4806 3159 4871 retinere,
3186 4804 3494 4875 frequenter

1907 4894 2051 4951 domi
2098 4904 2311 4964 cantat;
2359 4896 2543 4953 senior
2585 4905 2803 4963 autem,
2853 4904 3035 4965 utpote
3090 4896 3339 4967 gravior,
3388 4896 3495 4951 hoc

1908 4989 2124 5061 quidem
2146 5005 2252 5046 non
2281 4990 2404 5047 facit
2420 5031 2437 5059 ,
2460 4989 2555 5046 sed
2585 4990 2765 5045 omnia
2785 5004 2905 5059 qua:
2926 4989 2995 5044 ibi
3022 4988 3165 5045 dicta
3181 4998 3306 5044 sunt
3328 4991 3496 5045 verba

1913 5095 2194 5140 memorat.
2226 5084 2355 5141 Inde
2389 5085 2520 5139 nihil
2546 5082 2807 5138 habentes
2836 5081 3141 5139 absceditis.
3170 5082 3241 5139 Et
3267 5097 3499 5155 quomo—

1912 5176 1983 5232 do
2012 5192 2118 5232 non
2158 5177 2228 5233 sit
2274 5177 2402 5232 illud
2431 5174 2652 5245 dignum
2682 5175 2924 5242 pudore?
2949 5175 3145 5246 Legem
3177 5178 3495 5247 posuimus;

1914 5269 2024 5324 into
2050 5283 2156 5324 non
2187 5283 2285 5324 nos
2312 5268 2589 5338 posuimus
2614 5284 2627 5321 :
2654 5267 2829 5333 absit;
2858 5266 3037 5323 Nolite
3060 5283 3268 5337 vocare,
3301 5271 3494 5341 inquit,

1917 5362 2209 5434 magistrum
2244 5377 2396 5430 super
2422 5370 2607 5414 terram
2636 5359 2849 5431 (Matth.
2874 5361 2964 5417 25.
2993 5362 3084 5433 8);
3115 5362 3286 5432 legem
3318 5365 3497 5433 posuit

1914 5454 2192 5514 Christus.
2226 5469 2293 5507 nc
2334 5453 2453 5522 quis
2495 5453 2658 5522 juret.
2707 5452 2844 5521 Quid
2873 5495 2886 5519 ,
2919 5469 3144 5525 qnteso,
3174 5455 3313 5510 circa
3360 5455 3497 5510 hanc

1916 5548 2087 5618 legem
2131 5544 2324 5599 factum
2356 5544 2480 5603 ρδιῖ
2512 5560 2684 5615 neque
2708 5547 2851 5601 enim
2885 5547 3043 5602 ﬁnem
3073 5547 3259 5602 faciam
3303 5547 3402 5603 hac
3424 5549 3496 5604 de

1915 5654 1976 5694 re
2024 5634 2273 5705 loquendi
2298 5675 2315 5702 ,
2346 5634 2427 5689 Ne
2448 5635 2576 5704 forte
2598 5637 2784 5691 iterum
2812 5639 3044 5704 veniens,
3074 5648 3131 5692 ut
3160 5640 3234 5693 ait
3264 5640 3493 5708 Aposto-

1914 5732 1997 5788 lus
2021 5770 2037 5797 ,
2069 5745 2168 5783 non
2197 5745 2403 5796 parcam
2431 5729 2509 5801 (2.
2548 5728 2666 5785 Cor.
2712 5731 2797 5786 15.
2843 5730 2926 5797 2).
2956 5730 3091 5785 Nunt
3123 5731 3176 5785 id
3219 5733 3446 5786 curaSIis
3469 5732 3495 5784 ἲ

1918 5838 2043 5879 num
2086 5821 2293 5877 solliciti
2348 5820 2519 5876 fuistis
2549 5832 2637 5876 aut
2685 5821 2948 5877 studiosi?
2993 5838 3057 5875 an
3103 5822 3289 5877 eadem
3340 5825 3494 5876 nutus
