3978 6540
510 403 583 456 9!—
1154 477 1157 479 _
1217 401 1270 459 S.
1312 399 1586 457 JO.\NNiS
1621 395 2093 454 CHRYSOSTOMI
2135 394 2451 452 ARClIlEP.
2492 396 3023 455 CONSTANTINOP.
3685 401 3742 456 92

504 537 689 576 rursus
712 520 935 576 dicenda
964 522 1124 575 sunt?
1148 520 1260 576 lino
1287 523 1400 577 sive
1425 519 1621 588 aliquid
1643 519 1837 572 factum
1861 516 1951 581 sit,
1974 516 2088 569 sive

507 627 612 665 non
635 651 651 674 ,
682 615 870 667 eadem
915 614 1025 681 ipsa
1069 612 1442 682 aggrediemur
1463 653 1476 669 .
1507 619 1564 663 ut
1589 623 1774 663 curam
1803 607 2044 660 habeatis
2067 647 2083 671 ,

506 713 564 756 ut
603 704 730 756 illud
773 705 978 758 lirmius
1008 704 1303 758 observetis
1352 714 1404 756 et
1433 703 1566 755 alios
1596 698 1905 754 horteinini.
1938 697 2087 752 Unde

496 810 634 864 ergo
660 796 1019 864 incipiemus?
1041 795 1212 851 Vultis
1241 813 1272 848 tt
1298 795 1466 850 veleri
1497 793 1650 863 lege?
1680 793 1839 862 Atqui
1867 789 1968 845 hoc
1991 805 2086 843 n0-

510 885 590 936 bis
623 885 807 954 pudori
853 895 957 952 est,
991 885 1133 955 quod
1179 901 1240 941 ea
1267 927 1282 950 ,
1312 901 1430 955 qua:
1471 885 1523 938 in
1555 884 1723 940 veteri
1756 883 1873 953 lege
1918 889 2043 936 sunt
2067 923 2082 947 ,

503 991 622 1042 qua:
649 991 974 1046 exsuperare
997 983 1292 1045 oporteret,
1317 992 1386 1030 ne
1415 989 1693 1029 servemus
1713 972 1952 1043 quidem.
1976 968 2086 1024 Nos

503 1075 650 1126 certe
682 1083 784 1120 non
817 1066 883 1120 de
916 1066 996 1119 his
1026 1065 1214 1121 audire
1261 1065 1614 1120 conveniebat
1643 1063 1899 1134 (Judaica:
1942 1060 2084 1116 enim

508 1157 729 1210 vilitatis
779 1157 894 1210 lucc
959 1168 1222 1227 pra'ccpta
1271 1156 1473 1221 sunt),
1522 1155 1617 1210 sed
1669 1155 1759 1209 illa
1809 1155 2083 1224 perfecta:

498 1247 676 1316 alijice
710 1247 960 1316 pecunias
981 1288 995 1312 ,
1040 1257 1120 1300 sta
1149 1247 1358 1302 fortiter
1384 1289 1397 1312 ,
1442 1247 1675 1300 animam
1699 1262 1798 1316 pro
1825 1244 2085 1317 praedica-

507 1339 649 1392 tione
687 1339 810 1391 dato
833 1381 848 1404 ,
880 1330 1092 1393 terrena
1133 1338 1310 1392 omnia
1339 1339 1455 1393 ride
1480 1379 1493 1400 ,
1526 1337 1655 1391 nihil
1703 1337 1794 1390 tibi
1834 1337 1903 1389 sit
1931 1351 2083 1390 cum—

504 1444 665 1484 mune
695 1445 812 1483 cum
861 1430 1112 1500 prmsenti
1140 1431 1282 1495 vita;
1314 1430 1356 1484 si
1387 1429 1506 1499 quis
1538 1440 1590 1484 te
1637 1427 1830 1491 laedat,
1861 1425 2082 1481 benefa-

478 1522 640 1588 Icilo;
670 1523 714 1576 si
747 1532 797 1578 te
822 1523 1133 1588 tlefrandct,
1165 1523 1504 1587 benedicito;
1552 1523 1595 1575 si
1627 1530 1813 1576 contra
1858 1528 1908 1575 te
1938 1519 2082 1572 blas-

503 1615 751 1682 pliemet,
781 1617 1074 1681 honorato;
1113 1616 1364 1671 omnibus
1391 1617 1638 1686 superior
1678 1625 1818 1670 esto.
1867 1614 1992 1669 [Lee
2030 1621 2085 1668 et

502 1709 696 1761 similia
725 1709 910 1764 audire
936 1709 1234 1780 oportebat.

574 1798 761 1854 Contra
776 1801 1088 1870 juramenta.
1116 1830 1186 1840 —
1204 1799 1356 1856 Nunc
1379 1809 1555 1854 autem
1583 1799 1649 1854 de
1672 1799 1979 1869 juramento
2008 1798 2084 1854 lo-

479 1889 749 1958 quimur;
781 1899 941 1961 atque
971 1890 1200 1960 idipsum
1247 1889 1540 1961 contingit,
1582 1905 1644 1945 ac
1684 1891 1727 1943 si
1773 1889 1890 1960 quis
1918 1905 2041 1944 eum
2063 1929 2079 1954 ,

499 1987 587 2052 qui
615 1985 724 2054 jam
754 1985 948 2042 debeat
977 1985 1339 2056 philosophari
1366 2027 1382 2052 ,
1414 2001 1443 2039 a
1471 1985 1784 2039 doctoribus
1829 1984 1943 2038 suis
1987 1982 2083 2036 ah-

500 2078 745 2143 .straliat,
794 2087 955 2148 atque
1004 2079 1238 2149 syllabas
1264 2087 1320 2133 et
1365 2079 1630 2132 elamenta
1685 2076 1864 2146 legere
1905 2084 2079 2146 cogat.

497 2167 682 2238 Cogita
717 2169 845 2223 mihi
891 2179 1121 2239 quantus
1148 2169 1321 2240 pudor
1347 2169 1419 2224 sit
1459 2167 1727 2223 hominem
1764 2167 2079 2237 profundam

498 2259 782 2316 habentem
814 2259 1057 2326 barbam,
1090 2260 1339 2315 baculum
1371 2258 1634 2314 ferentem
1657 2268 1709 2313 et
1737 2258 1950 2328 pallium
1981 2257 2077 2327 (α),

494 2353 560 2404 ad
592 2352 874 2422 magistros
921 2367 1039 2406 cum
1072 2352 1250 2421 pueris
1280 2351 1428 2406 abire
1449 2391 1466 2418 ,
1511 2359 1569 2404 ut
1598 2350 1785 2406 eadem
1816 2365 1936 2404 cum
1976 2349 2080 2404 illis

494 2443 664 2496 discat
688 2460 699 2494 :
730 2457 907 2498 nonne
936 2442 1058 2497 hinc
1085 2458 1310 2514 tnagnus
1341 2441 1525 2496 risus?
1550 2441 1656 2498 Sed
1687 2441 1790 2512 jam
1817 2441 1987 2510 major
2013 2456 2075 2496 ex

492 2534 665 2590 nobis.
689 2534 802 2589 Non
825 2535 968 2590 enim
1003 2544 1209 2589 tantum
1242 2533 1569 2589 discriminis
1586 2542 1668 2588 est
1690 2532 2075 2604 philoSOphiain

493 2628 631 2680 inter
660 2637 713 2680 et
741 2627 1008 2681 elementa
1030 2666 1048 2692 ,
1080 2635 1336 2695 quantum
1368 2626 1506 2680 inter
1532 2624 1753 2679 Judaica
1778 2633 1833 2678 et
1860 2634 2036 2677 nostra
2059 2637 2074 2688 ;

489 2717 584 2770 sed
615 2724 872 2786 quantum
901 2717 1042 2771 inter
1064 2716 1283 2786 angelos
1307 2726 1362 2771 et
1389 2715 1654 2769 homines.
1687 2713 1743 2770 Si
1768 2715 1908 2784 quis,
1931 2730 2078 2784 qua:-

489 2822 552 2861 so
582 2816 633 2860 te
657 2848 672 2870 ,
703 2806 952 2877 angelum
991 2805 1059 2861 de
1083 2807 1216 2860 caelo
1241 2805 1530 2859 deductum
1554 2805 1772 2874 juberet
1803 2805 1890 2859 hic
1934 2815 2077 2860 stare

491 2906 546 2950 et
591 2897 752 2951 verba
786 2907 967 2950 nostra
1007 2896 1189 2949 audire
1210 2937 1224 2959 ,
1272 2906 1328 2950 ut
1357 2895 1649 2950 secundum
1678 2911 1740 2950 ea
1769 2910 1830 2950 se
1858 2911 2078 2966 compo-

488 2996 682 3052 neret,
716 3000 893 3040 annon
940 2985 1111 3055 pudor
1159 2985 1284 3040 inde
1335 2996 1388 3038 et
1436 2984 1575 3039 risus
1618 2984 1978 3054 sequeretur?
2019 2985 2075 3040 Si

488 3094 618 3132 vero
644 3077 710 3133 de
739 3079 802 3132 iis
825 3077 934 3148 jam
961 3076 1160 3132 erudiri
1193 3076 1474 3132 ridiculum
1506 3085 1589 3130 est
1613 3116 1628 3140 ,
1661 3075 1743 3129 his
1769 3090 1836 3130 ne
1859 3074 2072 3145 quidem

484 3168 792 3236 attendere,
843 3179 1037 3238 quanta
1104 3167 1418 3222 damnatio?
1469 3177 1700 3237 quantus
1748 3167 1961 3236 pudor?
2009 3169 2076 3223 Et

485 3260 758 3330 quomodo
789 3276 894 3314 non
936 3259 1108 3330 pudor
1134 3258 1238 3323 sit,
1277 3257 1418 3328 quod
1447 3257 1622 3312 adhuc
1648 3255 1936 3312 Christiani
1979 3257 2106 3313 πᾶς’

483 3352 691 3407 discant
721 3367 827 3406 non
855 3367 975 3408 esse
1018 3350 1348 3422 jurandum?
1376 3352 1627 3405 Attamen
1674 3365 1773 3404 nos
1817 3351 2074 3420 reprima-

484 3461 603 3498 tnus
622 3486 636 3508 ,
666 3461 733 3500 ne
762 3445 930 3511 magis
980 3444 1271 3498 rideamur.
1305 3446 1421 3512 Age
1450 3442 1613 3513 igitur
1642 3457 1712 3496 ex
1743 3443 1909 3498 veteri
1953 3442 2073 3515 lege

490 3535 642 3588 vobis
667 3535 994 3590 disseramus
1025 3533 1206 3589 hodie.
1234 3533 1372 3600 Quid
1397 3541 1577 3588 autem
1604 3532 1733 3588 dicit
1759 3534 1894 3588 illa?
1920 3533 2072 3588 Jura—

484 3639 652 3680 mento
701 3644 762 3680 ne
805 3627 1115 3697 assuefacias
1159 3643 1217 3681 os
1275 3637 1456 3692 tuum,
1505 3643 1665 3696 neque
1717 3643 1832 3680 cum
1874 3628 2073 3683 nomine

483 3719 665 3773 Sancti
715 3734 1035 3773 consuescas.
1077 3718 1294 3786 Quare?
1337 3716 1484 3772 Sicut
1544 3718 1678 3770 enim
1727 3733 1938 3780 servus,
1985 3718 2072 3789 qui

483 3821 741 3883 torquetur
781 3812 1013 3877 assidue,
1057 3830 1088 3865 a
1129 3813 1285 3886 livore
1320 3828 1421 3865 non
1458 3810 1792 3881 purgabitnr;
1819 3811 1890 3864 sic
1915 3826 2072 3882 neque

475 3890 655 3978 jurans
685 3905 872 3976 (Eccli.
899 3907 990 3962 Ξῖ).
1019 3906 1108 3962 9ο1
1128 3906 1204 3976 1).

548 4003 600 4058 5.
642 4001 775 4060 Vide
821 4001 1156 4072 prudentiam
1209 3997 1366 4068 hujus
1411 3995 1692 4066 sapientis.
1739 3994 1856 4049 Non
1899 3995 2065 4061 dixit,

476 4093 782 4149 Juramento
830 4111 895 4148 ne
939 4091 1263 4147 assuefacias
1315 4099 1550 4144 mentem
1597 4096 1781 4151 tuam;
1829 4084 1946 4152 sed,
1995 4083 2067 4140 0s

479 4198 618 4240 tuttm
635 4203 653 4251 ;
704 4187 823 4256 quia
861 4197 1025 4240 totum
1055 4201 1121 4239 ex
1149 4199 1242 4236 ore
1272 4195 1392 4235 esse
1424 4179 1646 4243 sciebat,
1679 4189 1733 4232 et
1763 4178 1886 4247 quia
1915 4177 2068 4232 facile

477 4281 779 4349 corrigitur.
829 4278 958 4332 Nam
993 4273 1328 4331 consuetudo
1355 4283 1438 4328 est
1469 4273 1685 4326 demum
1720 4271 1837 4325 sine
1863 4284 2063 4339 propo-

478 4375 580 4426 sito
625 4373 757 4425 facta
794 4389 807 4424 :
842 4380 900 4424 ut
932 4379 1058 4424 sunt
1087 4368 1241 4422 multi
1268 4365 1357 4436 qui
1387 4366 1439 4419 in
1469 4363 1656 4418 balnea
1689 4361 1944 4432 ingressi,
1976 4361 2066 4416 ubi

478 4465 618 4518 fores
660 4463 1005 4527 transierunt,
1045 4475 1105 4515 se
1153 4457 1387 4529 signant.
1439 4455 1554 4510 lioe
1586 4455 1725 4509 solet
1751 4468 1938 4507 manus
1968 4469 2064 4508 ne-

477 4556 620 4609 mine
639 4554 861 4622 jubente
891 4568 957 4607 ex
984 4550 1370 4606 consuetudine
1398 4548 1594 4603 facere.
1617 4546 1824 4601 Rursus
1839 4560 2064 4600 accensa

481 4647 720 4712 lucerna,
759 4655 937 4701 mente
976 4643 1120 4699 aliud
1147 4642 1418 4713 quidpiam
1451 4640 1845 4701 considerante,
1874 4654 2065 4693 manus

477 4741 685 4810 signum
711 4739 851 4793 facit.
878 4737 951 4792 Ita
981 4745 1036 4792 et
1064 4752 1145 4800 os,
1171 4751 1275 4790 non
1299 4751 1365 4790 ex
1393 4733 1571 4786 animo
1605 4732 1856 4801 loquitur,
1879 4729 1972 4785 sed
1995 4745 2064 4785 ex

476 4833 884 4896 consuetudine,
916 4840 1191 4898 totumque
1214 4839 1294 4881 est
1321 4828 1373 4881 in
1402 4829 1600 4896 lingua.
1635 4823 1813 4894 Neque
1837 4841 1952 4877 cum
1980 4839 2064 4877 no-

476 4927 610 4979 mine
639 4924 814 4980 Sancti
841 4939 1156 4977 consncscas.
1191 4920 1338 4975 Sicut
1367 4919 1501 4973 enim
1525 4933 1715 4976 servus.
1747 4917 1834 4986 qui
1853 4926 2059 4985 torque.

478 5029 559 5069 tur
576 5017 792 5078 assidue,
819 5033 848 5065 a
871 5014 1025 5067 livore
1049 5030 1149 5066 non
1172 5011 1467 5082 purgabitnr
1492 5027 1508 5064 :
1534 5010 1604 5063 sic
1625 5021 1781 5077 neque
1797 5007 1880 5076 qui
1896 5008 2060 5078 juvat.

476 5107 592 5161 Non
625 5106 911 5176 perjurium
943 5105 1046 5170 hic,
1082 5103 1174 5157 sed
1205 5103 1564 5171 juramentum
1603 5099 1864 5155 exscindit
1905 5113 2060 5167 paena

542 5241 616 5300 (a)
657 5239 706 5287 lu
725 5239 854 5290 hunc
877 5239 1032 5288 locum
1057 5240 1161 5288 haec
1185 5246 1320 5286 notat
1354 5237 1604 5286 Dounazus
1638 5233 1767 5300 apud
1795 5231 2058 5300 Savilium‘:

483 5295 821 5361 [lict-insignia
846 5307 951 5348 sunt
975 5299 1374 5360 philema/torum,
1401 5314 1524 5360 πώγων
1550 5309 1660 5361 βαιὺς
1675 5296 1848 5357 (spissa
1871 5295 2061 5361 barba),

481 5379 657 5430 βαεττρια
681 5356 943 5430 (baculus),
969 5356 1106 5421 ἐξωμες,
1133 5374 1276 5430 quam
1316 5356 1558 5428 captitium
1600 5356 1906 5430 interpretor,
1933 5356 2062 5430 quod

481 5417 546 5473 ad
587 5417 863 5485 iimqisteria
907 5417 1295 5472 nostruvidetur
1328 5435 1357 5469 ιι
1376 5417 1388 5422 ’
1415 5420 1538 5470 risco
1579 5417 1734 5468 inore'
1755 5417 2062 5473 translatum.

482 5479 771 5531 quamquam
798 5485 1025 5531 Lucinntis
1041 5484 1088 5531 in
1113 5483 1276 5531 habitu
1289 5435 1671 5531 tilii’dsonltoritm
1682 5491 1913 5531 nusquam
1935 5478 2062 5531 quod

482 5478 771 5550 quamquam
798 5485 1025 5534 Luciuntis
1041 5484 1088 5532 in
1113 5483 1276 5532 habitu
1289 5478 1671 5550 pln'fosophornm
1682 5491 1913 5550 nusquam
1925 5478 2062 5550 quod

481 5541 692 5612 memmi,
721 5554 967 5612 memorat,
987 5561 1050 5602 τὴν
1073 5555 1246 5612 ἱξωμιὶιξα,
1269 5541 1356 5594 sed
1373 5541 1568 5612 barbam
1593 5541 2063 5612 pi'ontissmnmbacu-

484 5608 600 5664 iam,
620 5601 894 5669 ειέιιςιινιον,
921 5611 1115 5672 liocest.
1138 5601 1320 5656 trinum
1341 5605 1552 5672 pallium.
1578 5601 1632 5653 At
1653 5603 1806 5654 Julius
1835 5601 2005 5672 Pollux
2041 5615 2060 5672 .-

484 5662 691 5725 t'entico,
720 5662 890 5731 inquit,
914 5669 1052 5719 vestis
1083 5672 1192 5732 qua’
1218 5662 1405 5732 exomis
1449 5674 1640 5732 vocatur
1668 5678 1686 5732 ς
1713 5678 1806 5714 non
1828 5662 1963 5712 aliud
1986 5671 2057 5714 est

486 5734 612 5782 enim
635 5734 726 5781 nisi”
760 5727 922 5782 tamen
961 5732 1068 5780 alim
1095 5727 1152 5780 ἐι
1187 5727 1391 5786 scmus,
1419 5741 1447 5776 a
1472 5728 1618 5776 latere
1653 5727 1824 5777 dextro
1845 5733 2062 5774 suturam

485 5805 577 5843 non
599 5793 789 5844 habens.
810 5795 870 5844 Et
896 5794 994 5844 vult
1020 5806 1131 5842 esse
1154 5791 1346 5841 servilis
1366 5791 1643 5839 vestimenti
1666 5801 1840 5848 genus,
1859 5789 1928 5836 sic
1945 5788 2059 5837 dicti

485 5858 612 5917 quod
637 5859 792 5906 Litere
816 5866 985 5918 aperto
1007 5855 1233 5905 dextrum
1258 5853 1517 5901 [nunerum
1535 5851 1854 5901 exserebaat.

2197 512 2271 565 illi
2293 516 2552 584 apposita.
2575 515 2712 584 Ergo
2734 516 3090 585 juramentum
3115 525 3388 586 peccatum
3411 523 3511 571 est.
3533 515 3663 573 Talis
3679 527 3742 574 est

2193 606 2390 668 anima,
2424 606 2618 660 talibus
2634 617 2802 661 scatet
2820 607 3147 671 vulneribus,
3176 608 3476 678 talibusque
3499 610 3742 666 livoribus.

2195 697 2275 749 An
2304 707 2357 749 tu
2383 712 2487 752 non
2515 698 2700 752 vides?
2726 698 2838 754 Hoc
2866 701 3007 753 enim
3038 715 3197 769 grave
3222 708 3306 754 est
3336 717 3348 754 :
3378 703 3619 770 quamvis
3642 715 3742 771 pos-

2192 787 2268 841 sis
2313 787 2491 843 videre
2539 790 2584 843 si
2630 791 2802 854 velis;
2857 791 3004 846 dedit
3039 791 3234 862 quippe
3263 792 3356 848 tibi
3387 793 3526 846 Deus
3567 793 3743 848 oculos.

2194 877 2412 934 Talibus
2441 881 2612 936 oculis
2636 882 2851 938 videbat
2883 883 3166 953 propheta,
3197 882 3382 938 dicens
3413 900 3427 937 :
3461 881 3745 939 Putrueriint

2193 981 2239 1026 et
2267 983 2521 1041 corrupta:
2543 985 2661 1026 sunt
2690 974 2946 1028 cicatrices
2969 990 3096 1028 meae
3115 991 3146 1026 a
3173 974 3302 1042 facie
3327 974 3627 1045 insipientite
3642 991 3747 1031 meat

2192 1060 2384 1133 (Psal.
2427 1062 2518 1117 57.
2554 1062 2652 1132 6).
2700 1064 2866 1118 Deum
2916 1063 3292 1134 despeximus,
3333 1080 3526 1119 nomen
3575 1063 3745 1120 bonum

2189 1155 2316 1210 odio
2355 1155 2658 1222 habuimus,
2701 1155 2971 1212 Christum
3010 1157 3474 1220 conculcavimus,
3517 1157 3747 1213 solvimus

2189 1247 2468 1318 pudorem,
2520 1264 2678 1304 nemo
2725 1265 2844 1304 cum
2890 1248 3094 1304 honore
3136 1265 3326 1304 nomen
3366 1249 3458 1305 Dei
3487 1257 3744 1303 memorat.

2194 1337 2259 1391 Et
2288 1348 2340 1392 tu
2368 1338 2604 1408 quidem,
2633 1339 2679 1393 si
2708 1340 3011 1409 quempiam
3039 1340 3311 1404 dilexeris,
3337 1339 3406 1396 ad
3433 1354 3620 1394 nomen
3647 1339 3749 1408 ejus

2190 1428 2412 1500 erigeris
2439 1445 2453 1492 ;
2497 1430 2661 1485 Deum
2693 1447 2821 1484 vero
2851 1431 2929 1486 sic
2960 1441 3216 1503 perpetuo
3253 1447 3414 1488 vocas
3439 1433 3586 1500 quasi
3613 1432 3746 1488 nihil.

2191 1517 2332 1574 Voca
2361 1535 2483 1575 eum
2512 1521 2850 1576 benefaciens
2873 1521 3112 1590 inimico,
3139 1539 3268 1579 voca
3295 1523 3360 1578 ad
3399 1524 3618 1578 salutem
3645 1524 3746 1579 ani-

2193 1629 2296 1668 ma:
2326 1622 2430 1668 tuac
2465 1631 2478 1669 :
2509 1624 2635 1670 tunc
2661 1616 2834 1680 adest,
2867 1626 2992 1671 tunc
3015 1617 3256 1672 laetificas
3288 1618 3437 1673 illum
3467 1635 3482 1685 ;
3507 1635 3640 1673 nunc
3663 1637 3749 1672 au-

2190 1713 2297 1759 tem
2340 1708 2650 1762 exacerbas.
2701 1707 2846 1762 Voca
2894 1709 3042 1763 illum
3091 1718 3145 1763 ut
3184 1711 3395 1766 vocavit
3439 1711 3747 1780 Stephanus.

2187 1797 2324 1864 Quid
2369 1799 2590 1853 dicens?
2623 1799 2855 1863 Domine.
2905 1817 2968 1855 ne
3008 1811 3204 1855 statuas
3245 1803 3346 1857 illis
3384 1802 3479 1856 hoc
3510 1812 3751 1872 peccatum

2188 1890 2325 1958 (Act.
2346 1891 2398 1946 7.
2430 1891 2546 1960 59).
2585 1890 2722 1945 Voca
2756 1891 2904 1946 illum
2928 1901 2984 1945 ut
3009 1892 3213 1946 vocavit
3237 1907 3373 1946 uxor
3399 1893 3754 1957 Eleanm,cum

2187 1981 2456 2053 lacrymis,
2502 1997 2624 2036 cum
2665 1983 2814 2048 fletu,
2858 1998 2978 2036 cum
3021 1983 3264 2037 oratione
3304 1983 3379 2055 (ι.
3411 1982 3541 2055 Reg.
3573 1985 3623 2039 1.
3652 1982 3751 2052 l0).

2184 2071 2300 2126 Non
2343 2072 2622 2141 prohibeo,
2667 2072 2760 2128 sed
2802 2072 2956 2128 valde
3001 2073 3208 2127 hortor.
3241 2071 3377 2128 Voca
3413 2074 3560 2128 illum
3590 2084 3643 2128 ut
3671 2089 3757 2129 vo-

2185 2165 2327 2218 cavit
2364 2164 2596 2236 Moyses,
2631 2177 2685 2218 et
2714 2165 2980 2220 clamabat
3006 2179 3168 2219 orans
3209 2181 3303 2234 pro
3341 2165 3424 2228 iis,
3470 2166 3557 2236 qui
3591 2166 3754 2235 ipsum

2184 2256 2237 2310 in
2270 2255 2448 2326 fugam
2474 2263 2695 2324 egerant
2726 2253 2910 2328 (Num.
2940 2255 3027 2310 i2.
3059 2253 3170 2326 i5).
3205 2254 3271 2310 Et
3295 2266 3348 2309 tu
3375 2255 3588 2326 quidem
3615 2256 3657 2310 si
3687 2258 3757 2309 vi-

2184 2364 2300 2403 rum
2328 2347 2628 2418 quempiam
2659 2346 3012 2402 reverendam
3045 2356 3247 2402 temere
3277 2363 3564 2412 memores,
3595 2347 3644 2401 id
3670 2363 3757 2418 pro

2183 2439 2503 2495 contumelia
2558 2438 2817 2504 habetur;
2854 2439 2898 2493 si
2943 2454 3074 2494 vero
3113 2439 3279 2493 Deum
3324 2439 3500 2493 verbis
3537 2440 3758 2493 circum-

2183 2531 2341 2594 feras,
2389 2546 2491 2585 non
2517 2530 2675 2586 modo
2701 2540 2923 2594 temere,
2949 2530 3042 2585 sed
3069 2531 3228 2585 etiam
3256 2530 3646 2600 intempestive,
3672 2547 3759 2602 pro

2183 2624 2351 2679 nihilo
2379 2641 2489 2678 rem
2516 2624 2724 2680 habes?
2775 2624 2840 2679 Et
2876 2633 3077 2694 quanto
3121 2623 3384 2692 supplicio
3422 2622 3616 2692 dignus
3655 2639 3752 2679 non

2183 2717 2384 2772 fueris?
2415 2716 2527 2771 Non
2549 2716 2806 2787 prohibeo
2833 2717 3002 2770 Deum
3026 2730 3239 2786 semper
3269 2715 3328 2769 in
3349 2725 3527 2770 mente
3550 2716 3760 2782 habere,

2181 2811 2284 2866 hoc
2313 2812 2457 2866 enim
2513 2820 2568 2866 et
2611 2811 2838 2882 optarim
2870 2819 2923 2865 et
2949 2809 3146 2874 velim;
3193 2817 3247 2863 at
3283 2825 3387 2863 non
3433 2819 3627 2880 praeter
3657 2811 3762 2879 pla-

2179 2906 2344 2961 citum
2388 2905 2526 2974 ejus,
2571 2919 2757 2960 verum
2787 2919 2907 2958 cum
2937 2903 3093 2958 laude
3121 2914 3175 2959 et
3215 2903 3440 2959 honore.
3499 2903 3683 2973 Magna
3713 2902 3764 2959 id

2179 2997 2332 3052 nobis
2354 3005 2566 3066 pareret
2587 2997 2743 3058 bona,
2767 2996 2812 3051 si
2837 3011 2957 3051 cum
2981 3005 3211 3066 oportet,
3235 3006 3288 3051 et
3311 2997 3366 3050 in
3393 2995 3586 3067 quibus
3611 3011 3765 3065 Opor-

2179 3097 2277 3152 tet,
2311 3097 2515 3142 lantum
2557 3102 2872 3142 vocaremus
2908 3102 3049 3141 eum.
3084 3086 3212 3150 Cur,
3241 3102 3445 3156 quaeso,
3475 3087 3764 3157 προειιιιιι-

2179 3196 2299 3236 rum
2342 3195 2456 3234 a:vo
2496 3189 2574 3233 tot
2614 3187 2879 3249 tantaeque
2920 3179 3145 3233 virtutes
3184 3177 3402 3243 fiebant,
3435 3188 3614 3232 nostra
3643 3192 3768 3232 vero

2178 3281 2335 3326 tetate
2359 3270 2600 3334 minime,
2651 3269 2775 3324 licet
2806 3270 2944 3323 idetu
2974 3269 3088 3339 ipse
3117 3271 3183 3323 sit
3215 3267 3380 3334 Deus,
3408 3269 3640 3338 idipsum
3668 3285 3764 3323 no-

2176 3364 2341 3417 men?
2362 3363 2464 3418 Sed
2497 3379 2600 3417 non
2628 3378 2724 3433 par
2752 3377 2838 3418 res
2859 3373 2960 3417 est.
2988 3361 3305 3430 Quomodo?
3331 3361 3464 3430 Quia
3495 3362 3568 3417 illi
3601 3363 3651 3417 in
3680 3363 3767 3428 iis,

2175 3470 2295 3525 qua:
2331 3453 2461 3516 dixi,
2494 3455 2666 3523 ipsum
2699 3454 2963 3509 vocabant
2990 3453 3194 3517 solum;
3234 3468 3332 3507 nos
3376 3468 3504 3506 vero
3548 3468 3660 3508 non
3715 3454 3769 3509 in

2177 3547 2283 3609 his,
2326 3547 2420 3600 sed
2452 3547 2502 3600 in
2537 3546 2679 3602 aliis.
2710 3547 2766 3602 Si
2798 3555 2974 3600 autem
3003 3545 3123 3600 ideo
3146 3545 3314 3614 juras,
3357 3545 3481 3615 quia
3530 3545 3622 3600 ille
3661 3561 3766 3600 non

2181 3635 2357 3693 credit
2387 3655 2400 3691 :
2429 3637 2515 3691 die
2545 3636 2782 3707 quidem,
2817 3635 3020 3700 Crede;
3052 3646 3304 3691 etcterum
3331 3635 3373 3688 si
3405 3637 3504 3700 vis,
3531 3636 3651 3704 jura
3673 3651 3771 3706 per

2175 3737 2230 3785 te
2262 3734 2455 3798 ipsum.
2482 3727 2608 3783 ll.ec
2627 3727 2834 3792 dicens,
2859 3743 2967 3782 non
2990 3729 3256 3782 contraria
3282 3726 3483 3782 Christi
3513 3727 3617 3798 legi
3648 3745 3771 3799 pro-

2175 3818 2311 3884 fero,
2341 3818 2480 3871 absit
2509 3836 2521 3871 :
2558 3833 2680 3872 nam
2701 3818 2795 3882 ait,
2822 3816 2902 3872 Sit
2931 3826 3100 3871 autem
3125 3833 3287 3870 sermo
3313 3827 3493 3884 vester,
3529 3815 3644 3882 Est,
3673 3828 3772 3881 est;

2177 3909 2320 3975 Non,
2354 3928 2454 3964 non
2481 3910 2688 3974 (Matth.
2722 3912 2777 3967 5.
2805 3909 2894 3980 ’57)
2925 3911 3055 3975 ;sed
3089 3925 3174 3966 me
3196 3911 3346 3964 vobis
3376 3919 3771 3980 attemperans,

2179 4016 2236 4058 ut
2267 4005 2435 4075 magis
2463 4003 2527 4057 ad
2560 4004 2660 4059 hoc
2681 4021 2776 4058 vos
2805 4003 3053 4059 inducam
3084 4013 3137 4058 et
3162 4019 3191 4057 a
3217 4004 3494 4073 tyrannica
3535 4019 3775 4058 consue-

2175 4096 2359 4151 tudine
2395 4095 2642 4150 liberem.
2671 4095 2813 4163 Quot
2851 4096 2904 4149 in
2935 4095 3052 4149 aliis
3079 4095 3240 4150 rebus
3272 4095 3504 4164 probati,
3554 4096 3659 4149 hac
3705 4095 3777 4152 de

2173 4203 2329 4243 causa
2360 4189 2634 4258 perierunt
2671 4187 2682 4239 !
2721 4185 2900 4241 Vultis
2925 4187 3156 4251 discere,
3195 4201 3294 4240 cur
3325 4185 3516 4254 priscis
3541 4185 3656 4241 illis
3689 4186 3778 4256 jn-

2173 4297 2292 4335 rare
2325 4279 2771 4352 permitteretur?
2803 4279 3070 4350 (pejerare
3096 4279 3250 4344 ,eniin
3285 4294 3458 4348 neque
3495 4279 3606 4332 illis
3635 4294 3778 4334 con-

2172 4388 2381 4426 cessum
2410 4373 2568 4442 erat).
2589 4371 2721 4440 Quia
2755 4388 2850 4442 per
2880 4372 3016 4425 idola
3036 4371 3306 4441 jurabant.
3340 4370 3454 4425 Non
3482 4385 3578 4424 vos
3601 4371 3781 4441 pudet

2173 4465 2228 4520 in
2260 4465 2322 4520 iis
2354 4479 2572 4518 manere
2602 4464 2828 4533 legibus,
2874 4463 2926 4517 in
2969 4462 3161 4533 quibus
3196 4461 3271 4516 illi
3297 4462 3660 4515 versabantur
3695 4463 3780 4515 iu-

2173 4557 2334 4612 firmi.
2367 4555 2495 4610 Nam
2526 4556 2568 4609 si
2597 4570 2740 4610 nunc
2766 4554 3018 4622 gentilcm
3051 4553 3284 4618 adoriar,
3333 4568 3436 4606 non
3469 4555 3661 4606 statim
3701 4553 3780 4606 ιιιι

2172 4648 2274 4704 hoc
2299 4649 2526 4718 impero,
2553 4645 2646 4701 sed
2677 4647 2887 4700 interim
2912 4654 2967 4698 tit
2991 4645 3124 4699 sciat
3150 4644 3422 4697 Christum
3451 4643 3738 4696 admoneo
3763 4660 3780 4697 :

2171 4739 2514 4802 lidelisvero,
2545 4738 2631 4808 qui
2660 4736 2926 4792 Christum
2951 4735 3135 4790 didicit
3164 4741 3217 4789 et
3241 4734 3462 4798 audivit,
3487 4737 3532 4789 si
3566 4733 3779 4789 eadem

2172 4847 2272 4900 qua
2302 4831 2524 4884 Graccus
2551 4826 2877 4897 indulgentia
2930 4841 3064 4895 opus
3107 4825 3321 4887 habeat,
3370 4842 3490 4893 qua:
3521 4825 3786 4879 utilitas?

2170 4919 2309 4995 quod
2336 4921 2584 4977 lucrum?
2617 4920 2720 4975 Sed
2741 4920 2919 4989 gravis
2947 4935 3033 4974 res
3055 4932 3139 4973 est
3164 4919 3514 4980 consuetudo,
3541 4928 3596 4974 ct
3626 4919 3788 4973 diffi-

2170 5015 2270 5069 cile
2317 5011 2680 5067 abstrahcris?
2714 5009 2874 5080 Ergo,
2925 5009 3047 5078 quia
3081 5019 3224 5063 tanta
3249 5020 3330 5064 est
3351 5010 3790 5064 eunsuetitdinis

2172 5105 2591 5176 tyrannis,‘eain
2622 5103 2672 5156 in
2698 5101 2855 5155 aliam
2908 5101 3136 5155 transfer
3173 5099 3649 5154 consuetudinem.
3716 5101 3790 5156 Et

2168 5195 2460 5269 quomodo,
2483 5193 2714 5264 inquies,
2741 5192 2853 5247 fieri
2881 5197 3102 5262 patest?
3140 5191 3291 5258 Quod
3322 5205 3465 5262 sa-pe
3490 5191 3635 5257 dixi,
3676 5193 3794 5246 huc

2168 5299 2222 5344 et
2248 5303 2386 5342 nunc
2408 5287 2528 5340 dico
2561 5304 2574 5339 :
2603 5284 2723 5341 Sitit
2751 5283 3126 5338 emendatores
3149 5283 3412 5338 dictorum
3443 5283 3628 5346 multi,
3669 5284 3796 5337 sint

2169 5378 2516 5448 inquisitores
2558 5384 2613 5430 et
2659 5385 3013 5430 correctores.
3065 5373 3184 5429 Non
3228 5373 3399 5444 pudor
3425 5383 3508 5429 est
3535 5373 3613 5428 ab
3653 5373 3796 5429 aliis

2167 5469 2398 5539 corrigi;
2434 5471 2542 5522 imo
2566 5467 2742 5538 pudor
2781 5475 2865 5521 est
2895 5465 3160 5534 repellere
3194 5463 3550 5534 corrigentes,
3597 5473 3666 5518 et
3731 5463 3794 5517 in

2170 5561 2399 5633 preprizc
2439 5557 2626 5613 salutis
2671 5557 2925 5611 damnum
2958 5556 3058 5611 hoc
3085 5555 3283 5610 facere.
3331 5554 3398 5609 Et
3442 5564 3498 5608 tu
3540 5553 3795 5623 quidem

2169 5654 2210 5707 si
2241 5660 2440 5706 vestem
2468 5649 2656 5703 induas
2682 5649 2972 5713 iii-versam,
3021 5647 3282 5717 permittis
3308 5655 3362 5701 te
3389 5661 3418 5699 a
3450 5660 3630 5715 puero
3673 5645 3797 5700 ad-

2169 5743 2397 5809 moneri,
2420 5756 2520 5797 nec
2547 5751 2599 5796 te
2627 5739 2791 5811 pudet
2821 5740 2886 5793 ab
2917 5739 3009 5794 illo
3033 5739 3275 5805 discere;
3317 5739 3560 5810 quamvis
3586 5739 3795 5794 hacin

2172 5855 2229 5891 re
2259 5850 2480 5904 magnus
2509 5833 2578 5888 sit
2607 5831 2820 5904 pudor:
2853 5830 2940 5888 hic
2975 5843 3152 5887 autem
3190 5831 3242 5886 in
3283 5831 3461 5887 anima
3487 5830 3792 5897 ιωωςγιε
