3978 6508
235 433 303 490 93
1229 422 1293 477 IN
1333 421 1508 476 seu
1552 416 2068 473 AI‘OSTOLOIIUM.
2111 415 2340 472 nonin.
2383 414 2472 470 Kl.
3443 415 3513 470 9;

237 543 394 614 pudet
422 541 491 596 ab
521 541 626 594 alio
651 539 889 594 erudiri?
916 547 971 592 et
998 551 1210 592 servum
1243 535 1349 590 fers
1373 543 1421 588 te
1457 534 1594 587 circa
1621 538 1821 584 vestem

237 643 520 688 ornautem
551 642 606 684 et
641 631 972 684 calceantem
999 670 1014 693 ,
1062 642 1186 682 eum
1234 635 1412 679 autem
1461 622 1548 692 qui
1591 621 1823 673 animam

237 738 377 779 tuam
409 734 565 776 ornat
603 739 709 776 non
741 721 1016 775 sustines?
1058 721 1123 774 Et
1161 726 1370 787 quantm
1417 714 1518 768 hoc
1551 728 1655 766 non
1702 711 1826 764 iusi-

238 817 449 885 pientia:
484 816 639 869 fuerit
665 818 678 869 !
702 814 784 868 Sit
811 824 867 867 et
894 826 1082 866 servus
1108 810 1316 872 doctor,
1346 807 1415 859 sit
1446 802 1717 873 puerulus,
1756 802 1827 855 sit

239 926 392 975 uxor,
418 911 490 962 sit
509 909 716 961 amicus
741 908 781 971 ί,
805 912 1080 976 cognatus,
1105 902 1329 955 vicinus.
1353 897 1501 952 Sicut
1521 895 1662 949 enim
1692 894 1824 955 fera,

237 1019 354 1068 qua:
385 1001 624 1067 undique
647 998 883 1066 pellitur,
912 1011 1016 1049 non
1047 1000 1220 1062 potest
1242 990 1476 1058 effugere
1506 1004 1519 1039 :
1549 985 1624 1038 sic
1649 986 1713 1047 is,
1735 982 1827 1050 qui

238 1102 312 1146 tot
345 1094 509 1146 habet
535 1090 807 1154 custodes,
852 1097 933 1142 tot
960 1093 1313 1145 correctores,
1358 1081 1446 1150 qui
1485 1078 1718 1146 undique
1746 1074 1827 1128 le-

237 1189 397 1245 t‘ianl.
429 1201 535 1240 non
577 1192 752 1254 potest
775 1197 879 1235 non
903 1180 1002 1234 sibi
1044 1192 1252 1232 cavere.
1281 1174 1347 1228 Et
1391 1172 1562 1242 primo
1609 1166 1824 1238 quidem

239 1339 246 1346 ι
301 1280 317 1306 ι
348 1276 516 1347 nor-et.
538 1274 663 1337 legit
685 1287 699 1322 :
725 1271 792 1323 sit
834 1278 881 1322 et
914 1283 1080 1321 servus
1104 1272 1290 1325 doctor,
1315 1263 1376 1314 sit
1398 1261 1600 1319 amicus,
1631 1257 1826 1307 omissis

239 1346 557 1387 ιιιιυτιιυδιυδ.

234 1349 557 1400 uiterwstus.

1929 529 2015 584 die
2047 547 2185 598 mgt'e
2221 533 2354 584 teret
2393 542 2549 598 atque
2583 530 2634 584 in
2669 528 2904 584 secundo
2942 537 2998 584 et
3036 523 3195 584 tertio
3231 547 3244 583 :
3275 540 3329 584 at
3365 534 3494 587 dein

1930 635 2057 688 ceps
2096 636 2182 674 res
2206 622 2302 674 erit
2335 620 2559 684 facilior,
2592 629 2645 675 et
2678 630 2795 689 post
2819 629 3066 690 quartum
3103 637 3211 676 non
3244 622 3382 679 idem
3412 618 3514 675 erit

1931 711 2221 780 negotium.
2245 712 2552 766 Periculuiu-
2574 713 2749 773 facile.
2778 716 2821 767 si
2848 713 3063 782 quidem
3097 729 3204 767 non
3235 717 3470 770 credatis
3494 732 3510 774 :

1929 819 2108 857 curam
2141 803 2354 865 habete,
2386 804 2633 858 obsecro.
2680 804 2794 859 Non
2825 817 2905 860 est
2929 805 3047 860 leve
3079 818 3376 877 peceatum,
3420 825 3516 863 no-

1929 912 2033 965 que
2061 897 2194 950 levis
2222 899 2520 960 correctio;
2563 898 2657 950 sed
2694 881 2943 968 utrinque
2989 915 3236 968 maguum
3283 916 3375 954 seu
3420 901 3515 953 bo.

1931 1002 2057 1040 num
2083 1001 2176 1040 seu
2209 987 2427 1039 malum.
2460 987 2670 1040 Utinam
2704 989 2900 1041 bonum
2939 990 3049 1054 lial,
3084 992 3250 1060 gratia
3281 1001 3335 1045 et
3364 992 3516 1046 beni-

1921 1078 2128 1157 gnitate
2159 1077 2366 1130 Domini
2394 1078 2560 1131 nostri
2587 1078 2710 1132 Jesu
2738 1080 2957 1143 Christi,
3009 1082 3221 1150 quicum
3267 1083 3407 1137 Patri
3460 1081 3515 1140 ει

1930 1168 2149 1236 Spiritui
2172 1176 2359 1220 sancto
2380 1167 2569 1235 gloria,
2596 1167 2898 1236 imperium,
2924 1170 3116 1237 honor,
3141 1187 3286 1228 nunc
3316 1157 3529 1227 etseun

1930 1274 2048 1330 per,
2079 1268 2133 1314 et
2163 1259 2215 1313 in
2242 1260 2436 1312 szeeula
2472 1259 2811 1313 saeculorum.
2841 1263 3035 1317 Amen.
3503 1263 3508 1270 ’

233 1423 3515 1483 WA

1641 1479 1989 1582 HoMtLIA
2029 1512 2147 1574 x1.

231 1687 367 1741 Car.
397 1687 451 1740 .5.
483 1700 536 1736 v.
569 1683 657 1738 2'5.
695 1679 903 1733 Dimissi
929 1687 1096 1730 autem
1121 1679 1360 1728 venerunt
1379 1671 1446 1724 ad
1474 1680 1629 1731 suos;
1658 1673 1703 1716 et
1725 1679 1830 1714 an-

316 1776 670 1829 nuntiaverunt
692 1771 782 1833 eis,
813 1777 1001 1838 quanta
1026 1765 1094 1819 ad
1118 1781 1200 1820 eos
1231 1763 1482 1834 principes
1507 1755 1824 1812 sacerdotum

313 1883 358 1923 et
389 1867 609 1921 seniores
630 1862 891 1916 dixissent.

315 2041 367 2094 l.
409 2037 528 2093 Non
565 2048 697 2089 vana
738 2030 906 2102 gloria
952 2026 1083 2082 moti
1130 2029 1385 2079 narrant:
1429 2018 1518 2090 qui
1541 2015 1683 2072 enim
1711 2011 1822 2066 ﬁeri

239 2126 521 2202 potuerit?
568 2124 662 2180 sed
695 2123 810 2177 h:ee
828 2120 1014 2192 gratia:
1040 2115 1237 2172 Christi
1267 2119 1392 2168 sunt
1417 2109 1632 2164 indicia.
1662 2105 1787 2160 ideo
1806 2143 1823 2171 ,

235 2232 597 2293 quaecumque
638 2216 713 2271 illi
754 2214 1035 2275 dixerant,
1079 2213 1369 2265 enarrant;
1415 2217 1510 2258 sua
1531 2214 1660 2254 vero
1683 2196 1826 2252 dicta

238 2316 366 2370 licet
391 2319 738 2384 praetereant,
769 2307 892 2361 hinc
923 2314 1097 2358 tamen
1126 2299 1382 2369 majorem
1408 2294 1655 2350 ﬁduciam
1677 2304 1827 2344 assu-

238 2415 420 2461 munt.
447 2403 518 2457 Et
547 2398 816 2471 perpende
838 2438 852 2461 ,
877 2391 1147 2464 quomodo
1175 2403 1391 2445 rursum
1416 2384 1485 2440 ad
1516 2398 1699 2439 verum
1729 2396 1827 2434 au-

239 2500 433 2553 xilium
462 2492 796 2562 confugiant,
824 2486 889 2541 ad
909 2484 1206 2540 subsidium
1229 2481 1508 2544 invictum,
1537 2490 1599 2530 ac
1615 2486 1828 2528 rursum

239 2588 571 2645 unanimiter
592 2594 648 2640 et
680 2597 799 2638 eum
825 2579 1000 2634 studio
1027 2596 1039 2631 :
1067 2589 1240 2646 neque
1264 2573 1408 2629 enim
1430 2580 1513 2628 est
1539 2568 1710 2625 oratio
1731 2576 1822 2621 ut—

237 2697 477 2752 cumque
533 2679 750 2734 cmissa.
792 2675 882 2728 24.
933 2671 1033 2739 Qui
1061 2687 1175 2724 cum
1201 2668 1492 2732 audissent,
1525 2661 1830 2718 unanimiter

241 2777 536 2828 levaverunt
558 2785 727 2824 vocem
747 2769 815 2820 ad
840 2765 1023 2830 Deum,
1047 2773 1094 2816 et
1122 2763 1378 2816 dixerunt.
1402 2757 1536 2812 Vide
1560 2770 1716 2826 quam
1743 2753 1831 2808 di-

246 2867 474 2935 ligenter
545 2863 678 2916 liant
725 2860 938 2914 illorum
997 2869 1203 2926 preces.
1251 2851 1476 2921 Quando
1531 2847 1830 2918 apostolatu

247 2959 464 3026 dignum
506 2951 719 3009 ostendi
758 2949 858 3006 sibi
904 2947 1186 3018 petebant,
1239 2943 1318 2998 sic
1363 2941 1654 2996 dicebant:
1716 2935 1829 3000 Tu,

255 3049 490 3113 Domine,
519 3047 611 3119 qui
635 3043 792 3098 corda
818 3042 949 3096 nosti
977 3039 1202 3094 omnium
1226 3078 1241 3104 ,
1269 3034 1472 3091 ostende
1495 3033 1629 3106 (Act.
1658 3031 1710 3085 1.
1737 3027 1830 3098 24)

259 3139 357 3208 (ibi
382 3139 515 3192 enim
542 3133 880 3207 prwseientia
910 3146 1044 3202 opus
1061 3129 1198 3198 erat)
1223 3143 1236 3180 :
1268 3126 1355 3182 bic
1383 3139 1534 3188 vero,
1576 3123 1701 3193 quia
1731 3120 1832 3176 ad-

264 3231 611 3285 versariorum
652 3241 746 3282 ora
781 3223 984 3282 obstrui
1011 3219 1328 3292 oportebat,
1359 3218 1426 3274 de
1450 3215 1724 3272 dominatu
1750 3212 1832 3266 lo-

259 3333 518 3394 quuntur;
553 3320 674 3376 ideo
696 3319 774 3374 sic
795 3317 903 3374 orsi
929 3325 1052 3371 sunt
1082 3334 1096 3370 :
1142 3312 1358 3367 Domine
1381 3308 1541 3373 Deus,
1572 3307 1656 3376 qui
1675 3303 1836 3376 fecisti

251 3420 428 3472 certum
450 3459 466 3480 ,
501 3426 552 3470 et
582 3425 804 3477 terram,
834 3421 881 3466 et
912 3425 1077 3476 mare,
1103 3417 1151 3462 et
1171 3406 1341 3461 omnia
1365 3419 1476 3475 qua:
1504 3404 1556 3456 in
1582 3401 1651 3456 eis
1673 3408 1789 3454 sunt
1816 3413 1835 3452 :

245 3512 336 3566 25.
359 3510 447 3579 qui
469 3525 566 3579 per
585 3524 643 3561 os
661 3504 828 3558 David
847 3503 989 3571 pueri
1011 3498 1270 3554 tuidixisti
1294 3512 1312 3550 :
1338 3495 1510 3560 Quare
1525 3497 1837 3564 fremuerunt

239 3613 440 3675 gentes,
471 3610 522 3654 et
547 3597 724 3668 populi
751 3594 978 3648 meditati
1005 3602 1122 3646 sunt
1157 3589 1373 3643 inania?
1396 3586 1488 3642 26.
1517 3583 1830 3638 Adstiterunt

239 3713 386 3764 reges
411 3704 566 3748 terra:
594 3701 641 3745 et
684 3689 940 3760 principes
969 3692 1304 3738 convenerunt
1329 3682 1383 3734 in
1411 3695 1567 3733 unum
1596 3678 1839 3730 adversus

243 3786 534 3838 Dominum
565 3792 610 3834 et
632 3780 873 3833 adversus
900 3775 1153 3832 Christum
1193 3775 1300 3843 ejus
1332 3770 1500 3842 (Psal.
1533 3771 1624 3830 2-1.
1652 3767 1733 3838 2).
1763 3768 1840 3820 Ac

237 3878 287 3929 si
321 3887 481 3945 pacta
513 3889 545 3926 a
574 3873 683 3926 Deo
703 3870 1000 3939 exigerent,
1025 3864 1359 3936 prophetiam
1390 3863 1439 3915 in
1463 3860 1694 3915 medium
1714 3856 1842 3911 alie.

235 3979 393 4030 runt,
428 3967 641 4032 seipsos
684 3961 840 4015 simul
867 3959 1240 4021 consolantes,
1266 3953 1406 4025 quod
1442 3956 1620 4006 omnia
1648 3952 1841 4005 frustra

235 4059 588 4112 meditemur
633 4053 856 4108 inimici.
905 4051 1018 4105 lloc
1055 4059 1232 4102 autem
1276 4045 1577 4115 signiﬁcare
1616 4043 1838 4096 volunt:

236 4149 342 4203 Illa
379 4149 434 4201 in
477 4145 716 4199 medium
764 4143 963 4212 profer,
994 4149 1048 4193 et
1076 4137 1300 4194 ostende
1338 4135 1478 4206 quod
1514 4131 1646 4188 vana
1676 4131 1844 4187 medi-

235 4241 344 4292 tati
380 4241 513 4291 sint.
538 4236 630 4289 27.
662 4252 682 4287 σ
707 4234 1090 4288 Conveneruut
1109 4227 1250 4284 enim
1271 4242 1395 4281 vere
1425 4228 1475 4280 in
1505 4227 1720 4281 civitate
1743 4225 1840 4279 ista

232 4331 515 4384 adversus
545 4335 787 4380 sanctum
820 4324 1044 4378 ['uerum
1079 4329 1224 4375 tuum
1251 4319 1455 4384 Jesum,
1485 4332 1643 4388 quem
1697 4315 1845 4372 uinxi-

227 4427 335 4482 sti.
363 4419 614 4475 Herodes
630 4427 686 4472 et
708 4416 926 4470 Pontius
949 4413 1150 4468 Pilatus
1162 4427 1280 4467 cum
1302 4410 1551 4481 gentibus
1569 4420 1622 4464 et
1639 4409 1846 4478 populis

229 4515 458 4576 Israel,
506 4512 601 4565 28.
649 4519 705 4564 ut
749 4508 987 4562 lacerent
1032 4519 1384 4576 qumeumque
1428 4518 1615 4556 manus
1657 4511 1747 4556 tua
1791 4509 1848 4556 et

222 4607 548 4664 consilium
575 4614 719 4658 tuum
747 4601 862 4656 ﬁeri
889 4600 1188 4671 prcelinivit.
1213 4598 1299 4653 29.
1328 4598 1392 4652 Et
1415 4613 1576 4664 nunc,
1603 4597 1842 4663 Domine,

226 4701 474 4769 respice
515 4698 569 4750 in
612 4697 783 4750 minas
823 4709 1063 4748 eorum.»
1119 4691 1304 4746 \‘iden’
1333 4690 1723 4761 philosophiam
1747 4729 1762 4754 9
1794 4697 1849 4744 ει

223 4788 537 4860 quomodo
567 4787 650 4840 his
673 4803 774 4839 non
803 4786 1165 4854 imprecentur
1187 4783 1358 4840 mala?
1385 4781 1552 4836 Minas
1572 4781 1848 4850 speciatim

225 4901 352 4938 non
409 4887 818 4949 exposuerunt,
864 4877 956 4930 sed
999 4876 1183 4930 dicunt
1225 4883 1427 4928 tantum
1471 4873 1591 4927 illos
1618 4873 1849 4928 minatos

221 4993 370 5032 esse
413 4993 430 5026 :
461 4988 584 5026 nam
608 4968 925 5039 compendio
955 4968 1186 5038 loquitur
1206 4967 1452 5035 scriptor.
1485 4965 1552 5018 Et
1576 4964 1718 5031 vide,
1743 4980 1849 5019 non

219 5073 552 5130 dixi-runt,
597 5064 852 5132 Dirumpe
897 5060 1015 5114 illos
1036 5102 1050 5123 ,
1082 5059 1255 5129 dejice
1280 5058 1438 5121 illos;
1472 5058 1563 5111 sed
1592 5057 1755 5126 quid?
1783 5056 1851 5111 Et

219 5165 300 5216 da
333 5160 513 5215 servis
541 5155 641 5208 tuis
664 5169 777 5207 cum
801 5152 937 5205 omni
967 5149 1156 5218 ﬁducia
1185 5148 1318 5218 loqui
1349 5149 1548 5201 verbum
1570 5157 1732 5202 tuum.
1762 5150 1852 5204 Sic

219 5269 341 5308 nus
378 5262 613 5318 quoque
639 5244 905 5298 discamus
935 5256 1106 5295 orare.
1140 5240 1255 5294 Etsi
1284 5257 1390 5310 quo
1414 5255 1520 5294 non
1550 5239 1728 5295 furore
1750 5241 1852 5295 im-

218 5350 476 5419 pleatur
497 5342 586 5410 qui
610 5341 663 5393 in
693 5338 838 5391 viros
867 5335 1051 5388 incidit
1078 5332 1326 5388 occidere
1356 5334 1528 5402 ipsum
1559 5343 1850 5400 conantes,

213 5453 273 5492 ct
321 5437 484 5490 talia
527 5429 872 5485 minitantes?
895 5426 964 5481 Et
998 5442 1105 5496 quo
1136 5440 1242 5480 non
1275 5424 1400 5479 odio
1423 5425 1702 5493 impleatur
1723 5426 1766 5478 i-
1787 5427 1856 5481 At

216 5547 340 5585 non
383 5527 487 5580 sic
527 5524 580 5576 hi
615 5522 811 5576 sancti.
844 5519 932 5575 50.
960 5517 1025 5571 In
1041 5535 1099 5573 eo
1126 5516 1263 5590 quod
1289 5534 1492 5570 manum
1518 5528 1657 5571 tuam
1684 5528 1854 5572 exten-

218 5628 323 5678 das
385 5619 476 5673 ad
514 5618 780 5678 sanitates,
821 5625 869 5666 et
912 5614 1057 5682 signa
1092 5622 1139 5666 et
1165 5612 1397 5682 prodigia
1420 5613 1531 5679 ﬁeri
1557 5629 1645 5682 per
1672 5628 1854 5665 nomen

217 5715 414 5772 uincti
474 5707 636 5762 Pueri
669 5708 744 5760 tui
768 5705 913 5759 Jesu.
946 5704 999 5760 Si
1029 5706 1080 5758 in
1114 5705 1331 5758 nomine
1360 5704 1454 5757 illo
1496 5705 1633 5758 ﬁunt
1663 5719 1856 5773 opera-

218 5812 422 5863 tion-es
446 5844 466 5867 ,
525 5799 732 5869 inquit,
773 5813 960 5866 magna
989 5798 1090 5851 erit
1129 5795 1377 5866 loquendi
1422 5794 1633 5849 lidueia.
1668 5797 1756 5851 51.
1786 5796 1856 5850 Et

219 5921 346 5957 cuin
382 5903 656 5958 orassent,
686 5901 849 5945 matus
886 5901 957 5945 est
993 5890 1151 5956 locus,
1180 5888 1228 5942 in
1261 5903 1356 5957 qua
1377 5899 1518 5942 erant
1541 5889 1852 5959 congregati.

1932 1657 2050 1726 Quo
2081 1657 2202 1712 illos
2226 1657 2508 1714 exauditos
2535 1674 2655 1716 esse
2675 1671 2730 1716 et
2747 1661 2983 1720 divinam
3015 1666 3131 1722 ﬁeri
3154 1669 3514 1732 visitationem

1930 1746 2346 1817 signiﬁcabatur.
2363 1747 2432 1802 Et
2449 1749 2626 1820 repleti
2640 1761 2753 1805 sunt
2765 1769 2935 1808 omnes
2955 1756 3152 1827 Spiritu
3163 1774 3338 1817 sancto
3379 1765 3516 1832 Quid

1930 1850 2033 1901 est.
2062 1839 2263 1912 Repleti
2290 1844 2521 1898 sunt?ld
2548 1856 2650 1909 est,
2675 1845 2880 1914 Spiritu
2907 1855 3150 1908 succensi
3177 1869 3323 1923 sunt,
3351 1868 3405 1913 et
3425 1875 3518 1914 ar-

1930 1933 2090 1988 debat
2111 1935 2162 1989 in
2179 1934 2281 1991 illis
2302 1934 2589 1994 charisma.
2613 1939 2682 1992 Et
2698 1939 3032 2008 loquebantur
3058 1947 3259 2002 verbum
3281 1950 3378 2005 Dei
3401 1969 3520 2007 cum

1931 2023 2140 2092 fiducia.
2155 2025 2244 2080 52.
2270 2025 2618 2082 Multitudinis
2631 2039 2796 2083 autent
2813 2035 3121 2091 credentium
3135 2051 3244 2092 erat
3257 2057 3345 2094 cor
3358 2059 3518 2098 unum

1931 2124 1975 2167 et
2003 2116 2178 2170 anima
2201 2132 2322 2171 una.
2382 2118 2564 2186 Vides,
2593 2121 2734 2189 quod
2760 2138 2882 2177 cum
2909 2127 3080 2194 gratia
3109 2128 3202 2184 Dei
3231 2131 3391 2186 etiam
3417 2147 3517 2188 sua

1931 2205 2247 2262 aiferebant.
2279 2207 2486 2279 Ubique
2512 2211 2656 2266 enim
2681 2211 2784 2268 hoc
2809 2214 3201 2274 observandum
3232 2232 3346 2288 est,
3372 2228 3517 2294 quod

1930 2313 2051 2350 eum
2077 2298 2244 2367 gratia
2273 2298 2388 2364 Dei,
2420 2314 2515 2355 sua
2537 2301 2696 2356 etiam
2723 2303 3031 2373 exhibeant,
3065 2319 3122 2364 ut
3145 2310 3336 2368 Petrus
3365 2315 3520 2371 diac—

1930 2387 2022 2442 bat
2052 2405 2064 2441 :
2093 2389 2370 2458 Argentum
2398 2400 2446 2443 et
2462 2407 2644 2444 aurum
2667 2410 2767 2448 non
2791 2405 2865 2450 est
2894 2398 3020 2452 mihi
3050 2401 3186 2468 (Act.
3222 2404 3274 2456 3.
3300 2403 3379 2474 6).
3408 2407 3522 2462 Ita.

1931 2493 2037 2548 que
2060 2479 2200 2549 quod
2222 2483 2469 2550 superius
2499 2482 2727 2549 dicebat,
2758 2501 2949 2543 omnes
2975 2489 3140 2547 fuisse
3163 2491 3229 2547 In
3269 2496 3524 2566 idipsum,

1933 2584 2118 2625 rursus
2150 2571 2236 2625 hic
2261 2571 2498 2627 declarat
2524 2590 2537 2626 :
2569 2575 2920 2632 Multitudinis
2946 2583 3259 2638 credentium
3289 2598 3396 2641 erat
3424 2607 3525 2644 con

1933 2676 2093 2714 unum
2119 2672 2166 2714 et
2190 2663 2363 2716 anima
2387 2681 2511 2718 una.
2538 2665 2672 2721 Cum
2702 2668 2921 2726 dixisset
2949 2682 3124 2730 autem
3153 2677 3271 2732 illos
3292 2683 3516 2738 exaudi-

1937 2759 2019 2805 tos
2041 2751 2222 2820 luisse,
2249 2769 2435 2809 eorum
2467 2767 2649 2825 postea
2677 2759 2926 2816 virtutem
2949 2773 3148 2821 narrat.
3179 2767 3530 2838 lagressurus.

1935 2859 2164 2915 namque
2182 2854 2264 2901 est
2291 2847 2342 2900 in
2362 2849 2723 2904 narrationem
2741 2852 3018 2923 Sapphira:
3039 2865 3095 2911 et
3118 2858 3359 2917 Ananiae.
3381 2863 3517 2921 .ldeo

1936 2935 2149 2992 illorum
2192 2938 2368 2994 scelus
2405 2948 2721 2997 ostensurus
2744 2983 2759 3008 ,
2789 2944 2938 3013 prius
2965 2945 3034 3004 de
3063 2949 3290 3008 aliorum
3321 2954 3528 3014 virtute

1937 3027 2192 3098 loquitur.
2228 3030 2343 3098 Dic,
2393 3046 2512 3097 oro,
2589 3032 2860 3090 earitasue
2917 3050 3284 3109 paupertatem
3341 3049 3519 3118 parit,

1937 3134 2005 3220 an
2053 3130 2339 3190 paupertas
2383 3123 2708 3180 caritatem!
2758 3126 2982 3186 Videtur
3047 3134 3181 3190 mihi
3249 3141 3393 3208 quod
3418 3157 3514 3197 ca-

1937 3221 2069 3265 ritas
2130 3220 2543 3282 paupertatem,
2593 3231 2713 3286 quae
2766 3221 2935 3290 magis
3003 3223 3146 3280 illam
3211 3228 3520 3303 adstringit.

1940 3303 2076 3357 Audi
2128 3319 2290 3370 vero,
2337 3306 2461 3375 quid
2523 3307 2713 3364 dicat:
2755 3308 2996 3366 Omnium
3040 3327 3148 3370 erat
3195 3335 3284 3373 cor
3357 3341 3534 3379 unum.

1940 3405 1986 3448 et
2011 3395 2183 3448 anima
2204 3412 2325 3449 una.
2349 3397 2492 3453 Ecce
2517 3413 2612 3454 cor
2636 3409 2692 3455 et
2711 3403 2889 3458 anima
2916 3405 3146 3476 idipsum
3181 3421 3325 3466 sunt.
3365 3431 3386 3466 ι
3413 3415 3536 3472 Nee.

1940 3486 2220 3556 quisquam
2274 3503 2506 3556 eorum,
2554 3507 2674 3562 qua:
2721 3496 3026 3564 possidebat
3057 3540 3072 3563 ,
3119 3501 3316 3574 aliquid
3361 3520 3518 3563 suum

1941 3595 2064 3636 esse
2091 3581 2323 3648 dicebat,
2356 3583 2449 3638 sed
2478 3595 2632 3639 erant
2664 3587 2764 3640 illis
2791 3591 2966 3644 omnia
2995 3596 3316 3651 communia.
3342 3600 3529 3656 53.1%

1941 3675 2138 3728 virtute
2175 3691 2363 3746 magna
2417 3677 2713 3733 reddebant
2759 3683 2987 3750 apostoli
3031 3685 3393 3745 testimonium
3437 3709 3528 3748 re-

1943 3768 2292 3823 surrectionis
2334 3769 2544 3825 Domini
2595 3772 2724 3828 Jesu
2767 3773 3222 3846 ChristiJQuasi
3267 3783 3346 3837 eis
3369 3799 3530 3839 ,ωηι-

1944 3862 2167 3917 missum
2185 3861 2286 3927 sit,
2318 3861 2420 3918 hoc
2447 3863 2788 3928 deelarat,.et
2809 3869 2957 3936 quasi
2985 3868 3053 3924 de
3083 3871 3267 3926 olﬁoio
3292 3874 3528 3943 ipsorqu

1947 3953 2181 4023 loquitur
2209 3972 2221 4008 :
2249 3953 2302 4007 id
2335 3963 2436 4019 est,
2471 3955 2833 4010 testimonium
2862 3959 3011 4027 regni
3041 3975 3162 4016 eum
3193 3964 3383 4020 ﬁducia
3411 3983 3530 4022 om-

1947 4045 2105 4100 nibus
2153 4045 2467 4100 reddebant.
2527 4044 2706 4100 Gratia
2747 4064 2946 4118 quoque
2983 4067 3168 4122 magna
3201 4054 3256 4108 in
3296 4059 3544 4115 omnibus.

1947 4149 2053 4194 em:
2081 4155 2099 4192 :
2141 4138 2230 4194 δι.
2274 4154 2431 4209 neque
2471 4139 2606 4193 enim
2642 4141 2904 4210 quisquam
2922 4158 3069 4214 egens
3095 4156 3200 4199 erat
3234 4149 3364 4203 inter
3389 4152 3528 4207 illos.

1948 4232 2099 4288 Sicut
2125 4231 2176 4284 in
2204 4240 2425 4300 paterna
2455 4232 2616 4285 domo
2639 4231 2732 4286 lilii
2762 4247 2951 4288 omnes
2973 4235 3084 4303 pari
3112 4246 3238 4292 sunt
3281 4238 3486 4298 honore
3512 4285 3530 4309 ,

1949 4323 2027 4376 sic
2061 4321 2135 4376 illi
2169 4321 2345 4375 atl‘eeti
2384 4329 2567 4376 erant-
2601 4320 2719 4376 Non
2767 4322 2959 4378 licebat
2991 4327 3135 4380 enim
3165 4327 3368 4396 dicere,
3390 4333 3531 4402 quod

1950 4415 2083 4469 alios
2113 4415 2448 4480 enutrirent;
2478 4429 2542 4469 ac
2563 4415 2608 4469 si
2636 4430 2700 4469 ex
2731 4416 2844 4470 suis
2875 4416 2997 4471 illos
3027 4421 3316 4490 nutrirent,
3346 4427 3424 4481 sic
3449 4426 3534 4481 al-

1950 4505 2073 4560 lecti
2119 4515 2291 4560 erant.
2337 4505 2442 4561 Sed
2483 4506 2585 4561 hoc
2625 4517 2707 4562 est
2737 4509 3018 4577 mirabile,
3049 4513 3189 4581 quod
3229 4514 3391 4572 rebus
3419 4520 3546 4573 suis

1952 4596 2223 4666 sepositis,
2256 4595 2328 4650 ita
2351 4596 2678 4664 nutriebant,
2709 4613 2777 4652 ne
2802 4613 2865 4653 ex
2893 4600 3040 4667 suis,
3073 4603 3167 4657 sed
3198 4619 3266 4659 ex
3294 4621 3548 4661 eommu-m

1953 4690 2111 4745 nibus
2148 4689 2218 4744 ali
2262 4689 2591 4744 viderentur.
2639 4691 2944 4761 «Quotquot
2971 4703 3147 4748 autem
3196 4711 3538 4765 possessores

1953 4797 2205 4853 agrorum
2239 4782 2325 4837 vel
2360 4781 2639 4838 domorum
2675 4792 2828 4837 erant
2851 4823 2866 4846 ,
2909 4785 3201 4841 vendentes
3239 4788 3536 4846 alfcrebant

1956 4873 2127 4944 pretia
2151 4888 2336 4928 eorum
2361 4913 2376 4938 ,
2407 4889 2526 4943 qua:
2559 4874 2994 4928 vendebant..55.
3027 4876 3092 4928 Et
3116 4878 3536 4946 ponebantante

1955 4966 2120 5037 pedes
2169 4965 2554 5034 apostolorum.
2612 4963 2963 5020 Dividebatur
3028 4975 3208 5023 autem
3272 4969 3540 5042 singulis,

1959 5069 2112 5128 prout
2143 5061 2336 5130 cuique
2360 5075 2495 5130 opus
2518 5066 2684 5115 erat.»
2715 5057 2937 5126 Magnus
2964 5059 3154 5126 honor,
3178 5064 3320 5132 quod
3337 5071 3464 5122 non
3481 5067 3537 5124 in

1960 5171 2149 5210 manus
2173 5195 2186 5215 .
2220 5155 2312 5208 sed
2344 5154 2409 5206 ad
2443 5152 2603 5220 pedes
2628 5152 2994 5220 apostolorum
3019 5165 3300 5223 ponerent.
3322 5158 3410 5215 ὅθι.
3437 5160 3564 5214 ,1οςΔ

1955 5248 2079 5316 seph
2108 5256 2274 5298 autem
2299 5285 2312 5310 ,
2336 5246 2421 5313 qui
2441 5244 2826 5313 cognominatus
2847 5254 2920 5298 est
2949 5244 3212 5303 Barnabas
3239 5249 3302 5304 ab
3329 5261 3535 5322 aposto-

1959 5339 2020 5392 lis
2043 5377 2059 5404 ,
2101 5337 2237 5406 quod
2277 5346 2346 5389 est
2391 5336 2806 5403 interpretatum,
2844 5337 2984 5405 ﬁlius
3011 5341 3387 5399 consolationis.
3421 5344 3538 5403 Non

1960 5428 2169 5481 videtur
2214 5426 2340 5478 mihi
2394 5423 2480 5480 hic
2511 5425 2602 5479 ille
2643 5441 2800 5491 esse,
2852 5429 2940 5496 qui
2985 5443 3107 5484 cum
3151 5431 3406 5488 Matthia:
3452 5436 3541 5492 ille

1961 5535 2190 5587 namque
2217 5516 2415 5585 Joseph
2451 5518 2740 5573 vocabatur
2765 5519 3047 5587 Barsabas,
3084 5533 3262 5592 postea
3297 5541 3419 5582 vero
3448 5544 3543 5582 eo-

1959 5612 2297 5681 gnominatus
2339 5619 2422 5664 est
2477 5609 2698 5674 Justus;
2746 5611 2832 5667 hic
2871 5629 3000 5668 vero
3043 5615 3354 5685 Barnabas,
3400 5621 3542 5677 titius

1961 5702 2378 5768 eonsolatioois,
2417 5702 2486 5758 ab
2525 5704 2783 5772 apostolis
2807 5707 3214 5774 cognominatus
3242 5720 3324 5764 est
3348 5729 3360 5763 :
3387 5713 3538 5772 vide,-

1963 5805 2155 5864 turque
2181 5794 2312 5848 mihi
2339 5810 2368 5848 a
2393 5795 2588 5849 virtute
2631 5809 2820 5849 nomen
2847 5796 3140 5865 accepisse,
3165 5814 3229 5854 ac
3257 5801 3299 5853 si
3327 5802 3390 5856 ad
3419 5769 3538 5861 eam

1964 5905 2076 5945 rem
2103 5897 2246 5944 esset
2277 5897 2431 5959 aptus
2461 5897 2513 5943 et
2538 5887 2781 5944 idoneus.
2813 5887 3008 5943 Levites
3033 5930 3048 5955 ,
3095 5891 3311 5960 Cyprius
3341 5910 3541 5963 genere,
