  <div class='ocr_page' id='page_1' title='image "/cluster/home/n/w/nwhite01/storage/ocr_20150623/60/hvd.32044019207810/101.png"; bbox 0 0 4076 6354; ppageno 0'>
   <div class='ocr_carea' id='block_1_1' title="bbox 485 217 3743 322">
    <p class='ocr_par' dir='ltr' id='par_1_1' title="bbox 485 217 3743 322">
     <span class='ocr_line' id='line_1_1' title="bbox 485 217 3743 322; baseline -0.015 -1"><span class='ocrx_word' id='word_1_1' title='bbox 485 265 560 322; x_wconf 79' lang='lat'><strong>97</strong></span> <span class='ocrx_word' id='word_1_2' title='bbox 1158 258 1217 316; x_wconf 89' lang='lat' dir='ltr'>S.</span> <span class='ocrx_word' id='word_1_3' title='bbox 1251 247 1533 314; x_wconf 76' lang='lat' dir='ltr'>JOANNIS</span> <span class='ocrx_word' id='word_1_4' title='bbox 1569 238 2061 304; x_wconf 74' lang='lat' dir='ltr'>CHRYSOSTOMI</span> <span class='ocrx_word' id='word_1_5' title='bbox 2095 220 2412 293; x_wconf 63' lang='lat' dir='ltr'>ARCWIEP.</span> <span class='ocrx_word' id='word_1_6' title='bbox 2447 225 2990 288; x_wconf 77' lang='lat' dir='ltr'>CONSTANTINOP.</span> <span class='ocrx_word' id='word_1_7' title='bbox 3673 217 3743 272; x_wconf 75' lang='lat'><strong><em>98</em></strong></span> 
     </span>
    </p>
   </div>
   <div class='ocr_carea' id='block_1_2' title="bbox 491 352 2067 449">
    <p class='ocr_par' dir='ltr' id='par_1_2' title="bbox 491 352 2067 449">
     <span class='ocr_line' id='line_1_2' title="bbox 491 352 2067 449; baseline -0.018 -14"><span class='ocrx_word' id='word_1_8' title='bbox 491 378 630 449; x_wconf 75' lang='grc' dir='ltr'>πρὸς</span> <span class='ocrx_word' id='word_1_9' title='bbox 648 373 709 428; x_wconf 80' lang='grc' dir='ltr'>τδ</span> <span class='ocrx_word' id='word_1_10' title='bbox 733 375 806 445; x_wconf 71' lang='grc' dir='ltr'>μὴ</span> <span class='ocrx_word' id='word_1_11' title='bbox 836 372 1131 440; x_wconf 77' lang='grc' dir='ltr'>κενοδοξεῖν</span> <span class='ocrx_word' id='word_1_12' title='bbox 1149 370 1346 433; x_wconf 79' lang='grc' dir='ltr'>αὐτοὺς</span> <span class='ocrx_word' id='word_1_13' title='bbox 1384 363 1759 449; x_wconf 76' lang='grc' dir='ltr'>συνεϐάλλετο.</span> <span class='ocrx_word' id='word_1_14' title='bbox 1795 356 1979 449; x_wconf 49' lang='grc' dir='ltr'>Τοῦτο</span> <span class='ocrx_word' id='word_1_15' title='bbox 2000 352 2067 449; x_wconf 46' lang='grc' dir='ltr'>ἐί</span> 
     </span>
    </p>
   </div>
   <div class='ocr_carea' id='block_1_3' title="bbox 490 436 2069 526">
    <p class='ocr_par' dir='ltr' id='par_1_3' title="bbox 490 436 2069 526">
     <span class='ocr_line' id='line_1_3' title="bbox 490 436 2069 526; baseline -0.016 -12"><span class='ocrx_word' id='word_1_16' title='bbox 490 436 585 515; x_wconf 65' lang='grc' dir='ltr'>κάλ</span> <span class='ocrx_word' id='word_1_17' title='bbox 600 436 695 511; x_wconf 84' lang='grc' dir='ltr'>νῦν</span> <span class='ocrx_word' id='word_1_18' title='bbox 726 436 938 526; x_wconf 47' lang='lat'><strong>7070316,</strong></span> <span class='ocrx_word' id='word_1_19' title='bbox 971 436 1110 525; x_wconf 70' lang='grc' dir='ltr'>μετὰ</span> <span class='ocrx_word' id='word_1_20' title='bbox 1139 453 1384 515; x_wconf 89' lang='grc' dir='ltr'>πλείονος</span> <span class='ocrx_word' id='word_1_21' title='bbox 1441 450 1507 504; x_wconf 86' lang='grc' dir='ltr'>ἂν</span> <span class='ocrx_word' id='word_1_22' title='bbox 1534 448 1636 517; x_wconf 80' lang='grc' dir='ltr'>τῆς</span> <span class='ocrx_word' id='word_1_23' title='bbox 1668 442 1862 515; x_wconf 80' lang='grc' dir='ltr'>ἡδονῆς</span> <span class='ocrx_word' id='word_1_24' title='bbox 1896 436 2069 526; x_wconf 48' lang='grc' dir='ltr'>ἐϐιώτ</span> 
     </span>
    </p>
   </div>
   <div class='ocr_carea' id='block_1_4' title="bbox 495 520 2065 611">
    <p class='ocr_par' dir='ltr' id='par_1_4' title="bbox 495 520 2065 611">
     <span class='ocr_line' id='line_1_4' title="bbox 495 520 2065 611; baseline -0.014 -16"><span class='ocrx_word' id='word_1_25' title='bbox 495 558 688 611; x_wconf 84' lang='grc' dir='ltr'>σαμεν,</span> <span class='ocrx_word' id='word_1_26' title='bbox 716 520 815 594; x_wconf 65' lang='grc' dir='ltr'>καί</span> <span class='ocrx_word' id='word_1_27' title='bbox 853 520 1095 592; x_wconf 86' lang='grc' dir='ltr'>πλούσιοι</span> <span class='ocrx_word' id='word_1_28' title='bbox 1142 538 1235 592; x_wconf 79' lang='grc' dir='ltr'>καὶ</span> <span class='ocrx_word' id='word_1_29' title='bbox 1261 536 1510 606; x_wconf 86' lang='grc' dir='ltr'>πένητες.</span> <span class='ocrx_word' id='word_1_30' title='bbox 1533 531 1607 585; x_wconf 86' lang='grc' dir='ltr'>Οὐ</span> <span class='ocrx_word' id='word_1_31' title='bbox 1635 528 1748 591; x_wconf 84' lang='grc' dir='ltr'>τοῖς</span> <span class='ocrx_word' id='word_1_32' title='bbox 1779 520 2065 611; x_wconf 45' lang='grc' dir='ltr'>πένησιᾲῶ</span> 
     </span>
    </p>
   </div>
   <div class='ocr_carea' id='block_1_5' title="bbox 496 606 2065 694">
    <p class='ocr_par' dir='ltr' id='par_1_5' title="bbox 496 606 2065 694">
     <span class='ocr_line' id='line_1_5' title="bbox 496 606 2065 694; baseline -0.008 -18"><span class='ocrx_word' id='word_1_33' title='bbox 496 606 718 694; x_wconf 64' lang='grc' dir='ltr'>μάλλον,</span> <span class='ocrx_word' id='word_1_34' title='bbox 754 624 786 693; x_wconf 81' lang='grc' dir='ltr'>ἦ</span> <span class='ocrx_word' id='word_1_35' title='bbox 817 625 929 685; x_wconf 85' lang='grc' dir='ltr'>τοῖς</span> <span class='ocrx_word' id='word_1_36' title='bbox 971 621 1244 683; x_wconf 85' lang='grc' dir='ltr'>πλουσίοις</span> <span class='ocrx_word' id='word_1_37' title='bbox 1265 617 1423 672; x_wconf 87' lang='grc' dir='ltr'>τοῦτο</span> <span class='ocrx_word' id='word_1_38' title='bbox 1446 630 1469 657; x_wconf 75' lang='grc' dir='ltr'>α</span> <span class='ocrx_word' id='word_1_39' title='bbox 1495 615 1690 686; x_wconf 74' lang='grc' dir='ltr'>ἔφερεν</span> <span class='ocrx_word' id='word_1_40' title='bbox 1728 610 1792 666; x_wconf 80' lang='grc' dir='ltr'>ἂν</span> <span class='ocrx_word' id='word_1_41' title='bbox 1819 606 2065 694; x_wconf 26' lang='grc' dir='ltr'>τὴνῌὴδο-</span> 
     </span>
    </p>
   </div>
   <div class='ocr_carea' id='block_1_6' title="bbox 495 690 2069 777">
    <p class='ocr_par' dir='ltr' id='par_1_6' title="bbox 495 690 2069 777">
     <span class='ocr_line' id='line_1_6' title="bbox 495 690 2069 777; baseline -0.013 -15"><span class='ocrx_word' id='word_1_42' title='bbox 495 690 615 777; x_wconf 70' lang='grc' dir='ltr'>νήν.</span> <span class='ocrx_word' id='word_1_43' title='bbox 648 707 758 761; x_wconf 73' lang='grc' dir='ltr'>Καὶ</span> <span class='ocrx_word' id='word_1_44' title='bbox 776 690 826 759; x_wconf 83' lang='grc' dir='ltr'>εί</span> <span class='ocrx_word' id='word_1_45' title='bbox 862 704 1060 776; x_wconf 86' lang='grc' dir='ltr'>βούλει,</span> <span class='ocrx_word' id='word_1_46' title='bbox 1102 705 1239 767; x_wconf 86' lang='grc' dir='ltr'>τέως</span> <span class='ocrx_word' id='word_1_47' title='bbox 1271 702 1679 773; x_wconf 77' lang='grc' dir='ltr'>ὑπογράψωμεν</span> <span class='ocrx_word' id='word_1_48' title='bbox 1713 694 1844 751; x_wconf 79' lang='grc' dir='ltr'>αὐτὸ</span> <span class='ocrx_word' id='word_1_49' title='bbox 1875 690 2069 777; x_wconf 49' lang='lat'><strong>1:010-</strong></span> 
     </span>
    </p>
   </div>
   <div class='ocr_carea' id='block_1_7' title="bbox 494 774 2069 860">
    <p class='ocr_par' dir='ltr' id='par_1_7' title="bbox 494 774 2069 860">
     <span class='ocr_line' id='line_1_7' title="bbox 494 774 2069 860; baseline -0.01 -19"><span class='ocrx_word' id='word_1_50' title='bbox 494 774 599 858; x_wconf 67' lang='grc' dir='ltr'>γω,</span> <span class='ocrx_word' id='word_1_51' title='bbox 626 791 718 842; x_wconf 79' lang='grc' dir='ltr'>καὶ</span> <span class='ocrx_word' id='word_1_52' title='bbox 758 774 925 860; x_wconf 80' lang='grc' dir='ltr'>ταύτῃ</span> <span class='ocrx_word' id='word_1_53' title='bbox 955 785 1375 860; x_wconf 85' lang='grc' dir='ltr'>καρπωσώμεθα</span> <span class='ocrx_word' id='word_1_54' title='bbox 1400 784 1499 854; x_wconf 80' lang='grc' dir='ltr'>τὴν</span> <span class='ocrx_word' id='word_1_55' title='bbox 1535 780 1750 853; x_wconf 79' lang='grc' dir='ltr'>ἡδονὴν,</span> <span class='ocrx_word' id='word_1_56' title='bbox 1794 774 1980 845; x_wconf 82' lang='grc' dir='ltr'>ἐπειδὴ</span> <span class='ocrx_word' id='word_1_57' title='bbox 2011 774 2069 860; x_wconf 81' lang='grc' dir='ltr'>ἐν</span> 
     </span>
    </p>
   </div>
   <div class='ocr_carea' id='block_1_8' title="bbox 498 856 2070 943">
    <p class='ocr_par' dir='ltr' id='par_1_8' title="bbox 498 856 2070 943">
     <span class='ocr_line' id='line_1_8' title="bbox 498 856 2070 943; baseline -0.014 -13"><span class='ocrx_word' id='word_1_58' title='bbox 498 856 681 943; x_wconf 76' lang='grc' dir='ltr'>ἔργοις</span> <span class='ocrx_word' id='word_1_59' title='bbox 713 872 781 925; x_wconf 74' lang='grc' dir='ltr'>οὺ</span> <span class='ocrx_word' id='word_1_60' title='bbox 826 856 1097 943; x_wconf 82' lang='grc' dir='ltr'>βούλεσθε.</span> <span class='ocrx_word' id='word_1_61' title='bbox 1129 870 1379 925; x_wconf 82' lang='grc' dir='ltr'>Μάλιστα</span> <span class='ocrx_word' id='word_1_62' title='bbox 1423 868 1521 937; x_wconf 82' lang='grc' dir='ltr'>μὲν</span> <span class='ocrx_word' id='word_1_63' title='bbox 1561 865 1667 935; x_wconf 84' lang='grc' dir='ltr'>γὰρ</span> <span class='ocrx_word' id='word_1_64' title='bbox 1705 864 1796 917; x_wconf 74' lang='grc' dir='ltr'>καὶ</span> <span class='ocrx_word' id='word_1_65' title='bbox 1832 860 1891 925; x_wconf 83' lang='grc' dir='ltr'>ἐξ</span> <span class='ocrx_word' id='word_1_66' title='bbox 1923 856 2070 912; x_wconf 73' lang='grc' dir='ltr'>ἐκείο·</span> 
     </span>
    </p>
   </div>
   <div class='ocr_carea' id='block_1_9' title="bbox 497 943 2077 1025">
    <p class='ocr_par' dir='ltr' id='par_1_9' title="bbox 497 943 2077 1025">
     <span class='ocr_line' id='line_1_9' title="bbox 497 943 2077 1025; baseline -0.009 -17"><span class='ocrx_word' id='word_1_67' title='bbox 497 973 607 1009; x_wconf 89' lang='grc' dir='ltr'>νων</span> <span class='ocrx_word' id='word_1_68' title='bbox 640 955 798 1025; x_wconf 88' lang='grc' dir='ltr'>δῆλον</span> <span class='ocrx_word' id='word_1_69' title='bbox 845 957 952 1009; x_wconf 86' lang='grc' dir='ltr'>τῶν</span> <span class='ocrx_word' id='word_1_70' title='bbox 1002 956 1123 1009; x_wconf 87' lang='grc' dir='ltr'>τότε</span> <span class='ocrx_word' id='word_1_71' title='bbox 1164 954 1490 1025; x_wconf 78' lang='grc' dir='ltr'>γενομένων,</span> <span class='ocrx_word' id='word_1_72' title='bbox 1523 952 1607 1004; x_wconf 81' lang='grc' dir='ltr'>ὅτι</span> <span class='ocrx_word' id='word_1_73' title='bbox 1638 945 1943 1008; x_wconf 77' lang='grc' dir='ltr'>πωλοῦντες</span> <span class='ocrx_word' id='word_1_74' title='bbox 1972 943 2077 995; x_wconf 73' lang='grc' dir='ltr'>οὐκ</span> 
     </span>
    </p>
   </div>
   <div class='ocr_carea' id='block_1_10' title="bbox 498 1026 2072 1108">
    <p class='ocr_par' dir='ltr' id='par_1_10' title="bbox 498 1026 2072 1108">
     <span class='ocr_line' id='line_1_10' title="bbox 498 1026 2072 1108; baseline -0.008 -16"><span class='ocrx_word' id='word_1_75' title='bbox 498 1037 640 1108; x_wconf 78' lang='grc' dir='ltr'>¹ῆσαν</span> <span class='ocrx_word' id='word_1_76' title='bbox 692 1038 921 1103; x_wconf 84' lang='grc' dir='ltr'>ἐνδεεῖς,</span> <span class='ocrx_word' id='word_1_77' title='bbox 980 1038 1117 1092; x_wconf 79' lang='grc' dir='ltr'>ἀλλὰ</span> <span class='ocrx_word' id='word_1_78' title='bbox 1177 1039 1271 1091; x_wconf 77' lang='grc' dir='ltr'>καὶ</span> <span class='ocrx_word' id='word_1_79' title='bbox 1323 1037 1450 1099; x_wconf 84' lang='grc' dir='ltr'>τοὺς</span> <span class='ocrx_word' id='word_1_80' title='bbox 1507 1034 1743 1105; x_wconf 78' lang='grc' dir='ltr'>πένητας</span> <span class='ocrx_word' id='word_1_81' title='bbox 1786 1026 2072 1089; x_wconf 83' lang='grc' dir='ltr'>πλουσίους</span> 
     </span>
    </p>
   </div>
   <div class='ocr_carea' id='block_1_11' title="bbox 499 1122 738 1175">
    <p class='ocr_par' dir='ltr' id='par_1_11' title="bbox 499 1122 738 1175">
     <span class='ocr_line' id='line_1_11' title="bbox 499 1122 738 1175; baseline 0 -1"><span class='ocrx_word' id='word_1_82' title='bbox 499 1122 738 1175; x_wconf 81' lang='grc' dir='ltr'>ἐποίουν.</span> 
     </span>
    </p>
   </div>
   <div class='ocr_carea' id='block_1_12' title="bbox 572 1193 2079 1274">
    <p class='ocr_par' dir='ltr' id='par_1_12' title="bbox 572 1193 2079 1274">
     <span class='ocr_line' id='line_1_12' title="bbox 572 1193 2079 1274; baseline -0.007 -17"><span class='ocrx_word' id='word_1_83' title='bbox 572 1205 720 1274; x_wconf 81' lang='grc' dir='ltr'>Πλὴν</span> <span class='ocrx_word' id='word_1_84' title='bbox 750 1204 887 1257; x_wconf 68' lang='grc' dir='ltr'>ἀλλὰ</span> <span class='ocrx_word' id='word_1_85' title='bbox 913 1204 1008 1258; x_wconf 73' lang='grc' dir='ltr'>καὶ</span> <span class='ocrx_word' id='word_1_86' title='bbox 1056 1202 1152 1257; x_wconf 91' lang='grc' dir='ltr'>νῦν</span> <span class='ocrx_word' id='word_1_87' title='bbox 1172 1199 1578 1274; x_wconf 82' lang='grc' dir='ltr'>ύπογράψωμεν</span> <span class='ocrx_word' id='word_1_88' title='bbox 1608 1196 1767 1251; x_wconf 87' lang='grc' dir='ltr'>τοῦτο</span> <span class='ocrx_word' id='word_1_89' title='bbox 1796 1193 1875 1265; x_wconf 80' lang='grc' dir='ltr'>τῷ</span> <span class='ocrx_word' id='word_1_90' title='bbox 1906 1193 2079 1263; x_wconf 65' lang='grc' dir='ltr'>λόγῳ,</span> 
     </span>
    </p>
   </div>
   <div class='ocr_carea' id='block_1_13' title="bbox 499 1275 2076 1350">
    <p class='ocr_par' dir='ltr' id='par_1_13' title="bbox 499 1275 2076 1350">
     <span class='ocr_line' id='line_1_13' title="bbox 499 1275 2076 1350; baseline -0.008 -10"><span class='ocrx_word' id='word_1_91' title='bbox 499 1287 598 1340; x_wconf 77' lang='grc' dir='ltr'>καὶ</span> <span class='ocrx_word' id='word_1_92' title='bbox 631 1288 832 1350; x_wconf 88' lang='grc' dir='ltr'>πάντες</span> <span class='ocrx_word' id='word_1_93' title='bbox 860 1287 929 1341; x_wconf 88' lang='grc' dir='ltr'>τά</span> <span class='ocrx_word' id='word_1_94' title='bbox 957 1287 1132 1341; x_wconf 83' lang='grc' dir='ltr'>αὐτῶν</span> <span class='ocrx_word' id='word_1_95' title='bbox 1169 1286 1513 1339; x_wconf 78' lang='grc' dir='ltr'>πωλείτωσαν</span> <span class='ocrx_word' id='word_1_96' title='bbox 1539 1280 1715 1335; x_wconf 90' lang='grc' dir='ltr'>πάντα</span> <span class='ocrx_word' id='word_1_97' title='bbox 1736 1318 1752 1343; x_wconf 91' lang='grc'>,</span> <span class='ocrx_word' id='word_1_98' title='bbox 1782 1279 1878 1332; x_wconf 78' lang='grc' dir='ltr'>καὶ</span> <span class='ocrx_word' id='word_1_99' title='bbox 1913 1275 2076 1347; x_wconf 87' lang='grc' dir='ltr'>φερὲ-</span> 
     </span>
    </p>
   </div>
   <div class='ocr_carea' id='block_1_14' title="bbox 496 1358 2073 1441">
    <p class='ocr_par' dir='ltr' id='par_1_14' title="bbox 496 1358 2073 1441">
     <span class='ocr_line' id='line_1_14' title="bbox 496 1358 2073 1441; baseline 0.001 -20"><span class='ocrx_word' id='word_1_100' title='bbox 496 1386 684 1423; x_wconf 85' lang='grc' dir='ltr'>τωσαν</span> <span class='ocrx_word' id='word_1_101' title='bbox 712 1372 791 1433; x_wconf 90' lang='grc' dir='ltr'>εἰς</span> <span class='ocrx_word' id='word_1_102' title='bbox 814 1371 997 1439; x_wconf 81' lang='grc' dir='ltr'>μέσον,</span> <span class='ocrx_word' id='word_1_103' title='bbox 1027 1370 1104 1440; x_wconf 84' lang='grc' dir='ltr'>τῷ</span> <span class='ocrx_word' id='word_1_104' title='bbox 1132 1370 1274 1441; x_wconf 82' lang='grc' dir='ltr'>λόγῳ</span> <span class='ocrx_word' id='word_1_105' title='bbox 1302 1368 1443 1436; x_wconf 87' lang='grc' dir='ltr'>λέγω</span> <span class='ocrx_word' id='word_1_106' title='bbox 1463 1384 1478 1397; x_wconf 82' lang='lat'><strong><em>°</em></strong></span> <span class='ocrx_word' id='word_1_107' title='bbox 1505 1365 1695 1437; x_wconf 75' lang='grc' dir='ltr'>μηδεὶς</span> <span class='ocrx_word' id='word_1_108' title='bbox 1720 1358 2073 1433; x_wconf 75' lang='grc' dir='ltr'>θορυϐείσθωο</span> 
     </span>
    </p>
   </div>
   <div class='ocr_carea' id='block_1_15' title="bbox 506 1447 2078 1524">
    <p class='ocr_par' dir='ltr' id='par_1_15' title="bbox 506 1447 2078 1524">
     <span class='ocr_line' id='line_1_15' title="bbox 506 1447 2078 1524; baseline -0.009 -17"><span class='ocrx_word' id='word_1_109' title='bbox 506 1454 647 1523; x_wconf 91' lang='grc' dir='ltr'>μήτε</span> <span class='ocrx_word' id='word_1_110' title='bbox 678 1452 949 1516; x_wconf 89' lang='grc' dir='ltr'>πλούσιος,</span> <span class='ocrx_word' id='word_1_111' title='bbox 981 1454 1117 1524; x_wconf 88' lang='grc' dir='ltr'>μήτε</span> <span class='ocrx_word' id='word_1_112' title='bbox 1143 1453 1329 1524; x_wconf 89' lang='grc' dir='ltr'>πένης.</span> <span class='ocrx_word' id='word_1_113' title='bbox 1360 1450 1531 1504; x_wconf 87' lang='grc' dir='ltr'>Πόσον</span> <span class='ocrx_word' id='word_1_114' title='bbox 1549 1449 1651 1501; x_wconf 83' lang='grc' dir='ltr'>οίει</span> <span class='ocrx_word' id='word_1_115' title='bbox 1676 1447 1898 1518; x_wconf 90' lang='grc' dir='ltr'>χρυσίον</span> <span class='ocrx_word' id='word_1_116' title='bbox 1954 1458 2078 1497; x_wconf 92' lang='grc' dir='ltr'>συν-</span> 
     </span>
    </p>
   </div>
   <div class='ocr_carea' id='block_1_16' title="bbox 503 1527 2090 1607">
    <p class='ocr_par' dir='ltr' id='par_1_16' title="bbox 503 1527 2090 1607">
     <span class='ocr_line' id='line_1_16' title="bbox 503 1527 2090 1607; baseline 0.002 -20"><span class='ocrx_word' id='word_1_117' title='bbox 503 1535 732 1603; x_wconf 80' lang='grc' dir='ltr'>άγεσθαι</span> <span class='ocrx_word' id='word_1_118' title='bbox 751 1551 767 1598; x_wconf 79' lang='grc' dir='ltr'>ς</span> <span class='ocrx_word' id='word_1_119' title='bbox 784 1535 924 1605; x_wconf 84' lang='grc' dir='ltr'>Ἐγὼ</span> <span class='ocrx_word' id='word_1_120' title='bbox 944 1535 1277 1607; x_wconf 78' lang='grc' dir='ltr'>στοχάζομαι</span> <span class='ocrx_word' id='word_1_121' title='bbox 1304 1535 1388 1605; x_wconf 81' lang='grc' dir='ltr'>(οὐ</span> <span class='ocrx_word' id='word_1_122' title='bbox 1414 1533 1523 1605; x_wconf 81' lang='grc' dir='ltr'>γὰρ</span> <span class='ocrx_word' id='word_1_123' title='bbox 1549 1532 1613 1604; x_wconf 82' lang='grc' dir='ltr'>δή</span> <span class='ocrx_word' id='word_1_124' title='bbox 1637 1530 1774 1602; x_wconf 86' lang='grc' dir='ltr'>μετὰ</span> <span class='ocrx_word' id='word_1_125' title='bbox 1795 1527 2090 1600; x_wconf 59' lang='grc' dir='ltr'>ἀκριϐείας</span> 
     </span>
    </p>
   </div>
   <div class='ocr_carea' id='block_1_17' title="bbox 501 1610 2080 1690">
    <p class='ocr_par' dir='ltr' id='par_1_17' title="bbox 501 1610 2080 1690">
     <span class='ocr_line' id='line_1_17' title="bbox 501 1610 2080 1690; baseline -0.005 -19"><span class='ocrx_word' id='word_1_126' title='bbox 501 1618 729 1672; x_wconf 91' lang='grc' dir='ltr'>δυνατὸν</span> <span class='ocrx_word' id='word_1_127' title='bbox 760 1620 978 1690; x_wconf 86' lang='grc' dir='ltr'>εἰπεῖν),</span> <span class='ocrx_word' id='word_1_128' title='bbox 1024 1622 1105 1674; x_wconf 82' lang='grc' dir='ltr'>ὅτι</span> <span class='ocrx_word' id='word_1_129' title='bbox 1144 1621 1192 1673; x_wconf 87' lang='grc' dir='ltr'>εί</span> <span class='ocrx_word' id='word_1_130' title='bbox 1233 1620 1432 1683; x_wconf 86' lang='grc' dir='ltr'>πάντες</span> <span class='ocrx_word' id='word_1_131' title='bbox 1482 1618 1575 1672; x_wconf 74' lang='grc' dir='ltr'>καὶ</span> <span class='ocrx_word' id='word_1_132' title='bbox 1606 1618 1777 1669; x_wconf 78' lang='grc' dir='ltr'>πᾶσαι</span> <span class='ocrx_word' id='word_1_133' title='bbox 1800 1613 1871 1668; x_wconf 82' lang='grc' dir='ltr'>τὰ</span> <span class='ocrx_word' id='word_1_134' title='bbox 1897 1610 2080 1666; x_wconf 75' lang='grc' dir='ltr'>αὐτῶν</span> 
     </span>
    </p>
   </div>
   <div class='ocr_carea' id='block_1_18' title="bbox 507 1697 2081 1774">
    <p class='ocr_par' dir='ltr' id='par_1_18' title="bbox 507 1697 2081 1774">
     <span class='ocr_line' id='line_1_18' title="bbox 507 1697 2081 1774; baseline -0.003 -22"><span class='ocrx_word' id='word_1_135' title='bbox 507 1701 740 1755; x_wconf 87' lang='grc' dir='ltr'>ἐνταῦθα</span> <span class='ocrx_word' id='word_1_136' title='bbox 768 1702 1041 1758; x_wconf 78' lang='grc' dir='ltr'>ἐκένωσαν</span> <span class='ocrx_word' id='word_1_137' title='bbox 1059 1700 1339 1774; x_wconf 86' lang='grc' dir='ltr'>χρήματα,</span> <span class='ocrx_word' id='word_1_138' title='bbox 1372 1701 1466 1755; x_wconf 74' lang='grc' dir='ltr'>καὶ</span> <span class='ocrx_word' id='word_1_139' title='bbox 1496 1700 1670 1772; x_wconf 88' lang='grc' dir='ltr'>χωρία</span> <span class='ocrx_word' id='word_1_140' title='bbox 1699 1700 1794 1753; x_wconf 73' lang='grc' dir='ltr'>καὶ</span> <span class='ocrx_word' id='word_1_141' title='bbox 1823 1697 2081 1767; x_wconf 82' lang='grc' dir='ltr'>κτήματα</span> 
     </span>
    </p>
   </div>
   <div class='ocr_carea' id='block_1_19' title="bbox 509 1782 2077 1859">
    <p class='ocr_par' dir='ltr' id='par_1_19' title="bbox 509 1782 2077 1859">
     <span class='ocr_line' id='line_1_19' title="bbox 509 1782 2077 1859; baseline -0.004 -21"><span class='ocrx_word' id='word_1_142' title='bbox 509 1786 602 1838; x_wconf 75' lang='grc' dir='ltr'>καὶ</span> <span class='ocrx_word' id='word_1_143' title='bbox 628 1785 801 1849; x_wconf 85' lang='grc' dir='ltr'>οἰκίας</span> <span class='ocrx_word' id='word_1_144' title='bbox 833 1787 1090 1841; x_wconf 78' lang='grc' dir='ltr'>ἀπέδοντο</span> <span class='ocrx_word' id='word_1_145' title='bbox 1122 1785 1448 1859; x_wconf 80' lang='grc' dir='ltr'>(ἀνδράποδα</span> <span class='ocrx_word' id='word_1_146' title='bbox 1480 1785 1588 1855; x_wconf 81' lang='grc' dir='ltr'>γὰρ</span> <span class='ocrx_word' id='word_1_147' title='bbox 1610 1784 1712 1837; x_wconf 87' lang='grc' dir='ltr'>ούκ</span> <span class='ocrx_word' id='word_1_148' title='bbox 1742 1782 1808 1837; x_wconf 80' lang='grc' dir='ltr'>ἂν</span> <span class='ocrx_word' id='word_1_149' title='bbox 1850 1782 2077 1850; x_wconf 81' lang='grc' dir='ltr'>είποιμι⁸</span> 
     </span>
    </p>
   </div>
   <div class='ocr_carea' id='block_1_20' title="bbox 507 1863 2085 1943">
    <p class='ocr_par' dir='ltr' id='par_1_20' title="bbox 507 1863 2085 1943">
     <span class='ocr_line' id='line_1_20' title="bbox 507 1863 2085 1943; baseline -0.003 -22"><span class='ocrx_word' id='word_1_150' title='bbox 507 1868 631 1921; x_wconf 73' lang='grc' dir='ltr'>οὐδὲ</span> <span class='ocrx_word' id='word_1_151' title='bbox 661 1870 768 1941; x_wconf 79' lang='grc' dir='ltr'>γάρ</span> <span class='ocrx_word' id='word_1_152' title='bbox 799 1870 921 1923; x_wconf 89' lang='grc' dir='ltr'>τότε</span> <span class='ocrx_word' id='word_1_153' title='bbox 971 1870 1128 1924; x_wconf 90' lang='grc' dir='ltr'>τοῦτο</span> <span class='ocrx_word' id='word_1_154' title='bbox 1165 1867 1254 1943; x_wconf 76' lang='grc' dir='ltr'>ἦν,</span> <span class='ocrx_word' id='word_1_155' title='bbox 1294 1869 1409 1923; x_wconf 80' lang='grc' dir='ltr'>ἀλλ’</span> <span class='ocrx_word' id='word_1_156' title='bbox 1445 1868 1763 1937; x_wconf 88' lang='grc' dir='ltr'>ἐλευθέρους</span> <span class='ocrx_word' id='word_1_157' title='bbox 1795 1866 1925 1927; x_wconf 83' lang='grc' dir='ltr'>ίσως</span> <span class='ocrx_word' id='word_1_158' title='bbox 1956 1863 2085 1917; x_wconf 84' lang='grc' dir='ltr'>ἐπέ-</span> 
     </span>
    </p>
   </div>
   <div class='ocr_carea' id='block_1_21' title="bbox 507 1948 2084 2026">
    <p class='ocr_par' dir='ltr' id='par_1_21' title="bbox 507 1948 2084 2026">
     <span class='ocr_line' id='line_1_21' title="bbox 507 1948 2084 2026; baseline -0.002 -22"><span class='ocrx_word' id='word_1_159' title='bbox 507 1967 710 2022; x_wconf 86' lang='grc' dir='ltr'>τρεπον</span> <span class='ocrx_word' id='word_1_160' title='bbox 747 1953 1041 2022; x_wconf 77' lang='grc' dir='ltr'>γίνεσθαι)ο</span> <span class='ocrx_word' id='word_1_161' title='bbox 1084 1955 1225 2026; x_wconf 86' lang='grc' dir='ltr'>τάχα</span> <span class='ocrx_word' id='word_1_162' title='bbox 1256 1955 1322 2009; x_wconf 82' lang='grc' dir='ltr'>ἂν</span> <span class='ocrx_word' id='word_1_163' title='bbox 1362 1953 1555 2007; x_wconf 76' lang='grc' dir='ltr'>ἑκατὸν</span> <span class='ocrx_word' id='word_1_164' title='bbox 1592 1950 1846 2021; x_wconf 81' lang='grc' dir='ltr'>μυριάδες</span> <span class='ocrx_word' id='word_1_165' title='bbox 1886 1948 2084 2019; x_wconf 84' lang='grc' dir='ltr'>λιτρῶν</span> 
     </span>
    </p>
   </div>
   <div class='ocr_carea' id='block_1_22' title="bbox 511 2031 2085 2110">
    <p class='ocr_par' dir='ltr' id='par_1_22' title="bbox 511 2031 2085 2110">
     <span class='ocr_line' id='line_1_22' title="bbox 511 2031 2085 2110; baseline 0.005 -23"><span class='ocrx_word' id='word_1_166' title='bbox 511 2036 736 2104; x_wconf 81' lang='grc' dir='ltr'>χρυσίου</span> <span class='ocrx_word' id='word_1_167' title='bbox 805 2038 1181 2110; x_wconf 82' lang='grc' dir='ltr'>συνήχθησαν·</span> <span class='ocrx_word' id='word_1_168' title='bbox 1237 2038 1438 2109; x_wconf 81' lang='grc' dir='ltr'>μᾶλλον</span> <span class='ocrx_word' id='word_1_169' title='bbox 1482 2035 1540 2089; x_wconf 85' lang='grc' dir='ltr'>δὲ</span> <span class='ocrx_word' id='word_1_170' title='bbox 1594 2035 1688 2089; x_wconf 77' lang='grc' dir='ltr'>καὶ</span> <span class='ocrx_word' id='word_1_171' title='bbox 1720 2034 1802 2096; x_wconf 71' lang='grc' dir='ltr'>δὶς</span> <span class='ocrx_word' id='word_1_172' title='bbox 1834 2032 1928 2086; x_wconf 71' lang='grc' dir='ltr'>καὶ</span> <span class='ocrx_word' id='word_1_173' title='bbox 1965 2031 2085 2102; x_wconf 76' lang='grc' dir='ltr'>τρὶς</span> 
     </span>
    </p>
   </div>
   <div class='ocr_carea' id='block_1_23' title="bbox 508 2114 2088 2193">
    <p class='ocr_par' dir='ltr' id='par_1_23' title="bbox 508 2114 2088 2193">
     <span class='ocr_line' id='line_1_23' title="bbox 508 2114 2088 2193; baseline 0 -24"><span class='ocrx_word' id='word_1_174' title='bbox 508 2118 770 2173; x_wconf 86' lang='grc' dir='ltr'>τοσαῦτα.</span> <span class='ocrx_word' id='word_1_175' title='bbox 804 2121 940 2174; x_wconf 80' lang='grc' dir='ltr'>Εἰπὲ</span> <span class='ocrx_word' id='word_1_176' title='bbox 971 2123 1079 2193; x_wconf 85' lang='grc' dir='ltr'>γάρ</span> <span class='ocrx_word' id='word_1_177' title='bbox 1106 2140 1215 2191; x_wconf 84' lang='grc' dir='ltr'>μοι,</span> <span class='ocrx_word' id='word_1_178' title='bbox 1245 2124 1278 2192; x_wconf 82' lang='grc' dir='ltr'><strong>ἠ</strong></span> <span class='ocrx_word' id='word_1_179' title='bbox 1300 2121 1599 2190; x_wconf 87' lang='grc' dir='ltr'>πόλιςήμῖν</span> <span class='ocrx_word' id='word_1_180' title='bbox 1632 2118 1712 2180; x_wconf 88' lang='grc' dir='ltr'>εἰς</span> <span class='ocrx_word' id='word_1_181' title='bbox 1742 2116 1907 2169; x_wconf 88' lang='grc' dir='ltr'>πόσον</span> <span class='ocrx_word' id='word_1_182' title='bbox 1933 2114 2088 2185; x_wconf 85' lang='grc' dir='ltr'>μιγά-</span> 
     </span>
    </p>
   </div>
   <div class='ocr_carea' id='block_1_24' title="bbox 508 2196 2088 2273">
    <p class='ocr_par' dir='ltr' id='par_1_24' title="bbox 508 2196 2088 2273">
     <span class='ocr_line' id='line_1_24' title="bbox 508 2196 2088 2273; baseline 0.001 -21"><span class='ocrx_word' id='word_1_183' title='bbox 508 2199 621 2253; x_wconf 82' lang='grc' dir='ltr'>δων</span> <span class='ocrx_word' id='word_1_184' title='bbox 655 2203 888 2273; x_wconf 83' lang='grc' dir='ltr'>ἀριθμὸν</span> <span class='ocrx_word' id='word_1_185' title='bbox 916 2204 1011 2257; x_wconf 84' lang='grc' dir='ltr'>νῦν</span> <span class='ocrx_word' id='word_1_186' title='bbox 1047 2206 1225 2270; x_wconf 83' lang='grc' dir='ltr'>τελεῖ;</span> <span class='ocrx_word' id='word_1_187' title='bbox 1256 2205 1454 2268; x_wconf 87' lang='grc' dir='ltr'>πόσους</span> <span class='ocrx_word' id='word_1_188' title='bbox 1487 2201 1743 2273; x_wconf 84' lang='grc' dir='ltr'>βούλεσθε</span> <span class='ocrx_word' id='word_1_189' title='bbox 1792 2196 1931 2254; x_wconf 78' lang='grc' dir='ltr'>εἶναι</span> <span class='ocrx_word' id='word_1_190' title='bbox 1960 2199 2088 2270; x_wconf 87' lang='grc' dir='ltr'>Χρι·</span> 
     </span>
    </p>
   </div>
   <div class='ocr_carea' id='block_1_25' title="bbox 515 2283 2088 2359">
    <p class='ocr_par' dir='ltr' id='par_1_25' title="bbox 515 2283 2088 2359">
     <span class='ocr_line' id='line_1_25' title="bbox 515 2283 2088 2359; baseline 0.002 -24"><span class='ocrx_word' id='word_1_191' title='bbox 515 2284 793 2353; x_wconf 84' lang='grc' dir='ltr'>στιανούς;</span> <span class='ocrx_word' id='word_1_192' title='bbox 820 2286 1077 2356; x_wconf 85' lang='grc' dir='ltr'>βούλεσθε</span> <span class='ocrx_word' id='word_1_193' title='bbox 1103 2288 1233 2343; x_wconf 85' lang='grc' dir='ltr'>δέκα</span> <span class='ocrx_word' id='word_1_194' title='bbox 1264 2286 1551 2359; x_wconf 86' lang='grc' dir='ltr'>μυριάδας,</span> <span class='ocrx_word' id='word_1_195' title='bbox 1578 2285 1639 2338; x_wconf 91' lang='grc' dir='ltr'>τὸ</span> <span class='ocrx_word' id='word_1_196' title='bbox 1655 2284 1712 2337; x_wconf 88' lang='grc' dir='ltr'>δέ</span> <span class='ocrx_word' id='word_1_197' title='bbox 1736 2284 1866 2338; x_wconf 82' lang='grc' dir='ltr'>ἄλλο</span> <span class='ocrx_word' id='word_1_198' title='bbox 1901 2283 2088 2353; x_wconf 84' lang='grc' dir='ltr'>Ἐλλή-</span> 
     </span>
    </p>
   </div>
   <div class='ocr_carea' id='block_1_26' title="bbox 509 2368 2092 2443">
    <p class='ocr_par' dir='ltr' id='par_1_26' title="bbox 509 2368 2092 2443">
     <span class='ocr_line' id='line_1_26' title="bbox 509 2368 2092 2443; baseline 0.001 -23"><span class='ocrx_word' id='word_1_199' title='bbox 509 2384 622 2421; x_wconf 73' lang='grc' dir='ltr'>νων</span> <span class='ocrx_word' id='word_1_200' title='bbox 648 2370 746 2423; x_wconf 78' lang='grc' dir='ltr'>καὶ</span> <span class='ocrx_word' id='word_1_201' title='bbox 782 2372 1076 2438; x_wconf 77' lang='grc' dir='ltr'>Ἰουδαίωνς</span> <span class='ocrx_word' id='word_1_202' title='bbox 1126 2373 1290 2426; x_wconf 86' lang='grc' dir='ltr'>πόσαι</span> <span class='ocrx_word' id='word_1_203' title='bbox 1338 2370 1594 2443; x_wconf 81' lang='grc' dir='ltr'>μυριάδες</span> <span class='ocrx_word' id='word_1_204' title='bbox 1626 2368 1896 2440; x_wconf 72' lang='grc' dir='ltr'>χρυσίουδ</span> <span class='ocrx_word' id='word_1_205' title='bbox 1931 2384 2092 2442; x_wconf 53' lang='grc' dir='ltr'>συνετ</span> 
     </span>
    </p>
   </div>
   <div class='ocr_carea' id='block_1_27' title="bbox 513 2446 2097 2526">
    <p class='ocr_par' dir='ltr' id='par_1_27' title="bbox 513 2446 2097 2526">
     <span class='ocr_line' id='line_1_27' title="bbox 513 2446 2097 2526; baseline 0.002 -24"><span class='ocrx_word' id='word_1_206' title='bbox 513 2448 787 2521; x_wconf 84' lang='grc' dir='ltr'>λέγησαν;</span> <span class='ocrx_word' id='word_1_207' title='bbox 826 2454 988 2517; x_wconf 85' lang='grc' dir='ltr'>πόσος</span> <span class='ocrx_word' id='word_1_208' title='bbox 1004 2456 1061 2510; x_wconf 85' lang='grc' dir='ltr'>δέ</span> <span class='ocrx_word' id='word_1_209' title='bbox 1090 2456 1322 2526; x_wconf 83' lang='grc' dir='ltr'>ἀριθμός</span> <span class='ocrx_word' id='word_1_210' title='bbox 1346 2457 1462 2508; x_wconf 85' lang='grc' dir='ltr'>ἐστι</span> <span class='ocrx_word' id='word_1_211' title='bbox 1486 2454 1733 2522; x_wconf 83' lang='grc' dir='ltr'>πενήτων</span> <span class='ocrx_word' id='word_1_212' title='bbox 1753 2468 1767 2516; x_wconf 90' lang='grc'>;</span> <span class='ocrx_word' id='word_1_213' title='bbox 1786 2452 1902 2506; x_wconf 84' lang='grc' dir='ltr'>Οὐκ</span> <span class='ocrx_word' id='word_1_214' title='bbox 1934 2446 2097 2522; x_wconf 73' lang='grc' dir='ltr'>οἶμαι</span> 
     </span>
    </p>
   </div>
   <div class='ocr_carea' id='block_1_28' title="bbox 516 2535 2090 2610">
    <p class='ocr_par' dir='ltr' id='par_1_28' title="bbox 516 2535 2090 2610">
     <span class='ocr_line' id='line_1_28' title="bbox 516 2535 2090 2610; baseline 0 -20"><span class='ocrx_word' id='word_1_215' title='bbox 516 2535 679 2592; x_wconf 82' lang='grc' dir='ltr'>πλέον</span> <span class='ocrx_word' id='word_1_216' title='bbox 735 2540 1008 2610; x_wconf 80' lang='grc' dir='ltr'>μυριάδων</span> <span class='ocrx_word' id='word_1_217' title='bbox 1066 2540 1250 2595; x_wconf 84' lang='grc' dir='ltr'>πέντε.</span> <span class='ocrx_word' id='word_1_218' title='bbox 1298 2540 1533 2601; x_wconf 88' lang='grc' dir='ltr'>Τούτους</span> <span class='ocrx_word' id='word_1_219' title='bbox 1582 2537 1646 2609; x_wconf 81' lang='grc' dir='ltr'>δὴ</span> <span class='ocrx_word' id='word_1_220' title='bbox 1685 2538 1808 2593; x_wconf 78' lang='grc' dir='ltr'>καθ’</span> <span class='ocrx_word' id='word_1_221' title='bbox 1853 2537 2090 2608; x_wconf 85' lang='grc' dir='ltr'>ἐκάστην</span> 
     </span>
    </p>
   </div>
   <div class='ocr_carea' id='block_1_29' title="bbox 512 2620 2090 2696">
    <p class='ocr_par' dir='ltr' id='par_1_29' title="bbox 512 2620 2090 2696">
     <span class='ocr_line' id='line_1_29' title="bbox 512 2620 2090 2696; baseline -0.002 -18"><span class='ocrx_word' id='word_1_222' title='bbox 512 2621 730 2692; x_wconf 70' lang='grc' dir='ltr'>ἡμέραν</span> <span class='ocrx_word' id='word_1_223' title='bbox 787 2624 1102 2694; x_wconf 85' lang='grc' dir='ltr'>τρέφεσθαι,</span> <span class='ocrx_word' id='word_1_224' title='bbox 1147 2625 1285 2695; x_wconf 91' lang='grc' dir='ltr'>πόση</span> <span class='ocrx_word' id='word_1_225' title='bbox 1348 2623 1578 2693; x_wconf 76' lang='grc' dir='ltr'>ἀφθονία</span> <span class='ocrx_word' id='word_1_226' title='bbox 1627 2620 1726 2696; x_wconf 79' lang='grc' dir='ltr'>ῆνς</span> <span class='ocrx_word' id='word_1_227' title='bbox 1788 2622 2090 2678; x_wconf 80' lang='grc' dir='ltr'>Μᾶλλονδέ</span> 
     </span>
    </p>
   </div>
   <div class='ocr_carea' id='block_1_30' title="bbox 515 2706 2087 2779">
    <p class='ocr_par' dir='ltr' id='par_1_30' title="bbox 515 2706 2087 2779">
     <span class='ocr_line' id='line_1_30' title="bbox 515 2706 2087 2779; baseline 0 -22"><span class='ocrx_word' id='word_1_228' title='bbox 515 2706 707 2775; x_wconf 79' lang='grc' dir='ltr'>κοινῆς</span> <span class='ocrx_word' id='word_1_229' title='bbox 737 2706 835 2776; x_wconf 88' lang='grc' dir='ltr'>τῆς</span> <span class='ocrx_word' id='word_1_230' title='bbox 865 2707 1073 2777; x_wconf 88' lang='grc' dir='ltr'>τροφῆς</span> <span class='ocrx_word' id='word_1_231' title='bbox 1113 2706 1425 2779; x_wconf 87' lang='grc' dir='ltr'>γινομένης,</span> <span class='ocrx_word' id='word_1_232' title='bbox 1462 2706 1558 2761; x_wconf 78' lang='grc' dir='ltr'>καὶ</span> <span class='ocrx_word' id='word_1_233' title='bbox 1601 2706 1867 2761; x_wconf 88' lang='grc' dir='ltr'>συσσίτων</span> <span class='ocrx_word' id='word_1_234' title='bbox 1900 2706 2087 2771; x_wconf 74' lang='grc' dir='ltr'>όντων,</span> 
     </span>
    </p>
   </div>
   <div class='ocr_carea' id='block_1_31' title="bbox 514 2785 2094 2862">
    <p class='ocr_par' dir='ltr' id='par_1_31' title="bbox 514 2785 2094 2862">
     <span class='ocr_line' id='line_1_31' title="bbox 514 2785 2094 2862; baseline 0.003 -24"><span class='ocrx_word' id='word_1_235' title='bbox 514 2786 642 2840; x_wconf 75' lang='grc' dir='ltr'>οὐδὲ</span> <span class='ocrx_word' id='word_1_236' title='bbox 674 2787 875 2858; x_wconf 86' lang='grc' dir='ltr'>πολλῆς</span> <span class='ocrx_word' id='word_1_237' title='bbox 896 2789 962 2843; x_wconf 84' lang='grc' dir='ltr'>ἂν</span> <span class='ocrx_word' id='word_1_238' title='bbox 991 2790 1179 2861; x_wconf 85' lang='grc' dir='ltr'>ἐδέησε</span> <span class='ocrx_word' id='word_1_239' title='bbox 1209 2790 1472 2860; x_wconf 87' lang='grc' dir='ltr'>δαπάνης.</span> <span class='ocrx_word' id='word_1_240' title='bbox 1493 2790 1558 2844; x_wconf 90' lang='grc' dir='ltr'>Τί</span> <span class='ocrx_word' id='word_1_241' title='bbox 1586 2785 1701 2856; x_wconf 82' lang='grc' dir='ltr'>οὖν,</span> <span class='ocrx_word' id='word_1_242' title='bbox 1726 2790 1911 2862; x_wconf 77' lang='grc' dir='ltr'>φησὶν,</span> <span class='ocrx_word' id='word_1_243' title='bbox 1940 2788 2094 2858; x_wconf 88' lang='grc' dir='ltr'>ἐμέλ-</span> 
     </span>
    </p>
   </div>
   <div class='ocr_carea' id='block_1_32' title="bbox 518 2870 2092 2947">
    <p class='ocr_par' dir='ltr' id='par_1_32' title="bbox 518 2870 2092 2947">
     <span class='ocr_line' id='line_1_32' title="bbox 518 2870 2092 2947; baseline 0.003 -24"><span class='ocrx_word' id='word_1_244' title='bbox 518 2870 685 2942; x_wconf 90' lang='grc' dir='ltr'>λομεν</span> <span class='ocrx_word' id='word_1_245' title='bbox 716 2875 890 2927; x_wconf 80' lang='grc' dir='ltr'>ποιεῖν</span> <span class='ocrx_word' id='word_1_246' title='bbox 923 2874 1059 2941; x_wconf 83' lang='grc' dir='ltr'>μετὰ</span> <span class='ocrx_word' id='word_1_247' title='bbox 1083 2874 1143 2928; x_wconf 84' lang='grc' dir='ltr'>τὸ</span> <span class='ocrx_word' id='word_1_248' title='bbox 1176 2874 1547 2947; x_wconf 74' lang='grc' dir='ltr'>άναλωθῆναις</span> <span class='ocrx_word' id='word_1_249' title='bbox 1577 2875 1650 2927; x_wconf 75' lang='grc' dir='ltr'>Σὺ</span> <span class='ocrx_word' id='word_1_250' title='bbox 1670 2874 1772 2928; x_wconf 86' lang='grc' dir='ltr'>οίει</span> <span class='ocrx_word' id='word_1_251' title='bbox 1802 2874 2092 2944; x_wconf 88' lang='grc' dir='ltr'>δυνηθῆναι</span> 
     </span>
    </p>
   </div>
   <div class='ocr_carea' id='block_1_33' title="bbox 518 2955 2092 3031">
    <p class='ocr_par' dir='ltr' id='par_1_33' title="bbox 518 2955 2092 3031">
     <span class='ocr_line' id='line_1_33' title="bbox 518 2955 2092 3031; baseline 0.002 -24"><span class='ocrx_word' id='word_1_252' title='bbox 518 2955 865 3027; x_wconf 80' lang='grc' dir='ltr'>ἀναλωθῆναί</span> <span class='ocrx_word' id='word_1_253' title='bbox 904 2975 1068 3018; x_wconf 87' lang='grc' dir='ltr'>ποτε;</span> <span class='ocrx_word' id='word_1_254' title='bbox 1102 2959 1163 3012; x_wconf 90' lang='grc' dir='ltr'>ού</span> <span class='ocrx_word' id='word_1_255' title='bbox 1200 2957 1309 3031; x_wconf 83' lang='grc' dir='ltr'>γὰρ</span> <span class='ocrx_word' id='word_1_256' title='bbox 1335 2959 1402 3013; x_wconf 83' lang='grc' dir='ltr'>ἂν</span> <span class='ocrx_word' id='word_1_257' title='bbox 1460 2958 1867 3031; x_wconf 88' lang='grc' dir='ltr'>μυριοπλασίων</span> <span class='ocrx_word' id='word_1_258' title='bbox 1912 2960 1946 3029; x_wconf 84' lang='grc' dir='ltr'>ή</span> <span class='ocrx_word' id='word_1_259' title='bbox 1996 2957 2092 3011; x_wconf 92' lang='grc' dir='ltr'>τοῦ</span> 
     </span>
    </p>
   </div>
   <div class='ocr_carea' id='block_1_34' title="bbox 519 3039 2092 3115">
    <p class='ocr_par' dir='ltr' id='par_1_34' title="bbox 519 3039 2092 3115">
     <span class='ocr_line' id='line_1_34' title="bbox 519 3039 2092 3115; baseline 0.002 -23"><span class='ocrx_word' id='word_1_260' title='bbox 519 3039 659 3093; x_wconf 88' lang='grc' dir='ltr'>Θεοῦ</span> <span class='ocrx_word' id='word_1_261' title='bbox 686 3043 845 3112; x_wconf 86' lang='grc' dir='ltr'>χάρις</span> <span class='ocrx_word' id='word_1_262' title='bbox 875 3042 1065 3111; x_wconf 81' lang='grc' dir='ltr'>γέγονε</span> <span class='ocrx_word' id='word_1_263' title='bbox 1086 3059 1100 3108; x_wconf 89' lang='lat'><strong>;</strong></span> <span class='ocrx_word' id='word_1_264' title='bbox 1125 3044 1184 3097; x_wconf 86' lang='grc' dir='ltr'>ού</span> <span class='ocrx_word' id='word_1_265' title='bbox 1216 3044 1326 3115; x_wconf 80' lang='grc' dir='ltr'>γάρ</span> <span class='ocrx_word' id='word_1_266' title='bbox 1359 3043 1626 3107; x_wconf 80' lang='grc' dir='ltr'>πλουσίως</span> <span class='ocrx_word' id='word_1_267' title='bbox 1647 3043 1713 3097; x_wconf 83' lang='grc' dir='ltr'>ἂν</span> <span class='ocrx_word' id='word_1_268' title='bbox 1746 3043 1779 3114; x_wconf 87' lang='grc' dir='ltr'>ή</span> <span class='ocrx_word' id='word_1_269' title='bbox 1808 3041 1903 3096; x_wconf 90' lang='grc' dir='ltr'>τοῦ</span> <span class='ocrx_word' id='word_1_270' title='bbox 1957 3040 2092 3096; x_wconf 92' lang='grc' dir='ltr'>Θεοῦ</span> 
     </span>
    </p>
   </div>
   <div class='ocr_carea' id='block_1_35' title="bbox 522 3123 2095 3197">
    <p class='ocr_par' dir='ltr' id='par_1_35' title="bbox 522 3123 2095 3197">
     <span class='ocr_line' id='line_1_35' title="bbox 522 3123 2095 3197; baseline 0.003 -22"><span class='ocrx_word' id='word_1_271' title='bbox 522 3123 684 3194; x_wconf 86' lang='grc' dir='ltr'>χάρις</span> <span class='ocrx_word' id='word_1_272' title='bbox 706 3126 966 3195; x_wconf 80' lang='grc' dir='ltr'>ἐξεχύθης</span> <span class='ocrx_word' id='word_1_273' title='bbox 1012 3127 1077 3179; x_wconf 88' lang='grc' dir='ltr'>Τί</span> <span class='ocrx_word' id='word_1_274' title='bbox 1107 3126 1191 3192; x_wconf 78' lang='grc' dir='ltr'>δές</span> <span class='ocrx_word' id='word_1_275' title='bbox 1216 3127 1322 3180; x_wconf 82' lang='grc' dir='ltr'>οὐκ</span> <span class='ocrx_word' id='word_1_276' title='bbox 1366 3127 1433 3180; x_wconf 83' lang='grc' dir='ltr'>ἂν</span> <span class='ocrx_word' id='word_1_277' title='bbox 1481 3125 1708 3197; x_wconf 79' lang='grc' dir='ltr'>οὐρανὸν</span> <span class='ocrx_word' id='word_1_278' title='bbox 1756 3126 2095 3197; x_wconf 70' lang='grc' dir='ltr'>ἐποιήσαμεν</span> 
     </span>
    </p>
   </div>
   <div class='ocr_carea' id='block_1_36' title="bbox 520 3207 2097 3282">
    <p class='ocr_par' dir='ltr' id='par_1_36' title="bbox 520 3207 2097 3282">
     <span class='ocr_line' id='line_1_36' title="bbox 520 3207 2097 3282; baseline 0.003 -22"><span class='ocrx_word' id='word_1_279' title='bbox 520 3207 623 3277; x_wconf 81' lang='grc' dir='ltr'>τὴν</span> <span class='ocrx_word' id='word_1_280' title='bbox 650 3207 787 3278; x_wconf 85' lang='grc' dir='ltr'>γῆν;</span> <span class='ocrx_word' id='word_1_281' title='bbox 815 3210 877 3262; x_wconf 84' lang='grc' dir='ltr'>Εἰ</span> <span class='ocrx_word' id='word_1_282' title='bbox 898 3209 1029 3265; x_wconf 72' lang='grc' dir='ltr'>ἔνθα</span> <span class='ocrx_word' id='word_1_283' title='bbox 1060 3208 1339 3282; x_wconf 69' lang='grc' dir='ltr'>τρισχίλιοι</span> <span class='ocrx_word' id='word_1_284' title='bbox 1358 3209 1453 3263; x_wconf 79' lang='grc' dir='ltr'>καὶ</span> <span class='ocrx_word' id='word_1_285' title='bbox 1473 3209 1916 3280; x_wconf 86' lang='grc' dir='ltr'>πεντακισχίλιοι,</span> <span class='ocrx_word' id='word_1_286' title='bbox 1939 3209 2097 3264; x_wconf 86' lang='grc' dir='ltr'>τοῦτο</span> 
     </span>
    </p>
   </div>
   <div class='ocr_carea' id='block_1_37' title="bbox 523 3290 2095 3364">
    <p class='ocr_par' dir='ltr' id='par_1_37' title="bbox 523 3290 2095 3364">
     <span class='ocr_line' id='line_1_37' title="bbox 523 3290 2095 3364; baseline 0.004 -22"><span class='ocrx_word' id='word_1_287' title='bbox 523 3290 814 3361; x_wconf 80' lang='grc' dir='ltr'>γενόμενον</span> <span class='ocrx_word' id='word_1_288' title='bbox 841 3293 1016 3358; x_wconf 78' lang='grc' dir='ltr'>οὕτως</span> <span class='ocrx_word' id='word_1_289' title='bbox 1057 3294 1285 3364; x_wconf 74' lang='grc' dir='ltr'>ἔλαμψε,</span> <span class='ocrx_word' id='word_1_290' title='bbox 1328 3294 1422 3347; x_wconf 74' lang='grc' dir='ltr'>καὶ</span> <span class='ocrx_word' id='word_1_291' title='bbox 1455 3293 1632 3356; x_wconf 80' lang='grc' dir='ltr'>οὐδεὶς</span> <span class='ocrx_word' id='word_1_292' title='bbox 1668 3293 1849 3346; x_wconf 84' lang='grc' dir='ltr'>αὐτῶν</span> <span class='ocrx_word' id='word_1_293' title='bbox 1906 3294 2095 3348; x_wconf 89' lang='grc' dir='ltr'>πενίαν</span> 
     </span>
    </p>
   </div>
   <div class='ocr_carea' id='block_1_38' title="bbox 519 3374 2097 3448">
    <p class='ocr_par' dir='ltr' id='par_1_38' title="bbox 519 3374 2097 3448">
     <span class='ocr_line' id='line_1_38' title="bbox 519 3374 2097 3448; baseline 0.005 -23"><span class='ocrx_word' id='word_1_294' title='bbox 519 3374 806 3444; x_wconf 61' lang='grc' dir='ltr'>⁴ᾐτιάσατο,</span> <span class='ocrx_word' id='word_1_295' title='bbox 840 3378 989 3448; x_wconf 83' lang='grc' dir='ltr'>πόσῳ</span> <span class='ocrx_word' id='word_1_296' title='bbox 1041 3378 1241 3448; x_wconf 77' lang='grc' dir='ltr'>μᾶλλον</span> <span class='ocrx_word' id='word_1_297' title='bbox 1269 3380 1326 3431; x_wconf 82' lang='grc' dir='ltr'>ἐν</span> <span class='ocrx_word' id='word_1_298' title='bbox 1375 3376 1613 3447; x_wconf 87' lang='grc' dir='ltr'>τοσούτῳ</span> <span class='ocrx_word' id='word_1_299' title='bbox 1662 3377 1890 3448; x_wconf 87' lang='grc' dir='ltr'>πλήθει;</span> <span class='ocrx_word' id='word_1_300' title='bbox 1925 3379 2009 3443; x_wconf 89' lang='grc' dir='ltr'>τίς</span> <span class='ocrx_word' id='word_1_301' title='bbox 2038 3380 2097 3433; x_wconf 70' lang='grc' dir='ltr'>δὲ</span> 
     </span>
    </p>
   </div>
   <div class='ocr_carea' id='block_1_39' title="bbox 519 3455 2109 3528">
    <p class='ocr_par' dir='ltr' id='par_1_39' title="bbox 519 3455 2109 3528">
     <span class='ocr_line' id='line_1_39' title="bbox 519 3455 2109 3528; baseline 0.005 -20"><span class='ocrx_word' id='word_1_302' title='bbox 519 3455 627 3508; x_wconf 81' lang='grc' dir='ltr'>οὐκ</span> <span class='ocrx_word' id='word_1_303' title='bbox 656 3456 722 3510; x_wconf 82' lang='grc' dir='ltr'>ἂν</span> <span class='ocrx_word' id='word_1_304' title='bbox 747 3459 841 3511; x_wconf 77' lang='grc' dir='ltr'>καὶ</span> <span class='ocrx_word' id='word_1_305' title='bbox 866 3459 975 3513; x_wconf 82' lang='grc' dir='ltr'>τῶν</span> <span class='ocrx_word' id='word_1_306' title='bbox 1007 3461 1206 3528; x_wconf 77' lang='grc' dir='ltr'>ἔξωθεν</span> <span class='ocrx_word' id='word_1_307' title='bbox 1222 3461 1531 3528; x_wconf 79' lang='grc' dir='ltr'>ἐπέδωκεν;</span> <span class='ocrx_word' id='word_1_308' title='bbox 1564 3463 1681 3515; x_wconf 88' lang='grc' dir='ltr'>’Ὶνα</span> <span class='ocrx_word' id='word_1_309' title='bbox 1709 3461 1766 3515; x_wconf 82' lang='grc' dir='ltr'>δέ</span> <span class='ocrx_word' id='word_1_310' title='bbox 1792 3461 1971 3527; x_wconf 81' lang='grc' dir='ltr'>δείξω,</span> <span class='ocrx_word' id='word_1_311' title='bbox 2012 3462 2109 3516; x_wconf 73' lang='grc' dir='ltr'>δτι⁶</span> 
     </span>
    </p>
   </div>
   <div class='ocr_carea' id='block_1_40' title="bbox 524 3541 2098 3617">
    <p class='ocr_par' dir='ltr' id='par_1_40' title="bbox 524 3541 2098 3617">
     <span class='ocr_line' id='line_1_40' title="bbox 524 3541 2098 3617; baseline 0.005 -24"><span class='ocrx_word' id='word_1_312' title='bbox 524 3541 587 3593; x_wconf 89' lang='grc' dir='ltr'>τὸ</span> <span class='ocrx_word' id='word_1_313' title='bbox 615 3541 935 3598; x_wconf 78' lang='grc' dir='ltr'>διεσπάσθαι</span> <span class='ocrx_word' id='word_1_314' title='bbox 953 3554 1003 3608; x_wconf 70' lang='grc' dir='ltr'>ε,</span> <span class='ocrx_word' id='word_1_315' title='bbox 1034 3546 1188 3599; x_wconf 88' lang='grc' dir='ltr'>τοῦτο</span> <span class='ocrx_word' id='word_1_316' title='bbox 1211 3546 1521 3616; x_wconf 79' lang='grc' dir='ltr'>δαπανηρὸν</span> <span class='ocrx_word' id='word_1_317' title='bbox 1549 3547 1645 3599; x_wconf 73' lang='grc' dir='ltr'>καὶ</span> <span class='ocrx_word' id='word_1_318' title='bbox 1673 3546 1864 3612; x_wconf 85' lang='grc' dir='ltr'>πενίας</span> <span class='ocrx_word' id='word_1_319' title='bbox 1890 3563 2098 3617; x_wconf 76' lang='grc' dir='ltr'>ποιητι-</span> 
     </span>
    </p>
   </div>
   <div class='ocr_carea' id='block_1_41' title="bbox 524 3624 2095 3703">
    <p class='ocr_par' dir='ltr' id='par_1_41' title="bbox 524 3624 2095 3703">
     <span class='ocr_line' id='line_1_41' title="bbox 524 3624 2095 3703; baseline 0.006 -29"><span class='ocrx_word' id='word_1_320' title='bbox 524 3624 643 3687; x_wconf 81' lang='grc' dir='ltr'>κὸν,</span> <span class='ocrx_word' id='word_1_321' title='bbox 677 3625 816 3679; x_wconf 77' lang='grc' dir='ltr'>ἔστω</span> <span class='ocrx_word' id='word_1_322' title='bbox 834 3627 1003 3691; x_wconf 89' lang='grc' dir='ltr'>οἰκία,</span> <span class='ocrx_word' id='word_1_323' title='bbox 1035 3628 1161 3682; x_wconf 75' lang='grc' dir='ltr'>ἔνθα</span> <span class='ocrx_word' id='word_1_324' title='bbox 1190 3629 1381 3683; x_wconf 83' lang='grc' dir='ltr'>παιδία</span> <span class='ocrx_word' id='word_1_325' title='bbox 1405 3629 1537 3682; x_wconf 87' lang='grc' dir='ltr'>δέκα</span> <span class='ocrx_word' id='word_1_326' title='bbox 1557 3631 1651 3683; x_wconf 83' lang='grc' dir='ltr'>καὶ</span> <span class='ocrx_word' id='word_1_327' title='bbox 1684 3630 1823 3700; x_wconf 81' lang='grc' dir='ltr'>γυνὴ</span> <span class='ocrx_word' id='word_1_328' title='bbox 1852 3629 2095 3703; x_wconf 79' lang='grc' dir='ltr'>καὶάνὴρ</span> 
     </span>
    </p>
   </div>
   <div class='ocr_carea' id='block_1_42' title="bbox 527 3708 2097 3785">
    <p class='ocr_par' dir='ltr' id='par_1_42' title="bbox 527 3708 2097 3785">
     <span class='ocr_line' id='line_1_42' title="bbox 527 3708 2097 3785; baseline 0.006 -26"><span class='ocrx_word' id='word_1_329' title='bbox 527 3708 621 3760; x_wconf 70' lang='grc' dir='ltr'>καὶ</span> <span class='ocrx_word' id='word_1_330' title='bbox 647 3709 679 3780; x_wconf 92' lang='grc' dir='ltr'>ή</span> <span class='ocrx_word' id='word_1_331' title='bbox 736 3710 832 3780; x_wconf 84' lang='grc' dir='ltr'>μὲν</span> <span class='ocrx_word' id='word_1_332' title='bbox 860 3712 1233 3784; x_wconf 86' lang='grc' dir='ltr'>ἐριουργείτω,</span> <span class='ocrx_word' id='word_1_333' title='bbox 1261 3714 1293 3766; x_wconf 96' lang='lat'>0</span> <span class='ocrx_word' id='word_1_334' title='bbox 1326 3712 1383 3767; x_wconf 89' lang='grc' dir='ltr'>δέ</span> <span class='ocrx_word' id='word_1_335' title='bbox 1409 3712 1608 3778; x_wconf 73' lang='grc' dir='ltr'>ἔξωθεν</span> <span class='ocrx_word' id='word_1_336' title='bbox 1653 3713 1872 3785; x_wconf 83' lang='grc' dir='ltr'>φερέτω</span> <span class='ocrx_word' id='word_1_337' title='bbox 1924 3731 2097 3785; x_wconf 77' lang='grc' dir='ltr'>προσο</span> 
     </span>
    </p>
   </div>
   <div class='ocr_carea' id='block_1_43' title="bbox 526 3790 2099 3869">
    <p class='ocr_par' dir='ltr' id='par_1_43' title="bbox 526 3790 2099 3869">
     <span class='ocr_line' id='line_1_43' title="bbox 526 3790 2099 3869; baseline 0.006 -26"><span class='ocrx_word' id='word_1_338' title='bbox 526 3791 717 3856; x_wconf 76' lang='grc' dir='ltr'>ὁδουςο</span> <span class='ocrx_word' id='word_1_339' title='bbox 744 3793 864 3847; x_wconf 87' lang='grc' dir='ltr'>είπέ</span> <span class='ocrx_word' id='word_1_340' title='bbox 890 3795 953 3866; x_wconf 89' lang='grc' dir='ltr'>δή</span> <span class='ocrx_word' id='word_1_341' title='bbox 992 3813 1103 3865; x_wconf 89' lang='grc' dir='ltr'>μοι,</span> <span class='ocrx_word' id='word_1_342' title='bbox 1124 3790 1271 3850; x_wconf 76' lang='grc' dir='ltr'>οὗτοι</span> <span class='ocrx_word' id='word_1_343' title='bbox 1307 3801 1459 3868; x_wconf 79' lang='grc' dir='ltr'>κοινῇ</span> <span class='ocrx_word' id='word_1_344' title='bbox 1490 3796 1814 3868; x_wconf 78' lang='grc' dir='ltr'>σιτούμενοι,</span> <span class='ocrx_word' id='word_1_345' title='bbox 1846 3797 1941 3851; x_wconf 81' lang='grc' dir='ltr'>καὶ</span> <span class='ocrx_word' id='word_1_346' title='bbox 1972 3798 2099 3869; x_wconf 89' lang='grc' dir='ltr'>μίαν</span> 
     </span>
    </p>
   </div>
   <div class='ocr_carea' id='block_1_44' title="bbox 530 3876 2101 3953">
    <p class='ocr_par' dir='ltr' id='par_1_44' title="bbox 530 3876 2101 3953">
     <span class='ocr_line' id='line_1_44' title="bbox 530 3876 2101 3953; baseline 0.004 -23"><span class='ocrx_word' id='word_1_347' title='bbox 530 3876 743 3947; x_wconf 73' lang='grc' dir='ltr'>ἔχοντες</span> <span class='ocrx_word' id='word_1_348' title='bbox 769 3879 966 3941; x_wconf 85' lang='grc' dir='ltr'>οἰκίαν,</span> <span class='ocrx_word' id='word_1_349' title='bbox 997 3879 1111 3952; x_wconf 71' lang='grc'>[94]</span> <span class='ocrx_word' id='word_1_350' title='bbox 1147 3880 1364 3935; x_wconf 83' lang='grc' dir='ltr'>πλείονα</span> <span class='ocrx_word' id='word_1_351' title='bbox 1416 3882 1482 3936; x_wconf 84' lang='grc' dir='ltr'>ἂν</span> <span class='ocrx_word' id='word_1_352' title='bbox 1508 3881 1867 3947; x_wconf 83' lang='grc' dir='ltr'>ἁναλίσκοιεν,</span> <span class='ocrx_word' id='word_1_353' title='bbox 1902 3882 1935 3953; x_wconf 77' lang='grc' dir='ltr'>ἢ</span> <span class='ocrx_word' id='word_1_354' title='bbox 1984 3882 2101 3936; x_wconf 81' lang='grc' dir='ltr'>δια-</span> 
     </span>
    </p>
   </div>
   <div class='ocr_carea' id='block_1_45' title="bbox 531 3961 2100 4037">
    <p class='ocr_par' dir='ltr' id='par_1_45' title="bbox 531 3961 2100 4037">
     <span class='ocr_line' id='line_1_45' title="bbox 531 3961 2100 4037; baseline 0.004 -25"><span class='ocrx_word' id='word_1_355' title='bbox 531 3961 894 4029; x_wconf 87' lang='grc' dir='ltr'>σπασθέντες;</span> <span class='ocrx_word' id='word_1_356' title='bbox 936 3962 1194 4034; x_wconf 77' lang='grc' dir='ltr'>Εὔδηλον,</span> <span class='ocrx_word' id='word_1_357' title='bbox 1233 3966 1312 4019; x_wconf 85' lang='grc' dir='ltr'>ὃτι</span> <span class='ocrx_word' id='word_1_358' title='bbox 1358 3965 1815 4033; x_wconf 86' lang='grc' dir='ltr'>διασπασθέντες;</span> <span class='ocrx_word' id='word_1_359' title='bbox 1875 3966 1938 4019; x_wconf 67' lang='lat' dir='ltr'>Et</span> <span class='ocrx_word' id='word_1_360' title='bbox 1990 3965 2100 4037; x_wconf 87' lang='grc' dir='ltr'>γὰρ</span> 
     </span>
    </p>
   </div>
   <div class='ocr_carea' id='block_1_46' title="bbox 534 4043 2100 4118">
    <p class='ocr_par' dir='ltr' id='par_1_46' title="bbox 534 4043 2100 4118">
     <span class='ocr_line' id='line_1_46' title="bbox 534 4043 2100 4118; baseline 0.004 -24"><span class='ocrx_word' id='word_1_361' title='bbox 534 4043 778 4111; x_wconf 80' lang='grc' dir='ltr'>μέλλοιεν</span> <span class='ocrx_word' id='word_1_362' title='bbox 795 4045 1122 4101; x_wconf 85' lang='grc' dir='ltr'>διεσπάσθαι</span> <span class='ocrx_word' id='word_1_363' title='bbox 1152 4046 1220 4101; x_wconf 82' lang='grc' dir='ltr'>τά</span> <span class='ocrx_word' id='word_1_364' title='bbox 1243 4048 1372 4101; x_wconf 83' lang='grc' dir='ltr'>δέκα</span> <span class='ocrx_word' id='word_1_365' title='bbox 1402 4048 1610 4111; x_wconf 89' lang='grc' dir='ltr'>παιδία,</span> <span class='ocrx_word' id='word_1_366' title='bbox 1640 4047 1772 4101; x_wconf 87' lang='grc' dir='ltr'>δέκα</span> <span class='ocrx_word' id='word_1_367' title='bbox 1820 4048 1913 4101; x_wconf 79' lang='grc' dir='ltr'>καὶ</span> <span class='ocrx_word' id='word_1_368' title='bbox 1945 4048 2100 4118; x_wconf 80' lang='grc' dir='ltr'>οἰκη-</span> 
     </span>
    </p>
   </div>
   <div class='ocr_carea' id='block_1_47' title="bbox 535 4126 2100 4202">
    <p class='ocr_par' dir='ltr' id='par_1_47' title="bbox 535 4126 2100 4202">
     <span class='ocr_line' id='line_1_47' title="bbox 535 4126 2100 4202; baseline 0.003 -25"><span class='ocrx_word' id='word_1_369' title='bbox 535 4126 721 4194; x_wconf 80' lang='grc' dir='ltr'>μάτων</span> <span class='ocrx_word' id='word_1_370' title='bbox 772 4128 948 4197; x_wconf 85' lang='grc' dir='ltr'>χρεία,</span> <span class='ocrx_word' id='word_1_371' title='bbox 973 4128 1108 4183; x_wconf 83' lang='grc' dir='ltr'>δέκα</span> <span class='ocrx_word' id='word_1_372' title='bbox 1152 4131 1461 4200; x_wconf 76' lang='grc' dir='ltr'>τραπεζῶν,</span> <span class='ocrx_word' id='word_1_373' title='bbox 1486 4131 1617 4183; x_wconf 86' lang='grc' dir='ltr'>δέκα</span> <span class='ocrx_word' id='word_1_374' title='bbox 1663 4129 1971 4202; x_wconf 82' lang='grc' dir='ltr'>ὑπηρετῶν.</span> <span class='ocrx_word' id='word_1_375' title='bbox 2003 4128 2100 4183; x_wconf 77' lang='grc' dir='ltr'>καὶ</span> 
     </span>
    </p>
   </div>
   <div class='ocr_carea' id='block_1_48' title="bbox 531 4207 2102 4283">
    <p class='ocr_par' dir='ltr' id='par_1_48' title="bbox 531 4207 2102 4283">
     <span class='ocr_line' id='line_1_48' title="bbox 531 4207 2102 4283; baseline 0.004 -24"><span class='ocrx_word' id='word_1_376' title='bbox 531 4207 631 4273; x_wconf 81' lang='grc' dir='ltr'>τῆς</span> <span class='ocrx_word' id='word_1_377' title='bbox 655 4208 819 4279; x_wconf 84' lang='grc' dir='ltr'>ἄλλης</span> <span class='ocrx_word' id='word_1_378' title='bbox 849 4210 1111 4280; x_wconf 85' lang='grc' dir='ltr'>προσόδου</span> <span class='ocrx_word' id='word_1_379' title='bbox 1145 4212 1431 4283; x_wconf 87' lang='grc' dir='ltr'>τοσαύτης.</span> <span class='ocrx_word' id='word_1_380' title='bbox 1480 4212 1545 4264; x_wconf 87' lang='grc' dir='ltr'>Τί</span> <span class='ocrx_word' id='word_1_381' title='bbox 1595 4212 1652 4264; x_wconf 85' lang='grc' dir='ltr'>δὲ</span> <span class='ocrx_word' id='word_1_382' title='bbox 1673 4252 1688 4274; x_wconf 93' lang='grc'>,</span> <span class='ocrx_word' id='word_1_383' title='bbox 1735 4211 1865 4265; x_wconf 79' lang='grc' dir='ltr'>ἔνθα</span> <span class='ocrx_word' id='word_1_384' title='bbox 1900 4210 2102 4265; x_wconf 88' lang='grc' dir='ltr'>δούλων</span> 
     </span>
    </p>
   </div>
   <div class='ocr_carea' id='block_1_49' title="bbox 533 4289 2101 4364">
    <p class='ocr_par' dir='ltr' id='par_1_49' title="bbox 533 4289 2101 4364">
     <span class='ocr_line' id='line_1_49' title="bbox 533 4289 2101 4364; baseline 0.006 -24"><span class='ocrx_word' id='word_1_385' title='bbox 533 4289 736 4358; x_wconf 82' lang='grc' dir='ltr'>πλῆθός</span> <span class='ocrx_word' id='word_1_386' title='bbox 755 4292 933 4357; x_wconf 87' lang='grc' dir='ltr'>ἐστιν;</span> <span class='ocrx_word' id='word_1_387' title='bbox 958 4293 1078 4363; x_wconf 77' lang='grc' dir='ltr'>ούχὶ</span> <span class='ocrx_word' id='word_1_388' title='bbox 1098 4294 1185 4347; x_wconf 75' lang='grc' dir='ltr'>διὰ</span> <span class='ocrx_word' id='word_1_389' title='bbox 1200 4293 1353 4348; x_wconf 88' lang='grc' dir='ltr'>τοῦτο</span> <span class='ocrx_word' id='word_1_390' title='bbox 1377 4297 1577 4357; x_wconf 86' lang='grc' dir='ltr'>πάντες</span> <span class='ocrx_word' id='word_1_391' title='bbox 1607 4294 1735 4364; x_wconf 91' lang='grc' dir='ltr'>μίαν</span> <span class='ocrx_word' id='word_1_392' title='bbox 1764 4294 1947 4363; x_wconf 78' lang='grc' dir='ltr'>ἔχουσι</span> <span class='ocrx_word' id='word_1_393' title='bbox 1967 4295 2101 4363; x_wconf 87' lang='grc' dir='ltr'>τρά-</span> 
     </span>
    </p>
   </div>
   <div class='ocr_carea' id='block_1_50' title="bbox 533 4371 2102 4447">
    <p class='ocr_par' dir='ltr' id='par_1_50' title="bbox 533 4371 2102 4447">
     <span class='ocr_line' id='line_1_50' title="bbox 533 4371 2102 4447; baseline 0.004 -24"><span class='ocrx_word' id='word_1_394' title='bbox 533 4371 725 4435; x_wconf 78' lang='grc' dir='ltr'>πεζαν,</span> <span class='ocrx_word' id='word_1_395' title='bbox 762 4372 903 4428; x_wconf 83' lang='grc' dir='ltr'>ὥστε</span> <span class='ocrx_word' id='word_1_396' title='bbox 943 4375 1020 4447; x_wconf 82' lang='grc' dir='ltr'>μὴ</span> <span class='ocrx_word' id='word_1_397' title='bbox 1062 4376 1256 4446; x_wconf 81' lang='grc' dir='ltr'>πολλὴν</span> <span class='ocrx_word' id='word_1_398' title='bbox 1287 4377 1536 4444; x_wconf 83' lang='grc' dir='ltr'>γενέσθαι</span> <span class='ocrx_word' id='word_1_399' title='bbox 1576 4377 1675 4445; x_wconf 81' lang='grc' dir='ltr'>τὴν</span> <span class='ocrx_word' id='word_1_400' title='bbox 1715 4375 1995 4447; x_wconf 77' lang='grc' dir='ltr'>δαπάνηνς</span> <span class='ocrx_word' id='word_1_401' title='bbox 2034 4377 2102 4430; x_wconf 81' lang='grc' dir='ltr'><strong>Ἠ</strong></span> 
     </span>
    </p>
   </div>
   <div class='ocr_carea' id='block_1_51' title="bbox 532 4455 2101 4533">
    <p class='ocr_par' dir='ltr' id='par_1_51' title="bbox 532 4455 2101 4533">
     <span class='ocr_line' id='line_1_51' title="bbox 532 4455 2101 4533; baseline 0.006 -26"><span class='ocrx_word' id='word_1_402' title='bbox 532 4455 641 4525; x_wconf 77' lang='grc' dir='ltr'>γάρ</span> <span class='ocrx_word' id='word_1_403' title='bbox 691 4457 951 4528; x_wconf 83' lang='grc' dir='ltr'>διαίρεσις</span> <span class='ocrx_word' id='word_1_404' title='bbox 984 4460 1070 4512; x_wconf 71' lang='grc' dir='ltr'>ἀεὶ</span> <span class='ocrx_word' id='word_1_405' title='bbox 1118 4458 1411 4514; x_wconf 79' lang='grc' dir='ltr'>ἐλάττωσιν</span> <span class='ocrx_word' id='word_1_406' title='bbox 1451 4462 1689 4530; x_wconf 79' lang='grc' dir='ltr'>ἐμποιεῖ,</span> <span class='ocrx_word' id='word_1_407' title='bbox 1714 4463 1747 4531; x_wconf 93' lang='grc' dir='ltr'>ή</span> <span class='ocrx_word' id='word_1_408' title='bbox 1787 4461 1845 4514; x_wconf 85' lang='grc' dir='ltr'>δὲ</span> <span class='ocrx_word' id='word_1_409' title='bbox 1880 4462 2101 4533; x_wconf 81' lang='grc' dir='ltr'>ὁμόνοια</span> 
     </span>
    </p>
   </div>
   <div class='ocr_carea' id='block_1_52' title="bbox 532 4541 2103 4618">
    <p class='ocr_par' dir='ltr' id='par_1_52' title="bbox 532 4541 2103 4618">
     <span class='ocr_line' id='line_1_52' title="bbox 532 4541 2103 4618; baseline 0.004 -26"><span class='ocrx_word' id='word_1_410' title='bbox 532 4541 628 4592; x_wconf 70' lang='grc' dir='ltr'>γαὶ</span> <span class='ocrx_word' id='word_1_411' title='bbox 662 4542 947 4611; x_wconf 75' lang='grc' dir='ltr'>συμφωνία</span> <span class='ocrx_word' id='word_1_412' title='bbox 979 4541 1226 4611; x_wconf 72' lang='grc' dir='ltr'>αὔξησιν.</span> <span class='ocrx_word' id='word_1_413' title='bbox 1274 4541 1459 4607; x_wconf 88' lang='grc' dir='ltr'>Οῦτως</span> <span class='ocrx_word' id='word_1_414' title='bbox 1482 4544 1532 4597; x_wconf 83' lang='grc' dir='ltr'>οἰ</span> <span class='ocrx_word' id='word_1_415' title='bbox 1584 4546 1643 4597; x_wconf 90' lang='grc' dir='ltr'>ἐν</span> <span class='ocrx_word' id='word_1_416' title='bbox 1683 4547 1796 4609; x_wconf 87' lang='grc' dir='ltr'>τοῖς</span> <span class='ocrx_word' id='word_1_417' title='bbox 1837 4562 2103 4618; x_wconf 78' lang='grc' dir='ltr'>μοναστηο</span> 
     </span>
    </p>
   </div>
   <div class='ocr_carea' id='block_1_53' title="bbox 534 4623 2102 4697">
    <p class='ocr_par' dir='ltr' id='par_1_53' title="bbox 534 4623 2102 4697">
     <span class='ocr_line' id='line_1_53' title="bbox 534 4623 2102 4697; baseline 0.005 -22"><span class='ocrx_word' id='word_1_418' title='bbox 534 4623 671 4694; x_wconf 71' lang='grc' dir='ltr'>ρίοις</span> <span class='ocrx_word' id='word_1_419' title='bbox 701 4625 834 4688; x_wconf 80' lang='grc' dir='ltr'>ζῶσι</span> <span class='ocrx_word' id='word_1_420' title='bbox 856 4625 970 4686; x_wconf 85' lang='grc' dir='ltr'>νῦν,</span> <span class='ocrx_word' id='word_1_421' title='bbox 989 4626 1178 4697; x_wconf 84' lang='grc' dir='ltr'>ὥσπερ</span> <span class='ocrx_word' id='word_1_422' title='bbox 1207 4626 1337 4680; x_wconf 85' lang='grc' dir='ltr'>ποτέ</span> <span class='ocrx_word' id='word_1_423' title='bbox 1365 4629 1413 4680; x_wconf 86' lang='grc' dir='ltr'>οἰ</span> <span class='ocrx_word' id='word_1_424' title='bbox 1442 4628 1641 4682; x_wconf 88' lang='grc' dir='ltr'>πιστοί.</span> <span class='ocrx_word' id='word_1_425' title='bbox 1673 4628 1769 4693; x_wconf 87' lang='grc' dir='ltr'>Τίς</span> <span class='ocrx_word' id='word_1_426' title='bbox 1802 4628 1869 4682; x_wconf 84' lang='grc' dir='ltr'>ἂν</span> <span class='ocrx_word' id='word_1_427' title='bbox 1897 4629 2102 4683; x_wconf 64' lang='grc' dir='ltr'>ἀπέθαι</span> 
     </span>
    </p>
   </div>
   <div class='ocr_carea' id='block_1_54' title="bbox 532 4704 2103 4783">
    <p class='ocr_par' dir='ltr' id='par_1_54' title="bbox 532 4704 2103 4783">
     <span class='ocr_line' id='line_1_54' title="bbox 532 4704 2103 4783; baseline 0.006 -24"><span class='ocrx_word' id='word_1_428' title='bbox 532 4724 623 4760; x_wconf 89' lang='grc' dir='ltr'>νεν</span> <span class='ocrx_word' id='word_1_429' title='bbox 654 4704 746 4761; x_wconf 84' lang='grc' dir='ltr'>οὖν</span> <span class='ocrx_word' id='word_1_430' title='bbox 768 4708 876 4761; x_wconf 86' lang='grc' dir='ltr'>ἀπὸ</span> <span class='ocrx_word' id='word_1_431' title='bbox 902 4709 1089 4780; x_wconf 88' lang='grc' dir='ltr'>λιμοῦ;</span> <span class='ocrx_word' id='word_1_432' title='bbox 1109 4711 1191 4775; x_wconf 91' lang='grc' dir='ltr'>τίς</span> <span class='ocrx_word' id='word_1_433' title='bbox 1212 4710 1269 4765; x_wconf 86' lang='grc' dir='ltr'>δέ</span> <span class='ocrx_word' id='word_1_434' title='bbox 1302 4710 1363 4763; x_wconf 83' lang='grc' dir='ltr'>ού</span> <span class='ocrx_word' id='word_1_435' title='bbox 1394 4710 1656 4783; x_wconf 82' lang='grc' dir='ltr'>διετράφη</span> <span class='ocrx_word' id='word_1_436' title='bbox 1678 4712 1817 4782; x_wconf 85' lang='grc' dir='ltr'>μετά</span> <span class='ocrx_word' id='word_1_437' title='bbox 1845 4712 2103 4782; x_wconf 79' lang='grc' dir='ltr'>ἀφθονίας</span> 
     </span>
    </p>
   </div>
   <div class='ocr_carea' id='block_1_55' title="bbox 533 4786 2105 4863">
    <p class='ocr_par' dir='ltr' id='par_1_55' title="bbox 533 4786 2105 4863">
     <span class='ocr_line' id='line_1_55' title="bbox 533 4786 2105 4863; baseline 0.004 -23"><span class='ocrx_word' id='word_1_438' title='bbox 533 4786 767 4856; x_wconf 79' lang='grc' dir='ltr'>πολλῆςς</span> <span class='ocrx_word' id='word_1_439' title='bbox 803 4786 916 4841; x_wconf 87' lang='grc' dir='ltr'>Νῦν</span> <span class='ocrx_word' id='word_1_440' title='bbox 933 4789 1032 4858; x_wconf 88' lang='grc' dir='ltr'>μὲν</span> <span class='ocrx_word' id='word_1_441' title='bbox 1055 4786 1149 4844; x_wconf 82' lang='grc' dir='ltr'>οὖν</span> <span class='ocrx_word' id='word_1_442' title='bbox 1175 4790 1333 4844; x_wconf 87' lang='grc' dir='ltr'>τοῦτο</span> <span class='ocrx_word' id='word_1_443' title='bbox 1360 4790 1660 4845; x_wconf 85' lang='grc' dir='ltr'>δεδοίκασιν</span> <span class='ocrx_word' id='word_1_444' title='bbox 1680 4792 1953 4863; x_wconf 81' lang='grc' dir='ltr'>ἄνθρωποι</span> <span class='ocrx_word' id='word_1_445' title='bbox 1975 4794 2105 4863; x_wconf 84' lang='grc' dir='ltr'>μᾶλ-</span> 
     </span>
    </p>
   </div>
   <div class='ocr_carea' id='block_1_56' title="bbox 532 4868 2103 4946">
    <p class='ocr_par' dir='ltr' id='par_1_56' title="bbox 532 4868 2103 4946">
     <span class='ocr_line' id='line_1_56' title="bbox 532 4868 2103 4946; baseline 0.005 -24"><span class='ocrx_word' id='word_1_446' title='bbox 532 4868 646 4934; x_wconf 90' lang='grc' dir='ltr'>λον,</span> <span class='ocrx_word' id='word_1_447' title='bbox 682 4868 715 4939; x_wconf 77' lang='grc' dir='ltr'><strong>ἢ</strong></span> <span class='ocrx_word' id='word_1_448' title='bbox 738 4871 816 4932; x_wconf 83' lang='grc' dir='ltr'>εἰς</span> <span class='ocrx_word' id='word_1_449' title='bbox 845 4871 1076 4941; x_wconf 72' lang='grc' dir='ltr'>πέλαγος</span> <span class='ocrx_word' id='word_1_450' title='bbox 1108 4876 1369 4944; x_wconf 75' lang='grc' dir='ltr'>ἐμπεσεῖν</span> <span class='ocrx_word' id='word_1_451' title='bbox 1396 4874 1626 4928; x_wconf 77' lang='grc' dir='ltr'>ἄπλετον</span> <span class='ocrx_word' id='word_1_452' title='bbox 1654 4875 1747 4927; x_wconf 82' lang='grc' dir='ltr'>καὶ</span> <span class='ocrx_word' id='word_1_453' title='bbox 1778 4874 2022 4946; x_wconf 79' lang='grc' dir='ltr'>ἄπειρον.</span> <span class='ocrx_word' id='word_1_454' title='bbox 2042 4877 2103 4930; x_wconf 80' lang='grc' dir='ltr'>Εἰ</span> 
     </span>
    </p>
   </div>
   <div class='ocr_carea' id='block_1_57' title="bbox 532 4953 2104 5031">
    <p class='ocr_par' dir='ltr' id='par_1_57' title="bbox 532 4953 2104 5031">
     <span class='ocr_line' id='line_1_57' title="bbox 532 4953 2104 5031; baseline 0.004 -24"><span class='ocrx_word' id='word_1_455' title='bbox 532 4953 590 5007; x_wconf 79' lang='grc' dir='ltr'>δὲ</span> <span class='ocrx_word' id='word_1_456' title='bbox 619 4955 815 5023; x_wconf 83' lang='grc' dir='ltr'>πεῖραν</span> <span class='ocrx_word' id='word_1_457' title='bbox 835 4956 1208 5027; x_wconf 77' lang='grc' dir='ltr'>ἐποιησάμεθα</span> <span class='ocrx_word' id='word_1_458' title='bbox 1234 4958 1445 5020; x_wconf 89' lang='grc' dir='ltr'>τούτου,</span> <span class='ocrx_word' id='word_1_459' title='bbox 1461 4958 1581 5011; x_wconf 86' lang='grc' dir='ltr'>τότε</span> <span class='ocrx_word' id='word_1_460' title='bbox 1604 4958 1670 5011; x_wconf 85' lang='grc' dir='ltr'>ἂν</span> <span class='ocrx_word' id='word_1_461' title='bbox 1701 4956 2104 5031; x_wconf 85' lang='grc' dir='ltr'>κατετολμήσα-</span> 
     </span>
    </p>
   </div>
   <div class='ocr_carea' id='block_1_58' title="bbox 537 5036 2104 5112">
    <p class='ocr_par' dir='ltr' id='par_1_58' title="bbox 537 5036 2104 5112">
     <span class='ocr_line' id='line_1_58' title="bbox 537 5036 2104 5112; baseline 0.006 -24"><span class='ocrx_word' id='word_1_462' title='bbox 537 5052 638 5104; x_wconf 88' lang='grc' dir='ltr'>μεν</span> <span class='ocrx_word' id='word_1_463' title='bbox 662 5036 756 5090; x_wconf 86' lang='grc' dir='ltr'>τοῦ</span> <span class='ocrx_word' id='word_1_464' title='bbox 788 5038 1127 5107; x_wconf 79' lang='grc' dir='ltr'>πράγματος.</span> <span class='ocrx_word' id='word_1_465' title='bbox 1159 5041 1338 5110; x_wconf 85' lang='grc' dir='ltr'>Πόσην</span> <span class='ocrx_word' id='word_1_466' title='bbox 1360 5041 1462 5094; x_wconf 83' lang='grc' dir='ltr'>οίει</span> <span class='ocrx_word' id='word_1_467' title='bbox 1505 5041 1599 5094; x_wconf 74' lang='grc' dir='ltr'>καὶ</span> <span class='ocrx_word' id='word_1_468' title='bbox 1626 5042 1786 5112; x_wconf 89' lang='grc' dir='ltr'>χάριν</span> <span class='ocrx_word' id='word_1_469' title='bbox 1808 5037 1981 5107; x_wconf 82' lang='grc' dir='ltr'>εἷναι;</span> <span class='ocrx_word' id='word_1_470' title='bbox 2040 5042 2104 5097; x_wconf 86' lang='grc' dir='ltr'>Εἰ</span> 
     </span>
    </p>
   </div>
   <div class='ocr_carea' id='block_1_59' title="bbox 535 5121 2105 5199">
    <p class='ocr_par' dir='ltr' id='par_1_59' title="bbox 535 5121 2105 5199">
     <span class='ocr_line' id='line_1_59' title="bbox 535 5121 2105 5199; baseline 0.004 -24"><span class='ocrx_word' id='word_1_471' title='bbox 535 5122 644 5192; x_wconf 85' lang='grc' dir='ltr'>γὰρ</span> <span class='ocrx_word' id='word_1_472' title='bbox 671 5121 813 5184; x_wconf 88' lang='grc' dir='ltr'>τότε,</span> <span class='ocrx_word' id='word_1_473' title='bbox 858 5122 948 5175; x_wconf 82' lang='grc' dir='ltr'>ὅτε</span> <span class='ocrx_word' id='word_1_474' title='bbox 998 5123 1173 5187; x_wconf 72' lang='grc' dir='ltr'>οὐδεὶς</span> <span class='ocrx_word' id='word_1_475' title='bbox 1196 5121 1263 5196; x_wconf 80' lang='grc' dir='ltr'>ἦν</span> <span class='ocrx_word' id='word_1_476' title='bbox 1295 5127 1504 5191; x_wconf 85' lang='grc' dir='ltr'>πιστὸς,</span> <span class='ocrx_word' id='word_1_477' title='bbox 1531 5126 1667 5180; x_wconf 79' lang='grc' dir='ltr'>ἀλλὰ</span> <span class='ocrx_word' id='word_1_478' title='bbox 1695 5127 1980 5199; x_wconf 87' lang='grc' dir='ltr'>τρισχίλιοι</span> <span class='ocrx_word' id='word_1_479' title='bbox 2009 5130 2105 5184; x_wconf 73' lang='grc' dir='ltr'>καὶ</span> 
     </span>
    </p>
   </div>
   <div class='ocr_carea' id='block_1_60' title="bbox 536 5210 2105 5287">
    <p class='ocr_par' dir='ltr' id='par_1_60' title="bbox 536 5210 2105 5287">
     <span class='ocr_line' id='line_1_60' title="bbox 536 5210 2105 5287; baseline 0.004 -26"><span class='ocrx_word' id='word_1_480' title='bbox 536 5210 961 5287; x_wconf 72' lang='grc' dir='ltr'>πεντακισχίλιοι</span> <span class='ocrx_word' id='word_1_481' title='bbox 995 5211 1170 5281; x_wconf 76' lang='grc' dir='ltr'>μόνον’</span> <span class='ocrx_word' id='word_1_482' title='bbox 1212 5213 1300 5266; x_wconf 85' lang='grc' dir='ltr'>ὅτε</span> <span class='ocrx_word' id='word_1_483' title='bbox 1333 5214 1531 5279; x_wconf 88' lang='grc' dir='ltr'>πάντες</span> <span class='ocrx_word' id='word_1_484' title='bbox 1567 5216 1615 5266; x_wconf 86' lang='grc' dir='ltr'>οἱ</span> <span class='ocrx_word' id='word_1_485' title='bbox 1647 5213 1747 5283; x_wconf 88' lang='grc' dir='ltr'>τῆς</span> <span class='ocrx_word' id='word_1_486' title='bbox 1784 5216 2105 5287; x_wconf 83' lang='grc' dir='ltr'>οἰκουμένης</span> 
     </span>
    </p>
   </div>
   <div class='ocr_carea' id='block_1_61' title="bbox 534 5284 2103 5369">
    <p class='ocr_par' dir='ltr' id='par_1_61' title="bbox 534 5284 2103 5369">
     <span class='ocr_line' id='line_1_61' title="bbox 534 5284 2103 5369; baseline 0.005 -25"><span class='ocrx_word' id='word_1_487' title='bbox 534 5284 673 5363; x_wconf 68' lang='grc' dir='ltr'>ἦσαν</span> <span class='ocrx_word' id='word_1_488' title='bbox 698 5293 899 5363; x_wconf 82' lang='grc' dir='ltr'>ἐχθροί’</span> <span class='ocrx_word' id='word_1_489' title='bbox 930 5295 1018 5347; x_wconf 82' lang='grc' dir='ltr'>ὅτε</span> <span class='ocrx_word' id='word_1_490' title='bbox 1044 5296 1340 5364; x_wconf 78' lang='grc' dir='ltr'>οὐδαμόθεν</span> <span class='ocrx_word' id='word_1_491' title='bbox 1363 5296 1703 5367; x_wconf 86' lang='grc' dir='ltr'>προσεδόκων</span> <span class='ocrx_word' id='word_1_492' title='bbox 1731 5284 2103 5369; x_wconf 78' lang='grc' dir='ltr'>παραμυθίαν,</span> 
     </span>
    </p>
   </div>
   <div class='ocr_carea' id='block_1_62' title="bbox 535 5375 2107 5452">
    <p class='ocr_par' dir='ltr' id='par_1_62' title="bbox 535 5375 2107 5452">
     <span class='ocr_line' id='line_1_62' title="bbox 535 5375 2107 5452; baseline 0.006 -25"><span class='ocrx_word' id='word_1_493' title='bbox 535 5375 678 5428; x_wconf 81' lang='grc' dir='ltr'>οῦτω</span> <span class='ocrx_word' id='word_1_494' title='bbox 704 5376 768 5447; x_wconf 83' lang='grc' dir='ltr'>δὴ</span> <span class='ocrx_word' id='word_1_495' title='bbox 790 5378 1200 5448; x_wconf 88' lang='grc' dir='ltr'>κατετόλμησαν</span> <span class='ocrx_word' id='word_1_496' title='bbox 1215 5378 1239 5417; x_wconf 76' lang='grc' dir='ltr'>ἀ</span> <span class='ocrx_word' id='word_1_497' title='bbox 1261 5379 1352 5432; x_wconf 88' lang='grc' dir='ltr'>τοῦ</span> <span class='ocrx_word' id='word_1_498' title='bbox 1372 5380 1705 5450; x_wconf 81' lang='grc' dir='ltr'>πράγματος·</span> <span class='ocrx_word' id='word_1_499' title='bbox 1738 5381 1888 5452; x_wconf 83' lang='grc' dir='ltr'>πόσῳ</span> <span class='ocrx_word' id='word_1_500' title='bbox 1907 5382 2107 5451; x_wconf 82' lang='grc' dir='ltr'>μᾶλλον</span> 
     </span>
    </p>
   </div>
   <div class='ocr_carea' id='block_1_63' title="bbox 535 5460 2106 5536">
    <p class='ocr_par' dir='ltr' id='par_1_63' title="bbox 535 5460 2106 5536">
     <span class='ocr_line' id='line_1_63' title="bbox 535 5460 2106 5536; baseline 0.006 -24"><span class='ocrx_word' id='word_1_501' title='bbox 535 5460 631 5513; x_wconf 89' lang='grc' dir='ltr'>νῦν</span> <span class='ocrx_word' id='word_1_502' title='bbox 662 5462 818 5515; x_wconf 91' lang='grc' dir='ltr'>τοῦτο</span> <span class='ocrx_word' id='word_1_503' title='bbox 848 5462 915 5515; x_wconf 79' lang='grc' dir='ltr'>ἂν</span> <span class='ocrx_word' id='word_1_504' title='bbox 930 5465 1163 5533; x_wconf 79' lang='grc' dir='ltr'>ἐγένετο,</span> <span class='ocrx_word' id='word_1_505' title='bbox 1188 5464 1315 5518; x_wconf 81' lang='grc' dir='ltr'>ἔνθα</span> <span class='ocrx_word' id='word_1_506' title='bbox 1351 5467 1417 5535; x_wconf 80' lang='grc' dir='ltr'>τῇ</span> <span class='ocrx_word' id='word_1_507' title='bbox 1452 5464 1543 5518; x_wconf 88' lang='grc' dir='ltr'>τοῦ</span> <span class='ocrx_word' id='word_1_508' title='bbox 1586 5465 1719 5518; x_wconf 89' lang='grc' dir='ltr'>Θεοῦ</span> <span class='ocrx_word' id='word_1_509' title='bbox 1763 5467 1945 5536; x_wconf 86' lang='grc' dir='ltr'>χάριτι</span> <span class='ocrx_word' id='word_1_510' title='bbox 1969 5485 2106 5521; x_wconf 89' lang='grc' dir='ltr'>παν-</span> 
     </span>
    </p>
   </div>
   <div class='ocr_carea' id='block_1_64' title="bbox 536 5544 2107 5619">
    <p class='ocr_par' dir='ltr' id='par_1_64' title="bbox 536 5544 2107 5619">
     <span class='ocr_line' id='line_1_64' title="bbox 536 5544 2107 5619; baseline 0.006 -24"><span class='ocrx_word' id='word_1_511' title='bbox 536 5544 704 5614; x_wconf 88' lang='grc' dir='ltr'>ταχοῦ</span> <span class='ocrx_word' id='word_1_512' title='bbox 733 5546 831 5616; x_wconf 81' lang='grc' dir='ltr'>τῆς</span> <span class='ocrx_word' id='word_1_513' title='bbox 860 5549 1182 5619; x_wconf 87' lang='grc' dir='ltr'>οἰκουμένης</span> <span class='ocrx_word' id='word_1_514' title='bbox 1210 5549 1389 5602; x_wconf 83' lang='grc' dir='ltr'>πιστοί</span> <span class='ocrx_word' id='word_1_515' title='bbox 1414 5565 1428 5614; x_wconf 90' lang='grc'>;</span> <span class='ocrx_word' id='word_1_516' title='bbox 1486 5547 1569 5611; x_wconf 86' lang='grc' dir='ltr'>τίς</span> <span class='ocrx_word' id='word_1_517' title='bbox 1593 5548 1636 5600; x_wconf 80' lang='grc' dir='ltr'>δ’</span> <span class='ocrx_word' id='word_1_518' title='bbox 1661 5548 1726 5601; x_wconf 82' lang='grc' dir='ltr'>ἂν</span> <span class='ocrx_word' id='word_1_519' title='bbox 1754 5549 1943 5617; x_wconf 79' lang='grc' dir='ltr'>ἔμενεν</span> <span class='ocrx_word' id='word_1_520' title='bbox 1975 5550 2107 5604; x_wconf 84' lang='grc' dir='ltr'>Ἕλ-</span> 
     </span>
    </p>
   </div>
   <div class='ocr_carea' id='block_1_65' title="bbox 536 5626 2109 5704">
    <p class='ocr_par' dir='ltr' id='par_1_65' title="bbox 536 5626 2109 5704">
     <span class='ocr_line' id='line_1_65' title="bbox 536 5626 2109 5704; baseline 0.006 -25"><span class='ocrx_word' id='word_1_521' title='bbox 536 5626 637 5697; x_wconf 78' lang='grc' dir='ltr'>λην</span> <span class='ocrx_word' id='word_1_522' title='bbox 670 5628 888 5697; x_wconf 83' lang='grc' dir='ltr'>λοιπόν;</span> <span class='ocrx_word' id='word_1_523' title='bbox 920 5631 1117 5684; x_wconf 73' lang='grc' dir='ltr'>Οὐδένα</span> <span class='ocrx_word' id='word_1_524' title='bbox 1148 5632 1320 5699; x_wconf 75' lang='grc' dir='ltr'>ἔγωγε</span> <span class='ocrx_word' id='word_1_525' title='bbox 1340 5630 1784 5704; x_wconf 81' lang='grc' dir='ltr'>ήγοῦμαιόῦτως</span> <span class='ocrx_word' id='word_1_526' title='bbox 1808 5632 1873 5686; x_wconf 83' lang='grc' dir='ltr'>ἂν</span> <span class='ocrx_word' id='word_1_527' title='bbox 1902 5636 2109 5700; x_wconf 80' lang='grc' dir='ltr'>πάντας</span> 
     </span>
    </p>
   </div>
   <div class='ocr_carea' id='block_1_66' title="bbox 621 5786 2111 5848">
    <p class='ocr_par' dir='ltr' id='par_1_66' title="bbox 621 5786 2111 5848">
     <span class='ocr_line' id='line_1_66' title="bbox 621 5786 2111 5848; baseline 0.003 -13"><span class='ocrx_word' id='word_1_528' title='bbox 621 5789 646 5817; x_wconf 78' lang='grc' dir='ltr'><strong>ο</strong></span> <span class='ocrx_word' id='word_1_529' title='bbox 670 5786 842 5836; x_wconf 72' lang='lat' dir='ltr'>Morel.</span> <span class='ocrx_word' id='word_1_530' title='bbox 869 5790 1017 5846; x_wconf 79' lang='grc' dir='ltr'>ἦτοὺς</span> <span class='ocrx_word' id='word_1_531' title='bbox 1038 5790 1289 5843; x_wconf 77' lang='grc' dir='ltr'>πλουσίους</span> <span class='ocrx_word' id='word_1_532' title='bbox 1310 5789 1466 5838; x_wconf 88' lang='grc' dir='ltr'>τοῦτο.</span> <span class='ocrx_word' id='word_1_533' title='bbox 1485 5790 1659 5839; x_wconf 79' lang='lat' dir='ltr'>Melius</span> <span class='ocrx_word' id='word_1_534' title='bbox 1679 5792 1761 5839; x_wconf 78' lang='lat' dir='ltr'>alii</span> <span class='ocrx_word' id='word_1_535' title='bbox 1793 5791 1933 5848; x_wconf 82' lang='grc' dir='ltr'>ἦτοῖς</span> <span class='ocrx_word' id='word_1_536' title='bbox 1964 5793 2111 5839; x_wconf 87' lang='grc' dir='ltr'>πλου-</span> 
     </span>
    </p>
   </div>
   <div class='ocr_carea' id='block_1_67' title="bbox 549 5849 2112 5915">
    <p class='ocr_par' dir='ltr' id='par_1_67' title="bbox 549 5849 2112 5915">
     <span class='ocr_line' id='line_1_67' title="bbox 549 5849 2112 5915; baseline 0.003 -19"><span class='ocrx_word' id='word_1_537' title='bbox 549 5849 686 5903; x_wconf 81' lang='grc' dir='ltr'>σίοις.</span> <span class='ocrx_word' id='word_1_538' title='bbox 755 5849 781 5885; x_wconf 73' lang='grc'><strong><em>⁸³</em></strong></span> <span class='ocrx_word' id='word_1_539' title='bbox 801 5850 950 5915; x_wconf 58' lang='grc' dir='ltr'>Δυῃηβ</span> <span class='ocrx_word' id='word_1_540' title='bbox 972 5854 1077 5900; x_wconf 85' lang='lat' dir='ltr'>cod.</span> <span class='ocrx_word' id='word_1_541' title='bbox 1104 5852 1318 5915; x_wconf 77' lang='grc' dir='ltr'>μυριάδες</span> <span class='ocrx_word' id='word_1_542' title='bbox 1341 5854 1397 5899; x_wconf 83' lang='grc' dir='ltr'>ἂν</span> <span class='ocrx_word' id='word_1_543' title='bbox 1419 5869 1628 5915; x_wconf 22' lang='grc' dir='ltr'>χρυοιουᾴ</span> <span class='ocrx_word' id='word_1_544' title='bbox 1697 5856 1719 5883; x_wconf 71' lang='grc' dir='ltr'>ε</span> <span class='ocrx_word' id='word_1_545' title='bbox 1735 5854 1895 5901; x_wconf 76' lang='grc' dir='ltr'>Αιὶἱτὸ</span> <span class='ocrx_word' id='word_1_546' title='bbox 1918 5856 2112 5901; x_wconf 85' lang='grc' dir='ltr'>διεσπα-</span> 
     </span>
    </p>
   </div>
   <div class='ocr_carea' id='block_1_68' title="bbox 551 5910 2106 5977">
    <p class='ocr_par' dir='ltr' id='par_1_68' title="bbox 551 5910 2106 5977">
     <span class='ocr_line' id='line_1_68' title="bbox 551 5910 2106 5977; baseline 0.002 -16"><span class='ocrx_word' id='word_1_547' title='bbox 551 5914 739 5971; x_wconf 67' lang='grc' dir='ltr'>σμένον.</span> <span class='ocrx_word' id='word_1_548' title='bbox 789 5910 817 5951; x_wconf 67' lang='grc' dir='ltr'><em>ά</em></span> <span class='ocrx_word' id='word_1_549' title='bbox 840 5913 1001 5963; x_wconf 77' lang='lat' dir='ltr'>Codex</span> <span class='ocrx_word' id='word_1_550' title='bbox 1026 5910 1155 5963; x_wconf 67' lang='lat' dir='ltr'><strong>unus</strong></span> <span class='ocrx_word' id='word_1_551' title='bbox 1169 5910 1467 5977; x_wconf 68' lang='grc' dir='ltr'>παραμυθίαν</span> <span class='ocrx_word' id='word_1_552' title='bbox 1490 5912 1717 5963; x_wconf 73' lang='grc' dir='ltr'>τοσοῦτον</span> <span class='ocrx_word' id='word_1_553' title='bbox 1732 5917 1923 5963; x_wconf 82' lang='grc' dir='ltr'>κατετό)</span> <span class='ocrx_word' id='word_1_554' title='bbox 1934 5932 2106 5977; x_wconf 87' lang='grc' dir='ltr'>μησαν.</span> 
     </span>
    </p>
   </div>
   <div class='ocr_carea' id='block_1_69' title="bbox 2173 331 3769 419">
    <p class='ocr_par' dir='ltr' id='par_1_69' title="bbox 2173 331 3769 419">
     <span class='ocr_line' id='line_1_69' title="bbox 2173 331 3769 419; baseline -0.011 -20"><span class='ocrx_word' id='word_1_555' title='bbox 2173 343 2636 415; x_wconf 85' lang='grc' dir='ltr'>ἐπεσπασάμεθα,</span> <span class='ocrx_word' id='word_1_556' title='bbox 2683 340 2778 395; x_wconf 73' lang='grc' dir='ltr'>καὶ</span> <span class='ocrx_word' id='word_1_557' title='bbox 2802 337 3134 407; x_wconf 86' lang='grc' dir='ltr'>εἰλκύσαμεν</span> <span class='ocrx_word' id='word_1_558' title='bbox 3171 332 3306 405; x_wconf 86' lang='grc' dir='ltr'>πρὸς</span> <span class='ocrx_word' id='word_1_559' title='bbox 3347 333 3495 405; x_wconf 73' lang='grc' dir='ltr'>ήμᾶς</span> <span class='ocrx_word' id='word_1_560' title='bbox 3526 331 3769 419; x_wconf 39' lang='grc' dir='ltr'>αύτούςιι</span> 
     </span>
    </p>
   </div>
   <div class='ocr_carea' id='block_1_70' title="bbox 2174 415 3750 499">
    <p class='ocr_par' dir='ltr' id='par_1_70' title="bbox 2174 415 3750 499">
     <span class='ocr_line' id='line_1_70' title="bbox 2174 415 3750 499; baseline -0.011 -14"><span class='ocrx_word' id='word_1_561' title='bbox 2174 430 2322 499; x_wconf 79' lang='grc' dir='ltr'>Πλὴν</span> <span class='ocrx_word' id='word_1_562' title='bbox 2362 427 2477 482; x_wconf 78' lang='grc' dir='ltr'>ἀλλ’</span> <span class='ocrx_word' id='word_1_563' title='bbox 2508 426 2603 480; x_wconf 79' lang='grc' dir='ltr'>ἐὰν</span> <span class='ocrx_word' id='word_1_564' title='bbox 2622 423 2726 496; x_wconf 83' lang='grc' dir='ltr'>όδῷ</span> <span class='ocrx_word' id='word_1_565' title='bbox 2743 422 2918 495; x_wconf 83' lang='grc' dir='ltr'>ταύτῃ</span> <span class='ocrx_word' id='word_1_566' title='bbox 2942 419 3345 491; x_wconf 89' lang='grc' dir='ltr'>προϐαίνωμεν,</span> <span class='ocrx_word' id='word_1_567' title='bbox 3385 415 3626 471; x_wconf 81' lang='grc' dir='ltr'>πιστεύω</span> <span class='ocrx_word' id='word_1_568' title='bbox 3669 416 3750 499; x_wconf 72' lang='grc' dir='ltr'>τῷ</span> 
     </span>
    </p>
   </div>
   <div class='ocr_carea' id='block_1_71' title="bbox 2176 497 3783 582">
    <p class='ocr_par' dir='ltr' id='par_1_71' title="bbox 2176 497 3783 582">
     <span class='ocr_line' id='line_1_71' title="bbox 2176 497 3783 582; baseline -0.009 -17"><span class='ocrx_word' id='word_1_569' title='bbox 2176 497 2316 582; x_wconf 78' lang='grc' dir='ltr'>Θεῷ,</span> <span class='ocrx_word' id='word_1_570' title='bbox 2363 510 2444 562; x_wconf 86' lang='grc' dir='ltr'>ὅτι</span> <span class='ocrx_word' id='word_1_571' title='bbox 2486 507 2767 561; x_wconf 73' lang='grc' dir='ltr'>καὶτοῦτο</span> <span class='ocrx_word' id='word_1_572' title='bbox 2802 505 2972 558; x_wconf 79' lang='grc' dir='ltr'>ἔσται.</span> <span class='ocrx_word' id='word_1_573' title='bbox 3023 500 3290 571; x_wconf 80' lang='grc' dir='ltr'>Πείσθητέ</span> <span class='ocrx_word' id='word_1_574' title='bbox 3323 517 3414 570; x_wconf 87' lang='grc' dir='ltr'>μοι</span> <span class='ocrx_word' id='word_1_575' title='bbox 3451 499 3630 569; x_wconf 86' lang='grc' dir='ltr'>μόνον,</span> <span class='ocrx_word' id='word_1_576' title='bbox 3657 497 3783 582; x_wconf 58' lang='grc' dir='ltr'>καὶ.¹</span> 
     </span>
    </p>
   </div>
   <div class='ocr_carea' id='block_1_72' title="bbox 2178 581 3756 660">
    <p class='ocr_par' dir='ltr' id='par_1_72' title="bbox 2178 581 3756 660">
     <span class='ocr_line' id='line_1_72' title="bbox 2178 581 3756 660; baseline -0.008 -13"><span class='ocrx_word' id='word_1_577' title='bbox 2178 581 2319 647; x_wconf 78' lang='grc' dir='ltr'>κατὰ</span> <span class='ocrx_word' id='word_1_578' title='bbox 2362 591 2514 658; x_wconf 75' lang='grc' dir='ltr'>τάξιν</span> <span class='ocrx_word' id='word_1_579' title='bbox 2550 587 2970 660; x_wconf 86' lang='grc' dir='ltr'>κατορθώσομεν</span> <span class='ocrx_word' id='word_1_580' title='bbox 3019 584 3090 637; x_wconf 82' lang='grc' dir='ltr'>τὰ</span> <span class='ocrx_word' id='word_1_581' title='bbox 3128 583 3446 655; x_wconf 83' lang='grc' dir='ltr'>πράγματα·</span> <span class='ocrx_word' id='word_1_582' title='bbox 3499 582 3594 635; x_wconf 79' lang='grc' dir='ltr'>καὶ</span> <span class='ocrx_word' id='word_1_583' title='bbox 3633 582 3701 635; x_wconf 80' lang='grc' dir='ltr'>ἂν</span> <span class='ocrx_word' id='word_1_584' title='bbox 3725 581 3756 634; x_wconf 89' lang='lat'>0</span> 
     </span>
    </p>
   </div>
   <div class='ocr_carea' id='block_1_73' title="bbox 2177 667 3757 748">
    <p class='ocr_par' dir='ltr' id='par_1_73' title="bbox 2177 667 3757 748">
     <span class='ocr_line' id='line_1_73' title="bbox 2177 667 3757 748; baseline -0.009 -16"><span class='ocrx_word' id='word_1_585' title='bbox 2177 678 2309 741; x_wconf 87' lang='grc' dir='ltr'>Θεὸς</span> <span class='ocrx_word' id='word_1_586' title='bbox 2331 676 2473 748; x_wconf 74' lang='grc' dir='ltr'>ζωὴν</span> <span class='ocrx_word' id='word_1_587' title='bbox 2498 674 2593 745; x_wconf 86' lang='grc' dir='ltr'>δῷ,</span> <span class='ocrx_word' id='word_1_588' title='bbox 2622 672 2881 739; x_wconf 83' lang='grc' dir='ltr'>πιστεύω,</span> <span class='ocrx_word' id='word_1_589' title='bbox 2913 672 2995 725; x_wconf 85' lang='grc' dir='ltr'>ὅτι</span> <span class='ocrx_word' id='word_1_590' title='bbox 3027 670 3237 741; x_wconf 89' lang='grc' dir='ltr'>ταχέως</span> <span class='ocrx_word' id='word_1_591' title='bbox 3269 670 3348 732; x_wconf 88' lang='grc' dir='ltr'>εἰς</span> <span class='ocrx_word' id='word_1_592' title='bbox 3372 667 3576 738; x_wconf 89' lang='grc' dir='ltr'>ταύτην</span> <span class='ocrx_word' id='word_1_593' title='bbox 3604 668 3757 738; x_wconf 77' lang='grc' dir='ltr'>ημᾶς</span> 
     </span>
    </p>
   </div>
   <div class='ocr_carea' id='block_1_74' title="bbox 2177 757 2833 832">
    <p class='ocr_par' dir='ltr' id='par_1_74' title="bbox 2177 757 2833 832">
     <span class='ocr_line' id='line_1_74' title="bbox 2177 757 2833 832; baseline -0.008 -15"><span class='ocrx_word' id='word_1_594' title='bbox 2177 762 2378 832; x_wconf 77' lang='grc' dir='ltr'>ἄξομεν</span> <span class='ocrx_word' id='word_1_595' title='bbox 2409 760 2507 829; x_wconf 82' lang='grc' dir='ltr'>τὴν</span> <span class='ocrx_word' id='word_1_596' title='bbox 2535 757 2833 812; x_wconf 85' lang='grc' dir='ltr'>πολιτείαν.</span> 
     </span>
    </p>
   </div>
   <div class='ocr_carea' id='block_1_75' title="bbox 2250 832 3755 912">
    <p class='ocr_par' dir='ltr' id='par_1_75' title="bbox 2250 832 3755 912">
     <span class='ocr_line' id='line_1_75' title="bbox 2250 832 3755 912; baseline -0.009 -14"><span class='ocrx_word' id='word_1_597' title='bbox 2250 845 2400 905; x_wconf 85' lang='grc' dir='ltr'>Τέως</span> <span class='ocrx_word' id='word_1_598' title='bbox 2417 843 2505 897; x_wconf 88' lang='grc' dir='ltr'>τὸν</span> <span class='ocrx_word' id='word_1_599' title='bbox 2534 841 2696 912; x_wconf 85' lang='grc' dir='ltr'>νόμον</span> <span class='ocrx_word' id='word_1_600' title='bbox 2730 839 2822 893; x_wconf 87' lang='grc' dir='ltr'>τὸν</span> <span class='ocrx_word' id='word_1_601' title='bbox 2850 856 2918 892; x_wconf 88' lang='grc' dir='ltr'>πε</span> <span class='ocrx_word' id='word_1_602' title='bbox 2927 838 2981 909; x_wconf 70' lang='grc' dir='ltr'>ρὶ</span> <span class='ocrx_word' id='word_1_603' title='bbox 3008 836 3105 891; x_wconf 90' lang='grc' dir='ltr'>τοῦ</span> <span class='ocrx_word' id='word_1_604' title='bbox 3140 837 3307 908; x_wconf 84' lang='grc' dir='ltr'>ὅρκου</span> <span class='ocrx_word' id='word_1_605' title='bbox 3333 832 3717 905; x_wconf 86' lang='grc' dir='ltr'>κατορθώσατε</span> <span class='ocrx_word' id='word_1_606' title='bbox 3737 871 3755 896; x_wconf 88' lang='grc'>,</span> 
     </span>
    </p>
   </div>
   <div class='ocr_carea' id='block_1_76' title="bbox 2180 915 3759 998">
    <p class='ocr_par' dir='ltr' id='par_1_76' title="bbox 2180 915 3759 998">
     <span class='ocr_line' id='line_1_76' title="bbox 2180 915 3759 998; baseline -0.009 -16"><span class='ocrx_word' id='word_1_607' title='bbox 2180 928 2274 982; x_wconf 74' lang='grc' dir='ltr'>καὶ</span> <span class='ocrx_word' id='word_1_608' title='bbox 2313 925 2676 998; x_wconf 82' lang='grc' dir='ltr'>βεϐαιώσατε⁶</span> <span class='ocrx_word' id='word_1_609' title='bbox 2723 923 2817 978; x_wconf 77' lang='grc' dir='ltr'>καὶ</span> <span class='ocrx_word' id='word_1_610' title='bbox 2846 924 2875 976; x_wconf 90' lang='lat'>0</span> <span class='ocrx_word' id='word_1_611' title='bbox 2902 921 3143 991; x_wconf 81' lang='grc' dir='ltr'>φυλάξας</span> <span class='ocrx_word' id='word_1_612' title='bbox 3185 919 3277 971; x_wconf 87' lang='grc' dir='ltr'>τὸν</span> <span class='ocrx_word' id='word_1_613' title='bbox 3319 918 3393 989; x_wconf 83' lang='grc' dir='ltr'>μὴ</span> <span class='ocrx_word' id='word_1_614' title='bbox 3445 915 3759 987; x_wconf 80' lang='grc' dir='ltr'>φυλάξαντα</span> 
     </span>
    </p>
   </div>
   <div class='ocr_carea' id='block_1_77' title="bbox 2179 1000 3759 1082">
    <p class='ocr_par' dir='ltr' id='par_1_77' title="bbox 2179 1000 3759 1082">
     <span class='ocr_line' id='line_1_77' title="bbox 2179 1000 3759 1082; baseline -0.008 -16"><span class='ocrx_word' id='word_1_615' title='bbox 2179 1012 2334 1082; x_wconf 87' lang='grc' dir='ltr'>δῆλον</span> <span class='ocrx_word' id='word_1_616' title='bbox 2364 1010 2605 1071; x_wconf 89' lang='grc' dir='ltr'>ποιείτω,</span> <span class='ocrx_word' id='word_1_617' title='bbox 2639 1006 2733 1062; x_wconf 77' lang='grc' dir='ltr'>καὶ</span> <span class='ocrx_word' id='word_1_618' title='bbox 2752 1005 3053 1075; x_wconf 83' lang='grc' dir='ltr'>ἐγκαλείτω</span> <span class='ocrx_word' id='word_1_619' title='bbox 3080 1002 3285 1068; x_wconf 89' lang='grc' dir='ltr'>λοιπὸν,</span> <span class='ocrx_word' id='word_1_620' title='bbox 3315 1001 3410 1055; x_wconf 79' lang='grc' dir='ltr'>καὶ</span> <span class='ocrx_word' id='word_1_621' title='bbox 3447 1000 3759 1070; x_wconf 85' lang='grc' dir='ltr'>ἐπιτιμάτω</span> 
     </span>
    </p>
   </div>
   <div class='ocr_carea' id='block_1_78' title="bbox 2182 1082 3757 1165">
    <p class='ocr_par' dir='ltr' id='par_1_78' title="bbox 2182 1082 3757 1165">
     <span class='ocr_line' id='line_1_78' title="bbox 2182 1082 3757 1165; baseline -0.008 -18"><span class='ocrx_word' id='word_1_622' title='bbox 2182 1093 2446 1165; x_wconf 84' lang='grc' dir='ltr'>σφοδρῶς.</span> <span class='ocrx_word' id='word_1_623' title='bbox 2486 1093 2550 1145; x_wconf 83' lang='grc' dir='ltr'><strong>Ἦ</strong></span> <span class='ocrx_word' id='word_1_624' title='bbox 2589 1091 2698 1161; x_wconf 83' lang='grc' dir='ltr'>γάρ</span> <span class='ocrx_word' id='word_1_625' title='bbox 2741 1088 3050 1161; x_wconf 86' lang='grc' dir='ltr'>προθεσμία</span> <span class='ocrx_word' id='word_1_626' title='bbox 3102 1087 3303 1154; x_wconf 80' lang='grc' dir='ltr'>ἐγγὺς,</span> <span class='ocrx_word' id='word_1_627' title='bbox 3355 1084 3452 1137; x_wconf 77' lang='grc' dir='ltr'>καὶ</span> <span class='ocrx_word' id='word_1_628' title='bbox 3506 1082 3757 1147; x_wconf 81' lang='grc' dir='ltr'>ἐξέτασιν</span> 
     </span>
    </p>
   </div>
   <div class='ocr_carea' id='block_1_79' title="bbox 2182 1168 3759 1248">
    <p class='ocr_par' dir='ltr' id='par_1_79' title="bbox 2182 1168 3759 1248">
     <span class='ocr_line' id='line_1_79' title="bbox 2182 1168 3759 1248; baseline -0.008 -17"><span class='ocrx_word' id='word_1_629' title='bbox 2182 1179 2393 1248; x_wconf 84' lang='grc' dir='ltr'>ποιήσω</span> <span class='ocrx_word' id='word_1_630' title='bbox 2426 1175 2520 1230; x_wconf 90' lang='grc' dir='ltr'>τοῦ</span> <span class='ocrx_word' id='word_1_631' title='bbox 2557 1187 2582 1215; x_wconf 78' lang='grc' dir='ltr'><strong>ο</strong></span> <span class='ocrx_word' id='word_1_632' title='bbox 2616 1174 2940 1245; x_wconf 85' lang='grc' dir='ltr'>πράγματος</span> <span class='ocrx_word' id='word_1_633' title='bbox 2960 1213 2976 1235; x_wconf 95' lang='grc'>,</span> <span class='ocrx_word' id='word_1_634' title='bbox 3009 1172 3101 1225; x_wconf 70' lang='grc' dir='ltr'>καὶ</span> <span class='ocrx_word' id='word_1_635' title='bbox 3137 1170 3229 1223; x_wconf 85' lang='grc' dir='ltr'>τὸν</span> <span class='ocrx_word' id='word_1_636' title='bbox 3275 1168 3474 1223; x_wconf 77' lang='grc' dir='ltr'>ἁλόντα</span> <span class='ocrx_word' id='word_1_637' title='bbox 3507 1168 3759 1238; x_wconf 90' lang='grc' dir='ltr'>άφορίσω</span> 
     </span>
    </p>
   </div>
   <div class='ocr_carea' id='block_1_80' title="bbox 2182 1250 3763 1331">
    <p class='ocr_par' dir='ltr' id='par_1_80' title="bbox 2182 1250 3763 1331">
     <span class='ocr_line' id='line_1_80' title="bbox 2182 1250 3763 1331; baseline -0.009 -15"><span class='ocrx_word' id='word_1_638' title='bbox 2182 1261 2278 1315; x_wconf 74' lang='grc' dir='ltr'>καὶ</span> <span class='ocrx_word' id='word_1_639' title='bbox 2308 1259 2572 1331; x_wconf 76' lang='grc' dir='ltr'>άπείρξω.</span> <span class='ocrx_word' id='word_1_640' title='bbox 2601 1257 2763 1312; x_wconf 80' lang='grc' dir='ltr'>Ἀλλὰ</span> <span class='ocrx_word' id='word_1_641' title='bbox 2792 1256 3001 1328; x_wconf 86' lang='grc' dir='ltr'>μηδένα</span> <span class='ocrx_word' id='word_1_642' title='bbox 3028 1254 3241 1322; x_wconf 85' lang='grc' dir='ltr'>γένοιτο</span> <span class='ocrx_word' id='word_1_643' title='bbox 3260 1250 3501 1305; x_wconf 89' lang='grc' dir='ltr'>τοιοῦτον</span> <span class='ocrx_word' id='word_1_644' title='bbox 3530 1250 3763 1322; x_wconf 79' lang='grc' dir='ltr'>εὑρεθῆ-</span> 
     </span>
    </p>
   </div>
   <div class='ocr_carea' id='block_1_81' title="bbox 2183 1333 3764 1414">
    <p class='ocr_par' dir='ltr' id='par_1_81' title="bbox 2183 1333 3764 1414">
     <span class='ocr_line' id='line_1_81' title="bbox 2183 1333 3764 1414; baseline -0.008 -16"><span class='ocrx_word' id='word_1_645' title='bbox 2183 1360 2271 1398; x_wconf 91' lang='grc' dir='ltr'>ναι</span> <span class='ocrx_word' id='word_1_646' title='bbox 2303 1343 2430 1414; x_wconf 81' lang='grc' dir='ltr'>παρ’</span> <span class='ocrx_word' id='word_1_647' title='bbox 2458 1344 2613 1412; x_wconf 83' lang='grc' dir='ltr'>ἡμῖν,</span> <span class='ocrx_word' id='word_1_648' title='bbox 2642 1340 2777 1395; x_wconf 82' lang='grc' dir='ltr'>ἀλλά</span> <span class='ocrx_word' id='word_1_649' title='bbox 2798 1338 3005 1401; x_wconf 86' lang='grc' dir='ltr'>πάντας</span> <span class='ocrx_word' id='word_1_650' title='bbox 3036 1335 3173 1408; x_wconf 77' lang='grc' dir='ltr'>μετὰ</span> <span class='ocrx_word' id='word_1_651' title='bbox 3220 1334 3505 1406; x_wconf 84' lang='grc' dir='ltr'>ἀκριϐείας</span> <span class='ocrx_word' id='word_1_652' title='bbox 3544 1335 3605 1386; x_wconf 91' lang='grc' dir='ltr'>τὸ</span> <span class='ocrx_word' id='word_1_653' title='bbox 3625 1333 3764 1414; x_wconf 82' lang='grc' dir='ltr'>σύν-</span> 
     </span>
    </p>
   </div>
   <div class='ocr_carea' id='block_1_82' title="bbox 2186 1413 3767 1495">
    <p class='ocr_par' dir='ltr' id='par_1_82' title="bbox 2186 1413 3767 1495">
     <span class='ocr_line' id='line_1_82' title="bbox 2186 1413 3767 1495; baseline -0.005 -16"><span class='ocrx_word' id='word_1_654' title='bbox 2186 1426 2253 1493; x_wconf 90' lang='grc' dir='ltr'>θη</span> <span class='ocrx_word' id='word_1_655' title='bbox 2262 1443 2336 1495; x_wconf 91' lang='grc' dir='ltr'>μα</span> <span class='ocrx_word' id='word_1_656' title='bbox 2363 1413 2423 1479; x_wconf 80' lang='grc' dir='ltr'>τό</span> <span class='ocrx_word' id='word_1_657' title='bbox 2448 1423 2819 1495; x_wconf 88' lang='grc' dir='ltr'>πνευματικὸν</span> <span class='ocrx_word' id='word_1_658' title='bbox 2834 1419 3258 1490; x_wconf 79' lang='grc' dir='ltr'>τοῦτοφυλάξαι.</span> <span class='ocrx_word' id='word_1_659' title='bbox 3291 1418 3563 1489; x_wconf 82' lang='grc' dir='ltr'>Καθάπερ</span> <span class='ocrx_word' id='word_1_660' title='bbox 3585 1413 3681 1471; x_wconf 83' lang='grc' dir='ltr'>οὗν</span> <span class='ocrx_word' id='word_1_661' title='bbox 3704 1420 3767 1471; x_wconf 88' lang='grc' dir='ltr'>ἐν</span> 
     </span>
    </p>
   </div>
   <div class='ocr_carea' id='block_1_83' title="bbox 2187 1500 3765 1582">
    <p class='ocr_par' dir='ltr' id='par_1_83' title="bbox 2187 1500 3765 1582">
     <span class='ocr_line' id='line_1_83' title="bbox 2187 1500 3765 1582; baseline -0.006 -18"><span class='ocrx_word' id='word_1_662' title='bbox 2187 1511 2412 1582; x_wconf 82' lang='grc' dir='ltr'>πολέμῳ</span> <span class='ocrx_word' id='word_1_663' title='bbox 2430 1510 2538 1564; x_wconf 82' lang='grc' dir='ltr'>ἀπὸ</span> <span class='ocrx_word' id='word_1_664' title='bbox 2566 1510 2660 1564; x_wconf 88' lang='grc' dir='ltr'>τοῦ</span> <span class='ocrx_word' id='word_1_665' title='bbox 2705 1508 3044 1579; x_wconf 87' lang='grc' dir='ltr'>συνθήματος</span> <span class='ocrx_word' id='word_1_666' title='bbox 3080 1505 3133 1558; x_wconf 75' lang='grc' dir='ltr'>οἰ</span> <span class='ocrx_word' id='word_1_667' title='bbox 3157 1521 3218 1556; x_wconf 87' lang='grc' dir='ltr'>τε</span> <span class='ocrx_word' id='word_1_668' title='bbox 3261 1504 3449 1557; x_wconf 80' lang='grc' dir='ltr'>οἰκεῖοι</span> <span class='ocrx_word' id='word_1_669' title='bbox 3478 1503 3575 1556; x_wconf 81' lang='grc' dir='ltr'>καὶ</span> <span class='ocrx_word' id='word_1_670' title='bbox 3601 1500 3765 1558; x_wconf 78' lang='grc' dir='ltr'>ἁλλό-</span> 
     </span>
    </p>
   </div>
   <div class='ocr_carea' id='block_1_84' title="bbox 2186 1584 3772 1665">
    <p class='ocr_par' dir='ltr' id='par_1_84' title="bbox 2186 1584 3772 1665">
     <span class='ocr_line' id='line_1_84' title="bbox 2186 1584 3772 1665; baseline -0.004 -19"><span class='ocrx_word' id='word_1_671' title='bbox 2186 1610 2327 1665; x_wconf 91' lang='grc' dir='ltr'>τριοι</span> <span class='ocrx_word' id='word_1_672' title='bbox 2343 1592 2702 1663; x_wconf 78' lang='grc' dir='ltr'>γνωρίζονται</span> <span class='ocrx_word' id='word_1_673' title='bbox 2723 1604 2738 1620; x_wconf 86' lang='lat'><strong>&#39;</strong></span> <span class='ocrx_word' id='word_1_674' title='bbox 2765 1589 2908 1644; x_wconf 73' lang='grc' dir='ltr'>οὕτω</span> <span class='ocrx_word' id='word_1_675' title='bbox 2932 1588 2996 1660; x_wconf 84' lang='grc' dir='ltr'>δὴ</span> <span class='ocrx_word' id='word_1_676' title='bbox 3024 1588 3118 1643; x_wconf 77' lang='grc' dir='ltr'>καὶ</span> <span class='ocrx_word' id='word_1_677' title='bbox 3138 1586 3239 1641; x_wconf 80' lang='grc' dir='ltr'>νῦν</span> <span class='ocrx_word' id='word_1_678' title='bbox 3249 1585 3506 1656; x_wconf 85' lang='grc' dir='ltr'>γινέσθω.</span> <span class='ocrx_word' id='word_1_679' title='bbox 3528 1584 3638 1640; x_wconf 76' lang='grc' dir='ltr'>Καὶ</span> <span class='ocrx_word' id='word_1_680' title='bbox 3655 1584 3772 1655; x_wconf 80' lang='grc' dir='ltr'>γὰρ</span> 
     </span>
    </p>
   </div>
   <div class='ocr_carea' id='block_1_85' title="bbox 2190 1672 3769 1749">
    <p class='ocr_par' dir='ltr' id='par_1_85' title="bbox 2190 1672 3769 1749">
     <span class='ocr_line' id='line_1_85' title="bbox 2190 1672 3769 1749; baseline -0.006 -13"><span class='ocrx_word' id='word_1_681' title='bbox 2190 1682 2284 1736; x_wconf 75' lang='grc' dir='ltr'>καὶ</span> <span class='ocrx_word' id='word_1_682' title='bbox 2335 1680 2429 1733; x_wconf 91' lang='grc' dir='ltr'>νῦν</span> <span class='ocrx_word' id='word_1_683' title='bbox 2462 1683 2519 1734; x_wconf 86' lang='grc' dir='ltr'>ἐν</span> <span class='ocrx_word' id='word_1_684' title='bbox 2571 1679 2793 1749; x_wconf 83' lang='grc' dir='ltr'>πολέμῳ</span> <span class='ocrx_word' id='word_1_685' title='bbox 2844 1676 3011 1747; x_wconf 87' lang='grc' dir='ltr'>ἐσμέν</span> <span class='ocrx_word' id='word_1_686' title='bbox 3029 1719 3043 1740; x_wconf 95' lang='grc'>,</span> <span class='ocrx_word' id='word_1_687' title='bbox 3083 1676 3170 1729; x_wconf 78' lang='grc' dir='ltr'>ἕνα</span> <span class='ocrx_word' id='word_1_688' title='bbox 3213 1674 3305 1728; x_wconf 80' lang='grc' dir='ltr'>καὶ</span> <span class='ocrx_word' id='word_1_689' title='bbox 3344 1674 3472 1738; x_wconf 76' lang='grc' dir='ltr'>τοὺς</span> <span class='ocrx_word' id='word_1_690' title='bbox 3502 1672 3769 1741; x_wconf 76' lang='grc' dir='ltr'>ἀδελφοὺς</span> 
     </span>
    </p>
   </div>
   <div class='ocr_carea' id='block_1_86' title="bbox 2189 1756 3768 1835">
    <p class='ocr_par' dir='ltr' id='par_1_86' title="bbox 2189 1756 3768 1835">
     <span class='ocr_line' id='line_1_86' title="bbox 2189 1756 3768 1835; baseline -0.005 -18"><span class='ocrx_word' id='word_1_691' title='bbox 2189 1763 2638 1835; x_wconf 79' lang='grc' dir='ltr'>ἐπιγινώσκωμεν</span> <span class='ocrx_word' id='word_1_692' title='bbox 2670 1762 2799 1825; x_wconf 78' lang='grc' dir='ltr'>τοὺς</span> <span class='ocrx_word' id='word_1_693' title='bbox 2834 1760 3087 1822; x_wconf 89' lang='grc' dir='ltr'>οἰκείους.</span> <span class='ocrx_word' id='word_1_694' title='bbox 3106 1759 3271 1812; x_wconf 85' lang='grc' dir='ltr'>Ὅσον</span> <span class='ocrx_word' id='word_1_695' title='bbox 3295 1756 3411 1828; x_wconf 79' lang='grc' dir='ltr'>γάρ</span> <span class='ocrx_word' id='word_1_696' title='bbox 3440 1758 3590 1810; x_wconf 84' lang='grc' dir='ltr'>ἐστιν</span> <span class='ocrx_word' id='word_1_697' title='bbox 3620 1757 3768 1825; x_wconf 77' lang='grc' dir='ltr'>ἀγα-</span> 
     </span>
    </p>
   </div>
   <div class='ocr_carea' id='block_1_87' title="bbox 2191 1839 3772 1919">
    <p class='ocr_par' dir='ltr' id='par_1_87' title="bbox 2191 1839 3772 1919">
     <span class='ocr_line' id='line_1_87' title="bbox 2191 1839 3772 1919; baseline -0.005 -17"><span class='ocrx_word' id='word_1_698' title='bbox 2191 1848 2283 1902; x_wconf 90' lang='grc' dir='ltr'>θὸν</span> <span class='ocrx_word' id='word_1_699' title='bbox 2310 1848 2467 1902; x_wconf 90' lang='grc' dir='ltr'>τοῦτο</span> <span class='ocrx_word' id='word_1_700' title='bbox 2506 1849 2639 1919; x_wconf 88' lang='grc' dir='ltr'>ήμῖν</span> <span class='ocrx_word' id='word_1_701' title='bbox 2685 1841 2822 1899; x_wconf 79' lang='grc' dir='ltr'>εἶναι</span> <span class='ocrx_word' id='word_1_702' title='bbox 2853 1844 2915 1897; x_wconf 90' lang='grc' dir='ltr'>τὸ</span> <span class='ocrx_word' id='word_1_703' title='bbox 2943 1842 3252 1914; x_wconf 85' lang='grc' dir='ltr'>γνώρισμα,</span> <span class='ocrx_word' id='word_1_704' title='bbox 3289 1842 3385 1897; x_wconf 74' lang='grc' dir='ltr'>καὶ</span> <span class='ocrx_word' id='word_1_705' title='bbox 3407 1839 3642 1895; x_wconf 77' lang='grc' dir='ltr'>ἐνταῦθα</span> <span class='ocrx_word' id='word_1_706' title='bbox 3673 1840 3772 1894; x_wconf 77' lang='grc' dir='ltr'>καὶ</span> 
     </span>
    </p>
   </div>
   <div class='ocr_carea' id='block_1_88' title="bbox 2192 1922 3772 2003">
    <p class='ocr_par' dir='ltr' id='par_1_88' title="bbox 2192 1922 3772 2003">
     <span class='ocr_line' id='line_1_88' title="bbox 2192 1922 3772 2003; baseline -0.004 -19"><span class='ocrx_word' id='word_1_707' title='bbox 2192 1932 2287 1984; x_wconf 75' lang='grc' dir='ltr'>ἐπὶ</span> <span class='ocrx_word' id='word_1_708' title='bbox 2321 1930 2421 2001; x_wconf 86' lang='grc' dir='ltr'>τῆς</span> <span class='ocrx_word' id='word_1_709' title='bbox 2448 1929 2769 2003; x_wconf 85' lang='grc' dir='ltr'>άλλοτρίας;</span> <span class='ocrx_word' id='word_1_710' title='bbox 2802 1922 2914 1982; x_wconf 72' lang='grc' dir='ltr'>οἷον</span> <span class='ocrx_word' id='word_1_711' title='bbox 2960 1926 3118 1980; x_wconf 86' lang='grc' dir='ltr'>τοῦτο</span> <span class='ocrx_word' id='word_1_712' title='bbox 3155 1925 3318 1980; x_wconf 84' lang='grc' dir='ltr'>ὅπλον</span> <span class='ocrx_word' id='word_1_713' title='bbox 3354 1925 3496 1980; x_wconf 80' lang='grc' dir='ltr'>κατὰ</span> <span class='ocrx_word' id='word_1_714' title='bbox 3529 1927 3629 1996; x_wconf 79' lang='grc' dir='ltr'>τῆς</span> <span class='ocrx_word' id='word_1_715' title='bbox 3674 1922 3772 1979; x_wconf 85' lang='grc' dir='ltr'>τοῦ</span> 
     </span>
    </p>
   </div>
   <div class='ocr_carea' id='block_1_89' title="bbox 2191 2006 3772 2086">
    <p class='ocr_par' dir='ltr' id='par_1_89' title="bbox 2191 2006 3772 2086">
     <span class='ocr_line' id='line_1_89' title="bbox 2191 2006 3772 2086; baseline -0.006 -18"><span class='ocrx_word' id='word_1_716' title='bbox 2191 2014 2435 2068; x_wconf 89' lang='grc' dir='ltr'>διαϐόλου</span> <span class='ocrx_word' id='word_1_717' title='bbox 2465 2014 2712 2086; x_wconf 84' lang='grc' dir='ltr'>μηχανῆς</span> <span class='ocrx_word' id='word_1_718' title='bbox 2739 2012 2795 2077; x_wconf 68' lang='lat' dir='ltr'>f;</span> <span class='ocrx_word' id='word_1_719' title='bbox 2832 2010 3017 2081; x_wconf 82' lang='grc' dir='ltr'>Στόμα</span> <span class='ocrx_word' id='word_1_720' title='bbox 3049 2009 3162 2082; x_wconf 84' lang='grc' dir='ltr'>γὰρ</span> <span class='ocrx_word' id='word_1_721' title='bbox 3196 2009 3298 2064; x_wconf 77' lang='grc' dir='ltr'>οὐκ</span> <span class='ocrx_word' id='word_1_722' title='bbox 3337 2008 3477 2072; x_wconf 86' lang='grc' dir='ltr'>εἱδὸς</span> <span class='ocrx_word' id='word_1_723' title='bbox 3514 2006 3772 2078; x_wconf 82' lang='grc' dir='ltr'>ὀμνύειν,</span> 
     </span>
    </p>
   </div>
   <div class='ocr_carea' id='block_1_90' title="bbox 2190 2090 3775 2168">
    <p class='ocr_par' dir='ltr' id='par_1_90' title="bbox 2190 2090 3775 2168">
     <span class='ocr_line' id='line_1_90' title="bbox 2190 2090 3775 2168; baseline -0.005 -17"><span class='ocrx_word' id='word_1_724' title='bbox 2190 2097 2401 2168; x_wconf 86' lang='grc' dir='ltr'>ταχέως</span> <span class='ocrx_word' id='word_1_725' title='bbox 2426 2100 2518 2152; x_wconf 76' lang='grc' dir='ltr'>καὶ</span> <span class='ocrx_word' id='word_1_726' title='bbox 2550 2098 2641 2150; x_wconf 85' lang='grc' dir='ltr'>τὸν</span> <span class='ocrx_word' id='word_1_727' title='bbox 2678 2096 2811 2149; x_wconf 83' lang='grc' dir='ltr'>Θεὸν</span> <span class='ocrx_word' id='word_1_728' title='bbox 2835 2096 2892 2149; x_wconf 87' lang='grc' dir='ltr'>ἐν</span> <span class='ocrx_word' id='word_1_729' title='bbox 2916 2095 3101 2165; x_wconf 88' lang='grc' dir='ltr'>εύχαῖς</span> <span class='ocrx_word' id='word_1_730' title='bbox 3133 2093 3519 2156; x_wconf 86' lang='grc' dir='ltr'>ἐπισπάσεται,</span> <span class='ocrx_word' id='word_1_731' title='bbox 3554 2091 3646 2145; x_wconf 78' lang='grc' dir='ltr'>καὶ</span> <span class='ocrx_word' id='word_1_732' title='bbox 3671 2090 3775 2144; x_wconf 82' lang='grc' dir='ltr'>τὸν</span> 
     </span>
    </p>
   </div>
   <div class='ocr_carea' id='block_1_91' title="bbox 2192 2173 3776 2251">
    <p class='ocr_par' dir='ltr' id='par_1_91' title="bbox 2192 2173 3776 2251">
     <span class='ocr_line' id='line_1_91' title="bbox 2192 2173 3776 2251; baseline -0.006 -16"><span class='ocrx_word' id='word_1_733' title='bbox 2192 2180 2439 2235; x_wconf 89' lang='grc' dir='ltr'>διάϐολον</span> <span class='ocrx_word' id='word_1_734' title='bbox 2473 2180 2662 2251; x_wconf 80' lang='grc' dir='ltr'>πλήξει</span> <span class='ocrx_word' id='word_1_735' title='bbox 2708 2178 2927 2250; x_wconf 88' lang='grc' dir='ltr'>καιρίαν</span> <span class='ocrx_word' id='word_1_736' title='bbox 2975 2176 3225 2249; x_wconf 57' lang='grc' dir='ltr'>πληγήν</span> <span class='ocrx_word' id='word_1_737' title='bbox 3273 2175 3448 2247; x_wconf 89' lang='grc' dir='ltr'>στόμα</span> <span class='ocrx_word' id='word_1_738' title='bbox 3493 2175 3594 2228; x_wconf 83' lang='grc' dir='ltr'>οὐκ</span> <span class='ocrx_word' id='word_1_739' title='bbox 3630 2173 3776 2238; x_wconf 86' lang='grc' dir='ltr'>εἰδὸς</span> 
     </span>
    </p>
   </div>
   <div class='ocr_carea' id='block_1_92' title="bbox 2193 2257 3777 2336">
    <p class='ocr_par' dir='ltr' id='par_1_92' title="bbox 2193 2257 3777 2336">
     <span class='ocr_line' id='line_1_92' title="bbox 2193 2257 3777 2336; baseline -0.004 -21"><span class='ocrx_word' id='word_1_740' title='bbox 2193 2262 2435 2336; x_wconf 88' lang='grc' dir='ltr'>ὀμνύειν,</span> <span class='ocrx_word' id='word_1_741' title='bbox 2469 2263 2592 2317; x_wconf 82' lang='grc' dir='ltr'>ούδέ</span> <span class='ocrx_word' id='word_1_742' title='bbox 2634 2261 2879 2334; x_wconf 74' lang='grc' dir='ltr'>ὑϐρίζειν</span> <span class='ocrx_word' id='word_1_743' title='bbox 2904 2261 3130 2315; x_wconf 78' lang='grc' dir='ltr'>εἵσεται.</span> <span class='ocrx_word' id='word_1_744' title='bbox 3177 2259 3446 2327; x_wconf 86' lang='grc' dir='ltr'>Καθάπερ</span> <span class='ocrx_word' id='word_1_745' title='bbox 3488 2257 3549 2322; x_wconf 79' lang='grc' dir='ltr'>ἐξ</span> <span class='ocrx_word' id='word_1_746' title='bbox 3591 2257 3777 2319; x_wconf 88' lang='grc' dir='ltr'>οἰκίας</span> 
     </span>
    </p>
   </div>
   <div class='ocr_carea' id='block_1_93' title="bbox 2194 2341 3779 2417">
    <p class='ocr_par' dir='ltr' id='par_1_93' title="bbox 2194 2341 3779 2417">
     <span class='ocr_line' id='line_1_93' title="bbox 2194 2341 3779 2417; baseline -0.006 -15"><span class='ocrx_word' id='word_1_747' title='bbox 2194 2348 2360 2412; x_wconf 89' lang='grc' dir='ltr'>τινὸς,</span> <span class='ocrx_word' id='word_1_748' title='bbox 2392 2346 2565 2406; x_wconf 73' lang='grc' dir='ltr'>οὕτως</span> <span class='ocrx_word' id='word_1_749' title='bbox 2600 2347 2708 2401; x_wconf 83' lang='grc' dir='ltr'>ἀπὸ</span> <span class='ocrx_word' id='word_1_750' title='bbox 2741 2346 2841 2417; x_wconf 89' lang='grc' dir='ltr'>τῆς</span> <span class='ocrx_word' id='word_1_751' title='bbox 2866 2343 3114 2415; x_wconf 84' lang='grc' dir='ltr'>γλώττης</span> <span class='ocrx_word' id='word_1_752' title='bbox 3138 2343 3201 2398; x_wconf 88' lang='grc' dir='ltr'>τὸ</span> <span class='ocrx_word' id='word_1_753' title='bbox 3231 2342 3343 2415; x_wconf 88' lang='grc' dir='ltr'>πῦρ</span> <span class='ocrx_word' id='word_1_754' title='bbox 3370 2342 3566 2397; x_wconf 75' lang='grc' dir='ltr'>ἔκϐαλε</span> <span class='ocrx_word' id='word_1_755' title='bbox 3589 2341 3779 2402; x_wconf 86' lang='grc' dir='ltr'>τοῦτο,</span> 
     </span>
    </p>
   </div>
   <div class='ocr_carea' id='block_1_94' title="bbox 2195 2425 3779 2504">
    <p class='ocr_par' dir='ltr' id='par_1_94' title="bbox 2195 2425 3779 2504">
     <span class='ocr_line' id='line_1_94' title="bbox 2195 2425 3779 2504; baseline -0.005 -18"><span class='ocrx_word' id='word_1_756' title='bbox 2195 2433 2290 2486; x_wconf 71' lang='grc' dir='ltr'>πιιαί⁸</span> <span class='ocrx_word' id='word_1_757' title='bbox 2311 2432 2650 2504; x_wconf 87' lang='grc' dir='ltr'>παρέλκυσον</span> <span class='ocrx_word' id='word_1_758' title='bbox 2681 2430 2804 2496; x_wconf 75' lang='grc' dir='ltr'>ἔξω.</span> <span class='ocrx_word' id='word_1_759' title='bbox 2824 2430 2924 2494; x_wconf 88' lang='grc' dir='ltr'>Δὸς</span> <span class='ocrx_word' id='word_1_760' title='bbox 2940 2430 3077 2500; x_wconf 69' lang='grc' dir='ltr'>αὐτῇ</span> <span class='ocrx_word' id='word_1_761' title='bbox 3108 2428 3304 2501; x_wconf 84' lang='grc' dir='ltr'>μικρὸν</span> <span class='ocrx_word' id='word_1_762' title='bbox 3324 2425 3659 2482; x_wconf 80' lang='grc' dir='ltr'>ἀναπνεῦσαι</span> <span class='ocrx_word' id='word_1_763' title='bbox 3676 2441 3690 2457; x_wconf 76' lang='grc' dir='ltr'><strong><em>ο</em></strong></span> <span class='ocrx_word' id='word_1_764' title='bbox 3707 2425 3779 2478; x_wconf 82' lang='grc' dir='ltr'>τὸ</span> 
     </span>
    </p>
   </div>
   <div class='ocr_carea' id='block_1_95' title="bbox 2195 2516 3784 2595">
    <p class='ocr_par' dir='ltr' id='par_1_95' title="bbox 2195 2516 3784 2595">
     <span class='ocr_line' id='line_1_95' title="bbox 2195 2516 3784 2595; baseline -0.004 -18"><span class='ocrx_word' id='word_1_765' title='bbox 2195 2523 2353 2588; x_wconf 72' lang='grc' dir='ltr'>ἕλκος</span> <span class='ocrx_word' id='word_1_766' title='bbox 2412 2521 2801 2595; x_wconf 80' lang='grc' dir='ltr'>ἀσθενέστερον</span> <span class='ocrx_word' id='word_1_767' title='bbox 2852 2521 3099 2592; x_wconf 86' lang='grc' dir='ltr'>ποίησον.</span> <span class='ocrx_word' id='word_1_768' title='bbox 3150 2520 3260 2575; x_wconf 77' lang='grc' dir='ltr'>Ναὶ</span> <span class='ocrx_word' id='word_1_769' title='bbox 3297 2516 3638 2591; x_wconf 82' lang='grc' dir='ltr'>παρακαλῶ,</span> <span class='ocrx_word' id='word_1_770' title='bbox 3682 2517 3784 2571; x_wconf 72' lang='grc' dir='ltr'>ἵνα</span> 
     </span>
    </p>
   </div>
   <div class='ocr_carea' id='block_1_96' title="bbox 2197 2600 3785 2678">
    <p class='ocr_par' dir='ltr' id='par_1_96' title="bbox 2197 2600 3785 2678">
     <span class='ocr_line' id='line_1_96' title="bbox 2197 2600 3785 2678; baseline -0.003 -18"><span class='ocrx_word' id='word_1_771' title='bbox 2197 2607 2326 2678; x_wconf 81' lang='grc' dir='ltr'>ὑμῖν</span> <span class='ocrx_word' id='word_1_772' title='bbox 2354 2607 2448 2660; x_wconf 69' lang='grc' dir='ltr'>καὶ</span> <span class='ocrx_word' id='word_1_773' title='bbox 2483 2605 2669 2677; x_wconf 77' lang='grc' dir='ltr'>ἕτερόν</span> <span class='ocrx_word' id='word_1_774' title='bbox 2693 2623 2749 2659; x_wconf 89' lang='grc' dir='ltr'>τι</span> <span class='ocrx_word' id='word_1_775' title='bbox 2784 2604 2926 2658; x_wconf 82' lang='grc' dir='ltr'>ἐκδῶ</span> <span class='ocrx_word' id='word_1_776' title='bbox 2967 2604 3196 2675; x_wconf 88' lang='grc' dir='ltr'>μάθημα</span> <span class='ocrx_word' id='word_1_777' title='bbox 3220 2620 3233 2633; x_wconf 94' lang='grc'><strong>·</strong></span> <span class='ocrx_word' id='word_1_778' title='bbox 3265 2602 3420 2656; x_wconf 76' lang='grc' dir='ltr'>οὔπω</span> <span class='ocrx_word' id='word_1_779' title='bbox 3444 2602 3555 2671; x_wconf 79' lang='grc' dir='ltr'>γὰρ</span> <span class='ocrx_word' id='word_1_780' title='bbox 3582 2600 3785 2655; x_wconf 77' lang='grc' dir='ltr'>τούτου</span> 
     </span>
    </p>
   </div>
   <div class='ocr_carea' id='block_1_97' title="bbox 2198 2684 3782 2761">
    <p class='ocr_par' dir='ltr' id='par_1_97' title="bbox 2198 2684 3782 2761">
     <span class='ocr_line' id='line_1_97' title="bbox 2198 2684 3782 2761; baseline -0.004 -17"><span class='ocrx_word' id='word_1_781' title='bbox 2198 2689 2654 2761; x_wconf 86' lang='grc' dir='ltr'>κατωρθωμένου,</span> <span class='ocrx_word' id='word_1_782' title='bbox 2675 2688 2739 2742; x_wconf 87' lang='grc' dir='ltr'>οὺ</span> <span class='ocrx_word' id='word_1_783' title='bbox 2761 2687 2945 2759; x_wconf 85' lang='grc' dir='ltr'>τολμῶ</span> <span class='ocrx_word' id='word_1_784' title='bbox 2979 2687 3072 2741; x_wconf 74' lang='grc' dir='ltr'>ἐπὶ</span> <span class='ocrx_word' id='word_1_785' title='bbox 3101 2686 3290 2759; x_wconf 71' lang='grc' dir='ltr'>ἕτερόν</span> <span class='ocrx_word' id='word_1_786' title='bbox 3327 2703 3383 2739; x_wconf 93' lang='grc' dir='ltr'>τι</span> <span class='ocrx_word' id='word_1_787' title='bbox 3411 2684 3606 2739; x_wconf 83' lang='grc' dir='ltr'>ἐλθεῖν.</span> <span class='ocrx_word' id='word_1_788' title='bbox 3639 2684 3782 2738; x_wconf 67' lang='lat' dir='ltr'><strong>T06-</strong></span> 
     </span>
    </p>
   </div>
   <div class='ocr_carea' id='block_1_98' title="bbox 2200 2768 3779 2843">
    <p class='ocr_par' dir='ltr' id='par_1_98' title="bbox 2200 2768 3779 2843">
     <span class='ocr_line' id='line_1_98' title="bbox 2200 2768 3779 2843; baseline -0.004 -16"><span class='ocrx_word' id='word_1_789' title='bbox 2200 2790 2260 2827; x_wconf 83' lang='grc' dir='ltr'>το</span> <span class='ocrx_word' id='word_1_790' title='bbox 2283 2772 2423 2843; x_wconf 78' lang='grc' dir='ltr'>μετὰ</span> <span class='ocrx_word' id='word_1_791' title='bbox 2442 2771 2725 2843; x_wconf 85' lang='grc' dir='ltr'>ἀκριϐείας</span> <span class='ocrx_word' id='word_1_792' title='bbox 2749 2770 2878 2840; x_wconf 84' lang='grc' dir='ltr'>ὑμῖν</span> <span class='ocrx_word' id='word_1_793' title='bbox 2898 2768 3303 2841; x_wconf 80' lang='grc' dir='ltr'>κατορθωθήτω</span> <span class='ocrx_word' id='word_1_794' title='bbox 3323 2785 3337 2798; x_wconf 87' lang='grc'><strong>·</strong></span> <span class='ocrx_word' id='word_1_795' title='bbox 3368 2768 3560 2823; x_wconf 85' lang='grc' dir='ltr'>τούτου</span> <span class='ocrx_word' id='word_1_796' title='bbox 3582 2768 3779 2823; x_wconf 74' lang='grc' dir='ltr'>λάϐετε</span> 
     </span>
    </p>
   </div>
   <div class='ocr_carea' id='block_1_99' title="bbox 2199 2852 3779 2928">
    <p class='ocr_par' dir='ltr' id='par_1_99' title="bbox 2199 2852 3779 2928">
     <span class='ocr_line' id='line_1_99' title="bbox 2199 2852 3779 2928; baseline -0.004 -17"><span class='ocrx_word' id='word_1_797' title='bbox 2199 2857 2294 2911; x_wconf 91' lang='grc' dir='ltr'>τοῦ</span> <span class='ocrx_word' id='word_1_798' title='bbox 2320 2856 2740 2928; x_wconf 86' lang='grc' dir='ltr'>κατορθώματος</span> <span class='ocrx_word' id='word_1_799' title='bbox 2766 2854 3019 2926; x_wconf 74' lang='grc' dir='ltr'>αἴσθησιν</span> <span class='ocrx_word' id='word_1_800' title='bbox 3051 2855 3335 2927; x_wconf 79' lang='grc' dir='ltr'>πρότερον,</span> <span class='ocrx_word' id='word_1_801' title='bbox 3360 2854 3457 2908; x_wconf 74' lang='grc' dir='ltr'>καὶ</span> <span class='ocrx_word' id='word_1_802' title='bbox 3492 2853 3614 2906; x_wconf 84' lang='grc' dir='ltr'>τότε</span> <span class='ocrx_word' id='word_1_803' title='bbox 3643 2852 3779 2923; x_wconf 77' lang='grc' dir='ltr'>ὑμῖν</span> 
     </span>
    </p>
   </div>
   <div class='ocr_carea' id='block_1_100' title="bbox 2201 2934 3780 3011">
    <p class='ocr_par' dir='ltr' id='par_1_100' title="bbox 2201 2934 3780 3011">
     <span class='ocr_line' id='line_1_100' title="bbox 2201 2934 3780 3011; baseline -0.005 -16"><span class='ocrx_word' id='word_1_804' title='bbox 2201 2944 2296 2995; x_wconf 76' lang='grc' dir='ltr'>καὶ</span> <span class='ocrx_word' id='word_1_805' title='bbox 2328 2939 2547 3011; x_wconf 87' lang='grc' dir='ltr'>ἐτέρους</span> <span class='ocrx_word' id='word_1_806' title='bbox 2574 2940 2774 3004; x_wconf 81' lang='grc' dir='ltr'>εἰσάξω</span> <span class='ocrx_word' id='word_1_807' title='bbox 2803 2939 3001 3011; x_wconf 90' lang='grc' dir='ltr'>νόμους</span> <span class='ocrx_word' id='word_1_808' title='bbox 3021 2978 3035 3003; x_wconf 90' lang='grc'>,</span> <span class='ocrx_word' id='word_1_809' title='bbox 3070 2938 3270 3009; x_wconf 80' lang='grc' dir='ltr'>μᾶλλον</span> <span class='ocrx_word' id='word_1_810' title='bbox 3299 2937 3357 2990; x_wconf 86' lang='grc' dir='ltr'>δέ</span> <span class='ocrx_word' id='word_1_811' title='bbox 3379 2938 3479 2991; x_wconf 82' lang='grc' dir='ltr'>οὐκ</span> <span class='ocrx_word' id='word_1_812' title='bbox 3501 2935 3630 3005; x_wconf 85' lang='grc' dir='ltr'>ἐγὼ,</span> <span class='ocrx_word' id='word_1_813' title='bbox 3658 2934 3780 2989; x_wconf 80' lang='grc' dir='ltr'>ἀλλ’</span> 
     </span>
    </p>
   </div>
   <div class='ocr_carea' id='block_1_101' title="bbox 2200 3018 3783 3096">
    <p class='ocr_par' dir='ltr' id='par_1_101' title="bbox 2200 3018 3783 3096">
     <span class='ocr_line' id='line_1_101' title="bbox 2200 3018 3783 3096; baseline -0.004 -17"><span class='ocrx_word' id='word_1_814' title='bbox 2200 3025 2230 3079; x_wconf 87' lang='lat'>0</span> <span class='ocrx_word' id='word_1_815' title='bbox 2270 3023 2523 3096; x_wconf 84' lang='grc' dir='ltr'>Χριστός.</span> <span class='ocrx_word' id='word_1_816' title='bbox 2555 3022 2859 3077; x_wconf 82' lang='grc' dir='ltr'>Φυτεύσατε</span> <span class='ocrx_word' id='word_1_817' title='bbox 2890 3023 2947 3074; x_wconf 86' lang='grc' dir='ltr'>ἐν</span> <span class='ocrx_word' id='word_1_818' title='bbox 2977 3024 3045 3093; x_wconf 80' lang='grc' dir='ltr'>τῇ</span> <span class='ocrx_word' id='word_1_819' title='bbox 3067 3020 3213 3091; x_wconf 76' lang='grc' dir='ltr'>ψυχῇ</span> <span class='ocrx_word' id='word_1_820' title='bbox 3247 3023 3313 3092; x_wconf 80' lang='grc' dir='ltr'>τῇ</span> <span class='ocrx_word' id='word_1_821' title='bbox 3350 3020 3590 3091; x_wconf 77' lang='grc' dir='ltr'>ὑμετέρᾳ</span> <span class='ocrx_word' id='word_1_822' title='bbox 3618 3018 3783 3072; x_wconf 81' lang='grc' dir='ltr'>τοῦτο</span> 
     </span>
    </p>
   </div>
   <div class='ocr_carea' id='block_1_102' title="bbox 2202 3100 3788 3176">
    <p class='ocr_par' dir='ltr' id='par_1_102' title="bbox 2202 3100 3788 3176">
     <span class='ocr_line' id='line_1_102' title="bbox 2202 3100 3788 3176; baseline -0.004 -14"><span class='ocrx_word' id='word_1_823' title='bbox 2202 3108 2262 3162; x_wconf 88' lang='grc' dir='ltr'>τὸ</span> <span class='ocrx_word' id='word_1_824' title='bbox 2308 3107 2503 3171; x_wconf 89' lang='grc' dir='ltr'>καλὸν,</span> <span class='ocrx_word' id='word_1_825' title='bbox 2543 3107 2639 3161; x_wconf 73' lang='grc' dir='ltr'>καὶ</span> <span class='ocrx_word' id='word_1_826' title='bbox 2681 3106 2825 3159; x_wconf 86' lang='grc' dir='ltr'>κατά</span> <span class='ocrx_word' id='word_1_827' title='bbox 2867 3105 3063 3176; x_wconf 84' lang='grc' dir='ltr'>μικρὸν</span> <span class='ocrx_word' id='word_1_828' title='bbox 3105 3102 3297 3157; x_wconf 73' lang='grc' dir='ltr'>ἔσεσθε</span> <span class='ocrx_word' id='word_1_829' title='bbox 3334 3102 3659 3174; x_wconf 85' lang='grc' dir='ltr'>παράδεισος</span> <span class='ocrx_word' id='word_1_830' title='bbox 3684 3100 3788 3156; x_wconf 83' lang='grc' dir='ltr'>τοῦ</span> 
     </span>
    </p>
   </div>
   <div class='ocr_carea' id='block_1_103' title="bbox 2203 3183 3784 3261">
    <p class='ocr_par' dir='ltr' id='par_1_103' title="bbox 2203 3183 3784 3261">
     <span class='ocr_line' id='line_1_103' title="bbox 2203 3183 3784 3261; baseline -0.004 -18"><span class='ocrx_word' id='word_1_831' title='bbox 2203 3190 2360 3253; x_wconf 89' lang='grc' dir='ltr'>Θεοῦ,</span> <span class='ocrx_word' id='word_1_832' title='bbox 2376 3188 2551 3260; x_wconf 87' lang='grc' dir='ltr'>πολλῷ</span> <span class='ocrx_word' id='word_1_833' title='bbox 2569 3189 2790 3258; x_wconf 85' lang='grc' dir='ltr'>βελτίων</span> <span class='ocrx_word' id='word_1_834' title='bbox 2806 3187 3144 3261; x_wconf 65' lang='grc' dir='ltr'>[951ἐκείνου</span> <span class='ocrx_word' id='word_1_835' title='bbox 3164 3186 3260 3240; x_wconf 89' lang='grc' dir='ltr'>τοῦ</span> <span class='ocrx_word' id='word_1_836' title='bbox 3280 3183 3784 3256; x_wconf 82' lang='grc' dir='ltr'>παραδείσου.οῦτε</span> 
     </span>
    </p>
   </div>
   <div class='ocr_carea' id='block_1_104' title="bbox 2203 3268 3787 3345">
    <p class='ocr_par' dir='ltr' id='par_1_104' title="bbox 2203 3268 3787 3345">
     <span class='ocr_line' id='line_1_104' title="bbox 2203 3268 3787 3345; baseline -0.004 -18"><span class='ocrx_word' id='word_1_837' title='bbox 2203 3275 2313 3345; x_wconf 80' lang='grc' dir='ltr'>γὰρ</span> <span class='ocrx_word' id='word_1_838' title='bbox 2343 3274 2467 3343; x_wconf 80' lang='grc' dir='ltr'>ὄφις</span> <span class='ocrx_word' id='word_1_839' title='bbox 2497 3274 2627 3344; x_wconf 77' lang='grc' dir='ltr'>παρ’</span> <span class='ocrx_word' id='word_1_840' title='bbox 2662 3274 2814 3343; x_wconf 89' lang='grc' dir='ltr'>ήμῖν.</span> <span class='ocrx_word' id='word_1_841' title='bbox 2832 3271 2958 3325; x_wconf 68' lang='grc' dir='ltr'>οὔτε</span> <span class='ocrx_word' id='word_1_842' title='bbox 2983 3270 3196 3343; x_wconf 86' lang='grc' dir='ltr'>δένδρον</span> <span class='ocrx_word' id='word_1_843' title='bbox 3234 3268 3630 3341; x_wconf 86' lang='grc' dir='ltr'>θανατηφόρον,</span> <span class='ocrx_word' id='word_1_844' title='bbox 3655 3268 3787 3321; x_wconf 75' lang='grc' dir='ltr'>οὔτε</span> 
     </span>
    </p>
   </div>
   <div class='ocr_carea' id='block_1_105' title="bbox 2204 3352 3791 3425">
    <p class='ocr_par' dir='ltr' id='par_1_105' title="bbox 2204 3352 3791 3425">
     <span class='ocr_line' id='line_1_105' title="bbox 2204 3352 3791 3425; baseline -0.004 -13"><span class='ocrx_word' id='word_1_845' title='bbox 2204 3357 2331 3413; x_wconf 85' lang='grc' dir='ltr'>άλλο</span> <span class='ocrx_word' id='word_1_846' title='bbox 2350 3357 2459 3410; x_wconf 84' lang='grc' dir='ltr'>τῶν</span> <span class='ocrx_word' id='word_1_847' title='bbox 2478 3354 2732 3410; x_wconf 89' lang='grc' dir='ltr'>τοιούτων</span> <span class='ocrx_word' id='word_1_848' title='bbox 2757 3356 2930 3412; x_wconf 82' lang='grc' dir='ltr'>οὐδέν.</span> <span class='ocrx_word' id='word_1_849' title='bbox 2955 3356 3170 3425; x_wconf 78' lang='grc' dir='ltr'>Πήξατε</span> <span class='ocrx_word' id='word_1_850' title='bbox 3198 3356 3257 3408; x_wconf 86' lang='grc' dir='ltr'>ἐν</span> <span class='ocrx_word' id='word_1_851' title='bbox 3280 3353 3435 3424; x_wconf 81' lang='grc' dir='ltr'>βάθει</span> <span class='ocrx_word' id='word_1_852' title='bbox 3456 3352 3665 3424; x_wconf 80' lang='grc' dir='ltr'>ταύτην</span> <span class='ocrx_word' id='word_1_853' title='bbox 3682 3354 3791 3423; x_wconf 71' lang='grc' dir='ltr'>τὴν</span> 
     </span>
    </p>
   </div>
   <div class='ocr_carea' id='block_1_106' title="bbox 2206 3436 3789 3510">
    <p class='ocr_par' dir='ltr' id='par_1_106' title="bbox 2206 3436 3789 3510">
     <span class='ocr_line' id='line_1_106' title="bbox 2206 3436 3789 3510; baseline -0.003 -17"><span class='ocrx_word' id='word_1_854' title='bbox 2206 3439 2514 3510; x_wconf 86' lang='grc' dir='ltr'>συνήθειαν.</span> <span class='ocrx_word' id='word_1_855' title='bbox 2536 3440 2632 3492; x_wconf 80' lang='grc' dir='ltr'>Ἂν</span> <span class='ocrx_word' id='word_1_856' title='bbox 2661 3438 2821 3492; x_wconf 87' lang='grc' dir='ltr'>τοῦτο</span> <span class='ocrx_word' id='word_1_857' title='bbox 2847 3440 3094 3510; x_wconf 85' lang='grc' dir='ltr'>γένηται,</span> <span class='ocrx_word' id='word_1_858' title='bbox 3124 3438 3222 3508; x_wconf 87' lang='grc' dir='ltr'>ούχ</span> <span class='ocrx_word' id='word_1_859' title='bbox 3251 3439 3412 3508; x_wconf 84' lang='grc' dir='ltr'>ὑμεῖς</span> <span class='ocrx_word' id='word_1_860' title='bbox 3431 3437 3483 3491; x_wconf 82' lang='grc' dir='ltr'>οῑ</span> <span class='ocrx_word' id='word_1_861' title='bbox 3512 3436 3789 3509; x_wconf 83' lang='grc' dir='ltr'>παρόντες</span> 
     </span>
    </p>
   </div>
   <div class='ocr_carea' id='block_1_107' title="bbox 2205 3522 3793 3594">
    <p class='ocr_par' dir='ltr' id='par_1_107' title="bbox 2205 3522 3793 3594">
     <span class='ocr_line' id='line_1_107' title="bbox 2205 3522 3793 3594; baseline -0.001 -17"><span class='ocrx_word' id='word_1_862' title='bbox 2205 3523 2627 3594; x_wconf 82' lang='grc' dir='ltr'>ὠφεληθήσεσθε</span> <span class='ocrx_word' id='word_1_863' title='bbox 2669 3522 2827 3592; x_wconf 87' lang='grc' dir='ltr'>μόνον</span> <span class='ocrx_word' id='word_1_864' title='bbox 2848 3564 2862 3586; x_wconf 93' lang='grc'>,</span> <span class='ocrx_word' id='word_1_865' title='bbox 2914 3523 3051 3577; x_wconf 81' lang='grc' dir='ltr'>ἀλλὰ</span> <span class='ocrx_word' id='word_1_866' title='bbox 3079 3524 3174 3578; x_wconf 77' lang='grc' dir='ltr'>καὶ</span> <span class='ocrx_word' id='word_1_867' title='bbox 3206 3523 3408 3587; x_wconf 86' lang='grc' dir='ltr'>πάντες</span> <span class='ocrx_word' id='word_1_868' title='bbox 3438 3524 3488 3576; x_wconf 89' lang='grc' dir='ltr'>οἰ</span> <span class='ocrx_word' id='word_1_869' title='bbox 3527 3523 3585 3575; x_wconf 86' lang='grc' dir='ltr'>ἐν</span> <span class='ocrx_word' id='word_1_870' title='bbox 3619 3524 3686 3593; x_wconf 80' lang='grc' dir='ltr'>τῇ</span> <span class='ocrx_word' id='word_1_871' title='bbox 3712 3523 3793 3575; x_wconf 79' lang='grc' dir='ltr'>οῖ-</span> 
     </span>
    </p>
   </div>
   <div class='ocr_carea' id='block_1_108' title="bbox 2205 3605 3792 3679">
    <p class='ocr_par' dir='ltr' id='par_1_108' title="bbox 2205 3605 3792 3679">
     <span class='ocr_line' id='line_1_108' title="bbox 2205 3605 3792 3679; baseline -0.001 -19"><span class='ocrx_word' id='word_1_872' title='bbox 2205 3606 2446 3679; x_wconf 82' lang='grc' dir='ltr'>κουμένῃ</span> <span class='ocrx_word' id='word_1_873' title='bbox 2468 3622 2482 3635; x_wconf 80' lang='grc'><strong>’</strong></span> <span class='ocrx_word' id='word_1_874' title='bbox 2511 3606 2607 3660; x_wconf 72' lang='grc' dir='ltr'>καὶ</span> <span class='ocrx_word' id='word_1_875' title='bbox 2638 3606 2737 3659; x_wconf 81' lang='grc' dir='ltr'>οὐκ</span> <span class='ocrx_word' id='word_1_876' title='bbox 2769 3607 2964 3660; x_wconf 87' lang='grc' dir='ltr'>ἐκεῖνοι</span> <span class='ocrx_word' id='word_1_877' title='bbox 3000 3607 3159 3677; x_wconf 89' lang='grc' dir='ltr'>μόνον</span> <span class='ocrx_word' id='word_1_878' title='bbox 3189 3616 3238 3670; x_wconf 75' lang='grc'>8,</span> <span class='ocrx_word' id='word_1_879' title='bbox 3271 3605 3408 3660; x_wconf 81' lang='grc' dir='ltr'>ἀλλὰ</span> <span class='ocrx_word' id='word_1_880' title='bbox 3444 3606 3540 3659; x_wconf 74' lang='grc' dir='ltr'>καὶ</span> <span class='ocrx_word' id='word_1_881' title='bbox 3562 3605 3612 3659; x_wconf 81' lang='grc' dir='ltr'>οἰ</span> <span class='ocrx_word' id='word_1_882' title='bbox 3645 3606 3792 3676; x_wconf 75' lang='grc' dir='ltr'>μετὰ</span> 
     </span>
    </p>
   </div>
   <div class='ocr_carea' id='block_1_109' title="bbox 2205 3687 3791 3762">
    <p class='ocr_par' dir='ltr' id='par_1_109' title="bbox 2205 3687 3791 3762">
     <span class='ocr_line' id='line_1_109' title="bbox 2205 3687 3791 3762; baseline -0.001 -19"><span class='ocrx_word' id='word_1_883' title='bbox 2205 3689 2377 3743; x_wconf 90' lang='grc' dir='ltr'>ταῦτα</span> <span class='ocrx_word' id='word_1_884' title='bbox 2415 3690 2801 3761; x_wconf 76' lang='grc' dir='ltr'>ἐπιγινόμενοι.</span> <span class='ocrx_word' id='word_1_885' title='bbox 2831 3689 2990 3752; x_wconf 86' lang='grc' dir='ltr'>Ἔθος</span> <span class='ocrx_word' id='word_1_886' title='bbox 3019 3689 3130 3762; x_wconf 82' lang='grc' dir='ltr'>γάρ</span> <span class='ocrx_word' id='word_1_887' title='bbox 3168 3690 3330 3744; x_wconf 89' lang='grc' dir='ltr'>καλὸν</span> <span class='ocrx_word' id='word_1_888' title='bbox 3375 3687 3615 3742; x_wconf 75' lang='grc' dir='ltr'>εἰσελθὸν</span> <span class='ocrx_word' id='word_1_889' title='bbox 3640 3727 3655 3751; x_wconf 94' lang='grc'>,</span> <span class='ocrx_word' id='word_1_890' title='bbox 3688 3688 3791 3742; x_wconf 78' lang='grc' dir='ltr'>καὶ</span> 
     </span>
    </p>
   </div>
   <div class='ocr_carea' id='block_1_110' title="bbox 2206 3772 3789 3846">
    <p class='ocr_par' dir='ltr' id='par_1_110' title="bbox 2206 3772 3789 3846">
     <span class='ocr_line' id='line_1_110' title="bbox 2206 3772 3789 3846; baseline -0.003 -17"><span class='ocrx_word' id='word_1_891' title='bbox 2206 3774 2359 3846; x_wconf 80' lang='grc' dir='ltr'>παρὰ</span> <span class='ocrx_word' id='word_1_892' title='bbox 2407 3773 2626 3827; x_wconf 88' lang='grc' dir='ltr'>πάντων</span> <span class='ocrx_word' id='word_1_893' title='bbox 2687 3772 3113 3843; x_wconf 90' lang='grc' dir='ltr'>φυλαττόμενον,</span> <span class='ocrx_word' id='word_1_894' title='bbox 3175 3775 3255 3837; x_wconf 88' lang='grc' dir='ltr'>εἰς</span> <span class='ocrx_word' id='word_1_895' title='bbox 3314 3772 3557 3845; x_wconf 78' lang='grc' dir='ltr'>μακροὺς</span> <span class='ocrx_word' id='word_1_896' title='bbox 3604 3772 3789 3825; x_wconf 86' lang='grc' dir='ltr'>διαδο-</span> 
     </span>
    </p>
   </div>
   <div class='ocr_carea' id='block_1_111' title="bbox 2208 3854 3788 3929">
    <p class='ocr_par' dir='ltr' id='par_1_111' title="bbox 2208 3854 3788 3929">
     <span class='ocr_line' id='line_1_111' title="bbox 2208 3854 3788 3929; baseline -0.001 -18"><span class='ocrx_word' id='word_1_897' title='bbox 2208 3857 2431 3929; x_wconf 87' lang='grc' dir='ltr'>θήσεται</span> <span class='ocrx_word' id='word_1_898' title='bbox 2475 3855 2722 3928; x_wconf 82' lang='grc' dir='ltr'>χρόνους,</span> <span class='ocrx_word' id='word_1_899' title='bbox 2766 3856 2859 3910; x_wconf 72' lang='grc' dir='ltr'>καὶ</span> <span class='ocrx_word' id='word_1_900' title='bbox 2879 3855 3052 3920; x_wconf 77' lang='grc' dir='ltr'>οὐδεὶς</span> <span class='ocrx_word' id='word_1_901' title='bbox 3102 3857 3236 3911; x_wconf 86' lang='grc' dir='ltr'>αὐτὸ</span> <span class='ocrx_word' id='word_1_902' title='bbox 3293 3857 3483 3928; x_wconf 89' lang='grc' dir='ltr'>καιρὸς</span> <span class='ocrx_word' id='word_1_903' title='bbox 3552 3854 3788 3925; x_wconf 76' lang='grc' dir='ltr'>ἐκκόψαι</span> 
     </span>
    </p>
   </div>
   <div class='ocr_carea' id='block_1_112' title="bbox 2207 3938 3789 4014">
    <p class='ocr_par' dir='ltr' id='par_1_112' title="bbox 2207 3938 3789 4014">
     <span class='ocr_line' id='line_1_112' title="bbox 2207 3938 3789 4014; baseline -0.003 -18"><span class='ocrx_word' id='word_1_904' title='bbox 2207 3942 2509 4014; x_wconf 90' lang='grc' dir='ltr'>δυνήσεται.</span> <span class='ocrx_word' id='word_1_905' title='bbox 2571 3941 2636 3995; x_wconf 82' lang='grc' dir='ltr'>Εἰ</span> <span class='ocrx_word' id='word_1_906' title='bbox 2662 3939 2793 4004; x_wconf 83' lang='grc' dir='ltr'>ξύλα</span> <span class='ocrx_word' id='word_1_907' title='bbox 2849 3957 2933 4005; x_wconf 91' lang='grc' dir='ltr'>τις</span> <span class='ocrx_word' id='word_1_908' title='bbox 2976 3940 3248 4008; x_wconf 84' lang='grc' dir='ltr'>συλλέγων</span> <span class='ocrx_word' id='word_1_909' title='bbox 3278 3941 3336 3993; x_wconf 87' lang='grc' dir='ltr'>ἐν</span> <span class='ocrx_word' id='word_1_910' title='bbox 3389 3938 3645 4009; x_wconf 84' lang='grc' dir='ltr'>σαϐϐάτῳ</span> <span class='ocrx_word' id='word_1_911' title='bbox 3700 3938 3789 3991; x_wconf 83' lang='grc' dir='ltr'>λι-</span> 
     </span>
    </p>
   </div>
   <div class='ocr_carea' id='block_1_113' title="bbox 2209 4021 3791 4093">
    <p class='ocr_par' dir='ltr' id='par_1_113' title="bbox 2209 4021 3791 4093">
     <span class='ocr_line' id='line_1_113' title="bbox 2209 4021 3791 4093; baseline -0.003 -15"><span class='ocrx_word' id='word_1_912' title='bbox 2209 4025 2491 4088; x_wconf 88' lang='grc' dir='ltr'>θόλευστος</span> <span class='ocrx_word' id='word_1_913' title='bbox 2548 4024 2770 4093; x_wconf 86' lang='grc' dir='ltr'>γέγονεν</span> <span class='ocrx_word' id='word_1_914' title='bbox 2788 4026 2807 4054; x_wconf 83' lang='grc'><em>”</em></span> <span class='ocrx_word' id='word_1_915' title='bbox 2873 4023 2902 4076; x_wconf 87' lang='lat'>0</span> <span class='ocrx_word' id='word_1_916' title='bbox 2971 4022 3040 4076; x_wconf 84' lang='grc' dir='ltr'>τὰ</span> <span class='ocrx_word' id='word_1_917' title='bbox 3106 4022 3287 4093; x_wconf 88' lang='grc' dir='ltr'>πολλῷ</span> <span class='ocrx_word' id='word_1_918' title='bbox 3358 4023 3459 4092; x_wconf 88' lang='grc' dir='ltr'>τῆς</span> <span class='ocrx_word' id='word_1_919' title='bbox 3516 4021 3791 4091; x_wconf 81' lang='grc' dir='ltr'>συλλογῆς</span> 
     </span>
    </p>
   </div>
   <div class='ocr_carea' id='block_1_114' title="bbox 2210 4104 3790 4178">
    <p class='ocr_par' dir='ltr' id='par_1_114' title="bbox 2210 4104 3790 4178">
     <span class='ocr_line' id='line_1_114' title="bbox 2210 4104 3790 4178; baseline -0.003 -16"><span class='ocrx_word' id='word_1_920' title='bbox 2210 4108 2423 4178; x_wconf 85' lang='grc' dir='ltr'>ἐκείνης</span> <span class='ocrx_word' id='word_1_921' title='bbox 2491 4104 2846 4178; x_wconf 89' lang='grc' dir='ltr'>χαλεπώτερα</span> <span class='ocrx_word' id='word_1_922' title='bbox 2911 4104 3282 4175; x_wconf 79' lang='grc' dir='ltr'>ἐργαζόμενος</span> <span class='ocrx_word' id='word_1_923' title='bbox 3307 4144 3322 4170; x_wconf 91' lang='grc'>,</span> <span class='ocrx_word' id='word_1_924' title='bbox 3396 4104 3489 4158; x_wconf 76' lang='grc' dir='ltr'>καὶ</span> <span class='ocrx_word' id='word_1_925' title='bbox 3567 4105 3790 4176; x_wconf 79' lang='grc' dir='ltr'>φορτίον</span> 
     </span>
    </p>
   </div>
   <div class='ocr_carea' id='block_1_115' title="bbox 2212 4187 3792 4263">
    <p class='ocr_par' dir='ltr' id='par_1_115' title="bbox 2212 4187 3792 4263">
     <span class='ocr_line' id='line_1_115' title="bbox 2212 4187 3792 4263; baseline -0.004 -17"><span class='ocrx_word' id='word_1_926' title='bbox 2212 4192 2496 4263; x_wconf 86' lang='grc' dir='ltr'>ἁμαρτιῶν</span> <span class='ocrx_word' id='word_1_927' title='bbox 2560 4188 2829 4257; x_wconf 87' lang='grc' dir='ltr'>συλλέγων</span> <span class='ocrx_word' id='word_1_928' title='bbox 2890 4187 3091 4259; x_wconf 90' lang='grc' dir='ltr'>(τοῦτο</span> <span class='ocrx_word' id='word_1_929' title='bbox 3148 4188 3257 4260; x_wconf 83' lang='grc' dir='ltr'>γάρ</span> <span class='ocrx_word' id='word_1_930' title='bbox 3327 4188 3436 4242; x_wconf 85' lang='grc' dir='ltr'>τῶν</span> <span class='ocrx_word' id='word_1_931' title='bbox 3493 4189 3672 4261; x_wconf 82' lang='grc' dir='ltr'>ὅρκων</span> <span class='ocrx_word' id='word_1_932' title='bbox 3725 4188 3792 4241; x_wconf 88' lang='grc' dir='ltr'>τὸ</span> 
     </span>
    </p>
   </div>
   <div class='ocr_carea' id='block_1_116' title="bbox 2210 4271 3784 4345">
    <p class='ocr_par' dir='ltr' id='par_1_116' title="bbox 2210 4271 3784 4345">
     <span class='ocr_line' id='line_1_116' title="bbox 2210 4271 3784 4345; baseline -0.003 -16"><span class='ocrx_word' id='word_1_933' title='bbox 2210 4274 2432 4345; x_wconf 89' lang='grc' dir='ltr'>πλῆθος)</span> <span class='ocrx_word' id='word_1_934' title='bbox 2458 4313 2473 4338; x_wconf 95' lang='grc'>,</span> <span class='ocrx_word' id='word_1_935' title='bbox 2503 4271 2556 4325; x_wconf 91' lang='grc' dir='ltr'>τί</span> <span class='ocrx_word' id='word_1_936' title='bbox 2607 4273 2707 4343; x_wconf 83' lang='grc' dir='ltr'>οὐχ</span> <span class='ocrx_word' id='word_1_937' title='bbox 2749 4272 3154 4342; x_wconf 77' lang='grc' dir='ltr'>ὑποστήσεταις</span> <span class='ocrx_word' id='word_1_938' title='bbox 3192 4272 3246 4325; x_wconf 90' lang='grc' dir='ltr'>τί</span> <span class='ocrx_word' id='word_1_939' title='bbox 3277 4271 3335 4325; x_wconf 86' lang='grc' dir='ltr'>δέ</span> <span class='ocrx_word' id='word_1_940' title='bbox 3355 4272 3453 4343; x_wconf 83' lang='grc' dir='ltr'>οὐχ</span> <span class='ocrx_word' id='word_1_941' title='bbox 3485 4273 3784 4342; x_wconf 74' lang='grc' dir='ltr'>ὑπομενεῖς</span> 
     </span>
    </p>
   </div>
   <div class='ocr_carea' id='block_1_117' title="bbox 2210 4354 3791 4429">
    <p class='ocr_par' dir='ltr' id='par_1_117' title="bbox 2210 4354 3791 4429">
     <span class='ocr_line' id='line_1_117' title="bbox 2210 4354 3791 4429; baseline -0.002 -18"><span class='ocrx_word' id='word_1_942' title='bbox 2210 4357 2419 4429; x_wconf 80' lang='grc' dir='ltr'>Πολλὴν</span> <span class='ocrx_word' id='word_1_943' title='bbox 2461 4355 2693 4427; x_wconf 82' lang='grc' dir='ltr'>λήψεσθε</span> <span class='ocrx_word' id='word_1_944' title='bbox 2728 4354 2880 4427; x_wconf 79' lang='grc' dir='ltr'>παρὰ</span> <span class='ocrx_word' id='word_1_945' title='bbox 2919 4355 3013 4408; x_wconf 85' lang='grc' dir='ltr'>τοῦ</span> <span class='ocrx_word' id='word_1_946' title='bbox 3051 4354 3187 4408; x_wconf 88' lang='grc' dir='ltr'>Θεοῦ</span> <span class='ocrx_word' id='word_1_947' title='bbox 3225 4356 3325 4427; x_wconf 79' lang='grc' dir='ltr'>τὴν</span> <span class='ocrx_word' id='word_1_948' title='bbox 3366 4355 3655 4428; x_wconf 86' lang='grc' dir='ltr'>βοήθειαν.</span> <span class='ocrx_word' id='word_1_949' title='bbox 3691 4356 3791 4408; x_wconf 82' lang='grc' dir='ltr'>ἐὰν</span> 
     </span>
    </p>
   </div>
   <div class='ocr_carea' id='block_1_118' title="bbox 2208 4434 3787 4513">
    <p class='ocr_par' dir='ltr' id='par_1_118' title="bbox 2208 4434 3787 4513">
     <span class='ocr_line' id='line_1_118' title="bbox 2208 4434 3787 4513; baseline -0.004 -16"><span class='ocrx_word' id='word_1_950' title='bbox 2208 4442 2367 4497; x_wconf 90' lang='grc' dir='ltr'>τοῦτο</span> <span class='ocrx_word' id='word_1_951' title='bbox 2393 4442 2520 4513; x_wconf 88' lang='grc' dir='ltr'>ύμῖν</span> <span class='ocrx_word' id='word_1_952' title='bbox 2538 4439 2970 4511; x_wconf 88' lang='grc' dir='ltr'>κατωρθωμένον</span> <span class='ocrx_word' id='word_1_953' title='bbox 3088 4441 3183 4493; x_wconf 79' lang='grc' dir='ltr'>Ἂν</span> <span class='ocrx_word' id='word_1_954' title='bbox 3201 4441 3365 4504; x_wconf 77' lang='grc' dir='ltr'>εἴπω,</span> <span class='ocrx_word' id='word_1_955' title='bbox 3395 4440 3487 4512; x_wconf 78' lang='grc' dir='ltr'>Μὴ</span> <span class='ocrx_word' id='word_1_956' title='bbox 3533 4440 3787 4510; x_wconf 82' lang='grc' dir='ltr'>ὑϐρίσῃς,</span> 
     </span>
    </p>
   </div>
   <div class='ocr_carea' id='block_1_119' title="bbox 2210 4522 3789 4595">
    <p class='ocr_par' dir='ltr' id='par_1_119' title="bbox 2210 4522 3789 4595">
     <span class='ocr_line' id='line_1_119' title="bbox 2210 4522 3789 4595; baseline -0.003 -15"><span class='ocrx_word' id='word_1_957' title='bbox 2210 4525 2413 4588; x_wconf 80' lang='grc' dir='ltr'>εὐθέως</span> <span class='ocrx_word' id='word_1_958' title='bbox 2440 4524 2530 4578; x_wconf 84' lang='grc' dir='ltr'>τὸν</span> <span class='ocrx_word' id='word_1_959' title='bbox 2551 4523 2722 4595; x_wconf 91' lang='grc' dir='ltr'>θυμόν</span> <span class='ocrx_word' id='word_1_960' title='bbox 2756 4540 2845 4594; x_wconf 92' lang='grc' dir='ltr'>μοι</span> <span class='ocrx_word' id='word_1_961' title='bbox 2865 4523 3052 4594; x_wconf 88' lang='grc' dir='ltr'>φέρεις</span> <span class='ocrx_word' id='word_1_962' title='bbox 3084 4525 3162 4585; x_wconf 86' lang='grc' dir='ltr'>εἰς</span> <span class='ocrx_word' id='word_1_963' title='bbox 3198 4522 3362 4592; x_wconf 91' lang='grc' dir='ltr'>μέσον</span> <span class='ocrx_word' id='word_1_964' title='bbox 3386 4537 3400 4552; x_wconf 68' lang='grc' dir='ltr'>θ</span> <span class='ocrx_word' id='word_1_965' title='bbox 3423 4522 3490 4576; x_wconf 82' lang='grc' dir='ltr'>ἂν</span> <span class='ocrx_word' id='word_1_966' title='bbox 3510 4524 3666 4586; x_wconf 76' lang='grc' dir='ltr'>εἴπω,</span> <span class='ocrx_word' id='word_1_967' title='bbox 3694 4523 3789 4592; x_wconf 75' lang='grc' dir='ltr'>Μὴ</span> 
     </span>
    </p>
   </div>
   <div class='ocr_carea' id='block_1_120' title="bbox 2213 4601 3790 4681">
    <p class='ocr_par' dir='ltr' id='par_1_120' title="bbox 2213 4601 3790 4681">
     <span class='ocr_line' id='line_1_120' title="bbox 2213 4601 3790 4681; baseline -0.003 -18"><span class='ocrx_word' id='word_1_968' title='bbox 2213 4609 2509 4681; x_wconf 80' lang='grc' dir='ltr'>βασκήνῃς,</span> <span class='ocrx_word' id='word_1_969' title='bbox 2546 4606 2712 4677; x_wconf 78' lang='grc' dir='ltr'>ἄλλην</span> <span class='ocrx_word' id='word_1_970' title='bbox 2740 4605 2920 4659; x_wconf 80' lang='grc' dir='ltr'>αἰτίαν</span> <span class='ocrx_word' id='word_1_971' title='bbox 2952 4607 3117 4676; x_wconf 90' lang='grc' dir='ltr'>ἐρεῖς.</span> <span class='ocrx_word' id='word_1_972' title='bbox 3153 4601 3419 4659; x_wconf 83' lang='grc' dir='ltr'>Ἐνταῦθα</span> <span class='ocrx_word' id='word_1_973' title='bbox 3446 4606 3597 4659; x_wconf 71' lang='grc' dir='ltr'>οὐδὲν</span> <span class='ocrx_word' id='word_1_974' title='bbox 3616 4605 3790 4658; x_wconf 86' lang='grc' dir='ltr'>τοιοῦ-</span> 
     </span>
    </p>
   </div>
   <div class='ocr_carea' id='block_1_121' title="bbox 2210 4687 3786 4762">
    <p class='ocr_par' dir='ltr' id='par_1_121' title="bbox 2210 4687 3786 4762">
     <span class='ocr_line' id='line_1_121' title="bbox 2210 4687 3786 4762; baseline -0.003 -16"><span class='ocrx_word' id='word_1_975' title='bbox 2210 4709 2301 4746; x_wconf 82' lang='grc' dir='ltr'>τον</span> <span class='ocrx_word' id='word_1_976' title='bbox 2342 4692 2486 4762; x_wconf 80' lang='grc' dir='ltr'>ἔχεις</span> <span class='ocrx_word' id='word_1_977' title='bbox 2525 4692 2720 4746; x_wconf 87' lang='grc' dir='ltr'>εἰπεῖν.</span> <span class='ocrx_word' id='word_1_978' title='bbox 2758 4689 2857 4744; x_wconf 73' lang='grc' dir='ltr'>Διὰ</span> <span class='ocrx_word' id='word_1_979' title='bbox 2883 4688 3043 4743; x_wconf 90' lang='grc' dir='ltr'>τοῦτο</span> <span class='ocrx_word' id='word_1_980' title='bbox 3077 4687 3187 4742; x_wconf 85' lang='grc' dir='ltr'>ἀπὸ</span> <span class='ocrx_word' id='word_1_981' title='bbox 3213 4688 3321 4741; x_wconf 85' lang='grc' dir='ltr'>τῶν</span> <span class='ocrx_word' id='word_1_982' title='bbox 3354 4688 3588 4743; x_wconf 86' lang='grc' dir='ltr'>εύκόλων</span> <span class='ocrx_word' id='word_1_983' title='bbox 3614 4687 3786 4760; x_wconf 80' lang='grc' dir='ltr'>ἠρξά-</span> 
     </span>
    </p>
   </div>
   <div class='ocr_carea' id='block_1_122' title="bbox 2214 4775 3791 4851">
    <p class='ocr_par' dir='ltr' id='par_1_122' title="bbox 2214 4775 3791 4851">
     <span class='ocr_line' id='line_1_122' title="bbox 2214 4775 3791 4851; baseline -0.002 -18"><span class='ocrx_word' id='word_1_984' title='bbox 2214 4798 2341 4851; x_wconf 90' lang='grc' dir='ltr'>μην,</span> <span class='ocrx_word' id='word_1_985' title='bbox 2370 4780 2492 4833; x_wconf 71' lang='grc' dir='ltr'>ἐπεὶ</span> <span class='ocrx_word' id='word_1_986' title='bbox 2512 4779 2606 4833; x_wconf 71' lang='grc' dir='ltr'>καὶ</span> <span class='ocrx_word' id='word_1_987' title='bbox 2633 4778 2692 4831; x_wconf 87' lang='grc' dir='ltr'>ἐν</span> <span class='ocrx_word' id='word_1_988' title='bbox 2717 4780 2838 4842; x_wconf 88' lang='grc' dir='ltr'>ταῖς</span> <span class='ocrx_word' id='word_1_989' title='bbox 2866 4778 3081 4848; x_wconf 88' lang='grc' dir='ltr'>τέχναις</span> <span class='ocrx_word' id='word_1_990' title='bbox 3104 4776 3340 4840; x_wconf 87' lang='grc' dir='ltr'>άπάσαις</span> <span class='ocrx_word' id='word_1_991' title='bbox 3370 4776 3431 4830; x_wconf 88' lang='grc' dir='ltr'>τὸ</span> <span class='ocrx_word' id='word_1_992' title='bbox 3458 4775 3590 4830; x_wconf 77' lang='grc' dir='ltr'>αὐτὸ</span> <span class='ocrx_word' id='word_1_993' title='bbox 3603 4777 3791 4830; x_wconf 75' lang='grc' dir='ltr'>ποιοῦο</span> 
     </span>
    </p>
   </div>
   <div class='ocr_carea' id='block_1_123' title="bbox 2215 4858 3791 4931">
    <p class='ocr_par' dir='ltr' id='par_1_123' title="bbox 2215 4858 3791 4931">
     <span class='ocr_line' id='line_1_123' title="bbox 2215 4858 3791 4931; baseline -0.004 -13"><span class='ocrx_word' id='word_1_994' title='bbox 2215 4882 2318 4919; x_wconf 89' lang='grc' dir='ltr'>σιν.</span> <span class='ocrx_word' id='word_1_995' title='bbox 2344 4863 2500 4918; x_wconf 78' lang='grc' dir='ltr'>Οὕτω</span> <span class='ocrx_word' id='word_1_996' title='bbox 2522 4880 2605 4928; x_wconf 89' lang='grc' dir='ltr'>τις</span> <span class='ocrx_word' id='word_1_997' title='bbox 2634 4862 2729 4916; x_wconf 74' lang='grc' dir='ltr'>καὶ</span> <span class='ocrx_word' id='word_1_998' title='bbox 2751 4864 2844 4915; x_wconf 78' lang='grc' dir='ltr'>ἐπὶ</span> <span class='ocrx_word' id='word_1_999' title='bbox 2865 4861 2934 4915; x_wconf 76' lang='grc' dir='ltr'>τὰ</span> <span class='ocrx_word' id='word_1_1000' title='bbox 2953 4858 3176 4931; x_wconf 81' lang='grc' dir='ltr'>μείζονα</span> <span class='ocrx_word' id='word_1_1001' title='bbox 3196 4859 3435 4931; x_wconf 75' lang='grc' dir='ltr'>ἔρχεται,</span> <span class='ocrx_word' id='word_1_1002' title='bbox 3461 4860 3529 4913; x_wconf 72' lang='grc' dir='ltr'>τά</span> <span class='ocrx_word' id='word_1_1003' title='bbox 3556 4859 3791 4913; x_wconf 78' lang='grc' dir='ltr'>εὐκολώ-</span> 
     </span>
    </p>
   </div>
   <div class='ocr_carea' id='block_1_124' title="bbox 2211 4943 3791 5021">
    <p class='ocr_par' dir='ltr' id='par_1_124' title="bbox 2211 4943 3791 5021">
     <span class='ocr_line' id='line_1_124' title="bbox 2211 4943 3791 5021; baseline -0.002 -20"><span class='ocrx_word' id='word_1_1004' title='bbox 2211 4965 2344 5021; x_wconf 87' lang='grc' dir='ltr'>τερα</span> <span class='ocrx_word' id='word_1_1005' title='bbox 2372 4946 2550 5017; x_wconf 86' lang='grc' dir='ltr'>πολλῴ</span> <span class='ocrx_word' id='word_1_1006' title='bbox 2581 4946 2836 5017; x_wconf 75' lang='grc' dir='ltr'>πρῶτονὶι</span> <span class='ocrx_word' id='word_1_1007' title='bbox 2879 4944 3184 5015; x_wconf 90' lang='grc' dir='ltr'>μανθάνων.</span> <span class='ocrx_word' id='word_1_1008' title='bbox 3214 4944 3462 5007; x_wconf 81' lang='grc' dir='ltr'>Είσεσθε,</span> <span class='ocrx_word' id='word_1_1009' title='bbox 3500 4943 3619 5007; x_wconf 87' lang='grc' dir='ltr'>πῶς</span> <span class='ocrx_word' id='word_1_1010' title='bbox 3644 4944 3791 4998; x_wconf 78' lang='grc' dir='ltr'>ἔστιν</span> 
     </span>
    </p>
   </div>
   <div class='ocr_carea' id='block_1_125' title="bbox 2212 5026 3788 5099">
    <p class='ocr_par' dir='ltr' id='par_1_125' title="bbox 2212 5026 3788 5099">
     <span class='ocr_line' id='line_1_125' title="bbox 2212 5026 3788 5099; baseline -0.003 -15"><span class='ocrx_word' id='word_1_1011' title='bbox 2212 5030 2431 5084; x_wconf 81' lang='grc' dir='ltr'>εὔκολον</span> <span class='ocrx_word' id='word_1_1012' title='bbox 2458 5029 2641 5092; x_wconf 89' lang='grc' dir='ltr'>τοῦτο,</span> <span class='ocrx_word' id='word_1_1013' title='bbox 2673 5030 2801 5083; x_wconf 84' lang='grc' dir='ltr'>ὅταν</span> <span class='ocrx_word' id='word_1_1014' title='bbox 2843 5031 2910 5099; x_wconf 79' lang='grc' dir='ltr'>τῇ</span> <span class='ocrx_word' id='word_1_1015' title='bbox 2943 5027 3036 5080; x_wconf 92' lang='grc' dir='ltr'>τοῦ</span> <span class='ocrx_word' id='word_1_1016' title='bbox 3086 5026 3221 5079; x_wconf 84' lang='grc' dir='ltr'>Θεοῦ</span> <span class='ocrx_word' id='word_1_1017' title='bbox 3276 5027 3459 5097; x_wconf 84' lang='grc' dir='ltr'>χάριτι</span> <span class='ocrx_word' id='word_1_1018' title='bbox 3506 5026 3788 5097; x_wconf 79' lang='grc' dir='ltr'>κατορθώο</span> 
     </span>
    </p>
   </div>
   <div class='ocr_carea' id='block_1_126' title="bbox 2214 5109 3789 5183">
    <p class='ocr_par' dir='ltr' id='par_1_126' title="bbox 2214 5109 3789 5183">
     <span class='ocr_line' id='line_1_126' title="bbox 2214 5109 3789 5183; baseline -0.003 -16"><span class='ocrx_word' id='word_1_1019' title='bbox 2214 5131 2405 5177; x_wconf 87' lang='grc' dir='ltr'>σαντες</span> <span class='ocrx_word' id='word_1_1020' title='bbox 2424 5154 2438 5177; x_wconf 94' lang='grc'>,</span> <span class='ocrx_word' id='word_1_1021' title='bbox 2464 5114 2557 5167; x_wconf 70' lang='grc' dir='ltr'>καὶ</span> <span class='ocrx_word' id='word_1_1022' title='bbox 2587 5113 2773 5183; x_wconf 72' lang='grc' dir='ltr'>ἕτερον</span> <span class='ocrx_word' id='word_1_1023' title='bbox 2806 5111 3031 5182; x_wconf 84' lang='grc' dir='ltr'>δέξησθε</span> <span class='ocrx_word' id='word_1_1024' title='bbox 3057 5109 3240 5180; x_wconf 90' lang='grc' dir='ltr'>νόμον.</span> <span class='ocrx_word' id='word_1_1025' title='bbox 3272 5110 3401 5163; x_wconf 87' lang='grc' dir='ltr'>Δότε</span> <span class='ocrx_word' id='word_1_1026' title='bbox 3437 5128 3526 5180; x_wconf 92' lang='grc' dir='ltr'>μοι</span> <span class='ocrx_word' id='word_1_1027' title='bbox 3566 5112 3789 5181; x_wconf 76' lang='grc' dir='ltr'>παρρηο</span> 
     </span>
    </p>
   </div>
   <div class='ocr_carea' id='block_1_127' title="bbox 2214 5193 3788 5266">
    <p class='ocr_par' dir='ltr' id='par_1_127' title="bbox 2214 5193 3788 5266">
     <span class='ocr_line' id='line_1_127' title="bbox 2214 5193 3788 5266; baseline -0.004 -14"><span class='ocrx_word' id='word_1_1028' title='bbox 2214 5199 2356 5261; x_wconf 91' lang='grc' dir='ltr'>σίαν,</span> <span class='ocrx_word' id='word_1_1029' title='bbox 2380 5198 2473 5251; x_wconf 73' lang='grc' dir='ltr'>καί⁸</span> <span class='ocrx_word' id='word_1_1030' title='bbox 2496 5196 2590 5249; x_wconf 67' lang='grc' dir='ltr'>ἐπὶ</span> <span class='ocrx_word' id='word_1_1031' title='bbox 2629 5196 2916 5266; x_wconf 83' lang='grc' dir='ltr'>Ἑλλήνων,</span> <span class='ocrx_word' id='word_1_1032' title='bbox 2950 5196 3045 5248; x_wconf 75' lang='grc' dir='ltr'>καὶ</span> <span class='ocrx_word' id='word_1_1033' title='bbox 3074 5194 3167 5246; x_wconf 75' lang='grc' dir='ltr'>ἐπὶ</span> <span class='ocrx_word' id='word_1_1034' title='bbox 3209 5193 3480 5247; x_wconf 89' lang='grc' dir='ltr'>Ἰουδαίων</span> <span class='ocrx_word' id='word_1_1035' title='bbox 3502 5236 3517 5260; x_wconf 91' lang='grc'>,</span> <span class='ocrx_word' id='word_1_1036' title='bbox 3554 5194 3648 5247; x_wconf 78' lang='grc' dir='ltr'>καί</span> <span class='ocrx_word' id='word_1_1037' title='bbox 3680 5193 3788 5265; x_wconf 88' lang='grc' dir='ltr'>πρὸ</span> 
     </span>
    </p>
   </div>
   <div class='ocr_carea' id='block_1_128' title="bbox 2214 5277 3790 5351">
    <p class='ocr_par' dir='ltr' id='par_1_128' title="bbox 2214 5277 3790 5351">
     <span class='ocr_line' id='line_1_128' title="bbox 2214 5277 3790 5351; baseline -0.009 -14"><span class='ocrx_word' id='word_1_1038' title='bbox 2214 5282 2433 5339; x_wconf 89' lang='grc' dir='ltr'>πάντων</span> <span class='ocrx_word' id='word_1_1039' title='bbox 2461 5282 2554 5335; x_wconf 61' lang='grc' dir='ltr'>ἐπὶ⁸</span> <span class='ocrx_word' id='word_1_1040' title='bbox 2580 5280 2676 5334; x_wconf 91' lang='grc' dir='ltr'>τοῦ</span> <span class='ocrx_word' id='word_1_1041' title='bbox 2701 5279 2857 5333; x_wconf 87' lang='grc' dir='ltr'>Θεοῦ.</span> <span class='ocrx_word' id='word_1_1042' title='bbox 2884 5279 2991 5332; x_wconf 77' lang='grc' dir='ltr'>Ναὶ</span> <span class='ocrx_word' id='word_1_1043' title='bbox 3017 5278 3321 5351; x_wconf 86' lang='grc' dir='ltr'>παρακαλῶ</span> <span class='ocrx_word' id='word_1_1044' title='bbox 3353 5277 3489 5349; x_wconf 86' lang='grc' dir='ltr'>πρὸς</span> <span class='ocrx_word' id='word_1_1045' title='bbox 3514 5278 3614 5348; x_wconf 85' lang='grc' dir='ltr'>τῆς</span> <span class='ocrx_word' id='word_1_1046' title='bbox 3649 5278 3790 5345; x_wconf 78' lang='grc' dir='ltr'>ἀγά-</span> 
     </span>
    </p>
   </div>
   <div class='ocr_carea' id='block_1_129' title="bbox 2213 5358 3786 5439">
    <p class='ocr_par' dir='ltr' id='par_1_129' title="bbox 2213 5358 3786 5439">
     <span class='ocr_line' id='line_1_129' title="bbox 2213 5358 3786 5439; baseline -0.004 -18"><span class='ocrx_word' id='word_1_1047' title='bbox 2213 5385 2342 5439; x_wconf 86' lang='grc' dir='ltr'>πης,</span> <span class='ocrx_word' id='word_1_1048' title='bbox 2368 5366 2503 5437; x_wconf 86' lang='grc' dir='ltr'>πρὸς</span> <span class='ocrx_word' id='word_1_1049' title='bbox 2525 5365 2625 5435; x_wconf 89' lang='grc' dir='ltr'>τῆς</span> <span class='ocrx_word' id='word_1_1050' title='bbox 2647 5364 2852 5428; x_wconf 86' lang='grc' dir='ltr'>ὠδῖνος,</span> <span class='ocrx_word' id='word_1_1051' title='bbox 2874 5364 2942 5417; x_wconf 86' lang='grc' dir='ltr'>δι’</span> <span class='ocrx_word' id='word_1_1052' title='bbox 2958 5358 3023 5435; x_wconf 85' lang='grc' dir='ltr'>ἦς</span> <span class='ocrx_word' id='word_1_1053' title='bbox 3049 5364 3193 5435; x_wconf 82' lang='grc' dir='ltr'>ὑμᾶς</span> <span class='ocrx_word' id='word_1_1054' title='bbox 3212 5362 3393 5428; x_wconf 82' lang='grc' dir='ltr'>ῶδινα,</span> <span class='ocrx_word' id='word_1_1055' title='bbox 3420 5362 3631 5416; x_wconf 79' lang='grc' dir='ltr'>Τεκνία</span> <span class='ocrx_word' id='word_1_1056' title='bbox 3648 5379 3786 5430; x_wconf 83' lang='grc' dir='ltr'>μου.</span> 
     </span>
    </p>
   </div>
   <div class='ocr_carea' id='block_1_130' title="bbox 2214 5444 3789 5519">
    <p class='ocr_par' dir='ltr' id='par_1_130' title="bbox 2214 5444 3789 5519">
     <span class='ocr_line' id='line_1_130' title="bbox 2214 5444 3789 5519; baseline -0.005 -13"><span class='ocrx_word' id='word_1_1057' title='bbox 2214 5452 2287 5506; x_wconf 88' lang='grc' dir='ltr'>Τὸ</span> <span class='ocrx_word' id='word_1_1058' title='bbox 2313 5452 2369 5505; x_wconf 88' lang='grc' dir='ltr'>δέ</span> <span class='ocrx_word' id='word_1_1059' title='bbox 2401 5450 2528 5519; x_wconf 75' lang='grc' dir='ltr'>ἐξῆς</span> <span class='ocrx_word' id='word_1_1060' title='bbox 2556 5449 2654 5502; x_wconf 81' lang='grc' dir='ltr'>οὑκ</span> <span class='ocrx_word' id='word_1_1061' title='bbox 2676 5448 2860 5512; x_wconf 81' lang='grc' dir='ltr'>ἐπάξω</span> <span class='ocrx_word' id='word_1_1062' title='bbox 2895 5449 2976 5513; x_wconf 86' lang='grc' dir='ltr'>τὸ,</span> <span class='ocrx_word' id='word_1_1063' title='bbox 3013 5446 3129 5513; x_wconf 83' lang='grc' dir='ltr'>Οὓς</span> <span class='ocrx_word' id='word_1_1064' title='bbox 3160 5444 3348 5514; x_wconf 54' lang='grc' dir='ltr'>πάλιν</span> <span class='ocrx_word' id='word_1_1065' title='bbox 3386 5445 3575 5499; x_wconf 82' lang='grc' dir='ltr'>ὠδίνω</span> <span class='ocrx_word' id='word_1_1066' title='bbox 3601 5462 3616 5477; x_wconf 78' lang='grc' dir='ltr'><strong><em>ο</em></strong></span> <span class='ocrx_word' id='word_1_1067' title='bbox 3664 5445 3789 5499; x_wconf 83' lang='grc' dir='ltr'>ούδέ</span> 
     </span>
    </p>
   </div>
   <div class='ocr_carea' id='block_1_131' title="bbox 2215 5528 3790 5609">
    <p class='ocr_par' dir='ltr' id='par_1_131' title="bbox 2215 5528 3790 5609">
     <span class='ocr_line' id='line_1_131' title="bbox 2215 5528 3790 5609; baseline -0.006 -19"><span class='ocrx_word' id='word_1_1068' title='bbox 2215 5535 2327 5609; x_wconf 88' lang='grc' dir='ltr'>ἐρῶ</span> <span class='ocrx_word' id='word_1_1069' title='bbox 2357 5535 2438 5599; x_wconf 87' lang='grc' dir='ltr'>τὸ,</span> <span class='ocrx_word' id='word_1_1070' title='bbox 2468 5536 2674 5604; x_wconf 83' lang='grc' dir='ltr'>Ἀχρις</span> <span class='ocrx_word' id='word_1_1071' title='bbox 2692 5528 2763 5588; x_wconf 84' lang='grc' dir='ltr'>οὗ</span> <span class='ocrx_word' id='word_1_1072' title='bbox 2793 5530 3079 5601; x_wconf 70' lang='grc' dir='ltr'>μορφωθῇ</span> <span class='ocrx_word' id='word_1_1073' title='bbox 3108 5531 3358 5600; x_wconf 81' lang='grc' dir='ltr'>Χριστὸς</span> <span class='ocrx_word' id='word_1_1074' title='bbox 3402 5530 3471 5584; x_wconf 77' lang='grc' dir='ltr'>ἐν</span> <span class='ocrx_word' id='word_1_1075' title='bbox 3499 5528 3659 5597; x_wconf 76' lang='grc' dir='ltr'>ὑμῖν.</span> <span class='ocrx_word' id='word_1_1076' title='bbox 3690 5530 3790 5581; x_wconf 84' lang='grc' dir='ltr'>Πι-</span> 
     </span>
    </p>
   </div>
   <div class='ocr_carea' id='block_1_132' title="bbox 2218 5611 3787 5687">
    <p class='ocr_par' dir='ltr' id='par_1_132' title="bbox 2218 5611 3787 5687">
     <span class='ocr_line' id='line_1_132' title="bbox 2218 5611 3787 5687; baseline -0.006 -14"><span class='ocrx_word' id='word_1_1077' title='bbox 2218 5619 2392 5673; x_wconf 84' lang='grc' dir='ltr'>στεύω</span> <span class='ocrx_word' id='word_1_1078' title='bbox 2425 5618 2564 5687; x_wconf 86' lang='grc' dir='ltr'>γὰρ,</span> <span class='ocrx_word' id='word_1_1079' title='bbox 2598 5616 2680 5670; x_wconf 86' lang='grc' dir='ltr'>δτι</span> <span class='ocrx_word' id='word_1_1080' title='bbox 2718 5615 3076 5687; x_wconf 89' lang='grc' dir='ltr'>μεμόρφωται</span> <span class='ocrx_word' id='word_1_1081' title='bbox 3120 5612 3355 5684; x_wconf 88' lang='grc' dir='ltr'>Χριστὸς</span> <span class='ocrx_word' id='word_1_1082' title='bbox 3392 5614 3448 5666; x_wconf 89' lang='grc' dir='ltr'>ἐν</span> <span class='ocrx_word' id='word_1_1083' title='bbox 3476 5613 3622 5682; x_wconf 80' lang='grc' dir='ltr'>ὑμῖν.</span> <span class='ocrx_word' id='word_1_1084' title='bbox 3641 5611 3787 5665; x_wconf 83' lang='grc' dir='ltr'>Ἀλλ’</span> 
     </span>
    </p>
   </div>
   <div class='ocr_carea' id='block_1_133' title="bbox 2216 5699 3786 5779">
    <p class='ocr_par' dir='ltr' id='par_1_133' title="bbox 2216 5699 3786 5779">
     <span class='ocr_line' id='line_1_133' title="bbox 2216 5699 3786 5779; baseline -0.006 -16"><span class='ocrx_word' id='word_1_1085' title='bbox 2216 5709 2380 5779; x_wconf 74' lang='grc' dir='ltr'>ἕτερα</span> <span class='ocrx_word' id='word_1_1086' title='bbox 2407 5707 2542 5779; x_wconf 82' lang='grc' dir='ltr'>πρὸς</span> <span class='ocrx_word' id='word_1_1087' title='bbox 2569 5706 2711 5777; x_wconf 79' lang='grc' dir='ltr'>ὑμᾶς</span> <span class='ocrx_word' id='word_1_1088' title='bbox 2744 5705 2854 5777; x_wconf 80' lang='grc' dir='ltr'>ἐρῶ</span> <span class='ocrx_word' id='word_1_1089' title='bbox 2873 5720 2888 5735; x_wconf 76' lang='grc'><strong>⁸</strong></span> <span class='ocrx_word' id='word_1_1090' title='bbox 2931 5703 3204 5773; x_wconf 59' lang='grc' dir='ltr'>Ἀδελφοί</span> <span class='ocrx_word' id='word_1_1091' title='bbox 3221 5721 3341 5773; x_wconf 83' lang='grc' dir='ltr'>μου</span> <span class='ocrx_word' id='word_1_1092' title='bbox 3365 5702 3656 5772; x_wconf 77' lang='grc' dir='ltr'>ἀγαπητοί</span> <span class='ocrx_word' id='word_1_1093' title='bbox 3684 5699 3786 5754; x_wconf 72' lang='grc' dir='ltr'>καὶ</span> 
     </span>
    </p>
   </div>
   <div class='ocr_carea' id='block_1_134' title="bbox 2271 5836 3789 5912">
    <p class='ocr_par' dir='ltr' id='par_1_134' title="bbox 2271 5836 3789 5912">
     <span class='ocr_line' id='line_1_134' title="bbox 2271 5836 3789 5912; baseline -0.006 -11"><span class='ocrx_word' id='word_1_1094' title='bbox 2271 5855 2297 5884; x_wconf 79' lang='grc'><strong><em>⁸</em></strong></span> <span class='ocrx_word' id='word_1_1095' title='bbox 2333 5853 2465 5901; x_wconf 66' lang='lat' dir='ltr'>Idem</span> <span class='ocrx_word' id='word_1_1096' title='bbox 2497 5854 2577 5899; x_wconf 82' lang='grc' dir='ltr'>καὶ</span> <span class='ocrx_word' id='word_1_1097' title='bbox 2610 5851 2839 5912; x_wconf 80' lang='grc' dir='ltr'>ποιοῦμαι</span> <span class='ocrx_word' id='word_1_1098' title='bbox 2881 5850 3089 5905; x_wconf 71' lang='grc' dir='ltr'>ἐξέτασιν</span> <span class='ocrx_word' id='word_1_1099' title='bbox 3132 5846 3266 5912; x_wconf 31' lang='grc' dir='ltr'>τοῦν</span> <span class='ocrx_word' id='word_1_1100' title='bbox 3298 5848 3348 5912; x_wconf 24' lang='grc' dir='ltr'>μί</span> <span class='ocrx_word' id='word_1_1101' title='bbox 3388 5847 3521 5912; x_wconf 65' lang='lat' dir='ltr'>[dem</span> <span class='ocrx_word' id='word_1_1102' title='bbox 3546 5836 3789 5912; x_wconf 78' lang='grc' dir='ltr'>διαϐόλου</span> 
     </span>
    </p>
   </div>
   <div class='ocr_carea' id='block_1_135' title="bbox 2222 5909 3717 5978">
    <p class='ocr_par' dir='ltr' id='par_1_135' title="bbox 2222 5909 3717 5978">
     <span class='ocr_line' id='line_1_135' title="bbox 2222 5909 3717 5978; baseline -0.007 -15"><span class='ocrx_word' id='word_1_1103' title='bbox 2222 5916 2465 5978; x_wconf 69' lang='grc' dir='ltr'>κεφαλῆς..</span> <span class='ocrx_word' id='word_1_1104' title='bbox 2508 5916 2533 5954; x_wconf 76' lang='grc' dir='ltr'><strong>ε</strong></span> <span class='ocrx_word' id='word_1_1105' title='bbox 2578 5913 2673 5963; x_wconf 69' lang='lat' dir='ltr'>Alii</span> <span class='ocrx_word' id='word_1_1106' title='bbox 2715 5909 2881 5962; x_wconf 77' lang='grc' dir='ltr'>ἐκεῖνοι</span> <span class='ocrx_word' id='word_1_1107' title='bbox 2923 5912 3073 5971; x_wconf 79' lang='grc' dir='ltr'>μόνοι.</span> <span class='ocrx_word' id='word_1_1108' title='bbox 3141 5910 3169 5948; x_wconf 70' lang='grc' dir='ltr'>ιι</span> <span class='ocrx_word' id='word_1_1109' title='bbox 3213 5909 3310 5961; x_wconf 75' lang='lat' dir='ltr'><strong>Alii</strong></span> <span class='ocrx_word' id='word_1_1110' title='bbox 3334 5910 3497 5970; x_wconf 86' lang='grc' dir='ltr'>πολλῷ</span> <span class='ocrx_word' id='word_1_1111' title='bbox 3537 5910 3717 5970; x_wconf 80' lang='grc' dir='ltr'>πρῶτα.</span> 
     </span>
    </p>
   </div>
  </div>
