3978 6488
188 456 252 516 91
1177 444 1240 499 ιι(
1278 444 1458 500 ACTA
1496 397 1771 497 Aposrm

1878 439 2014 497 lUM.
2055 439 2285 498 IIOMIL.
2327 439 2416 498 XI.
3366 446 3436 504 93

185 574 489 643 giebantur;
523 566 615 621 sed
646 563 710 618 ad
739 562 902 634 pedes
937 559 1261 624 afferehant,
1292 569 1346 612 et
1373 557 1492 611 illos
1532 554 1752 624 dispen-

184 676 388 719 satores
434 676 553 716 esse
605 659 879 725 sinebant,
933 654 1281 721 dominosque
1323 649 1642 712 reddebant;
1698 655 1756 699 ut

183 756 329 824 quasi
381 768 450 808 ex
496 749 870 805 communibus
899 745 1152 813 deinceps
1197 745 1617 805 insumerentur,
1648 753 1755 791 non

181 849 327 917 quasi
365 862 430 900 ex
484 843 731 913 pr0priis.
767 839 900 894 llinc
942 847 1116 892 autem
1165 835 1343 898 ﬁebat,
1393 843 1450 886 ut
1492 847 1592 886 non
1624 845 1756 883 vana

179 939 344 1007 gloria
374 935 783 990 extollerentur.
816 930 927 983 Hoc
954 928 996 980 si
1029 941 1168 980 nunc
1195 938 1409 994 quoque
1441 925 1612 984 fieret,
1637 935 1759 973 cum

182 1031 382 1097 majore
409 1028 709 1080 viveremus
740 1022 1010 1090 voluptate
1039 1029 1092 1073 et
1134 1017 1323 1072 divites
1358 1025 1412 1070 et
1452 1025 1712 1083 pauperes
1739 1027 1755 1066 :

183 1139 276 1177 nec
321 1121 580 1190 majorem
634 1115 958 1187 pauperibus
981 1155 996 1178 ,
1030 1127 1184 1180 quam
1211 1109 1459 1165 divitibus
1483 1107 1586 1159 hoc
1612 1104 1761 1158 volu-

182 1224 378 1283 ptatem
418 1211 653 1265 afferret.
689 1209 754 1261 Et
784 1207 827 1260 si
859 1207 1049 1275 placet,
1079 1202 1182 1257 hoc
1207 1214 1456 1257 sermone
1481 1196 1759 1252 describa-

181 1320 320 1368 mus,
353 1313 410 1357 et
434 1301 560 1355 hinc
587 1300 912 1366 voluptatem
937 1295 1315 1363 decerpamus,
1343 1289 1554 1361 quando
1581 1288 1760 1358 operi-

177 1395 275 1450 bus
300 1410 410 1448 non
429 1392 604 1445 vultis.
635 1389 861 1443 Maxime
888 1396 1064 1442 autem
1087 1401 1152 1440 ex
1180 1384 1283 1438 illis
1298 1381 1630 1436 manifestum
1655 1389 1759 1446 est,

177 1504 298 1558 qua:
329 1496 461 1541 tunc
490 1485 624 1538 facta
654 1490 806 1546 sunt;
837 1480 958 1551 quia
1006 1477 1295 1533 vendentes
1328 1491 1433 1530 non
1464 1473 1617 1546 egeni
1661 1474 1760 1528 ﬁe-

177 1580 332 1647 bant,
364 1578 460 1632 sed
491 1587 545 1630 et
573 1589 831 1644 pauperes
859 1571 1051 1625 divites
1074 1568 1386 1624 reddebant.

249 1663 690 1735 Constantinopoli
725 1673 842 1733 quot
881 1679 1016 1732 opes,
1046 1669 1262 1732 quantus
1289 1659 1466 1728 populi
1504 1671 1759 1710 numerus.

175 1794 249 1806 -—
277 1763 546 1816 Cancrum
571 1758 672 1812 hoc
698 1771 838 1810 nunc
864 1768 1111 1809 sermone
1139 1751 1502 1806 describamus
1534 1766 1546 1801 :
1575 1761 1763 1802 omnes

175 1870 271 1908 sua
316 1852 496 1905 omnia
527 1849 756 1904 vendant
801 1855 854 1901 et
884 1845 934 1899 in
967 1843 1198 1899 medium
1227 1841 1489 1907 afferant,
1517 1853 1764 1894 sermone

175 1947 345 2001 dico:
381 1959 540 1998 nemo
586 1941 829 1995 turbetur
873 1951 1043 2007 neque
1090 1935 1278 1997 dives,
1322 1947 1493 2002 neque
1539 1946 1759 2001 pauper.

177 2036 449 2102 Quantum
481 2043 638 2105 putas
667 2016 780 2084 auri
814 2028 1096 2084 collectum
1148 2025 1254 2080 iri?
1302 2025 1415 2095 Ego
1454 2040 1583 2079 sane
1629 2037 1763 2077 con-

177 2131 302 2202 jicio
334 2130 353 2200 (
383 2143 556 2196 neque
585 2124 726 2179 enim
757 2122 811 2177 id
838 2129 984 2176 certo
1011 2118 1113 2174 dici
1138 2117 1352 2189 potest)
1382 2158 1395 2182 ,
1420 2117 1462 2170 si
1494 2116 1683 2185 singuli
1712 2121 1766 2167 et

179 2223 404 2293 singula:
433 2233 557 2273 suas
575 2229 764 2270 omnes
785 2213 871 2268 hic
893 2211 1141 2283 pecunias
1162 2216 1500 2273 evacuarent,
1523 2207 1566 2261 si
1586 2220 1760 2276 agros,

182 2311 573 2382 possessiones,
604 2307 792 2361 domos
824 2303 1093 2358 traderent
1119 2301 1328 2372 (servos
1360 2315 1465 2352 non
1511 2297 1758 2360 dixerim,

181 2418 356 2473 neque
381 2401 528 2456 enim
561 2410 686 2452 tunc
711 2405 884 2462 erant,
913 2393 1004 2449 sed
1049 2393 1275 2447 fortasse
1302 2389 1501 2444 liberos
1527 2389 1762 2443 dimitte-

182 2499 368 2565 bant);
411 2494 596 2547 forsan
637 2490 817 2545 decies
862 2497 1086 2542 centena
1141 2484 1307 2539 millia
1350 2483 1602 2537 librarum
1651 2480 1766 2535 auri

183 2592 676 2657 congregarentur;
721 2580 829 2634 imo
849 2585 904 2633 et
930 2576 1012 2632 bis
1042 2585 1189 2630 terve
1229 2574 1474 2644 amplius.
1507 2573 1599 2627 Dic
1623 2572 1766 2626 enim

187 2679 348 2742 mihi,
379 2676 573 2731 civitas
617 2683 800 2727 nostra
834 2677 1088 2740 quantum
1133 2667 1554 2737 promiscuorum
1593 2665 1766 2720 homio

190 2788 312 2827 num
337 2780 626 2824 numerum
645 2762 923 2818 continet?
948 2768 1078 2830 quot
1095 2759 1255 2813 vultis
1271 2772 1392 2812 esse
1411 2755 1768 2812 Christianos?

189 2863 414 2917 vultisne
438 2873 561 2913 esse
589 2863 805 2911 centum
834 2851 1015 2907 mille?
1045 2859 1273 2920 quantus
1314 2863 1568 2903 numerus
1593 2848 1767 2918 genti-

192 2954 311 3009 lium
333 2961 389 3006 et
416 2946 767 3005 Iudaeorum?
794 2952 924 3014 quot
952 2942 1120 2997 millia
1147 2941 1260 2994 auri
1290 2939 1768 3009 congregarentur?

197 3055 414 3116 quantus
443 3056 574 3096 vero
601 3050 683 3094 est
706 3050 996 3108 pauperum
1023 3032 1317 3087 numerus?
1346 3032 1460 3086 Neu
1494 3041 1624 3101 puto
1651 3046 1770 3086 esse

205 3154 352 3207 Supra
399 3132 790 3206 quinquaginta
820 3129 1007 3182 millia.
1041 3126 1150 3181 Hos
1176 3140 1302 3180 vero
1344 3125 1580 3192 quotidie
1605 3124 1765 3190 alere,

208 3240 384 3297 quanta
410 3225 565 3295 copia
599 3221 776 3277 foret?
800 3220 958 3275 Certe
987 3216 1256 3272 comnmni
1278 3215 1396 3269 cibo
1421 3223 1474 3270 et
1502 3215 1768 3268 communi

207 3336 371 3376 mensa
405 3319 537 3388 ipsis
579 3313 846 3384 apposita,
903 3324 1006 3364 non
1052 3316 1250 3361 tantam
1299 3312 1424 3374 puto
1477 3303 1768 3373 impensam

197 3415 322 3469 fore.
362 3409 502 3477 Quid
530 3421 680 3477 ergo,
733 3403 958 3471 inquies,
1003 3399 1190 3454 facturi
1219 3412 1456 3453 essemus
1490 3397 1770 3468 insumptis

194 3504 420 3574 opibus?
449 3501 604 3555 Tune
636 3504 787 3564 putas
839 3507 996 3564 posse
1035 3505 1284 3560 umquam
1322 3488 1562 3543 insumi?
1591 3502 1769 3543 annon

191 3597 381 3651 millies
411 3588 774 3647 abundantior
815 3585 982 3659 gratia
1020 3582 1113 3640 Dei
1139 3581 1326 3639 esset?
1352 3594 1530 3634 annon
1557 3580 1773 3650 largiter

187 3690 356 3759 gratia
388 3687 482 3740 Dei
518 3678 923 3738 effunderetur?
970 3675 1107 3744 Quid
1138 3674 1309 3730 vero?
1352 3688 1530 3728 annon
1577 3679 1771 3728 terram

187 3779 536 3834 efliceremus
565 3772 792 3827 caelum?
821 3770 874 3824 Si
907 3769 956 3822 id
989 3770 1039 3821 in
1077 3767 1244 3820 tribus
1269 3766 1507 3820 millibus
1535 3775 1588 3819 et
1614 3765 1772 3834 quin-

186 3888 296 3941 que
325 3869 566 3923 millibus
597 3867 667 3918 ita
696 3862 920 3926 refulsit,
951 3869 1004 3914 et
1033 3859 1207 3912 nullus
1237 3872 1422 3912 eorum
1449 3857 1516 3911 de
1546 3871 1773 3925 pauper-

187 3973 302 4017 tate
344 3967 679 4028 conquestus
722 3963 824 4019 est,
859 3961 1056 4022 quanto
1081 3950 1249 4019 magis
1274 3949 1327 4002 in
1361 3957 1502 4003 tanta
1534 3948 1774 4002 multitu-

182 4057 356 4110 dine?
389 4055 509 4124 quis
541 4053 704 4105 etiam
730 4057 1071 4101 externorum
1102 4059 1208 4097 non
1249 4042 1449 4111 aliquid
1483 4040 1777 4110 adjiceret?

186 4148 258 4204 Ut
279 4155 462 4203 autem
491 4141 793 4204 ostendam,
811 4138 888 4191 sic
903 4137 1181 4189 distractus
1197 4148 1327 4202 opes
1349 4133 1515 4202 magis
1527 4132 1772 4201 expendi,

181 4251 241 4295 et
270 4235 608 4308 paupertatis
650 4246 865 4286 causam
913 4243 1031 4284 esse
1059 4226 1131 4298 (α)
1160 4245 1172 4280 :
1198 4227 1267 4280 sit
1296 4227 1488 4280 domus
1511 4267 1527 4292 ,
1557 4227 1643 4280 ubi
1674 4227 1780 4280 sint

181 4331 348 4401 pueri
392 4329 586 4382 decem
628 4333 682 4378 et
708 4338 843 4376 uxor
869 4331 922 4374 et
951 4320 1060 4384 vir;
1090 4331 1144 4372 et
1171 4318 1260 4372 illa
1289 4316 1504 4387 quidem
1545 4316 1778 4372 lanificio

179 4421 497 4482 incumbat,
513 4417 604 4472 ille
617 4430 743 4468 vero
764 4412 972 4467 deforis
986 4419 1278 4484 proventus
1289 4408 1475 4462 afferat
1494 4424 1506 4460 :
1527 4407 1614 4462 die
1626 4408 1777 4473 mihi,

177 4532 251 4568 an
315 4512 392 4568 illi
447 4513 497 4566 in
543 4505 814 4561 communi
859 4505 1099 4556 viventes
1149 4511 1203 4554 et
1240 4501 1292 4553 in
1347 4515 1444 4552 una
1487 4499 1666 4564 domo,
1711 4515 1780 4554 an

175 4601 428 4672 dispersi
460 4601 578 4670 plus
623 4593 970 4665 impendant?
1002 4592 1182 4645 Palam
1223 4598 1306 4645 est
1334 4589 1476 4660 quod
1519 4589 1767 4659 dispersi.

178 4699 328 4752 Nam
362 4695 406 4748 si
437 4693 813 4760 dispergantur
839 4684 1027 4740 decem
1056 4683 1169 4747 ﬁlii,
1198 4681 1381 4735 decem
1409 4682 1654 4736 domibus
1679 4682 1782 4735 erit

173 4803 351 4858 opus,
391 4785 582 4838 decem
607 4778 807 4834 mensis
827 4817 843 4841 ,
871 4775 1055 4830 decem
1085 4773 1294 4831 famulis
1315 4812 1330 4837 ,
1377 4780 1679 4841 cmteroque
1706 4772 1780 4824 si-

175 4878 402 4933 militer
431 4880 709 4942 proventu.
738 4866 874 4938 Quid
905 4880 1052 4929 vero,
1082 4864 1170 4918 tibi
1199 4878 1472 4917 servorum
1499 4871 1580 4917 est
1609 4863 1785 4916 multi-

176 4969 372 5024 tudo?
420 4979 600 5020 nonne
631 4961 750 5016 ideo
779 4975 965 5014 omnes
1008 4957 1250 5014 eamdem
1282 4971 1518 5009 mensam
1554 4955 1781 5020 habent,

175 5081 248 5116 ne
285 5061 476 5128 major
502 5058 593 5110 ﬁat
620 5052 900 5122 impensa?
930 5050 1058 5104 Nam
1091 5049 1282 5102 divisio
1303 5063 1514 5116 semper
1541 5047 1788 5101 imminu-

174 5156 409 5208 tionem
447 5149 618 5218 parit;
659 5142 944 5198 concordia
983 5152 1037 5195 et
1064 5154 1393 5203 consensus,
1422 5147 1783 5208 augmentum.

173 5248 271 5300 Sic
305 5248 367 5298 in
403 5236 745 5295 monasteriis
773 5250 914 5288 nunc
943 5233 1133 5286 vivitur
1153 5272 1169 5298 ,
1200 5242 1255 5284 ut
1280 5231 1404 5284 olim
1434 5230 1615 5284 ﬁdeles
1642 5230 1787 5283 vive-

175 5341 343 5392 haut.
383 5332 520 5396 Quis
552 5330 692 5383 fame
718 5335 962 5379 mortuus
987 5323 1104 5377 est?
1133 5321 1250 5390 quis
1278 5337 1384 5375 non
1424 5321 1642 5388 copioso
1669 5322 1788 5375 cibo

177 5442 393 5500 pastus
425 5434 508 5478 est
528 5424 549 5475 ?
572 5421 722 5475 Nunc
750 5428 925 5476 tamen
957 5416 1060 5470 hoc
1103 5416 1269 5484 magis
1297 5413 1484 5470 timent
1509 5411 1750 5466 homines
1769 5452 1786 5477 ,

175 5538 362 5594 quam
403 5523 459 5571 in
491 5516 706 5586 pelagus
731 5514 1045 5567 immensum
1071 5507 1326 5562 incidere.
1354 5506 1407 5560 Si
1438 5515 1612 5559 autem
1636 5504 1792 5572 hujus

211 5661 295 5725 (α)
324 5668 459 5716 Quae
492 5655 556 5703 de
582 5651 889 5724 pauperibus
921 5643 1460 5725 Constantinopolitanis

489 5701 658 5764 Similia
687 5701 810 5760 'sunt
852 5712 911 5760 iis
934 5722 1046 5773 qua;
1067 5709 1130 5756 de
1154 5701 1450 5773 pauperibus
1474 5701 1796 5773 Antiochenis.

185 5763 590 5845 Eﬁ'é'ﬁiiérat
625 5773 834 5845 Humilia
867 5763 1008 5845 lxvi.
1035 5771 1084 5817 in
1128 5763 1424 5821 afattlizeum.
1448 5773 1592 5813 'romo
1625 5763 1793 5845 "an-tu

187 5824 448 5894 33:75:65
474 5824 634 5900 longe,
651 5838 882 5900 majorem
910 5832 1067 5900 fuisse
1103 5844 1368 5893 pauycrum
1402 5839 1654 5878 numerum
1679 5824 1796 5875 (lon—

183 5896 703 5972 stantiuupoiifjuam
729 5896 1020 5948 Antiochiae.

1864 552 1940 607 rei
1960 553 2249 622 periculum
2267 555 2599 623 fecissemus,
2614 570 2726 610 rem
2743 554 2992 613 audacter
3007 556 3435 629 aggrederemur.

1864 648 2123 717 Quantam
2153 660 2305 721 putas
2351 651 2495 706 illam
2534 665 2654 706 esse
2678 651 2949 721 gratiam?
2992 651 3048 706 Si
3095 653 3236 706 enim
3270 664 3396 706 tunc
3420 693 3436 715 .

1863 757 1983 796 cum
2012 744 2186 799 nullus
2216 759 2350 813 pene
2376 752 2517 798 esset
2543 742 2735 808 ﬁdelis,
2759 743 2853 797 sed
2881 743 3052 797 solum
3083 744 3181 796 tria
3209 752 3261 797 et
3287 745 3441 812 quin-

1864 849 1968 903 que
2001 835 2193 901 millia;
2231 850 2353 890 cum
2379 849 2600 900 omnes,
2629 838 2720 905 qui
2752 835 2803 888 in
2836 835 3035 889 mundo
3057 843 3229 898 erant,
3261 835 3440 887 hostes

1865 935 2084 990 essent;
2117 941 2237 980 cum
2269 941 2526 996 nusquam
2569 926 2986 980 consolationem
3031 936 3437 994 exspectarent,

1867 1031 1973 1075 tam
2002 1031 2221 1076 strenue
2253 1037 2364 1076 rem
2392 1021 2625 1091 aggressi
2657 1030 2782 1074 sunt
2811 1038 2823 1073 :
2852 1030 3052 1090 quanto
3075 1020 3243 1088 magis
3269 1035 3438 1084 nunc,

1865 1127 1987 1167 cum
2016 1128 2110 1182 per
2142 1113 2234 1168 Dei
2277 1113 2502 1182 gratiam
2527 1127 2621 1182 per
2645 1121 2812 1166 totum
2856 1113 3040 1167 orbem
3070 1111 3254 1166 ﬁdeles
3281 1112 3441 1166 sunt?

1865 1220 1984 1274 quS
2026 1205 2135 1274 jam
2181 1213 2487 1274 superesset
2535 1203 2786 1274 gentilis?
2825 1202 3047 1267 Nullus,
3093 1202 3323 1275 opinor;
3372 1205 3440 1257 ita

1867 1311 2055 1350 omnes
2087 1297 2493 1352 attraxissemus
2523 1304 2575 1350 et
2602 1295 2757 1350 nobis
2780 1295 3236 1349 conciliassenius.
3268 1295 3442 1349 Caete-

1867 1405 1984 1443 rum
2010 1389 2053 1442 si
2083 1388 2184 1442 hac
2213 1389 2294 1442 via
2342 1387 2745 1457 progrediamur
2767 1425 2784 1450 ,
2834 1401 2927 1455 per
2973 1386 3136 1441 Deum
3180 1400 3341 1456 spero
3367 1388 3445 1440 sic

1867 1494 1980 1533 rem
2010 1478 2236 1531 futuram
2264 1492 2402 1533 esse.
2435 1478 2812 1546 Obtemperate
2846 1475 2976 1530 mihi
3001 1484 3203 1530 tantum
3224 1518 3239 1540 ,
3272 1486 3324 1530 et
3351 1491 3446 1546 per

1867 1569 2107 1624 ordinem
2128 1585 2241 1625 rem
2269 1569 2401 1623 bene
2420 1583 2667 1638 geremus
2691 1582 2704 1620 :
2731 1579 2782 1622 et
2805 1568 2849 1622 si
2877 1567 3014 1622 Deus
3033 1567 3193 1621 vitam
3216 1567 3442 1634 dederit,

1867 1663 2030 1717 credo
2048 1663 2160 1718 fore
2185 1672 2240 1716 ut
2254 1664 2358 1717 cito
2376 1663 2426 1716 in
2446 1663 2579 1716 hanc
2596 1663 2716 1716 vita:
2734 1661 2992 1716 rationem
3011 1675 3108 1716 nos
3124 1661 3444 1732 ingeramus.

1939 1751 1993 1806 4.
2006 1749 2203 1808 Contra
2205 1752 2828 1822 juramenta.-—lnterim
2841 1757 3010 1828 legem
3034 1753 3102 1809 de
3140 1754 3446 1824 juramento

1869 1846 2085 1916 implete
2109 1861 2172 1900 ac
2200 1845 2424 1900 firmiter
2450 1855 2625 1901 tenete
2649 1863 2660 1898 :
2686 1855 2738 1900 et
2763 1846 2850 1915 qui
2879 1853 3075 1913 servat,
3100 1860 3203 1899 non
3230 1859 3448 1899 servan-

1870 1948 1974 1994 tem
2004 1938 2339 1993 manifestum
2367 1937 2543 2005 faciat,
2574 1938 2778 1992 incuset
2802 1937 3252 2007 vehementerque
3278 1933 3450 1990 incre-

1871 2039 1980 2101 pet.
2011 2030 2334 2085 Prmﬁnitum
2368 2031 2508 2085 enim
2539 2038 2748 2098 tempus
2774 2044 2939 2100 prope
2968 2037 3085 2096 est,
3115 2037 3169 2084 et
3207 2029 3279 2082 rei
3325 2044 3448 2097 per-

1869 2121 2206 2191 quisitionem
2251 2121 2474 2186 faciam,
2521 2120 3019 2190 deprehensumque
3058 2120 3347 2190 segregabo
3397 2129 3454 2175 et

1864 2212 2166 2267 excludam.
2202 2212 2353 2265 Absit
2383 2221 2560 2265 autem
2582 2253 2595 2276 ,
2624 2227 2691 2266 ne
2715 2213 2833 2280 quis
2863 2212 2982 2265 talis
3010 2210 3149 2281 apud
3175 2226 3275 2266 nos
3305 2212 3452 2265 inve-

1871 2304 2078 2368 niatur;
2108 2305 2200 2357 sed
2230 2319 2416 2357 omnes
2441 2313 2689 2358 accurate
2715 2303 2816 2357 hoc
2843 2313 3052 2372 pactum
3090 2313 3300 2358 servent
3343 2305 3454 2372 spi-

1871 2395 2081 2449 rituale.
2111 2395 2181 2451 Ut
2216 2397 2356 2450 enim
2388 2396 2439 2450 in
2481 2396 2621 2450 bello
2657 2411 2722 2450 ex
2762 2405 2961 2450 tessera
2989 2395 3375 2450 commilitones
3400 2404 3455 2451 et

1871 2487 1960 2540 alii
1988 2487 2388 2556 dignoscuutur,
2419 2488 2490 2541 ita
2533 2497 2588 2542 et
2631 2503 2771 2541 nunc
2810 2487 2921 2543 ﬁat.
2951 2488 3083 2542 Nam
3126 2496 3182 2543 et
3217 2503 3358 2544 nunc
3399 2489 3452 2542 in

1872 2577 2011 2632 bello
2032 2595 2231 2643 sumus,
2257 2589 2314 2633 ut
2334 2589 2386 2634 et
2403 2579 2593 2635 fratres
2606 2581 3240 2649 agnoscamus.Quantnm
3256 2580 3454 2635 bunum

1870 2677 1972 2726 erit
1999 2671 2153 2726 nobis
2180 2672 2280 2725 hoc
2306 2672 2638 2741 signaculum
2668 2681 2722 2726 et
2751 2672 2834 2728 hic
2865 2682 2920 2726 et
2968 2673 3018 2725 in
3046 2673 3221 2728 aliena
3256 2685 3394 2728 terra
3431 2675 3456 2729 ἲ

1871 2764 2045 2835 qualia
2073 2774 2196 2817 sunt
2232 2763 2346 2817 haec
2385 2778 2529 2816 arma
2569 2763 2824 2817 adversus
2861 2763 3055 2819 diaboli
3105 2765 3458 2820 machinas‘?

1872 2859 1944 2911 0s
1969 2858 2110 2910 enim
2127 2858 2311 2923 jurare
2338 2856 2600 2920 nesciens,
2624 2856 2732 2910 cito
2756 2857 2919 2911 Deum
2947 2857 2998 2910 in
3027 2857 3273 2926 precibus
3293 2869 3459 2913 attra-

1874 2952 1984 3014 het,
2007 2959 2060 3005 et
2075 2949 2216 3019 gravi
2242 2949 2391 3018 plaga
2412 2949 2679 3002 diabolum
2704 2947 2885 3004 feriet:
2913 2964 2971 3003 os
2987 2948 3170 3019 jurare
3189 2951 3454 3015 nesciens,

1875 3058 1971 3098 nec
1994 3041 2437 3096 contumeliosum
2467 3040 2588 3095 erit.
2621 3038 2691 3094 Ut
2720 3055 2783 3094 ex
2827 3039 3015 3105 domo,
3057 3041 3135 3095 sic
3175 3056 3240 3095 ex
3281 3041 3456 3110 lingua

1874 3133 2015 3186 hunc
2042 3133 2214 3203 ignem
2245 3131 2379 3198 ejice
2402 3172 2418 3197 ,
2462 3140 2515 3185 et
2559 3130 2699 3184 foras
2742 3131 2914 3185 trahe.
2949 3131 3021 3186 Da
3053 3132 3152 3201 ipsi
3183 3131 3374 3202 lingua:
3404 3143 3473 3195 ut,

1875 3227 2086 3294 paulum
2114 3224 2382 3292 respiret,
2430 3231 2484 3276 et
2511 3222 2662 3275 ulcus
2707 3221 2967 3277 inﬁrmius
3008 3223 3234 3278 reddito.
3282 3223 3456 3278 Etiam

1873 3317 2116 3381 obsecro,
2167 3325 2224 3368 ut
2271 3314 2431 3366 aliam
2472 3312 2621 3367 vobis
2665 3313 3000 3384 disciplinam
3039 3314 3240 3370 tradam
3286 3331 3300 3367 :
3336 3329 3460 3369 cum

1875 3409 2014 3462 enim
2043 3408 2141 3460 hoc
2163 3405 2395 3460 nondum
2417 3403 2756 3459 emendatum
2779 3405 2868 3468 sit,
2895 3421 3001 3460 non
3025 3406 3196 3460 ausim
3222 3405 3288 3460 ad
3312 3406 3457 3460 aliud

1875 3499 2077 3553 venire.
2106 3497 2219 3553 Hoc
2247 3512 2370 3552 cum
2397 3496 2667 3566 diligentia
2693 3510 2723 3548 a
2750 3495 2898 3549 vobis
2925 3495 3225 3566 corrigatur
3256 3513 3269 3549 :
3303 3496 3460 3566 hujus

1876 3593 2054 3662 operis
2083 3606 2297 3646 sensum
2326 3589 2585 3659 accipite,
2629 3596 2683 3642 et
2723 3597 2846 3641 tunc
2884 3586 3034 3640 vobis
3056 3588 3187 3642 alias
3215 3588 3459 3642 inducatn

1879 3684 2058 3754 leges;
2105 3683 2212 3736 imo
2253 3696 2357 3735 non
2396 3694 2530 3750 ego,
2571 3679 2666 3734 sed
2708 3678 2968 3733 Christus.
3015 3678 3126 3733 Hoc
3165 3679 3362 3735 bonum
3404 3679 3461 3734 in

1878 3777 2052 3829 anima
2082 3782 2258 3828 vestra
2290 3774 2543 3842 plantate,
2575 3781 2628 3825 et
2660 3771 2908 3839 paulatim
2948 3770 3220 3840 paradisus
3249 3772 3343 3825 Dei
3375 3771 3457 3828 ef-

1881 3868 2168 3932 ficiemini,
2216 3866 2386 3920 multo
2423 3864 2612 3918 melior
2657 3863 2750 3916 illo
2794 3863 2922 3916 olim
2968 3862 3235 3931 paradiso.
3279 3861 3461 3933 Neque

1882 3964 2022 4020 enim
2053 3961 2190 4032 apud
2219 3975 2316 4014 nos
2341 3973 2560 4028 serpens
2597 3965 2696 4022 est,
2739 3968 2908 4025 neque
2950 3955 3111 4010 arbor
3149 3957 3419 4011 mortifera
3441 3997 3458 4021 ,

1882 4071 2054 4124 neque
2082 4051 2222 4106 aliud
2251 4051 2443 4105 simile.
2485 4048 2658 4118 Figite
2686 4047 2739 4101 in
2784 4045 3044 4117 profundo
3075 4045 3211 4100 hanc
3235 4062 3463 4102 Consue-

1883 4146 2138 4200 tudinem.
2170 4142 2282 4196 Hoc
2307 4141 2350 4194 si
2379 4140 2470 4194 liat
2493 4179 2508 4203 ,
2553 4153 2658 4194 non
2701 4136 2854 4191 vobis
2882 4146 3084 4208 tantum
3111 4136 3464 4207 praesentibus

1883 4236 2142 4307 proderit,
2171 4232 2266 4288 sed
2291 4232 2451 4287 etiam
2479 4229 2724 4287 omnibus
2750 4228 2838 4298 qui
2869 4228 2920 4282 in
2950 4229 3080 4284 orbe
3101 4237 3255 4294 sunt;
3282 4237 3464 4285 etnon

1885 4329 1968 4383 his
1999 4335 2224 4390 tantum,
2257 4322 2350 4376 sed
2378 4331 2427 4375 et
2461 4321 2522 4374 iis
2553 4320 2638 4388 qui
2679 4329 2796 4388 p05t
2839 4317 3000 4372 futuri
3040 4327 3183 4372 sunt.
3229 4319 3468 4374 Consue-

1887 4419 2011 4475 tudo
2039 4431 2266 4486 namque
2295 4415 2432 4469 bona
2463 4413 2720 4481 ingressa,
2752 4418 2805 4466 et
2831 4409 2898 4464 ab
2927 4411 3176 4465 omnibus
3216 4421 3425 4466 servata
3445 4450 3464 4477 ,

1887 4514 1940 4569 in
1969 4512 2125 4581 longa
2157 4507 2401 4562 transibit
2437 4515 2696 4573 tempora,
2730 4512 2784 4557 et
2829 4501 3026 4560 nullum
3060 4502 3227 4571 ipsam
3260 4512 3468 4572 tempus

1887 4603 2197 4661 exscindere
2224 4598 2438 4670 poterit.
2471 4597 2528 4651 Si
2558 4597 2622 4658 is,
2652 4595 2741 4665 qui
2772 4595 2910 4664 ligna
2939 4594 3221 4664 colligebat
3249 4594 3302 4648 in
3344 4594 3467 4649 sab-

1887 4696 2031 4758 bato,
2062 4691 2322 4762 lapidatus
2349 4690 2446 4743 fuit
2489 4686 2692 4758 (Num.
2726 4686 2814 4742 15.
2847 4685 2947 4754 55)
2978 4704 2991 4739 :
3037 4687 3124 4755 qui
3154 4685 3468 4746 collectione

1889 4789 1978 4844 illa
2004 4786 2160 4855 longe
2185 4783 2428 4854 graviora
2455 4779 2715 4844 admittit,
2760 4787 2813 4832 et
2841 4787 3175 4847 peccatorum
3203 4779 3466 4834 sarcinam

1889 4879 2093 4949 colligit
2144 4876 2276 4948 (hoc
2314 4875 2458 4929 enim
2498 4881 2582 4927 est
2622 4872 3040 4940 juramentorum
3088 4868 3468 4942 frequentia),

1890 4974 2018 5046 quid
2045 4988 2148 5026 non
2179 4969 2411 5025 subibit?
2436 4965 2563 5036 quid
2593 4980 2696 5018 non
2727 4960 2989 5032 patietur?
3019 4961 3266 5031 Magnum
3296 4977 3324 5015 a
3358 4963 3470 5018 Deo

1892 5064 2161 5134 accipietis
2185 5061 2461 5122 auxilium,
2490 5057 2532 5110 si
2561 5055 2663 5108 hoc
2692 5050 3040 5122 perfeceritis.
3069 5052 3123 5107 Si
3153 5050 3351 5118 dicam,
3392 5053 3471 5109 Ne

1893 5156 2210 5214 contumelia
2241 5152 2459 5215 afﬁcias,
2509 5147 2686 5203 statim
2716 5144 2844 5199 mihi
2875 5144 3107 5200 furorem
3138 5144 3192 5200 in
3234 5144 3469 5202 medium

1894 5252 2050 5305 affers
2079 5267 2092 5304 :
2116 5247 2160 5300 si
2189 5247 2380 5308 dicam,
2409 5241 2483 5296 Ne
2511 5238 2765 5304 invideas,
2791 5238 2946 5292 aliam
2969 5253 3182 5294 causam
3209 5238 3470 5309 proferes.

1897 5345 1994 5400 llic
2022 5357 2148 5397 vero
2176 5338 2306 5393 nihil
2352 5335 2457 5389 tale
2496 5332 2659 5387 habes
2687 5331 2990 5386 dicendum.
3022 5331 3146 5387 Ideo
3174 5347 3204 5385 a
3235 5332 3473 5388 facilibus

1897 5435 2034 5503 ccepi
2061 5476 2075 5501 ,
2118 5431 2242 5502 quia
2285 5429 2340 5482 in
2384 5425 2588 5481 artibus
2629 5423 2875 5479 omnibus
2921 5424 2998 5478 sic
3036 5423 3153 5478 ﬁeri
3197 5425 3351 5478 solet.
3383 5423 3476 5478 Sic

1898 5529 2019 5598 quis
2043 5524 2109 5579 ad
2139 5521 2339 5591 majora
2365 5517 2622 5588 procedit,
2655 5531 2778 5572 cum
2803 5517 2950 5586 prius
2990 5516 3224 5572 faciliora
3267 5516 3470 5570 didicit.

1899 5619 2088 5675 Scietis
2117 5629 2272 5685 quam
2302 5613 2372 5667 sit
2399 5612 2500 5665 hoc
2539 5610 2687 5664 facile
2706 5651 2722 5675 ,
2767 5609 2981 5679 quando
3011 5624 3084 5663 re.
3106 5623 3202 5677 per
3233 5608 3322 5662 Dei
3348 5622 3474 5678 gra-

1903 5711 2028 5765 tiam
2060 5706 2320 5779 perfecta,
2351 5705 2504 5758 aliam
2531 5701 2844 5772 acceperitis
2869 5702 3058 5772 legem.
3086 5700 3219 5756 Date
3243 5699 3369 5754 mihi
3395 5699 3476 5760 lo-

1969 5885 1986 5917 ι
2037 5882 2089 5933 lu
2157 5897 2254 5932 uno
2321 5881 2527 5944 legitur,
2546 5880 2774 5932 adversus
2811 5878 3166 5943 diubolicaput.
