3978 6516
466 403 537 462 ου
592 450 601 458 .
1180 390 1242 447 S.
1281 383 1557 446 JOANNIS
1591 377 2067 439 CllliYSOSTOMi
2108 372 2425 434 ARCIIIEP.
2468 371 2997 429 COXSTANTINOP.

2160 495 2276 558 stis,
2308 492 2410 546 illis
2435 490 2590 561 longe
2612 488 2903 559 graviores,
2933 485 3022 555 qui
3052 492 3233 537 contra
3278 482 3447 537 malus
3474 483 3750 537 daemonas

2160 595 2214 641 et
2240 584 2444 638 feroces
2471 577 2852 651 pugnaveritis,
2880 592 2986 629 non
3013 574 3207 645 gladio,
3234 572 3327 627 sed
3354 573 3529 641 lingua
3555 582 3607 625 et
3636 588 3753 641 pro.

460 518 658 593 quendi
686 515 966 580 ﬁduciam,
995 523 1255 568 etcoram
1296 504 1585 578 gentilibus
1630 509 1686 555 et
1728 514 1909 554 coram
1954 496 2051 551 Ju-

462 591 612 676 daais,
646 621 723 677 ct,
756 608 895 680 quod
926 616 1050 663 ante
1076 602 1253 657 omnia
1298 608 1380 653 est
1406 639 1419 660 ,
1466 610 1648 651 coram
1696 594 1829 648 Deo.
1884 591 2056 645 Etiam

463 707 690 760 obsecro
722 720 818 774 per
843 702 1151 763 caritatem,
1192 709 1284 763 per
1310 690 1547 744 dolorem
1581 695 1764 757 partus
1784 727 1799 750 ,
1830 699 1937 754 quo
1964 698 2058 737 vos

466 796 757 869 parturivi,
807 792 984 847 Filioli
1026 789 1140 842 mei.
1187 783 1340 851 Quod
1371 781 1611 851 sequitur
1668 793 1771 831 non
1825 775 2056 839 addam,

471 888 610 954 Quos
647 888 828 942 iterum
860 881 1122 953 parturio;
1151 891 1325 945 neque
1352 874 1524 928 dicam
1546 913 1561 935 ,
1605 871 1777 924 Donec
1819 872 2064 940 formetur

471 979 701 1035 Christus
726 979 778 1032 in
805 976 941 1030 vobis
996 971 1137 1044 (Gal.
1165 971 1216 1024 ι.
1246 968 1367 1037 ω).
1396 965 1573 1021 Credo
1599 964 1762 1025 enim,
1791 960 2060 1016 Christum

473 1074 527 1127 in
563 1072 713 1125 vobis
741 1070 1024 1123 formatum
1054 1078 1198 1119 esse.
1227 1060 1333 1116 Sed
1361 1060 1461 1113 alia
1492 1057 1645 1110 vobis
1669 1055 1844 1109 dicam
1878 1070 1890 1106 :
1926 1052 2061 1105 Fra-

471 1175 574 1219 tres
617 1163 714 1217 mei
752 1160 924 1218 dilecti
959 1168 1009 1212 et
1046 1155 1349 1214 desiderati.
1394 1151 1636 1224 gaudium
1668 1158 1713 1203 et
1741 1162 1927 1201 corona
1955 1159 2066 1197 inea

474 1253 746 1325 (Philipp.
776 1253 829 1308 4.
861 1250 953 1322 1).
981 1248 1199 1305 Credite
1230 1244 1393 1310 mibi,
1433 1258 1520 1297 me
1563 1257 1667 1294 non
1704 1239 1859 1293 aliter
1897 1237 2068 1290 dictu-

474 1363 592 1401 rum
622 1360 763 1401 esse.
797 1344 853 1399 Si
878 1343 1001 1413 quis
1030 1339 1177 1395 mille
1202 1350 1431 1415 coronas
1457 1334 1628 1404 regias
1656 1329 1883 1402 gemmis
1911 1344 2069 1382 orna-

475 1447 557 1492 tas
580 1438 740 1508 capiti
770 1452 890 1491 meo
919 1449 1058 1488 nunc
1083 1432 1403 1500 imponeret,
1432 1442 1538 1480 non
1570 1426 1637 1477 ita
1666 1421 1951 1494 gauderem
1970 1461 1984 1485 ,
2012 1427 2070 1472 ut

473 1530 680 1601 gaudeo
711 1530 763 1585 in
792 1527 1030 1599 profectu
1058 1532 1240 1579 vestro
1259 1522 1411 1589 ;_imo
1441 1533 1537 1571 nec
1565 1518 1734 1585 ipsum
1783 1512 2071 1581 Imperato-

474 1597 591 1675 rem
620 1621 691 1675 ita
735 1597 970 1690 gaudere
1014 1623 1162 1685 puto.
1192 1623 1253 1667 ut
1281 1627 1381 1681 ego
1407 1608 1475 1662 de
1504 1607 1652 1661 vobis
1678 1603 1904 1675 gaudeo.
1935 1597 2070 1667 Quid

485 1711 642 1766 dico?
673 1710 729 1766 Si
747 1707 994 1763 omnibus
1026 1704 1266 1759 adversis
1293 1700 1539 1772 gentibus
1573 1694 1885 1765 expugnatis
1906 1692 2074 1745 victor

488 1801 720 1863 rediret,
767 1814 832 1854 ac
877 1807 1071 1868 praeter
1092 1795 1303 1849 solitam
1348 1805 1602 1846 coronam
1631 1787 1763 1840 alias
1808 1784 2075 1852 acciperet

476 1908 713 1949 coronas
729 1902 785 1947 et
803 1889 1101 1946 diademata
1121 1886 1358 1940 victoriae
1395 1880 1635 1954 symbola
1656 1919 1671 1944 ,
1704 1893 1807 1931 non
1862 1884 1987 1942 puto
2014 1872 2074 1925 il-

483 1989 597 2043 lum
625 1985 691 2040 de
718 1981 1021 2053 troptcisita
1038 1980 1342 2050 gavisurum
1364 1989 1511 2037 esse,
1532 1982 1588 2026 ut
1614 1987 1715 2039 ego
1742 1970 1807 2024 de
1836 1967 2074 2037 proiectu

482 2088 667 2135 vestro
682 2076 908 2148 gaudeo.
934 2073 1065 2129 Nam
1096 2073 1166 2126 ita
1188 2069 1422 2132 exsulto,
1450 2082 1512 2120 ac
1528 2065 1570 2120 si
1595 2064 1739 2117 mille
1751 2074 1975 2115 coronas
1997 2072 2079 2111 ea.

486 2172 594 2243 pite
609 2180 874 2242 gestarem
897 2185 912 2233 ;
942 2182 1004 2220 ac
1027 2165 1147 2235 jure
1179 2163 1393 2217 merito.
1411 2158 1543 2213 Nam
1564 2159 1605 2212 si
1631 2172 1726 2226 per
1745 2155 1836 2208 Dei
1855 2153 2076 2216 gratiam

487 2262 630 2317 hunc
671 2274 876 2315 morem
906 2254 1263 2324 asseqnamini
1286 2293 1301 2317 ,
1330 2259 1615 2305 sexcentos
1655 2248 1835 2299 hostes
1862 2257 2081 2311 supcra-

3645 367 3748 427 1'30

2163 678 2356 748 posito.
2393 674 2576 727 Videte
2603 685 2831 739 namque
2858 684 3015 738 quam
3044 667 3181 721 bene
3210 679 3321 719 rem
3350 664 3623 734 gesseritis
3645 704 3659 727 ,
3705 662 3750 715 si

2164 772 2268 824 hoc
2308 768 2613 837 perﬁciatis.
2656 764 2834 819 Primo
2870 776 3085 832 gravem
3125 756 3563 813 consuetudinem
3610 759 3754 810 etei.

2160 860 2347 925 distis;
2377 856 2610 912 secundo
2634 855 2825 908 malam
2852 852 3249 921 cogitationem,
3277 849 3418 903 unde
3443 848 3619 901 omnia
3650 862 3754 899 ma-

2166 953 2213 1006 ia
2236 994 2249 1017 ,
2280 964 2471 1019 nempe
2497 947 2636 1018 quod
2680 945 2874 1015 putetis
2912 959 3026 998 rem
3066 957 3187 997 esse
3229 940 3615 994 indilferentem
3658 952 3759 991 nec

2167 1042 2415 1104 noxiam;
2470 1039 2629 1093 tertio
2677 1038 2950 1100 furorem,
3004 1043 3194 1103 quarto
3243 1032 3521 1085 avaritiam
3573 1048 3589 1085 :
3643 1029 3759 1083 hau:

2167 1135 2363 1203 quippe
2388 1130 2565 1186 omnia
2595 1128 2764 1199 gignit
2785 1127 3172 1196 juramentum.
3203 1124 3314 1178 imo
3341 1138 3404 1177 ex
3437 1124 3537 1176 hoc
3562 1122 3625 1175 ad
3654 1122 3759 1174 alia

2167 1226 2303 1280 bona
2325 1238 2485 1293 opera
2514 1236 2758 1291 magnam
2781 1218 3116 1273 occasionem
3145 1215 3439 1285 accipietis.
3464 1215 3592 1269 Nam
3621 1216 3761 1267 sicut

2171 1320 2278 1385 illi,
2307 1319 2395 1389 qui
2422 1318 2685 1372 elementa
2714 1313 2932 1383 puerilia
2962 1312 3204 1375 discunt,
3250 1326 3355 1363 non
3396 1310 3481 1363 illa
3527 1311 3634 1361 sola
3680 1308 3762 1361 di-

2171 1421 2356 1472 scunt,
2396 1411 2487 1465 sed
2531 1425 2625 1480 per
2664 1409 2751 1461 illa
2793 1406 3042 1476 paulatim
3082 1405 3145 1457 ad
3176 1403 3452 1472 legendum
3484 1403 3765 1455 instituun-

2173 1513 2298 1558 tur:
2344 1504 2422 1557 sic
2461 1512 2515 1556 et
2553 1500 2704 1555 vobis
2746 1498 2951 1553 accidet
3000 1514 3014 1549 :
3063 1512 3169 1551 non
3212 1496 3349 1549 ultra
3393 1511 3487 1549 vos
3531 1494 3766 1562 decipiet

2174 1596 2311 1649 mala
2338 1592 2610 1662 cogitatio,
2640 1606 2813 1659 neque
2838 1588 3028 1644 dicetis
3051 1603 3160 1642 rem
3189 1602 3309 1642 esse
3333 1586 3719 1640 intliﬂ‘ereutetu
3746 1603 3763 1651 ;

2176 1704 2278 1741 non
2308 1688 2441 1741 ultra
2481 1700 2547 1740 ex
2585 1683 2971 1740 consuetudine
3008 1680 3331 1751 loquemini,
3374 1679 3467 1734 sed
3506 1678 3765 1733 adversus

2175 1782 2351 1835 omnia
2395 1780 2599 1835 fortiter
2630 1778 2858 1842 stabitis,
2891 1785 2947 1829 nt
2975 1791 3070 1844 per
3095 1772 3274 1827 omnia
3301 1772 3549 1826 virtutem
3576 1787 3769 1825 serun-

2176 1875 2301 1927 dum
2331 1873 2495 1926 Deum
2526 1870 2693 1934 nacti,
2737 1868 2952 1923 alternis
2991 1866 3146 1921 bonis
3184 1863 3463 1929 l'ruamini,
3504 1864 3667 1932 gratia
3710 1871 3768 1916 ct

2178 1964 2502 2036 benignitate
2527 1962 2781 2033 unigeniti
2811 1961 2929 2014 Filii
2955 1960 3101 2027 ejus,
3132 1958 3343 2027 quicum
3385 1957 3525 2010 Patri
3556 1966 3609 2009 et
3651 1955 3770 2022 Spi-

2179 2061 2302 2114 ritui
2325 2068 2510 2112 sancto
2529 2056 2716 2126 gloria.
2738 2052 3042 2122 imperium,
3071 2051 3265 2117 honor,
3294 2064 3432 2104 nunc
3451 2058 3505 2102 et
3527 2062 3765 2116 semper,

2179 2162 2235 2207 et
2264 2154 2315 2205 in
2343 2150 2538 2205 saecula
2561 2146 2903 2203 seculorum.
2931 2144 3126 2199 Amen.

489 2358 3765 2413 _________________________.___________________

1802 2450 2150 2514 HOMILIA
2194 2446 2339 2508 XII.

485 2610 619 2666 Car.
661 2609 715 2662 ι.
780 2622 834 2659 v.
880 2605 969 2660 56.
1011 2603 1202 2670 Ioseph
1230 2613 1431 2665 autem,
1465 2602 1550 2671 qui
1579 2598 1957 2668 cognominatus
2004 2602 2073 2647 est

566 2699 827 2755 Barnabas
853 2698 915 2751 ab
941 2696 1181 2762 apostolis
1200 2693 1222 2765 (
1238 2693 1374 2763 quod
1402 2703 1474 2745 est
1500 2692 1878 2760 interpretatum
1900 2727 1912 2749 ,
1942 2684 2079 2754 filius

565 2790 968 2858 consolationis),
992 2787 1219 2849 Levites,
1250 2785 1469 2855 Cyprius
1495 2797 1703 2854 genere,
1732 2781 1821 2835 '57.
1850 2796 1962 2833 cum
1993 2779 2085 2831 lia-

566 2882 699 2936 beret
719 2896 919 2951 agrum,
946 2876 1163 2931 vendidit
1185 2892 1318 2940 cura,
1338 2884 1386 2929 et
1406 2873 1574 2928 attulit
1594 2873 1829 2943 pretium,
1855 2879 1900 2924 et
1920 2869 2086 2941 posuit

530 3012 535 3015 -
569 2985 685 3030 ante
713 2973 864 3045 pedes
885 2972 1251 3041 apostolorum.

571 3069 626 3124 1.
664 3067 985 3123 Narraturus
1014 3062 1081 3118 de
1109 3062 1314 3115 Anania
1343 3068 1399 3116 et
1432 3058 1693 3129 Sapphira
1713 3098 1728 3122 ,
1757 3066 1816 3111 ut
1842 3054 2088 3111 ostendat

498 3159 649 3217 illum
683 3158 736 3213 in
767 3155 1054 3212 maximum
1087 3161 1357 3222 peccatum
1395 3150 1678 3215 incidisse,
1708 3148 1854 3218 prius
1878 3160 2086 3201 memo-

500 3261 588 3309 rat
610 3265 732 3307 eum
758 3287 774 3311 .
800 3247 889 3318 qui
920 3255 1066 3301 recte
1094 3258 1153 3299 se
1181 3251 1423 3313 gesserat
1449 3257 1465 3298 ;
1494 3241 1614 3311 quia
1645 3254 1766 3295 cum
1799 3248 1975 3292 tantus
2003 3251 2089 3291 es-

502 3353 587 3399 set
627 3354 881 3395 numerus
917 3351 1105 3391 eorum
1131 3376 1147 3401 ,
1175 3334 1263 3404 qui
1306 3334 1379 3387 ita
1419 3332 1694 3394 fecerant,
1725 3338 1868 3384 tanta
1897 3328 2086 3399 gratia,

501 3444 646 3490 tanta
676 3433 848 3502 signa,
875 3445 905 3484 a
934 3428 1081 3483 nullo
1106 3426 1297 3480 borum
1325 3423 1640 3479 emendatus
1663 3463 1679 3488 ,
1706 3420 1801 3475 sed
1831 3419 1998 3475 semel
2022 3418 2089 3473 ab

500 3524 722 3581 avaritia
750 3527 1074 3582 excaecatus,
1097 3516 1390 3587 perniciem
1404 3512 1566 3576 capiti
1584 3528 1679 3567 suo
1704 3513 1936 3566 attraxit.
1964 3509 2091 3566 Cum

506 3618 707 3671 haberet
735 3628 912 3684 agrum
937 3626 956 3674 ;
986 3611 1063 3664 sic
1091 3608 1300 3678 inquit,
1326 3616 1387 3661 ut
1413 3604 1720 3660 ostenderet
1750 3603 1893 3657 hunc
1919 3602 2091 3658 solum

505 3709 606 3780 ipsi
640 3707 839 3766 fuisse;
882 3700 1103 3756 vendidit
1131 3709 1177 3752 et
1207 3697 1377 3751 attulit
1416 3697 1662 3764 pretium,
1696 3704 1741 3749 et
1775 3696 1939 3765 posuit
1979 3703 2097 3746 ante

506 3798 658 3871 pedes
685 3793 1046 3865 apostolorum.
1079 3792 1130 3844 1.
1171 3787 1262 3842 Vir
1290 3797 1456 3840 autem
1481 3786 1687 3857 quidam
1728 3786 1928 3839 noniine
1952 3784 2093 3837 Ana-

508 3893 644 3955 nias,
675 3904 789 3942 cum
819 3884 1081 3956 Sapphira
1111 3897 1268 3936 uxore
1294 3897 1387 3935 sua
1407 3921 1422 3946 ,
1450 3878 1669 3933 vendidit
1698 3878 2059 3948 possessionem
2081 3918 2094 3940 ,

508 3982 565 4038 2.
595 3990 641 4036 et
671 3977 923 4051 fraudavit
949 3974 1012 4027 de
1033 3974 1212 4042 pretio,
1244 3972 1445 4025 conscia
1468 3986 1626 4024 uxore
1650 3986 1779 4023 sua:
1809 3978 1855 4021 et
1882 3967 2100 4033 offerens

510 4082 707 4147 partem
734 4069 1005 4139 quamdam
1029 4109 1044 4134 ,
1071 4067 1139 4119 ad
1180 4065 1331 4137 pedes
1374 4064 1721 4136 apostolorum
1749 4063 1934 4131 posuit.
1969 4060 2099 4115 Illud

509 4180 674 4237 grave
698 4172 812 4217 erat
832 4203 848 4226 ,
876 4158 1020 4230 quod
1060 4166 1246 4212 mutuo
1271 4171 1535 4210 consensu
1568 4154 1670 4208 hoc
1703 4152 1940 4208 facerent
1980 4167 2101 4221 pec-

514 4252 867 4320 catum,nullo
892 4251 996 4304 alio
1021 4250 1260 4303 conscio.
1292 4244 1447 4303 Unde
1476 4246 1637 4300 subiit
1665 4245 1865 4301 misero
1893 4244 1994 4299 hoc
2020 4243 2103 4297 fa-

514 4346 683 4402 cere?
730 4345 783 4399 '5.
826 4341 967 4395 Dixit
1010 4350 1176 4393 autem
1220 4336 1403 4393 Petrus
1439 4354 1457 4391 :
1484 4336 1703 4400 Anania,
1747 4354 1839 4390 cur
1881 4336 2104 4406 implevit

520 4437 743 4494 Satanas
761 4449 849 4487 cor
873 4442 1035 4495 tuum,
1052 4430 1252 4484 mentiri
1275 4438 1321 4483 te
1346 4429 1566 4499 Spiritui
1588 4438 1783 4489 sancto,
1806 4438 1852 4482 et
1866 4428 2106 4499 fraudare

519 4531 583 4585 de
628 4529 787 4597 pretio
826 4525 978 4596 agri?
1016 4522 1150 4578 Vide
1179 4522 1338 4576 etiam
1377 4536 1519 4575 nunc
1558 4522 1765 4589 signum
1812 4536 2060 4592 magnum
2086 4563 2101 4587 ,

522 4621 799 4683 multoque
840 4615 1012 4685 majus
1042 4614 1239 4683 priore.
1268 4614 1321 4668 4.
1365 4611 1551 4666 Nonne
1579 4630 1785 4666 manens
1815 4614 1903 4667 tibi
1931 4631 2106 4668 mane-

523 4712 629 4766 bat:
654 4718 702 4763 et
726 4707 1081 4762 venumdatam
1104 4705 1159 4757 in
1185 4714 1271 4757 tua
1293 4712 1399 4756 erat
1434 4704 1712 4772 potestate?
1741 4704 1851 4759 Hoc
1876 4715 1958 4760 est
1980 4746 1996 4772 ,
2024 4709 2106 4760 An

523 4799 817 4858 necessitas
842 4807 898 4851 et
924 4794 1175 4850 violentia
1198 4793 1444 4865 quredam
1470 4798 1621 4850 erat?
1647 4812 1773 4849 num
1796 4812 1888 4851 vos
1917 4797 2108 4851 invitos

525 4890 831 4948 trahimus?
858 4887 1031 4953 Quare
1055 4886 1268 4957 posuisti
1292 4887 1343 4939 in
1369 4886 1520 4939 corde
1547 4897 1631 4939 tuo
1661 4887 1791 4940 hanc
1819 4890 1961 4941 rem?
1988 4888 2109 4943 Non

527 4999 581 5038 es
606 4981 836 5036 mentitus
862 4978 1166 5045 hominibus,
1193 4976 1281 5030 sed
1305 4976 1436 5031 Deo.
1460 4977 1513 5032 5.
1537 4978 1756 5031 Audiens
1784 4990 1949 5032 autent
1974 4982 2112 5034 Ana-

530 5074 643 5127 nias
667 5072 774 5125 hac
797 5070 963 5131 verba,
985 5070 1162 5123 cecidit
1182 5078 1228 5121 et
1255 5069 1547 5140 exspiravit.
1576 5069 1759 5124 Videu’
1779 5071 1916 5124 unde
1942 5073 2113 5141 majus

533 5167 742 5237 signum
772 5163 913 5216 hoc?
942 5162 1092 5230 Quod
1122 5162 1365 5226 occidat,
1398 5163 1538 5232 quod
1571 5178 1631 5216 ea
1656 5205 1671 5229 ,
1704 5180 1821 5233 quas
1854 5166 1903 5217 in
1936 5178 2114 5221 mente.

534 5266 588 5311 et
615 5270 734 5324 qua:
762 5253 900 5307 clam
937 5252 1071 5309 facta
1100 5263 1243 5315 sunt,
1273 5265 1459 5309 noscat
1480 5257 1518 5309 ί.
1557 5255 1622 5309 Et
1661 5261 1826 5328 factus
1861 5270 1932 5313 est
1967 5261 2116 5314 timor

536 5362 750 5417 magnus
791 5360 940 5412 super
976 5359 1148 5397 omnes
1185 5349 1273 5413 qui
1307 5347 1595 5403 audierant.
1629 5350 1680 5403 6.
1716 5350 1993 5422 Sargentes
2021 5372 2116 5407 au-

538 5453 635 5495 tem
662 5437 875 5507 juvenes
893 5476 909 5502 ,
941 5446 1228 5488 amoverant
1254 5452 1366 5488 eum
1385 5477 1400 5496 ,
1430 5449 1477 5489 et
1506 5440 1766 5505 efferentes
1796 5444 2115 5510 sepelierunt.

538 5527 591 5581 7.
627 5526 840 5581 Factum
877 5536 949 5581 est
976 5537 1145 5579 autem
1168 5528 1311 5592 quasi
1340 5528 1489 5579 trium
1518 5531 1753 5586 horarum
1788 5537 2004 5601 spatium
2027 5579 2041 5598 ,
2076 5548 2120 5590 et

540 5633 670 5673 uxor
693 5618 850 5689 ipsius
872 5658 888 5686 ,
916 5617 1141 5672 nesciens
1165 5620 1298 5686 quod
1336 5619 1529 5691 factum
1556 5626 1757 5691 fuerat,
1790 5628 2029 5682 introivit.
2067 5631 2120 5684 8.

610 5762 629 5795 ί
653 5760 778 5809 Tres
806 5774 921 5810 mss.
955 5759 1177 5821 habent.
1287 5773 1304 5821 ς
1332 5754 1595 5821 expiravit.
1623 5774 1639 5804 ι
1669 5760 1770 5806 Hoc
1796 5757 1981 5821 signum
2012 5770 2117 5821 ma-

544 5834 631 5886 Jus
651 5827 721 5891 est
744 5823 991 5891 sanatione
1010 5819 1198 5891 claudi,
1232 5817 1412 5891 scilicet
1441 5817 1672 5891 occidisse
1694 5826 1738 5870 et
1764 5834 1819 5872 ea
1841 5817 2117 5884 cognovisse

553 5881 663 5938 ante
684 5881 735 5935 in
750 5890 903 5936 mente
922 5882 1127 5936 latebant
1154 5890 1197 5934 ct
1220 5886 1342 5933 ctam
1361 5881 1489 5944 facta
1512 5888 1667 5931 erant.

2185 2589 2324 2641 Dixit
2349 2596 2514 2639 (uitem
2544 2587 2587 2640 ei
2624 2584 2809 2639 Petrus
2833 2601 2851 2639 :
2875 2584 2967 2638 Dic
2993 2585 3115 2637 milii
3163 2584 3207 2638 si
3236 2584 3363 2637 tanti
3391 2600 3568 2653 agrum
3596 2584 3770 2636 vendi-

2186 2678 2371 2731 distis?
2404 2678 2547 2731 Hanc
2574 2675 2778 2730 Volebat
2808 2691 3062 2733 servare:
3090 2676 3178 2729 ille
3208 2690 3435 2744 namque
3464 2677 3564 2726 duv
3599 2673 3772 2727 fuerat

2191 2772 2412 2841 peccati.
2446 2770 2514 2824 Et
2563 2770 2682 2824 ideo
2720 2769 2943 2824 fortasse
2977 2770 3068 2824 dat
3110 2769 3183 2823 illi
3231 2779 3438 2839 tempus
3476 2771 3539 2822 ad
3587 2770 3771 2823 defen-

2189 2865 2427 2929 sionem,
2476 2873 2530 2917 et
2574 2862 2900 2934 pamitentia:
2946 2863 3269 2917 facultatem.
3312 2862 3436 2916 Ideo
3480 2862 3640 2924 dicit,
3677 2861 3773 2914 Dic

2188 2958 2314 3011 milii
2356 2958 2399 3010 si
2439 2956 2565 3009 tanti
2605 2973 2783 3027 agrum
2813 2955 3151 3010 vendidistis?
3182 2955 3242 3007 At
3282 2955 3372 3008 illa
3402 2955 3569 3009 dian't:
3602 2953 3773 3008 Etiam

2191 3049 2336 3102 tanti.
2369 3048 2420 3103 9.
2459 3046 2642 3101 Petrus
2684 3058 2851 3101 autem
2887 3047 2953 3099 ad
2994 3064 3103 3100 eam
3129 3064 3147 3100 :
3177 3047 3310 3113 Quid
3349 3048 3519 3117 utique
3545 3048 3776 3100 conuenit

2191 3140 2328 3197 vobis
2352 3148 2539 3192 tentare
2565 3138 2815 3208 Spiritum
2842 3140 3113 3193 sanctum?
3141 3136 3269 3192 Ecce
3296 3140 3446 3208 pedes
3470 3156 3666 3202 eorum,
3690 3137 3776 3207 qui

2191 3233 2494 3301 sepelierunt
2527 3233 2687 3285 virum
2718 3243 2855 3284 tuam
2882 3272 2897 3297 ,
2926 3232 2994 3284 ad
3025 3233 3242 3295 ostium,
3274 3242 3319 3285 et
3347 3232 3551 3300 elferent
3586 3244 3650 3287 te.
3688 3233 3771 3286 10.

2195 3325 2382 3378 Cecidit
2402 3335 2569 3376 autem
2594 3325 2759 3377 statim
2782 3324 2849 3375 ad
2870 3325 3018 3393 pedes
3046 3325 3172 3391 ejus,
3196 3334 3240 3378 et
3260 3326 3548 3394 exspiravit.
3582 3325 3783 3378 Intrano

2196 3427 2267 3471 tes
2292 3428 2455 3470 autem
2476 3419 2689 3487 juvenes
2718 3417 3009 3469 invenerunt
3034 3417 3173 3469 illam
3206 3427 3450 3470 mortuam
3472 3460 3485 3478 ,
3518 3428 3563 3470 et
3594 3418 3781 3469 clatum

2195 3508 2494 3578 sepelierunt
2528 3508 2683 3577 juxta
2721 3507 2880 3560 virum
2922 3524 3086 3561 suum.
3132 3508 3219 3561 11.
3248 3507 3312 3560 Et
3340 3509 3501 3576 factus
3530 3519 3604 3561 est
3633 3512 3785 3562 timor

2198 3616 2409 3669 magnus
2435 3600 2486 3651 in
2513 3599 2745 3651 universa
2775 3596 3022 3663 Ecclesia,
3052 3609 3097 3651 et
3125 3614 3276 3667 super
3301 3614 3469 3653 omnes
3494 3601 3581 3669 qui
3608 3600 3788 3652 audie-

2198 3702 2317 3745 runt
2356 3692 2482 3745 hinc.
2514 3691 2639 3745 Post
2680 3691 2923 3745 timorem
2957 3690 3102 3745 illum
3132 3691 3285 3760 plura
3316 3691 3463 3761 signa
3494 3691 3741 3746 fecerunt
3769 3710 3783 3745 :

2202 3793 2255 3836 et
2275 3782 2411 3852 quod
2445 3782 2687 3845 fecerint,
2718 3782 2861 3835 audi.
2894 3782 2979 3836 19..
3012 3781 3113 3835 Per
3133 3799 3311 3835 manus
3337 3792 3501 3835 autem
3524 3786 3789 3849 apostolo-

2202 3893 2317 3928 rum
2342 3875 2523 3943 fiebant
2553 3875 2697 3945 signa
2722 3884 2766 3926 et
2795 3874 3027 3944 prodigia
3056 3875 3217 3927 multa
3255 3875 3307 3927 in
3348 3874 3505 3943 plebe.
3539 3874 3609 3927 Et
3645 3884 3792 3927 erant

2204 3969 2504 4021 unanimiter
2530 3984 2699 4021 omnes
2728 3969 2780 4019 in
2807 3969 2999 4038 porticu
3026 3967 3316 4022 Salomonis
3339 3984 3357 4025 .'
3380 3969 3464 4023 15.
3492 3979 3792 4022 cteterorum

2204 4070 2372 4111 autem
2401 4075 2544 4111 nemo
2572 4057 2786 4111 audebat
2814 4075 2867 4111 se
2893 4059 3198 4130 coniungere
3220 4059 3356 4124 illis;
3379 4060 3467 4115 sed
3492 4062 3793 4131 magnifica-

2205 4148 2289 4201 bat
2313 4165 2397 4202 eos
2423 4148 2661 4219 populus.
2684 4148 2809 4205 Jnre
2836 4171 2847 4205 :
2878 4149 3062 4204 Petrus
3084 4150 3224 4204 enim
3244 4150 3353 4220 jam
3376 4152 3631 4207 terribilis
3652 4165 3791 4217 erat,

2211 4242 2453 4307 puniens,
2480 4248 2535 4294 et
2561 4256 2680 4311 qua:
2708 4241 2759 4294 in
2789 4249 2967 4296 mente
2993 4251 3147 4295 erant
3173 4241 3495 4313 redarguens
3523 4261 3537 4297 :
3562 4244 3647 4298 cui
3681 4259 3797 4298 ma—

2208 4332 2286 4400 gis
2318 4332 2610 4396 haerebant,
2642 4342 2696 4387 et
2725 4341 2941 4402 propter
2968 4334 3175 4403 signum
3193 4377 3207 4401 ,
3235 4344 3287 4389 et
3315 4344 3531 4404 prepter
3558 4337 3794 4407 priorem

2208 4422 2540 4482 concionem,
2570 4436 2633 4475 ac
2658 4423 2947 4477 secundam
2975 4424 3308 4493 tertiamque.
3340 4424 3455 4496 Ipse
3483 4442 3717 4497 namque
3742 4438 3799 4483 et

2210 4515 2436 4580 primum
2465 4513 2670 4582 signum
2705 4512 2920 4578 fecerat,
2951 4524 3005 4569 et
3031 4516 3320 4569 secundmn
3339 4558 3353 4581 ,
3382 4528 3431 4570 ct
3463 4518 3565 4572 hoc
3594 4520 3758 4572 etiam
3778 4559 3797 4584 ,

2211 4605 2349 4673 quod
2378 4604 2584 4658 videtur
2606 4604 2735 4658 mihi
2765 4622 2867 4659 nou
2894 4622 3079 4671 unmn,
3106 4608 3198 4661 sed
3225 4608 3419 4677 duplex
3446 4625 3603 4674 esse;
3632 4627 3798 4664 unum

2212 4698 2447 4766 quidem,
2467 4714 2527 4753 ea
2548 4715 2665 4768 qua:
2687 4700 2739 4753 in
2764 4710 2939 4754 mente
2960 4711 3113 4756 erant
3135 4700 3480 4772 redarguere;
3500 4705 3797 4758 secundmn

2213 4799 2421 4849 autem,
2466 4791 2617 4859 jussu
2644 4790 2911 4845 occidere.
2944 4793 3026 4846 14.
3063 4791 3228 4863 Magis
3271 4804 3439 4847 autem
3482 4800 3801 4865 augebatur,

2216 4879 2421 4948 inquit,
2464 4880 2773 4934 credentium
2815 4883 2867 4933 in
2913 4881 3131 4938 Domino
3176 4885 3442 4940 multitudo
3481 4890 3705 4941 virorum
3742 4906 3807 4943 ac

2217 4971 2503 5031 mulierum,
2537 4972 2623 5025 15.
2660 4972 2732 5023 ita
2776 4981 2829 5024 ut
2866 4973 2918 5025 in
2960 4975 3152 5042 plateas
3192 4976 3425 5044 ejicerent
3455 4978 3689 5045 inﬁrmos
3714 5021 3728 5042 ,
3760 4990 3807 5034 et

2220 5072 2457 5131 ponerent
2483 5063 2535 5115 in
2564 5063 2761 5116 lectulis
2787 5080 2848 5115 ac
2877 5064 3099 5134 grabatis
3120 5107 3134 5125 ,
3162 5078 3215 5119 ut
3243 5071 3468 5121 veniente
3499 5067 3673 5133 Petro,
3701 5073 3793 5125 sal-

2222 5168 2317 5206 tem
2357 5154 2534 5207 umbra
2576 5155 2713 5208 illius
2750 5155 3066 5211 obambraret
3096 5176 3392 5229 quemquam
3430 5163 3659 5219 illorum.
3696 5165 3817 5222 Hoc

2223 5247 2275 5300 in
2314 5246 2525 5300 Christo
2571 5264 2675 5301 non
2718 5247 2913 5303 factum
2959 5260 3040 5304 est
3080 5270 3092 5304 :
3128 5252 3268 5307 unde
3310 5255 3488 5308 videre
3535 5267 3617 5311 est
3667 5273 3816 5312 tuine.

2223 5353 2384 5405 Opere
2412 5338 2735 5407 completum
2777 5339 2827 5392 id
2854 5381 2868 5401 ,
2906 5341 3045 5409 quod
3094 5342 3181 5396 ille
3216 5344 3440 5398 dixerat.
3483 5346 3820 5413 Quodnam?

2228 5429 2324 5492 Qui
2352 5429 2505 5481 credit
2536 5429 2586 5482 in
2615 5447 2719 5495 me,
2752 5447 2906 5499 opera
2933 5450 3043 5502 qua:
3068 5451 3157 5505 ego
3188 5437 3319 5506 facio
3347 5448 3388 5490 et
3415 5440 3520 5506 ipse
3551 5442 3741 5508 faciet,
3769 5455 3820 5493 et

2225 5520 2421 5588 majora
2450 5520 2629 5573 [torum
2658 5522 2805 5591 faciet
2837 5523 3035 5592 (Joan.
3073 5527 3135 5580 14
3189 5528 3254 5580 12
3279 5530 3316 5597 ).
3352 5531 3437 5582 1t}.
3471 5532 3824 5586 Concurrebat

2226 5620 2391 5662 autem
2418 5622 2461 5662 et
2494 5613 2761 5666 multitudo
2786 5615 3061 5669 vicinarum
3091 5618 3346 5672 civitatum
3370 5619 3658 5674 Jerusalem
3682 5664 3697 5688 ,
3728 5625 3820 5690 af-

2230 5704 2438 5772 ferentes
2479 5720 2639 5783 (egros
2681 5718 2728 5760 et
2771 5720 2973 5763 vexatos
3014 5728 3047 5763 α
3086 5713 3343 5781 spiritibus
3388 5714 3700 5782 immundis,
3729 5724 3828 5786 qui

2228 5796 2532 5848 Curabantur
2558 5815 2747 5854 omnes.

2312 5885 2423 5938 Vita
2471 5889 2823 5957 Apostolorum
2869 5910 2929 5947 et;
2973 5896 3236 5950 contrariis
3289 5897 3638 5952 contuebatur
3691 5918 3837 5974 qna-
