4076 6354
268 305 334 359 99
1216 297 1283 356 ΙΝ
1325 297 1508 354 ACTA
1547 297 2082 358 APOSTOLORUM.
2122 300 2358 358 HOMIL.
2401 301 2516 358 XII.

261 419 632 486 ἐπιπόθητοι,
678 414 834 484 χαρὰ
869 414 968 470 καί
1010 413 1315 485 στέφανός
1338 433 1477 484 μου.
1503 413 1839 468 Πιστεύσατε

263 504 366 572 γάρ
398 518 515 571 μοι,
543 501 625 553 ὅτι
655 501 757 553 οὑκ
791 499 966 558 ἄλλως
988 500 1116 570 ὲρῶ.
1147 500 1209 552 El
1241 498 1468 567 μυρίους
1488 513 1572 560 τις
1595 496 1841 550 λιθοκολ-

259 588 446 658 λήτους
492 584 790 654 στεφάνους
813 583 1138 654 ,βασιλικοὺς
1166 582 1407 652 ἐπέθηκέ
1443 598 1545 652 μου
1571 583 1637 653 τῇ
1679 599 1839 649 κεφα-

259 672 320 740 λῇ
344 667 473 730 νῦν,
529 669 632 720 οὑκ
666 667 735 720 ἂν
787 666 1102 738 εὑφράνθην
1145 665 1222 728 ὡς
1251 665 1615 736 εὑφραίνομαι
1651 664 1741 717 ἐπὶ
1772 666 1839 734 τῇ

261 754 508 824 προκοπῇ
551 754 618 823 τῇ
653 749 930 822 ὑμετέρα·
984 750 1188 820 μᾶλλον
1227 749 1304 815 δὲ,
1336 748 1457 802 οὑδὲ
1487 747 1580 801 τὸν
1619 746 1841 818 βασιλέα

259 843 419 904 οὑτως
447 837 608 910 οἶμαι
639 840 873 912 χαίρειν,
902 838 977 902 ὡς
1023 839 1136 906 ἐγὼ
1177 840 1264 907 ἐφ’
1288 838 1438 908 ὑμῖν.
1475 836 1541 890 Τί
1570 836 1744 906 λέγω;
1777 837 1840 891 Εἰ

261 931 461 983 πάντα⁸
494 928 564 982 τὰ
597 927 726 997 ἔθνη
756 927 827 980 τὰ
850 926 1186 996 πολεμοῦντα
1227 924 1376 996 αύτῷ
1414 923 1646 995 νικήσας
1673 926 1839 978 ἐπαν-

257 1011 398 1082 ἡλθε,
427 1011 532 1064 καὶ
563 1010 660 1064 τοῦ
709 1005 1100 1081 νενομισμένου
1162 1010 1426 1076 στεφάνου
1467 1006 1683 1071 πλείους
1722 1006 1840 1059 ἐτέ-

259 1113 374 1168 ρους
402 1095 572 1148 έλαὸε
605 1095 922 1162 στεφάνους,
961 1093 1054 1147 καὶ
1073 1091 1236 1164 ἔτερα
1255 1091 1558 1163 διαδήματα
1597 1089 1839 1160 σύμϐολα

256 1180 345 1248 τῆς
379 1180 571 1250 νίκης,
622 1178 724 1232 οὑκ
763 1177 829 1232 ἂν
865 1177 1027 1232 αὑτὸν
1071 1177 1247 1239 οὑτως
1302 1171 1456 1245 οἶμαι
1493 1174 1706 1246 χαίρειν
1747 1174 1839 1227 ἐπὶ

255 1265 357 1326 τοῖς
385 1261 703 1333 τροπαίοις,
729 1260 806 1323 ὡς
832 1259 943 1328 ἐγὼ
970 1258 1064 1312 ἐπὶ
1092 1261 1158 1330 τῇ
1193 1261 1448 1331 προκοπῇ
1479 1259 1545 1329 τῇ
1573 1255 1835 1328 ὑμετέρᾳ.

257 1347 462 1416 Ὠσπερ
522 1345 634 1417 γὰρ
693 1343 920 1415 μυρίους
960 1342 1259 1410 στεφάνους
1316 1341 1409 1395 ἐπὶ
1446 1340 1544 1411 τῆς
1592 1340 1837 1410 κεφαλῆς

256 1435 404 1504 ἔχων,
424 1431 612 1494 οὕτως
635 1430 944 1501 ἀγάλλομαι
963 1446 978 1462 ο
1005 1431 1101 1483 καὶ
1127 1429 1481 1492 είκότως.’¹Αν
1495 1427 1604 1498 γὰρ
1637 1429 1703 1498 τῇ
1739 1426 1834 1480 τοῦ

255 1521 377 1574 Θεοῦ
417 1521 612 1592 χάριτι
642 1518 802 1572 τοῦτο
833 1518 962 1589 ὑμῖν
993 1515 1318 1587 κατορθωθῇ
1347 1515 1406 1568 τὸ
1439 1515 1581 1578 ἔθος,
1610 1514 1836 1585 μυρίους

255 1610 574 1678 νενικήκατε
608 1606 898 1676 πολέμους,
927 1605 1021 1658 καί⁵
1051 1602 1232 1674 πολλῷ
1267 1601 1678 1682 χαλεπωτέρους
1695 1600 1836 1654 ἐκεί-

255 1712 336 1748 νου
357 1713 368 1724 ο
391 1695 532 1766 πρὸς
567 1695 828 1764 δαίμονας
871 1692 1142 1763 πονηροὺς
1161 1734 1177 1758 ,
1213 1691 1352 1760 πρὸς
1382 1689 1687 1760 ἀλάστορας
1727 1707 1830 1742 πα-

256 1783 531 1846 λαίσαντες
573 1783 668 1836 καὶ
704 1780 1095 1851 μαχεσάμενοι,
1127 1779 1187 1832 οὑ
1220 1777 1311 1831 διὰ
1359 1778 1663 1848 μαχαίρας,
1693 1775 1830 1830 ἀλλὰ

255 1863 334 1916 διὰ
353 1861 609 1932 γλώττης
639 1862 733 1915 καὶ
760 1858 1155 1931 προαιρέσεως.
1181 1857 1324 1928 Ὅρα
1350 1858 1476 1931 γὰρ.
1512 1856 1613 1910 ὅσα
1642 1871 1834 1927 κατορ-

259 1946 448 2011 θοῦται,
489 1945 588 1999 ἐὰν
613 1945 721 2016 ἄρα
741 1945 836 1998 καὶ
855 1942 1262 2014 κατορθώσητε.
1293 1941 1543 2014 Πρῶτον,
1567 1940 1650 1994 ὃτι
1672 1940 1831 2012 συνή-

260 2054 284 2082 ⁸
317 2051 416 2102 Ibis.
450 2052 658 2114 quidam
697 2052 769 2114 ἐφ’
805 2050 934 2114 ὑμῖν,
982 2050 1025 2098 εἰ
1066 2065 1138 2106 τις
1173 2048 1345 2098 πάντα.

3416 306 3526 376 1011

1944 417 2095 472 θειαν
2121 419 2362 490 χαλεπὴν
2389 418 2688 472 ὲκκόπτετε
2708 433 2723 450 ο
2756 416 3025 490 δεύτερον,
3059 413 3324 489 ,λογισμὸν
3347 434 3522 493 πονη-

1946 507 2064 578 ρὸν,
2116 509 2210 561 καὶ
2247 509 2370 562 ὅθεν
2413 508 2594 562 πάντα
2623 508 2690 561 τὰ
2731 506 2902 569 κακὰ,
2953 506 3031 576 τῷ
3057 507 3346 579 νομίζεινι»
3377 508 3530 567 ἀδιά-

1943 587 2107 661 φορον
2136 586 2273 644 εἶναι
2310 593 2372 644 τὸ
2405 594 2637 662 πρᾶγμα
2668 591 2762 644 καὶ
2789 589 2954 660 μηδὲν
2987 589 3248 660 βλάπτειν
3267 605 3283 621 ·
3310 589 3519 660 τρίτον,

1941 677 2031 730 τὸν
2060 679 2252 747 θυμόν·
2276 677 2557 748 τέταρτον,
2582 675 2679 746 τὴν
2714 675 3150 744 φιλοχρηματίαν
3170 691 3184 704 ·
3207 675 3385 728 πάντα
3411 675 3521 746 γὰρ

1939 760 2111 814 ταῦτα
2148 763 2176 814 ὁ
2207 762 2366 831 ὅρκος
2403 760 2596 814 τίκτει.
2635 758 2795 812 Ἀλλὰ
2823 757 2931 811 ἀπὸ
2959 757 3148 810 τούτου
3192 757 3288 812 καὶ
3333 760 3412 821 εἰς
3448 758 3524 812 τά.

1940 844 2076 898 ἄλλα
2093 845 2496 916 κατορθώματα
2529 843 2762 915 λήψεσθε
2790 842 2990 912 πολλὴν
3017 843 3298 913 ἀφορμήν.
3363 842 3516 896 Kue-

1941 929 2085 998 άπερ
2112 930 2222 1000 γὰρ
2259 930 2306 982 οἰ
2337 928 2405 981 τὰ
2451 930 2692 998 στοιχεῖα
2741 925 3104 996 μανθάνοντες
3124 924 3235 978 τῶν
3273 926 3521 990 παίδων,

1939 1014 2038 1066 οὑκ
2072 1014 2256 1066 ἐκεῖνα
2297 1011 2436 1082 μόνα
2479 1010 2859 1082 μανθάνουσιν,
2892 1007 3007 1061 ἀλλ’
3036 1009 3094 1061 έν
3128 1009 3358 1072 ἐκείνοις
3385 1027 3517 1064 παι-

1937 1095 2179 1150 δεύονται
2202 1096 2343 1148 κατὰ
2361 1095 2557 1166 μικρὸν
2578 1091 2974 1160 ἀναγινώσκειν
2994 1109 3005 1122 ’
3031 1090 3148 1164 [96]
3173 1090 3317 1145 οὑτω
3338 1093 3404 1164 δὴ
3424 1092 3525 1146 καὶ

1940 1181 2097 1251 ὑμεῖς
2118 1193 2133 1209 ⁸
2151 1180 2251 1234 οὑκ
2279 1179 2359 1232 ἔτι
2385 1177 2569 1232 λοιπὸν
2599 1177 2744 1247 ὑμᾶς
2773 1178 2800 1229 ὁ
2831 1176 3063 1246 πονηρὸς
3086 1174 3346 1247 λογισμὸς
3375 1177 3520 1229 ἀπα-

1937 1265 2112 1333 τήσει.
2148 1263 2270 1316 οὑδὲ
2309 1264 2504 1333 ἐρεῖτε,
2526 1261 2607 1313 ὅτι
2653 1259 2969 1331 ’Δδιάφορόν
2999 1261 3114 1311 ἐστι
3143 1259 3283 1323 τόδε,
3313 1259 3415 1312 οὑκ
3436 1259 3520 1312 ἔτι

1937 1353 2002 1422 τῇ
2041 1348 2298 1420 συνηθείᾳ
2331 1346 2647 1416 φθέγξεσοε,
2681 1344 2816 1398 ἀλλὰ
2842 1345 2974 1414 πρὸς
3003 1344 3218 1398 ἅπαντα
3250 1342 3519 1416 στήσεσθε

1935 1435 2198 1504 γενναίως
2219 1445 2267 1496 ο,
2293 1434 2377 1485 ἵνα
2395 1432 2482 1484 διὰ
2509 1433 2726 1486 πάντων
2742 1429 2840 1501 τὴν
2870 1431 3013 1484 κατὰ
3056 1430 3186 1483 Θεὸν
3213 1430 3414 1500 ἀρετὴν
3443 1431 3472 1482 δ

1935 1519 2249 1581 ανύσαντες,
2277 1516 2384 1569 τῶν
2405 1514 2636 1569 αἰωνίων
2663 1512 3010 1582 ἁπολαύσητε
3050 1513 3294 1581 ἀγαθῶν,
3335 1513 3519 1585 χάριτι

1936 1603 2032 1657 καὶ
2064 1598 2441 1670 φιλανθρωπίᾳ
2490 1594 2584 1650 τοῦ
2637 1594 2958 1666 μονογενοῦς
2993 1595 3158 1648 αὑτοῦ
3199 1593 3330 1647 Υἰοῦ
3351 1633 3366 1655 ,
3395 1592 3515 1663 μεθ’

1929 1681 1992 1740 οὗ
2019 1683 2100 1755 τῷ
2126 1683 2332 1753 Πατρὶ,
2369 1683 2483 1751 ἃμα
2511 1678 2588 1751 τῷ
2613 1679 2753 1748 ἁγίῳ
2780 1678 3081 1748 Πνεύματι,
3113 1675 3263 1743 δόξα.
3291 1675 3514 1748 κράτος,

1930 1772 2084 1842 τιμὴ.
2141 1767 2235 1822 νῦν
2261 1767 2355 1821 καὶ
2385 1765 2494 1830 ἀεὶ,
2530 1766 2624 1819 καὶ
2653 1766 2732 1828 εἰς
2759 1765 2883 1828 τοὺς
2911 1763 3112 1826 αἰῶνας
3143 1762 3255 1816 τῶν
3275 1761 3513 1816 αἰώνων.

1945 1856 2138 1926 Ἀμην.

1995 1972 2025 2010 θ’
2063 1975 2200 2050 ιξιιυε
2220 1974 2290 2036 τῷ
2331 1974 2394 2035 μή
2419 1972 2642 2034 νομίζειν.
2709 1974 2733 2002 ο
2755 1969 2891 2020 Idem
2918 1968 3030 2032 πρὸς
3061 1968 3249 2016 ἅπαντα
3267 1965 3517 2029 φθέγξασθε

1935 2054 2177 2102 γενναιως.

279 2149 3485 2186 ___________________________________________.___-..————

1709 2224 1952 2279 OMIAIA
1990 2219 2090 2272 IB’.

282 2322 469 2390 Ἰωσὴφ
495 2334 519 2362 ⁸
546 2321 619 2374 δὲ
647 2323 681 2375 ό
705 2320 1046 2389 ἐπικληθείς
1068 2319 1379 2388 Βαρνάϐας
1400 2320 1518 2374 ὑπὸ
1552 2319 1671 2390 τῶν
1689 2319 1828 2373 ἀπο-

337 2389 550 2446 στόλων
587 2392 646 2462 (ὅ
676 2393 809 2446 ἐστι
843 2389 1620 2462 μεθερμηνευόμενρνκυίὸς
1645 2405 1830 2462 παρα-

334 2459 648 2531 κλήσεως),
678 2459 954 2528 Λευίτης,
998 2459 1258 2530 Κύπριος
1306 2459 1386 2531 τῷ
1414 2459 1605 2531 γένει,
1633 2459 1828 2531 ὑπᾴρ-

329 2528 529 2600 κοντος
551 2528 720 2598 αὐτῷ
744 2531 948 2600 ἀγροῦ,
977 2528 1268 2599 πωλήσας
1288 2528 1507 2600 ἤνεγκε
1535 2530 1601 2584 τὸ
1629 2528 1830 2599 χρῆμα

322 2618 410 2670 καί
437 2618 622 2684 ἔθηκε
653 2617 818 2684 παρὰ
844 2615 986 2683 τοὺς
1010 2614 1203 2681 πόδας
1227 2614 1347 2668 τῶν
1372 2614 1755 2668 ἀποστόλων.

318 2701 378 2753 α’.
401 2701 604 2756 Μέλλει
641 2699 949 2769 διηγεῖσθαι
970 2698 1032 2752 τὸ
1063 2696 1207 2752 κατὰ
1245 2696 1498 2751 Ἀνανίαν
1527 2695 1712 2750 λοιπὸν
1734 2694 1828 2748 καί⁵

253 2786 597 2855 Σάπφειραν,
656 2785 752 2837 καὶ
795 2782 964 2836 θέλων
1016 2780 1184 2848 δεῖξαι
1226 2780 1318 2834 τὸν
1363 2781 1533 2852 ἄνδρα
1579 2781 1828 2852 χείριστα

252 2869 626 2938 ἡμαρτηκότα,
662 2865 883 2938 πρώτου
931 2865 1204 2936 μέμνηται
1231 2863 1325 2917 τοῦ
1362 2861 1822 2935 κατωρθωκότος·

249 2951 322 3002 ὅτι
355 2951 619 3004 τοσούτου
643 2949 880 3021 πλήθους
901 2948 1051 3012 ὄντος
1066 2947 1161 3002 τοῦ
1185 2947 1356 3002 ταῦτα
1373 2946 1670 3009 ποιοῦντος,
1699 2961 1823 2998 τοσ-

246 3034 405 3103 αύτης
432 3035 688 3106 χάριτος,
717 3033 991 3087 τοσούτων
1049 3032 1311 3105 σημείων,
1345 3031 1443 3101 οὑχ
1489 3031 1580 3083 ὑπ’
1614 3029 1824 3092 οὑδενὸς

244 3118 436 3172 τούτων
466 3116 783 3189 διωρθώθη,
820 3116 958 3170 ἀλλὰ
1002 3113 1259 3179 καθάπαξ
1298 3114 1404 3168 ὑπὸ
1431 3117 1530 3184 τῆς
1566 3113 1824 3184 φιλοχρη-

244 3202 431 3273 ματίας
465 3199 809 3270 τυφλωθεὶς,
849 3199 942 3253 τὸν
992 3197 1210 3268 δλεθρον
1239 3200 1446 3251 ἐκεῖνον
1479 3197 1826 3249 ἐπεσπάσατο

239 3290 300 3357 τῇ
322 3285 526 3339 ἑαυτοῦ
557 3283 794 3354 κεφαλῇ.
835 3282 1248 3353 ’Υπάρχοντος
1287 3279 1448 3346 αὐτῷ
1486 3281 1671 3350 ἀγροῦ
1695 3297 1707 3309 ο
1733 3280 1825 3334 οὑ-

237 3389 338 3434 τως
359 3368 547 3437 εἶπεν,
569 3368 769 3441 δηλῶν,
791 3367 875 3422 δτι
901 3367 1088 3420 τοῦτον
1117 3367 1277 3439 μόνον
1303 3366 1567 3436 ἐκέκτητο
1584 3383 1596 3396 ’
1627 3364 1828 3433 πωλή-

235 3472 345 3520 σας
374 3455 605 3524 ἤνεγκε
631 3452 699 3506 τὸ
723 3449 946 3521 χρῆμα,
969 3450 1068 3504 καὶ
1087 3450 1264 3519 ἔθηκε
1286 3449 1446 3518 παρὰ
1468 3449 1610 3515 τοὺς
1635 3448 1826 3515 πόδας

234 3539 346 3594 τῶν
375 3539 777 3595 ἀποστόλων.
818 3534 1000 3604 Ἀνὴρ
1025 3535 1094 3590 δέ
1117 3553 1208 3602 τις
1237 3535 1481 3604 ὀνόματι
1522 3533 1822 3598 Ἀνανίας,

231 3625 350 3678 σὺν
365 3620 692 3691 Σαπφείρῃ
712 3618 790 3688 τῇ
812 3618 1049 3689 γυναικί
1071 3617 1282 3683 αὐτοῦ,
1305 3616 1587 3683 ἐπώλησε
1607 3614 1824 3685 κτῆμα,

230 3709 325 3762 καί
363 3706 758 3774 ἐνοσφίσατο
793 3702 913 3758 ἀπὸ
945 3701 1056 3771 τῆς
1095 3701 1289 3771 τιμῆς,
1336 3701 1687 3766 συνειδυίας
1733 3699 1827 3754 καί

227 3792 336 3860 τῆς
375 3790 674 3862 γυναικός
697 3805 712 3820 ο
746 3789 846 3842 καὶ
873 3785 1124 3856 ἐνέγκας
1154 3785 1336 3855 μέρος
1373 3804 1450 3852 τι,
1491 3784 1651 3852 παρὰ
1684 3783 1828 3849 τοὺς

227 3876 421 3940 πόδας
445 3871 573 3927 τῶν
609 3870 973 3927 ἀποστόλων
999 3869 1194 3937 ἔθηκε.
1237 3869 1310 3922 Τὸ
1346 3867 1537 3929 δεινὸν.
1572 3870 1654 3921 ὅτι
1690 3866 1829 3936 μετά

227 3956 699 4029 συγκαταθέσεως
727 3955 761 4026 ἡ
795 3952 1062 4024 ἁμαρτία,
1093 3951 1187 4006 καὶ
1210 3951 1385 4015 οὐδεὶς
1411 3952 1593 4022 ἓτερος
1624 3949 1736 4020 ᾔδει
1766 3948 1828 4002 τὸ

225 4044 553 4114 γενόμενον.
596 4039 768 4093 Πόθεν
815 4036 1018 4108 ἐπῆλθε
1053 4035 1132 4107 τῷ
1165 4034 1497 4104 ταλαιπώρῳ
1528 4032 1702 4104 τούτῳ
1734 4034 1828 4086 καὶ

223 4129 398 4198 ἀθλίῳ
477 4124 648 4178 τοῦτο
717 4120 1086 4193 ὲργάσασθαι;
1141 4120 1290 4173 Εἷπε
1357 4116 1425 4170 δὲ
1471 4119 1503 4170 ό
1568 4116 1824 4184 Πέτροςο

224 4211 482 4265 Ἀνανία
507 4250 523 4274 ,
556 4207 654 4261 διὰ
687 4207 744 4260 τί
776 4203 1132 4274 ἐπλήρωσεν
1177 4206 1210 4258 ό
1244 4198 1514 4266 Σατανᾶς
1546 4201 1660 4269 τὴν
1689 4217 1829 4269 καρ-

221 4298 362 4350 δίαν
395 4312 527 4350 σου
549 4290 900 4361 ψεύσασθαί
934 4305 1009 4343 σε
1032 4287 1099 4356 τὸ
1125 4287 1371 4357 Πνεῦμα
1403 4285 1465 4340 τὸ
1491 4285 1683 4355 ἅγιον,
1728 4287 1829 4341 καὶ

221 4380 658 4450 νοσφίσασθαι
702 4374 823 4429 ἀπὸ
872 4372 984 4443 τῆς
1017 4371 1194 4441 τιμῆς
1246 4372 1352 4426 τοῦ
1402 4371 1656 4440 χωρίου;
1686 4371 1828 4443 Ὅρα

223 4466 315 4518 καὶ
345 4464 450 4517 νῦν
489 4461 637 4532 μέγα
679 4459 905 4529 σημεῖον
954 4457 1242 4526 γενόμενον
1266 4494 1282 4520 ,
1318 4455 1414 4510 καὶ
1446 4453 1625 4524 πολλῷ
1667 4455 1828 4509 πλέον

219 4549 445 4603 ἐκείνου
492 4543 590 4597 τοῦ
633 4541 926 4613 προτέρου.
956 4539 1105 4608 Οὐχὶ
1141 4539 1332 4608 μένον
1367 4539 1467 4593 σοὶ
1510 4540 1704 4608 ἔμενε,
1728 4539 1826 4593 καὶ

221 4632 465 4702 πραθὲν
500 4627 604 4682 ἐπὶ
630 4626 705 4694 τῇ
733 4624 819 4693 σῇ
847 4624 1100 4691 ἐξουσίᾳ
1119 4621 1356 4692 ὑπῆρχε
1366 4637 1388 4687 ;
1408 4621 1669 4676 Τουτέστι
1694 4661 1708 4685 ,
1734 4624 1827 4694 Μὴ

219 4719 332 4789 γὰρ
359 4715 594 4781 ἀνάγκη
645 4729 728 4774 τις
761 4705 832 4782 ἦν
877 4709 973 4764 καὶ
1002 4707 1127 4778 ﬂia;
1162 4708 1237 4778 μὴ
1267 4706 1376 4778 γὰρ
1422 4707 1654 4769 ἄκοντας
1684 4708 1828 4778 ὑμᾶς

218 4803 469 4872 ἕλκομεν
492 4799 582 4864 ;Τί
611 4797 700 4850 ὅτι
721 4797 866 4852 ἔθου
885 4796 955 4850 ἐν
976 4793 1051 4862 τῇ
1085 4791 1302 4861 καρδίᾳ
1325 4807 1442 4846 σου
1485 4791 1550 4844 τὸ
1588 4791 1830 4861 πρᾶγμα

222 4886 457 4946 τοῦτο;
521 4884 644 4934 Οὐκ
692 4880 938 4948 ἐψεύσω
970 4876 1334 4944 ἀνθρώποις,
1376 4875 1538 4929 ἀλλὰ
1575 4873 1655 4939 τῷ
1691 4874 1831 4940 Θεῷ.

231 4970 522 5024 Ἀκούων
543 4964 612 5017 δὲ
636 4967 668 5018 ό
706 4963 991 5028 Ἀνανίας
1017 4961 1159 5025 τοὺς
1185 4959 1408 5029 λόγους
1436 4958 1707 5024 τούτους,
1734 4975 1838 5012 πε-

221 5056 357 5110 σὼν
388 5049 731 5118 ὲξέιίνξεν.
807 5047 995 5118 Ὁρᾷς,
1042 5045 1208 5098 πόθεν
1261 5040 1446 5113 μεῖζον
1499 5041 1558 5094 τὸ
1611 5044 1836 5112 σημεῖον

217 5141 424 5202 τοῦτος
480 5133 620 5187 Ἀπὸ
664 5128 758 5184 τοῦ
808 5129 1040 5193 ἀνελεῖν,
1091 5128 1200 5182 ἀπὸ
1226 5125 1322 5180 τοῦ
1365 5126 1437 5180 τὰ
1464 5127 1522 5181 ἐν
1568 5126 1776 5198 διανοίᾳ
1807 5126 1835 5168 ι)

219 5224 459 5276 εἰδέναι.
504 5218 601 5271 κα)⁸
626 5216 693 5269 τὰ
724 5215 902 5285 λάθρᾳ.
927 5213 1206 5282 γεγονότα.
1258 5209 1522 5280 Ἐγένετο
1553 5208 1622 5263 δὲ
1650 5211 1834 5280 φόϐος

213 5305 419 5375 μέγας
453 5302 559 5355 ἐπὶ
604 5299 839 5362 πάντας
871 5297 1016 5362 τοὺς
1046 5297 1381 5360 ἀκούοντας
1417 5294 1624 5348 ταῦτα.
1667 5295 1834 5349 Ἀνα-

218 5388 504 5450 στάντες
545 5382 614 5436 δὲ
640 5385 694 5437 oi
737 5381 1009 5450 νεώτεροι
1033 5379 1440 5434 συνέστειλαν
1480 5377 1666 5432 αὐτὸν
1689 5421 1704 5442 ,
1735 5377 1834 5430 καὶ

221 5470 676 5540 ἐξενέγκαντες
699 5465 957 5533 ἔθαψαν.
992 5463 1254 5533 Ἐγένετο
1280 5461 1348 5515 δὲ
1370 5463 1452 5526 ὼς
1476 5460 1644 5530 ὡρῶν
1661 5461 1836 5528 τριῶν

223 5556 573 5621 διάστημα.
598 5551 695 5604 καί
725 5550 762 5616 ὴ
792 5547 948 5618 γυνὴ
968 5545 1154 5602 αὐτοῦ
1169 5544 1254 5618 μὴ
1282 5545 1473 5600 εἰδυῖα
1500 5545 1566 5598 τὸ
1593 5545 1837 5614 γεγονὸς

223 5637 558 5705 εἰσῆλθεν.
597 5632 905 5701 Ἀπεκρίθη
930 5629 999 5683 δὲ
1023 5627 1177 5698 αὐτῇ
1203 5631 1236 5682 ό
1259 5627 1480 5697 Πέτρος
1499 5643 1512 5656 ·
1548 5628 1695 5681 Εἰπέ
1711 5646 1833 5696 μοι,

221 5726 274 5774 εί
306 5719 630 5774 τοσούτου
663 5715 731 5770 τὸ
752 5714 970 5782 χωρίον
989 5711 1322 5777 ἀπέδοσθε;
1351 5710 1568 5781 Ταύτην
1589 5711 1837 5764 ἐϐούλετο

288 5816 530 5887 :Cod‘ex
557 5828 683 5887 nugs
714 5813 930 5887 'Iwg'ﬁc.‘
969 5810 997 5882 ξ
1036 5811 1162 5887 Τςεξ
1201 5811 1396 5887 tingit-es
1667 5806 1822 5884 Τοῦτο

225 5880 396 5989 fa?
416 5878 483 5926 τὸ
508 5876 708 5937 σημεῖον
727 5872 815 5924 τοῦ
837 5871 1019 5936 χωλοῦ,
1045 5874 1100 5921 τὸ
1129 5873 1324 5932 ἀνελεῖν,
1363 5875 1444 5919 καὶ
1469 5871 1547 5930 τὰ,
1574 5871 1652 5920 νεὶ
1675 5872 1748 5920 τὸ.
1773 5871 1820 5918 ἐν

308 5958 457 5990 vom.

1933 2316 2135 2369 σῶσαιο
2169 2314 2375 2373 ἐκεῖνος
2400 2309 2509 2379 γὰρ
2534 2303 2601 2378 ἦν
2623 2309 2652 2360 ὁ
2682 2305 2922 2378 ἀρχηγὸς
2950 2304 3047 2374 τῆς
3075 2303 3365 2376 ἁμαρτίας.
3402 2301 3522 2357 Καὶ·

1928 2399 2016 2452 διὰ
2047 2397 2206 2450 τοῦτο
2233 2395 2370 2466 αὑτῇ
2403 2393 2581 2445 δίδωσι
2607 2390 2749 2459 τάχα
2780 2387 2970 2458 καιρὸν
2996 2386 3114 2459 [97}
3149 2385 3442 2454 ἀπολογίας
3456 2395 3514 2449 ε,

1928 2483 2024 2537 καὶ
2058 2480 2305 2546 ἐξουσίαν
2336 2475 2645 2549 μετανοίας.
2680 2473 2768 2525 Διὸ
2799 2474 2894 2525 καὶ
2915 2471 3061 2538 λέγει
3085 2488 3097 2502 ο
3140 2469 3288 2524 Ειπέ
3307 2485 3428 2538 μοι.
3459 2470 3518 2522 εί

1927 2568 2223 2621 τοσούτου
2256 2563 2324 2616 τὸ
2374 2560 2592 2630 χωρίον
2633 2555 2971 2619 ἀπέδοσθε;
3012 2554 3084 2606 ἸΙ
3113 2552 3181 2606 δὲ
3216 2553 3366 2615 εἷπε,
3397 2551 3514 2606 Ναί

1927 2648 2341 2704 τοσούτουβο
2369 2643 2437 2697 δὲ
2469 2641 2690 2709 Πέτρος
2721 2635 2851 2692 εἷπε
2882 2636 3033 2705 πρὸς
3068 2634 3296 2701 αὑτήν·
3339 2635 3402 2688 Τί
3423 2635 3516 2690 ὅτι

1926 2729 2326 2800 συνεφωνήθη
2353 2725 2495 2796 ὑμῖν
2526 2721 2808 2790 πειρᾶσαι
2836 2720 2902 2774 τὸ
2938 2719 3181 2786 Πνεῦμα
3212 2717 3279 2770 τὸ
3307 2715 3521 2786 (irier;

1939 2815 2094 2872 Ἰδοὺ
2120 2818 2174 2868 οἱ
2205 2811 2385 2875 πόδες
2413 2808 2531 2862 τῶν
2557 2805 2880 2876 θαψάντων
2915 2803 3022 2857 τὸν
3052 2803 3242 2870 ἄνδρα
3267 2818 3384 2856 σου
3413 2801 3515 2855 ἐπι

1926 2899 2001 2968 τῇ
2027 2899 2195 2966 θύρᾳ,
2227 2895 2325 2950 καὶ
2347 2892 2660 2958 ἐξοίσουσί
2687 2907 2780 2944 σε.
2813 2890 3039 2942 Ἔπεσε
3055 2887 3123 2939 δὲ
3152 2883 3520 2954 παραχρῆμα

1927 2981 2086 3050 παρὰ
2116 2980 2256 3047 τοὺς
2289 2978 2476 3042 πόδας
2501 2973 2707 3038 αὐτοῦ,
2732 2972 2827 3026 καί
2845 2970 3166 3039 ἐξέψυξεν.
3195 2971 3521 3023 Εἰσελθόν-

1926 3083 2024 3133 τες
2043 3065 2111 3118 δὲ
2134 3067 2188 3118 οί
2215 3063 2526 3118 νεανίσκοι
2547 3055 2729 3125 εὖρον
2749 3055 2946 3135 αὐτὴν
2964 3054 3203 3123 νεκρὰν,
3230 3069 3326 3135 καί
3351 3053 3518 3135 ἐξενέ

1925 3151 2209 3222 έγκαντες
2270 3147 2506 3212 ἔθαψαν
2560 3141 2711 3208 πρὸς
2760 3139 2869 3222 τὸν
2904 3133 3346 3222 ἡάνδραᾲαὺτῆς.
3402 3134 3517 3188 Καὶ

1928 3219 2163 3305 ἐγένετο
2201 3231 2381 3300 φόϐος
2412 3226 2597 3296 μέγας
2635 3223 2726 3292 ἐφ’
2757 3221 2912 3289 ὅλην
2955 3219 3072 3288 τὴν
3106 3219 3512 3305 ςεκκλῃσίαν,

1927 3300 2025 3373 καὶ
2057 3316 2156 3371 ἐπὶ
2201 3313 2433 3377 πάντας
2463 3308 2604 3374 τοὺς
2648 3306 2983 3369 ἀκούοντας
3021 3300 3230 3355 ταῦτα.
3261 3301 3417 3355 Μετὰ
3452 3301 3522 3354 τὸ

1927 3401 2175 3472 γενέσθαι
2205 3397 2298 3451 τὸν
2336 3393 2498 3464 φόϐον
2523 3390 2698 3445 αὐτῶν
2716 3431 2731 3456 ,
2773 3387 2996 3472 πλείονα
3021 3389 3226 3472 σημεῖα
3255 3385 3516 3472 ιᾳποίουνῇ

1929 3467 2021 3541 καὶ
2044 3486 2122 3538 ὃτι
2148 3482 2383 3540 ἐποίουν.
2414 3479 2598 3532 ἄκουε.
2623 3475 2726 3528 Διὰ
2753 3471 2821 3526 δὲ
2845 3471 2964 3525 τῶν
2988 3469 3203 3541 χειρῶν
3226 3467 3345 3524 τῶν
3368 3471 3518 3524 ἀπο-

1932 3570 2171 3625 στόλων
2219 3567 2447 3636 ὲγίνετο
2501 3560 2722 3630 σημεῖα
2765 3557 2862 3611 καί
2912 3555 3126 3624 τέρατα
3165 3554 3236 3608 ἐν
3261 3551 3342 3619 τῷ
3387 3553 3518 3636 λαῷ

1933 3651 2150 3706 πολλὰ.
2179 3635 2289 3704 Καὶ
2309 3645 2471 3718 ἦσαν
2490 3640 2868 3714 ὁμοθυμαδὸν
2887 3640 3151 3703 ἅπαντες
3171 3639 3241 3692 ἐν
3265 3636 3339 3705 τῇ
3363 3635 3520 3704 στοᾷ

1932 3734 2348 3803 Σολομῶντος·
2395 3729 2515 3784 τῶν
2541 3726 2611 3781 δὲ
2631 3724 2860 3780 λοιπῶν
2887 3723 3089 3788 οὐδεὶς
3109 3723 3332 3791 ἐτόλμα
3371 3725 3516 3776 κολ-

1931 3818 2153 3874 λᾶσθαι
2188 3813 2426 3881 αὐτοῖς,
2472 3811 2608 3870 ἀλλ’
2633 3807 3004 3879 ἐμεγάλυνεν
3030 3805 3252 3871 αὐτοὺς
3281 3809 3511 3873 ό-λαός.

1933 3903 2190 3965 Εἰκότως.
2233 3899 2345 3953 Καὶ
2373 3898 2481 3968 γὰρ
2510 3898 2538 3948 ὁ
2570 3895 2772 3964 Πέτρος
2801 3888 2868 3962 ἦν
2896 3890 3094 3968 λοιπὸν
3123 3889 3380 3960 φοὸερὸς,
3425 3906 3516 3942 κο-

1932 3985 2112 4050 λάζων
2152 3986 2245 4038 καὶ
2288 3983 2358 4036 τὰ
2389 3967 2488 4045 εἰς
2519 3978 2643 4032 νοῦν
2686 3976 3018 4047 ἐξελέγχωνδ
3073 3967 3118 4041 ᾧ
3165 3974 3260 4027 καὶ
3315 3972 3519 4043 μᾶλλον

1933 4070 2287 4141 προσέκειντο
2311 4067 2399 4120 διά
2430 4081 2490 4116 τε
2527 4063 2588 4115 τὸ
2618 4062 2864 4131 σημεῖον,
2901 4058 2995 4112 καὶ
3026 4058 3126 4129 τὴν
3158 4054 3383 4128 πρώτην
3418 4056 3516 4127 δη-

1937 4150 2224 4226 μηγορίάν,
2256 4149 2352 4202 καὶ
2384 4147 2484 4219 τὴν
2523 4145 2805 4216 δευτέραν,
2840 4143 2935 4197 καὶ
2958 4141 3069 4214 ’τὴν
3091 4141 3303 4212 τρίτην.
3343 4141 3516 4226 Αὑτὺς

1933 4225 2042 4308 γὰρ
2088 4235 2184 4290 καὶ
2231 4233 2292 4286 τὸ
2330 4233 2554 4303 σημεῖον
2591 4226 2885 4300 εἰργάσατο
2929 4227 2990 4280 τὸ
3027 4226 3278 4297 πρῶτον.
3319 4226 3414 4279 καὶ
3454 4225 3520 4280 τὸ

1933 4321 2204 4391 δεύτερον,
2258 4319 2352 4370 καὶ
2393 4315 2452 4369 τὸ
2489 4313 2617 4379 νῦν,
2663 4313 2800 4382 ὅπερ
2828 4312 2951 4382 ἐμοὶ
2996 4313 3090 4365 καὶ
3126 4311 3370 4380 διπλοῦν,
3399 4310 3516 4365 ἀλλ’

1933 4405 2031 4475 οὐχ
2055 4400 2244 4464 ἁπλῶς
2270 4400 2328 4454 ἓν
2350 4417 2402 4452 τι
2443 4397 2538 4452 καὶ
2563 4397 2722 4468 μόνον
2754 4393 2894 4449 εἶναι
2916 4394 3098 4449 δοκεῖ·
3132 4393 3190 4448 ἓν
3217 4395 3336 4467 μὲν,
3359 4395 3421 4449 τὸ
3445 4395 3517 4450 τὰ

1933 4491 2078 4545 κατὰ
2099 4489 2337 4542 διάνοιαν
2371 4483 2605 4554 ἐλέγξαι*
2641 4483 2892 4555 δεύτερον
2918 4482 2996 4548 δὲ,
3028 4483 3090 4537 τὸ
3117 4485 3326 4539 ἀνελεῖν
3347 4503 3518 4558 προσ-

1935 4578 2197 4645 τάγματι.
2239 4573 2490 4627 Μᾶλλον
2516 4569 2586 4623 δὲ
2621 4570 3045 4637 προσετίθεντο
3091 4573 3511 4638 πιστεύοντες,

1935 4660 2120 4730 φησὶν.
2155 4657 2234 4724 τῷ
2258 4658 2452 4726 κυρίῳ
2480 4658 2683 4725 πλήθη
2715 4655 2950 4723 ἀνδρῶν
2973 4672 3037 4709 τε
3065 4655 3160 4709 καί
3191 4657 3514 4725 γυναικῶν,

1933 4745 2091 4798 ὣστε
2117 4742 2269 4797 κατὰ
2298 4745 2403 4808 τὰς
2432 4742 2722 4806 πλατείας
2749 4740 3023 4809 ἐκφέρειν
3043 4740 3184 4804 τοὺς
3211 4741 3511 4807 ἀσθενεῖς,

1935 4830 2033 4884 καὶ
2061 4828 2282 4882 τιθέναι
2325 4826 2422 4879 ἐπὶ
2467 4825 2586 4879 τῶν
2629 4823 2856 4879 κλινῶν
2886 4823 2983 4876 καὶ
3013 4823 3374 4892 κραϐὅάτων,
3412 4826 3514 4880 ἵνα

1929 4913 2257 4982 ἐρχομένου
2298 4911 2525 4978 Πέτρου
2564 4907 2684 4963 κᾶν
2726 4910 2763 4974 ἠ
2820 4912 2965 4961 σκιὰ
3007 4907 3340 4976 ἐπισκιάσῃ
3391 4911 3510 4966 τινι

1930 4997 2148 5052 αὐτῶν.
2172 4996 2341 5050 Τοῦτο
2369 4995 2462 5048 ἐπὶ
2487 4993 2579 5048 τοῦ
2610 4989 2848 5066 Χριστοῦ
2882 4992 2941 5044 ού
2971 4991 3225 5061 γέγονεν’
3262 4993 3386 5048 ὅθεν
3419 4995 3514 5050 καὶ

1930 5084 2064 5155 ὁρᾷν
2086 5081 2183 5136 νῦν
2207 5083 2355 5134 ἐστιν
2371 5080 2517 5150 ἔργῳ
2553 5079 2615 5132 τὸ
2648 5076 2739 5130 ὑπ’
2771 5075 2933 5131 αὑτοῦ
2958 5077 3244 5150 εἰρημένον
3274 5079 3508 5145 ἐξελθόν.

1931 5168 2090 5221 Ποῖον
2111 5166 2174 5238 δὴ
2211 5165 2402 5230 τοῦτο;
2447 5165 2510 5218 Ὀ
2539 5163 2843 5216 πιστεύων
2883 5167 2972 5230 είς
3005 5163 3130 5232 ἐμὲ,
3161 5164 3235 5218 τὰ
3264 5164 3408 5235 ἔργα
3427 5205 3442 5230 ,
3473 5165 3513 5220 ἄ

1927 5249 2043 5320 ἐγὼ
2073 5248 2242 5311 ποιῶ,
2273 5246 2551 5312 κάκεῖνος
2577 5246 2814 5312 ποιήσει
2833 5288 2847 5312 ,
2879 5247 2977 5302 καὶ
3017 5245 3260 5316 μείζονα
3285 5250 3515 5305 τούτων

1929 5333 2186 5399 ποιήσει.
2220 5331 2562 5398 Συνήρχετο
2591 5330 2660 5384 δὲ
2684 5332 2781 5385 καί
2814 5332 2882 5385 τὸ
2920 5333 3153 5400 πλῆθος
3180 5333 3298 5388 τῶν
3338 5333 3511 5402 πέριξ

1930 5419 2164 5472 πόλεων
2187 5418 2272 5481 είς
2320 5415 2750 5487 Ἰερουσαλὴμ,
2791 5416 3074 5487 φέροντες
3104 5420 3379 5484 ἀσθενεῖς
3411 5418 3511 5472 καί

1930 5499 2343 5568 ὀχλουμένους
2365 5498 2483 5552 ὑπὸ
2508 5501 2862 5570 πνευμάτων
2895 5503 3258 5575 ἀκαθάρτων,
3293 5503 3511 5569 οἵτινες

1929 5583 2357 5650 ἐθεραπεύοντο
2381 5583 2663 5650 ἅπαντες.

2003 5665 2074 5718 Σὺ
2121 5666 2178 5718 δέ
2230 5683 2320 5737 μοι
2361 5668 2587 5731 σκόπει,
2635 5668 2752 5732 πῶς
2795 5667 2979 5732 αὑτοῖς
3012 5668 3040 5720 ὁ
3080 5667 3193 5738 βίος
3226 5667 3509 5738 ὑφαίνεται

1933 5751 2041 5813 πᾶς
2073 5748 2161 5801 διὰ
2201 5751 2309 5802 τῶν
2346 5751 2620 5806 ἐναντίων.
2666 5747 2811 5811 Οἷον.
2838 5751 3044 5822 ἀθυμία
3091 5751 3279 5823 πρώτη
3316 5754 3508 5823 γέγονε

1926 5832 2014 5886 διὰ
2041 5833 2140 5904 τὴν
2171 5833 2438 5906 ἀνάληψιν
2470 5835 2564 5888 τοῦ
2593 5835 2853 5905 Χριστοῦ,
2881 5831 3000 5890 εἶτα
3028 5835 3262 5908 εὑθυμία
3291 5837 3382 5891 διὰ
3405 5837 3511 5910 τὴν

1991 5930 2013 5959 ⁸
2038 5930 2137 5980 Alli
2162 5930 2327 5979 δίδωσι
2359 5931 2645 5991 προθεσμίαν
2683 5928 2954 5990 ἀπολογίας.
