4076 6354
525 282 621 334 101

507 395 601 449 τοῦ
626 392 764 448 Πνεύ
773 409 940 464 ματος
965 393 1192 448 κάθοδον
1208 409 1223 425 ’
1250 393 1411 447 πάλιν
1445 390 1649 461 ἀθυμία
1674 387 1760 441 διὰ
1783 386 1908 448 τοὺς
1932 381 2086 453 χλευ-

510 477 761 544 άζοντας,
789 475 908 529 εἶτα
940 477 1174 545 εὐθυμία
1207 474 1294 528 διά
1336 475 1458 538 τοὺς
1501 472 1725 535 πιστοὺς
1759 469 1854 522 καὶ
1893 468 1957 519 τὸ
1992 482 2088 535 ση-

517 566 687 632 μεῖον·
709 560 872 613 πάλιν
889 560 1092 627 ἀθυμία
1108 559 1194 611 διὰ
1210 559 1269 611 τὺ
1285 556 1703 627 κατασχεθῆναι,
1720 546 1837 632 εἶτα
1852 549 2085 620 εὐθυμία

507 645 595 697 διὰ
611 644 708 711 τῆς
723 640 1035 710 ἀπολογίας.
1054 640 1222 694 Πάλιν
1238 638 1472 693 ἐνταῦθα
1489 640 1583 692 καὶ
1600 631 1834 702 εὐθυμία
1848 633 1942 687 καὶ
1955 632 2086 685 ἀθυ-

511 728 628 797 μία.
654 726 777 778 Ὀτι
808 724 905 794 μέν
932 725 1042 794 γάρ
1068 719 1204 793 ἦσαν
1222 735 1247 762 ιι
1278 722 1537 792 λαμπροὶ,
1565 722 1658 773 καὶ
1688 721 1716 771 6
1743 718 1874 779 Θεὸς
1903 715 2088 797 αὐτοῖς

509 796 875 878 ἀπεκάλυψεν,
916 806 1181 876 εὐθυμία·
1219 805 1299 857 6::
1339 804 1396 857 δέ
1438 804 1566 867 τοὺς
1613 801 1793 855 αὐτῶν
1829 796 2085 869 ἀνῄρουν,

511 884 739 961 ἀθυμία.
768 890 935 943 Πάλιν
967 887 1199 957 εὐθυμία
1228 886 1335 939 ἀπὸ
1364 890 1461 957 τῆς
1487 884 1894 956 λαμπρότητος⁹
1925 879 2086 934 πάλιν

511 970 718 1043 ἀθυμία
755 974 862 1026 ἀπὸ
906 970 997 1024 τοῦ
1049 970 1371 1043 ἀρχιερέως.
1415 970 1523 1022 Καὶ
1555 968 1727 1021 διόλου
1776 965 1932 1019 τοῦτο
1966 979 2090 1016 σκο-

512 1057 799 1126 πουμένοις
831 1056 955 1108 ίδεῖν
988 1054 1210 1108 δυνατόν
1228 1071 1243 1085 ⁸
1276 1053 1369 1107 καὶ
1394 1053 1483 1106 ἐπὶ
1512 1052 1620 1106 τῶν
1653 1049 1894 1105 παλαιῶν
1916 1046 1973 1101 δὲ
1999 1045 2089 1099 οὔ·

509 1152 617 1203 τως
644 1140 792 1209 εὖροι
839 1156 921 1202 τις
954 1138 1018 1191 ἄν
1042 1139 1090 1192 δ.
1118 1138 1345 1207 Ἷδωμεν
1372 1136 1429 1190 δὲ
1466 1135 1669 1191 ἄνωθεν
1701 1135 1769 1189 τὰ
1802 1132 2085 1204 εἰρημένα.

523 1221 843 1286 Ἐπώλουν,
874 1220 1039 1292 φησὶ,
1081 1220 1177 1273 καὶ
1212 1222 1427 1289 ἔφερον
1460 1220 1567 1286 τὰς
1601 1220 1789 1286 τιμὰς,
1833 1216 1931 1271 καὶ
1968 1215 2089 1270 ἐτί-

510 1294 659 1360 θουν
681 1306 840 1373 παρὰ
869 1304 1009 1369 τοὺς
1038 1303 1226 1369 πόδας
1255 1302 1374 1356 τῶν
1398 1303 1777 1357 ἀποστόλων.
1804 1300 1946 1375 Ὀρα
1976 1316 2088 1370 μοι,

510 1384 782 1458 ἀγαπητέ,
816 1386 934 1448 πῶς
957 1384 1018 1439 οὐ
1051 1388 1163 1449 τοῖς
1187 1385 1504 1448 ἀποστόλοις
1531 1384 1832 1454 ἐπέτρεπον
1864 1382 2086 1446 πωλεῖν,

509 1471 624 1523 ἀλλ’
648 1471 802 1523 αὐτοὶ
829 1468 1093 1533 ἐπώλουν,
1121 1470 1216 1521 καὶ
1247 1468 1347 1531 τάς
1371 1467 1538 1538 τιμὰς
1567 1466 1795 1529 ἐκείνοις
1819 1465 2082 1519 ἐδίδοσαν.

524 1551 661 1607 Ἀλλ’
700 1555 797 1624 οὐχ
841 1552 1013 1615 οὓτως
1041 1553 1070 1604 6
1105 1551 1373 1617 Ἀνανίας,
1402 1550 1518 1604 ἀλλ’
1554 1544 1866 1622 ύφαιρεῖταί
1894 1565 1947 1602 τι
1989 1548 2092 1618 τῆς

509 1639 679 1708 τιμῆς
707 1631 768 1690 οὐ
802 1636 1031 1689 ἀπέδοτο
1056 1634 1226 1706 ἀγροῦ
1247 1650 1262 1666 ο
1291 1633 1369 1687 διὸ
1397 1633 1509 1707 [98]
1544 1635 1638 1687 καὶ
1666 1633 1987 1703 τιμωρεῖται
2014 1630 2091 1695 ώς

510 1720 570 1776 τὸ
600 1723 832 1791 πρᾶγμα
879 1720 954 1789 μὴ
999 1718 1178 1780 καλῶς
1218 1716 1567 1787 διαθέμενος,
1610 1715 1703 1768 καὶ
1749 1713 1995 1768 κλέπτων
2022 1712 2093 1766 τά

509 1803 704 1857 ἐαυτοῦ
756 1801 1048 1874 φωραθείς.
1089 1793 1256 1863 Οὗτος
1288 1799 1382 1853 καὶ
1412 1797 1521 1851 τῶν
1563 1796 1657 1851 νῦν
1699 1796 1885 1869 ίερέων
1917 1795 2093 1868 ἥψατο

508 1889 541 1942 6
567 1887 743 1956 λόγος,
778 1887 873 1940 καὶ
907 1886 1110 1955 σφόδρα
1138 1884 1278 1937 κατά
1319 1883 1539 1954 κράτος.
1586 1882 1737 1934 Ἐπεὶ
1774 1881 1832 1935 δὲ
1875 1879 2091 1951 συνῄδει

510 1971 587 2043 τῷ
615 1969 894 2041 γενομένῳ
918 1968 1012 2022 καὶ
1038 1970 1073 2040 ή
1100 1966 1289 2021 τούτου
1316 1965 1475 2037 γυνὴ,
1504 1964 1593 2018 διά
1619 1964 1777 2018 τοῦτο
1802 1963 1896 2017 καὶ
1923 1962 2091 2035 αὐτὴν

513 2055 780 2121 ἐξετάζει.

586 2136 650 2206 β’.
685 2136 822 2188 Ἀλλ’
846 2136 977 2199 ἴσως
1000 2133 1144 2187 εῐποι
1180 2151 1265 2198 τις
1285 2133 1371 2201 ἂν,
1393 2133 1474 2186 δτι
1496 2130 1700 2203 σφόδρα
1724 2130 1937 2202 πικρῶς
1953 2129 2090 2203 αὐτῇ

512 2220 803 2291 ἐχρήσατο.
831 2218 897 2270 Τί
918 2218 1134 2285 λέγεις;
1167 2216 1289 2269 είπέ
1324 2233 1434 2285 μοι,
1465 2214 1590 2268 ποία
1615 2214 1841 2287 πικρία;
1870 2213 1933 2268 Et
1961 2214 2094 2280 ξύλα

512 2316 595 2365 τις
622 2301 879 2367 συλλέξας
902 2299 1281 2363 καταλεύεται,
1306 2298 1485 2368 πολλῷ
1516 2296 1716 2367 μᾶλλον
1736 2300 1764 2350 6
1789 2296 2089 2368 ἱερόσυλος·

512 2384 805 2439 καὶταῦτα
830 2384 939 2456 γάρ
964 2384 1085 2455 ίερά
1110 2381 1295 2436 λοιπὸν
1326 2375 1393 2451 ἦν
1424 2382 1494 2435 τά
1523 2381 1798 2451 χρήματα.
1828 2379 2034 2435 Οὐκοῦν
2065 2380 2094 2433 6

513 2466 763 2538 ἐλόμενος
802 2466 870 2520 τά
904 2464 1067 2519 αὐτοῦ
1101 2464 1351 2532 πωλῆσαι
1398 2463 1492 2515 καὶ
1522 2461 1810 2526 διαδοῦναι,
1840 2458 1957 2515 εἶτα
2000 2462 2094 2515 λαι

512 2551 644 2614 ϐὼν,
680 2550 954 2621 ἱερόσυλος
991 2548 1056 2602 ἂν
1090 2549 1196 2619 εἴη.
1230 2549 1293 2601 Εἰ
1324 2548 1382 2601 δὲ
1406 2549 1434 2600 6
1466 2548 1532 2600 ἐκ
1558 2547 1666 2600 τῶν
1692 2545 1858 2601 αὐτοῦ
1891 2546 2089 2611 λαϐὼν,

516 2638 561 2689 ιε
573 2634 824 2708 ρόσυλος,
859 2631 1038 2703 πολλῷ
1085 2631 1283 2702 μᾶλλον
1329 2631 1358 2683 6
1388 2632 1451 2683 ἐκ
1495 2628 1603 2682 τῶν
1646 2628 1962 2699 ἀλλοτρίων.
2000 2628 2090 2702 Μὴ

514 2722 642 2789 γάρ,
680 2715 864 2787 ἐπειδὴ
900 2713 993 2769 νῦν
1026 2714 1100 2785 μὴ
1128 2714 1335 2781 γίνεται
1370 2711 1545 2776 τοῦτο,
1588 2713 1682 2765 καὶ
1725 2712 1913 2764 ἕπεται
1944 2711 2093 2781 παρά

515 2801 684 2863 πόδας
723 2800 757 2869 ή
797 2796 1039 2862 κόλασις,
1087 2796 1343 2867 νομίσητε
1386 2794 1697 2865 ἀτιμωρητὶ
1736 2793 1911 2847 ταῦτα
1946 2794 2093 2862 γίνε-

518 2883 663 2937 σθαι.
698 2880 881 2952 Ὁρᾷς,
914 2880 994 2933 ὅτι
1019 2879 1176 2932 τοῦτο
1208 2878 1540 2949 ἐγκαλεῖται,
1570 2878 1652 2932 6::
1689 2878 1921 2949 ποιήσας
1953 2878 2092 2933 αύτά

519 2966 637 3037 ιερά
683 2967 968 3036 χρήματα,
1008 2962 1131 3016 τότε
1167 2962 1365 3026 ἔλαϐες
1413 2960 1505 3032 Μὴ
1550 2961 1659 3032 γὰρ
1699 2961 1800 3014 οὐκ
1836 2960 2091 3030 ήδύνασο,

518 3049 673 3120 φησὶ,
716 3048 810 3101 καὶ
844 3047 984 3118 μετά
1010 3046 1072 3098 τὸ
1114 3045 1364 3120 πωλῆσαι
1395 3043 1532 3098 αὐτά
1567 3043 1643 3107 ὡς
1674 3043 1823 3106 ἰδίοις
1852 3043 2095 3115 ἀποχρή-

519 3118 748 3197 σασθαι;
787 3130 860 3201 μὴ
902 3128 1009 3201 γὰρ
1048 3118 1351 3199 ἐκώλύθηςς
1390 3127 1480 3181 διὰ
1512 3128 1566 3181 τί
1600 3126 1740 3198 μετά
1768 3127 1830 3180 τὸ
1863 3127 2095 3197 ὑποσχέιο

519 3215 642 3269 σθαι
673 3213 998 3284 λαμϐάνειςς
1024 3212 1187 3283 Ὀρα,
1216 3211 1333 3275 πῶς
1356 3212 1557 3275 εὐθέως
1583 3211 1642 3276 ἐξ
1672 3211 1849 3284 ἀρχῆς
1869 3211 2094 3265 ἐπέθετο

516 3301 548 3353 6
577 3298 820 3363 διάϐολος
855 3296 1057 3368 μεταξύ
1107 3296 1348 3367 σημείων
1391 3295 1697 3366 γενομένων
1746 3296 1841 3350 καὶ
1878 3284 2093 3366 θαυμά-

444 3392 447 3393 ⁷
517 3397 626 3435 των
655 3379 956 3435 τοσούτων·
1006 3377 1203 3449 μᾶλλον
1230 3377 1286 3430 δέ
1319 3377 1439 3440 πῶς
1486 3378 1579 3430 καὶ
1609 3370 1763 3442 οὗτος
1794 3378 1885 3431 ὐπ’
1926 3377 2093 3432 αὐτοῦ

519 3463 811 3534 ἐπωρώθη.
838 3461 1088 3515 Τοιοῦτόν
1114 3478 1166 3513 τι
1194 3462 1288 3514 καὶ
1317 3463 1375 3515 ἐν
1399 3463 1465 3531 τῇ
1497 3461 1707 3531 Παλαιᾷ
1738 3461 1981 3531 γέγονεν,
2004 3463 2094 3515 ὅτε

519 3551 551 3603 6
581 3546 768 3618 Χαρμὶ
793 3545 854 3599 :6
884 3544 1140 3613 ἀνάθημα
1167 3544 1371 3613 κλέψας
1403 3544 1573 3599 ἐάλωο
1603 3544 1716 3598 ἀλλ’
1743 3545 1892 3615 ὅμως
1924 3546 2093 3614 ἔγνως

524 3631 621 3685 καὶ
656 3631 772 3683 ἐκεῖ
811 3626 929 3687 μεθ’
968 3627 1099 3697 ὅσης
1146 3624 1387 3689 ἐκδικίας
1417 3626 1697 3699 διωρθώθη
1730 3628 1790 3681 τὸ
1839 3632 2092 3700 πρᾶγμα.

535 3711 831 3784 Ἰεροσυλια
856 3710 963 3781 γὰρ
986 3708 1188 3780 σφόδρα
1210 3708 1465 3779 χαλεπὸν,
1487 3710 1760 3780 ἁγαπητέ,
1780 3714 1871 3764 καὶ
1895 3712 2096 3781 πολλῆς

523 3798 691 3868 γέμον
719 3793 1200 3865 καταφρονήσεως.
1225 3791 1363 3846 Οὔτε
1392 3792 1642 3865 πωλῆσαι
1677 3796 2093 3866 ἠναγκάσαμεν,

524 3881 709 3951 φησὶν,
738 3876 860 3931 οὐτε
892 3876 1217 3946 πωλήσαντα
1236 3876 1418 3930 δοῦναι
1442 3878 1511 3931 τά
1535 3880 1819 3950 χρήματαο
1857 3881 1921 3933 σὺ
1951 3881 2094 3932 εἵλου

523 3964 581 4029 ἐξ
616 3961 824 4024 οἰκείας
853 3957 1254 4031 προαιρέσεως·
1287 3960 1339 4013 τί
1376 3961 1555 4014 τοίνυν
1585 3961 1814 4031 ἔκλεψας
1852 3960 1961 4015 ἀπὸ
1986 3963 2096 4015 τῶν

525 4046 682 4117 ιερῶν
730 4045 1060 4116 χρημάτων;
1091 4043 1194 4097 Διά
1233 4045 1291 4097 τί
1322 4044 1661 4112 ἐπλήρωσε,
1702 4047 1885 4116 φησὶν,
1914 4049 1947 4099 ό
1983 4049 2096 4100 Σα-

523 4129 708 4195 τανᾶς
737 4129 851 4196 τὴν
890 4126 1141 4195 καρδίαν
1172 4141 1324 4189 σου;
1363 4131 1488 4200 Kal;
1517 4131 1565 4181 εί
1604 4131 1632 4181 6
1670 4130 1912 4192 Σατανᾶς
1940 4128 2098 4182 τοῦτο

525 4212 768 4281 ἐποίησε,
810 4209 862 4261 τί
896 4209 1059 4272 αὐτὸς
1102 4210 1445 4276 ἐγκαλεῖται;
1495 4214 1677 4274 Δίτιος
1710 4211 1899 4279 γέγονε
1943 4211 2099 4277 δεξάο

528 4306 686 4359 μενος
738 4288 901 4341 αὐτοῦ
943 4290 1041 4361 τὴν
1086 4292 1385 4361 ἐνέργειαν,
1440 4290 1536 4342 καῖ⁵
1589 4290 1916 4360 πληρωθείς.
1959 4290 2096 4343 Ἀλλ’

526 4371 629 4424 ἔδει
656 4370 964 4443 διορθῶσαι,
990 4372 1171 4443 φησίν.
1209 4371 1347 4424 Ἀλλ’
1374 4370 1473 4424 οὐκ
1502 4371 1568 4424 ἂν
1590 4371 1869 4443 διωρθώθη
1891 4387 1906 4403 ο
1935 4373 1965 4425 6
1990 4372 2097 4444 γὰρ

527 4453 749 4519 τοιαῦτα
773 4452 915 4523 δρῶν
938 4456 1031 4507 καὶ
1060 4454 1136 4524 μὴ
1166 4452 1455 4524 κερδάνας,
1487 4452 1667 4523 πολλῷ
1692 4453 1889 4523 μᾶλλον
1907 4455 2008 4507 οὐκ
2032 4456 2098 4508 ἂν

526 4537 729 4606 ἑτέρως
769 4535 1074 4607 ἐκέρδανεν.
1105 4537 1219 4589 Οὐκ
1250 4534 1355 4587 ἔδει
1383 4535 1563 4589 τοίνυν
1592 4536 1777 4599 ἁπλῶς
1810 4536 2097 4607 παρελθεῖν

525 4620 588 4673 τὸ
624 4618 868 4687 γεγονὸς,
900 4618 1013 4671 ἀλλ’
1047 4619 1122 4682 ὡς
1154 4617 1423 4690 σηπεδόνα
1460 4618 1582 4672 τινὰ
1620 4619 1982 4689 ἐκτμηθῆναι,
2014 4620 2099 4672 ἵνα
2142 4632 2153 4643 ⁸

529 4701 605 4775 μὴ
641 4703 718 4775 τῷ
747 4702 916 4773 λοιπῷ
959 4702 1265 4773 λυμήνηται
1302 4700 1536 4772 σώματι.
1575 4701 1690 4755 Νῦν
1728 4702 1827 4773 μὲν
1862 4702 1969 4773 γὰρ
2005 4702 2100 4755 καὶ

468 4814 475 4817 -
525 4782 680 4849 οὗτος
700 4786 975 4859 ὠφέληται
1009 4786 1083 4858 μὴ
1113 4782 1390 4857 προελθὼν
1420 4785 1729 4856 περαιτέρω
1759 4785 1977 4849 κακίας,
2006 4786 2100 4839 καὶ

525 4873 575 4924 οἱ
609 4870 781 4923 λοιποὶ
813 4869 1217 4940 σπουδαιότεροι
1247 4867 1560 4938 γενόμενοι⁸
1599 4868 1720 4921 τότε
1750 4868 1808 4921 δὲ
1842 4868 1916 4941 ἂν.
1939 4870 2097 4922 τούν-

527 4954 708 5005 αντίον
736 4954 951 5024 συνέϐη.
989 4952 1086 5007 Διά
1117 4950 1275 5005 τοῦτο
1307 4951 1523 5021 πρῶτον
1570 4950 1798 5020 ἐλέγχει,
1827 4951 1920 5004 καὶ
1943 4962 1966 4989 ο
2000 4951 2101 5004 δεί-

527 5052 735 5099 κνυσιν,
767 5036 848 5088 ὅτι
892 5037 992 5089 οὐκ
1024 5034 1212 5088 ἔλαθεν
1259 5035 1421 5088 αὐτὸν
1460 5034 1519 5087 :6
1551 5034 1797 5102 γεγονὸς,
1833 5034 1929 5087 καὶ
1976 5034 2101 5088 τότε

528 5116 895 5181 καταδικάζει.
929 5118 1031 5170 Διά
1064 5118 1120 5169 τί
1153 5117 1281 5188 γὰρ,
1313 5117 1468 5189 φησὶ,
1502 5116 1677 5170 τοῦτο
1723 5116 2098 5184 πεποίηκας;

528 5199 719 5272 ἤθελες
741 5200 915 5271 ἔχεινς
953 5200 1098 5253 Ἔδει
1132 5199 1272 5271 ἔχειν
1311 5201 1369 5267 ἐξ
1404 5202 1597 5272 ἀρχῆς,
1639 5202 1733 5255 καὶ
1764 5200 1838 5273 μὴ
1869 5202 2100 5271 ὐποσχέ-
2138 5236 2151 5250 .

532 5283 683 5337 001:-
717 5282 812 5336 νῦν
840 5284 898 5337 δὲ
925 5282 1106 5336 λαϐὼν
1142 5283 1278 5353 μετά
1307 5283 1369 5335 τὸ
1398 5283 1713 5351 ἀναθέσθαι,
1746 5284 1968 5355 μείζονα
1999 5285 2100 5355 τὴν

532 5366 833 5439 ἱεροσυλίαν
868 5366 1127 5437 εἰργάσω.
1168 5368 1226 5419 Ὀ
1257 5366 1356 5435 μὲν
1383 5366 1491 5437 γὰρ
1520 5368 1589 5420 τά
1617 5368 1725 5421 τῶν
1758 5367 1933 5422 ἄλλων
1963 5367 2101 5436 λαμ-

530 5449 727 5514 ϐάνων,
760 5451 888 5513 ἴσως
920 5448 1211 5519 ἀλλοτρίων
1239 5448 1583 5519 ἐπιθυμήσας
1610 5450 1877 5521 λαμϐάνει
1896 5466 1912 5482 ’
1939 5454 2021 5504 σοὶ
2043 5449 2100 5505 δὲ

531 5528 657 5601 ἐξῆν
686 5532 828 5602 ἔχειν
852 5533 919 5586 τὰ
952 5532 1039 5585 σά.
1069 5532 1134 5585 Τί
1163 5531 1343 5584 τοίνυν
1376 5533 1637 5603 ἐποίησας
1661 5535 1802 5590 αὐτά
1837 5535 1977 5606 ἱερὰ,
2007 5538 2101 5591 καὶ

530 5617 651 5669 τότε
698 5615 884 5680 ἔλαϐες
911 5615 975 5682 d;
1026 5614 1158 5668 Ἀπὸ
1204 5615 1407 5686 πολλῆς
1452 5621 1906 5690 καταφρονήσεως
1944 5619 2102 5674 τοῦτο

597 5717 622 5746 ⁸
664 5718 759 5768 Alii
783 5719 854 5766 ὅτι
878 5720 959 5781 μὲν
992 5718 1071 5767 οὖν
1093 5718 1233 5777 ἦσαν.
1298 5717 1328 5759 δ
1353 5718 1489 5769 Unus
1510 5720 1616 5769 cod.
1649 5723 1729 5769 καὶ
1764 5724 1824 5781 δι’
1869 5726 1982 5772 ὅλου
2020 5726 2102 5772 013-

531 5794 625 5833 τως
666 5782 763 5830 ἴδοι
787 5797 855 5834 τις
881 5778 970 5838 ‘av,
995 5782 1074 5828 καὶ
1109 5782 1182 5829 ἐπὶ
1214 5782 1310 5829 τῶν
1345 5783 1560 5829 παλαιῶν
1600 5784 1748 5839 οὕτως
1782 5778 1877 5833 ἴδοι
1921 5803 1990 5841 τις
2027 5788 2099 5833 ἀν.

538 5841 707 5950 ἓςἸῚ-ςς
729 5841 869 5911 (odd.
895 5844 1080 5899 συνέϐη.
1118 5844 1344 5904 Δεύτερον
1378 5843 1556 5905 ἐλέγχει
1599 5846 1697 5892 καί.
1768 5845 1792 5883 ἀ
1820 5848 1968 5896 [Idem
1995 5850 2103 5896 ἐλα-

578 5919 614 5950 ·;
634 5919 766 5950 αντα.

578 5919 614 5958 ες
634 5919 766 5951 αὐτα.

1232 276 1292 332 S.
1331 271 1615 332 JOANNIS
1647 260 2133 327 CHRYSOS’IOMI
2168 260 2487 318 ARCIIIEP.
2526 257 3069 319 CONSTANTINOP.

2164 2076 2167 2079 λ
2190 2053 2436 2122 γεγονός.
2502 2052 2611 2107 Τοῦ
2620 2068 2680 2105 το

3659 260 3766 315 {02

2191 380 2518 452 πεποίηκας.
2543 381 2655 434 Οὐκ
2681 380 2793 450 ἔχει
2823 378 2885 432 :6
2910 377 3200 448 γενόμενοῦ
3229 375 3580 449 συγγνώμην,
3608 378 3769 438 ἐκτός

2192 466 2340 518 ἐστιν
2367 464 2688 532 ἀπολογίας.

2258 554 2463 627 Μηδεὶς
2494 555 2551 609 δὲ
2600 551 3050 616 σκανδαλιζέσθω,
3085 553 3139 606 et
3165 568 3309 614 τινες
3341 552 3437 606 καὶ
3487 550 3584 605 νῦν
3628 552 3773 604 εἰσιν

2187 638 2475 707 ἱερόσυλοι.
2517 639 2579 691 El
2632 639 2741 708 γὰρ
2777 638 2899 690 τότε
2939 632 3102 707 ἦσαν,
3166 635 3347 705 πολλῷ
3399 636 3599 707 μᾶλλον
3649 633 3768 696 νῦν,

2185 721 2274 776 ὅτε
2301 720 2471 774 πολλὰ
2495 721 2561 773 τά
2587 720 2752 774 κακά.
2791 720 2930 773 Ἀλλ’
2953 719 3263 788 ἐλέγχωμεν
3285 718 3482 782 αὐτοὺς
3510 719 3602 771 ἐπὶ
3633 718 3775 771 πάνυ

2185 822 2315 871 των,
2347 804 2433 857 ἵνα
2457 805 2549 857 καὶ
2576 807 2624 857 οἱ
2651 803 2829 857 λοιποὶ
2854 802 3019 872 φόϐον
3048 802 3263 873 ἔχωσιν.
3299 801 3357 855 Ὀ
3391 797 3590 865 Ἰούδας
3624 793 3773 871 ίερόο

2188 888 2347 952 συλος
2374 884 2470 959 ἦν’
2502 887 2615 941 ἀλλ’
2642 888 2742 941 οὐκ
2780 886 3129 940 ἐσκανδάλισε
3155 883 3313 938 τοῦτο
3338 885 3463 947 τοὺς
3491 884 3768 955 μαθητάς.

2197 969 2381 1041 Ὁρᾷς,
2407 970 2508 1024 ὅσα
2538 970 2685 1023 κακά
2726 971 2759 1040 ἠ
2793 969 2902 1023 τῶν
2943 968 3243 1040 χρημάτων
3286 962 3556 1036 ἐπιθυμία
3592 969 3771 1030 ποιεῖ;

2187 1054 2297 1108 Καὶ
2343 1052 2601 1119 ἐγένετο.
2630 1053 2782 1122 φησὶ,
2811 1054 2995 1121 φόϐος
3019 1050 3207 1122 μέγας
3245 1048 3360 1124 [99]
3407 1050 3505 1104 ἐπὶ
3538 1048 3773 1116 πάντας

2188 1135 2330 1202 τοὺς
2376 1136 2711 1201 ἀκούοντας
2746 1136 2951 1189 ταῦτα.
2991 1134 3228 1199 Ἐκεῖνος
3280 1134 3596 1205 ἐτιμωρήθη
3621 1174 3635 1197 ,
3675 1136 3773 1186 καὶ

2188 1218 2340 1273 ἄλλοι
2368 1218 2681 1290 ἐκέρδαναν.
2709 1212 2873 1271 Ὥστε
2915 1217 3014 1288 οὐχ
3049 1216 3235 1279 ἁπλῶς
3264 1210 3421 1269 τοῦτο
3465 1217 3771 1286 οἰκονομεῖ-

2189 1316 2314 1355 ται·
2349 1301 2525 1356 καίτοι
2561 1300 2617 1355 δὲ
2651 1301 2891 1373 σημείων
2925 1300 3097 1354 ἄλλων
3130 1299 3394 1370 πρότερον
3438 1300 3773 1369 γενομένων,

2188 1386 2340 1456 ὅμως
2379 1386 2481 1438 οὐκ
2525 1375 2594 1457 ἦν
2639 1380 2802 1455 φόϐος
2853 1383 3111 1447 τοιοῦτος.
3144 1377 3329 1445 Οὕτως
3375 1380 3571 1453 ἀληθές
3622 1384 3774 1435 ἐστιν

2188 1467 2384 1532 ἐκεῖνο,
2408 1468 2491 1521 6::
2525 1465 2855 1521 Γινώσκεται
2890 1463 3094 1537 Κύριος
3124 1462 3368 1537 κρίματα
3396 1465 3583 1519 ποιῶν.
3613 1464 3774 1517 Οὐτω

2189 1552 2286 1605 καὶ
2319 1551 2412 1605 ἐπὶ
2436 1554 2533 1623 τῆς
2560 1551 2795 1605 κιϐωτοῦ
2822 1550 3072 1620 γέγονεν·
3105 1548 3264 1609 Ὀζᾶν
3293 1548 3643 1618 ἐτιμωρήθη,
3669 1547 3770 1600 καὶ

2195 1635 2433 1705 ἐγένετο
2464 1635 2590 1703 τοῖς
2639 1634 2852 1701 ἄλλοις
2904 1635 3107 1703 φόϐος.
3150 1631 3290 1685 Ἀλλ’
3317 1633 3432 1685 ἐκεῖ
3464 1632 3560 1702 μὲν
3592 1630 3772 1699 φοϐη-

2194 1719 2309 1784 θεὶς
2344 1720 2372 1773 6
2413 1718 2663 1789 βασιλεὺς
2706 1716 2966 1773 ἀπώσατο
3007 1716 3105 1788 τὴν
3137 1715 3400 1769 κιϐωτόν·
3434 1713 3665 1768 ἐνταῦθα
3710 1713 3771 1767 δὲ

2188 1796 2334 1858 οὗτοι
2370 1802 2567 1873 μᾶλλον
2595 1800 3089 1873 προσεκτικώτεροι
3139 1798 3399 1868 γίνονται.
3442 1794 3616 1862 Εἶδες,
3650 1796 3772 1860 πῶς

2189 1884 2291 1939 οὐκ
2334 1885 2560 1940 ἐκάλεσε
2595 1883 2761 1937 αὐτὸν
2800 1884 2830 1936 6
2863 1884 3101 1955 Πέτρος,
3136 1881 3251 1936 ἀλλ’
3300 1881 3581 1952 ἀνέμεινεν
3623 1878 3768 1932 ὥστε

2189 1968 2482 2023 εἰσελθεῖνο
2512 1967 2633 2022 οὐδὲ
2664 1966 2771 2020 τῶν
2806 1966 2980 2021 ἄλλων
3005 1984 3089 2030 τις
3117 1965 3415 2036 ἐτόλμησεν
3447 1964 3679 2030 ἐξειπεῖν
3706 1963 3775 2016 τὸ

2762 2050 2925 2119 φόϐος
2973 2050 3291 2105 διδασκάλου
3317 2089 3332 2113 ,
3402 2048 3557 2102 τοῦτο
3632 2049 3781 2119 τιμὴ

2195 2135 2475 2207 μαθητῶν,
2516 2134 2675 2188 τοῦτο
2724 2134 2959 2205 ὑπακοή.
3010 2133 3191 2201 Τριῶν
3232 2131 3400 2200 ὡρῶν
3448 2129 3771 2197 διάστημα.

2191 2221 2303 2273 Καὶ
2330 2218 2430 2273 οὐκ
2463 2218 2660 2290 ἔμαθεν
2691 2218 2724 2289 ή
2752 2218 2913 2287 γυνὴ,
2943 2216 3064 2269 οὐδέ
3093 2214 3274 2281 ἐξεϊπέ
3312 2230 3397 2277 τις
3431 2213 3539 2266 τῶν
3570 2214 3776 2283 παρόν-

2190 2318 2321 2365 των,
2356 2301 2532 2355 καίτοι
2572 2317 2637 2369 γε
2668 2300 2851 2355 ίκανὸν
2874 2296 2943 2370 ἦν
2968 2298 3287 2368 ἐξηχθῆναιο
3322 2296 3434 2350 ἀλλ’
3459 2296 3772 2366 ἐφοϐοῦντο.

2192 2382 2365 2437 Τοῦτο
2398 2383 2527 2452 γοῦν
2564 2384 2659 2437 καὶ
2701 2383 2995 2454 θαυμάζων
3032 2382 3060 2433 6
3097 2380 3445 2452 συγγραφεὺς
3482 2378 3650 2447 λέγει,
3685 2380 3774 2433 ὅτι

2192 2465 2290 2533 Μὴ
2327 2467 2519 2521 εἰδυῖα
2565 2467 2633 2520 τὸ
2674 2466 2942 2536 γεγονὸς,
2990 2464 3258 2532 εἰσῆλθε.
3304 2462 3499 2516 Καίτοι
3545 2479 3610 2531 γε
3660 2462 3776 2516 ἀπὸ

2191 2549 2382 2604 τούτου
2416 2550 2545 2621 ἐνῆν
2585 2550 2795 2622 μαθεῖν,
2826 2551 2910 2604 6::
2948 2545 3054 2602 οἶδε
3092 2546 3162 2602 τά
3202 2544 3550 2601 λανθάνοντα.
3587 2544 3686 2598 Διά
3717 2545 3777 2598 τί

2191 2633 2303 2703 γὰρ
2340 2634 2542 2704 μηδένα
2579 2634 2886 2705 ἐρωτήσας,
2936 2627 3080 2703 ι’)’μᾶς
3113 2630 3327 2702 ἐρωτᾷ;
3354 2628 3432 2705 ξἩ
3481 2628 3654 2699 δῆλον,
3688 2629 3777 2682 ὅτι

2191 2711 2274 2780 ὡς
2296 2717 2486 2781 είδώς;
2523 2715 2664 2769 Ἀλλ’
2698 2703 2937 2786 ήπολλή
2966 2713 3223 2785 πώρωσις
3252 2703 3362 2764 οὐκ
3384 2712 3565 2764 εἴασεν
3602 2709 3779 2783 αὐτὴν

2191 2799 2254 2854 τὸ
2297 2799 2549 2872 ἔγκλημα
2594 2797 3005 2860 ἀποδύσασθαι,
3056 2795 3192 2850 ἀλλὰ
3244 2793 3383 2867 μετὰ
3434 2794 3718 2857 αὐθαδείας
3749 2807 3777 2835 ιι

2189 2884 2391 2955 πολλῆς
2446 2883 2841 2955 ἀποκρίνεται·
2892 2879 3111 2951 ἐνόμιζε
3147 2878 3254 2950 γάρ
3302 2877 3440 2949 πρὸς
3487 2877 3783 2948 ἄνθρωπον

2189 2971 2553 3040 διαλέγεσθαι.
2582 2970 2655 3023 T6
2687 2968 2859 3023 δεινὸν
2884 2966 3063 3033 τοῦτο,
3089 2967 3170 3019 6::
3202 2966 3277 3029 ὡς
3321 2968 3385 3018 ἐκ
3421 2967 3547 3035 μιᾶς
3580 2964 3778 3036 βουλῆς

2190 3057 2285 3110 ἐπὶ
2329 3056 2429 3127 τὴν
2469 3053 2746 3128 ἁμαρτίαν
2793 3048 2977 3125 ἦλθον,
3028 3049 3284 3121 ῆῶσπερ
3338 3049 3446 3104 ἀπὸ
3499 3050 3789 3119 συνθήκης

2190 3139 2354 3204 τινός.
2391 3140 2454 3193 Τί
2504 3139 2594 3194 ὅτι
2640 3135 3040 3205 συνεφωνήθη
3078 3133 3242 3202 ὑμῖν,
3282 3134 3450 3203 φησὶ,
3496 3130 3781 3201 πειρᾶσαι

2192 3222 2262 3276 τὸ
2296 3221 2539 3292 Πνεῦμα
2570 3219 2636 3274 τὸ
2670 3219 2879 3290 ἄγιον;
2920 3216 3064 3272 Ἰδοὺ
3101 3219 3154 3269 οὶ
3185 3215 3367 3281 πόδες
3396 3214 3516 3267 τῶν
3542 3214 3777 3283 θαψάν-

2197 3320 2318 3360 των
2364 3305 2472 3359 τὸν
2518 3303 2708 3372 ἄνδρα
2764 3318 2881 3356 σου
2929 3299 3028 3353 ἐπὶ
3080 3298 3197 3367 τὴν
3239 3300 3445 3366 θύραν,
3481 3298 3577 3351 καί
3615 3298 3777 3363 ἐξοί-

2191 3388 2378 3442 σουσι
2414 3400 2507 3442 σε.
2537 3386 2806 3457 Πρότερον
2838 3383 3006 3454 αὐτὴν
3042 3381 3280 3435 διδάσκει
3308 3381 3368 3435 :6
3397 3380 3417 3419 ί
3449 3381 3774 3452 ἁμάρτημα,

2193 3472 2287 3526 καὶ
2323 3471 2444 3525 τότε
2473 3469 2767 3531 δείκνυσιν,
2793 3468 2875 3521 6::
2906 3465 3130 3528 δικαίως
3156 3465 3224 3519 τά
3248 3465 3388 3518 αὐτά
3420 3464 3666 3518 πείσεται
3692 3464 3778 3533 τῷ

2193 3554 2378 3626 ἀνδρίο
2408 3551 2594 3623 ἐπειδὴ
2625 3551 2719 3605 καὶ
2757 3550 2826 3604 τά
2868 3550 3007 3604 αὐτά
3035 3550 3269 3621 ἥμαρτε.
3301 3549 3410 3601 Ka‘:
3444 3547 3581 3611 πῶς,
3612 3550 3773 3619 φησὶ,

2193 3635 2560 3707 Παραχρῆμα
2594 3635 2777 3689 ἔπεσε
2825 3635 2984 3702 παρὰ
3018 3633 3161 3698 τοὺς
3191 3632 3381 3696 πόδας
3424 3632 3635 3694 αὐτοῦ,
3672 3633 3776 3685 καί

2193 3719 2494 3788 ἐξέψυξεν
2505 3735 2525 3784 ;
2548 3717 2671 3772 Ὀτι
2702 3716 2927 3788 πλησίον
2953 3718 3214 3786 εἱστήκει.
3242 3713 3427 3778 Οὕτως
3456 3714 3608 3766 αὐτοὶ
3646 3715 3774 3768 καθ’

2193 3803 2404 3858 ἑαυτῶν
2435 3802 2534 3874 τὴν
2566 3801 2832 3874 τιμωρίαν
2879 3801 3275 3854 ἐπεσπάσαντο.
3317 3799 3413 3862 Τίς
3456 3797 3641 3851 λοιπὸν
3670 3801 3775 3853 οὐκ

2196 3887 2263 3941 ἂν
2295 3885 2605 3956 ἐξεπλάγης
2647 3885 2732 3947 τίς
2774 3884 2874 3937 οὐκ
2904 3883 2970 3937 ἂν
3000 3882 3169 3935 ἔδεισε
3203 3882 3296 3934 τὸν
3325 3880 3655 3945 ἀπόστολονς
3687 3883 3775 3945 τίς

2195 3972 2295 4024 οὐκ
2317 3969 2381 4023 ἂν
2421 3967 2692 4038 ἐθαύμασε
2721 3982 2736 4032 ;
2761 3966 2872 4020 Καὶ
2906 3960 3069 4036 ἦσαν
3106 3967 3131 4005 ⁸
3160 3964 3552 4033 ὁμοθυμαδὸν,
3584 3965 3772 4034 φησὶν,

2197 4052 2461 4117 ἅπαντες
2488 4052 2558 4105 ὲν
2594 4049 2669 4119 τῇ
2705 4047 2858 4116 στοᾷ
2890 4047 3292 4117 Σολομῶντος.
3328 4048 3423 4102 Ἐκ
3456 4046 3643 4100 τούτου
3676 4048 3770 4117 δῆ-

2196 4136 2308 4201 λον,
2354 4136 2435 4190 6::
2483 4134 2583 4188 οὐκ
2615 4136 2673 4187 ἐν
2703 4133 2870 4202 οἰκίᾳ,
2900 4130 3037 4185 ἀλλά
3085 4130 3147 4184 τὺ
3182 4130 3328 4201 ἱερὸν
3373 4130 3772 4193 καταλαϐόντες

2197 4221 2313 4272 ἐκεῖ
2338 4216 2602 4288 διέτριϐον
2622 4232 2638 4248 ·
2667 4214 2789 4269 οὕτε
2823 4214 2928 4286 μὴν
2954 4213 3137 4267 λοιπὸν
3158 4213 3480 4284 ἀκαθάρτων
3504 4215 3771 4268 ἅπτεσθαι

2197 4301 2582 4370 ἐφυλάττοντο,
2612 4297 2726 4352 ἀλλ’
2752 4298 2939 4361 ἁπλῶς
2970 4295 3205 4368 ἥπτοντο
3249 4296 3359 4350 τῶν
3402 4294 3628 4367 νεκρῶν.
3660 4297 3770 4349 Καὶ

2196 4384 2333 4454 δρα,
2373 4383 2492 4446 πῶς
2526 4384 2584 4435 ἐν
2625 4381 2724 4452 μὲν
2767 4384 2881 4446 τοῖς
2926 4381 3148 4445 οἰκείοις
3196 4381 3303 4434 είσὶ
3348 4380 3584 4451 σφοδροὶ,
3620 4381 3678 4433 ἐν
3708 4380 3769 4432 δὲ

2196 4469 2308 4531 τοῖς
2357 4463 2661 4537 ἀλλοτρίοις
2694 4465 2753 4517 οὐ
2798 4465 3090 4535 κέχρηνται
3130 4466 3195 4534 τῇ
3237 4463 3483 4533 δυνάμει.
3516 4460 3774 4517 Μᾶλλον

2197 4550 2296 4616 δὲ,
2331 4550 2498 4621 φησὶ,
2545 4550 2965 4617 προσετίθεντο
3018 4546 3406 4602 πιστεύοντες
3448 4544 3527 4611 τῷ
3574 4546 3774 4613 Κυρίῳ

2197 4633 2400 4704 πλήθη
2427 4632 2663 4701 ἀνδρῶν
2693 4649 2758 4686 τε
2781 4634 2880 4686 καὶ
2923 4629 3250 4702 γυναικῶν·
3278 4628 3434 4683 ὥστε
3471 4630 3619 4683 κατὰ
3658 4628 3771 4696 τὰς

2197 4717 2486 4784 πλατείας
2520 4714 2741 4770 τιθέναι
2782 4714 2925 4781 τοὺς
2956 4712 3235 4779 ἀσθενεῖς
3255 4712 3355 4767 ἐπί
3403 4710 3627 4765 κλινῶν
3666 4713 3769 4765 καί

2198 4799 2555 4869 κραϐϐάτων,
2605 4799 2703 4852 ἵνα
2753 4788 3076 4867 ἐρχομένου
3126 4796 3352 4865 Πέτρου
3378 4797 3495 4851 κᾶν
3542 4796 3582 4865 ή
3622 4798 3772 4851 σκιὰ

2196 4886 2523 4955 ἐπισκιάσῃ
2556 4886 2677 4939 τινί
2705 4884 2924 4939 αὐτῶν.

2268 4978 2335 5039 γ’.
2357 4970 2533 5040 Πολλὴ
2556 4969 2665 5023 τῶν
2708 4969 3039 5039 προσιόντων
3086 4971 3119 5039 ἡ
3150 4967 3349 5036 πίστις,
3380 4968 3473 5022 καὶ
3500 4967 3700 5038 μείζων
3731 4966 3768 5041 ἢ

2200 5056 2293 5108 ἐπὶ
2317 5054 2411 5107 τοῦ
2438 5051 2697 5125 Χριστοῦ.
2740 5051 2910 5106 Πόθεν
2939 5052 3177 5124 δήτοῦτο
3207 5053 3461 5121 γέγονεν;
3488 5052 3619 5105 Ἀπὸ
3672 5051 3771 5105 τοῦ

2197 5138 2290 5190 τὸν
2310 5136 2543 5207 Χριστὸν
2561 5133 2939 5207 ἀποφήνασθαι
2971 5136 3064 5187 καὶ
3119 5137 3313 5189 εἰπεῖν’
3366 5135 3431 5189 Ὀ
3468 5135 3772 5189 πιστεύων

2199 5223 2285 5285 εις
2314 5220 2439 5287 ἐμὲ,
2460 5219 2531 5273 τὰ
2546 5220 2709 5288 ἔργα,
2730 5216 2769 5270 d
2786 5216 2900 5287 ἐγὼ
2932 5217 3094 5284 ποιῶ,
3126 5218 3383 5285 ποιήσει,
3416 5220 3512 5273 καὶ
3529 5218 3773 5287 μείζονα

2199 5303 2455 5368 ποιήσει.
2482 5301 2764 5355 Μενόντων
2776 5302 2882 5372 γὰρ
2899 5301 3076 5355 αὐτῶν
3090 5302 3206 5355 ἐκεῖ
3231 5305 3323 5355 καὶ
3337 5304 3400 5355 οὐ
3430 5319 3495 5354 πε
3503 5301 3768 5373 ριιόντων,

2199 5385 2392 5454 ἔφερον
2432 5383 2632 5448 πάντες
2681 5383 2773 5436 ἐπὶ
2809 5383 2916 5436 τῶν
2967 5385 3162 5438 κλινῶν
3199 5387 3291 5440 καὶ
3330 5384 3650 5456 κραϐϐάτων
3673 5383 3770 5448 οὒς

2200 5464 2345 5537 εἶχον
2400 5466 2665 5532 ἀσθενεῖς,
2708 5467 2804 5519 καὶ
2846 5467 3111 5521 πάντοθεν
3161 5470 3345 5533 αὐτοῖς
3403 5470 3665 5540 συνήγετο
3702 5468 3766 5522 τὸ

2201 5558 2402 5629 θαῦμα.
2426 5556 2532 5611 ἀπὸ
2555 5558 2664 5611 τῶν
2690 5559 3115 5627 πιστευσάντων,
3139 5560 3247 5614 ἀπὸ
3278 5561 3387 5615 τῶν
3409 5559 3772 5631 θεραπευθέν-

2271 5791 2293 5818 ε
2319 5784 2353 5831 Α
2364 5782 2415 5829 lii
2438 5780 2718 5845 παρρησίας.

2273 5845 2291 5881 τ
2316 5845 2414 5908 Αἰὶί
2432 5842 2655 5908 προτερον
2676 5842 2819 5908 αὐτῆς
2841 5843 3047 5892 παιδεύει
3067 5843 3137 5893 τό.
3207 5844 3233 5883 ⁸
3268 5843 3367 5894 Alii
3401 5845 3631 5906 ἐθαύμασε
3651 5859 3665 5908 3
3689 5846 3772 5903 Τίς

2208 5906 2293 5954 οὐκ
2318 5910 2372 5952 αν
2399 5906 2629 5965 ἐφοϐήθης
2674 5906 2766 5951 Καὶ
2790 5921 2931 5961 ησαν.
