3978 6456
209 302 289 356 l0l

203 417 355 468 modo.
381 445 452 455 --
483 413 562 468 Tu
592 428 721 468 vero
748 413 875 468 mihi
905 412 1203 478 considera,
1231 413 1503 483 quomodo
1535 421 1641 466 tota
1670 412 1776 464 vita

200 509 292 562 illis
316 521 380 559 ex
412 505 697 560 Contrariis
728 516 1064 559 contexatur.
1092 504 1288 558 Maeror
1319 504 1521 573 primus
1549 504 1647 556 l‘uit
1675 518 1766 556 as-

198 597 420 667 sumptio
464 595 701 660 Christi;
733 596 926 650 deinde
965 596 1146 650 laetitia
1180 611 1272 665 per
1297 595 1525 664 Spiritus
1551 595 1777 648 descen-

196 703 301 741 sum
329 704 344 752 ;
377 703 565 742 rursus
607 703 810 743 maeror
835 688 903 742 ob
934 688 1182 744 irrisores
1227 706 1239 742 :
1269 688 1462 742 deinde
1491 689 1669 742 laetitia
1709 703 1776 742 ex

197 780 433 835 ﬁdelibus
457 789 511 834 et
536 796 601 835 ex
625 782 809 849 signo;
850 780 1040 834 iterum
1066 795 1283 845 maeror,
1307 779 1447 850 quod
1469 779 1774 850 apprehen-

195 874 480 937 dcreutur;
510 873 634 927 hinc
659 875 840 928 lmtitia
882 890 979 944 per
1018 875 1312 945 apologiaut
1342 891 1514 929 suam.
1544 874 1771 929 Rursum

194 963 268 1018 hic
310 964 495 1019 laetitia
525 975 579 1019 et
616 980 837 1020 mteror.
865 965 996 1019 Nam
1035 966 1174 1035 quod
1202 966 1470 1035 conspicui
1515 975 1695 1021 essent
1719 974 1774 1020 et

194 1058 273 1111 Dei
305 1057 726 1112 revelatiouibus
751 1057 1077 1123 fruerentur,
1106 1060 1284 1114 lietitia
1304 1071 1418 1114 erat
1442 1077 1457 1126 ;
1485 1060 1623 1128 quod
1644 1075 1772 1115 vero

189 1150 340 1201 etiam
385 1162 512 1202 suos
573 1149 877 1203 occiderent
901 1191 915 1211 ,
961 1151 1234 1205 mcestitia.
1271 1152 1466 1206 lterum
1498 1153 1674 1206 laetitia
1702 1168 1768 1208 ex

185 1239 488 1307 splendore,
523 1240 826 1310 iterumque
850 1256 1051 1295 mmror
1076 1256 1105 1294 a
1137 1242 1377 1312 principe
1401 1242 1762 1297 sacerdotum.

188 1330 246 1383 I-It
267 1329 373 1382 hoc
387 1329 582 1399 ubique
607 1330 996 1384 considerando
1015 1331 1193 1384 videre
1214 1346 1493 1400 possumus
1516 1333 1598 1386 :id
1626 1333 1766 1402 quod

183 1424 337 1476 etiam
363 1423 500 1491 apud
526 1430 737 1475 veteres
766 1423 1001 1478 invenire
1023 1433 1122 1477 est.
1151 1423 1346 1478 Verum
1366 1425 1474 1494 jam
1504 1440 1662 1493 supra
1687 1425 1768 1479 di-

181 1525 255 1568 cta
285 1527 618 1584 repetamus.
662 1513 971 1581 Vendebant,
1000 1516 1188 1586 inquit,
1219 1527 1264 1570 et
1279 1517 1556 1587 aﬂ'erebant
1581 1519 1762 1590 pretia,

178 1619 220 1661 et
261 1609 520 1675 ponebant
568 1618 684 1662 ante
725 1610 874 1676 pedes
924 1610 1289 1676 apostolorum.
1347 1610 1498 1677 Vide,
1547 1610 1761 1677 dilecte,

177 1699 445 1768 quomodo
490 1717 592 1752 non
641 1702 1009 1768 permitterent
1057 1702 1328 1770 apostolos
1372 1703 1636 1767 vendere;
1668 1703 1762 1758 sed

178 1790 265 1859 ipsi
298 1789 616 1855 venderent,
649 1800 703 1844 et
729 1790 835 1844 illis
857 1793 1022 1860 pretia
1051 1791 1259 1847 darent.
1284 1795 1353 1847 At
1381 1809 1485 1848 nou
1512 1795 1588 1849 sic
1612 1795 1760 1850 Aua-

177 1884 316 1940 nias;
366 1881 460 1936 sed
502 1881 769 1937 subtrahit
817 1884 1012 1952 aliquid
1062 1883 1129 1938 de
1176 1885 1346 1953 pretio
1403 1888 1554 1956 agri,
1599 1902 1757 1957 quem

174 1974 517 2039 vendiderat;
571 1973 796 2044 ideoque
846 1977 1080 2046 punitur,
1137 1985 1319 2045 utpote
1363 1978 1452 2047 qui
1493 1992 1604 2032 rem
1651 1993 1756 2032 nou

171 2067 297 2120 bene
324 2077 560 2136 gereret,
590 2077 643 2121 et
666 2083 759 2121 sua
787 2067 950 2121 furari
979 2069 1492 2138 deprehenderetur.
1517 2071 1613 2125 llic
1630 2085 1756 2141 pcr-

170 2160 510 2231 stringuutur
531 2159 874 2225 sacerdotes,
903 2172 955 2215 et
982 2163 1197 2233 quidem
1229 2165 1594 2221 vehementer.
1622 2167 1753 2233 Quia

172 2267 292 2306 vero
337 2266 479 2306 uxor
508 2252 623 2322 ejus
649 2253 725 2307 rei
771 2255 982 2309 conscia
1015 2263 1166 2321 erat;
1212 2255 1334 2311 ideo
1370 2257 1511 2310 illam
1541 2272 1754 2329 quoque

167 2346 457 2402 examinat.

228 2438 280 2489 2.
312 2440 388 2492 At
433 2437 638 2492 dixerit
664 2437 895 2495 fortasse
920 2439 1184 2509 quispiam
1209 2481 1225 2505 ,
1258 2441 1599 2496 acerbissime
1627 2458 1748 2499 cum

166 2531 244 2584 illa
265 2541 448 2584 actum
476 2547 617 2586 esse.
643 2532 1191 2603 Quid,qu:eso,dicis?
1219 2551 1336 2604 qum
1363 2537 1623 2591 acerbitas
1649 2537 1747 2592 ?Si

163 2622 222 2685 is,
250 2623 336 2693 qui
373 2623 515 2693 ligna
545 2623 760 2693 collegit
784 2624 835 2677 in
865 2623 1108 2689 sabbato,
1143 2625 1406 2696 lapidatur
1437 2625 1625 2694 (Num.
1656 2629 1742 2684 15.

163 2715 285 2783 55),
324 2716 503 2769 multo
531 2718 700 2787 magis
727 2718 815 2786 qui
843 2733 992 2772 sacra
1017 2718 1199 2798 diripit
1229 2737 1242 2774 :
1276 2722 1473 2776 etenim
1506 2724 1744 2791 pecuniae

164 2809 256 2864 illa:
279 2810 393 2877 jam
423 2824 597 2865 sacrae
638 2822 806 2865 erant.
851 2812 1032 2882 Itaque
1073 2813 1160 2883 qui
1191 2814 1358 2869 voluit
1383 2828 1476 2869 sua
1509 2817 1744 2873 vendere

163 2910 212 2953 et
231 2900 358 2954 dare
384 2941 400 2965 ,
425 2899 730 2973 deindeque
768 2903 1024 2972 subripit,
1060 2905 1346 2976 sacrilegus
1375 2916 1520 2962 certe
1561 2908 1739 2964 fuerit.

165 2990 219 3046 Si
247 3008 373 3046 vero
398 2993 462 3058 is,
500 2994 590 3062 qui
621 3009 685 3048 ex
712 2996 820 3048 suis
844 2995 1094 3064 subripit,
1123 2997 1413 3066 sacrilegus
1440 3007 1543 3065 est,
1574 2999 1742 3057 multo

171 3086 322 3154 magis
348 3087 391 3138 is
415 3127 429 3150 ,
461 3086 556 3156 qui
599 3102 666 3141 ex
695 3088 907 3143 alienis.
946 3088 1022 3142 Ne
1055 3090 1251 3158 putetis
1279 3091 1423 3146 enim
1444 3132 1459 3156 ,
1484 3093 1604 3162 quia
1631 3094 1738 3164 jam

174 3190 269 3228 una
309 3177 372 3228 ita
412 3176 494 3242 lit,
544 3193 644 3232 nec
690 3181 866 3233 statim
912 3181 1152 3252 sequitur
1192 3182 1341 3248 ultio,
1373 3182 1488 3238 haec
1527 3186 1738 3255 impune

170 3267 284 3322 nire.
312 3268 497 3324 Viden’
529 3270 632 3325 hoc
685 3272 736 3326 in
780 3272 980 3327 crimen
1031 3274 1245 3342 vocari,
1276 3275 1415 3344 quod
1455 3293 1574 3332 eum
1621 3279 1737 3334 illas

162 3364 401 3429 pecunias
445 3379 630 3418 sacras
658 3366 872 3422 fecisset
896 3409 911 3431 ,
943 3367 1009 3422 de
1042 3369 1144 3423 illis
1169 3369 1471 3440 subripiat?
1501 3375 1692 3428 Annon
1717 3415 1733 3440 ,

155 3451 342 3521 inquit,
381 3463 600 3523 poteras
641 3456 746 3510 illis
793 3457 1049 3524 venditis,
1084 3468 1141 3512 ut
1185 3462 1414 3530 propriis
1443 3463 1564 3517 uti?
1608 3480 1733 3519 num

147 3546 442 3612 prohibitus
485 3550 588 3601 es?
629 3564 727 3603 cur
770 3550 1023 3620 subripis,
1073 3562 1353 3622 postquam
1403 3556 1735 3624 promisisti?

146 3635 289 3701 Vide,
316 3639 601 3708 quomodo
630 3642 808 3694 Statim
839 3657 869 3696 a
901 3642 1160 3711 principio
1188 3658 1307 3699 sese
1338 3644 1587 3701 immittat
1615 3647 1732 3702 dia-

139 3726 287 3782 huius
336 3731 488 3785 inter
531 3733 680 3801 signa
712 3742 765 3786 et
795 3733 1049 3787 miracula
1095 3743 1278 3798 tanta;
1311 3736 1417 3791 imo
1462 3739 1731 3808 quomodo

137 3820 218 3877 hic
241 3824 312 3877 ab
345 3825 445 3877 illo
475 3834 777 3879 excarcatus
817 3826 903 3880 sit.
934 3825 1064 3881 Tale
1089 3826 1362 3898 quidpiam
1401 3838 1456 3883 et
1483 3829 1536 3884 in
1565 3833 1729 3886 veteri

131 3915 243 3984 lege
274 3917 484 3970 factum
516 3925 598 3970 est
622 3957 637 3980 ,
683 3917 897 3987 quando
937 3916 1156 3973 Charmi
1195 3919 1476 3974 anathema
1527 3921 1730 3976 furatus

129 4007 510 4077 deprehensus
539 4018 621 4063 est
649 4028 663 4064 :
694 4020 928 4064 attamen
961 4011 1121 4077 nosti,
1160 4022 1356 4081 quama
1388 4013 1521 4066 ultio
1549 4015 1617 4068 de
1643 4015 1723 4067 la-

126 4103 309 4154 ciuore
359 4111 580 4171 sumpta
611 4102 678 4155 sit
707 4101 858 4170 (Jos.
889 4102 944 4156 7.
971 4103 1026 4157 2.
1073 4113 1116 4157 et
1146 4103 1237 4158 20.
1277 4103 1347 4156 22
1367 4105 1406 4173 ).
1439 4103 1724 4161 Sacrorum

125 4193 265 4244 cnim
287 4193 559 4261 expilatio
585 4193 873 4247 admodum
904 4195 1076 4263 gravis
1103 4205 1206 4260 est,
1225 4194 1440 4262 dilecte,
1464 4206 1516 4250 et
1531 4212 1726 4267 magno

123 4293 443 4352 contemptu
492 4283 673 4353 plena.
709 4283 890 4354 Neque
927 4285 1158 4340 vendere
1189 4287 1497 4356 coegimus,
1531 4288 1722 4358 inquit,

123 4389 296 4443 neque
329 4375 596 4443 pecunias
628 4391 693 4429 ex
725 4376 953 4430 venditis
989 4389 1236 4449 acceptas
1275 4379 1403 4436 dare
1434 4398 1446 4434 :
1477 4390 1530 4437 tu
1579 4382 1631 4436 id
1658 4398 1724 4438 ex

115 4467 414 4536 proposito
463 4475 556 4520 tuo
606 4466 775 4520 l‘ecisti
830 4485 843 4520 :
896 4483 992 4522 cur
1035 4485 1164 4541 ergo
1216 4486 1283 4526 ex
1332 4472 1500 4528 sacris
1557 4489 1720 4543 pecu-

114 4558 217 4610 niis
274 4557 499 4612 l'uratus
547 4558 648 4613 es?
697 4558 799 4612 Cur
839 4559 1106 4627 implevit,
1156 4562 1344 4631 inquit,
1396 4575 1602 4619 satanas
1636 4584 1724 4619 cor

114 4651 298 4704 tuum?
343 4649 419 4704 Et
460 4649 507 4704 si
554 4661 766 4704 satanas
814 4650 914 4706 hoc
954 4652 1096 4717 fecit,
1143 4669 1241 4708 cur
1275 4654 1346 4709 illi
1393 4655 1721 4725 imputatur?

110 4745 164 4800 ln
206 4759 390 4800 causa
435 4752 541 4810 est,
587 4745 707 4814 quia
737 4745 852 4813 ejus
893 4747 1256 4815 Operationem
1300 4750 1524 4819 accepit,
1553 4752 1720 4807 ctilla

110 4838 384 4909 impletus
455 4844 558 4891 cst.
621 4841 689 4890 At
741 4837 1061 4906 oportebat,
1118 4839 1364 4908 inquies,
1427 4842 1717 4912 corrigere.

107 4931 214 4985 Sed
277 4945 401 4984 non
454 4937 729 4982 correctus
771 4928 993 4993 luisset;
1039 4945 1162 4982 nam
1201 4932 1291 4998 qui
1331 4930 1451 4984 talia
1490 4932 1716 4997 viderat,

109 5024 442 5093 nullumque
490 5020 617 5075 inde
660 5022 864 5074 lucrum
919 5021 1138 5089 tulerat,
1169 5023 1337 5076 multo
1368 5024 1542 5078 minus
1570 5033 1719 5093 pote-

107 5129 188 5169 rat
220 5117 340 5170 alio
385 5114 556 5168 modo
601 5113 806 5167 lucrum
848 5114 1113 5184 accipere.
1156 5114 1270 5168 Non
1315 5117 1552 5185 oportuit
1591 5132 1719 5187 ergo

109 5224 220 5260 rem
280 5204 749 5276 praetermittere;
807 5205 901 5258 sed
955 5205 1107 5275 quasi
1165 5207 1369 5260 saniem
1434 5207 1717 5276 quamdam

107 5300 393 5366 exscindi,
413 5313 484 5352 ne
508 5298 774 5368 reliquum
802 5311 998 5366 corpus
1034 5297 1290 5352 iuﬁceret.
1324 5298 1474 5352 Nunc
1498 5301 1641 5353 enim
1667 5308 1721 5355 et

113 5394 195 5446 hic
224 5391 534 5445 utilitatem
565 5389 800 5456 accipit,
834 5403 900 5442 ne
925 5389 1150 5443 ulterius
1189 5390 1240 5462 in
1276 5389 1472 5443 malitia
1503 5405 1719 5459 progre-

112 5485 328 5547 diatur,
397 5491 454 5536 et
495 5479 585 5534 alii
626 5480 795 5549 magis
841 5479 1064 5533 studiosi
1104 5479 1399 5535 redduntur
1435 5499 1448 5535 :
1481 5483 1717 5552 alioquin

113 5586 288 5628 sulem
314 5571 660 5627 cnnlrarium
692 5570 991 5626 accidisset.
1015 5570 1141 5625 Ideo
1169 5572 1395 5640 primum
1424 5573 1715 5644 redarguit,

114 5677 164 5718 et
203 5664 457 5721 ostendit
503 5677 617 5716 rem
665 5679 724 5716 se
795 5677 898 5715 non
966 5662 1220 5726 latuisse;
1290 5674 1518 5733 tuncque
1584 5681 1716 5719 con-

117 5756 331 5811 demnat
365 5755 540 5808 illum.
566 5752 702 5817 Cur,
733 5752 873 5807 enim
894 5791 908 5817 ,
943 5752 1131 5822 inquit,
1169 5753 1263 5806 hoc
1284 5754 1484 5823 fecisti?
1515 5756 1716 5812 habere

1285 299 1349 354 IN
1389 297 1563 353 ACTA
1605 293 2123 353 APOSTOI.ORUM.
2162 295 2392 354 “OMIL.
2434 299 2549 356 ΧΠ.

3370 311 3467 365 ιοὶδ

1887 411 2140 465 voluisti?
2169 415 2212 466 Α
2243 416 2506 485 principio
2553 418 2787 474 retinere
2825 424 3059 492 oportuit
3083 466 3098 488 ,
3127 437 3181 482 et
3209 444 3312 482 non
3347 448 3464 498 pro-

1883 502 2094 556 mittere
2129 521 2141 556 :
2176 521 2318 560 nunc
2365 516 2542 562 autem
2593 522 2870 582 postquam
2901 530 3312 574 couseeraveras
3339 535 3464 575 ειιυ-

1881 593 2096 662 ripiens,
2130 597 2300 666 majus
2325 601 2662 671 sacrilegium
2695 606 2976 663 admisisti.
3006 609 3140 665 Nam
3162 612 3255 683 qui
3280 614 3458 670 aliena

1887 685 2047 752 rapit,
2094 686 2229 742 forte
2258 704 2322 743 ex
2368 691 2658 748 alienarum
2705 712 2882 752 rertun
2922 702 3214 769 cupiditate
3266 709 3400 775 rapit
3441 725 3460 762 :

1881 773 1974 828 tibi
2005 793 2132 831 vero
2163 779 2356 834 licebat
2385 792 2471 837 tua
2509 786 2727 840 habere.
2766 787 2873 842 Cur
2897 808 3025 862 ergo
3055 794 3136 848 illa
3163 811 3310 852 sacra
3329 773 3460 854 red-

1877 866 2087 933 didisti,
2140 880 2193 926 et
2236 883 2421 940 postea
2468 879 2735 946 rapuisti?
2779 882 2859 936 Ex.
2912 902 3103 956 magno
3149 903 3460 964 contemptu

1876 959 1926 1013 id
1959 960 2150 1018 fecisti.
2195 965 2424 1023 Facinus
2466 971 2676 1027 veniam
2719 989 2822 1029 nou
2861 976 3058 1046 habet,
3106 959 3450 1044 excusatione

1874 1063 2042 1108 caret.

1945 1145 2221 1202 Sacrorum
2249 1151 2552 1220 expilatores
2597 1166 2820 1226 tempore
2862 1161 3221 1232 Clirysostomi.
3250 1202 3320 1210 ——
3348 1173 3452 1230 Nc-

1871 1237 2001 1292 mini
2031 1249 2208 1295 autem
2239 1243 2562 1300 oﬂ‘emiiculo
2610 1249 2716 1315 sit,
2757 1251 2801 1304 si
2831 1255 2920 1322 qui
2963 1257 3072 1324 jam
3123 1261 3230 1316 sint
3271 1278 3454 1322 sacro-

1870 1342 1986 1381 rum
2014 1332 2354 1399 expilatores.
2386 1335 2516 1390 Nam
2549 1338 2594 1392 si
2644 1348 2769 1395 tunc
2815 1341 3049 1411 luerunt,
3081 1352 3251 1407 multo
3280 1360 3456 1426 magis

1871 1434 2030 1486 nunc,
2079 1438 2199 1477 cum
2252 1427 2418 1481 multa
2465 1438 2589 1483 sunt
2633 1433 2791 1485 mata.
2848 1434 2952 1489 Sed
2995 1442 3454 1508 reprehendamus

1869 1509 1990 1565 illos
2027 1528 2207 1567 coram
2258 1518 2506 1573 omnibus
2529 1560 2545 1585 ,
2580 1530 2635 1574 ut
2659 1533 2714 1576 et
2743 1531 2918 1579 cmtcri
2951 1541 3152 1586 metum
3189 1533 3442 1594 habeant.

1865 1601 2029 1658 Judas
2060 1607 2352 1677 sacrilegus
2379 1619 2494 1664 erat
2524 1628 2536 1677 ;
2561 1627 2743 1667 verum
2772 1616 2822 1670 id
2846 1616 3119 1688 discipulis
3144 1640 3247 1678 non
3277 1629 3446 1684 oll‘eu-

1866 1697 2044 1752 diculo
2076 1700 2194 1754 fuit.
2228 1702 2413 1757 Videu'
2429 1717 2622 1775 quanta
2653 1709 2790 1762 mala
2810 1713 3156 1778 pecuniarum
3182 1721 3446 1788 cupiditas

1861 1791 2065 1860 pariat?
2087 1792 2148 1845 Et
2167 1799 2334 1864 factus
2359 1808 2452 1862 est,
2468 1797 2657 1868 inquit,
2684 1802 2832 1854 timor
2847 1820 3059 1874 magnus
3079 1824 3230 1879 super
3245 1827 3439 1878 omnes,

1861 1883 1946 1951 qui
1965 1884 2073 1936 [nec
2096 1887 2383 1940 audierunt.
2401 1889 2493 1942 Ille
2507 1892 2721 1959 punitus
2747 1903 2847 1954 est.
2869 1904 2921 1948 et
2948 1897 3036 1950 alii
3060 1899 3244 1956 lucrati
3276 1916 3397 1959 sunt
3424 1925 3438 1959 :

1861 1970 2036 2042 itaque
2050 1989 2152 2028 nou
2172 1977 2284 2030 sine
2297 1993 2455 2032 causa
2469 1979 2538 2032 ita
2552 1979 2915 2050 dispensatum
2929 1996 3029 2040 est.
3047 1988 3157 2044 Etsi
3174 1992 3275 2046 alia
3291 1995 3442 2063 signa

1860 2062 2006 2129 prius
2034 2063 2167 2118 facta
2196 2065 2425 2129 fuerant,
2462 2077 2696 2125 attamen
2726 2087 2830 2126 non
2855 2075 2975 2129 talis
2997 2088 3111 2132 erat
3137 2091 3329 2138 metus.
3344 2062 3440 2141 Sic

1859 2167 2040 2208 verum
2068 2166 2148 2212 est
2175 2157 2302 2212 illud
2335 2177 2348 2212 :
2381 2159 2720 2231 Cognoscetur
2750 2163 2995 2224 Dominus
3013 2172 3216 2240 judicia
3243 2178 3436 2246 faciem

1858 2245 2027 2320 (Psal.
2061 2249 2114 2304 9.
2146 2250 2258 2320 17).
2286 2249 2375 2307 Sic
2401 2263 2456 2308 et
2485 2256 2536 2309 in
2565 2271 2688 2311 arca
2718 2258 2910 2314 factum
2943 2273 3060 2318 est:
3103 2245 3249 2322 Ozan
3277 2273 3437 2339 puni-

1855 2345 1941 2392 tus
1960 2348 2041 2393 est
2074 2340 2147 2408 (2.
2181 2341 2307 2413 Reg.
2345 2343 2399 2399 b.
2439 2345 2515 2416 7),
2564 2356 2617 2401 et
2648 2347 2771 2402 hinc
2799 2351 2959 2406 timor
2999 2355 3137 2410 aliis.
3187 2358 3291 2414 Sed
3328 2362 3437 2418 illic

1853 2429 2068 2499 quidem
2099 2443 2345 2490 metuens
2375 2452 2495 2502 rex,
2525 2453 2701 2493 art-am
2747 2444 2976 2508 amovit;
3010 2445 3096 2500 hic
3125 2458 3302 2505 autem
3343 2455 3434 2509 alii

1851 2523 2161 2579 attentiores
2187 2525 2305 2580 facti
2330 2537 2470 2581 sunt.
2500 2527 2683 2594 Vides,
2706 2534 2972 2600 quomodo
3003 2551 3108 2591 non
3135 2542 3334 2595 vocavit
3362 2545 3432 2597 il-

1850 2616 1955 2671 lam
1988 2618 2200 2688 Petrus,
2249 2623 2343 2677 sed
2388 2627 2717 2693 exspectavit
2759 2627 2931 2684 donec
2963 2632 3225 2689 intraret:
3259 2653 3432 2710 neque

1848 2709 1986 2764 alius
2016 2712 2279 2782 quispiam
2322 2729 2483 2770 ausus
2508 2726 2591 2772 est
2619 2722 2939 2776 annuutiare
2967 2726 3110 2793 quod
3140 2709 3428 2785 acciderat.

1846 2799 1959 2856 lloc
1987 2804 2223 2873 magistri
2268 2805 2427 2861 timor
2453 2819 2586 2873 erat,
2619 2809 2793 2890 honpr
2817 2813 3196 2885 discipulorum
3223 2829 3277 2874 et
3298 2821 3429 2876 obe-

1845 2894 2064 2950 dientia.
2102 2896 2275 2951 Trium
2306 2901 2545 2954 horarum
2574 2904 2817 2970 spatium.
2839 2905 3020 2976 Neque
3057 2909 3242 2965 didicit
3271 2929 3426 2979 uxor,

1844 3001 1943 3040 nec
1971 2989 2088 3058 quis
2121 2993 2457 3057 pra-sontium
2488 2995 2768 3062 nuntiavit,
2795 3001 3035 3066 quamvis
3065 3002 3130 3054 ad
3152 3002 3426 3074 divulgan-

1843 3079 1968 3132 dum
1991 3090 2072 3133 sat
2099 3084 2356 3151 temporis
2385 3095 2562 3150 esset;
2594 3100 2777 3140 verum
2811 3089 3090 3146 timebant.
3122 3091 3233 3148 Hoc
3262 3097 3421 3151 etiam

1841 3171 2116 3225 admirans
2153 3174 2382 3243 scriptor
2403 3175 2514 3229 ait:
2551 3176 2796 3234 Nesciens
2825 3182 2960 3252 quod
3012 3186 3202 3253 factum
3234 3187 3422 3256 fuerat,

1839 3264 2079 3318 introivit.
2113 3267 2271 3335 Atqui
2304 3266 2426 3321 hinc
2445 3268 2652 3325 discere
2680 3271 2874 3327 licebat
2900 3273 3071 3344 ipsum
3102 3279 3312 3335 novisse
3333 3297 3418 3347 ea,

1839 3370 1957 3424 quae
1982 3357 2190 3410 occulta
2221 3369 2392 3413 erant.
2423 3360 2531 3414 Cur
2557 3362 2697 3416 enim
2722 3365 2808 3434 qui
2834 3367 3101 3422 nemiuem
3123 3370 3421 3443 interroga-

1841 3457 2007 3510 verat,
2032 3463 2126 3501 vos
2157 3449 2722 3521 interrogat?t\nuon,
2749 3466 2804 3509 ut
2827 3456 3010 3527 liquet,
3043 3462 3163 3529 quia
3191 3464 3420 3518 sciebat?

1835 3538 1939 3595 Sed
1972 3542 2131 3595 nimia
2159 3544 2370 3615 accitas
2418 3563 2521 3600 nou
2568 3549 2805 3616 permisit
2846 3550 2988 3606 illam
3019 3554 3221 3608 crimen
3250 3556 3417 3627 depo-

1836 3647 1996 3696 nere;
2039 3634 2132 3688 sed
2181 3651 2300 3689 cum
2346 3636 2564 3690 audacia
2615 3641 2777 3694 multa
2827 3646 3116 3712 respondet
3148 3687 3161 3698 .
3189 3647 3418 3704 Putabat

1834 3726 1975 3778 enim
2001 3740 2061 3780 se
2082 3741 2201 3781 cum
2235 3727 2448 3783 homine
2472 3729 2632 3800 loqui.
2661 3731 2772 3786 Hoc
2796 3748 2956 3802 grave
2978 3747 3113 3799 erat,
3141 3736 3281 3808 quod
3309 3755 3420 3794 uno

1833 3820 2056 3873 consilio
2107 3829 2162 3874 et
2211 3822 2362 3890 quasi
2416 3838 2482 3877 ex
2528 3833 2683 3892 pacto
2730 3837 3004 3893 peccatum
3049 3829 3412 3888 admisissent.

1837 3911 1972 3978 Quid
2004 3914 2172 3980 utique
2215 3917 2443 3969 convenit
2483 3918 2639 3980 vobis,
2689 3918 2891 3988 inquit,
2937 3930 3128 3976 tentare
3163 3924 3412 3992 Spiritum

1832 4006 2101 4058 sanctum?
2143 4004 2276 4060 Ecce
2320 4008 2471 4076 pedes
2520 4024 2694 4061 eorum
2718 4049 2734 4075 ,
2775 4012 2861 4079 qui
2906 4013 3206 4078 sepelierunt
3250 4017 3411 4070 virum

1832 4104 1993 4159 tuum,
2021 4097 2091 4149 ad
2119 4097 2339 4162 ostium;
2360 4108 2404 4151 et
2432 4097 2637 4161 e/ferent
2663 4110 2730 4152 te.
2753 4100 2906 4154 Prius
2929 4101 3071 4156 illam
3095 4104 3251 4160 docet
3271 4109 3410 4176 quod

1833 4189 2154 4257 peccaverit,
2185 4199 2236 4242 et
2269 4197 2394 4243 tunc
2424 4190 2655 4245 ostendit
2681 4191 2823 4246 illam
2841 4193 3003 4262 juste,
3035 4209 3155 4264 quzc
3184 4197 3264 4250 vir
3287 4214 3409 4268 pas-

1829 4294 1920 4332 sus
1959 4289 2095 4341 erat,
2137 4295 2409 4348 passuram
2451 4296 2590 4345 esse,
2641 4283 2762 4352 quia
2811 4284 3027 4353 perinde
3073 4301 3407 4355 peccaverat.

1811 4370 1894 4432 ,Et
1911 4371 2198 4441 quomodo,
2225 4372 2452 4440 inquies,
2475 4372 2747 4445 Confestim
2774 4376 2949 4429 cecidit
2969 4389 3086 4432 ante
3110 4380 3261 4448 pedes
3276 4384 3408 4453 ejus,

1828 4471 1872 4516 et
1900 4464 2209 4532 exspiravit?
2240 4464 2371 4530 Quia
2416 4480 2582 4534 prope
2609 4466 2872 4522 adstabat.
2901 4467 2989 4523 Sic
3017 4470 3089 4524 illi
3119 4475 3172 4525 in
3200 4475 3407 4544 seipsos

1828 4553 2085 4608 ultionem
2117 4563 2468 4609 attraxeruut.
2498 4557 2626 4622 Quis
2655 4558 2870 4612 demum
2888 4575 2993 4614 non
3022 4561 3408 4632 obstupuisset?

1825 4646 1944 4715 quis
1972 4648 2268 4715 apostolum
2312 4664 2414 4701 non
2445 4649 2736 4703 timuisset?
2768 4652 2884 4720 quis
2932 4668 3037 4706 non
3068 4654 3290 4708 miratus
3316 4673 3407 4711 cs-

1825 4739 1941 4792 set?
1974 4737 2039 4791 Et
2069 4750 2232 4804 erant,
2262 4741 2452 4810 inquit,
2479 4743 2780 4796 unanimiter
2799 4761 2970 4798 omnes
2996 4746 3047 4799 in
3078 4749 3272 4816 porticu
3299 4751 3403 4804 Sa-

1827 4832 2057 4887 lomonis.
2089 4833 2188 4888 Hic
2226 4833 2399 4902 palam
2430 4845 2530 4898 est,
2580 4835 2697 4889 illos
2724 4850 2826 4888 nou
2860 4839 2910 4890 in
2936 4837 3097 4891 domo
3130 4841 3400 4910 quapiam,

1824 4923 1919 4979 sed
1956 4925 2007 4979 in
2059 4927 2260 4997 templo
2307 4938 2549 4981 versatos
2585 4943 2724 4981 esse.
2768 4927 2948 4997 Neque
2980 4928 3115 4983 ultra
3146 4934 3402 4989 cavebant

1824 5016 1925 5071 sibi
1966 5033 2033 5072 ne
2084 5019 2354 5073 immunda
2404 5019 2794 5087 contingerent,
2846 5018 2938 5073 sed
2992 5021 3109 5076 sine
3147 5027 3402 5094 scrupulo

1826 5118 2066 5163 mortuos
2094 5109 2404 5180 tangebant.
2449 5110 2513 5163 Et
2541 5109 2681 5173 vide,
2713 5109 2982 5177 quomodo
3005 5126 3130 5180 erga
3165 5128 3292 5168 suos
3319 5131 3403 5169 sc-

1824 5202 1932 5256 vcri
1964 5202 2092 5265 sint,
2142 5217 2265 5271 erga
2296 5201 2429 5255 alios
2473 5209 2650 5254 autem
2704 5211 2966 5270 potestate
3009 5219 3110 5258 nou
3162 5215 3398 5262 utantur.

1831 5291 2000 5362 Magis
2022 5303 2211 5356 autem,
2248 5293 2437 5362 inquit,
2462 5292 2737 5362 augebatur
2760 5294 3067 5348 credentium
3102 5297 3155 5350 in
3179 5295 3402 5355 Domino

1825 5384 2093 5437 multitudo
2124 5385 2346 5437 virorum
2374 5394 2419 5437 et
2444 5385 2709 5438 mulierum
2733 5400 2752 5448 ;
2779 5386 2849 5438 ita
2877 5395 2930 5439 ut
2959 5387 3010 5438 in
3042 5387 3220 5454 plateis
3239 5407 3400 5459 pone-

1824 5489 1935 5532 rent
1971 5479 2201 5547 infirmos
2239 5479 2291 5531 in
2327 5478 2522 5531 lectulis
2566 5495 2626 5530 ac
2660 5480 2910 5549 grabatis,
2954 5489 3007 5532 ut
3044 5482 3267 5534 veniente
3301 5481 3402 5535 Pe-

1824 5582 1900 5625 tro
1937 5573 2113 5625 saltem
2139 5573 2314 5624 umbra
2339 5572 2474 5625 illius
2501 5572 2823 5625 adumbraret
2841 5589 3139 5641 quemquam
3172 5573 3401 5631 illorum.

1899 5665 1950 5715 3.
1987 5663 2167 5730 Magna
2200 5663 2562 5717 accedentiqu
2609 5663 2770 5726 ﬁdes,
2817 5673 2870 5716 et
2907 5663 3078 5730 major
3104 5677 3260 5730 quam
3303 5664 3404 5717 sub

1826 5755 1941 5825 ipso
1968 5754 2194 5808 Christo.
2223 5753 2374 5810 Unde
2403 5763 2578 5810 autem
2608 5755 2706 5808 hoc
2730 5752 2923 5808 factum
2947 5752 3064 5807 est?
3093 5752 3222 5821 Quia
3245 5753 3401 5809 Chri-
