3978 6478
528 350 633 408 ωδ

522 480 640 519 stus
670 465 769 517 hoc
797 460 1179 531 przcnnntiarat
1214 468 1271 513 et
1304 458 1532 511 dixerat.
1578 456 1675 522 Qui
1703 454 1860 508 credit
1898 454 1951 507 in
1985 470 2098 516 me,

524 571 681 624 opera
705 595 717 615 ,
748 569 860 622 qua:
891 567 980 621 ego
1010 551 1142 622 [ario
1161 591 1177 616 ,
1209 549 1355 619 faciet
1375 589 1390 612 ,
1431 557 1480 600 et
1523 547 1719 615 majora
1746 545 1893 611 faciet
1925 542 2104 616 (Joan.

528 646 616 700 l4.
651 644 758 714 l2).
791 642 1123 696 Manentibus
1147 651 1322 693 autem
1355 639 1458 692 illis
1480 637 1619 700 istic,
1644 652 1743 691 nec
1774 637 2109 690 circumeun-

529 738 701 801 tibus,
733 751 922 791 omnes
949 732 1242 789 affer-ebant
1284 731 1335 785 in
1384 731 1586 786 lectulis
1616 739 1667 784 et
1711 728 1945 797 grabatis
1975 742 2111 798 quos

530 833 801 889 habebant
829 832 1101 894 inﬁrmos,
1132 836 1187 882 et
1214 826 1445 896 undique
1486 824 1592 879 illis
1627 822 1929 879 conﬂuebat
1958 814 2113 875 mira-

528 926 730 987 culum,
776 938 805 977 a
847 920 1209 983 credentibus,
1252 932 1285 971 a
1325 917 1556 981 sanatis,
1588 914 1656 969 ab
1701 930 1765 970 eo
1794 914 1884 985 qui
1926 913 2113 983 plexus

526 1017 725 1083 fuerat,
756 1032 784 1068 a
822 1012 1009 1068 ﬁducia
1037 1026 1195 1081 quam
1224 1022 1349 1079 erga
1381 1009 1503 1062 illos
1534 1008 1834 1071 habebant,
1863 1020 1892 1059 a
1917 1005 2115 1060 virtute

533 1124 752 1171 eorum,
794 1106 883 1176 qui
931 1120 1034 1157 non
1077 1113 1364 1170 utcumque
1402 1100 1729 1156 credebant:
1760 1114 1933 1168 neque
1968 1099 2113 1153 enim

532 1200 671 1270 quod
702 1197 887 1257 ﬁebat.
932 1195 1099 1266 signis
1146 1203 1350 1248 tantum
1392 1192 1692 1250 constabat.
1722 1190 1855 1245 Nam
1893 1192 1991 1245 etsi
2041 1188 2115 1242 illi

533 1289 775 1345 modeste
804 1287 1087 1355 loquentes
1116 1293 1281 1338 totum
1310 1282 1409 1353 ipsi
1441 1283 1703 1352 imputent
1745 1282 1983 1335 dicentes
2005 1322 2018 1343 ,
2063 1279 2115 1333 in

534 1379 749 1434 nomine
795 1375 993 1431 Christi
1039 1390 1096 1430 se
1131 1375 1243 1429 haec
1289 1374 1497 1437 facere;
1552 1372 1646 1426 sed
1679 1372 1781 1424 vita
1814 1386 2023 1441 quoque
2066 1379 2120 1421 et

534 1473 702 1524 virtus
730 1470 965 1522 virorum
1006 1466 1106 1521 hoc
1135 1464 1281 1520 fecit.
1314 1463 1593 1533 Perpende
1622 1471 1822 1525 autem,
1851 1461 2119 1532 quomodo

536 1560 623 1617 hic
649 1576 932 1616 numerum
962 1558 1295 1614 credentium
1327 1572 1435 1612 non
1466 1555 1673 1623 afferat,
1704 1555 1932 1610 auditori
1961 1555 2123 1608 relin-

535 1669 706 1725 quens
734 1663 792 1707 ut
821 1652 871 1706 id
893 1667 958 1707 ex
980 1666 1039 1706 se
1064 1650 1329 1721 coniectet
1357 1666 1371 1701 :
1401 1650 1479 1703 sic
1504 1647 1572 1703 ad
1605 1649 1918 1702 immensam
1945 1647 2122 1700 multi-

540 1748 778 1803 tudinem
798 1746 928 1801 ﬁdes
949 1744 1351 1800 ostendebatur.
1378 1742 1510 1796 llinc
1534 1751 1587 1796 et
1603 1741 1925 1795 resurrectio
1957 1739 2123 1808 magis

539 1837 948 1908 praedicabatur.
974 1834 1139 1889 Nemo
1166 1844 1332 1887 autem
1363 1831 1577 1885 audebat
1601 1848 1653 1885 se
1672 1832 1973 1901 conjungere
1994 1829 2118 1893 illis,

538 1931 628 1985 sed
664 1929 1022 2000 magni/icabat
1050 1944 1133 1982 eos
1162 1926 1398 1997 papulas.
1426 1924 1515 1981 Sic
1544 1926 1647 1989 ait,
1681 1925 1971 1980 ostendens
2003 1924 2125 1976 illos

537 2024 643 2095 iam
671 2039 775 2079 non
806 2021 1135 2091 contemptui
1167 2019 1328 2075 fuisse
1349 2061 1363 2085 ,
1394 2027 1450 2072 ut
1494 2019 1639 2088 prius
1666 2027 1818 2071 erant
1844 2034 1855 2069 :
1884 2032 1948 2070 ac
1978 2013 2125 2070 brevi

540 2125 782 2184 tempore
813 2127 1027 2182 unoque
1055 2119 1326 2167 momento
1352 2110 1465 2164 haec
1491 2123 1522 2164 a
1553 2109 1817 2179 piscatore
1840 2117 1894 2162 et
1920 2107 2127 2175 privato

540 2206 761 2261 homine
788 2204 922 2258 facta
949 2204 1132 2258 fuisse.

618 2298 783 2365 Quam
810 2299 940 2350 mira
962 2297 1240 2365 primorum
1261 2292 1663 2349 Christianorum
1690 2292 1810 2345 vita.
1832 2321 1905 2331 —
1927 2289 2125 2345 Ctelum

541 2390 722 2460 itaque
743 2390 851 2459 iam
883 2397 1000 2443 erat
1044 2396 1183 2442 terra
1211 2402 1275 2441 ex
1306 2385 1519 2440 vivendi
1555 2386 1791 2450 ratione,
1835 2383 2045 2439 dicendi
2074 2384 2129 2438 li-

549 2481 774 2543 bertate.
793 2479 1087 2543 miraculis,
1108 2478 1423 2547 czeterisque
1435 2476 1682 2533 omnibus
1705 2495 1717 2530 :
1739 2492 1800 2530 ac
1817 2476 1959 2531 velut
1977 2490 2131 2546 ange-

545 2575 579 2627 li
600 2572 938 2627 admirationi
965 2580 1137 2638 erant,
1161 2570 1227 2625 ad
1260 2570 1391 2625 nihil
1419 2584 1478 2624 se
1505 2579 1897 2633 convertentes,
1930 2585 2033 2622 non
2062 2567 2128 2623 ad

543 2674 741 2735 risum,
771 2684 875 2724 non
903 2667 969 2722 ad
1001 2666 1205 2731 minas,
1253 2684 1358 2721 non
1390 2666 1454 2721 ad
1495 2667 1727 2736 pericula
1753 2683 1767 2720 :
1802 2684 1907 2722 non
1950 2684 2011 2722 ea
2042 2682 2132 2723 so-

547 2762 657 2815 lum
694 2761 761 2815 de
792 2761 1085 2823 causa,st
1110 2760 1270 2814 etiam
1305 2760 1444 2828 quod
1485 2760 1768 2813 admodum
1798 2759 2014 2813 humani
2046 2774 2132 2813 es-

548 2862 688 2918 sent,
711 2864 765 2908 et
795 2854 1022 2908 sollicite
1051 2863 1330 2916 curarent;
1362 2854 1494 2906 alios
1539 2853 1678 2905 enim
1713 2854 1934 2921 pecunia
1954 2894 1969 2918 ,
2000 2853 2133 2907 alios

547 2947 812 3016 corporali
840 2946 1112 2999 curatione
1139 2932 1417 3014 iuvabant.
1447 2942 1549 2996 Cur
1569 2945 1790 3013 implevit
1810 2954 2018 2998 satanas
2047 2960 2133 2997 cor

549 3041 734 3093 tuum?
762 3039 896 3093 Fere
937 3052 1057 3092 sese
1089 3046 1276 3108 purgat
1320 3037 1510 3091 Petrus
1542 3037 1685 3090 illum
1734 3037 2049 3107 punilurus,
2081 3045 2136 3089 et

548 3132 683 3186 alios
710 3130 906 3185 erudit.
936 3129 1068 3196 Quia
1109 3129 1252 3182 enim
1296 3128 1531 3182 futurum
1560 3136 1709 3193 erat,
1755 3138 1811 3181 ut
1846 3127 1947 3182 hoc
1982 3126 2136 3182 valde

549 3223 741 3278 durum
766 3230 1069 3292 appareret,
1098 3219 1218 3275 ideo
1247 3220 1299 3273 in
1330 3219 1477 3273 illuxit
1508 3228 1562 3273 et
1586 3220 1635 3272 in
1662 3235 1887 3273 uxorem
1914 3230 2137 3274 tremen-

550 3315 677 3369 dum
708 3312 1227 3381 exercetiudicium.
1256 3309 1312 3366 Si
1343 3321 1519 3365 autem
1547 3312 1750 3375 ambos,
1781 3312 1868 3379 qui
1898 3312 2135 3364 irremis-

552 3406 780 3459 sibiliter
812 3413 1180 3471 peccaverant,
1210 3417 1315 3457 non
1346 3402 1435 3457 tali
1460 3402 1730 3457 alfecisset
1759 3419 1935 3471 pretia,
1971 3419 2139 3471 quan-

552 3506 638 3551 tus
655 3496 777 3549 hinc
797 3496 886 3549 Dei
906 3504 1242 3563 contemptus
1264 3493 1471 3549 futurus
1491 3494 1799 3561 erat?Quod
1823 3505 1995 3547 autem
2022 3494 2138 3548 ideo

553 3588 633 3641 sic
656 3586 851 3639 factum
875 3585 964 3648 sit,
994 3585 1159 3652 liquet
1183 3599 1249 3639 ex
1276 3598 1362 3651 eo,
1394 3582 1533 3651 quod
1565 3598 1671 3638 non
1698 3585 1874 3637 statim
1902 3586 1964 3636 ad
1995 3586 2141 3639 ultio-

555 3696 677 3735 nem
712 3680 945 3742 venerit,
994 3679 1087 3733 sed
1138 3678 1311 3745 primo
1356 3685 1633 3747 peccatum
1680 3678 1945 3733 ostendat.
1992 3678 2140 3734 Unde

559 3785 717 3825 nemo
750 3770 1036 3839 ingemuit,
1070 3784 1231 3823 nemo
1257 3769 1508 3835 eiulavit;
1542 3769 1636 3823 sed
1665 3783 1852 3824 omnes
1899 3770 2140 3825 exterriti

558 3870 701 3917 sunt.
731 3860 857 3915 .lure
885 3869 1085 3925 autent,
1107 3860 1228 3929 quia
1258 3860 1389 3915 ﬁdes
1416 3860 1624 3914 illormn
1649 3861 1962 3930 augebatur,
1993 3863 2140 3932 signa

559 3955 709 4022 plura
749 3951 1066 4013 edebantur,
1105 3960 1159 4005 et
1206 3953 1392 4021 ingens
1433 3952 1572 4021 apud
1619 3968 1744 4005 suos
1787 3962 1960 4006 metus
2004 3964 2138 4017 erat,

560 4046 682 4115 quia
713 4060 816 4097 non
849 4044 925 4096 sic
971 4051 1193 4097 externa
1224 4058 1320 4096 nos
1369 4044 1586 4097 turbant
1614 4052 1683 4119 uti
1718 4043 2030 4098 domeStica.
2086 4043 2140 4100 Si

567 4152 697 4208 ergo
726 4141 892 4190 simus
919 4145 1102 4191 mutuo
1128 4136 1399 4204 conjuncti
1424 4177 1440 4201 ,
1471 4152 1629 4191 nemo
1654 4136 1811 4191 nobis
1839 4137 2035 4192 bellum
2066 4138 2145 4192 in-

568 4234 736 4298 feret;
770 4234 851 4287 sin
884 4240 1067 4286 contra
1099 4230 1454 4286 dissideamus
1474 4273 1488 4294 ,
1528 4246 1715 4287 omnes
1741 4247 1841 4287 nos
1870 4232 2142 4287 invadent.

564 4326 702 4380 llinc
730 4326 801 4378 illi
829 4339 949 4378 cum
978 4322 1166 4377 ﬁducia
1188 4331 1243 4376 et
1265 4323 1511 4377 libertate
1547 4323 1600 4376 in
1628 4322 1801 4377 forum
1823 4364 1837 4388 ,
1878 4334 1933 4378 et
1960 4323 2013 4376 in
2042 4338 2147 4378 me-

564 4418 711 4472 dium
742 4415 1077 4469 inimicorum
1099 4428 1158 4466 se
1185 4414 1531 4467 conterebant
1554 4420 1609 4466 et
1631 4412 2024 4482 przevalebant;
2057 4415 2148 4468 im-

567 4510 915 4578 plebaturque
943 4506 1141 4560 dictum
1174 4504 1300 4557 illud
1331 4524 1344 4557 :
1381 4504 1652 4558 Dominare
1686 4507 1737 4559 in
1772 4506 1937 4560 medio
1972 4508 2146 4561 inimi-

566 4617 743 4655 corum
771 4612 968 4653 tuorum
992 4596 1166 4668 (Psal.
1195 4597 1314 4653 l09.
1333 4594 1411 4670 2).
1437 4598 1549 4652 Hoc
1569 4599 1785 4669 majoris
1807 4609 1919 4653 erat
1939 4601 2150 4656 virtutis

567 4692 842 4755 iudicium,
875 4690 1013 4760 quod
1041 4689 1265 4753 detenti,
1293 4690 1477 4755 vincti,
1511 4690 1630 4744 talia
1664 4691 1914 4746 facerent.
1939 4694 1992 4748 Si
2021 4708 2148 4762 ergo

568 4786 637 4851 ii,
679 4785 770 4855 qui
806 4785 1012 4839 mentiti
1058 4784 1293 4847 fuerant,
1340 4783 1463 4837 talia
1514 4785 1653 4853 passi
1683 4795 1840 4852 sunt,
1872 4787 1995 4856 quid
2043 4805 2147 4842 non

569 4880 840 4949 patientur
882 4878 949 4940 ii,
998 4877 1086 4946 qui
1130 4877 1419 4947 peierant?
1473 4876 1582 4932 lmo
1633 4883 1675 4932 si
1725 4880 1955 4944 mulier,
2007 4879 2148 4950 quod

569 4970 785 5034 dixerit,
814 4967 986 5022 Etiam
1013 4969 1174 5035 tanti,
1206 4967 1468 5035 ejusmodi
1500 4983 1684 5039 poenas
1710 4970 1874 5033 dedit,
1908 4987 2004 5026 nec
2028 4971 2151 5026 elia-

571 5061 683 5129 git:
711 5060 939 5126 cogitate
959 5076 1064 5128 quo
1085 5061 1201 5114 sitis
1218 5077 1311 5113 vos
1327 5061 1586 5129 supplicio
1603 5061 1765 5131 digni.
1789 5062 2077 5131 quijuratis
2098 5073 2152 5119 et

574 5152 823 5219 peieratis
838 5151 859 5201 τ
876 5150 918 5204 Ε
936 5167 992 5205 re
1014 5151 1170 5204 fuerit
1185 5151 1341 5205 hodie
1362 5168 1426 5205 ex
1445 5152 1608 5206 veteri
1626 5153 1740 5223 lege
1757 5154 1971 5224 periurii
1985 5155 2153 5223 gravi»

579 5251 735 5294 tatem
756 5240 1055 5294 ostendere.
1077 5240 1602 5312 It‘alx.inquit,eolans
1618 5255 1744 5308 erat,
1765 5248 1868 5299 lata
1883 5246 2049 5299 decent
2067 5263 2155 5300 cu-

577 5330 844 5403 bilis(Zac.
861 5332 914 5385 5.
930 5331 1235 5402 2).\’olatus
1250 5336 1586 5390 celerrimum
1601 5352 1661 5391 su
1671 5337 2152 5407 pplieiijuramenta

576 5422 845 5492 sequentis
872 5421 1155 5476 adventum
1183 5423 1468 5492 signiﬁcat;
1492 5427 1631 5495 quod
1654 5439 1829 5482 autem
1849 5429 2035 5483 decem
2061 5445 2155 5482 cn-

578 5519 805 5569 liitorum
853 5513 923 5568 sit
953 5514 1230 5569 latitudine
1271 5525 1326 5569 et
1370 5517 1725 5586 longitudine,
1760 5520 2150 5575 vehementiam

575 5622 628 5661 ιιι
661 5607 1074 5675 magnitudinem
1107 5607 1363 5661 malorum
1404 5609 1632 5675 indicat;
1685 5613 1825 5681 quod
1865 5622 2040 5668 autem
2087 5629 2149 5667 ex

576 5698 709 5752 Cteln
736 5698 897 5764 volet,
926 5700 1132 5769 signum
1154 5709 1235 5753 est
1260 5701 1573 5755 sententiam
1603 5719 1664 5756 ex
1688 5705 1884 5758 etelesti
1905 5704 2151 5759 tribunali

576 5789 739 5857 ferri;
770 5790 911 5861 quod
953 5793 1003 5846 in
1036 5794 1249 5849 modum
1280 5792 1458 5863 falcis,
1495 5796 1799 5852 inevitabile
1829 5800 2140 5869 supplicium

1251 342 1307 400 S.
1347 339 1621 399 JOANNIS
1657 334 2125 395 CHRYSOSTOMI
2165 333 2481 390 ARClllEP.
2519 330 3052 389 CONSTANTINUP.
3700 332 3791 391 IN

2218 453 2469 509 ostendit.
2496 450 2644 507 Sicut
2669 452 2810 506 enim
2835 452 2941 506 falx
2971 453 3023 506 in
3060 451 3253 505 collum
3286 449 3544 511 immissa.
3580 467 3686 506 non
3712 468 3791 507 re-

2219 543 2470 610 trahitur,
2502 546 2597 599 sed
2627 554 2806 599 manet
2829 546 2987 599 etiam
3015 545 3245 600 abscissa
3273 546 3482 600 cervice
3506 562 3520 599 :
3554 544 3633 601 sic
3656 556 3709 602 et
3733 546 3797 602 nl-

2221 636 2295 690 tio
2319 636 2559 706 iurantes
2585 637 2869 701 invadens,
2901 637 3152 691 terribilis
3179 647 3282 701 est,
3312 654 3411 691 nec
3439 637 3676 702 desinit,
3705 638 3796 692 nisi

2221 730 2369 796 prius
2396 728 2539 797 quod
2565 744 2717 783 suum
2741 737 2857 783 erat
2883 728 3183 798 perfecerit.
3218 728 3368 796 Quod
3396 729 3440 783 si
3467 727 3709 797 iurantes
3733 726 3791 783 ef-

2219 820 2508 889 fugerimus
2528 861 2544 886 ,
2578 837 2643 874 ne
2673 818 3037 885 conﬁdamus;
3083 836 3204 874 nam
3235 821 3288 874 in
3332 819 3533 874 malum
3561 827 3796 875 nostrum

2220 909 2322 965 hoc
2352 912 2597 966 vertitur.
2626 913 2761 981 Quid
2788 915 2928 967 enim
2954 912 3186 980 putatis?
3209 920 3337 983 quot
3364 921 3488 967 sunt
3507 914 3595 983 qui
3619 911 3799 967 eadem

2221 1018 2340 1071 qua:
2365 1003 2598 1057 Ananias
2620 1015 2675 1058 et
2696 1003 2957 1074 Sapphira
2986 1012 3107 1057 sunt
3141 1003 3292 1069 ausi,
3321 1018 3421 1058 nec
3450 1003 3637 1057 eadem
3669 1004 3800 1073 passi

2221 1092 2381 1147 sunt?
2402 1092 2469 1147 Et
2490 1095 2779 1163 quomodo,
2801 1094 3029 1164 inquies,
3056 1094 3195 1163 passi
3220 1108 3327 1148 non
3352 1095 3513 1148 sunt?
3536 1093 3650 1148 Non
3668 1094 3799 1163 quod

2223 1181 2325 1237 hoc
2352 1184 2455 1237 illis
2480 1183 2839 1239 condonatum
2868 1186 2971 1251 sit,
3004 1185 3097 1240 sed
3126 1185 3266 1255 quod
3303 1185 3492 1256 maiori
3521 1202 3802 1241 reserven-

2225 1285 2308 1329 tur
2335 1277 2615 1345 supplicio.

2296 1368 2348 1422 4.
2386 1370 2485 1433 Qui
2510 1371 2795 1438 frequenter
2821 1380 3046 1440 peccant,
3069 1373 3275 1426 timeant
3305 1383 3597 1436 oportet.-——
3626 1374 3802 1445 Itaque

2226 1460 2314 1529 qui
2344 1459 2648 1529 frequenter
2673 1472 2915 1530 peccant,
2948 1464 3116 1532 magis
3144 1464 3365 1517 timeant
3384 1476 3617 1534 Oportet,
3643 1466 3686 1520 si
3706 1484 3804 1521 non

2224 1551 2531 1619 puniantur,
2564 1568 2723 1622 quam
2761 1555 2806 1607 si
2856 1556 3180 1623 puniantur:
3209 1570 3331 1608 nam
3373 1571 3441 1609 ex
3479 1554 3733 1610 dilatione
3756 1567 3808 1612 et

2224 1655 2291 1695 ex
2323 1642 2572 1710 patientia
2603 1644 2693 1697 Dei
2723 1659 2909 1699 eorum
2951 1655 3174 1714 augetur
3221 1646 3558 1715 supplicium.
3601 1647 3678 1702 Ne
3705 1648 3803 1703 hoc

2226 1732 2402 1802 itaque
2445 1740 2745 1803 spectemus
2772 1736 2815 1789 si
2849 1750 2953 1790 non
2996 1738 3301 1806 puniamur,
3342 1738 3436 1792 sed
3464 1738 3511 1792 si
3541 1753 3646 1792 non
3694 1754 3811 1808 pec-

2226 1840 2407 1879 cemus
2431 1842 2444 1878 :
2472 1826 2515 1880 si
2540 1842 2667 1881 vero
2718 1840 2999 1897 peccantes
3026 1845 3131 1882 non
3175 1829 3474 1898 puniamur,
3505 1833 3676 1902 magis
3702 1841 3809 1886 tre-

2227 1916 2478 1971 mendum
2508 1918 2661 1972 nobis
2681 1927 2780 1973 est.
2817 1920 2910 1974 Dic
2936 1920 3098 1985 mihi,
3133 1920 3181 1975 si
3206 1936 3419 1975 servum
3454 1922 3699 1987 haberes,
3727 1925 3809 1978 eui

2228 2008 2399 2061 minas
2457 2009 2745 2064 intentares
2791 2022 3033 2076 tantum,
3092 2027 3193 2066 nec
3257 2013 3572 2069 verberares
3623 2014 3805 2079 illum;

2228 2099 2441 2167 quando
2486 2100 2656 2169 magis
2695 2100 2940 2157 timebit?
2965 2102 3179 2172 quando
3221 2102 3383 2173 fugiet
3426 2116 3481 2159 et
3523 2105 3812 2161 abscedet?

2230 2204 2407 2243 nonne
2436 2205 2555 2245 enm
2582 2193 2754 2247 minas
2796 2202 2996 2247 tantum
3024 2194 3352 2251 intentabis?
3395 2196 3549 2253 Unde
3580 2214 3678 2253 nos
3700 2216 3813 2253 mu-

2231 2288 2322 2333 tuo
2365 2295 2661 2347 monemus,
2708 2300 2776 2338 ne
2809 2283 3141 2355 frequentius
3190 2288 3602 2357 comminemur,
3651 2302 3708 2345 ut
3750 2308 3813 2347 ne

2230 2372 2308 2425 sic
2355 2373 2544 2428 timore
2593 2376 2828 2430 animum
2871 2377 3276 2446 concutiamus,
3321 2395 3457 2437 neve
3521 2381 3599 2437 sic
3648 2386 3813 2455 magis

2233 2463 2493 2520 laniemus
2516 2481 2635 2520 eum
2656 2508 2671 2534 ,
2702 2483 2861 2537 quam
2895 2470 3087 2540 plagis.
3109 2471 3360 2542 Alioquin
3391 2488 3517 2528 vero
3547 2475 3657 2530 illic
3684 2488 3813 2531 tem-

2235 2571 2462 2625 poranea
2492 2559 2643 2629 plaga
2673 2568 2774 2626 est,
2804 2560 2888 2615 hic
2916 2571 3191 2632 perpetua.
3221 2563 3298 2619 Ne
3327 2563 3507 2636 itaque
3537 2569 3811 2638 respicias,

2234 2664 2301 2703 an
2335 2666 2477 2704 nunc
2492 2652 2755 2720 quispiam
2781 2654 2924 2707 illam
2949 2654 3138 2710 falcem
3162 2658 3488 2726 experiatur,
3509 2660 3603 2714 sed
3622 2662 3813 2731 Cogita,

2234 2756 2361 2794 num
2407 2742 2531 2795 talia
2558 2742 2747 2809 faciat;
2780 2746 3030 2814 quoniam
3066 2749 3228 2802 multa
3268 2765 3408 2803 nunc
3434 2751 3586 2818 liunt,
3616 2769 3735 2822 qua:
3766 2755 3816 2808 in

2236 2834 2436 2889 diluvio
2457 2878 2470 2902 ,
2501 2844 2556 2890 et
2584 2847 2759 2892 tamen
2790 2838 3044 2893 diluvium
3091 2856 3195 2894 non
3226 2843 3418 2898 accidit
3451 2861 3460 2869 '
3495 2844 3737 2914 gehenna
3767 2857 3819 2902 et

2236 2927 2549 2996 supplicium
2594 2930 2968 2985 comminando
2996 2934 3171 2987 solum
3202 2936 3513 2991 intentatur.
3546 2939 3700 2995 Multi
3726 2957 3815 2996 ea-

2237 3019 2357 3074 dem
2399 3020 2680 3075 admittunt
2710 3034 2924 3092 peccata
2959 3039 3078 3093 qua:
3105 3024 3417 3095 Sodomilaz,
3443 3041 3496 3083 et
3522 3030 3659 3100 ignis
3705 3034 3819 3102 plu-

2237 3128 2319 3167 vm
2365 3130 2469 3168 non
2517 3114 2661 3170 cadit
2696 3133 2711 3170 ε
2754 3115 2939 3186 igneus
2982 3118 3180 3188 quippe
3218 3116 3410 3175 ﬂuvius
3456 3134 3675 3192 paratus
3717 3137 3818 3179 est.

2238 3204 2385 3259 Multi
2414 3206 2600 3263 eadem
2627 3224 2745 3279 quae
2772 3209 2979 3265 Pharao
3020 3221 3143 3266 sunt
3169 3212 3316 3279 ausi;
3350 3217 3442 3269 sed
3475 3231 3581 3270 non
3631 3219 3820 3273 eadem

2238 3300 2379 3368 passi
2406 3310 2530 3354 sunt
2552 3317 2671 3371 quae
2694 3302 2921 3367 Pharao,
2963 3318 3135 3374 neque
3175 3305 3439 3362 submersi
3461 3318 3586 3363 sunt
3609 3309 3661 3365 in
3680 3326 3824 3367 mare

2240 3393 2479 3447 Rubrum
2508 3404 2816 3465 :exSpeetat
2835 3398 2975 3452 enim
2994 3398 3113 3453 illos
3137 3399 3355 3469 pelagus
3376 3400 3575 3471 abyssi,
3600 3402 3690 3458 ubi
3724 3418 3827 3458 non

2240 3484 2440 3554 absque
2468 3499 2627 3541 sensu
2658 3498 2950 3556 ptena,nec
2979 3490 3233 3546 suﬁ'ocari
3265 3492 3420 3557 licet;
3445 3493 3540 3548 sed
3572 3492 3830 3549 diuturno

2240 3578 2501 3645 Cruciatu,
2544 3583 2870 3650 sartaginum
2914 3583 3106 3639 ardore
3132 3593 3187 3639 et
3228 3585 3649 3656 strangulatione
3696 3603 3829 3642 con-

2241 3672 2401 3725 sumi.
2431 3670 2581 3726 Multi
2627 3672 2813 3728 eadem
2845 3689 2964 3744 quae
2998 3672 3258 3730 lsraelitze
3279 3677 3570 3744 suntausi;
3599 3677 3695 3732 sed
3728 3695 3833 3733 non

2242 3761 2566 3817 devorarunt
2609 3762 2732 3818 illos
2758 3776 3035 3835 serpentes
3068 3782 3082 3818 :
3115 3775 3295 3820 manet
3318 3768 3459 3821 enim
3489 3767 3608 3823 illos
3632 3770 3837 3824 vermis

2244 3852 2336 3909 ille
2376 3854 2715 3909 immortalis.
2766 3855 2917 3911 Multi
2945 3873 3007 3912 ea
3033 3873 3151 3928 qua:
3198 3857 3345 3914 Giezi
3384 3858 3501 3914 ausi
3543 3869 3693 3928 sunt,
3735 3878 3837 3917 nec

2243 3956 2367 4002 sunt
2412 3948 2558 4017 lepra
2604 3949 2843 4019 percussi
2880 3968 2893 4004 :
2924 3958 3103 4005 manet
3144 3950 3287 4005 enim
3333 3951 3454 4007 illos
3500 3967 3598 4023 pro
3637 3953 3792 4021 lepra
3819 3996 3835 4020 ,

2245 4040 2385 4111 quod
2433 4041 2765 4098 dissecentur
2788 4054 2841 4099 et
2869 4053 3132 4114 ponantur
3174 4060 3295 4100 cum
3329 4045 3642 4117 hypocritis.
3682 4047 3837 4102 Multi

2245 4133 2405 4187 etiam
2444 4133 2781 4203 juraruntac
2809 4135 3151 4206 pejerarunt;
3198 4139 3243 4192 si
3287 4150 3463 4194 autem
3503 4139 3837 4211 effugerunt,

2247 4242 2316 4281 ne
2360 4226 2732 4283 conﬁdamus:
2762 4239 2944 4284 manet
2986 4230 3126 4284 enim
3167 4230 3288 4285 illos
3328 4232 3529 4286 stridor
3566 4232 3838 4288 dentium.

2248 4318 2317 4373 Et
2342 4318 2582 4375 fortassis
2625 4320 2787 4375 etiam
2830 4320 2918 4377 hic
2963 4323 3249 4391 patientur,
3292 4333 3348 4379 et
3392 4342 3496 4380 non
3545 4325 3836 4398 eﬁugient,

2248 4412 2456 4466 etiamsi
2503 4427 2606 4466 non
2634 4428 2665 4467 e
2702 4413 2945 4485 vestigia,
2974 4415 3070 4470 sed
3093 4416 3145 4469 in
3180 4416 3298 4469 aliis
3342 4418 3593 4485 peccatis,
3625 4429 3687 4472 ut
3714 4435 3845 4490 grac

2248 4502 2367 4557 vior
2391 4504 2461 4557 sit
2498 4518 2654 4573 paena
2685 4522 2698 4559 :
2726 4506 2848 4576 quia
2877 4513 2931 4560 et
2951 4521 3048 4561 nos
3076 4522 3217 4576 stepe
3261 4518 3468 4577 sumpta
3490 4510 3785 4565 occasione
3814 4528 3845 4564 ει

2250 4596 2564 4663 minoribus,
2590 4598 2747 4651 etiam
2782 4614 2878 4668 pro
2926 4600 3131 4670 magnis
3164 4608 3331 4655 totum
3359 4618 3704 4658 evacuamus.
3739 4604 3851 4660 lta-

2250 4706 2353 4761 que
2381 4691 2426 4745 si
2468 4690 2682 4761 quando
2719 4692 2915 4747 videris
2958 4693 3049 4747 tibi
3090 4694 3287 4763 aliquid
3332 4696 3597 4766 accidere,
3625 4714 3853 4756 meumr

2251 4792 2367 4837 esto
2390 4783 2529 4837 illius
2561 4784 2762 4853 peccati
2795 4787 2889 4838 tui.
2923 4785 3036 4840 Hoc
3061 4787 3221 4841 etiam
3250 4788 3301 4842 in
3333 4789 3456 4844 ﬁliis
3486 4789 3655 4846 Jacob
3686 4795 3851 4848 acci-

2252 4876 2349 4931 dit.
2370 4876 2682 4931 Meministis
2706 4877 2926 4931 fratrum
2952 4877 3169 4949 Josephi
3191 4895 3204 4932 :
3226 4880 3574 4936 vendiderant
3590 4884 3855 4952 fratrem,

2252 4967 2497 5022 occidere
2527 4976 2875 5034 tentaverant,
2899 4969 3007 5022 imo
3035 4978 3284 5038 quantum
3313 4971 3367 5024 in
3396 4972 3521 5041 ipsis
3548 4984 3667 5028 erat
3692 4978 3858 5030 oeci.

2252 5059 2480 5126 derant;
2523 5058 2842 5128 dcceperant
2884 5076 3065 5114 senem
3096 5104 3111 5128 ,
3162 5067 3653 5132 contristaverant;
3707 5070 3861 5124 nihil

2254 5156 2397 5223 passi
2427 5163 2579 5207 erant
2608 5155 2753 5207 mali.
2791 5153 2968 5224 Itaque
3001 5163 3120 5223 post
3144 5156 3339 5209 multos
3360 5172 3531 5213 annos
3560 5158 3628 5215 de
3652 5172 3864 5218 extre-

2255 5246 2357 5301 mis
2392 5246 2676 5315 periclitati
2720 5256 2861 5309 sunt,
2891 5257 2945 5302 et
2974 5248 3173 5315 peccati
3206 5248 3367 5318 huius
3394 5259 3520 5307 tunc
3550 5254 3867 5309 recordan-

2258 5347 2363 5392 lur.
2414 5337 2566 5405 Quod
2592 5349 2768 5392 autem
2800 5355 2903 5392 non
2934 5340 3238 5406 coniectura
3267 5343 3338 5394 sit
3361 5343 3500 5411 quod
3524 5344 3645 5399 dieo
3679 5350 3867 5402 επηάί

2257 5431 2380 5484 illos
2420 5431 2693 5484 dicentes:
2728 5431 2985 5496 Etiam;in
3011 5444 3211 5502 peccato
3250 5436 3379 5487 enim
3422 5454 3594 5490 sunms
3634 5440 3691 5491 in
3737 5442 3871 5510 fra-

2259 5533 2382 5576 trem
2427 5532 2650 5575 noslrum
2673 5521 2824 5589 (Gen.
2855 5525 2941 5576 Η.
2969 5524 3081 5592 2i).
3113 5526 3200 5577 Sic
3228 5534 3279 5579 et
3312 5536 3385 5594 ιιι,
3413 5544 3533 5580 eum
3564 5531 3654 5582 tihi
3687 5534 3871 5601 quid-

2259 5616 2397 5685 piam
2426 5615 2720 5684 contigerit,
2755 5616 2838 5668 dic
2869 5634 2882 5671 :
2919 5616 3110 5681 Etiam,
3148 5618 3196 5670 in
3229 5629 3443 5687 peccato
3466 5637 3676 5685 sumus,
3718 5628 3870 5695 quia

2259 5706 2527 5761 Christum
2560 5723 2664 5760 non
2691 5706 3010 5770 audivimus,
3035 5708 3155 5775 quia
3182 5708 3507 5777 iuravimus:
3532 5714 3870 5780 iuramenta

2264 5797 2555 5870 frequentia
2588 5809 2633 5854 et
2660 5799 2888 5871 periuria
2918 5801 2969 5855 in
3002 5810 3157 5870 eaput
3186 5818 3362 5859 meutn
3385 5803 3710 5864 inciderunt.
3738 5813 3863 5866 lla-
