4076 6354
530 422 842 502 λοιπὸντὴν
872 434 1160 505 τιμωρίαν.
1195 434 1399 497 Εἴδετε,
1427 433 1480 484 τί
1533 431 1734 485 ἔπαθον
1763 434 1812 484 οἱ
1847 433 2112 504 ψευδόμε-

530 535 644 581 νοι;
669 517 875 570 Οὐκοῦν
905 520 1216 588 ἐννοήσατε,
1238 517 1293 568 τί
1315 515 1593 568 πείσονται
1611 517 1703 568 καὶ
1718 518 1766 568 οἱ
1800 517 2113 585 ἐπιορκοῦν-

531 618 639 663 τες·
666 603 975 670 ἐννοήσατε,
1001 603 1093 653 καὶ
1118 600 1416 670 ἀπόστητε.
1449 599 1563 652 Οὑκ
1592 599 1736 651 ἐστιν
1770 600 2007 670 ὀμνύντα
2037 601 2111 670 μὴ

532 688 830 754 ἐπιορκεῖν,
858 686 950 737 καὶ
979 684 1173 736 ἐκόντα
1223 683 1317 736 καὶ
1346 683 1566 737 ἄκοντα·
1596 682 1695 734 οὑκ
1723 682 1867 736 ἐστιν
1923 683 2112 752 ἐπιορ-

529 768 730 822 κοῦντα
746 767 1004 837 σωθῆναι.
1039 767 1224 836 Ἀρκεῖ
1253 765 1351 836 μία
1373 766 1628 836 ἐπιορκία
1651 765 1713 818 τό
1743 767 1851 819 πᾶν
1876 766 2114 836 ἐργάσα-

530 853 678 915 σθαι,
712 853 805 906 καὶ
837 850 1129 922 ὁλόκληρον
1160 851 1292 920 ἡμῖν
1337 849 1436 920 τὴν
1475 850 1746 920 τιμωρίαν
1791 851 2111 918 ἐπαγαγεῖν.

1250 321 1308 376 s.
1351 319 1634 375 JOANNIS
1671 299 2153 376 cnmsosmni
2191 321 2509 376 AHCHIEP.
2547 321 3094 378 CONSTANTINOP.

3688 318 3795 384 106

2223 436 2320 488 Διά
2350 435 2412 506 δὴ
2445 434 2599 488 τοῦτο
2632 437 2984 506 προσέχωμεν
3005 477 3018 496 ,
3053 438 3376 509 παρακαλῶ,
3428 440 3659 504 ἑαυτοῖς,
3707 443 3796 496 ἵνα.

2214 518 2312 587 τὴν
2340 519 2588 571 ἐντεῦθεν
2616 519 2835 572 κόλασιν
2865 521 3237 589 διαφυγόντες,
3262 523 3363 592 τῆς
3381 525 3531 596 παρὰ
3548 525 3642 577 τοῦ
3659 526 3798 579 Θεοῦ

2215 602 2621 672 ςιλανθρωπίας
2647 603 2989 673 ἀξιωθῶμεν,
3031 606 3216 677 χάριτι
3242 609 3336 660 καὶ
3365 610 3670 679 οἱκτιρμοῖς
3701 610 3798 663 τοῦ

2219 687 2538 754 μονογενοῦς
2566 688 2730 740 αὑτοῦ
2754 689 2882 741 Υἱοῦ
2910 727 2927 753 ,
2969 691 3088 759 μεθ’
3112 685 3174 742 οὗ
3215 691 3294 762 τῷ
3327 693 3521 762 Πατρί,
3560 695 3677 762 ἄμα
3723 695 3802 764 τῷ

2214 769 2355 839 ἁγίῳ
2374 770 2671 839 Πνεύματι,
2691 771 2838 836 δόξα,
2864 773 3084 842 κράτος,
3117 775 3271 845 τιμὴ,
3308 774 3400 828 νῦν
3430 776 3523 830 καὶ
3548 775 3658 840 ἀεὶ,
3706 779 3802 828 καὶ

2214 854 2296 915 είς
2326 854 2452 918 τοὺς
2480 854 2682 918 αἰῶνας
2697 855 2805 908 τῶν
2832 856 3066 910 αἰώνων.
3102 859 3294 930 Ἀμήν.

1982 1149 2226 1204 υΜῐΛΙΑ
2258 1149 2356 1205 II".

540 1275 837 1351 ‘Araoyt’tc
857 1272 924 1351 δέ
946 1275 978 1326 ό
997 1270 1327 1351 ἀρχιερεὺς,
1348 1267 1448 1351 {agt
1469 1267 1692 1351 πάντες
1711 1270 1765 1351 οἱ
1788 1268 1910 1351 σὺν
1929 1267 2112 1351 ιιὺτῷ,

598 1349 637 1414 η
669 1339 828 1399 οὖσα
852 1339 1235 1414 αἵρεσι-ςίτῶν·
1254 1339 1696 1414 Σαδδουκαίων,
1711 1339 2117 1414 ἐπλήσθησαν

601 1407 807 1482 ζήλου,
829 1407 925 1467 καὶ
951 1412 1247 1465 ἐπέϐαλον
1269 1412 1375 1475 τὰς
1401 1411 1597 1482 χεῖρας
1621 1408 1819 1482 αὐτῶν
1841 1409 1939 1482 έπὶ
1973 1407 2116 1482 τοὺς

598 1477 1004 1550 ἀποστόλους,
1029 1483 1127 1536 καὶ
1153 1482 1359 1536 ἔθεντο
1386 1477 1610 1544 αὐτοὺς
1631 1479 1700 1532 ἐν
1726 1479 1976 1548 τηρήσει
2005 1477 2114 1545 δη·

595 1557 804 1629 μοσίᾳ.

586 1698 671 1757 ἀ’.
701 1700 866 1754 Οὐδὲν
893 1697 1230 1770 ἰταμώτερον
1262 1695 1481 1760 κακίας,
1511 1695 1662 1748 οὐδὲν
1691 1692 2110 1765 τολμηρότερον.

530 1785 704 1858 Πείρᾳ.
722 1783 983 1856 μαθόντες
1001 1782 1098 1853 τὴν
1120 1780 1298 1834 αὐτῶν
1322 1779 1571 1851 ἀνδρείαν
1585 1777 1644 1842 ἐξ
1664 1771 1740 1832 ὧν
1753 1775 2113 1846 ἐπεχείρησαν

531 1871 816 1943 πρότερον,
845 1869 994 1936 ὅμως
1032 1864 1390 1936 ἐπιχειροῦσι,
1422 1863 1518 1916 καὶ
1549 1862 1710 1915 πάλιν
1738 1861 2114 1943 ἐπισυνίσταν-

525 1941 710 2008 ται.Τί
729 1952 897 2013 ἐστιν,
936 1948 1222 2013 Ἀναστὰς
1250 1947 1320 1999 δὲ
1349 1949 1381 2000 ό
1409 1944 1742 2015 ἀρχιερεὺς,
1772 1943 1871 1997 καί
1891 1941 2113 2009 πάντες

527 2042 582 2092 οἱ
619 2037 740 2092 σὺν
763 2035 922 2098 αὐτῷ
944 2049 962 2096 ;
992 2031 1286 2103 Διηγέρθη,
1306 2030 1462 2101 φησὶ,
1488 2028 1729 2098 κινηθεὶς
1753 2029 1847 2080 ἐπὶ
1884 2029 1998 2091 τοῖς
2020 2043 2113 2095 γε-

528 2121 793 2193 νομένοις.
849 2117 959 2171 Καὶ
1023 2115 1320 2168 ἐπέϐαλον
1367 2112 1476 2176 τὰς
1535 2112 1737 2180 χεῖρας
1780 2109 1977 2164 αὐτῶν
2011 2109 2110 2162 ἐπὶ

527 2208 670 2270 τοὺς
687 2201 1089 2265 ἀποστόλους,
1122 2199 1220 2251 καὶ
1246 2197 1452 2251 ἔθεντο
1496 2195 1717 2262 αὐτοὺς
1746 2194 1815 2247 ἐν
1862 2193 2110 2262 τηρήσει

526 2289 807 2360 δημοσίᾳ.
834 2286 947 2339 Νῦν
981 2282 1337 2354 σφοδρότερον
1381 2281 1564 2344 αὑτοῖς
1599 2279 1950 2333 ἐπιτίθενται.
1997 2277 2111 2330 Οὑκ

527 2375 730 2437 εὐθέως
743 2373 800 2426 δέ
822 2371 1018 2432 αὑτοὺς
1042 2365 1705 2439 ἐκριναν,προσδοκῶντες
1724 2363 1885 2417 πάλιν
1912 2361 2110 2424 αὑτοὺς

526 2461 734 2531 πράους
768 2455 1007 2510 ἐσεσθαι.
1038 2453 1146 2506 Καὶ
1191 2451 1352 2504 πόθεν
1406 2450 1585 2520 δῆλον,
1627 2449 1706 2501 ὃτι
1759 2445 2109 2517 σφοδρότερον

526 2547 710 2606 αὑτοῖς
727 2539 1061 2610 ἐπετέθησαν
1077 2554 1090 2601 ;
1121 2536 1255 2590 Ἀπὸ
1269 2536 1363 2589 τοῦ
1380 2533 1551 2587 θεῖναι
1568 2532 1762 2595 αὑτοὺς
1788 2532 1867 2593 είς
1883 2532 2112 2601 τήρησιν

525 2626 812 2697 δημοσίαν.
866 2621 1034 2676 Πάλιν
1062 2619 1450 2688 περιπίπτουσι
1491 2616 1775 2680 κινδύνοις,
1825 2614 1922 2667 καὶ
1951 2614 2112 2667 πάλιν

526 2696 626 2780 τῆς
645 2725 720 2759 πα
731 2707 796 2777 ρά
815 2703 909 2756 τοῦ
925 2703 1058 2756 Θεοῦ
1081 2701 1412 2754 ἀπολαύουσι
1435 2699 1628 2770 ῥοπῆς·
1651 2699 1743 2750 καὶ
1764 2699 1931 2761 ὅπως,
1950 2696 2112 2750 ἄκουε

531 2794 636 2846 τῶν
691 2791 833 2860 ἑξῆς·
867 2789 1155 2856 Ἀγγελος
1199 2783 1268 2837 δὲ
1305 2784 1525 2851 Κυρίου
1574 2781 1674 2835 διὰ
1732 2780 1843 2850 τῆς
1894 2781 2112 2846 νυκτὸς

535 2873 755 2938 ἀνέῳξε
806 2871 914 2937 τὰς
946 2871 1144 2934 πύλας
1174 2866 1284 2935 τῆς
1325 2863 1628 2936 φυλακῆς,
1689 2862 1998 2934 ἐξαγαγών
2049 2881 2114 2918 τε

525 2952 936 3022 αὐτοὺς,εῖπε·
963 2952 1316 3020 Πιφεύεσθε,
1351 2949 1450 3002 καὶ
1503 2946 1825 3014 σταθέντες
1874 2947 2113 3002 λαλεῖτε

525 3043 597 3095 ἐν
615 3039 694 3106 τῷ
721 3037 853 3109 ἱερῷ
865 3037 946 3103 τῷ
963 3033 1091 3100 λαῷ
1109 3033 1306 3088 πάντα
1321 3034 1392 3088 τὰ
1411 3031 1650 3101 ῥήματα
1669 3031 1779 3099 τῆς
1799 3029 1948 3101 ζωῆς
1973 3033 2114 3086 ταύ-

511 3142 659 3193 .της.
685 3123 855 3176 Τοῦτο
880 3121 972 3173 καὶ
992 3121 1071 3183 εἰς
1122 3117 1346 3171 ἐκείνων
1391 3114 1743 3188 παραμυθίαν
1766 3115 1978 3183 γέγονε,
2020 3113 2114 3169 καὶ⁵

512 3208 606 3270 ,είς
631 3204 834 3258 τούτων
859 3202 1128 3273 ὠφέλειαν
1162 3200 1257 3254 καὶ
1282 3199 1648 3253 διδασκαλίαν.
1681 3199 1792 3252 Καὶ
1818 3201 1939 3270 δρα,
1977 3199 2112 3270 ὅπερ

528 3288 728 3342 ἐπἰτοῦ
757 3285 1017 3356 Χριστοῦ,
1043 3283 1205 3336 τοῦτο
1243 3284 1337 3336 καὶ
1367 3282 1462 3337 νῦν
1492 3282 1796 3352 γινόμενον.
1849 3281 2115 3352 Γινόμενα

533 3376 630 3447 μὲν
659 3376 767 3444 γὰρ
794 3373 962 3443 δήπου
985 3370 1056 3424 τὰ
1081 3369 1332 3441 θαύματα
1364 3371 1462 3422 οὑκ
1487 3368 1709 3440 ἀφίησιν
1739 3367 1936 3432 αὑτοὺς
1965 3367 2112 3433 ἰδεῖν,

529 3461 621 3526 ἀφ’
661 3454 734 3510 ῶν
756 3456 802 3509 δ’
830 3455 896 3508 ἂν
928 3451 1170 3525 μάθοιεν,
1213 3453 1388 3508 ταῦτα
1415 3452 1832 3515 κατασκευάζει·
1856 3447 1967 3505 οἷον
2021 3452 2115 3504 ἐπὶ

528 3542 627 3612 τῆς
657 3539 1007 3601 ἀναστάσεως
1036 3537 1137 3607 τῆς
1167 3536 1329 3591 αὑτοῦ
1354 3539 1453 3590 οὑκ
1482 3536 1696 3606 ἀφῆκεν
1727 3546 1753 3576 α
1771 3534 1967 3598 αὐτοὺς
1987 3533 2114 3587 ἰδεῖν

529 3622 644 3684 πῶς
667 3621 885 3691 ἀνέστη·
911 3620 1117 3687 ἀνάξιοι
1149 3621 1257 3692 γάρ
1281 3620 1373 3673 τοῦ
1402 3619 1602 3690 ταύτην
1631 3619 1758 3672 ἰδεῖν
1794 3615 1954 3690 ἦσαν·
1977 3616 2112 3671 ἀλλὰ

521 3706 796 3759 δείκνυσιν
815 3706 908 3774 ἀφ’
937 3700 1012 3759 ῶν
1039 3704 1198 3758 τοῦτο
1219 3705 1534 3776 εἰργάσατο.
1562 3702 1716 3775 [105]
1753 3701 1985 3773 Ὁμοίως
2019 3702 2113 3755 καὶ

528 3793 620 3844 ἐπὶ
644 3789 736 3844 τοῦ
769 3790 911 3844 οἴνου
938 3790 1033 3844 τοῦ
1051 3791 1159 3845 ἀπὸ
1179 3790 1274 3844 τοῦ
1315 3789 1504 3854 ὓδατος
1525 3787 1839 3859 γενομένου,
1886 3789 1949 3841 οὑ
1985 3786 2106 3858 βλέ-

528 3890 722 3930 πουσιν
743 3875 791 3928 οἰ
832 3875 1200 3947 ἀνακείμενοι·
1229 3873 1459 3945 ἐμέθυον
1490 3873 1620 3943 γάρ·
1653 3874 1748 3925 καὶ
1795 3871 1894 3944 τὴν
1928 3872 2110 3944 κρίσιν

527 3958 809 4032 ἐπιτρέπει
841 3959 1070 4031 ἐτέροις.
1118 3957 1274 4013 Οὑτω
1313 3958 1378 4030 δὴ
1411 3957 1781 4012 καὶένταῦθα.
1820 3955 2111 4027 Ἐξαγομέ-

527 4059 650 4105 νους
675 4043 773 4112 μὲν
802 4041 909 4114 γάρ
927 4044 1124 4106 αὐτοὺς
1147 4044 1246 4112 οὑχ
1278 4043 1467 4113 ὁρῶσι,
1493 4043 1769 4114 τεκμήρια
1800 4041 1857 4094 δὲ
1876 4081 1890 4105 ,
1917 4040 2009 4110 ἀφ’
2034 4033 2110 4094 ὧν

526 4127 788 4198 ἠδύναντο
815 4126 1152 4197 καταμαθεῖν
1187 4129 1256 4180 τὰ
1287 4127 1577 4197 γενόμενα,
1610 4122 1770 4182 εἶδον.
1813 4125 1878 4177 Τί
1910 4124 2108 4195 δήποτε

525 4213 584 4265 δὲ
614 4211 708 4265 καὶ
747 4211 888 4265 κατὰ
914 4213 1012 4282 τὴν
1047 4211 1218 4266 νύκτα
1264 4211 1460 4274 αὑτοὺς
1517 4209 1771 4276 ἐξέϐαλε;
1815 4209 1937 4261 ’Ὀτι
1968 4207 2110 4260 οὑτω

529 4295 734 4366 μᾶλλον
759 4295 792 4366 ἢ
822 4294 1044 4356 ἐκείνως
1066 4293 1483 4365 ἐπιστεύθησαν⁸
1503 4293 1678 4355 ἄλλως
1710 4310 1769 4345 τε
1793 4292 1887 4344 καὶ
1904 4292 1985 4344 ὅτι
2009 4291 2110 4344 οὑκ

525 4377 593 4430 ἂν
627 4379 720 4432 ἐπὶ
745 4378 804 4431 τὸ
833 4377 1110 4448 ἐρωτῆσαι
1147 4372 1330 4447 ἦλθον·
1359 4374 1483 4428 οὔτε
1523 4375 1628 4446 μὴν
1673 4374 1876 4445 ἑτέρως
1915 4373 1981 4428 ἂν
2016 4375 2110 4428 καὶ

527 4462 682 4513 αὑτοί¹
723 4459 1051 4514 ἐπίστευσαν
1086 4460 1136 4512 δ.
1174 4457 1330 4531 Οὕτω
1385 4459 1477 4510 καὶ
1502 4459 1594 4512 ἐπὶ
1615 4457 1724 4510 τῶν
1742 4457 1987 4510 παλαιῶν
2019 4459 2110 4526 γέ-

525 4562 705 4615 γονεν,
733 4538 845 4597 οἷον
871 4543 964 4596 ἐπὶ
991 4544 1087 4595 τοῦ
1119 4539 1609 4611 Ναὸουχοδονόσορ·
1659 4535 1799 4595 εἶδεν
1828 4540 2110 4604 αἰνοῦντας

525 4632 617 4683 τὸν
649 4629 780 4682 Θεὸν
806 4629 898 4681 ἐπὶ
925 4628 1023 4698 τῆς
1072 4625 1305 4698 καμίνου
1339 4628 1465 4689 τοὺς
1491 4625 1705 4693 παῖδας,
1739 4631 1833 4680 καὶ
1869 4627 1989 4680 τότε
2025 4625 2112 4689 εἰς

526 4711 787 4783 ἔκπληξιν
845 4707 997 4783 ἦλθε.
1063 4710 1194 4762 Δέον
1242 4707 1419 4761 τοίνυν
1448 4711 1544 4761 καὶ
1586 4709 1810 4772 τούτους
1839 4711 2110 4780 ἐρωτῆσαι

526 4797 761 4866 πρῶτον,
793 4795 916 4856 Πῶς
975 4793 1249 4864 ἐξήλθετε.
1302 4792 1429 4844 οἱδέ
1459 4792 1535 4856 ὡς
1562 4793 1777 4856 οὐδενὸς
1817 4793 2109 4864 γενομένου

526 4881 772 4950 ἐρωτῶσι
819 4879 1088 4947 λέγοντες·
1128 4877 1276 4947 Οὐχὶ
1315 4879 1683 4946 παραγγελία
1720 4878 2112 4947 παρηγγείλα-

521 4983 636 5034 μεν
664 4965 806 5034 ὑμῐν
829 4963 915 5032 μὴ
936 4961 1176 5026 λαϐεῖν;
1207 4961 1315 5015 Καὶ
1344 4963 1466 5032 ὅρα,
1499 4962 1615 5026 πῶς
1641 4961 1708 5014 δι’
1742 4963 1942 5033 ἐτέρων
1975 4981 2110 5034 μαν-

527 5049 776 5102 θάνουσιν
799 5050 1032 5102 ἃπαντα.
1067 5047 1263 5117 Ὁρῶσι
1303 5047 1414 5117 γὰρ
1447 5047 1840 5117 κεκλεισμένην
1879 5046 1978 5121 τὴν
2001 5067 2106 5119 φυο

527 5133 698 5203 λακήν
741 5133 878 5201 μετὰ
925 5132 1245 5200 ἀσφαλείας,
1303 5132 1543 5195 καὶτοὺς
1583 5130 1830 5201 φύλακας
1868 5133 2108 5196 ἑστῶτας

526 5217 633 5288 πρὸ
664 5214 773 5268 τῶν
810 5215 1016 5288 θυρῶνἒ
1069 5214 1470 5282 Ἀκούσαντες
1515 5215 1602 5279 δὲ,
1637 5214 1930 5283 εἰσῆλθον
1988 5215 2107 5269 ὑπὸ

524 5279 632 5354 τόν
655 5300 868 5366 ὄρθρον
883 5279 979 5364 ἐἰς
998 5279 1068 5351 τὸ
1101 5300 1260 5367 ἱερὸν
1288 5301 1385 5352 καὶ
1411 5279 2108 5368 ἐδίδασκονξηαραγενό-

517 5401 701 5456 μενος
722 5383 789 5436 δὲ
811 5387 843 5437 ό
863 5383 1193 5452 ἀρχιερεὺς,
1223 5386 1322 5437 καὶ
1357 5388 1410 5438 οί
1439 5385 1559 5437 σὺν
1578 5383 1756 5451 αὐτῷ,
1779 5383 2109 5438 συνεκάλε-

522 5484 644 5521 σαν
676 5467 743 5521 τὸ
776 5465 1118 5533 συνέδριον,
1142 5465 1238 5520 καὶ
1268 5465 1475 5521 πᾶσαν
1501 5468 1617 5536 τὴν
1646 5470 1969 5538 γερουσίαν
1988 5466 2108 5521 τῶν

522 5555 667 5608 υἱῶν
695 5549 961 5620 Ἰσραήλ·
982 5551 1078 5605 καί
1095 5551 1460 5607 ἀπέστειλαν
1490 5555 1577 5619 είς
1601 5554 1668 5607 τὸ
1697 5553 2108 5624 δεσμωτήριον

522 5634 780 5706 ἀχθῆναι
839 5636 1080 5702 αύτὸύς.
1129 5638 1600 5706 Παραγενόμενοι
1637 5636 1705 5690 δὲ
1733 5641 1786 5691 οὶ
1821 5639 2108 5706 ὑπηρέται

521 5724 636 5790 οὐχ
671 5716 852 5790 εὗρον
877 5721 1095 5788 αὐτοὺς
1127 5723 1196 5776 ἐν
1227 5720 1300 5789 τῇ
1323 5721 1589 5791 φυλακῇ·
1615 5723 2107 5792 ἀναστρέψαντες

584 5891 610 5920 ⁸
656 5892 758 5958 Alii
797 5894 1104 5958 ἀναστάσεως
1148 5897 1355 5958 γέγονεν.
1419 5894 1524 5942 Οὑκ
1565 5895 1762 5958 ἀφῆκεν.
1829 5898 1854 5938 ιδ
1899 5898 2103 5956 Quidam

521 5966 638 6004 mss.
680 5954 844 6015 ἦλθον·
883 5957 968 6004 οὑκ
999 5959 1054 6003 ἀν
1084 5954 1251 6017 ἑτέρως
1275 5956 1570 6004 ἐπίστευσαν.

2217 1266 2284 1319 δὲ
2301 1267 2696 1338 ἀπήγγειλαν,
2716 1271 3020 1340 λέγοντες,
3051 1273 3222 1326 ὅτιτὸ
3242 1275 3358 1344 μὲν
3387 1276 3799 1347 δεσμωτήριον

2215 1351 2469 1420 εὕρομεν
2499 1354 2931 1423 κεκλεισμένον
2974 1355 3045 1408 ἐν
3079 1356 3248 1425 πάσῃ
3301 1358 3604 1427 ἀσφαλείᾳ
3629 1403 3643 1427 ,
3693 1365 3794 1418 καὶ

2215 1435 2356 1501 τοὺς
2386 1437 2662 1504 φύλακας
2694 1436 2957 1504 ἑστῶτας
2983 1440 3093 1508 πρὸ
3136 1439 3253 1494 τῶν
3277 1441 3489 1510 θυρῶν·
3514 1446 3798 1511 ἀνοίξαν-

2213 1535 2312 1600 τες
2355 1518 2422 1571 δὲ
2479 1521 2600 1573 ἔσω
2653 1520 2873 1575 οὐδένα
2922 1522 3191 1591 εὕρομεν.
3253 1527 3487 1600 Διπλῆή
3527 1530 3798 1600 ἀσφάλεια

2213 1599 2401 1672 ῶσπερ
2431 1603 2522 1655 ἐπὶ
2547 1601 2641 1655 τοῦ
2676 1603 2870 1672 τάφου,
2923 1605 3018 1658 καὶ
3059 1608 3092 1676 ἡ
3123 1611 3359 1678 σφραγὶς
3384 1611 3477 1664 καὶ
3505 1613 3555 1664 οἰ
3584 1614 3798 1685 ἄνθρω-

2215 1704 2327 1739 ποι.
2353 1687 2517 1758 Ὅρα,
2559 1688 2675 1751 πῶς
2717 1685 2858 1758 ἦσαν
2892 1689 3167 1762 θεομάχοι.
3218 1694 3404 1748 Ταῦτα
3456 1695 3794 1768 ἀνθρώπινα,

2214 1775 2334 1825 εἰπέ
2367 1791 2476 1843 μοι,
2508 1774 2575 1827 τὰ
2603 1774 2688 1827 ἐπ’
2705 1775 2881 1828 αὑτῶν
2907 1777 3202 1850 γενόμενα;
3225 1781 3320 1844 Τίς
3337 1782 3533 1847 αὑτοὺς
3558 1784 3797 1856 ἐξήγαγε

2211 1858 2319 1910 τῶν
2365 1858 2544 1929 θυρῶν
2584 1858 3019 1930 κεκλεισμένωνς
3079 1863 3197 1926 πῶς
3230 1861 3452 1934 ἐξῆλθον
3483 1866 3592 1920 τῶν
3620 1869 3796 1938 φυλά-

2213 1960 2325 1996 κων
2359 1944 2463 2014 πρὸ
2489 1943 2596 1995 τῶν
2642 1943 2820 2014 θυρῶν
2862 1944 3146 2015 ἐστῶτων;
3193 1949 3400 2014 Ὄντως
3454 1954 3800 2022 μαινομένων

2213 2031 2307 2080 καί
2343 2028 2648 2100 μεθυόντων
2675 2029 2744 2081 τὰ
2774 2030 3014 2100 ῥήματα.
3049 2030 3156 2095 Οὒς
3177 2033 3238 2086 οὑ
3284 2034 3515 2106 κατέσχε
3548 2038 3792 2109 φυλακὴ,

2212 2113 2308 2166 καὶ
2337 2113 2532 2183 δεσμὰ,
2567 2112 2662 2167 καὶ
2695 2112 2855 2185 θύραι
2889 2114 3293 2186 κεκλεισμέναι,
3347 2119 3552 2172 τούτων
3596 2138 3802 2192 προσεο

2210 2196 2446 2267 δόκησαν
2478 2196 2851 2267 περιέσεσθαι,
2882 2198 3088 2250 παίδων
3119 2199 3368 2269 ἀνοήτων
3423 2205 3652 2274 πρᾶγμα
3688 2224 3801 2259 πα-

2211 2277 2413 2343 θόντες.
2438 2281 2499 2332 Οί
2531 2279 2798 2350 ὑπηρέται
2823 2279 2954 2348 γοῦν
2981 2279 3160 2335 αὑτῶν
3180 2281 3268 2335 διὰ
3295 2283 3452 2338 τοῦτο
3474 2288 3803 2358 παραγίνον-

2211 2380 2320 2423 ται,
2341 2364 2435 2416 καὶ
2451 2363 2773 2434 ὁμολογοῦσι
2789 2364 2848 2416 τὸ
2870 2366 3111 2433 γεγονὸς,
3137 2367 3222 2420 ἵνα
3249 2370 3430 2423 πᾶσαν
3449 2371 3631 2436 αὑτοῖς
3653 2374 3799 2425 ἀπο-

2211 2448 2467 2503 κλείσωσι
2489 2449 2780 2519 πρόφασιν.
2826 2448 2989 2520 Ὀρᾷς
3020 2452 3222 2521 σημεῖα
3255 2454 3346 2506 ἐπὶ
3399 2457 3645 2526 σημείοις
3670 2457 3799 2511 διά-

2215 2551 2378 2605 φορα,
2405 2532 2474 2585 τὰ
2499 2534 2595 2602 μὲν
2635 2533 2726 2587 ὑπ’
2750 2533 2950 2599 αὑτῶν,
2987 2534 3054 2588 τὰ
3073 2534 3129 2587 δὲ
3157 2537 3238 2601 είς
3274 2537 3470 2602 αὑτοὺς
3505 2541 3794 2611 γενόμενα,

2215 2616 2250 2670 ἀ
2282 2616 2376 2669 καὶ
2402 2615 2759 2687 λαμπρότερα
2783 2611 2880 2688 ἧν;
2944 2617 3141 2682 Καλῶς
3187 2620 3308 2674 οὑδέ
3362 2622 3562 2686 εὐθέως
3609 2624 3801 2689 αὑτοῖς

2214 2697 2480 2769 ἐμηνύθη,
2504 2697 2640 2751 άλλά
2666 2700 2928 2773 πρότερον
2949 2702 3006 2754 ἐν
3028 2702 3231 2774 ἀπορίᾳ
3252 2705 3550 2773 γεγονόσιν,
3575 2706 3660 2759 ἵνα
3680 2707 3804 2760 δια-

2215 2783 2546 2854 σκεψάμενοι
2596 2794 2618 2822 ο
2651 2783 2799 2837 θείαν
2859 2779 2998 2838 εἶναι
3047 2785 3310 2856 δύναμιν,
3362 2787 3503 2842 οὑτω
3547 2790 3801 2860 μάθωσιν

2214 2869 2449 2922 ἅπαντα.
2489 2867 2585 2934 Ὠς
2613 2867 2681 2920 δὲ
2730 2867 3008 2936 ἤκουσαν
3034 2870 3177 2937 τοὺς
3197 2873 3419 2941 λόγους
3471 2876 3722 2942 τούτους
3763 2876 3802 2930 ὅ

2212 2968 2277 3004 τε
2297 2951 2606 3020 ἀρχιερεὺς
2637 2951 2733 3005 καὶ
2785 2954 2818 3004 o'
2861 2954 3194 3023 στρατηγὸς
3244 2956 3351 3009 τοῦ
3401 2957 3560 3025 ιεροῦ
3607 2958 3706 3012 καὶ
3742 2960 3802 3015 cl

2215 3035 2527 3104 ἀρχιερεῖς,
2565 3035 2896 3102 διηπόρουν
2952 3037 3088 3106 περὶ
3147 3038 3345 3092 αὐτῶν
3377 3041 3434 3094 τί
3460 3040 3537 3095 ἂν
3564 3041 3799 3111 γένοιτο

2212 3118 2408 3172 τοῦτο.
2451 3121 2936 3188 Παραγενόμενος
2957 3119 3024 3174 δέ
3053 3138 3144 3187 τις
3179 3122 3540 3194 ἀπήγγειλεν
3565 3127 3800 3194 αὐτοῖς,

2214 3201 2302 3255 ὅτι
2325 3201 2451 3255 ἰδοὺ
2480 3204 2533 3255 οἱ
2553 3201 2786 3270 ἄνδρες,
2804 3201 2910 3268 οὒς
2927 3203 3136 3258 ἔθεσθε
3153 3206 3223 3259 ἐν
3240 3206 3315 3275 τῇ
3342 3209 3604 3278 φυλακῇ,
3633 3211 3799 3265 εισὶν

2216 3288 2282 3340 ἐν
2307 3286 2385 3352 τῷ
2408 3285 2540 3354 ἱερῷ
2590 3286 2846 3354 ἑστῶτες
2893 3288 2990 3342 καὶ
3035 3288 3428 3360 διδάσκοντες
3460 3294 3567 3348 τὸν
3614 3296 3792 3351 λαόν.

2220 3372 2359 3424 Τότε
2383 3368 2663 3422 ἀπελθὼν
2688 3372 2721 3424 ό
2760 3371 3099 3441 στρατηγὸς
3123 3373 3246 3427 σὺν
3297 3375 3422 3442 τοῖς
3447 3379 3795 3446 ὑπηρέταις,

2213 3453 2436 3522 ἤγαγεν
2461 3452 2683 3518 αὐτοὺς
2708 3455 2779 3506 οὐ
2811 3453 2961 3522 μετὰ
2991 3455 3157 3522 βίας·
3189 3457 3516 3526 ἐφοϐοῦντο
3552 3463 3658 3532 γὰρ
3683 3465 3797 3517 τὸν

2213 3533 2384 3599 λαὸν,
2420 3535 2522 3588 ἵνα
2565 3533 2652 3604 μὴ
2708 3534 3099 3591 λιθασθῶσιν.
3144 3539 3207 3592 Ὦ
3239 3542 3339 3612 τῆς
3369 3543 3583 3608 ἀνοίαςί
3637 3547 3797 3615 Ἐφο-

2215 3616 2425 3681 6οῦντο,
2452 3618 2605 3688 φησὶ,
2629 3616 2720 3670 τὸν
2753 3617 2928 3688 ὖχλον.
2958 3619 3023 3673 Τί
3048 3621 3155 3692 γὰρ
3183 3623 3379 3688 αὑτοὺς
3401 3627 3430 3678 ό
3461 3627 3615 3698 ὄχλος
3643 3629 3795 3700 ὠφέ-

2213 3702 2324 3766 λεις
2357 3701 2483 3754 Δέον
2505 3701 2596 3754 τὸν
2625 3701 2756 3755 Θεὸν
2787 3703 3090 3774 φοϐηθῆναι
3118 3709 3209 3760 τὸν
3247 3710 3497 3782 καθάπερ
3555 3715 3796 3784 πτηνοὺς

2212 3787 2298 3838 ἀεὶ
2322 3784 2431 3837 τῶν
2459 3785 2654 3856 χειρῶν
2684 3786 2881 3849 αὑτοὺς
2902 3787 3277 3859 ἐξαρπάζοντα
3330 3793 3437 3846 τῶν
3470 3794 3618 3867 μοι]
3647 3797 3797 3848 ἐκεί-

2213 3871 2412 3945 νων-,οἰ
2443 3870 2498 3922 δὲ
2525 3868 2723 3940 μᾶλλον
2752 3869 2843 3922 τὸν
2883 3870 3037 3940 δχλον
3063 3873 3374 3941 φοϐοῦνται.
3417 3877 3482 3930 '0
3509 3877 3578 3930 δὲ
3600 3879 3797 3948 ἀρχιε-

2205 3953 2349 4021 ρεὺς
2372 3949 2760 4020 ἐπηρώτησεν
2796 3953 3038 4020 αὐτοὺς,
3072 3955 3285 4025 λέγων·
3321 3960 3465 4027 Οὐχὶ
3495 3976 3796 4033 παραγγε-

2210 4039 2312 4103 λία
2361 4037 2844 4106 παρηγγείλαμεν
2892 4038 3036 4106 ὑμῖν
3075 4038 3162 4108 μὴ
3220 4039 3530 4097 διδάσκειν
3581 4045 3677 4099 ἐπὶ
3709 4045 3795 4112 τῷ

2211 4120 2455 4190 ὀνόματι
2497 4121 2718 4185 τούτῳ;
2776 4121 2884 4174 Καὶ
2919 4120 3048 4174 ἰδοὺ
3083 4123 3473 4191 ἐπληρώσατε
3537 4126 3652 4194 τὴν
3689 4129 3793 4182 ἰε-

2205 4201 2528 4272 ρουσαλὴμ
2561 4202 2673 4270 τῆς
2705 4202 2960 4272 διδαχῆς
2980 4206 3166 4274 ὑμῶν,
3201 4208 3300 4260 καὶ
3330 4210 3643 4272 βούλεσθε
3689 4213 3747 4264 ἐς
3767 4244 3795 4254 -

2210 4287 2454 4357 αγαγεῖν
2469 4287 2560 4355 ἐφ’
2581 4285 2738 4355 ἡμᾶς
2763 4287 2826 4340 τὸ
2849 4282 2990 4355 αζιια
3009 4288 3114 4341 τοῦ
3125 4289 3440 4358 ἀνθρώπου
3463 4295 3694 4348 τούτου.
3725 4296 3795 4349 Τί

2211 4367 2302 4425 οὖν
2333 4370 2384 4423 οἰ
2406 4369 2692 4423 ἀπόστολοι
2717 4386 2730 4432 ;
2768 4369 2936 4421 Πάλιν
2993 4373 3108 4440 μετ’
3136 4373 3431 4439 ἐπιεικείας
3460 4377 3642 4442 αὑτοῖς
3670 4380 3798 4434 δια-

2210 4454 2476 4522 λέγονται·
2497 4452 2674 4506 καίτοι
2708 4469 2772 4520 γε
2807 4452 2934 4520 ἐνῆν
2959 4455 3152 4506 εἰπεῖν·
3183 4455 3340 4520 Τίνες
3360 4459 3468 4528 γάρ
3497 4461 3617 4513 ἐστε
3633 4462 3797 4532 ὑμεῖς

2210 4535 2735 4605 ἀντιδιαταττόμενοι
2768 4536 2846 4605 τῷ
2867 4535 3014 4606 Θεῴ;
3057 4536 3215 4591 Ἀλλὰ
3241 4541 3328 4605 τί;
3357 4542 3525 4596 Πάλιν
3551 4544 3608 4597 ἐν
3639 4545 3796 4610 τάξει

2211 4621 2587 4692 παραινέσεως
2618 4618 2711 4672 καὶ
2757 4619 3087 4690 συμϐουλῆς,
3155 4623 3251 4676 καὶ
3303 4627 3438 4694 μετά
3489 4629 3796 4694 ἐπιεικείας

2211 4705 2411 4775 πολλῆς
2457 4703 2862 4775 ἀποκρίνονται.
2922 4705 3280 4774 Ἀποκριθεὶς
3322 4709 3392 4761 δὲ
3428 4709 3648 4779 Πέτρος
3687 4714 3795 4770 καὶ

2211 4794 2264 4844 οὶ
2292 4791 2621 4845 ἀπόστολοι
2647 4783 2820 4841 εἷπον
2843 4801 2858 4818 ⁸
2908 4790 3257 4861 Πειθαρχεῖν
3285 4791 3380 4846 δεῖ
3397 4793 3516 4859 Θεῷ
3547 4794 3797 4863 μᾶλλον

2210 4873 2249 4943 ἢ
2279 4870 2628 4942 ἀνθρώποις.
2670 4870 2911 4944 Πολλήή
2954 4872 3243 4942 φιλοσοφία
3285 4877 3378 4928 καὶ
3415 4877 3658 4948 τοιαύτη.
3706 4879 3794 4934 ὅτι

2211 4955 2462 5010 ἐντεῦθεν
2491 4953 2794 5009 δεικνύουσι
2823 4956 2918 5009 καὶ
2945 4957 3143 5021 αὐτοὺς
3172 4959 3509 5030 μαχομένους
3538 4963 3613 5031 τῷ
3647 4961 3790 5032 Θεῷ.

2224 5041 2276 5093 Ὀ
2310 5040 2454 5105 Θεὸς
2481 5037 2600 5092 τῶν
2638 5037 2906 5107 πατέρων
2931 5037 3098 5108 ἡμῶν
3135 5040 3371 5110 ἤγειρεν
3420 5043 3670 5109 Ἰησοῦν,
3717 5045 3798 5100 ὃν

2206 5122 2376 5193 ὑμεῖς
2439 5121 2878 5190 διεχειρίσασθε
2957 5123 3366 5192 κρεμάσαντες
3429 5127 3527 5179 ἐπὶ
3572 5128 3794 5192 ξύλου.

2212 5207 2436 5260 Τοῦτον
2462 5206 2496 5258 ὀ
2539 5205 2681 5270 Θεὸς
2715 5204 2982 5275 ἀρχηγὸν
3015 5207 3115 5259 καὶ
3156 5197 3409 5277 ’Σωτῆρα
3463 5211 3672 5279 ὑψωσε
3713 5213 3797 5283 τῇ

2207 5289 2377 5358 δεξιᾷ
2408 5290 2616 5356 αὐτοῦ,
2655 5289 2868 5344 δοῦναι
2907 5291 3230 5359 μετάνοιαν
3269 5293 3348 5359 τῷ
3399 5295 3635 5364 Ἰσραὴλ
3685 5300 3796 5351 καὶ

2208 5378 2430 5444 ἄφεσιν
2455 5373 2770 5444 ἁμαρτιῶν.
2801 5375 2899 5427 ‘Ov
2926 5374 3082 5445 ὑμεῖς
3104 5375 3366 5440 ἀνείλετε,
3387 5380 3569 5448 φησὶν,
3598 5380 3627 5430 ό
3654 5379 3796 5445 Θεὸς

2209 5460 2418 5530 ἤγειρε.
2443 5458 2554 5511 Καὶ
2573 5457 2694 5526 ὅρα,
2718 5455 2796 5527 τῷ
2817 5457 2992 5528 Πατρὶ
3014 5459 3074 5510 τὸ
3097 5459 3204 5511 πᾶν
3228 5461 3391 5515 πάλιν
3415 5461 3796 5533 ἀνατιθέασιν,

2209 5545 2295 5596 ἵνα
2328 5543 2403 5612 μὴ
2433 5541 2559 5613 δόξῃ
2585 5539 2860 5610 ἀλλότριος
2883 5535 3021 5593 εἶναι
3049 5540 3142 5594 τοῦ
3173 5544 3401 5614 Πατρός.
3425 5545 3532 5598 Καὶ
3552 5547 3788 5613 ὕψωσε,

2208 5630 2362 5698 φησὶ,
2398 5625 2472 5694 τῇ
2499 5624 2666 5692 δεξιᾷ
2699 5625 2906 5678 αὐτοῦ.
2960 5626 3072 5696 Οὑχ
3115 5627 3301 5692 ἁπλῶς
3351 5631 3449 5701 τὴν
3490 5631 3793 5687 ἀνάστασιν

2207 5712 2364 5765 τοῦτο
2396 5711 2586 5783 μόνην,
2614 5709 2749 5764 ἀλλὰ
2781 5710 2808 5750 ά
2838 5709 2932 5764 καὶ
2966 5711 3063 5782 τὴν
3098 5710 3326 5780 ὑψωσιν,
3375 5715 3639 5779 τουτέστι,
3683 5717 3792 5786 τὴν

2206 5795 2494 5867 ἀνάληψιν,
2519 5794 2690 5866 δηλοῖ.
2718 5795 2828 5851 Τοῦ
2844 5794 3053 5850 δοῦναι
3073 5797 3396 5866 μετάνοιαν
3419 5799 3494 5861 τῷ
3523 5798 3785 5866 Ἰσραήλ.

2218 5903 2294 6010 Ἂζ
2305 5899 2429 6007 >ᾼ111
2471 5897 2858 5960 ἐπισκεψάμενοι.
2943 5895 2970 5937 ά
3015 5899 3149 5949 linus
3192 5901 3299 5951 cod.
3336 5901 3593 5949 ἀνάστασιν
3635 5903 3783 5967 λέγει.

2293 5977 2362 6008 ..α

2293 5977 2362 6008 Md
