3978 6526
180 408 270 465 I05

178 537 270 592 que
296 515 555 573 conﬁtere
583 530 596 568 :
626 526 748 567 nam
774 517 829 564 et
856 506 929 563 illi
956 502 1187 560 confossi
1219 500 1446 555 salutem
1474 494 1744 550 consecuti

176 586 303 668 sunt.
332 607 472 676 Quid
518 605 658 661 enim
688 603 731 657 si
763 616 868 655 non
898 606 1116 666 repente
1143 593 1272 647 ultio
1293 586 1529 644 invadit?
1577 601 1744 654 quan-

174 703 445 773 doquidem
492 697 677 754 Achab
708 704 925 766 propter
966 688 1221 745 Nabutha:
1267 701 1375 740 non
1419 681 1596 737 statim
1630 689 1749 748 post

177 806 434 869 peccatum
467 792 653 864 plexus
672 788 774 843 luit
794 789 870 857 (5.
890 781 1109 855 Reg.9.l.
1132 780 1242 849 t9).
1276 778 1383 830 (iur
1407 789 1535 830 vero
1560 774 1747 869 sieres

180 864 377 960 agitur?
404 886 506 940 Dat
532 884 628 938 tibi
654 883 795 937 Deus
823 876 1186 949 prazscriptum
1214 880 1446 939 tempus,
1480 876 1540 920 ut
1569 864 1751 917 ablua-

177 956 273 1045 ris;
301 983 344 1036 si
372 990 710 1051 perseveres,
753 985 967 1043 poenam
996 969 1211 1023 demum
1243 962 1467 1018 inducit.
1509 956 1748 1019 Vidistis,

179 1073 285 1143 quid
310 1048 454 1141 passi
485 1071 596 1125 sint
623 1066 949 1123 mendaces?
973 1061 1235 1129 Cogitate,
1259 1054 1384 1126 quid
1408 1049 1622 1143 passuri
1640 1048 1751 1099 sint

180 1139 393 1236 periuri;
436 1161 693 1233 cogitate,
722 1166 780 1215 et
812 1155 1075 1212 desistite.
1116 1150 1229 1205 Non
1274 1153 1449 1217 potest
1477 1140 1566 1212 qui
1605 1139 1750 1208 jurat

1098 389 1165 446 IN
1208 387 1383 443 ACTA
1428 377 1955 439 APOSTOLORUM.
1997 375 2227 432 IIOMIL.
2272 374 2410 432 XIII.

3344 381 3439 436 ποθ

1862 505 1968 545 non
1988 488 2392 558 pejorare,velit
2414 487 2546 541 nolit
2576 504 2587 516 ·
2622 502 2723 542 non
2754 498 2934 558 potest
2956 490 3201 561 periurus
3215 493 3440 550 salutem

1855 581 2131 649 consequi.
2178 578 2388 634 Sufﬁcit
2435 597 2596 633 unum
2649 583 2961 651 perjurium,
2995 595 3053 638 ut
3084 596 3248 641 totum
3279 590 3441 657 perli-

1854 671 1982 736 ciat,
2015 680 2070 724 et
2098 680 2263 724 totum
2294 671 2448 725 nobis
2478 672 2793 741 supplicium
2855 674 3089 730 inducat.
3131 676 3257 732 Ideo
3287 681 3439 734 nobis

1858 762 2008 833 ipsis,
2056 778 2255 832 qumso,
2290 765 2662 830 attendamus;
2710 776 2764 819 ut
2792 783 3001 836 prunam
3036 769 3191 837 hujus
3235 772 3440 842 peccati

1856 852 2167 923 effugientes
2208 855 2567 910 misericordia
2602 859 2691 911 Dei
2728 860 3029 930 dignemur,
3061 863 3227 930 gratia
3252 874 3307 919 et
3337 867 3439 919 mi-

1858 946 2216 1002 serationibus
2244 949 2496 1017 unigeniti
2523 950 2639 1019 ejus
2670 951 2808 1013 Filii,
2833 954 3044 1021 quicum
3074 956 3214 1010 Patri
3246 965 3301 1011 et
3324 958 3443 1027 Spi-

1859 1040 1984 1093 ritui
2030 1050 2215 1092 saneto
2262 1039 2449 1108 gloria,
2480 1040 2781 1109 imperium,
2816 1043 3004 1107 honor,
3039 1061 3182 1101 nunc
3206 1056 3259 1102 et
3287 1062 3431 1102 sem-

1867 1146 1979 1200 per,
2014 1138 2067 1184 et
2093 1131 2143 1183 in
2169 1130 2363 1184 smeula
2388 1131 2729 1188 saeculorum.
2770 1138 2958 1191 Amen.

182 1266 3401 1313 MM

1442 1342 1790 1411 HOMILIA
1832 1340 2008 1402 XIII.

178 1522 293 1576 ΕΑΡ.
324 1520 384 1576 5.
413 1534 471 1573 v.
506 1517 596 1573 17.
625 1512 917 1583 Exsurgens
946 1516 1113 1562 autem
1133 1505 1363 1576 princeps
1406 1492 1755 1552 sacerdotum,

236 1624 279 1666 et
308 1627 488 1665 omnes
516 1608 603 1677 qui
626 1623 740 1661 eum
762 1604 851 1657 illo
880 1608 1044 1664 erant,
1077 1611 1189 1668 quae
1219 1605 1289 1648 est
1320 1588 1524 1645 Itwresis
1550 1584 1760 1640 Sattttu-

238 1719 463 1758 ctzorum
484 1743 500 1766 ,
530 1699 706 1771 repleti
734 1704 849 1750 sunt
876 1693 1005 1757 zelo,
1037 1690 1123 1745 18.
1173 1696 1222 1741 et
1260 1686 1540 1755 injecerunt
1582 1691 1762 1730 manus

237 1798 288 1849 in
308 1769 596 1863 apostolos,
618 1803 663 1844 et
685 1794 955 1860 posuerunt
973 1799 1057 1837 eos
1084 1782 1138 1834 in
1163 1777 1392 1833 custodia
1413 1769 1636 1845 publica.

240 1888 288 1941 ι.
315 1860 464 1939 Nihil
492 1879 851 1953 impudentius
875 1874 1232 1941 audaciusque
1271 1867 1493 1922 malitia.
1543 1860 1758 1915 Illorum

173 1978 372 2046 experti
409 1973 777 2030 fortitudinem
806 1968 994 2031 exiis,
1039 1979 1159 2035 qua:
1204 1961 1352 2031 prius
1401 1959 1758 2011 attentarant,

176 2080 409 2123 attamen
451 2066 634 2121 denuo
684 2060 1062 2133 aggrediuntur
1112 2062 1167 2108 et
1215 2053 1407 2107 iterum
1456 2046 1757 2108 insurgunt.

176 2163 303 2230 Quid
330 2162 437 2215 sibi
467 2159 583 2213 vult
604 2156 733 2213 illud
758 2197 774 2222 ,
808 2153 1101 2221 Exsurgens
1132 2147 1367 2217 princeps
1406 2138 1759 2230 sacerdotum,

175 2226 217 2309 et
240 2271 418 2309 omnes
444 2253 666 2315 quicum
689 2249 781 2303 illo
803 2243 983 2302 erant?
1008 2240 1282 2297 Excitatus
1309 2244 1408 2297 est,
1445 2231 1646 2300 inquit,
1699 2226 1763 2278 iis

174 2367 286 2417 qttze
312 2346 631 2401 acciderant
675 2345 995 2397 commotus.
1040 2333 1111 2388 Et
1155 2333 1433 2403 injecerunt
1481 2338 1662 2378 manus
1710 2320 1763 2371 in

180 2414 447 2512 apostolos
473 2479 491 2504 ,
519 2447 566 2490 et
592 2443 865 2508 posuerunt
893 2447 975 2484 eos
1000 2430 1055 2482 in
1079 2424 1304 2481 custodia
1353 2419 1570 2489 publica.
1615 2414 1764 2468 Nunc

179 2507 554 2589 vehementius
577 2507 696 2583 illos
724 2528 1071 2582 insectantur.
1106 2519 1215 2574 Nec
1240 2515 1418 2571 statim
1448 2511 1515 2566 de
1539 2508 1642 2562 illis
1680 2507 1767 2575 ju-

175 2626 378 2690 dicant,
408 2619 824 2693 sperantcsillos
849 2611 1233 2671 mansuetiores
1257 2607 1391 2662 fore.
1416 2605 1481 2659 Et
1501 2601 1762 2657 undeuam

178 2720 342 2788 liquet
370 2692 500 2771 illos
518 2711 884 2768 vehementius
910 2709 1197 2762 insectatos
1220 2700 1381 2758 esse?
1404 2698 1479 2753 Ex
1507 2711 1594 2761 eo,
1622 2692 1761 2765 quod

176 2787 456 2879 pasuerint
507 2805 629 2862 illos
654 2805 707 2859 in
733 2801 974 2857 custodia
1003 2797 1233 2868 publica.
1278 2794 1482 2849 Rursus
1526 2787 1767 2843 incidunt

177 2904 227 2956 in
258 2899 502 2971 pericula
526 2940 542 2965 ,
573 2906 630 2953 et
657 2912 846 2957 rursus
878 2894 969 2948 Dei
1014 2890 1239 2962 gratiam
1286 2885 1666 2956 experiuntur;
1712 2890 1767 2934 et

174 2970 448 3063 Quomodo
472 3032 488 3054 ,
539 2988 664 3044 audi
712 2986 1032 3057 sequentia:
1070 2983 1158 3037 19.
1200 2978 1421 3049 Angelus
1458 2986 1622 3029 autem
1660 2970 1762 3024 Do.

175 3088 301 3139 mini
331 3102 423 3155 per
449 3093 646 3143 noctem
690 3080 893 3151 aperuit
926 3078 1119 3148 januas
1154 3071 1408 3133 carceris,
1456 3077 1501 3122 et
1550 3066 1767 3119 educens

178 3194 286 3240 eos,
314 3177 445 3229 dixit
466 3192 484 3229 :
514 3173 606 3229 20.
636 3170 740 3238 Ite,
770 3181 818 3224 et
838 3178 1027 3224 stantes
1053 3163 1319 3236 loquimini
1339 3163 1391 3216 in
1422 3160 1608 3227 templo
1634 3156 1767 3227 plebi

178 3270 358 3323 omnia
384 3266 525 3321 verba
545 3267 661 3320 vitta
685 3263 857 3334 hujus.
887 3262 999 3317 lloc
1027 3268 1082 3315 et
1108 3258 1161 3313 in
1191 3257 1400 3311 illorum
1444 3250 1770 3308 consolatio-

177 3376 322 3424 netn,
356 3368 411 3413 et
438 3359 489 3412 in
516 3358 707 3412 borum
735 3354 1013 3409 utilitatem
1041 3366 1103 3406 ac
1123 3348 1419 3402 doctrinam
1448 3344 1640 3398 factum
1664 3351 1764 3395 est.

175 3453 243 3507 Et
274 3452 401 3507 vide
426 3494 441 3519 ,
470 3450 615 3522 quod
644 3450 695 3504 in
720 3447 936 3503 Christo
956 3488 972 3512 ,
1004 3444 1055 3499 id
1085 3444 1243 3499 etiam
1274 3454 1418 3496 nunc
1445 3436 1640 3493 evenit.
1664 3435 1769 3489 Pa-

170 3554 306 3598 trata
338 3543 487 3599 enim
516 3542 769 3597 miracula
796 3556 901 3593 non
924 3536 1053 3593 sinit
1079 3549 1173 3590 eos
1200 3533 1383 3588 videre
1412 3573 1427 3597 ,
1458 3530 1551 3585 sed
1594 3528 1767 3595 aliqua

169 3645 435 3705 apparat,
462 3650 529 3689 cx
560 3634 755 3704 quibus
782 3632 883 3686 hoc
908 3630 1186 3691 ediscant;
1214 3635 1271 3679 ut
1303 3627 1353 3679 in
1379 3621 1770 3678 resurrectione

171 3744 265 3781 sua
295 3744 413 3782 non
443 3725 687 3795 permisit
709 3738 805 3780 eos
830 3722 1035 3787 videre_
1070 3716 1338 3790 quomodo
1383 3714 1766 3779 resurrexerit;

166 3819 384 3891 indigni
412 3819 556 3873 enim
583 3826 737 3871 erant
755 3814 843 3886 qui
869 3815 1004 3869 hanc
1032 3810 1306 3874 viderent;
1330 3808 1423 3864 sed
1454 3805 1770 3863 ostenditex

166 3913 268 3977 iis,
304 3927 437 3982 qua:
468 3920 597 3964 tunc
624 3907 766 3963 fecit.
801 3906 1060 3962 Similiter
1089 3919 1208 3958 cum
1254 3916 1443 3971 aquam
1490 3899 1544 3954 in
1584 3898 1769 3952 vinum

166 4003 445 4066 mutavit,
476 4000 567 4071 qui
596 3997 1005 4054 discumbebant
1029 4010 1133 4050 non
1159 3993 1361 4060 vident,
1394 3999 1577 4061 utpote
1603 3990 1768 4054 ebrii;

160 4097 547 4167 iudiciumque
585 4093 705 4147 aliis
754 4090 1034 4162 permittit.
1082 4088 1172 4144 Sic
1204 4095 1261 4142 et
1282 4100 1423 4140 nunc
1448 4085 1639 4139 factum
1666 4089 1767 4137 est.

162 4186 307 4243 Nam
341 4186 507 4248 illos,
552 4183 640 4253 qui
691 4181 1098 4247 educebantur,
1148 4192 1255 4233 non
1304 4174 1522 4234 vident;
1580 4172 1771 4227 indicia

164 4294 305 4333 vero
330 4319 350 4342 ,
396 4292 464 4331 ex
488 4276 679 4346 quibus
701 4281 947 4342 poterant
974 4284 1062 4326 res
1085 4280 1263 4339 gestas
1300 4267 1543 4322 ediscere
1563 4306 1579 4331 ,
1630 4264 1773 4318 vide-

165 4380 323 4426 runt.
362 4368 473 4423 Cur
496 4382 593 4438 per
629 4377 837 4420 noctem
868 4365 1044 4420 emisit
1090 4362 1250 4418 illos?
1287 4361 1418 4428 Quia
1468 4360 1560 4414 illo
1605 4359 1773 4427 magis

163 4477 336 4531 quam
392 4459 501 4513 alio
543 4456 703 4512 modo
750 4456 881 4510 lides
924 4455 1028 4509 illis
1077 4452 1316 4509 habenda
1345 4462 1459 4507 erat
1493 4469 1505 4505 :
1539 4450 1770 4520 alioquin

165 4568 281 4607 non
317 4551 403 4606 illi
434 4549 503 4604 ad
532 4548 967 4618 interrogandum
995 4547 1302 4612 venissent,
1331 4545 1414 4599 vel
1459 4545 1566 4598 alio
1615 4543 1773 4598 modo

163 4645 341 4697 etiam
375 4684 391 4705 ,
420 4642 522 4710 ipsi
550 4656 654 4696 non
691 4639 1068 4694 credidissent.
1094 4638 1182 4693 Sic
1207 4647 1261 4691 et
1288 4636 1427 4705 apud
1458 4645 1665 4690 veteres
1685 4651 1775 4690 ac-

163 4736 348 4801 cidit,
410 4742 470 4789 ut
518 4731 1023 4789 Nabuclmdouosori
1060 4747 1074 4784 :
1121 4728 1254 4783 vidit
1291 4728 1565 4782 laudantes
1609 4728 1772 4779 Deum

164 4840 389 4897 pueros
417 4828 468 4879 in
500 4826 713 4879 camino
742 4824 879 4894 ignis
910 4822 1084 4892 (Dan.
1116 4822 1168 4877 5.
1194 4821 1257 4877 9i
1285 4820 1302 4890 )
1326 4862 1340 4886 ,
1372 4829 1425 4874 et
1457 4831 1580 4873 tunc
1599 4819 1775 4873 obstu-

165 4920 435 4990 peractus
460 4926 562 4972 est.
590 4916 723 4971 Cum
753 4915 1079 4985 oportuisset
1110 4928 1237 4983 ergo
1270 4913 1496 4983 primum
1542 4912 1773 4965 interro—

161 5030 308 5084 gare
337 5056 354 5079 ,
388 5010 670 5078 Quomodo
695 5009 893 5080 egressi
924 5008 1092 5062 estis?
1120 5006 1216 5067 illi.
1249 5006 1400 5075 quasi
1426 5004 1557 5059 nihil
1580 5005 1772 5058 factum

167 5113 368 5168 esset,
426 5105 805 5171 interrogant,
857 5099 1097 5153 dicentes
1138 5113 1151 5148 :
1196 5095 1383 5150 Nonne
1438 5096 1775 5166 prmcipienao

167 5194 529 5266 praecepimus
548 5193 686 5245 vobis
706 5208 767 5244 ne
786 5191 1061 5259 loquamini
1083 5189 1107 5241 ?
1139 5189 1203 5241 Et
1225 5188 1364 5249 vide,
1394 5187 1661 5256 quomodo
1684 5202 1778 5255 per

169 5288 322 5342 alios
352 5283 535 5339 omnia
563 5283 789 5338 discant.
818 5280 1011 5336 Vident
1040 5280 1183 5335 enim
1219 5278 1455 5333 clausum
1482 5293 1775 5342 carcerem,

168 5392 228 5433 et
256 5377 529 5433 custodes
554 5385 759 5429 stantes
786 5382 909 5427 ante
925 5373 1136 5442 januas.
1165 5373 1254 5425 9.1.
1306 5370 1402 5436 Qui
1440 5387 1553 5423 cum
1600 5370 1776 5421 ntulis-

173 5482 334 5534 scut,
367 5469 683 5522 intrauerunt
713 5464 938 5519 diluculo
984 5466 1039 5518 in
1084 5464 1364 5533 templum,
1415 5471 1459 5515 et
1506 5462 1776 5514 docebant.

172 5563 480 5617 Adveniens
501 5569 671 5613 autem
699 5558 933 5627 princeps
960 5556 1274 5610 sacerdotum
1302 5596 1317 5621 ,
1352 5562 1395 5607 et
1439 5554 1524 5622 qui
1562 5570 1676 5605 cum
1722 5569 1778 5605 eo

175 5663 368 5716 erant,
397 5658 796 5705 convocaverunt
817 5648 1109 5712 concilium,
1140 5658 1185 5699 et
1210 5663 1380 5699 omnes
1409 5645 1625 5699 seniores
1648 5644 1781 5711 [ilio-

173 5764 298 5799 rum
336 5745 526 5808 Israel,
557 5755 603 5798 et
634 5744 873 5798 miserunt
900 5742 967 5795 ad
994 5758 1246 5795 carcerem
1290 5750 1341 5793 ut
1387 5740 1775 5793 adducerentur.

175 5837 273 5889 22.
306 5836 440 5889 Cum
467 5847 631 5891 autem
657 5836 902 5889 venissent
934 5831 1168 5899 ministri,
1200 5840 1247 5884 et
1267 5840 1439 5901 aperto
1467 5847 1661 5883 carcere
1682 5848 1780 5884 non

1866 1486 2164 1541 invenissent
2203 1489 2355 1558 illos,
2402 1495 2586 1548 reversi
2629 1496 3004 1566 nuntiaverunt,
3040 1503 3130 1558 9.5.
3181 1507 3441 1563 dicentes:

1868 1577 2137 1674 (iarcerent
2162 1582 2360 1650 quidem
2388 1585 2665 1642 invenimus
2690 1594 2916 1646 clausum
2941 1612 3056 1648 cum
3080 1602 3217 1652 omni
3237 1603 3444 1674 diligen-

1867 1671 1955 1735 tia,
1986 1683 2031 1725 et
2052 1675 2282 1729 custodes
2310 1686 2496 1733 stantes
2538 1690 2655 1734 ante
2688 1683 2914 1750 ianuas;
2961 1690 3239 1756 aperientes
3282 1671 3444 1750 autent

1867 1763 2115 1817 neminem
2142 1768 2593 1825 intusinvenimus.
2633 1772 2837 1843 Duplex
2869 1782 3128 1836 securitas
3158 1795 3213 1837 ut
3263 1786 3315 1839 in
3363 1803 3446 1842 se-

1867 1859 2049 1951 pulcro
2074 1902 2089 1927 ,
2130 1862 2457 1932 signaculum
2508 1877 2564 1923 ct
2608 1869 2871 1929 homines.
2902 1876 3056 1944 Vide,
3080 1897 3236 1951 quam
3268 1897 3444 1941 essent

1868 1948 1979 2004 Deo
2010 1952 2229 2008 inimici.
2262 1955 2509 2013 Haecine
2536 1959 2765 2019 humana
2789 1979 2977 2033 erant,
3007 1948 3245 2029 dic'tllihi
3269 2017 3285 2039 ,
3332 1995 3446 2045 quze

1866 2045 2007 2099 circa
2039 2045 2158 2099 illos
2186 2046 2321 2102 facta
2349 2059 2473 2105 sunt
2491 2052 2515 2105 ?
2532 2055 2650 2122 quis
2670 2056 2788 2112 illos
2808 2060 3185 2133 eduxitjanuis
3210 2070 3444 2126 clausis?

1866 2137 2135 2203 quomodo
2146 2141 2389 2195 exierunt
2404 2146 2710 2201 custodibus
2721 2160 2843 2205 ante
2857 2151 2997 2209 iores
3014 2161 3299 2215 stantibus?
3317 2164 3446 2222 Vere

1868 2226 2159 2284 furentium
2174 2232 2513 2288 etebriorum
2532 2238 2693 2293 verba
2721 2254 2863 2299 sunt.
2892 2245 3038 2312 Quos
3068 2267 3173 2306 non
3202 2253 3445 2312 detinueo

1868 2332 1993 2417 runt
2017 2336 2201 2377 carcer
2228 2335 2281 2379 et
2305 2326 2515 2383 vincula
2546 2329 2793 2403 foresque
2813 2337 3010 2394 clausa:
3036 2382 3049 2405 ,
3079 2342 3243 2400 hosce
3267 2363 3446 2417 Spera-

1869 2412 1997 2468 bant
2046 2429 2106 2470 se
2157 2431 2313 2486 posse
2368 2435 2644 2491 superare,
2699 2427 3060 2497 insipientium
3104 2412 3446 2504 puerulorum

1869 2520 2019 2561 more
2059 2506 2254 2563 aﬂ‘ecti.
2294 2510 2517 2567 Ministri
2560 2530 2721 2584 porro
2756 2534 2942 2576 eorum
2988 2524 3110 2580 ideo
3156 2529 3354 2586 adsunt
3395 2542 3446 2592 et

1870 2596 2067 2653 factum
2093 2601 2434 2663 confitentur.
2455 2616 2510 2660 ut
2534 2624 2746 2665 omnem
2774 2612 2879 2669 illis
2905 2617 3193 2675 excludant
3219 2638 3421 2681 excusa

1877 2691 2037 2793 tionis
2080 2707 2289 2749 ansam.
2336 2695 2525 2752 Viden‘
2566 2701 2821 2758 miracula
2862 2705 3115 2776 diversa,
3178 2715 3280 2769 alia
3326 2719 3447 2778 aliis

1870 2782 2110 2877 adjecta;
2141 2786 2383 2855 quasdam
2432 2790 2502 2844 ab
2547 2792 2651 2848 illis
2695 2795 2864 2862 facta,
2896 2802 3138 2868 quaedam
3169 2821 3267 2876 pro
3308 2810 3446 2877 illis,

1870 2890 1989 2943 quae
2010 2876 2170 2931 etiam
2209 2878 2435 2935 clariora
2480 2885 2673 2938 erant?
2702 2885 2847 2943 Bene
2886 2890 3120 2959 factum,
3165 2900 3305 2968 quod
3343 2917 3446 2958 non

1871 2968 2050 3022 statim
2095 2970 2224 3040 ipsis
2259 2973 2558 3029 nuntiatum
2585 2978 2687 3045 sit,
2729 2980 2822 3035 sed
2853 2984 3000 3052 prius
3028 2988 3169 3043 anxii
3219 2991 3446 3052 fuerint.

1872 3069 1931 3116 ut
1973 3062 2397 3121 internoscentes
2435 3068 2669 3125 divinam
2700 3089 2820 3130 esse
2842 3076 3091 3134 virtutem
3117 3124 3130 3143 ,
3163 3085 3240 3139 sic
3266 3091 3446 3145 omnia

1871 3153 2100 3211 discant.
2127 3156 2219 3213 24.
2252 3158 2354 3214 «Ut
2382 3172 2563 3217 autem
2586 3166 2869 3223 audierunt
2900 3171 3002 3229 bos
3045 3191 3325 3236 sermones
3340 3199 3423 3236 ma

1872 3247 2122 3343 gistratus
2139 3252 2390 3321 templiet
2416 3256 2684 3327 principes
2710 3263 3069 3333 sacerdotum,
3104 3272 3446 3343 ambigebant

1872 3339 1940 3394 de
1961 3340 2065 3396 illis
2093 3343 2345 3412 quidnam
2373 3345 2542 3403 ﬁeret.
2574 3349 2664 3405 9.5.
2697 3352 3002 3413 Adveniens
3026 3371 3206 3416 autem
3235 3339 3445 3434 quidam

1877 3434 2140 3489 nuntiavit
2165 3437 2243 3492 eis
2270 3454 2285 3493 :
2313 3437 2453 3495 Ecce
2486 3442 2603 3507 viri,
2628 3459 2760 3512 quos
2789 3449 3043 3515 posuistis
3063 3452 3114 3507 in
3142 3470 3446 3522 carcerem,

1875 3534 2001 3581 sunt
2055 3528 2106 3581 in
2158 3530 2356 3600 templo
2395 3541 2600 3589 stantes
2640 3546 2695 3590 et
2744 3537 2998 3596 docentes
3037 3547 3311 3615 populum.
3358 3551 3445 3606 26.

1873 3617 2024 3673 Tunc
2052 3618 2183 3675 abiit
2214 3624 2554 3692 magistratus
2582 3642 2703 3681 cum
2732 3630 3013 3700 ministris,
3043 3645 3098 3691 et
3124 3638 3347 3695 adduxit
3383 3643 3447 3696 il-

1873 3706 1954 3762 los
1996 3710 2114 3764 sine
2156 3712 2206 3765 vi
2242 3729 2255 3763 :
2291 3713 2548 3769 timebant
2593 3719 2734 3772 enim
2792 3725 3043 3792 p0pulum
3068 3767 3084 3789 ,
3142 3744 3209 3784 ne
3248 3730 3447 3801 lapida-

1871 3810 2077 3855 rentur.
2114 3821 2134 3855 ι
2186 3803 2231 3858 0
2268 3804 2663 3876 insipientiam!
2714 3813 3029 3883 'l‘imebant,
3076 3819 3282 3891 inquit,
3332 3836 3443 3879 tur-

1874 3891 2016 3947 bam.
2048 3894 2183 3960 Quid
2212 3905 2465 3965 proderat
2496 3901 2645 3954 turbu
2671 3902 2695 3955 ?
2718 3902 2851 3958 Cum
2903 3911 3232 3977 oportuisset
3283 3915 3447 3970 Deum

1877 3983 2086 4050 timere,
2118 3987 2205 4054 qui
2233 4002 2447 4057 semper
2476 3990 2593 4045 illos
2625 4001 2887 4063 tamquam
2920 4000 3164 4056 volucres
3188 4019 3251 4057 ex
3288 4010 3428 4064 mani

1874 4074 1974 4130 bus
2001 4078 2234 4146 ipsorum
2265 4080 2555 4149 eripiebat,
2590 4083 2664 4137 illi
2695 4100 2822 4140 vero
2865 4091 3040 4158 potius
3084 4093 3291 4149 turbam
3338 4115 3424 4152 me

1878 4169 2113 4230 luebant.
2140 4169 2230 4224 27.
2268 4191 2288 4224 ι
2317 4172 2570 4245 Princeps
2595 4184 2772 4233 autem
2804 4183 3141 4239 sacerdotum
3165 4187 3429 4258 interroga

1877 4261 1952 4313 vit
1979 4276 2072 4317 eos
2092 4302 2108 4325 ,
2139 4262 2322 4318 dicens
2350 4281 2363 4317 :
2392 4264 2482 4319 98.
2510 4265 2695 4323 Nonne
2724 4272 3081 4342 praecipiendo
3107 4283 3428 4351 prmcepimu

1878 4353 2029 4407 vobis
2062 4368 2130 4408 ne
2154 4353 2422 4410 doceretis
2447 4356 2499 4410 in
2528 4359 2746 4415 nomine
2788 4362 2930 4417 isto?
2970 4366 3038 4420 Et
3079 4384 3206 4425 ecce
3240 4374 3431 4443 repleti

1877 4445 2171 4501 Jerusalem
2203 4447 2443 4503 doctrina
2471 4461 2667 4519 vestra,
2690 4463 2741 4508 et
2785 4456 2946 4511 vultis
2992 4460 3246 4518 inducere
3294 4481 3450 4535 super

1879 4553 1978 4591 nos
1999 4538 2311 4608 sanguinem
2340 4538 2573 4596 hominis
2599 4544 2769 4625 istips.
2798 4563 2819 4599 ι
2850 4547 2983 4614 Quid
3018 4552 3174 4622 igitur
3197 4558 3420 4625 apostoli

1880 4631 2075 4685 lterum
2098 4646 2218 4686 cum
2237 4635 2638 4690 mansuetudine
2651 4615 2996 4707 alloquuntur
3011 4662 3132 4709 eos;
3159 4615 3365 4704 mmetsi
3385 4651 3450 4705 di-

1879 4736 2001 4776 cere
2017 4730 2289 4791 poterant:
2308 4722 2533 4790 Quinam
2547 4730 2677 4782 estis
2694 4734 2899 4800 vos,qui
2918 4738 3181 4790 enntraria
3202 4741 3307 4793 Deo
3323 4757 3449 4810 prte-

1878 4812 2088 4882 cipitis?
2136 4813 2243 4870 Sed
2275 4816 2436 4887 quid?
2476 4818 2703 4875 Rursum
2749 4836 3026 4881 monentes
3073 4840 3126 4882 et
3174 4834 3451 4887 οοηείιίυηέ

1880 4904 2068 4960 dantes
2107 4921 2230 4961 cum
2259 4911 2668 4967 mansuetudine
2693 4917 3037 4983 respondrnt.
3085 4920 3172 4974 9.9.
3221 4923 3449 4992 Respon-

1881 4995 2005 5050 dens
2027 5006 2195 5052 autem
2220 4996 2401 5054 Petrus
2426 5012 2473 5055 et
2497 5005 2718 5072 apostoli
2737 5005 2970 5059 dixerunt
2996 5024 3015 5061 :
3035 5009 3248 5066 Uber/ire
3264 5029 3457 5083 oportet

1881 5089 1991 5143 Deo
2020 5092 2182 5162 magis
2208 5110 2360 5164 quam
2386 5095 2688 5150 hominibus.
2730 5097 2914 5167 Magna
2949 5100 3250 5171 bujusmodi
3284 5108 3451 5177 ι)ΙιίΙο‹

1883 5184 2090 5254 sophia,
2121 5202 2223 5257 qua
2253 5189 2540 5243 ostendunt
2582 5190 2701 5244 illos
2744 5207 2865 5245 cum
2913 5195 3022 5248 Duo
3066 5214 3320 5268 pugnare.
3366 5206 3457 5261 50.

1883 5278 2021 5333 Deus
2047 5290 2249 5348 patrum
2278 5290 2563 5335 nostrorum
2590 5284 2849 5338 suscitavit
2876 5286 3073 5355 Jesum,
3101 5308 3243 5360 quem
3271 5313 3357 5349 ros
3379 5300 3457 5351 ine

1886 5371 2145 5423 teremistis
2167 5372 2521 5441 suspendentes
2547 5373 2599 5427 in
2621 5375 2778 5444 ligno.
2814 5377 2901 5431 51.
2933 5379 3083 5433 Hunc
3110 5387 3385 5456 principem
3417 5399 3454 5443 et

1886 5462 2207 5517 Salvatorem
2232 5464 2469 5518 exultavit
2490 5463 2629 5519 Deus
2652 5467 2860 5521 dextera
2881 5487 2992 5534 sua,
3022 5476 3089 5525 ad
3110 5478 3332 5530 aandmn
3358 5499 3455 5549 pas

1884 5556 2144 5608 nitentium
2172 5553 2355 5608 lsraeli
2385 5565 2429 5609 et
2458 5559 2800 5613 remissionem
2833 5575 3171 5631 peccatorum.
3203 5570 3359 5633 Eum,
3385 5574 3456 5625 in-

1885 5646 2020 5715 quit,
2049 5662 2207 5715 quem
2238 5662 2333 5701 vos
2361 5650 2650 5715 occidistis,
2703 5654 2845 5708 Deus
2883 5659 3177 5712 suscitavit.
3215 5662 3277 5713 Et
3318 5663 3457 5729 vide,

1885 5738 2027 5793 Patri
2058 5753 2245 5792 rursus
2274 5747 2440 5793 totum
2457 5742 2782 5809 adscribunt,
2810 5761 2877 5799 ne
2901 5748 3167 5804 videretur
3192 5767 3310 5806 esse
3331 5753 3438 5810 alie

1889 5847 1987 5887 nus
2015 5848 2043 5886 a
2074 5832 2251 5887 Patre.
2286 5830 2349 5885 Et
2390 5836 2646 5903 exultavit,
2693 5838 2883 5907 inquit,
2944 5840 3149 5894 dextera
3192 5861 3302 5897 sua.
3356 5845 3458 5900 IIot
