  <div class='ocr_page' id='page_1' title='image "/cluster/home/n/w/nwhite01/storage/ocr_20150623/60/hvd.32044019207810/111.png"; bbox 0 0 3978 6474; ppageno 0'>
   <div class='ocr_carea' id='block_1_1' title="bbox 513 367 612 421">
    <p class='ocr_par' dir='ltr' id='par_1_1' title="bbox 513 367 612 421">
     <span class='ocr_line' id='line_1_1' title="bbox 513 367 612 421; baseline -0.03 0"><span class='ocrx_word' id='word_1_1' title='bbox 513 367 612 421; x_wconf 72' lang='lat'><strong>£07</strong></span> 
     </span>
    </p>
   </div>
   <div class='ocr_carea' id='block_1_2' title="bbox 511 477 2091 540">
    <p class='ocr_par' dir='ltr' id='par_1_2' title="bbox 511 477 2091 540">
     <span class='ocr_line' id='line_1_2' title="bbox 511 477 2091 540; baseline 0 -9"><span class='ocrx_word' id='word_1_2' title='bbox 511 497 636 533; x_wconf 70' lang='lat' dir='ltr'><strong>vero</strong></span> <span class='ocrx_word' id='word_1_3' title='bbox 666 494 771 531; x_wconf 89' lang='lat' dir='ltr'><strong>non</strong></span> <span class='ocrx_word' id='word_1_4' title='bbox 797 477 967 531; x_wconf 86' lang='lat' dir='ltr'><strong>solum</strong></span> <span class='ocrx_word' id='word_1_5' title='bbox 999 477 1464 540; x_wconf 80' lang='lat' dir='ltr'><strong>resurrectionem,</strong></span> <span class='ocrx_word' id='word_1_6' title='bbox 1498 478 1589 530; x_wconf 80' lang='lat' dir='ltr'><strong>St‘d</strong></span> <span class='ocrx_word' id='word_1_7' title='bbox 1621 479 1780 531; x_wconf 86' lang='lat' dir='ltr'><strong>etiam</strong></span> <span class='ocrx_word' id='word_1_8' title='bbox 1812 478 2091 532; x_wconf 77' lang='lat' dir='ltr'><strong>exultatio-</strong></span> 
     </span>
    </p>
   </div>
   <div class='ocr_carea' id='block_1_3' title="bbox 513 570 2093 640">
    <p class='ocr_par' dir='ltr' id='par_1_3' title="bbox 513 570 2093 640">
     <span class='ocr_line' id='line_1_3' title="bbox 513 570 2093 640; baseline 0 -16"><span class='ocrx_word' id='word_1_9' title='bbox 513 588 655 635; x_wconf 87' lang='lat' dir='ltr'><strong>nem,</strong></span> <span class='ocrx_word' id='word_1_10' title='bbox 690 571 738 623; x_wconf 99' lang='lat' dir='ltr'><strong>id</strong></span> <span class='ocrx_word' id='word_1_11' title='bbox 783 580 885 630; x_wconf 84' lang='lat' dir='ltr'><strong>est,</strong></span> <span class='ocrx_word' id='word_1_12' title='bbox 934 573 1374 640; x_wconf 73' lang='lat' dir='ltr'><strong>assumpticnetn,</strong></span> <span class='ocrx_word' id='word_1_13' title='bbox 1420 571 1699 640; x_wconf 81' lang='lat' dir='ltr'><strong>significat.</strong></span> <span class='ocrx_word' id='word_1_14' title='bbox 1751 570 1830 622; x_wconf 80' lang='lat' dir='ltr'><strong>Ad</strong></span> <span class='ocrx_word' id='word_1_15' title='bbox 1873 573 2093 624; x_wconf 88' lang='lat' dir='ltr'><strong>dandam</strong></span> 
     </span>
    </p>
   </div>
   <div class='ocr_carea' id='block_1_4' title="bbox 516 663 1086 731">
    <p class='ocr_par' dir='ltr' id='par_1_4' title="bbox 516 663 1086 731">
     <span class='ocr_line' id='line_1_4' title="bbox 516 663 1086 731; baseline -0.002 -17"><span class='ocrx_word' id='word_1_16' title='bbox 516 665 859 731; x_wconf 69' lang='lat' dir='ltr'><strong>paenitentiam</strong></span> <span class='ocrx_word' id='word_1_17' title='bbox 884 663 906 713; x_wconf 88' lang='grc' dir='ltr'><em>Ι</em></span> <span class='ocrx_word' id='word_1_18' title='bbox 916 665 1086 715; x_wconf 69' lang='lat' dir='ltr'><strong>sraeli.</strong></span> 
     </span>
    </p>
   </div>
   <div class='ocr_carea' id='block_1_5' title="bbox 581 754 2094 815">
    <p class='ocr_par' dir='ltr' id='par_1_5' title="bbox 581 754 2094 815">
     <span class='ocr_line' id='line_1_5' title="bbox 581 754 2094 815; baseline 0.001 -8"><span class='ocrx_word' id='word_1_19' title='bbox 581 759 635 807; x_wconf 64' lang='grc' dir='ltr'><strong>τι.</strong></span> <span class='ocrx_word' id='word_1_20' title='bbox 665 754 1001 808; x_wconf 58' lang='grc' dir='ltr'>κἰιιυτιιισδιιδ</span> <span class='ocrx_word' id='word_1_21' title='bbox 1027 755 1255 815; x_wconf 65' lang='lat' dir='ltr'><strong>lucrum,</strong></span> <span class='ocrx_word' id='word_1_22' title='bbox 1285 762 1339 807; x_wconf 89' lang='lat' dir='ltr'><strong>et</strong></span> <span class='ocrx_word' id='word_1_23' title='bbox 1363 754 1689 808; x_wconf 83' lang='lat' dir='ltr'><strong>defensionis</strong></span> <span class='ocrx_word' id='word_1_24' title='bbox 1715 771 1861 808; x_wconf 85' lang='lat' dir='ltr'><strong>more</strong></span> <span class='ocrx_word' id='word_1_25' title='bbox 1894 755 2094 809; x_wconf 76' lang='lat' dir='ltr'><strong>doctri~</strong></span> 
     </span>
    </p>
   </div>
   <div class='ocr_carea' id='block_1_6' title="bbox 516 844 2095 915">
    <p class='ocr_par' dir='ltr' id='par_1_6' title="bbox 516 844 2095 915">
     <span class='ocr_line' id='line_1_6' title="bbox 516 844 2095 915; baseline 0.001 -17"><span class='ocrx_word' id='word_1_26' title='bbox 516 863 636 899; x_wconf 87' lang='lat' dir='ltr'><strong>nam</strong></span> <span class='ocrx_word' id='word_1_27' title='bbox 694 846 1000 914; x_wconf 86' lang='lat' dir='ltr'><strong>perfectam.</strong></span> <span class='ocrx_word' id='word_1_28' title='bbox 1049 845 1135 898; x_wconf 74' lang='lat'><strong>5&#39;2.</strong></span> <span class='ocrx_word' id='word_1_29' title='bbox 1172 844 1238 897; x_wconf 79' lang='lat' dir='ltr'><strong>Et</strong></span> <span class='ocrx_word' id='word_1_30' title='bbox 1279 862 1369 897; x_wconf 87' lang='lat' dir='ltr'><strong>uos</strong></span> <span class='ocrx_word' id='word_1_31' title='bbox 1410 863 1579 899; x_wconf 84' lang='lat' dir='ltr'><strong>sumus</strong></span> <span class='ocrx_word' id='word_1_32' title='bbox 1606 850 1716 915; x_wconf 83' lang='lat' dir='ltr'><strong>ejus</strong></span> <span class='ocrx_word' id='word_1_33' title='bbox 1744 858 1886 900; x_wconf 83' lang='lat' dir='ltr'><strong>testes</strong></span> <span class='ocrx_word' id='word_1_34' title='bbox 1917 848 2095 899; x_wconf 79' lang='lat' dir='ltr'><strong>horum</strong></span> 
     </span>
    </p>
   </div>
   <div class='ocr_carea' id='block_1_7' title="bbox 515 936 2096 1005">
    <p class='ocr_par' dir='ltr' id='par_1_7' title="bbox 515 936 2096 1005">
     <span class='ocr_line' id='line_1_7' title="bbox 515 936 2096 1005; baseline 0 -16"><span class='ocrx_word' id='word_1_35' title='bbox 515 938 798 990; x_wconf 70' lang='lat' dir='ltr'><strong>uerborum.</strong></span> <span class='ocrx_word' id='word_1_36' title='bbox 841 937 1024 1005; x_wconf 78' lang='lat' dir='ltr'><strong>Magna</strong></span> <span class='ocrx_word' id='word_1_37' title='bbox 1056 936 1266 990; x_wconf 88' lang='lat' dir='ltr'><strong>dicendi</strong></span> <span class='ocrx_word' id='word_1_38' title='bbox 1315 937 1549 992; x_wconf 87' lang='lat' dir='ltr'><strong>libertas.</strong></span> <span class='ocrx_word' id='word_1_39' title='bbox 1588 939 1787 992; x_wconf 80' lang='lat' dir='ltr'><strong>Deinde</strong></span> <span class='ocrx_word' id='word_1_40' title='bbox 1816 937 1881 991; x_wconf 87' lang='lat' dir='ltr'><strong>ad</strong></span> <span class='ocrx_word' id='word_1_41' title='bbox 1925 937 2096 991; x_wconf 87' lang='lat' dir='ltr'><strong>dicto-</strong></span> 
     </span>
    </p>
   </div>
   <div class='ocr_carea' id='block_1_8' title="bbox 514 1030 2096 1099">
    <p class='ocr_par' dir='ltr' id='par_1_8' title="bbox 514 1030 2096 1099">
     <span class='ocr_line' id='line_1_8' title="bbox 514 1030 2096 1099; baseline 0.001 -17"><span class='ocrx_word' id='word_1_42' title='bbox 514 1048 629 1085; x_wconf 86' lang='lat' dir='ltr'><strong>rum</strong></span> <span class='ocrx_word' id='word_1_43' title='bbox 685 1031 841 1085; x_wconf 85' lang='lat' dir='ltr'><strong>fidem</strong></span> <span class='ocrx_word' id='word_1_44' title='bbox 882 1030 1106 1099; x_wconf 78' lang='lat' dir='ltr'><strong>adjicit:</strong></span> <span class='ocrx_word' id='word_1_45' title='bbox 1160 1030 1224 1082; x_wconf 64' lang='lat' dir='ltr'><strong>Iit</strong></span> <span class='ocrx_word' id='word_1_46' title='bbox 1262 1032 1468 1099; x_wconf 85' lang='lat' dir='ltr'><strong>spiritus</strong></span> <span class='ocrx_word' id='word_1_47' title='bbox 1494 1042 1731 1098; x_wconf 87' lang='lat' dir='ltr'><strong>sanctus,</strong></span> <span class='ocrx_word' id='word_1_48' title='bbox 1772 1049 1915 1097; x_wconf 85' lang='lat' dir='ltr'><strong>quem</strong></span> <span class='ocrx_word' id='word_1_49' title='bbox 1958 1031 2096 1084; x_wconf 89' lang='lat' dir='ltr'><strong>dedit</strong></span> 
     </span>
    </p>
   </div>
   <div class='ocr_carea' id='block_1_9' title="bbox 512 1121 2093 1191">
    <p class='ocr_par' dir='ltr' id='par_1_9' title="bbox 512 1121 2093 1191">
     <span class='ocr_line' id='line_1_9' title="bbox 512 1121 2093 1191; baseline 0.001 -17"><span class='ocrx_word' id='word_1_50' title='bbox 512 1124 648 1175; x_wconf 78' lang='lat' dir='ltr'><strong>Dens</strong></span> <span class='ocrx_word' id='word_1_51' title='bbox 666 1122 1002 1176; x_wconf 82' lang='lat' dir='ltr'><strong>obedientibus</strong></span> <span class='ocrx_word' id='word_1_52' title='bbox 1018 1123 1132 1174; x_wconf 85' lang='lat' dir='ltr'><strong>sibi.</strong></span> <span class='ocrx_word' id='word_1_53' title='bbox 1164 1121 1319 1175; x_wconf 69' lang='lat' dir='ltr'><strong>\‘idcs</strong></span> <span class='ocrx_word' id='word_1_54' title='bbox 1334 1122 1601 1191; x_wconf 89' lang='lat' dir='ltr'><strong>quomodo</strong></span> <span class='ocrx_word' id='word_1_55' title='bbox 1616 1138 1722 1175; x_wconf 87' lang='lat' dir='ltr'><strong>non</strong></span> <span class='ocrx_word' id='word_1_56' title='bbox 1750 1138 1847 1176; x_wconf 91' lang='lat' dir='ltr'><strong>suo</strong></span> <span class='ocrx_word' id='word_1_57' title='bbox 1871 1132 2093 1186; x_wconf 87' lang='lat' dir='ltr'><strong>tantum,</strong></span> 
     </span>
    </p>
   </div>
   <div class='ocr_carea' id='block_1_10' title="bbox 511 1212 2093 1282">
    <p class='ocr_par' dir='ltr' id='par_1_10' title="bbox 511 1212 2093 1282">
     <span class='ocr_line' id='line_1_10' title="bbox 511 1212 2093 1282; baseline 0.001 -17"><span class='ocrx_word' id='word_1_58' title='bbox 511 1214 603 1266; x_wconf 82' lang='lat' dir='ltr'><strong>sed</strong></span> <span class='ocrx_word' id='word_1_59' title='bbox 634 1214 792 1266; x_wconf 89' lang='lat' dir='ltr'><strong>etiam</strong></span> <span class='ocrx_word' id='word_1_60' title='bbox 818 1212 1047 1282; x_wconf 89' lang='lat' dir='ltr'><strong>Spiritus</strong></span> <span class='ocrx_word' id='word_1_61' title='bbox 1079 1213 1385 1265; x_wconf 88' lang='lat' dir='ltr'><strong>testimonio</strong></span> <span class='ocrx_word' id='word_1_62' title='bbox 1414 1218 1667 1266; x_wconf 86' lang='lat' dir='ltr'><strong>utantur?</strong></span> <span class='ocrx_word' id='word_1_63' title='bbox 1690 1214 1797 1267; x_wconf 90' lang='lat' dir='ltr'><strong>Nec</strong></span> <span class='ocrx_word' id='word_1_64' title='bbox 1826 1214 2093 1277; x_wconf 79' lang='lat' dir='ltr'><strong>dixerunt,</strong></span> 
     </span>
    </p>
   </div>
   <div class='ocr_carea' id='block_1_11' title="bbox 516 1306 2099 1373">
    <p class='ocr_par' dir='ltr' id='par_1_11' title="bbox 516 1306 2099 1373">
     <span class='ocr_line' id='line_1_11' title="bbox 516 1306 2099 1373; baseline 0.002 -15"><span class='ocrx_word' id='word_1_65' title='bbox 516 1310 674 1373; x_wconf 75' lang='lat' dir='ltr'><strong>Quem</strong></span> <span class='ocrx_word' id='word_1_66' title='bbox 702 1307 839 1359; x_wconf 81' lang='lat' dir='ltr'><strong>dedit</strong></span> <span class='ocrx_word' id='word_1_67' title='bbox 871 1308 1056 1371; x_wconf 91' lang='lat' dir='ltr'><strong>nobis;</strong></span> <span class='ocrx_word' id='word_1_68' title='bbox 1105 1306 1221 1370; x_wconf 89' lang='lat' dir='ltr'><strong>sed,</strong></span> <span class='ocrx_word' id='word_1_69' title='bbox 1258 1306 1609 1359; x_wconf 88' lang='lat' dir='ltr'><strong>Obedientibus</strong></span> <span class='ocrx_word' id='word_1_70' title='bbox 1633 1323 1652 1360; x_wconf 88' lang='lat'><strong><em>:</em></strong></span> <span class='ocrx_word' id='word_1_71' title='bbox 1674 1308 1832 1361; x_wconf 82' lang='lat' dir='ltr'><strong>simul</strong></span> <span class='ocrx_word' id='word_1_72' title='bbox 1858 1307 2099 1361; x_wconf 86' lang='lat' dir='ltr'><strong>modeste</strong></span> 
     </span>
    </p>
   </div>
   <div class='ocr_carea' id='block_1_12' title="bbox 512 1397 2097 1466">
    <p class='ocr_par' dir='ltr' id='par_1_12' title="bbox 512 1397 2097 1466">
     <span class='ocr_line' id='line_1_12' title="bbox 512 1397 2097 1466; baseline -0.001 -15"><span class='ocrx_word' id='word_1_73' title='bbox 512 1407 747 1466; x_wconf 78' lang='lat' dir='ltr'><strong>agentes,</strong></span> <span class='ocrx_word' id='word_1_74' title='bbox 776 1406 830 1450; x_wconf 89' lang='lat' dir='ltr'><strong>et</strong></span> <span class='ocrx_word' id='word_1_75' title='bbox 876 1412 1122 1466; x_wconf 86' lang='lat' dir='ltr'><strong>magnum</strong></span> <span class='ocrx_word' id='word_1_76' title='bbox 1162 1397 1305 1449; x_wconf 89' lang='lat' dir='ltr'><strong>illum</strong></span> <span class='ocrx_word' id='word_1_77' title='bbox 1356 1412 1475 1450; x_wconf 85' lang='lat' dir='ltr'><strong>esse</strong></span> <span class='ocrx_word' id='word_1_78' title='bbox 1503 1406 1885 1463; x_wconf 83' lang='lat' dir='ltr'><strong>monstrantes,</strong></span> <span class='ocrx_word' id='word_1_79' title='bbox 1917 1397 2097 1450; x_wconf 87' lang='lat' dir='ltr'><strong>decla-</strong></span> 
     </span>
    </p>
   </div>
   <div class='ocr_carea' id='block_1_13' title="bbox 516 1488 2094 1559">
    <p class='ocr_par' dir='ltr' id='par_1_13' title="bbox 516 1488 2094 1559">
     <span class='ocr_line' id='line_1_13' title="bbox 516 1488 2094 1559; baseline -0.003 -13"><span class='ocrx_word' id='word_1_80' title='bbox 516 1501 804 1559; x_wconf 84' lang='lat' dir='ltr'><strong>ranteSque</strong></span> <span class='ocrx_word' id='word_1_81' title='bbox 834 1491 972 1558; x_wconf 91' lang='lat' dir='ltr'><strong>quod</strong></span> <span class='ocrx_word' id='word_1_82' title='bbox 1012 1501 1065 1543; x_wconf 91' lang='lat' dir='ltr'><strong>et</strong></span> <span class='ocrx_word' id='word_1_83' title='bbox 1094 1491 1191 1559; x_wconf 84' lang='lat' dir='ltr'><strong>ipsi</strong></span> <span class='ocrx_word' id='word_1_84' title='bbox 1223 1490 1427 1559; x_wconf 85' lang='lat' dir='ltr'><strong>possint</strong></span> <span class='ocrx_word' id='word_1_85' title='bbox 1457 1489 1605 1542; x_wconf 92' lang='lat' dir='ltr'><strong>illum</strong></span> <span class='ocrx_word' id='word_1_86' title='bbox 1645 1490 1903 1555; x_wconf 82' lang='lat' dir='ltr'><strong>accipere.</strong></span> <span class='ocrx_word' id='word_1_87' title='bbox 1944 1488 2094 1552; x_wconf 76' lang='lat' dir='ltr'><strong>Vide,</strong></span> 
     </span>
    </p>
   </div>
   <div class='ocr_carea' id='block_1_14' title="bbox 518 1580 2100 1652">
    <p class='ocr_par' dir='ltr' id='par_1_14' title="bbox 518 1580 2100 1652">
     <span class='ocr_line' id='line_1_14' title="bbox 518 1580 2100 1652; baseline -0.004 -17"><span class='ocrx_word' id='word_1_88' title='bbox 518 1582 788 1652; x_wconf 85' lang='lat' dir='ltr'><strong>quomodo</strong></span> <span class='ocrx_word' id='word_1_89' title='bbox 814 1591 869 1635; x_wconf 92' lang='lat' dir='ltr'><strong>et</strong></span> <span class='ocrx_word' id='word_1_90' title='bbox 894 1582 1147 1650; x_wconf 80' lang='lat' dir='ltr'><strong>Operibus</strong></span> <span class='ocrx_word' id='word_1_91' title='bbox 1178 1591 1227 1634; x_wconf 90' lang='lat' dir='ltr'><strong>et</strong></span> <span class='ocrx_word' id='word_1_92' title='bbox 1251 1580 1427 1634; x_wconf 82' lang='lat' dir='ltr'><strong>verbis</strong></span> <span class='ocrx_word' id='word_1_93' title='bbox 1450 1580 1782 1644; x_wconf 86' lang='lat' dir='ltr'><strong>erudiantur,</strong></span> <span class='ocrx_word' id='word_1_94' title='bbox 1811 1596 1905 1633; x_wconf 86' lang='lat' dir='ltr'><strong>nec</strong></span> <span class='ocrx_word' id='word_1_95' title='bbox 1928 1588 2100 1632; x_wconf 86' lang='lat' dir='ltr'><strong>atten-</strong></span> 
     </span>
    </p>
   </div>
   <div class='ocr_carea' id='block_1_15' title="bbox 516 1672 2099 1743">
    <p class='ocr_par' dir='ltr' id='par_1_15' title="bbox 516 1672 2099 1743">
     <span class='ocr_line' id='line_1_15' title="bbox 516 1672 2099 1743; baseline -0.001 -16"><span class='ocrx_word' id='word_1_96' title='bbox 516 1677 643 1727; x_wconf 85' lang='lat' dir='ltr'><strong>dant</strong></span> <span class='ocrx_word' id='word_1_97' title='bbox 673 1692 686 1741; x_wconf 91' lang='lat'><strong>;</strong></span> <span class='ocrx_word' id='word_1_98' title='bbox 722 1684 776 1728; x_wconf 89' lang='lat' dir='ltr'><strong>ut</strong></span> <span class='ocrx_word' id='word_1_99' title='bbox 800 1675 941 1743; x_wconf 89' lang='lat' dir='ltr'><strong>justa</strong></span> <span class='ocrx_word' id='word_1_100' title='bbox 972 1690 1157 1728; x_wconf 87' lang='lat' dir='ltr'><strong>eorum</strong></span> <span class='ocrx_word' id='word_1_101' title='bbox 1187 1672 1456 1726; x_wconf 81' lang='lat' dir='ltr'><strong>damnatio</strong></span> <span class='ocrx_word' id='word_1_102' title='bbox 1484 1673 1571 1727; x_wconf 90' lang='lat' dir='ltr'><strong>sit.</strong></span> <span class='ocrx_word' id='word_1_103' title='bbox 1626 1673 1746 1726; x_wconf 82' lang='lat' dir='ltr'><strong>Ideo</strong></span> <span class='ocrx_word' id='word_1_104' title='bbox 1793 1675 1933 1725; x_wconf 88' lang='lat' dir='ltr'><strong>enim</strong></span> <span class='ocrx_word' id='word_1_105' title='bbox 1981 1673 2099 1725; x_wconf 87' lang='lat' dir='ltr'><strong>illos</strong></span> 
     </span>
    </p>
   </div>
   <div class='ocr_carea' id='block_1_16' title="bbox 520 1762 2097 1833">
    <p class='ocr_par' dir='ltr' id='par_1_16' title="bbox 520 1762 2097 1833">
     <span class='ocr_line' id='line_1_16' title="bbox 520 1762 2097 1833; baseline -0.003 -15"><span class='ocrx_word' id='word_1_106' title='bbox 520 1768 657 1820; x_wconf 85' lang='lat' dir='ltr'><strong>Deus</strong></span> <span class='ocrx_word' id='word_1_107' title='bbox 686 1766 893 1819; x_wconf 76' lang='lat' dir='ltr'><strong>sinebat</strong></span> <span class='ocrx_word' id='word_1_108' title='bbox 920 1766 970 1817; x_wconf 93' lang='lat' dir='ltr'><strong>iu</strong></span> <span class='ocrx_word' id='word_1_109' title='bbox 1006 1764 1263 1833; x_wconf 82' lang='lat' dir='ltr'><strong>judicium</strong></span> <span class='ocrx_word' id='word_1_110' title='bbox 1292 1764 1502 1829; x_wconf 86' lang='lat' dir='ltr'><strong>adduci,</strong></span> <span class='ocrx_word' id='word_1_111' title='bbox 1547 1773 1603 1816; x_wconf 90' lang='lat' dir='ltr'><strong>ut</strong></span> <span class='ocrx_word' id='word_1_112' title='bbox 1632 1763 1704 1816; x_wconf 82' lang='lat' dir='ltr'><strong>illi</strong></span> <span class='ocrx_word' id='word_1_113' title='bbox 1736 1762 2097 1828; x_wconf 85' lang='lat' dir='ltr'><strong>erudirentur,</strong></span> 
     </span>
    </p>
   </div>
   <div class='ocr_carea' id='block_1_17' title="bbox 518 1853 2098 1929">
    <p class='ocr_par' dir='ltr' id='par_1_17' title="bbox 518 1853 2098 1929">
     <span class='ocr_line' id='line_1_17' title="bbox 518 1853 2098 1929; baseline -0.003 -17"><span class='ocrx_word' id='word_1_114' title='bbox 518 1862 562 1913; x_wconf 88' lang='lat' dir='ltr'><strong>si</strong></span> <span class='ocrx_word' id='word_1_115' title='bbox 591 1853 804 1929; x_wconf 85' lang='lat' dir='ltr'><strong>quidem</strong></span> <span class='ocrx_word' id='word_1_116' title='bbox 845 1858 1025 1912; x_wconf 88' lang='lat' dir='ltr'><strong>dicere</strong></span> <span class='ocrx_word' id='word_1_117' title='bbox 1051 1858 1365 1918; x_wconf 88' lang='lat' dir='ltr'><strong>voluissent,</strong></span> <span class='ocrx_word' id='word_1_118' title='bbox 1410 1866 1464 1909; x_wconf 89' lang='lat' dir='ltr'><strong>cl</strong></span> <span class='ocrx_word' id='word_1_119' title='bbox 1499 1858 1722 1925; x_wconf 87' lang='lat' dir='ltr'><strong>apostoli</strong></span> <span class='ocrx_word' id='word_1_120' title='bbox 1755 1856 1821 1909; x_wconf 90' lang='lat' dir='ltr'><strong>ad</strong></span> <span class='ocrx_word' id='word_1_121' title='bbox 1855 1856 2098 1909; x_wconf 86' lang='lat' dir='ltr'><strong>fiduciam</strong></span> 
     </span>
    </p>
   </div>
   <div class='ocr_carea' id='block_1_18' title="bbox 520 1948 2099 2012">
    <p class='ocr_par' dir='ltr' id='par_1_18' title="bbox 520 1948 2099 2012">
     <span class='ocr_line' id='line_1_18' title="bbox 520 1948 2099 2012; baseline -0.004 -7"><span class='ocrx_word' id='word_1_122' title='bbox 520 1955 935 2006; x_wconf 85' lang='lat' dir='ltr'><strong>concitarentur.</strong></span> <span class='ocrx_word' id='word_1_123' title='bbox 962 1951 1048 2005; x_wconf 84' lang='grc'><strong>55.</strong></span> <span class='ocrx_word' id='word_1_124' title='bbox 1082 1949 1209 2003; x_wconf 76' lang='lat' dir='ltr'><strong>ch</strong></span> <span class='ocrx_word' id='word_1_125' title='bbox 1238 1966 1351 2001; x_wconf 88' lang='lat' dir='ltr'><strong>cum</strong></span> <span class='ocrx_word' id='word_1_126' title='bbox 1391 1950 1667 2012; x_wconf 76' lang='lat' dir='ltr'><strong>audissent,</strong></span> <span class='ocrx_word' id='word_1_127' title='bbox 1701 1948 2099 2010; x_wconf 79' lang='lat' dir='ltr'><strong>dissecubautur,</strong></span> 
     </span>
    </p>
   </div>
   <div class='ocr_carea' id='block_1_19' title="bbox 519 2041 2099 2113">
    <p class='ocr_par' dir='ltr' id='par_1_19' title="bbox 519 2041 2099 2113">
     <span class='ocr_line' id='line_1_19' title="bbox 519 2041 2099 2113; baseline -0.004 -16"><span class='ocrx_word' id='word_1_128' title='bbox 519 2056 563 2097; x_wconf 89' lang='lat' dir='ltr'><strong>et</strong></span> <span class='ocrx_word' id='word_1_129' title='bbox 589 2044 871 2113; x_wconf 82' lang='lat' dir='ltr'><strong>cogitabant</strong></span> <span class='ocrx_word' id='word_1_130' title='bbox 892 2043 1173 2110; x_wconf 76' lang='lat' dir='ltr'><strong>inter/icere</strong></span> <span class='ocrx_word' id='word_1_131' title='bbox 1189 2042 1323 2094; x_wconf 79' lang='lat' dir='ltr'><strong>iilos.</strong></span> <span class='ocrx_word' id='word_1_132' title='bbox 1351 2041 1481 2095; x_wconf 80' lang='lat' dir='ltr'><strong>Vide</strong></span> <span class='ocrx_word' id='word_1_133' title='bbox 1504 2042 1770 2111; x_wconf 83' lang='lat' dir='ltr'><strong>ingentem</strong></span> <span class='ocrx_word' id='word_1_134' title='bbox 1792 2041 2099 2109; x_wconf 79' lang='lat' dir='ltr'><strong>nequitiam.</strong></span> 
     </span>
    </p>
   </div>
   <div class='ocr_carea' id='block_1_20' title="bbox 518 2131 2104 2204">
    <p class='ocr_par' dir='ltr' id='par_1_20' title="bbox 518 2131 2104 2204">
     <span class='ocr_line' id='line_1_20' title="bbox 518 2131 2104 2204; baseline -0.003 -15"><span class='ocrx_word' id='word_1_135' title='bbox 518 2138 648 2189; x_wconf 82' lang='lat' dir='ltr'><strong>Cum</strong></span> <span class='ocrx_word' id='word_1_136' title='bbox 678 2135 1005 2204; x_wconf 80' lang='lat' dir='ltr'><strong>oportuisset</strong></span> <span class='ocrx_word' id='word_1_137' title='bbox 1029 2148 1092 2186; x_wconf 82' lang='lat' dir='ltr'><strong>ex</strong></span> <span class='ocrx_word' id='word_1_138' title='bbox 1132 2134 1197 2186; x_wconf 90' lang='lat' dir='ltr'><strong>iis</strong></span> <span class='ocrx_word' id='word_1_139' title='bbox 1223 2148 1343 2201; x_wconf 60' lang='lat' dir='ltr'><strong>qua)</strong></span> <span class='ocrx_word' id='word_1_140' title='bbox 1368 2131 1649 2186; x_wconf 90' lang='lat' dir='ltr'><strong>audierant</strong></span> <span class='ocrx_word' id='word_1_141' title='bbox 1680 2132 1961 2195; x_wconf 88' lang='lat' dir='ltr'><strong>deterreri,</strong></span> <span class='ocrx_word' id='word_1_142' title='bbox 1995 2131 2104 2186; x_wconf 89' lang='lat' dir='ltr'><strong>dis-</strong></span> 
     </span>
    </p>
   </div>
   <div class='ocr_carea' id='block_1_21' title="bbox 520 2222 2102 2289">
    <p class='ocr_par' dir='ltr' id='par_1_21' title="bbox 520 2222 2102 2289">
     <span class='ocr_line' id='line_1_21' title="bbox 520 2222 2102 2289; baseline -0.002 -10"><span class='ocrx_word' id='word_1_143' title='bbox 520 2236 770 2281; x_wconf 89' lang='lat' dir='ltr'><strong>secantur</strong></span> <span class='ocrx_word' id='word_1_144' title='bbox 797 2226 895 2289; x_wconf 89' lang='lat' dir='ltr'><strong>illi,</strong></span> <span class='ocrx_word' id='word_1_145' title='bbox 943 2234 998 2278; x_wconf 90' lang='lat' dir='ltr'><strong>et</strong></span> <span class='ocrx_word' id='word_1_146' title='bbox 1032 2224 1099 2277; x_wconf 88' lang='lat' dir='ltr'><strong>de</strong></span> <span class='ocrx_word' id='word_1_147' title='bbox 1144 2222 1455 2277; x_wconf 89' lang='lat' dir='ltr'><strong>occidendis</strong></span> <span class='ocrx_word' id='word_1_148' title='bbox 1503 2224 1633 2276; x_wconf 85' lang='lat' dir='ltr'><strong>viris</strong></span> <span class='ocrx_word' id='word_1_149' title='bbox 1663 2222 1859 2275; x_wconf 79' lang='lat' dir='ltr'><strong>frustra</strong></span> <span class='ocrx_word' id='word_1_150' title='bbox 1885 2223 2102 2276; x_wconf 85' lang='lat' dir='ltr'><strong>consul-</strong></span> 
     </span>
    </p>
   </div>
   <div class='ocr_carea' id='block_1_22' title="bbox 523 2312 2097 2383">
    <p class='ocr_par' dir='ltr' id='par_1_22' title="bbox 523 2312 2097 2383">
     <span class='ocr_line' id='line_1_22' title="bbox 523 2312 2097 2383; baseline -0.003 -13"><span class='ocrx_word' id='word_1_151' title='bbox 523 2326 652 2370; x_wconf 87' lang='lat' dir='ltr'><strong>tant.</strong></span> <span class='ocrx_word' id='word_1_152' title='bbox 683 2316 787 2369; x_wconf 86' lang='lat' dir='ltr'><strong>Sed</strong></span> <span class='ocrx_word' id='word_1_153' title='bbox 813 2329 1031 2368; x_wconf 76' lang='lat' dir='ltr'><strong>necesse</strong></span> <span class='ocrx_word' id='word_1_154' title='bbox 1060 2322 1143 2367; x_wconf 89' lang='lat' dir='ltr'><strong>est</strong></span> <span class='ocrx_word' id='word_1_155' title='bbox 1186 2315 1431 2382; x_wconf 87' lang='lat' dir='ltr'><strong>superius</strong></span> <span class='ocrx_word' id='word_1_156' title='bbox 1462 2312 1595 2367; x_wconf 88' lang='lat' dir='ltr'><strong>lecta</strong></span> <span class='ocrx_word' id='word_1_157' title='bbox 1625 2322 1891 2382; x_wconf 90' lang='lat' dir='ltr'><strong>repetere.</strong></span> <span class='ocrx_word' id='word_1_158' title='bbox 1930 2314 2097 2383; x_wconf 83' lang='lat' dir='ltr'><strong>Ange-</strong></span> 
     </span>
    </p>
   </div>
   <div class='ocr_carea' id='block_1_23' title="bbox 522 2408 2101 2476">
    <p class='ocr_par' dir='ltr' id='par_1_23' title="bbox 522 2408 2101 2476">
     <span class='ocr_line' id='line_1_23' title="bbox 522 2408 2101 2476; baseline -0.003 -13"><span class='ocrx_word' id='word_1_159' title='bbox 522 2412 601 2463; x_wconf 84' lang='lat' dir='ltr'><strong>lus</strong></span> <span class='ocrx_word' id='word_1_160' title='bbox 622 2421 790 2462; x_wconf 87' lang='lat' dir='ltr'><strong>autem</strong></span> <span class='ocrx_word' id='word_1_161' title='bbox 818 2408 1025 2460; x_wconf 89' lang='lat' dir='ltr'><strong>Domini</strong></span> <span class='ocrx_word' id='word_1_162' title='bbox 1055 2424 1143 2476; x_wconf 85' lang='lat' dir='ltr'><strong>per</strong></span> <span class='ocrx_word' id='word_1_163' title='bbox 1171 2417 1365 2459; x_wconf 79' lang='lat' dir='ltr'><strong>nectent</strong></span> <span class='ocrx_word' id='word_1_164' title='bbox 1387 2408 1615 2476; x_wconf 84' lang='lat' dir='ltr'><strong>aperiens</strong></span> <span class='ocrx_word' id='word_1_165' title='bbox 1633 2409 1823 2476; x_wconf 88' lang='lat' dir='ltr'><strong>januas</strong></span> <span class='ocrx_word' id='word_1_166' title='bbox 1866 2409 2101 2470; x_wconf 85' lang='lat' dir='ltr'><strong>carceris,</strong></span> 
     </span>
    </p>
   </div>
   <div class='ocr_carea' id='block_1_24' title="bbox 522 2498 2105 2568">
    <p class='ocr_par' dir='ltr' id='par_1_24' title="bbox 522 2498 2105 2568">
     <span class='ocr_line' id='line_1_24' title="bbox 522 2498 2105 2568; baseline -0.004 -11"><span class='ocrx_word' id='word_1_167' title='bbox 522 2516 567 2557; x_wconf 90' lang='lat' dir='ltr'><strong>et</strong></span> <span class='ocrx_word' id='word_1_168' title='bbox 602 2505 815 2557; x_wconf 86' lang='lat' dir='ltr'><strong>educens</strong></span> <span class='ocrx_word' id='word_1_169' title='bbox 861 2518 946 2554; x_wconf 86' lang='lat' dir='ltr'><strong>eos</strong></span> <span class='ocrx_word' id='word_1_170' title='bbox 971 2500 1137 2554; x_wconf 73' lang='lat' dir='ltr'><strong>dixit:</strong></span> <span class='ocrx_word' id='word_1_171' title='bbox 1166 2498 1267 2564; x_wconf 87' lang='lat' dir='ltr'><strong>Ite,</strong></span> <span class='ocrx_word' id='word_1_172' title='bbox 1309 2510 1354 2552; x_wconf 90' lang='lat' dir='ltr'><strong>et</strong></span> <span class='ocrx_word' id='word_1_173' title='bbox 1383 2510 1571 2554; x_wconf 80' lang='lat' dir='ltr'><strong>stantes</strong></span> <span class='ocrx_word' id='word_1_174' title='bbox 1599 2500 1860 2568; x_wconf 83' lang='lat' dir='ltr'><strong>loquimini</strong></span> <span class='ocrx_word' id='word_1_175' title='bbox 1898 2501 1950 2552; x_wconf 88' lang='lat' dir='ltr'><strong>in</strong></span> <span class='ocrx_word' id='word_1_176' title='bbox 1978 2510 2105 2551; x_wconf 85' lang='lat' dir='ltr'><strong>tem-</strong></span> 
     </span>
    </p>
   </div>
   <div class='ocr_carea' id='block_1_25' title="bbox 523 2594 2107 2667">
    <p class='ocr_par' dir='ltr' id='par_1_25' title="bbox 523 2594 2107 2667">
     <span class='ocr_line' id='line_1_25' title="bbox 523 2594 2107 2667; baseline 0 -18"><span class='ocrx_word' id='word_1_177' title='bbox 523 2597 608 2656; x_wconf 79' lang='lat' dir='ltr'><strong>plo</strong></span> <span class='ocrx_word' id='word_1_178' title='bbox 647 2597 778 2667; x_wconf 86' lang='lat' dir='ltr'><strong>plebi</strong></span> <span class='ocrx_word' id='word_1_179' title='bbox 815 2596 985 2648; x_wconf 87' lang='lat' dir='ltr'><strong>omnia</strong></span> <span class='ocrx_word' id='word_1_180' title='bbox 1024 2595 1169 2649; x_wconf 83' lang='lat' dir='ltr'><strong>verba</strong></span> <span class='ocrx_word' id='word_1_181' title='bbox 1213 2596 1326 2647; x_wconf 75' lang='lat' dir='ltr'><strong>vita:</strong></span> <span class='ocrx_word' id='word_1_182' title='bbox 1355 2594 1525 2663; x_wconf 84' lang='lat' dir='ltr'><strong>hujus.</strong></span> <span class='ocrx_word' id='word_1_183' title='bbox 1562 2595 1797 2648; x_wconf 81' lang='lat' dir='ltr'><strong>Educens</strong></span> <span class='ocrx_word' id='word_1_184' title='bbox 1829 2608 1846 2647; x_wconf 90' lang='lat'><strong><em>:</em></strong></span> <span class='ocrx_word' id='word_1_185' title='bbox 1874 2610 1978 2647; x_wconf 90' lang='lat' dir='ltr'><strong>non</strong></span> <span class='ocrx_word' id='word_1_186' title='bbox 2020 2596 2107 2649; x_wconf 87' lang='lat' dir='ltr'><strong>ille</strong></span> 
     </span>
    </p>
   </div>
   <div class='ocr_carea' id='block_1_26' title="bbox 527 2686 2107 2755">
    <p class='ocr_par' dir='ltr' id='par_1_26' title="bbox 527 2686 2107 2755">
     <span class='ocr_line' id='line_1_26' title="bbox 527 2686 2107 2755; baseline -0.002 -12"><span class='ocrx_word' id='word_1_187' title='bbox 527 2691 703 2743; x_wconf 64' lang='lat' dir='ltr'><strong>adiicit</strong></span> <span class='ocrx_word' id='word_1_188' title='bbox 730 2703 845 2754; x_wconf 89' lang='lat' dir='ltr'><strong>eos,</strong></span> <span class='ocrx_word' id='word_1_189' title='bbox 879 2688 971 2741; x_wconf 91' lang='lat' dir='ltr'><strong>sed</strong></span> <span class='ocrx_word' id='word_1_190' title='bbox 996 2686 1245 2752; x_wconf 87' lang='lat' dir='ltr'><strong>dimittit;</strong></span> <span class='ocrx_word' id='word_1_191' title='bbox 1271 2696 1327 2739; x_wconf 92' lang='lat' dir='ltr'><strong>ut</strong></span> <span class='ocrx_word' id='word_1_192' title='bbox 1350 2687 1473 2740; x_wconf 89' lang='lat' dir='ltr'><strong>hinc</strong></span> <span class='ocrx_word' id='word_1_193' title='bbox 1500 2688 1807 2740; x_wconf 77' lang='lat' dir='ltr'><strong>ostendatur</strong></span> <span class='ocrx_word' id='word_1_194' title='bbox 1829 2687 2107 2755; x_wconf 82' lang='lat' dir='ltr'><strong>imperter-</strong></span> 
     </span>
    </p>
   </div>
   <div class='ocr_carea' id='block_1_27' title="bbox 526 2780 2107 2851">
    <p class='ocr_par' dir='ltr' id='par_1_27' title="bbox 526 2780 2107 2851">
     <span class='ocr_line' id='line_1_27' title="bbox 526 2780 2107 2851; baseline -0.004 -12"><span class='ocrx_word' id='word_1_195' title='bbox 526 2788 660 2839; x_wconf 86' lang='lat' dir='ltr'><strong>ritus</strong></span> <span class='ocrx_word' id='word_1_196' title='bbox 703 2785 915 2836; x_wconf 90' lang='lat' dir='ltr'><strong>illorum</strong></span> <span class='ocrx_word' id='word_1_197' title='bbox 945 2786 1184 2845; x_wconf 86' lang='lat' dir='ltr'><strong>animus,</strong></span> <span class='ocrx_word' id='word_1_198' title='bbox 1235 2796 1392 2851; x_wconf 88' lang='lat' dir='ltr'><strong>quem</strong></span> <span class='ocrx_word' id='word_1_199' title='bbox 1428 2782 1524 2850; x_wconf 88' lang='lat' dir='ltr'><strong>ipsi</strong></span> <span class='ocrx_word' id='word_1_200' title='bbox 1554 2780 1931 2845; x_wconf 85' lang='lat' dir='ltr'><strong>cxhibucrunt,</strong></span> <span class='ocrx_word' id='word_1_201' title='bbox 1989 2796 2107 2834; x_wconf 91' lang='lat' dir='ltr'><strong>cum</strong></span> 
     </span>
    </p>
   </div>
   <div class='ocr_carea' id='block_1_28' title="bbox 527 2871 2109 2942">
    <p class='ocr_par' dir='ltr' id='par_1_28' title="bbox 527 2871 2109 2942">
     <span class='ocr_line' id='line_1_28' title="bbox 527 2871 2109 2942; baseline -0.003 -14"><span class='ocrx_word' id='word_1_202' title='bbox 527 2884 686 2928; x_wconf 91' lang='lat' dir='ltr'><strong>noctu</strong></span> <span class='ocrx_word' id='word_1_203' title='bbox 732 2875 784 2927; x_wconf 93' lang='lat' dir='ltr'><strong>in</strong></span> <span class='ocrx_word' id='word_1_204' title='bbox 836 2872 1089 2942; x_wconf 88' lang='lat' dir='ltr'><strong>templum</strong></span> <span class='ocrx_word' id='word_1_205' title='bbox 1124 2872 1345 2941; x_wconf 83' lang='lat' dir='ltr'><strong>ingressi</strong></span> <span class='ocrx_word' id='word_1_206' title='bbox 1388 2871 1670 2925; x_wconf 84' lang='lat' dir='ltr'><strong>docebant.</strong></span> <span class='ocrx_word' id='word_1_207' title='bbox 1714 2871 1865 2937; x_wconf 86' lang='lat' dir='ltr'><strong>Quod</strong></span> <span class='ocrx_word' id='word_1_208' title='bbox 1920 2872 1961 2925; x_wconf 90' lang='lat' dir='ltr'><strong>si</strong></span> <span class='ocrx_word' id='word_1_209' title='bbox 1994 2872 2109 2925; x_wconf 89' lang='lat' dir='ltr'><strong>illos</strong></span> 
     </span>
    </p>
   </div>
   <div class='ocr_carea' id='block_1_29' title="bbox 518 2964 2107 3038">
    <p class='ocr_par' dir='ltr' id='par_1_29' title="bbox 518 2964 2107 3038">
     <span class='ocr_line' id='line_1_29' title="bbox 518 2964 2107 3038; baseline -0.004 -17"><span class='ocrx_word' id='word_1_210' title='bbox 518 2968 812 3038; x_wconf 83' lang='lat' dir='ltr'><strong>cjeeissent</strong></span> <span class='ocrx_word' id='word_1_211' title='bbox 854 2965 1135 3029; x_wconf 86' lang='lat' dir='ltr'><strong>custodes,</strong></span> <span class='ocrx_word' id='word_1_212' title='bbox 1166 2974 1222 3018; x_wconf 91' lang='lat' dir='ltr'><strong>ut</strong></span> <span class='ocrx_word' id='word_1_213' title='bbox 1248 2964 1322 3018; x_wconf 92' lang='lat' dir='ltr'><strong>illi</strong></span> <span class='ocrx_word' id='word_1_214' title='bbox 1357 2965 1649 3032; x_wconf 90' lang='lat' dir='ltr'><strong>putabant,</strong></span> <span class='ocrx_word' id='word_1_215' title='bbox 1686 2964 1950 3033; x_wconf 79' lang='lat' dir='ltr'><strong>fugissent</strong></span> <span class='ocrx_word' id='word_1_216' title='bbox 1978 2979 2107 3033; x_wconf 87' lang='lat' dir='ltr'><strong>apo-</strong></span> 
     </span>
    </p>
   </div>
   <div class='ocr_carea' id='block_1_30' title="bbox 529 3056 2113 3126">
    <p class='ocr_par' dir='ltr' id='par_1_30' title="bbox 529 3056 2113 3126">
     <span class='ocr_line' id='line_1_30' title="bbox 529 3056 2113 3126; baseline -0.004 -11"><span class='ocrx_word' id='word_1_217' title='bbox 529 3062 672 3123; x_wconf 84' lang='lat' dir='ltr'><strong>stoli,</strong></span> <span class='ocrx_word' id='word_1_218' title='bbox 702 3060 744 3114; x_wconf 92' lang='lat' dir='ltr'><strong>si</strong></span> <span class='ocrx_word' id='word_1_219' title='bbox 776 3070 950 3113; x_wconf 86' lang='lat' dir='ltr'><strong>tamen</strong></span> <span class='ocrx_word' id='word_1_220' title='bbox 979 3060 1473 3126; x_wconf 84' lang='lat' dir='ltr'><strong>obtemperassent;</strong></span> <span class='ocrx_word' id='word_1_221' title='bbox 1528 3056 1636 3110; x_wconf 90' lang='lat' dir='ltr'><strong>imo</strong></span> <span class='ocrx_word' id='word_1_222' title='bbox 1666 3057 1711 3110; x_wconf 90' lang='lat' dir='ltr'><strong>si</strong></span> <span class='ocrx_word' id='word_1_223' title='bbox 1754 3056 1873 3109; x_wconf 91' lang='lat' dir='ltr'><strong>illos</strong></span> <span class='ocrx_word' id='word_1_224' title='bbox 1902 3056 2113 3111; x_wconf 80' lang='lat' dir='ltr'><strong>emisis~</strong></span> 
     </span>
    </p>
   </div>
   <div class='ocr_carea' id='block_1_31' title="bbox 529 3146 2101 3217">
    <p class='ocr_par' dir='ltr' id='par_1_31' title="bbox 529 3146 2101 3217">
     <span class='ocr_line' id='line_1_31' title="bbox 529 3146 2101 3217; baseline -0.003 -13"><span class='ocrx_word' id='word_1_225' title='bbox 529 3160 663 3214; x_wconf 88' lang='lat' dir='ltr'><strong>sent,</strong></span> <span class='ocrx_word' id='word_1_226' title='bbox 718 3166 821 3203; x_wconf 91' lang='lat' dir='ltr'><strong>non</strong></span> <span class='ocrx_word' id='word_1_227' title='bbox 855 3150 909 3203; x_wconf 92' lang='lat' dir='ltr'><strong>in</strong></span> <span class='ocrx_word' id='word_1_228' title='bbox 950 3148 1149 3217; x_wconf 88' lang='lat' dir='ltr'><strong>templo</strong></span> <span class='ocrx_word' id='word_1_229' title='bbox 1175 3148 1473 3213; x_wconf 88' lang='lat' dir='ltr'><strong>stetissent,</strong></span> <span class='ocrx_word' id='word_1_230' title='bbox 1503 3146 1599 3202; x_wconf 88' lang='lat' dir='ltr'><strong>sed</strong></span> <span class='ocrx_word' id='word_1_231' title='bbox 1628 3146 1803 3217; x_wconf 85' lang='lat' dir='ltr'><strong>fugam</strong></span> <span class='ocrx_word' id='word_1_232' title='bbox 1832 3147 2101 3210; x_wconf 82' lang='lat' dir='ltr'><strong>fecissent,</strong></span> 
     </span>
    </p>
   </div>
   <div class='ocr_carea' id='block_1_32' title="bbox 531 3237 2113 3311">
    <p class='ocr_par' dir='ltr' id='par_1_32' title="bbox 531 3237 2113 3311">
     <span class='ocr_line' id='line_1_32' title="bbox 531 3237 2113 3311; baseline -0.002 -16"><span class='ocrx_word' id='word_1_233' title='bbox 531 3242 669 3311; x_wconf 85' lang='lat' dir='ltr'><strong>quod</strong></span> <span class='ocrx_word' id='word_1_234' title='bbox 724 3256 879 3295; x_wconf 88' lang='lat' dir='ltr'><strong>nemo</strong></span> <span class='ocrx_word' id='word_1_235' title='bbox 930 3255 1034 3293; x_wconf 88' lang='lat' dir='ltr'><strong>non</strong></span> <span class='ocrx_word' id='word_1_236' title='bbox 1083 3239 1292 3304; x_wconf 86' lang='lat' dir='ltr'><strong>videat,</strong></span> <span class='ocrx_word' id='word_1_237' title='bbox 1341 3239 1444 3292; x_wconf 88' lang='lat' dir='ltr'><strong>nisi</strong></span> <span class='ocrx_word' id='word_1_238' title='bbox 1478 3238 1738 3308; x_wconf 89' lang='lat' dir='ltr'><strong>insipiens</strong></span> <span class='ocrx_word' id='word_1_239' title='bbox 1788 3240 1875 3293; x_wconf 89' lang='lat' dir='ltr'><strong>sit.</strong></span> <span class='ocrx_word' id='word_1_240' title='bbox 1928 3237 2113 3292; x_wconf 86' lang='lat' dir='ltr'><strong>Nonne</strong></span> 
     </span>
    </p>
   </div>
   <div class='ocr_carea' id='block_1_33' title="bbox 532 3329 2113 3401">
    <p class='ocr_par' dir='ltr' id='par_1_33' title="bbox 532 3329 2113 3401">
     <span class='ocr_line' id='line_1_33' title="bbox 532 3329 2113 3401; baseline 0 -17"><span class='ocrx_word' id='word_1_241' title='bbox 532 3331 867 3401; x_wconf 74' lang='lat' dir='ltr'><strong>prazcipiendo</strong></span> <span class='ocrx_word' id='word_1_242' title='bbox 920 3330 1243 3399; x_wconf 65' lang='lat' dir='ltr'><strong>pracepimus</strong></span> <span class='ocrx_word' id='word_1_243' title='bbox 1289 3329 1467 3382; x_wconf 84' lang='lat' dir='ltr'><strong>vobis?</strong></span> <span class='ocrx_word' id='word_1_244' title='bbox 1513 3330 1567 3382; x_wconf 89' lang='lat' dir='ltr'><strong>Si</strong></span> <span class='ocrx_word' id='word_1_245' title='bbox 1620 3330 1804 3398; x_wconf 87' lang='lat' dir='ltr'><strong>utique</strong></span> <span class='ocrx_word' id='word_1_246' title='bbox 1849 3330 1925 3383; x_wconf 91' lang='lat' dir='ltr'><strong>illi</strong></span> <span class='ocrx_word' id='word_1_247' title='bbox 1964 3329 2113 3384; x_wconf 85' lang='lat' dir='ltr'><strong>vobis</strong></span> 
     </span>
    </p>
   </div>
   <div class='ocr_carea' id='block_1_34' title="bbox 533 3416 2116 3491">
    <p class='ocr_par' dir='ltr' id='par_1_34' title="bbox 533 3416 2116 3491">
     <span class='ocr_line' id='line_1_34' title="bbox 533 3416 2116 3491; baseline 0 -18"><span class='ocrx_word' id='word_1_248' title='bbox 533 3420 1041 3491; x_wconf 85' lang='lat' dir='ltr'><strong>obtemperaverint,</strong></span> <span class='ocrx_word' id='word_1_249' title='bbox 1084 3429 1230 3473; x_wconf 85' lang='lat' dir='ltr'><strong>recte</strong></span> <span class='ocrx_word' id='word_1_250' title='bbox 1260 3418 1523 3487; x_wconf 86' lang='lat' dir='ltr'><strong>arguitis;</strong></span> <span class='ocrx_word' id='word_1_251' title='bbox 1578 3416 1661 3472; x_wconf 90' lang='lat' dir='ltr'><strong>sin</strong></span> <span class='ocrx_word' id='word_1_252' title='bbox 1707 3430 1831 3473; x_wconf 91' lang='lat' dir='ltr'><strong>tunc</strong></span> <span class='ocrx_word' id='word_1_253' title='bbox 1880 3420 2116 3473; x_wconf 78' lang='lat' dir='ltr'><strong>dixerint</strong></span> 
     </span>
    </p>
   </div>
   <div class='ocr_carea' id='block_1_35' title="bbox 534 3509 2112 3581">
    <p class='ocr_par' dir='ltr' id='par_1_35' title="bbox 534 3509 2112 3581">
     <span class='ocr_line' id='line_1_35' title="bbox 534 3509 2112 3581; baseline -0.001 -16"><span class='ocrx_word' id='word_1_254' title='bbox 534 3514 683 3569; x_wconf 81' lang='lat' dir='ltr'><strong>vobis</strong></span> <span class='ocrx_word' id='word_1_255' title='bbox 722 3527 780 3566; x_wconf 87' lang='lat' dir='ltr'><strong>se</strong></span> <span class='ocrx_word' id='word_1_256' title='bbox 808 3528 911 3565; x_wconf 91' lang='lat' dir='ltr'><strong>non</strong></span> <span class='ocrx_word' id='word_1_257' title='bbox 941 3512 1408 3579; x_wconf 88' lang='lat' dir='ltr'><strong>obtemperaturos</strong></span> <span class='ocrx_word' id='word_1_258' title='bbox 1439 3524 1581 3575; x_wconf 91' lang='lat' dir='ltr'><strong>esse,</strong></span> <span class='ocrx_word' id='word_1_259' title='bbox 1631 3509 1826 3564; x_wconf 81' lang='lat' dir='ltr'><strong>frustra</strong></span> <span class='ocrx_word' id='word_1_260' title='bbox 1869 3512 2112 3581; x_wconf 88' lang='lat' dir='ltr'><strong>arguitis,</strong></span> 
     </span>
    </p>
   </div>
   <div class='ocr_carea' id='block_1_36' title="bbox 537 3601 2113 3672">
    <p class='ocr_par' dir='ltr' id='par_1_36' title="bbox 537 3601 2113 3672">
     <span class='ocr_line' id='line_1_36' title="bbox 537 3601 2113 3672; baseline 0 -15"><span class='ocrx_word' id='word_1_261' title='bbox 537 3608 728 3659; x_wconf 79' lang='lat' dir='ltr'><strong>frustra</strong></span> <span class='ocrx_word' id='word_1_262' title='bbox 768 3602 1076 3672; x_wconf 72' lang='lat' dir='ltr'><strong>prmcipitis.</strong></span> <span class='ocrx_word' id='word_1_263' title='bbox 1108 3601 1241 3656; x_wconf 74' lang='lat' dir='ltr'><strong>Vide</strong></span> <span class='ocrx_word' id='word_1_264' title='bbox 1270 3602 1554 3656; x_wconf 88' lang='lat' dir='ltr'><strong>criminum</strong></span> <span class='ocrx_word' id='word_1_265' title='bbox 1599 3603 2113 3672; x_wconf 89' lang='lat' dir='ltr'><strong>inconsequentiam,</strong></span> 
     </span>
    </p>
   </div>
   <div class='ocr_carea' id='block_1_37' title="bbox 537 3695 2119 3767">
    <p class='ocr_par' dir='ltr' id='par_1_37' title="bbox 537 3695 2119 3767">
     <span class='ocr_line' id='line_1_37' title="bbox 537 3695 2119 3767; baseline 0.001 -16"><span class='ocrx_word' id='word_1_266' title='bbox 537 3708 591 3751; x_wconf 83' lang='lat' dir='ltr'><strong>et</strong></span> <span class='ocrx_word' id='word_1_267' title='bbox 618 3699 884 3767; x_wconf 81' lang='lat' dir='ltr'><strong>ingentem</strong></span> <span class='ocrx_word' id='word_1_268' title='bbox 916 3695 1215 3749; x_wconf 87' lang='lat' dir='ltr'><strong>stultitiam.</strong></span> <span class='ocrx_word' id='word_1_269' title='bbox 1249 3695 1659 3765; x_wconf 85' lang='lat' dir='ltr'><strong>Sanguinarium</strong></span> <span class='ocrx_word' id='word_1_270' title='bbox 1691 3696 1907 3750; x_wconf 90' lang='lat' dir='ltr'><strong>demum</strong></span> <span class='ocrx_word' id='word_1_271' title='bbox 1934 3699 2119 3752; x_wconf 90' lang='lat' dir='ltr'><strong>volunt</strong></span> 
     </span>
    </p>
   </div>
   <div class='ocr_carea' id='block_1_38' title="bbox 540 3789 2120 3860">
    <p class='ocr_par' dir='ltr' id='par_1_38' title="bbox 540 3789 2120 3860">
     <span class='ocr_line' id='line_1_38' title="bbox 540 3789 2120 3860; baseline 0.001 -15"><span class='ocrx_word' id='word_1_272' title='bbox 540 3790 824 3845; x_wconf 86' lang='lat' dir='ltr'><strong>ostendere</strong></span> <span class='ocrx_word' id='word_1_273' title='bbox 871 3789 1176 3843; x_wconf 69' lang='lat' dir='ltr'><strong>Judmorum</strong></span> <span class='ocrx_word' id='word_1_274' title='bbox 1208 3789 1466 3854; x_wconf 87' lang='lat' dir='ltr'><strong>animum,</strong></span> <span class='ocrx_word' id='word_1_275' title='bbox 1507 3799 1562 3845; x_wconf 88' lang='lat' dir='ltr'><strong>et</strong></span> <span class='ocrx_word' id='word_1_276' title='bbox 1587 3790 1727 3859; x_wconf 87' lang='lat' dir='ltr'><strong>quod</strong></span> <span class='ocrx_word' id='word_1_277' title='bbox 1762 3790 1858 3860; x_wconf 88' lang='lat' dir='ltr'><strong>ipsi</strong></span> <span class='ocrx_word' id='word_1_278' title='bbox 1892 3808 1998 3846; x_wconf 94' lang='lat' dir='ltr'><strong>non</strong></span> <span class='ocrx_word' id='word_1_279' title='bbox 2031 3810 2120 3847; x_wconf 86' lang='lat' dir='ltr'><strong>ve-</strong></span> 
     </span>
    </p>
   </div>
   <div class='ocr_carea' id='block_1_39' title="bbox 540 3881 2120 3950">
    <p class='ocr_par' dir='ltr' id='par_1_39' title="bbox 540 3881 2120 3950">
     <span class='ocr_line' id='line_1_39' title="bbox 540 3881 2120 3950; baseline 0.004 -15"><span class='ocrx_word' id='word_1_280' title='bbox 540 3883 711 3937; x_wconf 84' lang='lat' dir='ltr'><strong>ritatis</strong></span> <span class='ocrx_word' id='word_1_281' title='bbox 736 3897 896 3936; x_wconf 88' lang='lat' dir='ltr'><strong>causa</strong></span> <span class='ocrx_word' id='word_1_282' title='bbox 938 3885 1051 3937; x_wconf 71' lang='lat' dir='ltr'><strong>haec</strong></span> <span class='ocrx_word' id='word_1_283' title='bbox 1094 3890 1270 3950; x_wconf 81' lang='lat' dir='ltr'><strong>agant,</strong></span> <span class='ocrx_word' id='word_1_284' title='bbox 1302 3881 1393 3936; x_wconf 90' lang='lat' dir='ltr'><strong>sed</strong></span> <span class='ocrx_word' id='word_1_285' title='bbox 1429 3895 1485 3935; x_wconf 86' lang='lat' dir='ltr'><strong>ut</strong></span> <span class='ocrx_word' id='word_1_286' title='bbox 1511 3898 1569 3938; x_wconf 88' lang='lat' dir='ltr'><strong>se</strong></span> <span class='ocrx_word' id='word_1_287' title='bbox 1601 3883 1943 3938; x_wconf 89' lang='lat' dir='ltr'><strong>ulciscantur.</strong></span> <span class='ocrx_word' id='word_1_288' title='bbox 1997 3886 2120 3941; x_wconf 89' lang='lat' dir='ltr'><strong>Ideo</strong></span> 
     </span>
    </p>
   </div>
   <div class='ocr_carea' id='block_1_40' title="bbox 541 3976 2119 4046">
    <p class='ocr_par' dir='ltr' id='par_1_40' title="bbox 541 3976 2119 4046">
     <span class='ocr_line' id='line_1_40' title="bbox 541 3976 2119 4046; baseline 0.003 -17"><span class='ocrx_word' id='word_1_289' title='bbox 541 3993 646 4029; x_wconf 92' lang='lat' dir='ltr'><strong>non</strong></span> <span class='ocrx_word' id='word_1_290' title='bbox 698 3976 954 4029; x_wconf 87' lang='lat' dir='ltr'><strong>audacter</strong></span> <span class='ocrx_word' id='word_1_291' title='bbox 1002 3976 1133 4045; x_wconf 83' lang='lat' dir='ltr'><strong>ipsis</strong></span> <span class='ocrx_word' id='word_1_292' title='bbox 1178 3976 1506 4045; x_wconf 90' lang='lat' dir='ltr'><strong>respondent</strong></span> <span class='ocrx_word' id='word_1_293' title='bbox 1553 3978 1826 4046; x_wconf 89' lang='lat' dir='ltr'><strong>apostoli:</strong></span> <span class='ocrx_word' id='word_1_294' title='bbox 1872 3979 2119 4034; x_wconf 86' lang='lat' dir='ltr'><strong>doctores</strong></span> 
     </span>
    </p>
   </div>
   <div class='ocr_carea' id='block_1_41' title="bbox 541 4068 2121 4136">
    <p class='ocr_par' dir='ltr' id='par_1_41' title="bbox 541 4068 2121 4136">
     <span class='ocr_line' id='line_1_41' title="bbox 541 4068 2121 4136; baseline 0.003 -15"><span class='ocrx_word' id='word_1_295' title='bbox 541 4069 683 4121; x_wconf 88' lang='lat' dir='ltr'><strong>enim</strong></span> <span class='ocrx_word' id='word_1_296' title='bbox 715 4078 899 4131; x_wconf 88' lang='lat' dir='ltr'><strong>erant;</strong></span> <span class='ocrx_word' id='word_1_297' title='bbox 941 4069 1042 4122; x_wconf 90' lang='lat' dir='ltr'><strong>etsi</strong></span> <span class='ocrx_word' id='word_1_298' title='bbox 1083 4068 1202 4136; x_wconf 89' lang='lat' dir='ltr'><strong>quis</strong></span> <span class='ocrx_word' id='word_1_299' title='bbox 1244 4083 1364 4122; x_wconf 90' lang='lat' dir='ltr'><strong>cum</strong></span> <span class='ocrx_word' id='word_1_300' title='bbox 1395 4069 1663 4124; x_wconf 86' lang='lat' dir='ltr'><strong>civitatem</strong></span> <span class='ocrx_word' id='word_1_301' title='bbox 1692 4079 1853 4124; x_wconf 88' lang='lat' dir='ltr'><strong>totam</strong></span> <span class='ocrx_word' id='word_1_302' title='bbox 1886 4087 2121 4125; x_wconf 53' lang='lat' dir='ltr'><strong>commoc</strong></span> 
     </span>
    </p>
   </div>
   <div class='ocr_carea' id='block_1_42' title="bbox 542 4161 2123 4235">
    <p class='ocr_par' dir='ltr' id='par_1_42' title="bbox 542 4161 2123 4235">
     <span class='ocr_line' id='line_1_42' title="bbox 542 4161 2123 4235; baseline 0.004 -22"><span class='ocrx_word' id='word_1_303' title='bbox 542 4163 727 4223; x_wconf 83' lang='lat' dir='ltr'><strong>visset,</strong></span> <span class='ocrx_word' id='word_1_304' title='bbox 754 4171 808 4213; x_wconf 89' lang='lat' dir='ltr'><strong>et</strong></span> <span class='ocrx_word' id='word_1_305' title='bbox 834 4170 975 4214; x_wconf 88' lang='lat' dir='ltr'><strong>tanta</strong></span> <span class='ocrx_word' id='word_1_306' title='bbox 1005 4161 1165 4214; x_wconf 89' lang='lat' dir='ltr'><strong>fultus</strong></span> <span class='ocrx_word' id='word_1_307' title='bbox 1190 4173 1331 4215; x_wconf 88' lang='lat' dir='ltr'><strong>esset</strong></span> <span class='ocrx_word' id='word_1_308' title='bbox 1353 4162 1543 4232; x_wconf 81' lang='lat' dir='ltr'><strong>gratia,</strong></span> <span class='ocrx_word' id='word_1_309' title='bbox 1573 4178 1678 4217; x_wconf 91' lang='lat' dir='ltr'><strong>non</strong></span> <span class='ocrx_word' id='word_1_310' title='bbox 1698 4180 1947 4235; x_wconf 87' lang='lat' dir='ltr'><strong>magnum</strong></span> <span class='ocrx_word' id='word_1_311' title='bbox 1970 4166 2123 4235; x_wconf 90' lang='lat' dir='ltr'><strong>quid-</strong></span> 
     </span>
    </p>
   </div>
   <div class='ocr_carea' id='block_1_43' title="bbox 546 4253 2122 4323">
    <p class='ocr_par' dir='ltr' id='par_1_43' title="bbox 546 4253 2122 4323">
     <span class='ocr_line' id='line_1_43' title="bbox 546 4253 2122 4323; baseline 0.006 -19"><span class='ocrx_word' id='word_1_312' title='bbox 546 4253 685 4321; x_wconf 86' lang='lat' dir='ltr'><strong>piam</strong></span> <span class='ocrx_word' id='word_1_313' title='bbox 724 4253 973 4321; x_wconf 88' lang='lat' dir='ltr'><strong>loquutus</strong></span> <span class='ocrx_word' id='word_1_314' title='bbox 1019 4255 1204 4308; x_wconf 85' lang='lat' dir='ltr'><strong>esset?</strong></span> <span class='ocrx_word' id='word_1_315' title='bbox 1255 4258 1323 4308; x_wconf 83' lang='lat' dir='ltr'><strong>At</strong></span> <span class='ocrx_word' id='word_1_316' title='bbox 1364 4270 1466 4308; x_wconf 91' lang='lat' dir='ltr'><strong>non</strong></span> <span class='ocrx_word' id='word_1_317' title='bbox 1502 4254 1551 4308; x_wconf 97' lang='lat' dir='ltr'><strong>id</strong></span> <span class='ocrx_word' id='word_1_318' title='bbox 1581 4255 1821 4311; x_wconf 82' lang='lat' dir='ltr'><strong>fecerunt</strong></span> <span class='ocrx_word' id='word_1_319' title='bbox 1858 4259 1964 4323; x_wconf 89' lang='lat' dir='ltr'><strong>illi;</strong></span> <span class='ocrx_word' id='word_1_320' title='bbox 2017 4276 2122 4314; x_wconf 91' lang='lat' dir='ltr'><strong>non</strong></span> 
     </span>
    </p>
   </div>
   <div class='ocr_carea' id='block_1_44' title="bbox 546 4345 2123 4421">
    <p class='ocr_par' dir='ltr' id='par_1_44' title="bbox 546 4345 2123 4421">
     <span class='ocr_line' id='line_1_44' title="bbox 546 4345 2123 4421; baseline 0.004 -22"><span class='ocrx_word' id='word_1_321' title='bbox 546 4346 689 4399; x_wconf 84' lang='lat' dir='ltr'><strong>enim</strong></span> <span class='ocrx_word' id='word_1_322' title='bbox 713 4346 1097 4411; x_wconf 84' lang='lat' dir='ltr'><strong>irascebantur,</strong></span> <span class='ocrx_word' id='word_1_323' title='bbox 1132 4345 1227 4399; x_wconf 87' lang='lat' dir='ltr'><strong>sed</strong></span> <span class='ocrx_word' id='word_1_324' title='bbox 1263 4346 1649 4401; x_wconf 87' lang='lat' dir='ltr'><strong>miserabantur</strong></span> <span class='ocrx_word' id='word_1_325' title='bbox 1675 4360 1726 4402; x_wconf 92' lang='lat' dir='ltr'><strong>et</strong></span> <span class='ocrx_word' id='word_1_326' title='bbox 1754 4351 2123 4421; x_wconf 85' lang='lat' dir='ltr'><strong>lacrymaban-</strong></span> 
     </span>
    </p>
   </div>
   <div class='ocr_carea' id='block_1_45' title="bbox 547 4436 2126 4507">
    <p class='ocr_par' dir='ltr' id='par_1_45' title="bbox 547 4436 2126 4507">
     <span class='ocr_line' id='line_1_45' title="bbox 547 4436 2126 4507; baseline 0.003 -15"><span class='ocrx_word' id='word_1_327' title='bbox 547 4450 635 4492; x_wconf 85' lang='lat' dir='ltr'><strong>tur</strong></span> <span class='ocrx_word' id='word_1_328' title='bbox 662 4440 801 4502; x_wconf 82' lang='lat' dir='ltr'><strong>illos,</strong></span> <span class='ocrx_word' id='word_1_329' title='bbox 832 4446 887 4491; x_wconf 91' lang='lat' dir='ltr'><strong>et</strong></span> <span class='ocrx_word' id='word_1_330' title='bbox 913 4436 1303 4498; x_wconf 85' lang='lat' dir='ltr'><strong>deliberabant,</strong></span> <span class='ocrx_word' id='word_1_331' title='bbox 1332 4438 1599 4507; x_wconf 71' lang='lat' dir='ltr'><strong>QUOIIIOdO</strong></span> <span class='ocrx_word' id='word_1_332' title='bbox 1630 4440 1746 4493; x_wconf 85' lang='lat' dir='ltr'><strong>illos</strong></span> <span class='ocrx_word' id='word_1_333' title='bbox 1770 4441 1837 4493; x_wconf 91' lang='lat' dir='ltr'><strong>ab</strong></span> <span class='ocrx_word' id='word_1_334' title='bbox 1865 4456 2045 4495; x_wconf 90' lang='lat' dir='ltr'><strong>errore</strong></span> <span class='ocrx_word' id='word_1_335' title='bbox 2072 4454 2126 4497; x_wconf 89' lang='lat' dir='ltr'><strong>ct</strong></span> 
     </span>
    </p>
   </div>
   <div class='ocr_carea' id='block_1_46' title="bbox 548 4527 2126 4603">
    <p class='ocr_par' dir='ltr' id='par_1_46' title="bbox 548 4527 2126 4603">
     <span class='ocr_line' id='line_1_46' title="bbox 548 4527 2126 4603; baseline 0.003 -19"><span class='ocrx_word' id='word_1_336' title='bbox 548 4532 624 4584; x_wconf 91' lang='lat' dir='ltr'><strong>ira</strong></span> <span class='ocrx_word' id='word_1_337' title='bbox 657 4537 986 4583; x_wconf 88' lang='lat' dir='ltr'><strong>revocarent.</strong></span> <span class='ocrx_word' id='word_1_338' title='bbox 1021 4527 1135 4581; x_wconf 90' lang='lat' dir='ltr'><strong>Non</strong></span> <span class='ocrx_word' id='word_1_339' title='bbox 1175 4529 1311 4583; x_wconf 89' lang='lat' dir='ltr'><strong>ultra</strong></span> <span class='ocrx_word' id='word_1_340' title='bbox 1330 4529 1539 4603; x_wconf 23' lang='lat' dir='ltr'><strong>“dicunt</strong></span> <span class='ocrx_word' id='word_1_341' title='bbox 1570 4531 1692 4593; x_wconf 91' lang='lat' dir='ltr'><strong>illis,</strong></span> <span class='ocrx_word' id='word_1_342' title='bbox 1742 4531 1841 4586; x_wconf 86' lang='lat' dir='ltr'><strong>Vos</strong></span> <span class='ocrx_word' id='word_1_343' title='bbox 1864 4534 2126 4603; x_wconf 85' lang='lat' dir='ltr'><strong>judicate;</strong></span> 
     </span>
    </p>
   </div>
   <div class='ocr_carea' id='block_1_47' title="bbox 548 4621 2126 4695">
    <p class='ocr_par' dir='ltr' id='par_1_47' title="bbox 548 4621 2126 4695">
     <span class='ocr_line' id='line_1_47' title="bbox 548 4621 2126 4695; baseline 0.004 -19"><span class='ocrx_word' id='word_1_344' title='bbox 548 4625 643 4678; x_wconf 69' lang='lat' dir='ltr'><strong>sed</strong></span> <span class='ocrx_word' id='word_1_345' title='bbox 700 4625 767 4675; x_wconf 87' lang='lat' dir='ltr'><strong>ita</strong></span> <span class='ocrx_word' id='word_1_346' title='bbox 815 4623 1136 4676; x_wconf 84' lang='lat' dir='ltr'><strong>sententiain</strong></span> <span class='ocrx_word' id='word_1_347' title='bbox 1189 4621 1388 4688; x_wconf 86' lang='lat' dir='ltr'><strong>ferunt,</strong></span> <span class='ocrx_word' id='word_1_348' title='bbox 1445 4623 1607 4689; x_wconf 83' lang='lat' dir='ltr'><strong>Quem</strong></span> <span class='ocrx_word' id='word_1_349' title='bbox 1649 4624 1784 4680; x_wconf 87' lang='lat' dir='ltr'><strong>Deus</strong></span> <span class='ocrx_word' id='word_1_350' title='bbox 1835 4629 2126 4695; x_wconf 84' lang='lat' dir='ltr'><strong>suscitavit;</strong></span> 
     </span>
    </p>
   </div>
   <div class='ocr_carea' id='block_1_48' title="bbox 547 4714 2123 4781">
    <p class='ocr_par' dir='ltr' id='par_1_48' title="bbox 547 4714 2123 4781">
     <span class='ocr_line' id='line_1_48' title="bbox 547 4714 2123 4781; baseline 0.003 -11"><span class='ocrx_word' id='word_1_351' title='bbox 547 4717 672 4771; x_wconf 86' lang='lat' dir='ltr'><strong>hinc</strong></span> <span class='ocrx_word' id='word_1_352' title='bbox 702 4715 1057 4781; x_wconf 83' lang='lat' dir='ltr'><strong>declarantes,</strong></span> <span class='ocrx_word' id='word_1_353' title='bbox 1114 4714 1228 4769; x_wconf 81' lang='lat' dir='ltr'><strong>haec</strong></span> <span class='ocrx_word' id='word_1_354' title='bbox 1274 4731 1340 4770; x_wconf 87' lang='lat' dir='ltr'><strong>ex</strong></span> <span class='ocrx_word' id='word_1_355' title='bbox 1385 4718 1648 4771; x_wconf 88' lang='lat' dir='ltr'><strong>sententia</strong></span> <span class='ocrx_word' id='word_1_356' title='bbox 1692 4720 1785 4775; x_wconf 92' lang='lat' dir='ltr'><strong>Dei</strong></span> <span class='ocrx_word' id='word_1_357' title='bbox 1825 4719 1958 4775; x_wconf 89' lang='lat' dir='ltr'><strong>facta</strong></span> <span class='ocrx_word' id='word_1_358' title='bbox 1985 4738 2123 4777; x_wconf 88' lang='lat' dir='ltr'><strong>esse.</strong></span> 
     </span>
    </p>
   </div>
   <div class='ocr_carea' id='block_1_49' title="bbox 545 4806 2129 4881">
    <p class='ocr_par' dir='ltr' id='par_1_49' title="bbox 545 4806 2129 4881">
     <span class='ocr_line' id='line_1_49' title="bbox 545 4806 2129 4881; baseline 0.003 -19"><span class='ocrx_word' id='word_1_359' title='bbox 545 4808 661 4863; x_wconf 91' lang='lat' dir='ltr'><strong>Non</strong></span> <span class='ocrx_word' id='word_1_360' title='bbox 684 4808 935 4862; x_wconf 79' lang='lat' dir='ltr'><strong>dixerunt</strong></span> <span class='ocrx_word' id='word_1_361' title='bbox 965 4824 977 4859; x_wconf 89' lang='lat'><strong>:</strong></span> <span class='ocrx_word' id='word_1_362' title='bbox 1004 4808 1196 4859; x_wconf 85' lang='lat' dir='ltr'><strong>Annon</strong></span> <span class='ocrx_word' id='word_1_363' title='bbox 1222 4814 1347 4860; x_wconf 89' lang='lat' dir='ltr'><strong>tunc</strong></span> <span class='ocrx_word' id='word_1_364' title='bbox 1371 4806 1608 4862; x_wconf 81' lang='lat' dir='ltr'><strong>diximus</strong></span> <span class='ocrx_word' id='word_1_365' title='bbox 1642 4810 1789 4863; x_wconf 84' lang='lat' dir='ltr'><strong>vobis</strong></span> <span class='ocrx_word' id='word_1_366' title='bbox 1821 4827 1835 4859; x_wconf 90' lang='lat'><strong>:</strong></span> <span class='ocrx_word' id='word_1_367' title='bbox 1863 4810 1981 4864; x_wconf 79' lang='lat' dir='ltr'><strong>Non</strong></span> <span class='ocrx_word' id='word_1_368' title='bbox 2011 4830 2129 4881; x_wconf 89' lang='lat' dir='ltr'><strong>pos-</strong></span> 
     </span>
    </p>
   </div>
   <div class='ocr_carea' id='block_1_50' title="bbox 544 4898 2126 4973">
    <p class='ocr_par' dir='ltr' id='par_1_50' title="bbox 544 4898 2126 4973">
     <span class='ocr_line' id='line_1_50' title="bbox 544 4898 2126 4973; baseline 0.003 -19"><span class='ocrx_word' id='word_1_369' title='bbox 544 4917 738 4963; x_wconf 84' lang='lat' dir='ltr'><strong>sumus,</strong></span> <span class='ocrx_word' id='word_1_370' title='bbox 768 4915 881 4967; x_wconf 71' lang='lat' dir='ltr'><strong>qua:</strong></span> <span class='ocrx_word' id='word_1_371' title='bbox 909 4898 1125 4952; x_wconf 78' lang='lat' dir='ltr'><strong>vidimus</strong></span> <span class='ocrx_word' id='word_1_372' title='bbox 1149 4908 1195 4951; x_wconf 88' lang='lat' dir='ltr'><strong>et</strong></span> <span class='ocrx_word' id='word_1_373' title='bbox 1224 4899 1531 4966; x_wconf 85' lang='lat' dir='ltr'><strong>audivimus,</strong></span> <span class='ocrx_word' id='word_1_374' title='bbox 1585 4917 1687 4954; x_wconf 88' lang='lat' dir='ltr'><strong>non</strong></span> <span class='ocrx_word' id='word_1_375' title='bbox 1728 4902 1865 4972; x_wconf 84' lang='lat' dir='ltr'><strong>loqui</strong></span> <span class='ocrx_word' id='word_1_376' title='bbox 1911 4904 2045 4973; x_wconf 83' lang='lat' dir='ltr'><strong>(Act.</strong></span> <span class='ocrx_word' id='word_1_377' title='bbox 2071 4906 2126 4959; x_wconf 72' lang='grc'><strong>4.</strong></span> 
     </span>
    </p>
   </div>
   <div class='ocr_carea' id='block_1_51' title="bbox 546 4992 2127 5061">
    <p class='ocr_par' dir='ltr' id='par_1_51' title="bbox 546 4992 2127 5061">
     <span class='ocr_line' id='line_1_51' title="bbox 546 4992 2127 5061; baseline 0.004 -15"><span class='ocrx_word' id='word_1_378' title='bbox 546 4994 684 5061; x_wconf 60' lang='lat'><strong>10)?</strong></span> <span class='ocrx_word' id='word_1_379' title='bbox 724 5009 827 5047; x_wconf 92' lang='lat' dir='ltr'><strong>non</strong></span> <span class='ocrx_word' id='word_1_380' title='bbox 856 4994 999 5047; x_wconf 89' lang='lat' dir='ltr'><strong>enim</strong></span> <span class='ocrx_word' id='word_1_381' title='bbox 1032 4992 1355 5046; x_wconf 75' lang='lat' dir='ltr'><strong>contentiosi</strong></span> <span class='ocrx_word' id='word_1_382' title='bbox 1380 5002 1567 5056; x_wconf 89' lang='lat' dir='ltr'><strong>erant;</strong></span> <span class='ocrx_word' id='word_1_383' title='bbox 1601 4992 1693 5047; x_wconf 88' lang='lat' dir='ltr'><strong>sed</strong></span> <span class='ocrx_word' id='word_1_384' title='bbox 1724 5010 1905 5049; x_wconf 89' lang='lat' dir='ltr'><strong>rursus</strong></span> <span class='ocrx_word' id='word_1_385' title='bbox 1941 4996 2127 5052; x_wconf 88' lang='lat' dir='ltr'><strong>eadem</strong></span> 
     </span>
    </p>
   </div>
   <div class='ocr_carea' id='block_1_52' title="bbox 554 5083 2128 5154">
    <p class='ocr_par' dir='ltr' id='par_1_52' title="bbox 554 5083 2128 5154">
     <span class='ocr_line' id='line_1_52' title="bbox 554 5083 2128 5154; baseline 0.003 -17"><span class='ocrx_word' id='word_1_386' title='bbox 554 5092 758 5146; x_wconf 79' lang='lat' dir='ltr'><strong>dicunt,</strong></span> <span class='ocrx_word' id='word_1_387' title='bbox 784 5098 999 5137; x_wconf 85' lang='lat' dir='ltr'><strong>erucem</strong></span> <span class='ocrx_word' id='word_1_388' title='bbox 1031 5097 1243 5150; x_wconf 89' lang='lat' dir='ltr'><strong>nempe,</strong></span> <span class='ocrx_word' id='word_1_389' title='bbox 1272 5083 1741 5137; x_wconf 83' lang='lat' dir='ltr'><strong>resurrectionem.</strong></span> <span class='ocrx_word' id='word_1_390' title='bbox 1782 5083 1963 5154; x_wconf 85' lang='lat' dir='ltr'><strong>Neque</strong></span> <span class='ocrx_word' id='word_1_391' title='bbox 1990 5088 2128 5141; x_wconf 87' lang='lat' dir='ltr'><strong>refe-</strong></span> 
     </span>
    </p>
   </div>
   <div class='ocr_carea' id='block_1_53' title="bbox 550 5173 2126 5242">
    <p class='ocr_par' dir='ltr' id='par_1_53' title="bbox 550 5173 2126 5242">
     <span class='ocr_line' id='line_1_53' title="bbox 550 5173 2126 5242; baseline 0.002 -13"><span class='ocrx_word' id='word_1_392' title='bbox 550 5185 675 5229; x_wconf 91' lang='lat' dir='ltr'><strong>runt</strong></span> <span class='ocrx_word' id='word_1_393' title='bbox 701 5190 816 5238; x_wconf 89' lang='lat' dir='ltr'><strong>cur,</strong></span> <span class='ocrx_word' id='word_1_394' title='bbox 840 5188 938 5227; x_wconf 92' lang='lat' dir='ltr'><strong>nec</strong></span> <span class='ocrx_word' id='word_1_395' title='bbox 973 5173 1114 5241; x_wconf 90' lang='lat' dir='ltr'><strong>quod</strong></span> <span class='ocrx_word' id='word_1_396' title='bbox 1142 5187 1240 5242; x_wconf 89' lang='lat' dir='ltr'><strong>pro</strong></span> <span class='ocrx_word' id='word_1_397' title='bbox 1268 5174 1425 5229; x_wconf 91' lang='lat' dir='ltr'><strong>nobis</strong></span> <span class='ocrx_word' id='word_1_398' title='bbox 1445 5174 1730 5229; x_wconf 82' lang='lat' dir='ltr'><strong>crucifixus</strong></span> <span class='ocrx_word' id='word_1_399' title='bbox 1755 5178 1855 5241; x_wconf 92' lang='lat' dir='ltr'><strong>sit;</strong></span> <span class='ocrx_word' id='word_1_400' title='bbox 1886 5178 1978 5232; x_wconf 89' lang='lat' dir='ltr'><strong>sed</strong></span> <span class='ocrx_word' id='word_1_401' title='bbox 2000 5178 2126 5233; x_wconf 91' lang='lat' dir='ltr'><strong>sub-</strong></span> 
     </span>
    </p>
   </div>
   <div class='ocr_carea' id='block_1_54' title="bbox 508 5264 2127 5356">
    <p class='ocr_par' dir='ltr' id='par_1_54' title="bbox 508 5264 2127 5356">
     <span class='ocr_line' id='line_1_54' title="bbox 508 5264 2127 5356; baseline 0.001 -35"><span class='ocrx_word' id='word_1_402' title='bbox 508 5305 517 5356; x_wconf 60' lang='lat'><strong>,</strong></span> <span class='ocrx_word' id='word_1_403' title='bbox 553 5267 792 5322; x_wconf 86' lang='lat' dir='ltr'><strong>indicant</strong></span> <span class='ocrx_word' id='word_1_404' title='bbox 820 5264 1056 5335; x_wconf 89' lang='lat' dir='ltr'><strong>quidem,</strong></span> <span class='ocrx_word' id='word_1_405' title='bbox 1100 5279 1199 5319; x_wconf 90' lang='lat' dir='ltr'><strong>nec</strong></span> <span class='ocrx_word' id='word_1_406' title='bbox 1243 5266 1523 5321; x_wconf 81' lang='lat' dir='ltr'><strong>manifeste</strong></span> <span class='ocrx_word' id='word_1_407' title='bbox 1570 5266 1875 5337; x_wconf 90' lang='lat' dir='ltr'><strong>loquuntur,</strong></span> <span class='ocrx_word' id='word_1_408' title='bbox 1914 5280 1968 5323; x_wconf 91' lang='lat' dir='ltr'><strong>ut</strong></span> <span class='ocrx_word' id='word_1_409' title='bbox 2010 5270 2127 5325; x_wconf 85' lang='lat' dir='ltr'><strong>illos</strong></span> 
     </span>
    </p>
   </div>
   <div class='ocr_carea' id='block_1_55' title="bbox 506 5357 2124 5425">
    <p class='ocr_par' dir='ltr' id='par_1_55' title="bbox 506 5357 2124 5425">
     <span class='ocr_line' id='line_1_55' title="bbox 506 5357 2124 5425; baseline 0.004 -13"><span class='ocrx_word' id='word_1_410' title='bbox 506 5357 512 5425; x_wconf 60' lang='grc' dir='ltr'>ζ</span> <span class='ocrx_word' id='word_1_411' title='bbox 554 5359 764 5413; x_wconf 86' lang='lat' dir='ltr'><strong>interim</strong></span> <span class='ocrx_word' id='word_1_412' title='bbox 804 5357 1132 5410; x_wconf 87' lang='lat' dir='ltr'><strong>deterreant.</strong></span> <span class='ocrx_word' id='word_1_413' title='bbox 1179 5357 1433 5423; x_wconf 77' lang='lat' dir='ltr'><strong>Qtnenam</strong></span> <span class='ocrx_word' id='word_1_414' title='bbox 1466 5360 1552 5413; x_wconf 90' lang='lat' dir='ltr'><strong>hic</strong></span> <span class='ocrx_word' id='word_1_415' title='bbox 1581 5360 1889 5416; x_wconf 84' lang='lat' dir='ltr'><strong>rhetorica?</strong></span> <span class='ocrx_word' id='word_1_416' title='bbox 1931 5364 2080 5418; x_wconf 85' lang='lat' dir='ltr'><strong>Nulla</strong></span> <span class='ocrx_word' id='word_1_417' title='bbox 2112 5384 2124 5419; x_wconf 93' lang='lat'><strong>:</strong></span> 
     </span>
    </p>
   </div>
   <div class='ocr_carea' id='block_1_56' title="bbox 506 5438 2129 5525">
    <p class='ocr_par' dir='ltr' id='par_1_56' title="bbox 506 5438 2129 5525">
     <span class='ocr_line' id='line_1_56' title="bbox 506 5438 2129 5525; baseline 0.001 -16"><span class='ocrx_word' id='word_1_418' title='bbox 506 5438 513 5509; x_wconf 53' lang='grc' dir='ltr'><strong>ἶ</strong></span> <span class='ocrx_word' id='word_1_419' title='bbox 554 5455 626 5507; x_wconf 88' lang='lat' dir='ltr'><strong>ita</strong></span> <span class='ocrx_word' id='word_1_420' title='bbox 657 5453 775 5506; x_wconf 84' lang='lat' dir='ltr'><strong>sine</strong></span> <span class='ocrx_word' id='word_1_421' title='bbox 810 5464 1070 5520; x_wconf 87' lang='lat' dir='ltr'><strong>apparatu</strong></span> <span class='ocrx_word' id='word_1_422' title='bbox 1099 5454 1435 5522; x_wconf 83' lang='lat' dir='ltr'><strong>evangelium</strong></span> <span class='ocrx_word' id='word_1_423' title='bbox 1465 5456 1587 5509; x_wconf 70' lang='lat' dir='ltr'><strong>vitae</strong></span> <span class='ocrx_word' id='word_1_424' title='bbox 1619 5457 1997 5525; x_wconf 69' lang='lat' dir='ltr'><strong>praedicabant.</strong></span> <span class='ocrx_word' id='word_1_425' title='bbox 2032 5457 2129 5513; x_wconf 89' lang='lat' dir='ltr'><strong>Ubi</strong></span> 
     </span>
    </p>
   </div>
   <div class='ocr_carea' id='block_1_57' title="bbox 550 5542 2129 5613">
    <p class='ocr_par' dir='ltr' id='par_1_57' title="bbox 550 5542 2129 5613">
     <span class='ocr_line' id='line_1_57' title="bbox 550 5542 2129 5613; baseline 0.003 -14"><span class='ocrx_word' id='word_1_426' title='bbox 550 5546 704 5607; x_wconf 80' lang='lat' dir='ltr'><strong>dixit,</strong></span> <span class='ocrx_word' id='word_1_427' title='bbox 737 5542 1024 5608; x_wconf 78' lang='lat' dir='ltr'><strong>Exaltavit,</strong></span> <span class='ocrx_word' id='word_1_428' title='bbox 1056 5543 1278 5608; x_wconf 88' lang='lat' dir='ltr'><strong>addidit,</strong></span> <span class='ocrx_word' id='word_1_429' title='bbox 1313 5560 1413 5613; x_wconf 90' lang='lat' dir='ltr'><strong>qua</strong></span> <span class='ocrx_word' id='word_1_430' title='bbox 1457 5546 1525 5600; x_wconf 87' lang='lat' dir='ltr'><strong>de</strong></span> <span class='ocrx_word' id='word_1_431' title='bbox 1565 5562 1720 5601; x_wconf 90' lang='lat' dir='ltr'><strong>causa</strong></span> <span class='ocrx_word' id='word_1_432' title='bbox 1754 5567 1768 5603; x_wconf 89' lang='lat'>:</span> <span class='ocrx_word' id='word_1_433' title='bbox 1796 5549 1877 5602; x_wconf 87' lang='lat' dir='ltr'><strong>Ad</strong></span> <span class='ocrx_word' id='word_1_434' title='bbox 1908 5550 2129 5605; x_wconf 85' lang='lat' dir='ltr'><strong>dandam</strong></span> 
     </span>
    </p>
   </div>
   <div class='ocr_carea' id='block_1_58' title="bbox 554 5633 2125 5710">
    <p class='ocr_par' dir='ltr' id='par_1_58' title="bbox 554 5633 2125 5710">
     <span class='ocr_line' id='line_1_58' title="bbox 554 5633 2125 5710; baseline 0.006 -23"><span class='ocrx_word' id='word_1_435' title='bbox 554 5636 895 5705; x_wconf 66' lang='lat' dir='ltr'><strong>paenitentiam</strong></span> <span class='ocrx_word' id='word_1_436' title='bbox 945 5633 1130 5693; x_wconf 55' lang='lat' dir='ltr'><strong>Is’cli</strong></span> <span class='ocrx_word' id='word_1_437' title='bbox 1156 5676 1170 5699; x_wconf 95' lang='lat'><strong>,</strong></span> <span class='ocrx_word' id='word_1_438' title='bbox 1248 5646 1293 5689; x_wconf 88' lang='lat' dir='ltr'><strong>et</strong></span> <span class='ocrx_word' id='word_1_439' title='bbox 1374 5638 1715 5693; x_wconf 86' lang='lat' dir='ltr'><strong>remissionem</strong></span> <span class='ocrx_word' id='word_1_440' title='bbox 1789 5652 2125 5710; x_wconf 81' lang='lat' dir='ltr'><strong>peccatorum.</strong></span> 
     </span>
    </p>
   </div>
   <div class='ocr_carea' id='block_1_59' title="bbox 555 5727 2126 5796">
    <p class='ocr_par' dir='ltr' id='par_1_59' title="bbox 555 5727 2126 5796">
     <span class='ocr_line' id='line_1_59' title="bbox 555 5727 2126 5796; baseline 0.01 -23"><span class='ocrx_word' id='word_1_441' title='bbox 555 5729 623 5781; x_wconf 77' lang='lat' dir='ltr'><strong>At</strong></span> <span class='ocrx_word' id='word_1_442' title='bbox 676 5728 890 5793; x_wconf 74' lang='lat' dir='ltr'><strong>dicent,</strong></span> <span class='ocrx_word' id='word_1_443' title='bbox 946 5727 1069 5782; x_wconf 65' lang='lat' dir='ltr'><strong>llmc</strong></span> <span class='ocrx_word' id='word_1_444' title='bbox 1124 5736 1248 5782; x_wconf 87' lang='lat' dir='ltr'><strong>tunc</strong></span> <span class='ocrx_word' id='word_1_445' title='bbox 1295 5728 1591 5796; x_wconf 82' lang='lat' dir='ltr'><strong>probabilia</strong></span> <span class='ocrx_word' id='word_1_446' title='bbox 1636 5744 1739 5782; x_wconf 87' lang='lat' dir='ltr'><strong>non</strong></span> <span class='ocrx_word' id='word_1_447' title='bbox 1797 5732 2126 5788; x_wconf 78' lang='lat' dir='ltr'><strong>videbantur.</strong></span> 
     </span>
    </p>
   </div>
   <div class='ocr_carea' id='block_1_60' title="bbox 556 5818 2123 5894">
    <p class='ocr_par' dir='ltr' id='par_1_60' title="bbox 556 5818 2123 5894">
     <span class='ocr_line' id='line_1_60' title="bbox 556 5818 2123 5894; baseline 0.006 -23"><span class='ocrx_word' id='word_1_448' title='bbox 556 5822 690 5886; x_wconf 79' lang='lat' dir='ltr'><strong>Quid</strong></span> <span class='ocrx_word' id='word_1_449' title='bbox 739 5820 917 5873; x_wconf 87' lang='lat' dir='ltr'><strong>dicis?</strong></span> <span class='ocrx_word' id='word_1_450' title='bbox 954 5821 1220 5889; x_wconf 84' lang='lat' dir='ltr'><strong>quomodo</strong></span> <span class='ocrx_word' id='word_1_451' title='bbox 1265 5838 1367 5875; x_wconf 88' lang='lat' dir='ltr'><strong>non</strong></span> <span class='ocrx_word' id='word_1_452' title='bbox 1419 5818 1709 5887; x_wconf 84' lang='lat' dir='ltr'><strong>probabilia</strong></span> <span class='ocrx_word' id='word_1_453' title='bbox 1756 5822 1881 5888; x_wconf 89' lang='lat' dir='ltr'><strong>illa,</strong></span> <span class='ocrx_word' id='word_1_454' title='bbox 1934 5826 2123 5894; x_wconf 85' lang='lat' dir='ltr'><strong>quibus</strong></span> 
     </span>
    </p>
   </div>
   <div class='ocr_carea' id='block_1_61' title="bbox 1213 362 3015 425">
    <p class='ocr_par' dir='ltr' id='par_1_61' title="bbox 1213 362 3015 425">
     <span class='ocr_line' id='line_1_61' title="bbox 1213 362 3015 425; baseline 0.004 -8"><span class='ocrx_word' id='word_1_455' title='bbox 1213 363 1266 418; x_wconf 91' lang='lat' dir='ltr'><strong>S.</strong></span> <span class='ocrx_word' id='word_1_456' title='bbox 1307 362 1582 419; x_wconf 77' lang='lat' dir='ltr'><strong>JUANNIS</strong></span> <span class='ocrx_word' id='word_1_457' title='bbox 1617 362 2093 420; x_wconf 80' lang='lat' dir='ltr'><strong>CHRYSOSTOMI</strong></span> <span class='ocrx_word' id='word_1_458' title='bbox 2131 364 2450 425; x_wconf 72' lang='lat' dir='ltr'><strong>ARCHIEP.</strong></span> <span class='ocrx_word' id='word_1_459' title='bbox 2490 366 3015 425; x_wconf 79' lang='lat' dir='ltr'><strong>CONSTANTINOP.</strong></span> 
     </span>
    </p>
   </div>
   <div class='ocr_carea' id='block_1_62' title="bbox 2171 4682 2184 4689">
    <p class='ocr_par' dir='ltr' id='par_1_62' title="bbox 2171 4682 2184 4689">
     <span class='ocr_line' id='line_1_62' title="bbox 2171 4682 2184 4689; baseline 0 0"><span class='ocrx_word' id='word_1_460' title='bbox 2171 4682 2184 4689; x_wconf 63' lang='grc' dir='ltr'><strong>ι</strong></span> 
     </span>
    </p>
   </div>
   <div class='ocr_carea' id='block_1_63' title="bbox 3684 373 3783 427">
    <p class='ocr_par' dir='ltr' id='par_1_63' title="bbox 3684 373 3783 427">
     <span class='ocr_line' id='line_1_63' title="bbox 3684 373 3783 427; baseline -0.02 -1"><span class='ocrx_word' id='word_1_461' title='bbox 3684 373 3783 427; x_wconf 67' lang='grc' dir='ltr'><strong>ωε</strong></span> 
     </span>
    </p>
   </div>
   <div class='ocr_carea' id='block_1_64' title="bbox 2201 480 3778 556">
    <p class='ocr_par' dir='ltr' id='par_1_64' title="bbox 2201 480 3778 556">
     <span class='ocr_line' id='line_1_64' title="bbox 2201 480 3778 556; baseline 0.003 -22"><span class='ocrx_word' id='word_1_462' title='bbox 2201 496 2303 536; x_wconf 90' lang='lat' dir='ltr'><strong>nec</strong></span> <span class='ocrx_word' id='word_1_463' title='bbox 2350 480 2614 551; x_wconf 89' lang='lat' dir='ltr'><strong>principes</strong></span> <span class='ocrx_word' id='word_1_464' title='bbox 2662 497 2760 536; x_wconf 87' lang='lat' dir='ltr'><strong>nec</strong></span> <span class='ocrx_word' id='word_1_465' title='bbox 2799 484 3078 537; x_wconf 82' lang='lat' dir='ltr'><strong>multitudo</strong></span> <span class='ocrx_word' id='word_1_466' title='bbox 3106 484 3473 541; x_wconf 85' lang='lat' dir='ltr'><strong>contradicere</strong></span> <span class='ocrx_word' id='word_1_467' title='bbox 3516 497 3778 556; x_wconf 81' lang='lat' dir='ltr'><strong>poterant,</strong></span> 
     </span>
    </p>
   </div>
   <div class='ocr_carea' id='block_1_65' title="bbox 2201 572 3783 645">
    <p class='ocr_par' dir='ltr' id='par_1_65' title="bbox 2201 572 3783 645">
     <span class='ocr_line' id='line_1_65' title="bbox 2201 572 3783 645; baseline 0.006 -20"><span class='ocrx_word' id='word_1_468' title='bbox 2201 572 2295 626; x_wconf 89' lang='lat' dir='ltr'><strong>sed</strong></span> <span class='ocrx_word' id='word_1_469' title='bbox 2343 573 2571 627; x_wconf 90' lang='lat' dir='ltr'><strong>aliorum</strong></span> <span class='ocrx_word' id='word_1_470' title='bbox 2614 575 2827 643; x_wconf 88' lang='lat' dir='ltr'><strong>quidem</strong></span> <span class='ocrx_word' id='word_1_471' title='bbox 2858 592 2950 629; x_wconf 89' lang='lat' dir='ltr'><strong>ora</strong></span> <span class='ocrx_word' id='word_1_472' title='bbox 2998 578 3418 645; x_wconf 77' lang='lat' dir='ltr'><strong>obturabantur,</strong></span> <span class='ocrx_word' id='word_1_473' title='bbox 3464 580 3551 633; x_wconf 84' lang='lat' dir='ltr'><strong>alii</strong></span> <span class='ocrx_word' id='word_1_474' title='bbox 3609 586 3783 634; x_wconf 85' lang='lat' dir='ltr'><strong>autem</strong></span> 
     </span>
    </p>
   </div>
   <div class='ocr_carea' id='block_1_66' title="bbox 2200 667 3785 741">
    <p class='ocr_par' dir='ltr' id='par_1_66' title="bbox 2200 667 3785 741">
     <span class='ocr_line' id='line_1_66' title="bbox 2200 667 3785 741; baseline 0.003 -22"><span class='ocrx_word' id='word_1_475' title='bbox 2200 667 2560 721; x_wconf 85' lang='lat' dir='ltr'><strong>docebantur?</strong></span> <span class='ocrx_word' id='word_1_476' title='bbox 2590 668 2653 721; x_wconf 85' lang='lat' dir='ltr'><strong>Et</strong></span> <span class='ocrx_word' id='word_1_477' title='bbox 2676 686 2766 722; x_wconf 85' lang='lat' dir='ltr'><strong>nos</strong></span> <span class='ocrx_word' id='word_1_478' title='bbox 2787 687 2979 732; x_wconf 87' lang='lat' dir='ltr'><strong>sumus,</strong></span> <span class='ocrx_word' id='word_1_479' title='bbox 3012 670 3203 741; x_wconf 87' lang='lat' dir='ltr'><strong>inquit,</strong></span> <span class='ocrx_word' id='word_1_480' title='bbox 3231 682 3376 726; x_wconf 86' lang='lat' dir='ltr'><strong>testes</strong></span> <span class='ocrx_word' id='word_1_481' title='bbox 3404 674 3583 725; x_wconf 83' lang='lat' dir='ltr'><strong>horum</strong></span> <span class='ocrx_word' id='word_1_482' title='bbox 3610 676 3785 724; x_wconf 78' lang='lat' dir='ltr'><strong>verbo-</strong></span> 
     </span>
    </p>
   </div>
   <div class='ocr_carea' id='block_1_67' title="bbox 2201 759 3784 833">
    <p class='ocr_par' dir='ltr' id='par_1_67' title="bbox 2201 759 3784 833">
     <span class='ocr_line' id='line_1_67' title="bbox 2201 759 3784 833; baseline 0.004 -25"><span class='ocrx_word' id='word_1_483' title='bbox 2201 773 2332 809; x_wconf 85' lang='lat' dir='ltr'><strong>rum.</strong></span> <span class='ocrx_word' id='word_1_484' title='bbox 2362 759 2596 824; x_wconf 87' lang='lat' dir='ltr'><strong>Quorum</strong></span> <span class='ocrx_word' id='word_1_485' title='bbox 2620 759 2643 798; x_wconf 65' lang='grc' dir='ltr'><strong><em>ν</em></strong></span> <span class='ocrx_word' id='word_1_486' title='bbox 2694 759 2845 825; x_wconf 86' lang='lat' dir='ltr'><strong>Quod</strong></span> <span class='ocrx_word' id='word_1_487' title='bbox 2879 761 3247 817; x_wconf 87' lang='lat' dir='ltr'><strong>remissionem</strong></span> <span class='ocrx_word' id='word_1_488' title='bbox 3273 804 3286 825; x_wconf 84' lang='lat'><strong>,</strong></span> <span class='ocrx_word' id='word_1_489' title='bbox 3334 765 3473 833; x_wconf 89' lang='lat' dir='ltr'><strong>quod</strong></span> <span class='ocrx_word' id='word_1_490' title='bbox 3520 767 3784 833; x_wconf 74' lang='lat' dir='ltr'><strong>pteniten-</strong></span> 
     </span>
    </p>
   </div>
   <div class='ocr_carea' id='block_1_68' title="bbox 2204 849 3785 917">
    <p class='ocr_par' dir='ltr' id='par_1_68' title="bbox 2204 849 3785 917">
     <span class='ocr_line' id='line_1_68' title="bbox 2204 849 3785 917; baseline 0.006 -18"><span class='ocrx_word' id='word_1_491' title='bbox 2204 849 2328 900; x_wconf 88' lang='lat' dir='ltr'><strong>tiam</strong></span> <span class='ocrx_word' id='word_1_492' title='bbox 2358 850 2661 917; x_wconf 88' lang='lat' dir='ltr'><strong>promiserit</strong></span> <span class='ocrx_word' id='word_1_493' title='bbox 2692 868 2704 902; x_wconf 86' lang='lat'><strong>:</strong></span> <span class='ocrx_word' id='word_1_494' title='bbox 2736 868 2857 905; x_wconf 84' lang='lat' dir='ltr'><strong>nam</strong></span> <span class='ocrx_word' id='word_1_495' title='bbox 2886 854 3206 908; x_wconf 90' lang='lat' dir='ltr'><strong>resurrectio</strong></span> <span class='ocrx_word' id='word_1_496' title='bbox 3229 858 3281 909; x_wconf 92' lang='lat' dir='ltr'><strong>in</strong></span> <span class='ocrx_word' id='word_1_497' title='bbox 3305 856 3552 909; x_wconf 90' lang='lat' dir='ltr'><strong>confesso</strong></span> <span class='ocrx_word' id='word_1_498' title='bbox 3573 856 3785 909; x_wconf 87' lang='lat' dir='ltr'><strong>demum</strong></span> 
     </span>
    </p>
   </div>
   <div class='ocr_carea' id='block_1_69' title="bbox 2201 939 3786 1014">
    <p class='ocr_par' dir='ltr' id='par_1_69' title="bbox 2201 939 3786 1014">
     <span class='ocr_line' id='line_1_69' title="bbox 2201 939 3786 1014; baseline 0.005 -24"><span class='ocrx_word' id='word_1_499' title='bbox 2201 948 2335 993; x_wconf 86' lang='lat' dir='ltr'><strong>erat.</strong></span> <span class='ocrx_word' id='word_1_500' title='bbox 2369 939 2520 1005; x_wconf 88' lang='lat' dir='ltr'><strong>Quod</strong></span> <span class='ocrx_word' id='word_1_501' title='bbox 2566 958 2691 995; x_wconf 91' lang='lat' dir='ltr'><strong>vero</strong></span> <span class='ocrx_word' id='word_1_502' title='bbox 2720 942 2809 995; x_wconf 89' lang='lat' dir='ltr'><strong>det</strong></span> <span class='ocrx_word' id='word_1_503' title='bbox 2838 944 3213 1000; x_wconf 88' lang='lat' dir='ltr'><strong>remissionem</strong></span> <span class='ocrx_word' id='word_1_504' title='bbox 3240 986 3256 1014; x_wconf 92' lang='lat'><strong>,</strong></span> <span class='ocrx_word' id='word_1_505' title='bbox 3304 955 3359 1001; x_wconf 87' lang='lat' dir='ltr'><strong>et</strong></span> <span class='ocrx_word' id='word_1_506' title='bbox 3385 962 3485 1001; x_wconf 91' lang='lat' dir='ltr'><strong>nos</strong></span> <span class='ocrx_word' id='word_1_507' title='bbox 3506 956 3669 1001; x_wconf 88' lang='lat' dir='ltr'><strong>testes</strong></span> <span class='ocrx_word' id='word_1_508' title='bbox 3698 962 3786 1001; x_wconf 72' lang='lat' dir='ltr'><strong>suo</strong></span> 
     </span>
    </p>
   </div>
   <div class='ocr_carea' id='block_1_70' title="bbox 2203 1031 3780 1107">
    <p class='ocr_par' dir='ltr' id='par_1_70' title="bbox 2203 1031 3780 1107">
     <span class='ocr_line' id='line_1_70' title="bbox 2203 1031 3780 1107; baseline 0.005 -24"><span class='ocrx_word' id='word_1_509' title='bbox 2203 1045 2321 1083; x_wconf 92' lang='lat' dir='ltr'><strong>mus</strong></span> <span class='ocrx_word' id='word_1_510' title='bbox 2348 1042 2400 1085; x_wconf 89' lang='lat' dir='ltr'><strong>et</strong></span> <span class='ocrx_word' id='word_1_511' title='bbox 2419 1031 2647 1099; x_wconf 85' lang='lat' dir='ltr'><strong>Spiritus</strong></span> <span class='ocrx_word' id='word_1_512' title='bbox 2669 1042 2901 1099; x_wconf 91' lang='lat' dir='ltr'><strong>sanctus,</strong></span> <span class='ocrx_word' id='word_1_513' title='bbox 2928 1036 3018 1104; x_wconf 90' lang='lat' dir='ltr'><strong>qui</strong></span> <span class='ocrx_word' id='word_1_514' title='bbox 3037 1053 3142 1090; x_wconf 91' lang='lat' dir='ltr'><strong>non</strong></span> <span class='ocrx_word' id='word_1_515' title='bbox 3169 1037 3424 1101; x_wconf 83' lang='lat' dir='ltr'><strong>venisset,</strong></span> <span class='ocrx_word' id='word_1_516' title='bbox 3445 1038 3542 1091; x_wconf 89' lang='lat' dir='ltr'><strong>nisi</strong></span> <span class='ocrx_word' id='word_1_517' title='bbox 3563 1049 3780 1107; x_wconf 89' lang='lat' dir='ltr'><strong>peccata</strong></span> 
     </span>
    </p>
   </div>
   <div class='ocr_carea' id='block_1_71' title="bbox 2202 1122 3783 1197">
    <p class='ocr_par' dir='ltr' id='par_1_71' title="bbox 2202 1122 3783 1197">
     <span class='ocr_line' id='line_1_71' title="bbox 2202 1122 3783 1197; baseline 0.004 -23"><span class='ocrx_word' id='word_1_518' title='bbox 2202 1131 2325 1174; x_wconf 87' lang='lat' dir='ltr'><strong>ante</strong></span> <span class='ocrx_word' id='word_1_519' title='bbox 2352 1122 2521 1175; x_wconf 89' lang='lat' dir='ltr'><strong>soluta</strong></span> <span class='ocrx_word' id='word_1_520' title='bbox 2546 1124 2786 1177; x_wconf 88' lang='lat' dir='ltr'><strong>fuissent.</strong></span> <span class='ocrx_word' id='word_1_521' title='bbox 2816 1126 3207 1195; x_wconf 79' lang='lat' dir='ltr'><strong>Argumentum</strong></span> <span class='ocrx_word' id='word_1_522' title='bbox 3232 1128 3407 1197; x_wconf 84' lang='lat' dir='ltr'><strong>itaque</strong></span> <span class='ocrx_word' id='word_1_523' title='bbox 3432 1129 3783 1181; x_wconf 85' lang='lat' dir='ltr'><strong>indubitatum</strong></span> 
     </span>
    </p>
   </div>
   <div class='ocr_carea' id='block_1_72' title="bbox 2205 1213 3789 1284">
    <p class='ocr_par' dir='ltr' id='par_1_72' title="bbox 2205 1213 3789 1284">
     <span class='ocr_line' id='line_1_72' title="bbox 2205 1213 3789 1284; baseline 0.006 -21"><span class='ocrx_word' id='word_1_524' title='bbox 2205 1214 2305 1265; x_wconf 90' lang='lat' dir='ltr'><strong>hoc</strong></span> <span class='ocrx_word' id='word_1_525' title='bbox 2345 1225 2445 1266; x_wconf 74' lang='grc' dir='ltr'><strong>εει.</strong></span> <span class='ocrx_word' id='word_1_526' title='bbox 2501 1213 2846 1269; x_wconf 87' lang='lat' dir='ltr'><strong>Peccatorum</strong></span> <span class='ocrx_word' id='word_1_527' title='bbox 2892 1217 3262 1272; x_wconf 88' lang='lat' dir='ltr'><strong>remissionem</strong></span> <span class='ocrx_word' id='word_1_528' title='bbox 3295 1218 3468 1284; x_wconf 89' lang='lat' dir='ltr'><strong>audis,</strong></span> <span class='ocrx_word' id='word_1_529' title='bbox 3504 1220 3664 1272; x_wconf 67' lang='lat' dir='ltr'><strong>miser</strong></span> <span class='ocrx_word' id='word_1_530' title='bbox 3687 1261 3702 1284; x_wconf 88' lang='lat'><strong>,</strong></span> <span class='ocrx_word' id='word_1_531' title='bbox 3736 1230 3789 1273; x_wconf 89' lang='lat' dir='ltr'><strong>et</strong></span> 
     </span>
    </p>
   </div>
   <div class='ocr_carea' id='block_1_73' title="bbox 2202 1303 3788 1378">
    <p class='ocr_par' dir='ltr' id='par_1_73' title="bbox 2202 1303 3788 1378">
     <span class='ocr_line' id='line_1_73' title="bbox 2202 1303 3788 1378; baseline 0.005 -24"><span class='ocrx_word' id='word_1_532' title='bbox 2202 1303 2343 1371; x_wconf 91' lang='lat' dir='ltr'><strong>quod</strong></span> <span class='ocrx_word' id='word_1_533' title='bbox 2370 1317 2551 1370; x_wconf 55' lang='lat' dir='ltr'><strong>poenas</strong></span> <span class='ocrx_word' id='word_1_534' title='bbox 2575 1318 2679 1357; x_wconf 91' lang='lat' dir='ltr'><strong>non</strong></span> <span class='ocrx_word' id='word_1_535' title='bbox 2706 1315 2946 1373; x_wconf 85' lang='lat' dir='ltr'><strong>repetat,</strong></span> <span class='ocrx_word' id='word_1_536' title='bbox 2978 1317 3033 1361; x_wconf 90' lang='lat' dir='ltr'><strong>et</strong></span> <span class='ocrx_word' id='word_1_537' title='bbox 3062 1307 3139 1360; x_wconf 87' lang='lat' dir='ltr'><strong>vis</strong></span> <span class='ocrx_word' id='word_1_538' title='bbox 3168 1308 3451 1362; x_wconf 86' lang='lat' dir='ltr'><strong>occidere?</strong></span> <span class='ocrx_word' id='word_1_539' title='bbox 3482 1309 3547 1362; x_wconf 83' lang='lat' dir='ltr'><strong>Et</strong></span> <span class='ocrx_word' id='word_1_540' title='bbox 3573 1319 3788 1378; x_wconf 74' lang='lat' dir='ltr'><strong>quanta:</strong></span> 
     </span>
    </p>
   </div>
   <div class='ocr_carea' id='block_1_74' title="bbox 2206 1392 3788 1469">
    <p class='ocr_par' dir='ltr' id='par_1_74' title="bbox 2206 1392 3788 1469">
     <span class='ocr_line' id='line_1_74' title="bbox 2206 1392 3788 1469; baseline 0.003 -20"><span class='ocrx_word' id='word_1_541' title='bbox 2206 1395 2305 1449; x_wconf 91' lang='lat' dir='ltr'><strong>hoc</strong></span> <span class='ocrx_word' id='word_1_542' title='bbox 2333 1396 2581 1465; x_wconf 71' lang='lat' dir='ltr'><strong>nequitia:</strong></span> <span class='ocrx_word' id='word_1_543' title='bbox 2611 1413 2715 1450; x_wconf 89' lang='lat' dir='ltr'><strong>non</strong></span> <span class='ocrx_word' id='word_1_544' title='bbox 2755 1395 2950 1451; x_wconf 86' lang='lat' dir='ltr'><strong>fuerit?</strong></span> <span class='ocrx_word' id='word_1_545' title='bbox 2989 1400 3147 1468; x_wconf 87' lang='lat' dir='ltr'><strong>Atqui</strong></span> <span class='ocrx_word' id='word_1_546' title='bbox 3188 1400 3489 1469; x_wconf 81' lang='lat' dir='ltr'><strong>Oportebat,</strong></span> <span class='ocrx_word' id='word_1_547' title='bbox 3523 1402 3604 1455; x_wconf 90' lang='lat' dir='ltr'><strong>vel</strong></span> <span class='ocrx_word' id='word_1_548' title='bbox 3636 1392 3788 1455; x_wconf 82' lang='lat' dir='ltr'><strong>incn-</strong></span> 
     </span>
    </p>
   </div>
   <div class='ocr_carea' id='block_1_75' title="bbox 2204 1488 3777 1559">
    <p class='ocr_par' dir='ltr' id='par_1_75' title="bbox 2204 1488 3777 1559">
     <span class='ocr_line' id='line_1_75' title="bbox 2204 1488 3777 1559; baseline 0.004 -19"><span class='ocrx_word' id='word_1_549' title='bbox 2204 1488 2396 1541; x_wconf 88' lang='lat' dir='ltr'><strong>tientes</strong></span> <span class='ocrx_word' id='word_1_550' title='bbox 2428 1489 2785 1558; x_wconf 82' lang='lat' dir='ltr'><strong>redarguere;</strong></span> <span class='ocrx_word' id='word_1_551' title='bbox 2818 1491 2899 1544; x_wconf 91' lang='lat' dir='ltr'><strong>vel</strong></span> <span class='ocrx_word' id='word_1_552' title='bbox 2928 1491 2970 1543; x_wconf 92' lang='lat' dir='ltr'><strong>si</strong></span> <span class='ocrx_word' id='word_1_553' title='bbox 3002 1492 3205 1546; x_wconf 88' lang='lat' dir='ltr'><strong>nollent</strong></span> <span class='ocrx_word' id='word_1_554' title='bbox 3225 1493 3466 1559; x_wconf 90' lang='lat' dir='ltr'><strong>credere,</strong></span> <span class='ocrx_word' id='word_1_555' title='bbox 3500 1507 3606 1546; x_wconf 92' lang='lat' dir='ltr'><strong>non</strong></span> <span class='ocrx_word' id='word_1_556' title='bbox 3636 1495 3777 1547; x_wconf 84' lang='lat' dir='ltr'><strong>occi-</strong></span> 
     </span>
    </p>
   </div>
   <div class='ocr_carea' id='block_1_76' title="bbox 2204 1580 3783 1656">
    <p class='ocr_par' dir='ltr' id='par_1_76' title="bbox 2204 1580 3783 1656">
     <span class='ocr_line' id='line_1_76' title="bbox 2204 1580 3783 1656; baseline 0.006 -23"><span class='ocrx_word' id='word_1_557' title='bbox 2204 1580 2350 1634; x_wconf 84' lang='lat' dir='ltr'><strong>dere.</strong></span> <span class='ocrx_word' id='word_1_558' title='bbox 2387 1581 2522 1647; x_wconf 81' lang='lat' dir='ltr'><strong>Quid</strong></span> <span class='ocrx_word' id='word_1_559' title='bbox 2586 1584 2727 1636; x_wconf 82' lang='lat' dir='ltr'><strong>enim</strong></span> <span class='ocrx_word' id='word_1_560' title='bbox 2769 1594 2943 1637; x_wconf 90' lang='lat' dir='ltr'><strong>morte</strong></span> <span class='ocrx_word' id='word_1_561' title='bbox 2972 1584 3190 1653; x_wconf 81' lang='lat' dir='ltr'><strong>dignum</strong></span> <span class='ocrx_word' id='word_1_562' title='bbox 3236 1586 3388 1639; x_wconf 87' lang='lat' dir='ltr'><strong>erat?</strong></span> <span class='ocrx_word' id='word_1_563' title='bbox 3450 1592 3517 1641; x_wconf 86' lang='lat' dir='ltr'><strong>At</strong></span> <span class='ocrx_word' id='word_1_564' title='bbox 3564 1588 3637 1641; x_wconf 92' lang='lat' dir='ltr'><strong>illi</strong></span> <span class='ocrx_word' id='word_1_565' title='bbox 3673 1603 3783 1656; x_wconf 79' lang='lat' dir='ltr'><strong>prae</strong></span> 
     </span>
    </p>
   </div>
   <div class='ocr_carea' id='block_1_77' title="bbox 2208 1672 3787 1747">
    <p class='ocr_par' dir='ltr' id='par_1_77' title="bbox 2208 1672 3787 1747">
     <span class='ocr_line' id='line_1_77' title="bbox 2208 1672 3787 1747; baseline 0.006 -22"><span class='ocrx_word' id='word_1_566' title='bbox 2208 1672 2385 1727; x_wconf 89' lang='lat' dir='ltr'><strong>furore</strong></span> <span class='ocrx_word' id='word_1_567' title='bbox 2416 1690 2482 1729; x_wconf 89' lang='lat' dir='ltr'><strong>ne</strong></span> <span class='ocrx_word' id='word_1_568' title='bbox 2519 1675 2732 1742; x_wconf 86' lang='lat' dir='ltr'><strong>quidem</strong></span> <span class='ocrx_word' id='word_1_569' title='bbox 2765 1675 3005 1729; x_wconf 91' lang='lat' dir='ltr'><strong>sciebant</strong></span> <span class='ocrx_word' id='word_1_570' title='bbox 3034 1678 3158 1747; x_wconf 88' lang='lat' dir='ltr'><strong>quid</strong></span> <span class='ocrx_word' id='word_1_571' title='bbox 3188 1677 3384 1733; x_wconf 89' lang='lat' dir='ltr'><strong>factum</strong></span> <span class='ocrx_word' id='word_1_572' title='bbox 3412 1689 3573 1734; x_wconf 89' lang='lat' dir='ltr'><strong>esset.</strong></span> <span class='ocrx_word' id='word_1_573' title='bbox 3628 1680 3787 1743; x_wconf 83' lang='lat' dir='ltr'><strong>Vide.</strong></span> 
     </span>
    </p>
   </div>
   <div class='ocr_carea' id='block_1_78' title="bbox 2205 1764 3783 1833">
    <p class='ocr_par' dir='ltr' id='par_1_78' title="bbox 2205 1764 3783 1833">
     <span class='ocr_line' id='line_1_78' title="bbox 2205 1764 3783 1833; baseline 0.005 -16"><span class='ocrx_word' id='word_1_574' title='bbox 2205 1764 2472 1833; x_wconf 89' lang='lat' dir='ltr'><strong>quomodo</strong></span> <span class='ocrx_word' id='word_1_575' title='bbox 2503 1764 2588 1819; x_wconf 91' lang='lat' dir='ltr'><strong>hic</strong></span> <span class='ocrx_word' id='word_1_576' title='bbox 2620 1767 2823 1820; x_wconf 85' lang='lat' dir='ltr'><strong>facinus</strong></span> <span class='ocrx_word' id='word_1_577' title='bbox 2853 1778 3233 1833; x_wconf 89' lang='lat' dir='ltr'><strong>memorantes,</strong></span> <span class='ocrx_word' id='word_1_578' title='bbox 3265 1770 3331 1824; x_wconf 91' lang='lat' dir='ltr'><strong>de</strong></span> <span class='ocrx_word' id='word_1_579' title='bbox 3356 1772 3672 1825; x_wconf 88' lang='lat' dir='ltr'><strong>remissione</strong></span> <span class='ocrx_word' id='word_1_580' title='bbox 3701 1773 3783 1825; x_wconf 85' lang='lat' dir='ltr'><strong>lo-</strong></span> 
     </span>
    </p>
   </div>
   <div class='ocr_carea' id='block_1_79' title="bbox 2207 1858 3788 1933">
    <p class='ocr_par' dir='ltr' id='par_1_79' title="bbox 2207 1858 3788 1933">
     <span class='ocr_line' id='line_1_79' title="bbox 2207 1858 3788 1933; baseline 0.006 -26"><span class='ocrx_word' id='word_1_581' title='bbox 2207 1866 2436 1924; x_wconf 89' lang='lat' dir='ltr'><strong>quantur</strong></span> <span class='ocrx_word' id='word_1_582' title='bbox 2470 1875 2482 1910; x_wconf 89' lang='lat'><strong>:</strong></span> <span class='ocrx_word' id='word_1_583' title='bbox 2516 1858 2859 1912; x_wconf 86' lang='lat' dir='ltr'><strong>ostendentes</strong></span> <span class='ocrx_word' id='word_1_584' title='bbox 2888 1858 3119 1913; x_wconf 82' lang='lat' dir='ltr'><strong>facinora</strong></span> <span class='ocrx_word' id='word_1_585' title='bbox 3146 1861 3360 1930; x_wconf 81' lang='lat' dir='ltr'><strong>quidem</strong></span> <span class='ocrx_word' id='word_1_586' title='bbox 3404 1872 3575 1917; x_wconf 91' lang='lat' dir='ltr'><strong>morte</strong></span> <span class='ocrx_word' id='word_1_587' title='bbox 3628 1863 3788 1933; x_wconf 82' lang='lat' dir='ltr'><strong>digna</strong></span> 
     </span>
    </p>
   </div>
   <div class='ocr_carea' id='block_1_80' title="bbox 2207 1942 3823 2021">
    <p class='ocr_par' dir='ltr' id='par_1_80' title="bbox 2207 1942 3823 2021">
     <span class='ocr_line' id='line_1_80' title="bbox 2207 1942 3823 2021; baseline 0.005 -21"><span class='ocrx_word' id='word_1_588' title='bbox 2207 1963 2344 2012; x_wconf 89' lang='lat' dir='ltr'><strong>esse,</strong></span> <span class='ocrx_word' id='word_1_589' title='bbox 2402 1948 2774 2003; x_wconf 88' lang='lat' dir='ltr'><strong>remissionem</strong></span> <span class='ocrx_word' id='word_1_590' title='bbox 2822 1965 2950 2004; x_wconf 91' lang='lat' dir='ltr'><strong>vero</strong></span> <span class='ocrx_word' id='word_1_591' title='bbox 2980 1951 3130 2020; x_wconf 86' lang='lat' dir='ltr'><strong>quasi</strong></span> <span class='ocrx_word' id='word_1_592' title='bbox 3167 1952 3606 2021; x_wconf 81' lang='lat' dir='ltr'><strong>resipiscentibus</strong></span> <span class='ocrx_word' id='word_1_593' title='bbox 3650 1955 3787 2008; x_wconf 89' lang='lat' dir='ltr'><strong>dari.</strong></span> <span class='ocrx_word' id='word_1_594' title='bbox 3822 1942 3823 1947; x_wconf 31' lang='grc'><em>“</em></span> 
     </span>
    </p>
   </div>
   <div class='ocr_carea' id='block_1_81' title="bbox 2208 2040 3794 2114">
    <p class='ocr_par' dir='ltr' id='par_1_81' title="bbox 2208 2040 3794 2114">
     <span class='ocr_line' id='line_1_81' title="bbox 2208 2040 3794 2114; baseline 0.006 -22"><span class='ocrx_word' id='word_1_595' title='bbox 2208 2040 2488 2105; x_wconf 84' lang='lat' dir='ltr'><strong>Quomodo</strong></span> <span class='ocrx_word' id='word_1_596' title='bbox 2538 2042 2691 2095; x_wconf 86' lang='lat' dir='ltr'><strong>aliter</strong></span> <span class='ocrx_word' id='word_1_597' title='bbox 2723 2041 3028 2110; x_wconf 88' lang='lat' dir='ltr'><strong>persuaderi</strong></span> <span class='ocrx_word' id='word_1_598' title='bbox 3062 2052 3327 2112; x_wconf 90' lang='lat' dir='ltr'><strong>poterant,</strong></span> <span class='ocrx_word' id='word_1_599' title='bbox 3358 2061 3514 2114; x_wconf 88' lang='lat' dir='ltr'><strong>quam</strong></span> <span class='ocrx_word' id='word_1_600' title='bbox 3544 2046 3794 2101; x_wconf 89' lang='lat' dir='ltr'><strong>docendo</strong></span> 
     </span>
    </p>
   </div>
   <div class='ocr_carea' id='block_1_82' title="bbox 2209 2132 3788 2205">
    <p class='ocr_par' dir='ltr' id='par_1_82' title="bbox 2209 2132 3788 2205">
     <span class='ocr_line' id='line_1_82' title="bbox 2209 2132 3788 2205; baseline 0.004 -20"><span class='ocrx_word' id='word_1_601' title='bbox 2209 2132 2331 2186; x_wconf 88' lang='lat' dir='ltr'><strong>illos</strong></span> <span class='ocrx_word' id='word_1_602' title='bbox 2363 2133 2441 2186; x_wconf 91' lang='lat' dir='ltr'><strong>sic</strong></span> <span class='ocrx_word' id='word_1_603' title='bbox 2482 2133 2617 2187; x_wconf 89' lang='lat' dir='ltr'><strong>bene</strong></span> <span class='ocrx_word' id='word_1_604' title='bbox 2658 2143 2871 2187; x_wconf 88' lang='lat' dir='ltr'><strong>acturos</strong></span> <span class='ocrx_word' id='word_1_605' title='bbox 2909 2136 3066 2189; x_wconf 71' lang='lat' dir='ltr'><strong>esse?</strong></span> <span class='ocrx_word' id='word_1_606' title='bbox 3116 2134 3184 2189; x_wconf 86' lang='lat' dir='ltr'><strong>Et</strong></span> <span class='ocrx_word' id='word_1_607' title='bbox 3208 2135 3329 2190; x_wconf 89' lang='lat' dir='ltr'><strong>vide</strong></span> <span class='ocrx_word' id='word_1_608' title='bbox 3357 2136 3740 2205; x_wconf 80' lang='lat' dir='ltr'><strong>malignitatem</strong></span> <span class='ocrx_word' id='word_1_609' title='bbox 3775 2158 3788 2192; x_wconf 85' lang='lat'>:</span> 
     </span>
    </p>
   </div>
   <div class='ocr_carea' id='block_1_83' title="bbox 2207 2223 3827 2294">
    <p class='ocr_par' dir='ltr' id='par_1_83' title="bbox 2207 2223 3827 2294">
     <span class='ocr_line' id='line_1_83' title="bbox 2207 2223 3827 2294; baseline 0.004 -17"><span class='ocrx_word' id='word_1_610' title='bbox 2207 2223 2528 2278; x_wconf 71' lang='lat' dir='ltr'><strong>Sadducmos</strong></span> <span class='ocrx_word' id='word_1_611' title='bbox 2556 2224 2657 2277; x_wconf 87' lang='lat' dir='ltr'><strong>illis</strong></span> <span class='ocrx_word' id='word_1_612' title='bbox 2704 2223 2989 2290; x_wconf 90' lang='lat' dir='ltr'><strong>inducunt,</strong></span> <span class='ocrx_word' id='word_1_613' title='bbox 3038 2227 3126 2294; x_wconf 90' lang='lat' dir='ltr'><strong>qui</strong></span> <span class='ocrx_word' id='word_1_614' title='bbox 3160 2229 3388 2282; x_wconf 83' lang='lat' dir='ltr'><strong>maxime</strong></span> <span class='ocrx_word' id='word_1_615' title='bbox 3431 2228 3498 2282; x_wconf 91' lang='lat' dir='ltr'><strong>de</strong></span> <span class='ocrx_word' id='word_1_616' title='bbox 3547 2226 3827 2283; x_wconf 48' lang='lat' dir='ltr'><strong>resurre?</strong></span> 
     </span>
    </p>
   </div>
   <div class='ocr_carea' id='block_1_84' title="bbox 2209 2315 3794 2390">
    <p class='ocr_par' dir='ltr' id='par_1_84' title="bbox 2209 2315 3794 2390">
     <span class='ocr_line' id='line_1_84' title="bbox 2209 2315 3794 2390; baseline 0.005 -22"><span class='ocrx_word' id='word_1_617' title='bbox 2209 2316 2384 2369; x_wconf 88' lang='lat' dir='ltr'><strong>ctione</strong></span> <span class='ocrx_word' id='word_1_618' title='bbox 2414 2315 2702 2381; x_wconf 88' lang='lat' dir='ltr'><strong>dolebant;</strong></span> <span class='ocrx_word' id='word_1_619' title='bbox 2731 2317 2824 2371; x_wconf 90' lang='lat' dir='ltr'><strong>sed</strong></span> <span class='ocrx_word' id='word_1_620' title='bbox 2853 2318 2981 2371; x_wconf 85' lang='lat' dir='ltr'><strong>nihil</strong></span> <span class='ocrx_word' id='word_1_621' title='bbox 3008 2318 3111 2373; x_wconf 91' lang='lat' dir='ltr'><strong>illis</strong></span> <span class='ocrx_word' id='word_1_622' title='bbox 3130 2320 3329 2373; x_wconf 67' lang='lat' dir='ltr'><strong>malitia</strong></span> <span class='ocrx_word' id='word_1_623' title='bbox 3352 2320 3571 2390; x_wconf 86' lang='lat' dir='ltr'><strong>profuit.</strong></span> <span class='ocrx_word' id='word_1_624' title='bbox 3598 2322 3794 2376; x_wconf 73' lang='lat' dir='ltr'><strong>Verum</strong></span> 
     </span>
    </p>
   </div>
   <div class='ocr_carea' id='block_1_85' title="bbox 2210 2406 3793 2481">
    <p class='ocr_par' dir='ltr' id='par_1_85' title="bbox 2210 2406 3793 2481">
     <span class='ocr_line' id='line_1_85' title="bbox 2210 2406 3793 2481; baseline 0.004 -22"><span class='ocrx_word' id='word_1_625' title='bbox 2210 2406 2436 2461; x_wconf 85' lang='lat' dir='ltr'><strong>fortasse</strong></span> <span class='ocrx_word' id='word_1_626' title='bbox 2468 2407 2610 2461; x_wconf 90' lang='lat' dir='ltr'><strong>dicet</strong></span> <span class='ocrx_word' id='word_1_627' title='bbox 2633 2409 2897 2478; x_wconf 84' lang='lat' dir='ltr'><strong>quispiam</strong></span> <span class='ocrx_word' id='word_1_628' title='bbox 2928 2425 2939 2460; x_wconf 94' lang='lat'><strong>:</strong></span> <span class='ocrx_word' id='word_1_629' title='bbox 2972 2408 3169 2478; x_wconf 87' lang='lat' dir='ltr'><strong>Ecquis</strong></span> <span class='ocrx_word' id='word_1_630' title='bbox 3192 2411 3385 2465; x_wconf 87' lang='lat' dir='ltr'><strong>talibus</strong></span> <span class='ocrx_word' id='word_1_631' title='bbox 3413 2410 3616 2475; x_wconf 90' lang='lat' dir='ltr'><strong>fruens,</strong></span> <span class='ocrx_word' id='word_1_632' title='bbox 3658 2430 3793 2481; x_wconf 84' lang='lat' dir='ltr'><strong>qua-</strong></span> 
     </span>
    </p>
   </div>
   <div class='ocr_carea' id='block_1_86' title="bbox 2211 2496 3796 2570">
    <p class='ocr_par' dir='ltr' id='par_1_86' title="bbox 2211 2496 3796 2570">
     <span class='ocr_line' id='line_1_86' title="bbox 2211 2496 3796 2570; baseline 0.006 -21"><span class='ocrx_word' id='word_1_633' title='bbox 2211 2496 2351 2550; x_wconf 88' lang='lat' dir='ltr'><strong>libus</strong></span> <span class='ocrx_word' id='word_1_634' title='bbox 2392 2498 2659 2566; x_wconf 90' lang='lat' dir='ltr'><strong>apostoli,</strong></span> <span class='ocrx_word' id='word_1_635' title='bbox 2694 2498 2873 2563; x_wconf 90' lang='lat' dir='ltr'><strong>bonis,</strong></span> <span class='ocrx_word' id='word_1_636' title='bbox 2911 2515 3018 2553; x_wconf 91' lang='lat' dir='ltr'><strong>non</strong></span> <span class='ocrx_word' id='word_1_637' title='bbox 3053 2515 3274 2570; x_wconf 77' lang='lat' dir='ltr'><strong>magnus</strong></span> <span class='ocrx_word' id='word_1_638' title='bbox 3302 2501 3471 2557; x_wconf 86' lang='lat' dir='ltr'><strong>factus</strong></span> <span class='ocrx_word' id='word_1_639' title='bbox 3516 2506 3684 2557; x_wconf 83' lang='lat' dir='ltr'><strong>esset?</strong></span> <span class='ocrx_word' id='word_1_640' title='bbox 3728 2509 3796 2558; x_wconf 84' lang='lat' dir='ltr'><strong>At</strong></span> 
     </span>
    </p>
   </div>
   <div class='ocr_carea' id='block_1_87' title="bbox 2212 2589 3799 2662">
    <p class='ocr_par' dir='ltr' id='par_1_87' title="bbox 2212 2589 3799 2662">
     <span class='ocr_line' id='line_1_87' title="bbox 2212 2589 3799 2662; baseline 0.004 -19"><span class='ocrx_word' id='word_1_641' title='bbox 2212 2589 2331 2643; x_wconf 85' lang='lat' dir='ltr'><strong>vide</strong></span> <span class='ocrx_word' id='word_1_642' title='bbox 2358 2589 2647 2658; x_wconf 90' lang='lat' dir='ltr'><strong>quomodo,</strong></span> <span class='ocrx_word' id='word_1_643' title='bbox 2677 2600 2968 2660; x_wconf 86' lang='lat' dir='ltr'><strong>antequam</strong></span> <span class='ocrx_word' id='word_1_644' title='bbox 2993 2593 3161 2660; x_wconf 87' lang='lat' dir='ltr'><strong>gratia</strong></span> <span class='ocrx_word' id='word_1_645' title='bbox 3189 2592 3512 2657; x_wconf 87' lang='lat' dir='ltr'><strong>fruerentur,</strong></span> <span class='ocrx_word' id='word_1_646' title='bbox 3545 2609 3799 2662; x_wconf 87' lang='lat' dir='ltr'><strong>perseve-</strong></span> 
     </span>
    </p>
   </div>
   <div class='ocr_carea' id='block_1_88' title="bbox 2212 2681 3799 2754">
    <p class='ocr_par' dir='ltr' id='par_1_88' title="bbox 2212 2681 3799 2754">
     <span class='ocr_line' id='line_1_88' title="bbox 2212 2681 3799 2754; baseline 0.004 -20"><span class='ocrx_word' id='word_1_647' title='bbox 2212 2691 2397 2734; x_wconf 84' lang='lat' dir='ltr'><strong>rantes</strong></span> <span class='ocrx_word' id='word_1_648' title='bbox 2445 2681 2767 2734; x_wconf 85' lang='lat' dir='ltr'><strong>unanimiter</strong></span> <span class='ocrx_word' id='word_1_649' title='bbox 2818 2690 2973 2735; x_wconf 89' lang='lat' dir='ltr'><strong>erant</strong></span> <span class='ocrx_word' id='word_1_650' title='bbox 3000 2682 3050 2735; x_wconf 93' lang='lat' dir='ltr'><strong>in</strong></span> <span class='ocrx_word' id='word_1_651' title='bbox 3082 2682 3344 2749; x_wconf 88' lang='lat' dir='ltr'><strong>oratione,</strong></span> <span class='ocrx_word' id='word_1_652' title='bbox 3378 2694 3431 2738; x_wconf 91' lang='lat' dir='ltr'><strong>et</strong></span> <span class='ocrx_word' id='word_1_653' title='bbox 3472 2684 3524 2738; x_wconf 91' lang='lat' dir='ltr'><strong>in</strong></span> <span class='ocrx_word' id='word_1_654' title='bbox 3565 2700 3799 2754; x_wconf 80' lang='lat' dir='ltr'><strong>superna</strong></span> 
     </span>
    </p>
   </div>
   <div class='ocr_carea' id='block_1_89' title="bbox 2212 2773 3798 2844">
    <p class='ocr_par' dir='ltr' id='par_1_89' title="bbox 2212 2773 3798 2844">
     <span class='ocr_line' id='line_1_89' title="bbox 2212 2773 3798 2844; baseline 0.003 -19"><span class='ocrx_word' id='word_1_655' title='bbox 2212 2776 2379 2842; x_wconf 87' lang='lat' dir='ltr'><strong>gratia</strong></span> <span class='ocrx_word' id='word_1_656' title='bbox 2412 2782 2711 2841; x_wconf 88' lang='lat' dir='ltr'><strong>sperantes.</strong></span> <span class='ocrx_word' id='word_1_657' title='bbox 2745 2773 2811 2827; x_wconf 85' lang='lat' dir='ltr'><strong>Et</strong></span> <span class='ocrx_word' id='word_1_658' title='bbox 2857 2784 2933 2838; x_wconf 85' lang='lat' dir='ltr'><strong>tu,</strong></span> <span class='ocrx_word' id='word_1_659' title='bbox 2980 2774 3215 2840; x_wconf 81' lang='lat' dir='ltr'><strong>dileth,</strong></span> <span class='ocrx_word' id='word_1_660' title='bbox 3268 2792 3490 2844; x_wconf 80' lang='lat' dir='ltr'><strong>regnum</strong></span> <span class='ocrx_word' id='word_1_661' title='bbox 3540 2778 3798 2831; x_wconf 72' lang='lat' dir='ltr'><strong>eteloruin</strong></span> 
     </span>
    </p>
   </div>
   <div class='ocr_carea' id='block_1_90' title="bbox 2213 2864 3803 2935">
    <p class='ocr_par' dir='ltr' id='par_1_90' title="bbox 2213 2864 3803 2935">
     <span class='ocr_line' id='line_1_90' title="bbox 2213 2864 3803 2935; baseline 0.004 -18"><span class='ocrx_word' id='word_1_662' title='bbox 2213 2879 2418 2933; x_wconf 86' lang='lat' dir='ltr'><strong>speras,</strong></span> <span class='ocrx_word' id='word_1_663' title='bbox 2438 2873 2491 2916; x_wconf 88' lang='lat' dir='ltr'><strong>et</strong></span> <span class='ocrx_word' id='word_1_664' title='bbox 2510 2864 2637 2917; x_wconf 86' lang='lat' dir='ltr'><strong>nihil</strong></span> <span class='ocrx_word' id='word_1_665' title='bbox 2668 2865 2932 2918; x_wconf 77' lang='lat' dir='ltr'><strong>sustines‘tt</strong></span> <span class='ocrx_word' id='word_1_666' title='bbox 2961 2875 3013 2918; x_wconf 87' lang='lat' dir='ltr'><strong>et</strong></span> <span class='ocrx_word' id='word_1_667' title='bbox 3041 2876 3093 2917; x_wconf 91' lang='lat' dir='ltr'><strong>tu</strong></span> <span class='ocrx_word' id='word_1_668' title='bbox 3116 2864 3369 2933; x_wconf 87' lang='lat' dir='ltr'><strong>Spiritum</strong></span> <span class='ocrx_word' id='word_1_669' title='bbox 3396 2867 3670 2935; x_wconf 82' lang='lat' dir='ltr'><strong>accepisti,</strong></span> <span class='ocrx_word' id='word_1_670' title='bbox 3700 2883 3803 2923; x_wconf 82' lang='lat' dir='ltr'><strong>nec</strong></span> 
     </span>
    </p>
   </div>
   <div class='ocr_carea' id='block_1_91' title="bbox 2216 2956 3800 3028">
    <p class='ocr_par' dir='ltr' id='par_1_91' title="bbox 2216 2956 3800 3028">
     <span class='ocr_line' id='line_1_91' title="bbox 2216 2956 3800 3028; baseline 0.003 -19"><span class='ocrx_word' id='word_1_671' title='bbox 2216 2957 2338 3009; x_wconf 90' lang='lat' dir='ltr'><strong>talia</strong></span> <span class='ocrx_word' id='word_1_672' title='bbox 2374 2957 2611 3024; x_wconf 89' lang='lat' dir='ltr'><strong>pateris,</strong></span> <span class='ocrx_word' id='word_1_673' title='bbox 2656 2970 2831 3025; x_wconf 85' lang='lat' dir='ltr'><strong>neque</strong></span> <span class='ocrx_word' id='word_1_674' title='bbox 2860 2956 3225 3025; x_wconf 80' lang='lat' dir='ltr'><strong>periclitaris?</strong></span> <span class='ocrx_word' id='word_1_675' title='bbox 3276 2956 3353 3010; x_wconf 90' lang='lat' dir='ltr'><strong>Illi</strong></span> <span class='ocrx_word' id='word_1_676' title='bbox 3404 2959 3715 3028; x_wconf 84' lang='lat' dir='ltr'><strong>priusquam</strong></span> <span class='ocrx_word' id='word_1_677' title='bbox 3770 2976 3800 3014; x_wconf 67' lang='grc' dir='ltr'><strong>ιι</strong></span> 
     </span>
    </p>
   </div>
   <div class='ocr_carea' id='block_1_92' title="bbox 2217 3048 3803 3118">
    <p class='ocr_par' dir='ltr' id='par_1_92' title="bbox 2217 3048 3803 3118">
     <span class='ocr_line' id='line_1_92' title="bbox 2217 3048 3803 3118; baseline 0.006 -19"><span class='ocrx_word' id='word_1_678' title='bbox 2217 3048 2483 3117; x_wconf 91' lang='lat' dir='ltr'><strong>prioribus</strong></span> <span class='ocrx_word' id='word_1_679' title='bbox 2509 3049 2853 3118; x_wconf 86' lang='lat' dir='ltr'><strong>respirarent,</strong></span> <span class='ocrx_word' id='word_1_680' title='bbox 2875 3064 3058 3103; x_wconf 89' lang='lat' dir='ltr'><strong>rursus</strong></span> <span class='ocrx_word' id='word_1_681' title='bbox 3075 3050 3139 3103; x_wconf 87' lang='lat' dir='ltr'><strong>ad</strong></span> <span class='ocrx_word' id='word_1_682' title='bbox 3161 3050 3261 3104; x_wconf 90' lang='lat' dir='ltr'><strong>alia</strong></span> <span class='ocrx_word' id='word_1_683' title='bbox 3281 3050 3630 3107; x_wconf 88' lang='lat' dir='ltr'><strong>ducebantur.</strong></span> <span class='ocrx_word' id='word_1_684' title='bbox 3665 3054 3803 3109; x_wconf 87' lang='lat' dir='ltr'><strong>lllud</strong></span> 
     </span>
    </p>
   </div>
   <div class='ocr_carea' id='block_1_93' title="bbox 2215 3141 3803 3216">
    <p class='ocr_par' dir='ltr' id='par_1_93' title="bbox 2215 3141 3803 3216">
     <span class='ocr_line' id='line_1_93' title="bbox 2215 3141 3803 3216; baseline 0.006 -23"><span class='ocrx_word' id='word_1_685' title='bbox 2215 3148 2392 3194; x_wconf 87' lang='lat' dir='ltr'><strong>autem</strong></span> <span class='ocrx_word' id='word_1_686' title='bbox 2423 3142 2593 3209; x_wconf 91' lang='lat' dir='ltr'><strong>ipsum</strong></span> <span class='ocrx_word' id='word_1_687' title='bbox 2618 3157 2722 3194; x_wconf 88' lang='lat' dir='ltr'><strong>non</strong></span> <span class='ocrx_word' id='word_1_688' title='bbox 2748 3141 2941 3204; x_wconf 82' lang='lat' dir='ltr'><strong>inflari,</strong></span> <span class='ocrx_word' id='word_1_689' title='bbox 2975 3158 3073 3195; x_wconf 89' lang='lat' dir='ltr'><strong>nec</strong></span> <span class='ocrx_word' id='word_1_690' title='bbox 3100 3158 3230 3196; x_wconf 88' lang='lat' dir='ltr'><strong>vana</strong></span> <span class='ocrx_word' id='word_1_691' title='bbox 3258 3144 3431 3212; x_wconf 82' lang='lat' dir='ltr'><strong>gloria</strong></span> <span class='ocrx_word' id='word_1_692' title='bbox 3449 3145 3613 3212; x_wconf 84' lang='lat' dir='ltr'><strong>affici,</strong></span> <span class='ocrx_word' id='word_1_693' title='bbox 3632 3163 3803 3216; x_wconf 77' lang='lat' dir='ltr'><strong>quan-</strong></span> 
     </span>
    </p>
   </div>
   <div class='ocr_carea' id='block_1_94' title="bbox 2218 3233 3803 3309">
    <p class='ocr_par' dir='ltr' id='par_1_94' title="bbox 2218 3233 3803 3309">
     <span class='ocr_line' id='line_1_94' title="bbox 2218 3233 3803 3309; baseline 0.006 -23"><span class='ocrx_word' id='word_1_694' title='bbox 2218 3240 2327 3287; x_wconf 86' lang='lat' dir='ltr'><strong>tutn</strong></span> <span class='ocrx_word' id='word_1_695' title='bbox 2373 3242 2452 3286; x_wconf 90' lang='lat' dir='ltr'><strong>est</strong></span> <span class='ocrx_word' id='word_1_696' title='bbox 2485 3234 2715 3287; x_wconf 88' lang='lat' dir='ltr'><strong>bonum?</strong></span> <span class='ocrx_word' id='word_1_697' title='bbox 2744 3233 2873 3289; x_wconf 86' lang='lat' dir='ltr'><strong>Cum</strong></span> <span class='ocrx_word' id='word_1_698' title='bbox 2904 3237 3309 3291; x_wconf 88' lang='lat' dir='ltr'><strong>mansuetudine</strong></span> <span class='ocrx_word' id='word_1_699' title='bbox 3338 3237 3502 3307; x_wconf 85' lang='lat' dir='ltr'><strong>loqui,</strong></span> <span class='ocrx_word' id='word_1_700' title='bbox 3540 3250 3803 3309; x_wconf 88' lang='lat' dir='ltr'><strong>quantum</strong></span> 
     </span>
    </p>
   </div>
   <div class='ocr_carea' id='block_1_95' title="bbox 2218 3327 3805 3400">
    <p class='ocr_par' dir='ltr' id='par_1_95' title="bbox 2218 3327 3805 3400">
     <span class='ocr_line' id='line_1_95' title="bbox 2218 3327 3805 3400; baseline 0.004 -21"><span class='ocrx_word' id='word_1_701' title='bbox 2218 3335 2301 3379; x_wconf 90' lang='lat' dir='ltr'><strong>est</strong></span> <span class='ocrx_word' id='word_1_702' title='bbox 2324 3327 2567 3380; x_wconf 88' lang='lat' dir='ltr'><strong>lucrum?</strong></span> <span class='ocrx_word' id='word_1_703' title='bbox 2609 3327 2791 3397; x_wconf 89' lang='lat' dir='ltr'><strong>Neque</strong></span> <span class='ocrx_word' id='word_1_704' title='bbox 2835 3332 2977 3382; x_wconf 89' lang='lat' dir='ltr'><strong>enim</strong></span> <span class='ocrx_word' id='word_1_705' title='bbox 3032 3329 3210 3383; x_wconf 90' lang='lat' dir='ltr'><strong>omnia</strong></span> <span class='ocrx_word' id='word_1_706' title='bbox 3240 3332 3425 3400; x_wconf 67' lang='lat' dir='ltr'><strong>gratiae</strong></span> <span class='ocrx_word' id='word_1_707' title='bbox 3466 3342 3658 3396; x_wconf 87' lang='lat' dir='ltr'><strong>erant;</strong></span> <span class='ocrx_word' id='word_1_708' title='bbox 3710 3334 3805 3386; x_wconf 86' lang='lat' dir='ltr'><strong>sed</strong></span> 
     </span>
    </p>
   </div>
   <div class='ocr_carea' id='block_1_96' title="bbox 2220 3418 3805 3496">
    <p class='ocr_par' dir='ltr' id='par_1_96' title="bbox 2220 3418 3805 3496">
     <span class='ocr_line' id='line_1_96' title="bbox 2220 3418 3805 3496; baseline 0.004 -25"><span class='ocrx_word' id='word_1_709' title='bbox 2220 3418 2431 3472; x_wconf 87' lang='lat' dir='ltr'><strong>illorum</strong></span> <span class='ocrx_word' id='word_1_710' title='bbox 2461 3435 2671 3489; x_wconf 89' lang='lat' dir='ltr'><strong>quoque</strong></span> <span class='ocrx_word' id='word_1_711' title='bbox 2701 3420 2860 3474; x_wconf 88' lang='lat' dir='ltr'><strong>studii</strong></span> <span class='ocrx_word' id='word_1_712' title='bbox 2894 3421 3085 3474; x_wconf 89' lang='lat' dir='ltr'><strong>indicia</strong></span> <span class='ocrx_word' id='word_1_713' title='bbox 3120 3423 3284 3477; x_wconf 89' lang='lat' dir='ltr'><strong>multa</strong></span> <span class='ocrx_word' id='word_1_714' title='bbox 3315 3436 3456 3478; x_wconf 91' lang='lat' dir='ltr'><strong>sunt.</strong></span> <span class='ocrx_word' id='word_1_715' title='bbox 3495 3425 3625 3479; x_wconf 83' lang='lat' dir='ltr'><strong>Nam</strong></span> <span class='ocrx_word' id='word_1_716' title='bbox 3661 3428 3805 3496; x_wconf 86' lang='lat' dir='ltr'><strong>quod</strong></span> 
     </span>
    </p>
   </div>
   <div class='ocr_carea' id='block_1_97' title="bbox 2221 3510 3808 3583">
    <p class='ocr_par' dir='ltr' id='par_1_97' title="bbox 2221 3510 3808 3583">
     <span class='ocr_line' id='line_1_97' title="bbox 2221 3510 3808 3583; baseline 0.003 -20"><span class='ocrx_word' id='word_1_717' title='bbox 2221 3511 2403 3580; x_wconf 75' lang='lat' dir='ltr'><strong>gratia:</strong></span> <span class='ocrx_word' id='word_1_718' title='bbox 2428 3510 2567 3565; x_wconf 89' lang='lat' dir='ltr'><strong>dona</strong></span> <span class='ocrx_word' id='word_1_719' title='bbox 2595 3512 2645 3565; x_wconf 92' lang='lat' dir='ltr'><strong>in</strong></span> <span class='ocrx_word' id='word_1_720' title='bbox 2688 3511 2792 3565; x_wconf 92' lang='lat' dir='ltr'><strong>illis</strong></span> <span class='ocrx_word' id='word_1_721' title='bbox 2821 3512 3184 3583; x_wconf 90' lang='lat' dir='ltr'><strong>splenderent,</strong></span> <span class='ocrx_word' id='word_1_722' title='bbox 3239 3530 3425 3570; x_wconf 87' lang='lat' dir='ltr'><strong>eorum</strong></span> <span class='ocrx_word' id='word_1_723' title='bbox 3455 3532 3600 3571; x_wconf 82' lang='lat' dir='ltr'><strong>curae</strong></span> <span class='ocrx_word' id='word_1_724' title='bbox 3626 3529 3683 3572; x_wconf 89' lang='lat' dir='ltr'><strong>ct</strong></span> <span class='ocrx_word' id='word_1_725' title='bbox 3724 3520 3808 3572; x_wconf 69' lang='lat' dir='ltr'><strong>(il-</strong></span> 
     </span>
    </p>
   </div>
   <div class='ocr_carea' id='block_1_98' title="bbox 2223 3602 2618 3674">
    <p class='ocr_par' dir='ltr' id='par_1_98' title="bbox 2223 3602 2618 3674">
     <span class='ocr_line' id='line_1_98' title="bbox 2223 3602 2618 3674; baseline 0.003 -19"><span class='ocrx_word' id='word_1_726' title='bbox 2223 3602 2453 3674; x_wconf 77' lang='lat' dir='ltr'><strong>ligentia:</strong></span> <span class='ocrx_word' id='word_1_727' title='bbox 2482 3613 2618 3658; x_wconf 89' lang='lat' dir='ltr'><strong>erat.</strong></span> 
     </span>
    </p>
   </div>
   <div class='ocr_carea' id='block_1_99' title="bbox 2295 3695 3804 3770">
    <p class='ocr_par' dir='ltr' id='par_1_99' title="bbox 2295 3695 3804 3770">
     <span class='ocr_line' id='line_1_99' title="bbox 2295 3695 3804 3770; baseline 0.003 -19"><span class='ocrx_word' id='word_1_728' title='bbox 2295 3698 2347 3751; x_wconf 83' lang='lat'><strong>5.</strong></span> <span class='ocrx_word' id='word_1_729' title='bbox 2393 3695 2523 3751; x_wconf 84' lang='lat' dir='ltr'><strong>Vide</strong></span> <span class='ocrx_word' id='word_1_730' title='bbox 2550 3713 2776 3766; x_wconf 88' lang='lat' dir='ltr'><strong>namque</strong></span> <span class='ocrx_word' id='word_1_731' title='bbox 2802 3697 2981 3752; x_wconf 75' lang='lat' dir='ltr'><strong>statim</strong></span> <span class='ocrx_word' id='word_1_732' title='bbox 3010 3714 3039 3753; x_wconf 88' lang='lat' dir='ltr'><strong>a</strong></span> <span class='ocrx_word' id='word_1_733' title='bbox 3071 3699 3332 3770; x_wconf 87' lang='lat' dir='ltr'><strong>principio</strong></span> <span class='ocrx_word' id='word_1_734' title='bbox 3356 3716 3511 3770; x_wconf 89' lang='lat' dir='ltr'><strong>quam</strong></span> <span class='ocrx_word' id='word_1_735' title='bbox 3537 3702 3804 3756; x_wconf 79' lang='lat' dir='ltr'><strong>sollicitus</strong></span> 
     </span>
    </p>
   </div>
   <div class='ocr_carea' id='block_1_100' title="bbox 2230 3790 3811 3864">
    <p class='ocr_par' dir='ltr' id='par_1_100' title="bbox 2230 3790 3811 3864">
     <span class='ocr_line' id='line_1_100' title="bbox 2230 3790 3811 3864; baseline 0.003 -20"><span class='ocrx_word' id='word_1_736' title='bbox 2230 3790 2301 3844; x_wconf 89' lang='lat' dir='ltr'><strong>sit</strong></span> <span class='ocrx_word' id='word_1_737' title='bbox 2330 3790 2540 3853; x_wconf 88' lang='lat' dir='ltr'><strong>Petrus,</strong></span> <span class='ocrx_word' id='word_1_738' title='bbox 2575 3807 2731 3860; x_wconf 83' lang='lat' dir='ltr'><strong>quain</strong></span> <span class='ocrx_word' id='word_1_739' title='bbox 2762 3792 2885 3862; x_wconf 84' lang='lat' dir='ltr'><strong>vigil</strong></span> <span class='ocrx_word' id='word_1_740' title='bbox 2915 3804 2965 3847; x_wconf 92' lang='lat' dir='ltr'><strong>et</strong></span> <span class='ocrx_word' id='word_1_741' title='bbox 2992 3794 3235 3860; x_wconf 86' lang='lat' dir='ltr'><strong>sobrius;</strong></span> <span class='ocrx_word' id='word_1_742' title='bbox 3268 3794 3535 3864; x_wconf 88' lang='lat' dir='ltr'><strong>quomodo</strong></span> <span class='ocrx_word' id='word_1_743' title='bbox 3580 3798 3811 3849; x_wconf 85' lang='lat' dir='ltr'><strong>creden-</strong></span> 
     </span>
    </p>
   </div>
   <div class='ocr_carea' id='block_1_101' title="bbox 2226 3880 3809 3954">
    <p class='ocr_par' dir='ltr' id='par_1_101' title="bbox 2226 3880 3809 3954">
     <span class='ocr_line' id='line_1_101' title="bbox 2226 3880 3809 3954; baseline 0.003 -19"><span class='ocrx_word' id='word_1_744' title='bbox 2226 3890 2308 3935; x_wconf 85' lang='lat' dir='ltr'><strong>tes</strong></span> <span class='ocrx_word' id='word_1_745' title='bbox 2340 3881 2594 3951; x_wconf 85' lang='lat' dir='ltr'><strong>pecunias</strong></span> <span class='ocrx_word' id='word_1_746' title='bbox 2623 3880 2969 3951; x_wconf 87' lang='lat' dir='ltr'><strong>abjiciebaut.</strong></span> <span class='ocrx_word' id='word_1_747' title='bbox 3014 3882 3155 3937; x_wconf 86' lang='lat' dir='ltr'><strong>Nihil</strong></span> <span class='ocrx_word' id='word_1_748' title='bbox 3201 3886 3469 3954; x_wconf 89' lang='lat' dir='ltr'><strong>proprium</strong></span> <span class='ocrx_word' id='word_1_749' title='bbox 3519 3886 3809 3947; x_wconf 83' lang='lat' dir='ltr'><strong>habebant,</strong></span> 
     </span>
    </p>
   </div>
   <div class='ocr_carea' id='block_1_102' title="bbox 2228 3974 3811 4042">
    <p class='ocr_par' dir='ltr' id='par_1_102' title="bbox 2228 3974 3811 4042">
     <span class='ocr_line' id='line_1_102' title="bbox 2228 3974 3811 4042; baseline 0.002 -14"><span class='ocrx_word' id='word_1_750' title='bbox 2228 3974 2280 4028; x_wconf 90' lang='lat' dir='ltr'><strong>in</strong></span> <span class='ocrx_word' id='word_1_751' title='bbox 2313 3975 2554 4028; x_wconf 89' lang='lat' dir='ltr'><strong>oratione</strong></span> <span class='ocrx_word' id='word_1_752' title='bbox 2585 3976 2958 4041; x_wconf 87' lang='lat' dir='ltr'><strong>versabantur,</strong></span> <span class='ocrx_word' id='word_1_753' title='bbox 2987 3976 3327 4031; x_wconf 90' lang='lat' dir='ltr'><strong>concordiam</strong></span> <span class='ocrx_word' id='word_1_754' title='bbox 3358 3978 3712 4042; x_wconf 81' lang='lat' dir='ltr'><strong>exhibebant,</strong></span> <span class='ocrx_word' id='word_1_755' title='bbox 3762 3982 3811 4031; x_wconf 89' lang='lat' dir='ltr'><strong>in</strong></span> 
     </span>
    </p>
   </div>
   <div class='ocr_carea' id='block_1_103' title="bbox 2224 4065 3812 4139">
    <p class='ocr_par' dir='ltr' id='par_1_103' title="bbox 2224 4065 3812 4139">
     <span class='ocr_line' id='line_1_103' title="bbox 2224 4065 3812 4139; baseline 0.003 -21"><span class='ocrx_word' id='word_1_756' title='bbox 2224 4065 2441 4134; x_wconf 84' lang='lat' dir='ltr'><strong>jejuniis</strong></span> <span class='ocrx_word' id='word_1_757' title='bbox 2470 4066 2719 4135; x_wconf 84' lang='lat' dir='ltr'><strong>agebant.</strong></span> <span class='ocrx_word' id='word_1_758' title='bbox 2766 4068 2890 4121; x_wconf 66' lang='lat' dir='ltr'><strong>llaec</strong></span> <span class='ocrx_word' id='word_1_759' title='bbox 2916 4083 2978 4121; x_wconf 82' lang='lat' dir='ltr'><strong>ex</strong></span> <span class='ocrx_word' id='word_1_760' title='bbox 3010 4084 3113 4138; x_wconf 91' lang='lat' dir='ltr'><strong>qua</strong></span> <span class='ocrx_word' id='word_1_761' title='bbox 3144 4068 3331 4138; x_wconf 87' lang='lat' dir='ltr'><strong>gratia,</strong></span> <span class='ocrx_word' id='word_1_762' title='bbox 3365 4084 3544 4139; x_wconf 61' lang='lat' dir='ltr'><strong>quam)</strong></span> <span class='ocrx_word' id='word_1_763' title='bbox 3566 4070 3589 4122; x_wconf 91' lang='lat'><strong>?</strong></span> <span class='ocrx_word' id='word_1_764' title='bbox 3610 4071 3735 4124; x_wconf 90' lang='lat' dir='ltr'><strong>Ideo</strong></span> <span class='ocrx_word' id='word_1_765' title='bbox 3762 4071 3812 4123; x_wconf 89' lang='lat' dir='ltr'><strong>id</strong></span> 
     </span>
    </p>
   </div>
   <div class='ocr_carea' id='block_1_104' title="bbox 2229 4158 3811 4230">
    <p class='ocr_par' dir='ltr' id='par_1_104' title="bbox 2229 4158 3811 4230">
     <span class='ocr_line' id='line_1_104' title="bbox 2229 4158 3811 4230; baseline 0.001 -18"><span class='ocrx_word' id='word_1_766' title='bbox 2229 4158 2427 4223; x_wconf 80' lang='lat' dir='ltr'><strong>efficit,</strong></span> <span class='ocrx_word' id='word_1_767' title='bbox 2476 4168 2535 4211; x_wconf 87' lang='lat' dir='ltr'><strong>ut</strong></span> <span class='ocrx_word' id='word_1_768' title='bbox 2582 4173 2677 4226; x_wconf 91' lang='lat' dir='ltr'><strong>per</strong></span> <span class='ocrx_word' id='word_1_769' title='bbox 2728 4158 3003 4211; x_wconf 89' lang='lat' dir='ltr'><strong>ministros</strong></span> <span class='ocrx_word' id='word_1_770' title='bbox 3068 4174 3195 4214; x_wconf 88' lang='lat' dir='ltr'><strong>suos</strong></span> <span class='ocrx_word' id='word_1_771' title='bbox 3244 4159 3669 4230; x_wconf 83' lang='lat' dir='ltr'><strong>redarguantur;</strong></span> <span class='ocrx_word' id='word_1_772' title='bbox 3721 4163 3811 4230; x_wconf 89' lang='lat' dir='ltr'><strong>qui</strong></span> 
     </span>
    </p>
   </div>
   <div class='ocr_carea' id='block_1_105' title="bbox 2230 4250 3813 4323">
    <p class='ocr_par' dir='ltr' id='par_1_105' title="bbox 2230 4250 3813 4323">
     <span class='ocr_line' id='line_1_105' title="bbox 2230 4250 3813 4323; baseline 0.001 -20"><span class='ocrx_word' id='word_1_773' title='bbox 2230 4250 2408 4312; x_wconf 89' lang='lat' dir='ltr'><strong>etiam,</strong></span> <span class='ocrx_word' id='word_1_774' title='bbox 2459 4259 2514 4303; x_wconf 89' lang='lat' dir='ltr'><strong>ut</strong></span> <span class='ocrx_word' id='word_1_775' title='bbox 2562 4250 2700 4319; x_wconf 88' lang='lat' dir='ltr'><strong>apud</strong></span> <span class='ocrx_word' id='word_1_776' title='bbox 2747 4250 3016 4305; x_wconf 87' lang='lat' dir='ltr'><strong>Christum</strong></span> <span class='ocrx_word' id='word_1_777' title='bbox 3044 4253 3189 4305; x_wconf 90' lang='lat' dir='ltr'><strong>missi</strong></span> <span class='ocrx_word' id='word_1_778' title='bbox 3217 4251 3481 4317; x_wconf 91' lang='lat' dir='ltr'><strong>dicebant,</strong></span> <span class='ocrx_word' id='word_1_779' title='bbox 3514 4251 3813 4323; x_wconf 82' lang='lat' dir='ltr'><strong>Numquam</strong></span> 
     </span>
    </p>
   </div>
   <div class='ocr_carea' id='block_1_106' title="bbox 2232 4341 3812 4414">
    <p class='ocr_par' dir='ltr' id='par_1_106' title="bbox 2232 4341 3812 4414">
     <span class='ocr_line' id='line_1_106' title="bbox 2232 4341 3812 4414; baseline 0.003 -21"><span class='ocrx_word' id='word_1_780' title='bbox 2232 4342 2379 4395; x_wconf 84' lang='lat' dir='ltr'><strong>homo</strong></span> <span class='ocrx_word' id='word_1_781' title='bbox 2411 4342 2483 4394; x_wconf 87' lang='lat' dir='ltr'><strong>sic</strong></span> <span class='ocrx_word' id='word_1_782' title='bbox 2506 4341 2742 4411; x_wconf 88' lang='lat' dir='ltr'><strong>loquutus</strong></span> <span class='ocrx_word' id='word_1_783' title='bbox 2787 4352 2882 4407; x_wconf 88' lang='lat' dir='ltr'><strong>est,</strong></span> <span class='ocrx_word' id='word_1_784' title='bbox 2914 4353 3040 4395; x_wconf 78' lang='lat' dir='ltr'><strong>sicut</strong></span> <span class='ocrx_word' id='word_1_785' title='bbox 3087 4343 3167 4396; x_wconf 87' lang='lat' dir='ltr'><strong>hic</strong></span> <span class='ocrx_word' id='word_1_786' title='bbox 3208 4344 3356 4397; x_wconf 83' lang='lat' dir='ltr'><strong>homo</strong></span> <span class='ocrx_word' id='word_1_787' title='bbox 3388 4343 3566 4414; x_wconf 79' lang='lat' dir='ltr'><strong>(Joan.</strong></span> <span class='ocrx_word' id='word_1_788' title='bbox 3595 4345 3649 4398; x_wconf 86' lang='lat'><strong>7.</strong></span> <span class='ocrx_word' id='word_1_789' title='bbox 3682 4346 3777 4413; x_wconf 74' lang='grc'><strong>46)</strong></span> <span class='ocrx_word' id='word_1_790' title='bbox 3797 4386 3812 4405; x_wconf 84' lang='grc'><strong>.</strong></span> 
     </span>
    </p>
   </div>
   <div class='ocr_carea' id='block_1_107' title="bbox 2231 4435 3815 4505">
    <p class='ocr_par' dir='ltr' id='par_1_107' title="bbox 2231 4435 3815 4505">
     <span class='ocr_line' id='line_1_107' title="bbox 2231 4435 3815 4505; baseline 0.001 -16"><span class='ocrx_word' id='word_1_791' title='bbox 2231 4435 2681 4489; x_wconf 89' lang='lat' dir='ltr'><strong>annuntiaverunt</strong></span> <span class='ocrx_word' id='word_1_792' title='bbox 2706 4436 2906 4488; x_wconf 84' lang='lat' dir='ltr'><strong>reversi</strong></span> <span class='ocrx_word' id='word_1_793' title='bbox 2938 4451 3055 4505; x_wconf 78' lang='lat' dir='ltr'><strong>qua:</strong></span> <span class='ocrx_word' id='word_1_794' title='bbox 3080 4435 3339 4489; x_wconf 87' lang='lat' dir='ltr'><strong>viderant.</strong></span> <span class='ocrx_word' id='word_1_795' title='bbox 3370 4435 3449 4491; x_wconf 89' lang='lat' dir='ltr'><strong>Tu</strong></span> <span class='ocrx_word' id='word_1_796' title='bbox 3471 4447 3651 4491; x_wconf 87' lang='lat' dir='ltr'><strong>autem</strong></span> <span class='ocrx_word' id='word_1_797' title='bbox 3683 4438 3815 4491; x_wconf 90' lang='lat' dir='ltr'><strong>mihi</strong></span> 
     </span>
    </p>
   </div>
   <div class='ocr_carea' id='block_1_108' title="bbox 2232 4527 3815 4599">
    <p class='ocr_par' dir='ltr' id='par_1_108' title="bbox 2232 4527 3815 4599">
     <span class='ocr_line' id='line_1_108' title="bbox 2232 4527 3815 4599; baseline 0.001 -17"><span class='ocrx_word' id='word_1_798' title='bbox 2232 4527 2319 4583; x_wconf 86' lang='lat' dir='ltr'><strong>hic</strong></span> <span class='ocrx_word' id='word_1_799' title='bbox 2349 4527 2627 4582; x_wconf 87' lang='lat' dir='ltr'><strong>considera</strong></span> <span class='ocrx_word' id='word_1_800' title='bbox 2652 4528 2863 4582; x_wconf 87' lang='lat' dir='ltr'><strong>illorum</strong></span> <span class='ocrx_word' id='word_1_801' title='bbox 2892 4528 3375 4592; x_wconf 90' lang='lat' dir='ltr'><strong>mansuetudinem,</strong></span> <span class='ocrx_word' id='word_1_802' title='bbox 3416 4530 3689 4599; x_wconf 87' lang='lat' dir='ltr'><strong>quomodo</strong></span> <span class='ocrx_word' id='word_1_803' title='bbox 3719 4545 3815 4584; x_wconf 88' lang='lat' dir='ltr'><strong>ce-</strong></span> 
     </span>
    </p>
   </div>
   <div class='ocr_carea' id='block_1_109' title="bbox 2233 4621 3816 4691">
    <p class='ocr_par' dir='ltr' id='par_1_109' title="bbox 2233 4621 3816 4691">
     <span class='ocr_line' id='line_1_109' title="bbox 2233 4621 3816 4691; baseline 0.001 -16"><span class='ocrx_word' id='word_1_804' title='bbox 2233 4621 2364 4675; x_wconf 89' lang='lat' dir='ltr'><strong>dunt</strong></span> <span class='ocrx_word' id='word_1_805' title='bbox 2391 4637 2405 4685; x_wconf 88' lang='lat'><strong>;</strong></span> <span class='ocrx_word' id='word_1_806' title='bbox 2438 4636 2645 4675; x_wconf 91' lang='lat' dir='ltr'><strong>necnon</strong></span> <span class='ocrx_word' id='word_1_807' title='bbox 2677 4621 2855 4674; x_wconf 87' lang='lat' dir='ltr'><strong>fictam</strong></span> <span class='ocrx_word' id='word_1_808' title='bbox 2903 4622 3158 4691; x_wconf 87' lang='lat' dir='ltr'><strong>principis</strong></span> <span class='ocrx_word' id='word_1_809' title='bbox 3185 4624 3519 4677; x_wconf 88' lang='lat' dir='ltr'><strong>sacerdotum</strong></span> <span class='ocrx_word' id='word_1_810' title='bbox 3554 4634 3816 4677; x_wconf 86' lang='lat' dir='ltr'><strong>mentem.</strong></span> 
     </span>
    </p>
   </div>
   <div class='ocr_carea' id='block_1_110' title="bbox 2198 4712 3822 4861">
    <p class='ocr_par' dir='ltr' id='par_1_110' title="bbox 2198 4712 3822 4861">
     <span class='ocr_line' id='line_1_110' title="bbox 2198 4712 3822 4782; baseline 0 -17"><span class='ocrx_word' id='word_1_811' title='bbox 2198 4718 2202 4724; x_wconf 90' lang='lat'>&#39;</span> <span class='ocrx_word' id='word_1_812' title='bbox 2238 4713 2505 4768; x_wconf 83' lang='lat' dir='ltr'><strong>Mansuete</strong></span> <span class='ocrx_word' id='word_1_813' title='bbox 2532 4712 2673 4766; x_wconf 87' lang='lat' dir='ltr'><strong>enim</strong></span> <span class='ocrx_word' id='word_1_814' title='bbox 2704 4712 2809 4766; x_wconf 91' lang='lat' dir='ltr'><strong>illis</strong></span> <span class='ocrx_word' id='word_1_815' title='bbox 2840 4713 3092 4782; x_wconf 88' lang='lat' dir='ltr'><strong>loquitur,</strong></span> <span class='ocrx_word' id='word_1_816' title='bbox 3127 4722 3309 4782; x_wconf 88' lang='lat' dir='ltr'><strong>utpote</strong></span> <span class='ocrx_word' id='word_1_817' title='bbox 3341 4715 3567 4775; x_wconf 88' lang='lat' dir='ltr'><strong>timens;</strong></span> <span class='ocrx_word' id='word_1_818' title='bbox 3608 4725 3664 4767; x_wconf 89' lang='lat' dir='ltr'><strong>ct</strong></span> <span class='ocrx_word' id='word_1_819' title='bbox 3695 4730 3822 4782; x_wconf 87' lang='lat' dir='ltr'><strong>pro-</strong></span> 
     </span>
     <span class='ocr_line' id='line_1_111' title="bbox 2198 4727 3820 4861; baseline -0.001 0"><span class='ocrx_word' id='word_1_820' title='bbox 2198 4727 2419 4861; x_wconf 41' lang='lat' dir='ltr'><strong>‘inibere</strong></span> <span class='ocrx_word' id='word_1_821' title='bbox 2452 4805 2620 4861; x_wconf 67' lang='lat' dir='ltr'><strong>magis</strong></span> <span class='ocrx_word' id='word_1_822' title='bbox 2649 4805 2896 4861; x_wconf 89' lang='lat' dir='ltr'><strong>volebat.</strong></span> <span class='ocrx_word' id='word_1_823' title='bbox 2943 4819 3099 4861; x_wconf 82' lang='lat' dir='ltr'><strong>quam</strong></span> <span class='ocrx_word' id='word_1_824' title='bbox 3137 4804 3398 4861; x_wconf 88' lang='lat' dir='ltr'><strong>occidere.</strong></span> <span class='ocrx_word' id='word_1_825' title='bbox 3428 4806 3550 4861; x_wconf 80' lang='lat' dir='ltr'><strong>quia</strong></span> <span class='ocrx_word' id='word_1_826' title='bbox 3601 4805 3654 4859; x_wconf 91' lang='lat' dir='ltr'><strong>id</strong></span> <span class='ocrx_word' id='word_1_827' title='bbox 3710 4821 3820 4860; x_wconf 91' lang='lat' dir='ltr'><strong>non</strong></span> 
     </span>
    </p>
   </div>
   <div class='ocr_carea' id='block_1_111' title="bbox 2239 4804 3820 4875">
    <p class='ocr_par' dir='ltr' id='par_1_111' title="bbox 2239 4804 3820 4875">
     <span class='ocr_line' id='line_1_112' title="bbox 2239 4804 3820 4875; baseline 0.002 -19"><span class='ocrx_word' id='word_1_828' title='bbox 2239 4805 2419 4858; x_wconf 88' lang='lat' dir='ltr'><strong>nibere</strong></span> <span class='ocrx_word' id='word_1_829' title='bbox 2452 4805 2620 4874; x_wconf 84' lang='lat' dir='ltr'><strong>magis</strong></span> <span class='ocrx_word' id='word_1_830' title='bbox 2649 4805 2896 4870; x_wconf 90' lang='lat' dir='ltr'><strong>volebat,</strong></span> <span class='ocrx_word' id='word_1_831' title='bbox 2943 4819 3099 4874; x_wconf 90' lang='lat' dir='ltr'><strong>quam</strong></span> <span class='ocrx_word' id='word_1_832' title='bbox 3137 4804 3398 4867; x_wconf 90' lang='lat' dir='ltr'><strong>occidere,</strong></span> <span class='ocrx_word' id='word_1_833' title='bbox 3428 4806 3550 4875; x_wconf 87' lang='lat' dir='ltr'><strong>quia</strong></span> <span class='ocrx_word' id='word_1_834' title='bbox 3601 4805 3654 4859; x_wconf 91' lang='lat' dir='ltr'><strong>id</strong></span> <span class='ocrx_word' id='word_1_835' title='bbox 3710 4821 3820 4860; x_wconf 91' lang='lat' dir='ltr'><strong>non</strong></span> 
     </span>
    </p>
   </div>
   <div class='ocr_carea' id='block_1_112' title="bbox 2238 4899 3826 4968">
    <p class='ocr_par' dir='ltr' id='par_1_112' title="bbox 2238 4899 3826 4968">
     <span class='ocr_line' id='line_1_113' title="bbox 2238 4899 3826 4968; baseline 0.002 -20"><span class='ocrx_word' id='word_1_836' title='bbox 2238 4907 2463 4966; x_wconf 90' lang='lat' dir='ltr'><strong>poterat.</strong></span> <span class='ocrx_word' id='word_1_837' title='bbox 2507 4901 2680 4968; x_wconf 86' lang='lat' dir='ltr'><strong>Atque</strong></span> <span class='ocrx_word' id='word_1_838' title='bbox 2723 4907 2784 4952; x_wconf 90' lang='lat' dir='ltr'><strong>ut</strong></span> <span class='ocrx_word' id='word_1_839' title='bbox 2824 4912 3013 4951; x_wconf 90' lang='lat' dir='ltr'><strong>omnes</strong></span> <span class='ocrx_word' id='word_1_840' title='bbox 3050 4908 3301 4964; x_wconf 84' lang='lat' dir='ltr'><strong>moveat,</strong></span> <span class='ocrx_word' id='word_1_841' title='bbox 3343 4913 3404 4952; x_wconf 89' lang='lat' dir='ltr'><strong>ac</strong></span> <span class='ocrx_word' id='word_1_842' title='bbox 3447 4899 3514 4952; x_wconf 88' lang='lat' dir='ltr'><strong>de</strong></span> <span class='ocrx_word' id='word_1_843' title='bbox 3558 4901 3826 4953; x_wconf 79' lang='lat' dir='ltr'><strong>extremis</strong></span> 
     </span>
    </p>
   </div>
   <div class='ocr_carea' id='block_1_113' title="bbox 2235 4988 3827 5064">
    <p class='ocr_par' dir='ltr' id='par_1_113' title="bbox 2235 4988 3827 5064">
     <span class='ocr_line' id='line_1_114' title="bbox 2235 4988 3827 5064; baseline 0.001 -20"><span class='ocrx_word' id='word_1_844' title='bbox 2235 4991 2525 5064; x_wconf 89' lang='lat' dir='ltr'><strong>periclitari</strong></span> <span class='ocrx_word' id='word_1_845' title='bbox 2555 4990 2799 5057; x_wconf 88' lang='lat' dir='ltr'><strong>suadeat,</strong></span> <span class='ocrx_word' id='word_1_846' title='bbox 2837 4988 3025 5053; x_wconf 85' lang='lat' dir='ltr'><strong>Vultis,</strong></span> <span class='ocrx_word' id='word_1_847' title='bbox 3060 4990 3248 5059; x_wconf 90' lang='lat' dir='ltr'><strong>inquit,</strong></span> <span class='ocrx_word' id='word_1_848' title='bbox 3272 4992 3507 5046; x_wconf 87' lang='lat' dir='ltr'><strong>inducere</strong></span> <span class='ocrx_word' id='word_1_849' title='bbox 3542 5008 3697 5058; x_wconf 83' lang='lat' dir='ltr'><strong>super</strong></span> <span class='ocrx_word' id='word_1_850' title='bbox 3728 5009 3827 5047; x_wconf 87' lang='lat' dir='ltr'><strong>nos</strong></span> 
     </span>
    </p>
   </div>
   <div class='ocr_carea' id='block_1_114' title="bbox 2236 5081 3831 5153">
    <p class='ocr_par' dir='ltr' id='par_1_114' title="bbox 2236 5081 3831 5153">
     <span class='ocr_line' id='line_1_115' title="bbox 2236 5081 3831 5153; baseline 0.001 -17"><span class='ocrx_word' id='word_1_851' title='bbox 2236 5084 2531 5153; x_wconf 87' lang='lat' dir='ltr'><strong>sanguinem</strong></span> <span class='ocrx_word' id='word_1_852' title='bbox 2568 5083 2784 5135; x_wconf 81' lang='lat' dir='ltr'><strong>hominis</strong></span> <span class='ocrx_word' id='word_1_853' title='bbox 2824 5081 3005 5136; x_wconf 86' lang='lat' dir='ltr'><strong>illius?</strong></span> <span class='ocrx_word' id='word_1_854' title='bbox 3054 5082 3241 5136; x_wconf 87' lang='lat' dir='ltr'><strong>Adhuc</strong></span> <span class='ocrx_word' id='word_1_855' title='bbox 3285 5082 3443 5137; x_wconf 92' lang='lat' dir='ltr'><strong>homo</strong></span> <span class='ocrx_word' id='word_1_856' title='bbox 3474 5084 3565 5137; x_wconf 90' lang='lat' dir='ltr'><strong>tibi</strong></span> <span class='ocrx_word' id='word_1_857' title='bbox 3609 5084 3831 5138; x_wconf 87' lang='lat' dir='ltr'><strong>videtur</strong></span> 
     </span>
    </p>
   </div>
   <div class='ocr_carea' id='block_1_115' title="bbox 2236 5172 3828 5244">
    <p class='ocr_par' dir='ltr' id='par_1_115' title="bbox 2236 5172 3828 5244">
     <span class='ocr_line' id='line_1_116' title="bbox 2236 5172 3828 5244; baseline 0.001 -16"><span class='ocrx_word' id='word_1_858' title='bbox 2236 5173 2400 5228; x_wconf 80' lang='lat' dir='ltr'><strong>esse?</strong></span> <span class='ocrx_word' id='word_1_859' title='bbox 2428 5173 2503 5227; x_wconf 87' lang='lat' dir='ltr'><strong>lla</strong></span> <span class='ocrx_word' id='word_1_860' title='bbox 2543 5172 2696 5239; x_wconf 80' lang='lat' dir='ltr'><strong>dixit,</strong></span> <span class='ocrx_word' id='word_1_861' title='bbox 2730 5174 3021 5228; x_wconf 89' lang='lat' dir='ltr'><strong>ostendens</strong></span> <span class='ocrx_word' id='word_1_862' title='bbox 3050 5174 3151 5228; x_wconf 91' lang='lat' dir='ltr'><strong>hoc</strong></span> <span class='ocrx_word' id='word_1_863' title='bbox 3179 5183 3500 5242; x_wconf 67' lang='lat' dir='ltr'><strong>prazceptum</strong></span> <span class='ocrx_word' id='word_1_864' title='bbox 3528 5183 3581 5228; x_wconf 90' lang='lat' dir='ltr'><strong>et</strong></span> <span class='ocrx_word' id='word_1_865' title='bbox 3605 5175 3828 5244; x_wconf 86' lang='lat' dir='ltr'><strong>jussum</strong></span> 
     </span>
    </p>
   </div>
   <div class='ocr_carea' id='block_1_116' title="bbox 2240 5264 3832 5335">
    <p class='ocr_par' dir='ltr' id='par_1_116' title="bbox 2240 5264 3832 5335">
     <span class='ocr_line' id='line_1_117' title="bbox 2240 5264 3832 5335; baseline 0 -16"><span class='ocrx_word' id='word_1_866' title='bbox 2240 5267 2341 5320; x_wconf 89' lang='lat' dir='ltr'><strong>sibi</strong></span> <span class='ocrx_word' id='word_1_867' title='bbox 2374 5266 2502 5334; x_wconf 87' lang='lat' dir='ltr'><strong>ipsis</strong></span> <span class='ocrx_word' id='word_1_868' title='bbox 2547 5266 2907 5321; x_wconf 88' lang='lat' dir='ltr'><strong>necessarium</strong></span> <span class='ocrx_word' id='word_1_869' title='bbox 2951 5280 3092 5321; x_wconf 88' lang='lat' dir='ltr'><strong>esse.</strong></span> <span class='ocrx_word' id='word_1_870' title='bbox 3132 5265 3237 5321; x_wconf 90' lang='lat' dir='ltr'><strong>Sed</strong></span> <span class='ocrx_word' id='word_1_871' title='bbox 3282 5266 3403 5320; x_wconf 86' lang='lat' dir='ltr'><strong>vide</strong></span> <span class='ocrx_word' id='word_1_872' title='bbox 3450 5264 3577 5335; x_wconf 89' lang='lat' dir='ltr'><strong>quid</strong></span> <span class='ocrx_word' id='word_1_873' title='bbox 3628 5266 3832 5321; x_wconf 71' lang='lat' dir='ltr'><strong>Petrus</strong></span> 
     </span>
    </p>
   </div>
   <div class='ocr_carea' id='block_1_117' title="bbox 2237 5356 3839 5427">
    <p class='ocr_par' dir='ltr' id='par_1_117' title="bbox 2237 5356 3839 5427">
     <span class='ocr_line' id='line_1_118' title="bbox 2237 5356 3839 5427; baseline 0 -15"><span class='ocrx_word' id='word_1_874' title='bbox 2237 5358 2380 5413; x_wconf 88' lang='lat' dir='ltr'><strong>dicat</strong></span> <span class='ocrx_word' id='word_1_875' title='bbox 2408 5375 2421 5410; x_wconf 89' lang='lat'><strong>:</strong></span> <span class='ocrx_word' id='word_1_876' title='bbox 2455 5356 2609 5410; x_wconf 86' lang='lat' dir='ltr'><strong>Hunc</strong></span> <span class='ocrx_word' id='word_1_877' title='bbox 2659 5357 2937 5427; x_wconf 84' lang='lat' dir='ltr'><strong>principem</strong></span> <span class='ocrx_word' id='word_1_878' title='bbox 2966 5367 3012 5411; x_wconf 87' lang='lat' dir='ltr'><strong>et</strong></span> <span class='ocrx_word' id='word_1_879' title='bbox 3039 5357 3353 5411; x_wconf 85' lang='lat' dir='ltr'><strong>Salvatorem</strong></span> <span class='ocrx_word' id='word_1_880' title='bbox 3392 5356 3531 5410; x_wconf 89' lang='lat' dir='ltr'><strong>Deus</strong></span> <span class='ocrx_word' id='word_1_881' title='bbox 3579 5357 3839 5412; x_wconf 69' lang='lat' dir='ltr'><strong>exultauit</strong></span> 
     </span>
    </p>
   </div>
   <div class='ocr_carea' id='block_1_118' title="bbox 2239 5450 3840 5520">
    <p class='ocr_par' dir='ltr' id='par_1_118' title="bbox 2239 5450 3840 5520">
     <span class='ocr_line' id='line_1_119' title="bbox 2239 5450 3840 5520; baseline 0.002 -16"><span class='ocrx_word' id='word_1_882' title='bbox 2239 5452 2448 5505; x_wconf 79' lang='lat' dir='ltr'><strong>dextera</strong></span> <span class='ocrx_word' id='word_1_883' title='bbox 2469 5467 2583 5517; x_wconf 88' lang='lat' dir='ltr'><strong>sua,</strong></span> <span class='ocrx_word' id='word_1_884' title='bbox 2616 5452 2683 5504; x_wconf 89' lang='lat' dir='ltr'><strong>ad</strong></span> <span class='ocrx_word' id='word_1_885' title='bbox 2712 5451 2935 5505; x_wconf 88' lang='lat' dir='ltr'><strong>dandam</strong></span> <span class='ocrx_word' id='word_1_886' title='bbox 2965 5452 3307 5520; x_wconf 79' lang='lat' dir='ltr'><strong>paenitentiam</strong></span> <span class='ocrx_word' id='word_1_887' title='bbox 3332 5450 3539 5519; x_wconf 85' lang='lat' dir='ltr'><strong>Israeli,</strong></span> <span class='ocrx_word' id='word_1_888' title='bbox 3569 5462 3617 5505; x_wconf 88' lang='lat' dir='ltr'><strong>et</strong></span> <span class='ocrx_word' id='word_1_889' title='bbox 3643 5454 3840 5507; x_wconf 79' lang='lat' dir='ltr'><strong>remis-</strong></span> 
     </span>
    </p>
   </div>
   <div class='ocr_carea' id='block_1_119' title="bbox 2238 5544 3841 5614">
    <p class='ocr_par' dir='ltr' id='par_1_119' title="bbox 2238 5544 3841 5614">
     <span class='ocr_line' id='line_1_120' title="bbox 2238 5544 3841 5614; baseline 0.002 -15"><span class='ocrx_word' id='word_1_890' title='bbox 2238 5547 2431 5599; x_wconf 85' lang='lat' dir='ltr'><strong>sionem</strong></span> <span class='ocrx_word' id='word_1_891' title='bbox 2472 5555 2806 5614; x_wconf 87' lang='lat' dir='ltr'><strong>peccatorum.</strong></span> <span class='ocrx_word' id='word_1_892' title='bbox 2841 5544 2937 5599; x_wconf 85' lang='lat' dir='ltr'><strong>Hic</strong></span> <span class='ocrx_word' id='word_1_893' title='bbox 2963 5560 3070 5599; x_wconf 94' lang='lat' dir='ltr'><strong>non</strong></span> <span class='ocrx_word' id='word_1_894' title='bbox 3096 5545 3616 5614; x_wconf 87' lang='lat' dir='ltr'><strong>meminitgentium,</strong></span> <span class='ocrx_word' id='word_1_895' title='bbox 3666 5557 3727 5599; x_wconf 89' lang='lat' dir='ltr'><strong>ut</strong></span> <span class='ocrx_word' id='word_1_896' title='bbox 3758 5562 3841 5603; x_wconf 80' lang='lat' dir='ltr'><strong>ne</strong></span> 
     </span>
    </p>
   </div>
   <div class='ocr_carea' id='block_1_120' title="bbox 2239 5637 3839 5708">
    <p class='ocr_par' dir='ltr' id='par_1_120' title="bbox 2239 5637 3839 5708">
     <span class='ocr_line' id='line_1_121' title="bbox 2239 5637 3839 5708; baseline 0 -14"><span class='ocrx_word' id='word_1_897' title='bbox 2239 5655 2423 5694; x_wconf 90' lang='lat' dir='ltr'><strong>ansam</strong></span> <span class='ocrx_word' id='word_1_898' title='bbox 2451 5639 2621 5694; x_wconf 90' lang='lat' dir='ltr'><strong>daret.</strong></span> <span class='ocrx_word' id='word_1_899' title='bbox 2652 5638 2720 5691; x_wconf 81' lang='lat' dir='ltr'><strong>Et</strong></span> <span class='ocrx_word' id='word_1_900' title='bbox 2746 5639 2995 5703; x_wconf 86' lang='lat' dir='ltr'><strong>volebant,</strong></span> <span class='ocrx_word' id='word_1_901' title='bbox 3024 5638 3213 5708; x_wconf 86' lang='lat' dir='ltr'><strong>inquit,</strong></span> <span class='ocrx_word' id='word_1_902' title='bbox 3254 5637 3479 5692; x_wconf 83' lang='lat' dir='ltr'><strong>occidere</strong></span> <span class='ocrx_word' id='word_1_903' title='bbox 3502 5637 3642 5691; x_wconf 86' lang='lat' dir='ltr'><strong>illos.</strong></span> <span class='ocrx_word' id='word_1_904' title='bbox 3691 5638 3839 5694; x_wconf 68' lang='lat' dir='ltr'><strong>Vide</strong></span> 
     </span>
    </p>
   </div>
   <div class='ocr_carea' id='block_1_121' title="bbox 2238 5730 3837 5801">
    <p class='ocr_par' dir='ltr' id='par_1_121' title="bbox 2238 5730 3837 5801">
     <span class='ocr_line' id='line_1_122' title="bbox 2238 5730 3837 5801; baseline -0.003 -13"><span class='ocrx_word' id='word_1_905' title='bbox 2238 5748 2449 5788; x_wconf 88' lang='lat' dir='ltr'><strong>rursum</strong></span> <span class='ocrx_word' id='word_1_906' title='bbox 2481 5733 2575 5784; x_wconf 89' lang='lat' dir='ltr'><strong>hos</strong></span> <span class='ocrx_word' id='word_1_907' title='bbox 2603 5732 2652 5785; x_wconf 90' lang='lat' dir='ltr'><strong>in</strong></span> <span class='ocrx_word' id='word_1_908' title='bbox 2683 5732 2923 5801; x_wconf 81' lang='lat' dir='ltr'><strong>angustia</strong></span> <span class='ocrx_word' id='word_1_909' title='bbox 2950 5741 3003 5784; x_wconf 89' lang='lat' dir='ltr'><strong>et</strong></span> <span class='ocrx_word' id='word_1_910' title='bbox 3029 5730 3216 5785; x_wconf 86' lang='lat' dir='ltr'><strong>dolore</strong></span> <span class='ocrx_word' id='word_1_911' title='bbox 3240 5746 3255 5793; x_wconf 92' lang='lat'><strong>;</strong></span> <span class='ocrx_word' id='word_1_912' title='bbox 3290 5730 3405 5784; x_wconf 87' lang='lat' dir='ltr'><strong>illos</strong></span> <span class='ocrx_word' id='word_1_913' title='bbox 3425 5744 3554 5783; x_wconf 90' lang='lat' dir='ltr'><strong>vero</strong></span> <span class='ocrx_word' id='word_1_914' title='bbox 3582 5730 3635 5781; x_wconf 92' lang='lat' dir='ltr'><strong>in</strong></span> <span class='ocrx_word' id='word_1_915' title='bbox 3666 5732 3837 5799; x_wconf 82' lang='lat' dir='ltr'><strong>quie-</strong></span> 
     </span>
    </p>
   </div>
   <div class='ocr_carea' id='block_1_122' title="bbox 2242 5821 3835 5894">
    <p class='ocr_par' dir='ltr' id='par_1_122' title="bbox 2242 5821 3835 5894">
     <span class='ocr_line' id='line_1_123' title="bbox 2242 5821 3835 5894; baseline -0.004 -12"><span class='ocrx_word' id='word_1_916' title='bbox 2242 5839 2293 5883; x_wconf 86' lang='lat' dir='ltr'><strong>te</strong></span> <span class='ocrx_word' id='word_1_917' title='bbox 2313 5871 2326 5891; x_wconf 90' lang='lat'><strong>,</strong></span> <span class='ocrx_word' id='word_1_918' title='bbox 2360 5827 2540 5881; x_wconf 66' lang='lat' dir='ltr'><strong>latitia</strong></span> <span class='ocrx_word' id='word_1_919' title='bbox 2568 5838 2616 5880; x_wconf 85' lang='lat' dir='ltr'><strong>et</strong></span> <span class='ocrx_word' id='word_1_920' title='bbox 2643 5827 2931 5892; x_wconf 85' lang='lat' dir='ltr'><strong>voluptate.</strong></span> <span class='ocrx_word' id='word_1_921' title='bbox 2958 5823 3070 5877; x_wconf 85' lang='lat' dir='ltr'><strong>Non</strong></span> <span class='ocrx_word' id='word_1_922' title='bbox 3103 5823 3413 5894; x_wconf 86' lang='lat' dir='ltr'><strong>simpliciter</strong></span> <span class='ocrx_word' id='word_1_923' title='bbox 3438 5821 3510 5875; x_wconf 89' lang='lat' dir='ltr'><strong>illi</strong></span> <span class='ocrx_word' id='word_1_924' title='bbox 3539 5821 3835 5889; x_wconf 79' lang='lat' dir='ltr'><strong>dolebant,</strong></span> 
     </span>
    </p>
   </div>
  </div>
