4076 6354
261 473 556 528 δασκαλίαν
583 473 1020 542 ἀπηρτισμένην.
1055 475 1162 526 Καὶ
1219 474 1381 542 ἡμεῖς
1429 475 1613 542 ἐσμεν
1659 473 1844 527 αὑτοῦ

256 556 556 628 μάρτυρες
583 555 706 608 τῶν
718 554 1002 624 ῥημάτων
1040 557 1281 608 τούτων.
1328 555 1502 628 Πολλὴ
1549 558 1583 627 ἡ
1634 558 1845 628 παρρη-

265 641 369 692 σία.
401 633 544 692 Εἶτα
572 638 884 704 ἀξιόπιστον
909 637 1143 710 [λοιπὸν]
1167 640 1258 691 τὸν
1297 640 1454 707 λόγον
1509 638 1704 702 ποιῶν,
1753 641 1845 692 ἐπ-

262 725 468 793 ήγαγε·
504 721 617 776 Καὶ
647 720 713 774 τὸ
739 720 1022 790 Πνεῦμαδ
1053 721 1120 774 δὲ
1165 722 1228 774 τὸ
1256 721 1442 792 ἅγιον,
1499 720 1530 775 ὃ
1575 721 1796 776 ἔδωκεν
1817 723 1850 773 ό

263 805 406 871 Θεὸς
445 804 575 870 τοῖς
618 804 1054 872 πειθαρχοῦσιν
1110 804 1290 871 αὐτῷ.
1333 807 1517 877 Ὀρᾷς,
1572 807 1690 869 πῶς
1729 805 1850 874 οὐχὶ⁸

265 890 428 959 μόνον
446 892 518 958 τῆ
550 887 786 954 ἑαυτῶν,
828 887 964 940 ἀλλά
994 888 1087 941 καὶ
1115 891 1178 959 τῇ
1209 887 1305 941 τοῦ
1337 889 1653 960 Πνεύματος
1713 905 1851 958 μαρ-

261 971 424 1041 τυρίᾳ
458 971 792 1041 κέχρηνται;
842 971 954 1024 Καὶ
998 971 1096 1023 οὐκ
1143 967 1314 1034 εἷπον,
1360 973 1425 1024 Ὃ
1455 971 1654 1024 ἔδωκεν
1698 971 1849 1041 ἡμῖν,

262 1053 418 1117 ἀλλὰ,
459 1054 593 1120 Τοῖς
630 1055 1017 1122 πειθομένοις⁹
1047 1054 1163 1124 ἆμα
1194 1054 1291 1124 μὲν
1317 1055 1717 1126 μετριάζοντες,
1737 1053 1852 1124 ἅμα

261 1138 317 1190 δὲ
339 1138 490 1206 μέγα
504 1136 636 1194 αὐτὸ
657 1135 989 1200 δεικνύντες,
1014 1138 1107 1189 καὶ
1123 1136 1426 1206 δηλοῦντες,
1450 1139 1531 1192 ὅτι
1559 1140 1653 1190 καὶ
1669 1139 1853 1197 αὐτοῖς

261 1218 492 1271 δυνατὸν
517 1219 724 1272 λαϐεῖν.
761 1219 924 1288 Ὅρα,
954 1218 1070 1281 πῶς
1092 1219 1184 1271 καὶ
1208 1219 1273 1272 δι’
1307 1219 1486 1290 ἔργων
1520 1222 1614 1272 καὶ
1642 1219 1728 1272 διά
1753 1223 1852 1291 ρη-

265 1303 456 1373 μάτων
495 1301 866 1363 ἐπαιδεύοντο,
893 1302 984 1354 καὶ
1007 1303 1068 1354 οὐ
1113 1305 1421 1371 προσεῖχον,
1448 1303 1533 1356 ἴνα
1554 1304 1736 1356 δικαία
1757 1304 1853 1355 αύ-

263 1389 376 1447 τοῖς
413 1387 449 1455 ἡ
478 1384 806 1454 κατάκρισις
828 1383 1075 1454 γένηται.
1117 1387 1216 1439 Διά
1262 1386 1369 1455 γάρ
1415 1403 1497 1438 τοι
1525 1385 1682 1458 τοῦτο
1710 1387 1802 1439 καὶ
1828 1387 1857 1439 ὁ

263 1470 397 1532 Θεὸς
429 1467 734 1538 συνεχώρει
759 1467 989 1534 ἄγεσθαι
1019 1467 1215 1529 αὐτοὺς
1244 1469 1321 1531 είς
1369 1469 1738 1540 δικαστήριον,
1769 1470 1852 1521 ἵνα

264 1554 362 1605 καὶ
393 1555 604 1604 ἐκεῖνοι
633 1550 1016 1615 παιδεύωνται,
1051 1551 1104 1603 εί
1127 1568 1190 1620 γε
1221 1551 1509 1621 μανθάνειν
1549 1551 1852 1617 ἐϐούλοντο,

266 1636 362 1688 καὶ
391 1637 444 1686 οἱ
475 1635 504 1673 δ
533 1633 825 1686 ἀπόστολοι
859 1634 938 1694 είς
964 1634 1274 1704 παρρησίαν
1311 1633 1657 1702 ἀλείφωνται.
1694 1637 1756 1687 Ut
1789 1634 1856 1687 δὲ

264 1723 675 1782 ἀκούσαντες,
709 1717 1066 1784 διεπρίοντο,
1111 1718 1209 1771 καὶ
1243 1717 1566 1771 ἐϐούλοντο
1617 1718 1857 1771 ἀνελεῖν

265 1803 518 1868 αὐτούς.
553 1801 701 1869 Ὅρα
729 1799 930 1861 κακίας
953 1800 1280 1870 ὑπερϐολήν.
1304 1801 1430 1852 Δέον
1456 1801 1542 1868 ἐφ’
1581 1796 1658 1863 οἷς
1693 1801 1855 1870 ἥκου-

271 1903 371 1938 σαν
400 1883 865 1952 καταπλαγῆναι,
901 1883 950 1934 οἱ
976 1881 1030 1933 δέ
1053 1883 1412 1954 διαπρίονται,
1445 1884 1536 1936 καὶ
1575 1883 1854 1952 βουλεύον-

267 1985 358 2021 ται
414 1968 550 2034 είκῆ
612 1967 846 2020 ἀνελεῖν.
896 1965 1032 2017 Ἀλλ’
1084 1966 1380 2034 ἀναγκαῖον
1430 1966 1612 2021 λοιπὸν
1652 1967 1856 2018 ἄνωθεν

271 2051 402 2103 ἰδεῖν
422 2051 494 2102 τὰ
519 2051 932 2118 ἀνεγνωσμένα.
971 2049 1251 2118 Ἀγγελος
1281 2047 1349 2100 δὲ
1374 2049 1590 2113 Κυρίου
1619 2047 1716 2101 διὰ
1747 2049 1857 2115 τῆς

269 2133 496 2197 νυκτὸς
517 2131 729 2200 ἤνοιξε
764 2133 871 2197 τὰς
901 2132 1102 2197 πύλας
1132 2129 1242 2199 τῆς
1266 2130 1572 2200 φυλακῆς,
1595 2133 1692 2184 καί
1760 2133 1856 2196 ἐξ·

271 2214 510 2284 αγαγὼν
534 2214 753 2280 αὐτοὺς
787 2210 986 2267 εἶπεν·
1023 2216 1376 2282 Πορεύεσθε,
1403 2215 1500 2266 καὶ
1535 2213 1856 2280 σταθέντες

276 2299 516 2352 λαλεῖτε
539 2301 612 2352 ἐν
637 2295 720 2362 τῷ
745 2297 880 2365 ἱερῷ
915 2296 992 2362 τῷ
1025 2296 1152 2362 ,1αῷ
1181 2297 1376 2350 πάντα
1404 2298 1475 2350 τὰ
1489 2299 1725 2366 ῥηματα
1750 2297 1858 2366 τῆς

278 2380 428 2450 ζωῆς
453 2382 697 2448 ταύτης.
747 2381 1086 2451 Ἔξαταγών
1111 2398 1124 2411 ·
1167 2383 1267 2434 οὐκ
1315 2382 1475 2446 αὐτὸς
1515 2385 1714 2451 ἀπάγει
1757 2384 1857 2437 αὑ-

271 2467 419 2528 τοὺς,
445 2465 560 2518 ἀλλ’
594 2464 822 2534 ἀφίησιν
843 2482 858 2494 ⁸
883 2464 1023 2518 ὥστε
1051 2467 1146 2519 καὶ
1171 2465 1344 2537 ταύτῃ
1385 2465 1564 2519 αὐτῶν
1613 2467 1860 2539 γνωσθῆ-

271 2567 360 2603 ναι
383 2550 446 2602 τὸ
475 2549 924 2616 ἀκατάπληκτον,
958 2548 986 2600 ὃ
1013 2551 1106 2603 καὶ
1132 2549 1338 2616 ἔδειξαν
1361 2551 1552 2614 νυκτὸς
1594 2553 1858 2606 είσελθὸνο

266 2649 360 2694 τες
378 2635 462 2694 είς
489 2634 550 2685 τὸ
589 2632 732 2702 ἱερὸν
756 2633 850 2684 καὶ
877 2632 1236 2696 διδάσκοντες.
1283 2634 1343 2686 Εἰ
1381 2632 1438 2685 δὲ
1480 2633 1733 2698 ἐξέϐαλον
1761 2635 1856 2688 αὑ-

267 2716 394 2776 τοὺς
417 2717 469 2767 οῖ
496 2715 760 2783 φύλακες,
789 2715 866 2777 ὡς
891 2718 1089 2769 ἐκεῖνοι
1116 2715 1362 2784 ἐνόμιζον
1382 2755 1398 2778 ,
1456 2715 1652 2785 ἔφυγον
1687 2719 1773 2786 ἀν,
1807 2717 1861 2770 εῖ

265 2814 330 2865 γε
353 2797 675 2860 πεισθέντες
702 2797 928 2866 ἐξῆλθον
951 2815 963 2828 ·
1000 2798 1197 2866 μᾶλλον
1226 2799 1302 2859 δέ,
1336 2801 1384 2851 εί
1418 2799 1665 2865 ἐξέϐαλον
1701 2811 1722 2839 ε
1755 2804 1854 2854 αύ-

265 2880 394 2942 τοὺς
413 2882 638 2943 ἐκεῖνοι,
663 2881 761 2932 οὐκ
777 2881 843 2933 ἂν
867 2883 946 2943 είς
963 2881 1023 2933 τὸ
1042 2880 1186 2950 ἱερὸν
1208 2881 1461 2952 ἔστησαν,
1485 2882 1597 2936 ἀλλ’
1619 2884 1856 2954 ἀπέδρα-

267 2979 370 3014 σαν
419 2963 700 3016 ἀν.Τοῦτο
739 2963 796 3016 δέ
823 2962 994 3026 οὐδεὶς
1028 2963 1200 3028 οὕτως
1218 2965 1443 3035 ἀνόητος
1475 2965 1615 3019 ὥστε
1640 2968 1714 3038 μὴ
1733 2985 1858 3022 συν-

269 3045 421 3099 ιδεῖν.
444 3047 596 3115 Οὐχί
643 3045 793 3118 [I05]
817 3047 1183 3117 παραγγελία
1199 3051 1677 3118 παρηγγείλαμεν
1693 3049 1853 3119 ὑμῖν,

268 3129 403 3199 φησί
427 3145 444 3193 ;
471 3131 534 3181 EE
567 3131 665 3199 μὲν
695 3126 788 3183 οὖν
817 3131 913 3182 καὶ
938 3131 1094 3183 αὐτοὶ
1118 3131 1448 3202 ἐπείσθησαν
1481 3134 1639 3196 ὑμῖν,
1677 3135 1857 3200 καλῶς

266 3212 529 3264 εὐθύνετε
553 3228 568 3241 ·
606 3213 732 3265 εἰδὲ
763 3213 858 3265 καὶ
887 3214 946 3278 ἐξ
971 3214 1182 3266 ἐκείνου
1240 3209 1395 3268 εἷπον
1447 3217 1519 3285 μὴ
1573 3216 1857 3288 πεισθήσε-

267 3296 419 3356 σθαι,
451 3297 709 3366 περιτταὶ
730 3297 785 3348 αί
811 3295 1054 3362 εὐθῦναι,
1091 3297 1344 3365 περιτταὶ
1373 3299 1466 3350 καὶ
1487 3299 1542 3350 αἱ
1573 3316 1856 3369 παραγγε-

263 3380 402 3432 λίαι.
436 3380 585 3448 ’Ὀρα
617 3378 980 3449 ἐγκλημάτων
1004 3379 1414 3443 ἀνακολουθίαν,
1449 3381 1544 3432 καὶ
1583 3382 1856 3455 ὑπερϐάλ-

263 3463 471 3518 λουσαν
506 3463 718 3516 ἄνοιαν.
755 3462 987 3524 Φονικάς
1012 3461 1198 3515 λοιπὸν
1239 3462 1518 3533 βούλονται
1551 3465 1718 3530 δεῖξαι
1756 3467 1855 3529 τὰς

262 3548 621 3618 προαιρέσεις
642 3546 750 3598 τῶν
797 3545 1082 3610 Ἰουδαίων,
1115 3545 1190 3608 ὡς
1226 3548 1286 3598 οὐ
1312 3545 1379 3598 δι’
1397 3547 1653 3619 ἀλήθειαν
1683 3549 1854 3603 ταῦτα

261 3629 593 3690 ποιούντων,
651 3627 765 3682 ἀλλ’
812 3627 953 3681 ὥστε
1006 3627 1316 3698 ἀμύνασθαι
1356 3629 1712 3700 βουλομένων.
1755 3633 1855 3685 Διά

261 3713 428 3766 τοῦτο
459 3715 554 3764 καὶ
584 3713 703 3765 οὑδέ
738 3713 983 3782 θρασέως
1008 3713 1190 3775 αὐτοῖς
1214 3712 1600 3783 ἀποκρίνονται
1648 3716 1695 3766 οἱ
1719 3716 1854 3768 ἀπό-

264 3797 452 3848 στολοι
471 3816 484 3827 ·
511 3795 821 3848 διδάσκαλοι
870 3794 980 3866 γάρ
1005 3791 1146 3865 ἦσαν
1169 3810 1180 3819 ·
1210 3795 1386 3848 καίτοι
1415 3796 1498 3859 τίς
1531 3798 1630 3849 οὐκ
1655 3798 1721 3852 ἂν
1751 3799 1850 3870 τὴν

262 3881 426 3933 πόλιν
477 3880 702 3932 ἃπασαν
746 3878 1228 3950 ἀναρτησάμενος,
1264 3877 1356 3931 καὶ
1407 3879 1670 3950 τοσαύτης
1721 3883 1852 3934 ἀπο-

259 3963 452 4016 λαύων
476 3965 729 4032 χάριτος,·
747 3957 899 4014 εἶπεν
931 3963 996 4014 ἂν
1017 3962 1080 4031 δή
1107 3979 1159 4012 τι
1185 3963 1279 4014 καὶ
1325 3961 1622 4030 ἐφθέγξατο
1670 3965 1810 4034 μέγα
1832 3983 1846 4032 ;

275 4048 423 4101 Ἀλλ’
456 4049 556 4115 οὐχ
585 4040 730 4098 οὗτοι
755 4062 767 4072 ·
809 4047 871 4098 ού
904 4044 1012 4118 γὰρ
1045 4043 1359 4115 ὠργίζοντο,
1388 4046 1501 4098 ἀλλ’
1532 4047 1720 4114 ἠλέουν
1750 4051 1844 4102 αύ-

261 4133 391 4194 τοὺς
421 4131 518 4184 καὶ
541 4130 825 4200 ἐδάκρυον,
855 4130 952 4182 καὶ
978 4129 1266 4193 ἐσκόπουν,
1291 4129 1438 4190 ὅπως
1463 4129 1656 4193 αὐτοὺς
1676 4133 1849 4184 ἀπαλ-

261 4213 472 4277 λάξωσι
491 4213 590 4283 τῆς
618 4213 827 4282 πλάνης
857 4211 1065 4264 καὶτοῦ
1104 4211 1296 4281 θυμοῦ.
1340 4213 1450 4264 Καὶ
1494 4213 1592 4264 οὐκ
1651 4215 1728 4266 ἐτι
1763 4215 1848 4268 λέ-

261 4314 427 4366 γουσι
452 4299 588 4368 πρὸς
627 4298 848 4358 αὐτούς’
895 4294 1093 4364 ’Υμεῖς
1127 4295 1367 4362 κρίνατε
1390 4314 1403 4326 ·
1469 4295 1584 4348 ἀλλ’
1614 4297 1849 4366 ἀποφαί-

261 4399 448 4435 νονται
478 4382 745 4449 λέγοντες·
784 4383 892 4433 Ὃν
919 4383 951 4433 ό
983 4379 1125 4444 Θεὸς
1153 4377 1346 4447 ἤγειρε
1369 4395 1383 4409 ⁸
1419 4378 1507 4432 διὰ
1534 4379 1720 4433 τούτου
1756 4382 1849 4450 δη-

261 4465 511 4527 λοῦντες,
568 4466 650 4516 ὅτι
699 4462 844 4516 κατά
886 4461 1109 4532 γνώμην
1167 4461 1261 4513 τοῦ
1310 4461 1443 4512 Θεοῦ
1474 4462 1648 4515 ταῦτά
1679 4467 1844 4520 ἐστιν.

262 4550 382 4600 Οὐκ
405 4543 562 4600 εἷπον
587 4547 665 4611 δὲ,
689 4547 770 4600 ὅτι
791 4548 904 4598 Οὔκ
933 4545 1158 4614 εἴπομεν
1193 4545 1318 4614 ὑμῖν
1345 4544 1437 4597 καὶ
1469 4546 1613 4611 τότε,
1660 4547 1848 4614 Ἡμεῖς

260 4635 337 4686 οὺ
367 4630 698 4700 δυνάμεθα,
742 4629 781 4684 ἂ
814 4629 1053 4698 εἴδομεν
1078 4629 1175 4681 καὶ
1214 4631 1581 4696 ἠκούσαμεν,
1622 4629 1706 4699 μὴ
1736 4635 1846 4684 λα-

260 4715 433 4779 λεῖν;
470 4715 532 4766 οὺ
567 4713 676 4783 γάρ
704 4715 812 4766 εἰσι
842 4712 1150 4781 φιλότιμοι·
1194 4711 1327 4764 ἀλλά
1385 4713 1548 4764 πάλιν
1590 4712 1658 4765 τὰ
1708 4714 1847 4767 αὑτά

263 4815 421 4866 φασι,
453 4797 546 4849 τὸν
576 4795 832 4866 σταυρὸν,
858 4797 956 4866 τὴν
992 4796 1305 4848 ἀνάστασιν.
1343 4796 1453 4847 Καὶ
1492 4796 1551 4848 οὐ
1605 4795 1846 4865 λέγουσι,

259 4884 348 4936 διά
374 4883 431 4935 τί
466 4880 790 4951 ἐσταυρώθη
816 4899 830 4912 ·
864 4882 947 4935 ὅτι
978 4881 1118 4949 ύπέρ
1151 4881 1340 4950 ἡμῶν·
1372 4881 1484 4934 ἀλλ’
1524 4882 1845 4936 αἰνίττονται

263 4969 381 5034 μὲν,
415 4963 572 5017 ούπω
609 4963 667 5015 δέ
692 4963 968 5034 φανερῶς,
995 4964 1132 5025 τέως
1171 4963 1367 5025 αὐτοὺς
1402 4963 1639 5033 φοϐῆσαι
1670 4965 1844 5034 βουλό-

261 5067 440 5115 μενοι.
469 5047 609 5099 Εἰπέ
646 5063 758 5117 μοι,
783 5046 910 5098 ποία
959 5045 1215 5116 ῥητορεία
1262 5046 1526 5111 ἐνταῦθα;
1569 5047 1839 5119 Οὐδεμία·

258 5134 406 5184 οὓτω
427 5135 598 5201 χωρὶς
621 5131 963 5200 κατασκευῆς
983 5129 1043 5182 τὸ
1064 5131 1162 5199 τῆς
1179 5129 1323 5199 ζωῆς
1351 5130 1645 5200 ἐκήρυττον
1669 5131 1844 5201 Εὐαγ-

262 5217 467 5281 γέλιον.
498 5214 681 5267 Εἰπὼν
709 5214 790 5278 δέ,
818 5214 899 5267 ὅτι
929 5215 1184 5282 Ἵ’ψωσε,
1247 5214 1393 5282 λέγει
1441 5216 1535 5267 καὶ
1567 5217 1657 5269 ἐπὶ¹
1715 5219 1838 5283 τίνι,

272 5302 405 5352 Ἐπί
440 5297 519 5362 τῷ
548 5298 758 5352 δοῦναι
780 5296 1126 5366 μετάνοιαν,
1150 5293 1394 5364 ἐπάγων,
1436 5297 1516 5363 τῷ
1556 5299 1800 5368 Ἰσραὴλ
1825 5342 1838 5364 ,

258 5387 357 5436 καὶ
407 5383 636 5451 ἄφεσιν
681 5381 1000 5450 ἁμαρτιῶν.
1058 5382 1196 5433 Ἀλλ’
1228 5381 1462 5435 ἀπίθανα
1499 5382 1670 5436 ταῦτα
1705 5387 1837 5448 τέως

257 5469 456 5532 ἐδόκει,
486 5467 639 5535 φασί.
673 5467 738 5518 Τί
774 5466 984 5534 λέγεις;
1017 5467 1110 5518 καὶ
1142 5465 1259 5527 πῶς
1283 5466 1343 5517 ού
1382 5466 1579 5519 πιθανά
1617 5467 1835 5532 μᾶλλον,

257 5547 340 5613 οἷς
364 5569 429 5618 γε
458 5553 560 5603 οὐκ
584 5550 846 5621 ἄρχοντες
873 5550 1146 5601 ἀντειπεῖν
1181 5545 1344 5617 εἶχον,
1376 5550 1436 5600 οὐ
1465 5549 1694 5617 πλῆθος·
1723 5551 1837 5602 ἀλλ’

257 5637 310 5688 οἱ
349 5635 450 5704 μὲν
472 5632 916 5703 ἐπεστομίξοντο,
947 5633 995 5683 οἱ
1019 5633 1073 5682 δέ
1097 5632 1468 5697 ἐδιδάσκοντο;
1502 5633 1608 5685 Καὶ
1645 5634 1835 5702 ἡμεῖς,

326 5773 520 5834 {Idem
546 5769 816 5834 παρρησία,
846 5770 926 5816 καὶ
967 5769 1022 5816 τὸ
1062 5769 1332 5834 ἀξιόπιστον
1353 5784 1366 5794 ·
1410 5770 1504 5834 Καὶ
1542 5770 1597 5816 τὸ
1618 5768 1832 5833 Πνεῦμα.

264 5831 291 5868 δ
340 5833 476 5881 Unus
499 5830 625 5880 ωας
647 5830 987 5882 ’παιδεύωνται.
1033 5834 1112 5878 καὶ
1153 5830 1321 5884 πάντες
1356 5832 1640 5891 μανθάνωσι,
1665 5830 1830 5881 mihi.

271 5896 295 5926 θ
332 5896 426 5943 AIIi
475 5896 682 5951 ἐξῆλθον,
703 5895 784 5940 καί
818 5894 856 5939 εί
879 5893 1112 5947 ἐξεϐαλοι.

1245 273 1312 328 IN
1351 274 1533 330 ACTA
1570 270 2105 330 APOSTOLORUM.
2145 271 2379 328 IIOMIL.
2411 270 2548 326 XIII.

330 393 392 463 β’.
421 393 567 463 Ὀρα
595 389 755 444 πάλιν
788 389 847 442 τὸ
877 389 1065 460 κέρδος
1089 390 1182 442 καὶ
1203 393 1260 443 ἐν
1282 391 1430 456 τάξει
1451 391 1742 458 ἀπολογίας
1768 389 1844 443 δι-
1885 459 1888 464 _

3421 278 3524 332 I08

1953 391 2128 459 φησὶ,
2187 389 2483 460 μάρτυρες
2532 388 2651 442 τῶν
2698 389 2983 458 ῥημάτων
3032 389 3257 442 τούτων
3306 391 3515 458 ἐσμέν.

1952 473 2160 539 Ποίων;
2195 474 2317 525 Ὀτι
2342 471 2557 542 ἄφεσιν,
2579 473 2660 526 ὅτι
2698 471 2987 541 μετάνοιαν
3036 472 3398 541 ἐπηγγείλατο
3424 491 3436 503 ’
3486 475 3522 544 ἡ

1955 555 2053 626 μὲν
2079 555 2190 627 γάρ
2218 556 2514 619 ἀνάστασις
2541 551 2608 627 ἦν
2628 555 2812 609 λοιπὸν
2835 554 3256 624 ώμολογημένη.
3298 557 3416 606 Ὀτι
3467 555 3524 609 δέ

1948 639 2140 708 ἄφεσιν
2173 639 2406 703 δίδωσιν,
2434 640 2595 710 ἡμεῖς
2632 637 3017 709 μαρτυροῦμεν
3036 678 3051 702 ,
3081 639 3175 690 καὶ
3217 637 3278 689 τὸ
3304 638 3527 708 Πνεῦμα

1947 721 2007 774 τὸ
2032 723 2206 789 διγιον,
2241 721 2270 773 ὃ
2297 723 2397 774 οὐκ
2425 721 2490 774 ἂν
2513 721 2733 792 ἐπῆλθε,
2761 720 2837 790 μὴ
2866 719 3130 790 πρότερον
3149 718 3176 757 ά
3206 719 3316 771 τῶν
3351 721 3529 791 ἁμαρ-

1946 802 2080 856 τιῶν
2127 803 2423 856 λυθεισῶν·
2484 803 2625 857 ὥστε
2687 801 3171 873 ἀναμφισϐήτητον
3233 805 3530 876 τεκμήριον

1947 887 2104 941 τοῦτό
2133 888 2302 941 ἐστιν.
2336 890 2566 958 Ἀφεσιν
2587 889 2999 960 ἁμαρτημάτων
3060 886 3298 949 ἀκούεις,
3354 886 3526 948 ἄθλιε,

1950 972 2044 1025 καὶ
2070 973 2153 1026 ὅτι
2181 973 2240 1025 οὐ
2268 973 2426 1042 δίκην
2457 974 2702 1036 ἀπαιτεῖ,
2759 971 2855 1026 καὶ
2903 970 3081 1041 βούλει
3130 971 3378 1035 ἀνελεῖν;
3420 972 3531 1024 Καὶ

1953 1055 2124 1124 πόσης
2153 1056 2324 1109 ταῦτα
2355 1056 2477 1126 οὐχὶ
2495 1057 2735 1119 κακίας;
2764 1055 2956 1109 Καίτοι
2982 1055 3011 1125 ἢ
3049 1054 3318 1123 διελέγξαι
3347 1056 3530 1125 ψευδο·

1954 1137 2150 1209 μένους
2173 1139 2412 1210 ἐχρῆν,ἦ
2445 1140 2519 1210 μὴ
2553 1139 2905 1210 δυναμένους,
2939 1139 3257 1205 πεισθῆναι·
3294 1142 3342 1192 εί
3370 1139 3426 1192 δέ
3455 1139 3529 1209 μὴ

1951 1222 2235 1277 ἐϐούλοντο
2261 1224 2572 1292 πεισθῆναι,
2606 1224 2683 1294 μὴ
2707 1223 2938 1277 ἀνελεῖν.
2970 1222 3034 1275 Τί
3062 1222 3172 1293 γὰρ
3211 1219 3280 1292 ἦν
3307 1223 3530 1294 ἀναιρέ-

1954 1323 2092 1371 σεως
2121 1306 2305 1373 ἄξιον;
2343 1307 2407 1359 Οἱ
2434 1306 2491 1359 δὲ
2528 1305 2634 1359 ὑπὸ
2665 1303 2757 1358 τοῦ
2799 1303 2972 1375 θυμοῦ
3023 1304 3142 1356 οὐδὲ
3201 1306 3434 1358 συνεῖδον
3470 1305 3532 1356 τὸ

1950 1390 2336 1461 γεγενημένον.
2374 1391 2544 1461 Ὅρα,
2588 1389 2707 1452 πῶς
2761 1389 2995 1442 ἐνταῦθα
3061 1389 3530 1458 μνημονεύσαντες

1951 1473 2048 1526 τοῦ
2069 1474 2438 1544 τολμήματος,
2457 1489 2524 1524 πε
2532 1471 2588 1542 pl
2609 1472 2856 1539 ἀφέσεως
2881 1471 3241 1538 διαλέγονται,
3291 1471 3533 1524 δεικνύν-

1951 1573 2062 1620 τες,
2084 1556 2164 1609 δτι
2183 1555 2251 1609 τά
2283 1555 2380 1626 μὲν
2399 1553 2743 1623 γεγενημένα
2772 1553 2897 1617 ἀξια
2936 1551 3190 1615 θανάτου,
3222 1553 3290 1605 τά
3315 1553 3370 1605 δὲ
3393 1553 3530 1606 διδό-

1956 1655 2093 1708 μενα
2128 1639 2204 1702 ὡς
2229 1637 2565 1709 εὐγνώμοσιν
2600 1637 2828 1690 ἐδίδοντο
2858 1647 2902 1688 ο.
2939 1635 3064 1698 Πῶς
3108 1637 3172 1690 ἂν
3221 1635 3395 1698 ἄλλως
3449 1651 3532 1698 τις

1952 1721 2168 1774 ἔπεισεν
2199 1721 2395 1782 αὐτοὺς
2420 1719 2453 1790 ἢ
2478 1720 2554 1782 ὡς
2578 1717 3000 1788 εὐδοκιμοῦντας
3029 1718 3232 1782 είπώνς
3295 1719 3402 1771 Καὶ
3433 1719 3533 1788 δρα

1951 1805 2049 1874 τὴν
2103 1802 2477 1873 κακουργίαν*
2529 1803 2653 1863 τοὺς
2717 1800 3106 1864 Σαδδουκαίους
3180 1801 3362 1864 αὐτοῖς
3435 1803 3532 1870 ἐφ-

1955 1885 2197 1950 ιστῶσιν,
2232 1885 2280 1938 οἳ
2315 1883 2550 1955 μάλιστα
2572 1883 2773 1954 ἤλγουν
2809 1884 2900 1935 ἐπὶ
2927 1886 2994 1954 τῇ
3041 1884 3350 1937 ἀναστάσει.
3393 1883 3532 1936 Ἀλλ’

1950 1968 2103 2021 οὐδὲν
2128 1969 2225 2038 τῆς
2253 1968 2519 2039 πονηρίας
2547 1966 2850 2020 ἀπώναντο.
2894 1968 3032 2020 Ἀλλ’
3090 1969 3218 2031 ἴσως
3263 1970 3377 2039 ἐρεῖ
3418 1983 3530 2029 τις·

1954 2052 2063 2104 Καὶ
2087 2051 2170 2114 τίς
2201 2051 2487 2123 ἄνθρωπος
2511 2052 2768 2104 τοιούτων
2802 2050 3113 2113 ἀπολαύων,
3144 2053 3272 2106 οἴων
3295 2053 3343 2104 οἱ
3394 2052 3532 2104 ἀπό-

1956 2134 2150 2196 στολοι,
2192 2135 2293 2188 οὐκ
2317 2134 2382 2188 ἂν
2417 2135 2588 2205 μέγας
2608 2135 2858 2202 ἐγένετο;
2908 2135 3047 2188 Ἀλλ’
3091 2136 3193 2208 ὅρα
3261 2152 3350 2205 μοι
3406 2136 3534 2206 πρὶν

1953 2219 1986 2290 ἢ
2046 2217 2354 2271 ἀπολαῦσαι
2406 2219 2508 2288 τῆς
2554 2219 2794 2288 χάριτος,
2837 2218 2954 2282 πῶς
3003 2215 3143 2289 ἦσαν
3193 2234 3534 2290 προσκαρτε-

1958 2300 2177 2373 ροῦντες
2203 2301 2546 2372 ὁμοθυμαδὸν
2609 2304 2675 2370 τῇ
2727 2304 3025 2372 προσευχῇ,
3067 2302 3162 2354 καὶ
3225 2300 3534 2366 ἐλπίζοντες

1955 2386 2047 2437 ἐπὶ
2063 2384 2158 2454 τὴν
2181 2383 2385 2439 ἄνωθεν
2406 2385 2598 2455 ῥοπήν.
2617 2383 2727 2436 Καὶ
2747 2384 2809 2436 σὺ
2823 2382 2872 2454 [1
2884 2382 2975 2453 06]
2987 2382 3242 2446 ἐλπίζεις,
3262 2384 3530 2454 ἀγαπητὲ,

1957 2467 2234 2538 βασιλείαν
2284 2467 2548 2538 οὐρανῶν,
2605 2466 2720 2519 ἀλλ’
2771 2466 2922 2519 οὺδέν
2978 2467 3436 2537 ύπομένεις;“καὶ
3467 2469 3532 2519 σὺ

1955 2551 2180 2623 Πνεῦμα
2220 2551 2428 2614 ἔλαϐες,
2464 2549 2578 2602 ἀλλ’
2609 2549 2670 2602 οὐ
2691 2549 2912 2601 τοιαῦτα
2952 2549 3200 2619 πάσχεις,
3247 2550 3368 2602 ούδέ
3419 2566 3533 2602 κιν-

1953 2635 2229 2699 δυνεύεις;
2270 2634 2496 2686 Ἐκεῖνοι
2545 2631 2622 2692 δέ,
2676 2632 2805 2702 πρὶν
2841 2633 2875 2702 ἢ
2921 2632 3029 2684 τῶν
3085 2631 3366 2702 προτέρων
3413 2633 3536 2684 ἀνα-

1955 2717 2208 2782 πνεῦσαι,
2241 2716 2404 2770 πάλιν
2429 2715 2512 2785 ἐφ’
2545 2715 2706 2784 ἕτερα
2729 2714 2945 2785 ήγοντο.
2977 2714 3088 2767 Καὶ⁸
3113 2713 3272 2767 τοῦτο
3310 2715 3366 2767 δὲ
3404 2715 3534 2768 αὐτὸ

1953 2802 2015 2855 τδ
2041 2804 2114 2873 μὴ
2139 2801 2475 2870 τυφωθῆναι,
2507 2799 2570 2852 τὸ
2601 2798 2674 2869 μὴ
2709 2797 3079 2869 κενοδοξῆσαι,
3100 2798 3264 2850 πόσον
3297 2800 3441 2850 ἐστὶν
3470 2801 3534 2850 ἀ-

1953 2886 2148 2955 γαθόνῐ
2186 2885 2247 2938 τὸ
2272 2884 2411 2955 μετὰ
2436 2881 2738 2945 ἐπιεικείας
2786 2880 3151 2948 διαλέγεσθαι,
3215 2881 3380 2934 πόσον
3419 2882 3539 2933 ἐστὶ

1954 2969 2142 3040 κέρδος
2169 2969 2182 3022 ι
2207 2969 2280 3022 Οὐ
2315 2967 2424 3038 γὰρ
2453 2966 2516 3037 δὴ
2553 2965 2732 3018 πάντα
2760 2964 2858 3034 τῆς
2879 2965 3100 3034 χάριτος
3138 2960 3224 3035 ἦν,
3268 2964 3403 3016 ἀλλὰ
3442 2968 3534 3017 καί

1953 3052 2048 3120 τῆς
2073 3051 2252 3104 αὐτῶν
2286 3049 2519 3120 σπουδῆς
2556 3047 2726 3100 πολλά
2757 3047 2824 3098 τά
2855 3048 3148 3116 τεκμήρια.
3214 3047 3287 3098 Τὸ
3329 3048 3438 3117 γὰρ
3477 3049 3533 3099 ἐν

1953 3136 2134 3196 αὐτοῖς
2153 3133 2222 3186 τά
2248 3133 2350 3202 τῆς
2382 3133 2602 3204 χάριτος
2624 3129 2972 3205 διαλάμπειν,
3006 3131 3102 3199 τῆς
3131 3130 3312 3183 αὐτῶν
3336 3134 3532 3202 ἐπιμε-

1954 3215 2101 3278 λείας
2124 3211 2214 3286 ἦν.

2023 3304 2070 3366 γ’
2078 3298 2241 3368 ,Ὅρα
2269 3297 2398 3366 γοῦν
2427 3296 2587 3361 εὐθὺς
2612 3297 2670 3364 ἐξ
2695 3297 2889 3368 ἀρχῆς,
2920 3295 3036 3358 πῶς
3058 3313 3365 3369 μεμεριμνη
3375 3299 3531 3366 μένος

1952 3380 1980 3432 ὁ
2002 3381 2204 3451 Πέτρος
2221 3381 2358 3444 ἐστὶ,
2388 3379 2504 3442 πῶς
2519 3381 2702 3450 νήφων
2731 3379 2826 3432 καὶ
2849 3378 3185 3449 ἐγρηγορὼς,
3220 3379 3336 3442 πῶς
3365 3381 3414 3432 οί
3444 3397 3531 3432 πι-

1954 3465 2278 3528 στεύσαντες
2311 3464 2378 3516 τὰ
2406 3465 2668 3534 χρήματα
2698 3463 2950 3535 ἔρριψαν.
3001 3463 3168 3516 Οὐδὲν
3204 3463 3330 3516 ίδιον
3363 3459 3536 3534 εἶχεν,

1952 3549 2008 3599 ἐν
2038 3549 2168 3619 εὐχῇ
2194 3544 2354 3619 ἦσαν,
2388 3547 2641 3617 ὁμόνοιαν
2699 3547 3097 3610 ἐπεδείκνυντο,
3142 3547 3200 3598 ἐν
3255 3550 3530 3615 νηστείαις

1952 3629 2157 3699 διῆγον.
2189 3628 2372 3682 Ταῦτα
2399 3630 2558 3693 ποίας
2587 3630 2841 3700 χάριτος;
2874 3629 2994 3682 εἰπέ
3058 3647 3166 3700 μοι.
3224 3632 3321 3682 Διὰ
3377 3632 3529 3684 τοῦτο

1953 3715 2047 3766 καὶ
2077 3713 2141 3765 δι’
2177 3712 2352 3765 αὐτῶν
2394 3715 2533 3765 ποιεί
2561 3712 2814 3779 γενέσθαι
2877 3711 2970 3765 τὸν
3008 3712 3228 3781 ἔλεγχον
3262 3713 3370 3764 τῶν
3429 3716 3533 3766 ὑπ-

1951 3796 2166 3867 ηρετῶν
2200 3797 2381 3851 αὐτῶν
2403 3812 2414 3825 ·
2447 3796 2496 3847 οἳ
2525 3798 2620 3849 καὶ
2643 3795 2831 3864 ὥσπερ
2859 3797 2949 3847 ἐπὶ
2971 3795 3063 3847 τοῦ
3086 3795 3320 3868 Χριστοῦ
3345 3798 3527 3864 ἔλεγον

1949 3883 1996 3933 oi
2021 3880 2379 3950 πεμφθέντες,
2426 3879 2723 3933 Οὐδέποτε
2753 3879 2940 3942 οὕτως
2967 3877 3277 3941 ἅνθρωπος
3305 3879 3526 3947 ἐλάλη-

1948 3980 2061 4018 σεν
2074 3966 2154 4029 ὡς
2181 3960 2360 4028 οὗτος
2386 3966 2417 4016 ὀ
2443 3963 2768 4030 ἄνθρωπος,
2793 3959 3131 4029 ἀπήγγειλαν
3158 3963 3526 4031 ὑποστρέψαι-

1945 4065 2036 4107 τες
2058 4047 2200 4118 άπερ
2237 4044 2393 4100 εἶδον.
2424 4047 2494 4098 Σὺ
2525 4045 2581 4097 δέ
2621 4062 2711 4114 μοι
2753 4044 2942 4096 σκόπει
2973 4043 3205 4096 ἐνταῦθα
3235 4047 3328 4097 καὶ
3348 4048 3524 4099 αὐτῶν

1946 4129 2044 4201 τὴν
2071 4129 2390 4192 ἐπιείκειαν,
2415 4130 2531 4191 πῶς
2556 4129 2785 4189 εῐκουσι,
2822 4127 2917 4179 καὶ
2948 4125 3042 4178 τοῦ
3082 4126 3380 4198 ἀρχιερέως
3425 4130 3523 4198 τὴν

1949 4214 2340 4284 πεπλασμένην
2362 4211 2606 4282 γνώμην.
2655 4208 2940 4272 Ἐπιεικῶς
2967 4209 3075 4280 γάρ
3125 4209 3284 4280 δῆθεν
3339 4211 3523 4276 αὐτοῖς

1948 4299 2290 4368 διαλέγεται,
2341 4297 2435 4351 ac:
2477 4295 2846 4366 φοϐούμενος,
2905 4295 2998 4347 καὶ
3032 4294 3274 4348 κωλῦσαι
3324 4297 3521 4365 μᾶλλον

1947 4382 2215 4445 ἐϐούλετο,
2243 4381 2524 4452 ἦάνελείν,
2559 4379 2749 4448 ἐπειδὴ
2775 4379 2934 4431 τοῦτο
2955 4378 3053 4431 οὐκ
3080 4378 3310 4448 ἠδύνατο
3339 4379 3384 4432 τ.
3413 4382 3522 4434 Καὶ

1946 4469 2088 4521 ὥστε
2115 4468 2320 4530 πάντας
2352 4466 2596 4534 κινῆσαι,
2616 4465 2720 4518 ’καὶ
2743 4465 2872 4533 περὶ
2906 4463 3012 4515 τῶν
3037 4463 3282 4534 ἐσχάτων
3339 4465 3521 4526 αὐτοῖς

1946 4552 2318 4620 ἐπικρεμάσαι
2347 4549 2436 4602 τὸν
2464 4549 2731 4610 κίνδυνον,
2782 4548 3107 4606 Βούλεσθε,
3161 4547 3345 4614 φησὶν,
3410 4547 3517 4598 ἐπ-

1943 4635 2189 4703 αγαγεῖν
2219 4634 2308 4702 ἐφ’
2339 4632 2494 4701 ἡμᾶς
2529 4632 2591 4684 τὸ
2627 4627 2767 4698 αἷμα
2799 4629 2902 4683 τοῦ
2939 4627 3247 4694 ἀνθρώπου
3273 4629 3518 4691 τούτου;

1950 4721 2070 4772 Ἔτι
2101 4717 2386 4787 ἄνθρωπος
2410 4712 2548 4768 εἷναί
2579 4732 2660 4768 σοι
2688 4715 2865 4774 δοκεῐ;
2900 4711 3088 4774 Οὕτως
3110 4707 3250 4771 εἷπε,
3277 4711 3513 4773 δεικνὺς,

1944 4803 2025 4856 ὅτι
2055 4799 2329 4867 ἀναγκαία
2357 4801 2390 4866 ἡ
2426 4798 2824 4869 παρακέλευσις
2871 4795 3094 4861 γέγονεν
3131 4795 3332 4854 αὐτοῖς.
3376 4793 3513 4846 ’Λλλ⁹

1943 4887 2043 4956 δρα
2069 4888 2160 4938 καί
2187 4884 2278 4936 τὸν
2305 4883 2529 4952 Πέτρον,
2558 4881 2609 4933 τί
2635 4895 2799 4948 φησιν
2824 4894 2836 4906 ·
2879 4875 3095 4930 Τοῦτον
3131 4878 3162 4928 ὁ
3198 4876 3342 4940 Θεὸς
3367 4877 3514 4944 ἁρχ-

1942 4969 2093 5034 ηγὸν
2143 4966 2238 5019 καὶ
2292 4963 2538 5030 Σωτῆρα
2584 4963 2794 5029 ﬁgi-was
2824 4958 2897 5027 τῇ
2926 4958 3094 5025 δεξιᾷ
3151 4957 3357 5022 αὐτοῦ,
3408 4961 3512 5012 τοῦ

1942 5050 2151 5104 δοῦναι
2172 5047 2494 5118 μετάνοιαν
2524 5044 2603 5108 τῷ
2637 5042 2901 5110 Ἰσραὴλ,
2939 5043 3034 5094 καὶ
3068 5043 3287 5110 ἄφεσιν
3332 5045 3512 5110 ἁμαρ-

1942 5131 2099 5187 τιῶν.
2145 5129 2410 5184 Ἐνταῦθα
2435 5129 2495 5180 ού
2523 5127 2790 5196 μέμνηται
2818 5126 2924 5177 τῶν
2987 5125 3176 5187 ἐθνῶν,
3209 5126 3294 5178 ἵνα
3331 5127 3404 5196 μὴ
3435 5125 3511 5195 δῷ

1917 5217 2128 5288 λαϐήν.
2185 5214 2293 5268 Καὶ
2346 5212 2686 5272 ἐϐούλοντο,
2754 5211 2937 5280 φησιν,
3002 5209 3240 5263 ἀνελεῖν
3268 5212 3506 5276 αὐτούς.

1941 5301 2085 5369 Ὅρα
2124 5299 2286 5351 πάλιν
2327 5295 2546 5355 τούτους
2576 5296 2633 5345 ἐν
2664 5295 2889 5364 ἀπορίᾳ,
2944 5293 3164 5358 τούτους
3213 5297 3270 5346 ἐν
3303 5294 3464 5365 ὀδύνῃ
3488 5312 3504 5325 ⁸

1938 5385 2178 5443 ἐκείνους
2211 5383 2263 5432 δέ
2287 5383 2342 5431 ἐν
2372 5379 2550 5430 ἀνέσει
2577 5378 2668 5429 καὶ
2702 5377 2934 5448 εὐθυμία
2960 5379 3053 5430 καὶ
3083 5380 3139 5430 ἐν
3173 5380 3369 5447 τρυφῇ.
3395 5377 3506 5445 Οὐχ

1937 5466 2124 5526 ἁπλῶς
2150 5463 2447 5525 ὠδυνῶντο,
2482 5460 2617 5513 ἀλλά
2651 5462 3010 5528 Διεπρίοντο.
3031 5461 3198 5512 Τοῦτὸ
3227 5462 3372 5511 ἐστιν
3397 5459 3504 5528 ἄρα

1936 5551 2017 5612 τὸ,
2053 5547 2237 5609 κακῶς
2260 5545 2450 5598 παθεῖν
2477 5547 2538 5597 τὸ
2567 5545 2751 5608 κακῶς
2783 5547 2954 5597 ποιεῖν
2980 5560 2993 5572 ·
3028 5543 3277 5611 καθάπερ
3301 5541 3394 5594 καὶ
3415 5544 3504 5594 ἐν-

1936 5632 2107 5686 ταῦθα
2134 5629 2278 5682 ἐστιν
2312 5630 2459 5684 ἰδεῖν.
2515 5629 2601 5682 Ἐν
2618 5629 2838 5699 δεσμοῖς
2860 5623 3000 5698 ἦσαν
3025 5619 3187 5687 οὗτοι,
3212 5625 3506 5695 παρειστή-

1994 5837 2020 5876 d
2057 5838 2299 5894 Ἐπῆλθεν.
2322 5839 2360 5886 εἰ
2387 5838 2449 5899 μή
2469 5837 2712 5899 πρότερον,
2728 5835 2818 5899 εἰς
2839 5846 2980 5899 υῃιις.
3005 5893 3017 5899 _
3053 5844 3076 5899 9
3119 5832 3270 5899 εανςὶι.
3294 5835 3359 5890 ὡς
3376 5830 3508 5895 εὐτρ-

1946 5904 2098 5958 οιέιαις
2118 5901 2342 5948 ἐδίδοντο.
2389 5893 2432 5936 ’ί
2467 5893 2600 5947 Unus
2618 5893 2780 5952 ἐπειδή
2801 5895 2950 5943 ἐκεῖνο
2970 5893 3024 5942 ού
3048 5893 3260 5942 δυνατόν.
