4076 6354
584 304 687 360 109

565 433 753 472 κεισαν
780 415 1133 484 δικαστηρίῳ,
1186 415 1280 467 καὶ
1321 416 1370 467 οί
1421 410 1731 476 δικάζοντες
1749 408 1888 483 ἦσαν
1919 411 1977 462 ἐν
2004 410 2139 462 ἀπο-

564 500 658 572 ρίᾳ
683 512 733 563 ι,
770 500 827 550 ἐν
850 497 1128 567 ἀμηχανίᾳ
1152 496 1337 567 πολλῇ.
1366 496 1631 567 Καθάπερ
1665 495 1773 565 7&9
1802 498 1831 547 ὁ
1867 494 1957 546 τὸν
2006 492 2136 546 ἀδά-

562 599 739 654 μαντα
761 580 1031 649 πλήττων,
1055 579 1217 642 αὐτὸς
1243 579 1510 649 λαμϐάνει
1554 579 1655 647 τὴν
1704 579 1946 647 πληγήν·
1994 574 2137 629 οὕτω

558 665 622 736 δὴ
679 664 774 717 καὶ
817 655 982 715 οὗτοι.
1060 661 1199 714 Ἀλλ’
1264 660 1450 732 ἐώρων
1520 660 1581 714 οὐ
1653 661 1812 731 μόνον
1852 662 1952 713 οὑκ
2025 659 2138 727 ἐμ-

556 746 915 816 ποδιζομένην
971 744 1150 796 αὐτῶν
1209 743 1309 815 τὴν
1346 743 1680 814 παρρησίαν,
1712 742 1847 797 ἀλλά
1876 741 1970 795 καὶ
2005 740 2139 812 μᾶλ-

555 835 646 889 λον
671 834 971 903 αὐξόμενον
1008 830 1069 881 τὸ
1098 831 1382 900 κήρυγμα,
1412 832 1506 882 καὶ
1542 830 1979 900 ἀκαταπλήκτως
2019 830 2135 883 δια-

552 915 874 987 λεγομένους
898 913 925 952 δ
958 914 1173 976 αὐτοὺς,
1212 914 1304 965 καὶ
1336 913 1409 983 μὴ
1445 912 1786 983 παρέχοντας
1811 911 2003 973 λαϐάς.
2034 912 2137 963 Μι-

554 1002 861 1074 μησώμεθα
883 1000 1105 1064 τούτους
1129 999 1193 1070 δὴ
1224 1000 1320 1053 καὶ
1340 1002 1518 1069 ἡμεῖς,
1543 1000 1839 1070 ἀγαπητοὶ,
1880 998 1976 1051 καὶ
2005 1000 2137 1051 ἀκα-

548 1085 850 1155 τάπληκτοι
883 1085 941 1135 ἐν
973 1084 1109 1135 πᾶσι
1145 1081 1433 1152 γενώμεθα
1461 1087 1572 1146 τοῖς
1606 1082 1820 1146 δεινοῖς.
1852 1082 1964 1133 Οὐκ
2018 1080 2133 1133 ἐστι

546 1167 715 1220 δεινόν
750 1184 803 1219 τι
829 1164 909 1235 τῷ
938 1165 1259 1235 φοϐουμένῳ
1286 1166 1378 1219 τὸν
1409 1166 1562 1229 Θεὸν,
1598 1165 1724 1218 ἀλλ’
1776 1166 1833 1217 ἐν
1879 1166 1994 1227 τοῖς
2057 1164 2131 1235 μὴ

546 1250 905 1321 φοϐουμένοις
965 1250 1086 1302 ἐστί
1134 1250 1201 1303 τὰ
1258 1250 1426 1305 δεινά.
1464 1250 1520 1302 '0
1554 1250 1662 1319 7&9
1695 1248 1805 1302 τῶν
1850 1247 2037 1301 παθῶν
2063 1247 2130 1301 δι’

545 1332 747 1403 ἀρετῆς
772 1331 1042 1401 ἀνώτερος
1066 1333 1473 1403 γινόμενος,καί
1494 1331 1682 1400 ῶσπερ
1713 1332 1870 1384 σκιάν
1895 1330 1963 1383 τά
1985 1347 2128 1401 παρ-

545 1416 671 1468 όντα
720 1414 1080 1485 παρατρέχων
1114 1417 1447 1485 πράγματα,
1483 1416 1601 1478 πῶς
1636 1415 1740 1467 ὑπό
1767 1430 1913 1476 τινος
1946 1413 2127 1465 πείσε-

543 1514 632 1552 ται
659 1497 862 1562 δεινόν;
893 1497 1012 1549 τίνα
1033 1497 1090 1549 δέ
1114 1497 1519 1569 φοϐηθήσεται;
1552 1498 1585 1568 ἢ
1633 1498 1686 1550 τί
1738 1496 1808 1550 τά
1859 1497 2006 1550 δεινά
2042 1496 2125 1548 λο-

543 1584 744 1648 γιεῖται
764 1598 778 1646 ;
802 1580 1013 1635 Οὐκοῦν
1036 1581 1441 1651 καταφύγωμεν
1467 1583 1559 1633 ἐπὶ
1579 1582 1783 1651 ταύτην
1799 1581 1897 1651 τὴν
1919 1581 2126 1649 πέτραν

542 1667 638 1738 τὴν
663 1666 928 1722 ἄσειστον.
961 1666 1025 1719 Εἰ
1074 1664 1226 1718 πόλιν
1269 1662 1399 1736 ἡμῖν
1432 1682 1515 1728 τις
1562 1663 1926 1728 κατεσκεύαζε
1951 1662 2120 1735 ιιοη,

542 1750 635 1804 καὶ
670 1752 848 1818 τεῖχος
880 1748 1215 1818 περιετίθει·
1262 1748 1461 1816 μᾶλλον
1495 1748 1551 1799 δέ
1584 1749 1632 1800 εἰ
1660 1747 1938 1818 ἀπῳκιζεν
1976 1748 2124 1817 ἡμᾶς

541 1834 621 1897 εἰς
651 1834 776 1902 γῆν,
806 1831 935 1885 ἔνθα
967 1832 1154 1901 μηδεὶς
1178 1827 1246 1902 ἦν
1288 1834 1316 1885 ὁ
1347 1832 1598 1902 ἐνοχλῶν,
1644 1832 1740 1885 καὶ
1790 1833 1971 1884 πᾶσαν
2008 1832 2124 1885 ἐκεῖ

540 1919 771 1987 παρεῖχε
796 1916 893 1987 τὴν
922 1914 1201 1983 ἀφθονίαν,
1226 1915 1325 1968 οὐκ
1360 1916 1519 1984 ἀφεὶς
1552 1916 1689 1986 πρὸς
1739 1915 1932 1968 οὐδένα
1982 1916 2123 1985 πρᾶ-

541 2017 656 2070 γμα
677 2000 843 2068 ἐχειν,
870 1998 968 2051 οὐκ
994 1998 1059 2051 ἂν
1084 1999 1230 2067 ἡμᾶς
1251 1999 1307 2050 ἐν
1325 1997 1561 2071 τοσαύτῃ
1587 1997 1920 2068 κατέστησεν
1952 1999 2120 2066 ἀσφα-

540 2080 676 2153 λείᾳ,
707 2084 763 2134 ἐν
785 2082 886 2152 ὅσῃ
914 2079 1007 2131 νῦν
1029 2081 1056 2131 ὁ
1090 2080 1345 2149 Χριστός.
1381 2082 1559 2133 Ἔστω
1594 2079 1757 2148 γοῦν,
1805 2081 1853 2133 εἰ
1916 2080 2116 2150 βούλει,

539 2167 632 2219 καὶ
664 2167 698 2237 ἡ
732 2164 886 2227 πόλις
920 2162 1120 2233 χαλκῆ,
1157 2165 1335 2233 τεῖχος
1367 2162 1630 2215 πάντοθεν
1681 2162 1880 2233 ἔχουσα
1922 2180 2119 2233 καρτε-

539 2248 631 2321 ρὸν
663 2247 757 2301 καί
787 2245 1059 2301 ἀνάλωτον
1078 2256 1124 2283 θ’
1163 2246 1354 2315 μηδεὶς
1396 2245 1532 2315 αὐτῇ
1565 2246 1911 2317 προσκείσθω
1956 2246 2114 2299 πολέ-

539 2350 681 2403 μιος,
713 2331 945 2400 ἄφθονον
970 2329 1141 2399 ἐχέτω
1167 2329 1269 2397 γῆν
1294 2329 1386 2382 καὶ
1417 2328 1654 2399 λιπαράν
1677 2346 1689 2358 ·
1756 2329 2014 2399 παρέστω
2058 2330 2114 2382 δέ

535 2415 628 2469 καὶ
666 2417 699 2485 ή
737 2415 847 2466 τῶν
882 2412 1056 2465 ἄλλων
1083 2410 1313 2480 ἀφθονία
1341 2412 1679 2481 πραγμάτων
1704 2429 1717 2442 υ
1755 2412 1996 2463 ἔστωσαν
2020 2412 2114 2464 καὶ

534 2501 750 2552 πολῖται
775 2498 976 2567 ἥμεροι
1008 2496 1103 2547 καί
1134 2497 1449 2565 προσηνεῖς,
1485 2494 1578 2546 καὶ
1607 2493 1797 2563 μηδεὶς
1824 2496 1941 2546 ἐκεῖ
1992 2512 2114 2562 φαι-

535 2582 708 2635 νέσθω
740 2578 1049 2649 κακοῦργος
1076 2577 1235 2648 ἀνὴρ,
1267 2577 1342 2647 μὴ
1371 2577 1630 2645 κλέπτης,
1669 2576 1742 2647 μὴ
1776 2575 2109 2646 λωποδύτης,

536 2666 612 2736 μὴ
651 2664 1010 2731 συκοφάντης,
1050 2660 1125 2730 μὴ
1152 2660 1525 2730 δικαστήριον,
1561 2659 1696 2711 ἀλλά
1734 2659 2113 2730 συναλλάγμα-

533 2765 602 2800 τα
631 2746 815 2807 ἀπλῶς
834 2760 846 2774 ·
879 2744 973 2797 καὶ
1000 2743 1201 2812 ταύτην
1230 2742 1468 2811 οἰκῶμεν
1512 2742 1610 2811 τὴν
1670 2740 1820 2794 πόλιν
1845 2759 1857 2773 ·
1894 2742 1993 2794 οὐκ
2046 2739 2113 2812 ἦν

533 2829 652 2883 οὐδέ
682 2828 854 2889 οὓτως
883 2828 939 2879 ἐν
974 2824 1241 2895 ἀσφαλείᾳ
1280 2826 1401 2895 ζῇν.
1425 2825 1523 2877 Διά
1553 2824 1637 2890 τί;
1662 2825 1780 2877 Ὅτι
1833 2825 1925 2878 καὶ
1979 2827 2113 2895 πρὸς

530 2913 767 2974 οἰκέτας,
804 2910 899 2963 καὶ
924 2908 1057 2978 πρὸς
1084 2910 1340 2974 γυναῖκα,
1364 2908 1458 2960 καὶ
1498 2907 1635 2976 πρὸς
1665 2906 1848 2959 παιδία
1899 2908 2109 2979 ἀνάγκη

530 2993 907 3064 διαφέρεσθαι,
965 2993 1059 3045 καὶ
1111 2989 1313 3059 πολλῆς
1361 2990 1596 3059 ἀθυμίας
1640 2985 1779 3042 εἶναι
1837 2990 2108 3043 ὑπόθεσιν.

544 3077 810 3132 Ἐνταὺοα
846 3074 903 3128 δέ
934 3074 1085 3127 οὐδὲν
1110 3073 1352 3126 τοιοῦτον
1373 3088 1389 3104 ·
1420 3073 1480 3124 οὐ
1505 3075 1613 3143 γὰρ
1650 3067 1739 3142 ἦν,
1791 3072 1892 3124 οὐκ
1939 3068 2006 3143 ἦν
2051 3071 2112 3125 τὸ

531 3162 732 3216 λυποῦν
764 3160 884 3213 οὐδὲ
915 3159 974 3211 τὸ
1005 3156 1243 3229 παρέχον
1276 3155 1513 3226 ἀθυμίαν
1545 3158 1687 3208 τινά.

614 3245 772 3299 Ἀλλά
797 3244 857 3296 τὸ
888 3241 1222 3311 θαυμαστὸν,
1250 3240 1390 3293 αὐτά
1414 3239 1479 3311 δὴ
1540 3239 1609 3293 τά
1648 3240 1913 3294 δοκοῦντα
1965 3259 2109 3313 παρ-

533 3331 677 3401 έχειν
699 3328 958 3397 ἀθυμίαν,
990 3324 1159 3377 ταῦτα
1185 3324 1362 3393 πάσης
1386 3324 1592 3390 ἐγίνετο
1610 3326 1783 3394 χαρᾶς
1804 3325 1895 3378 καὶ
1923 3325 2113 3395 εὐφρο-

532 3413 696 3482 σύνης
742 3411 912 3464 αἴτια.
965 3402 1117 3460 Εἰπέ
1156 3408 1262 3477 γάρ
1298 3424 1410 3475 μοι,
1466 3407 1609 3469 τίνος
1658 3407 1842 3459 ἕνεκεν
1887 3407 2109 3477 ἔμελλον

532 3495 716 3550 ἀλύειν
750 3493 949 3544 ἐκεῖνοι
973 3508 988 3556 ;
1024 3490 1165 3553 τίνος
1191 3490 1248 3543 δέ
1276 3490 1458 3541 ἕνεκεν
1490 3490 1893 3559 δυσχεραίνειν;
1920 3490 2108 3544 Βούλει

531 3573 947 3648 παραγάγωμεν
975 3591 1095 3625 τινα
1124 3575 1180 3624 ἐν
1250 3573 1328 3642 τῷ
1363 3575 1551 3643 μέσῳ;
1628 3575 1807 3626 Ἔστω
1866 3592 1949 3637 τις
2001 3576 2108 3631 ἀπὸ

532 3660 773 3720 ὑπάτων,
806 3656 1033 3709 πλοῦτον
1057 3656 1341 3726 κεκτήσθω
1372 3656 1558 3719 πολὺν,
1590 3656 1742 3708 πόλιν
1765 3656 1983 3709 οἰκείτω
2011 3658 2108 3729 τὴν

534 3741 837 3815 βασιλικὴν,
862 3740 1165 3812 πράγματα
1194 3741 1330 3811 πρὸς
1368 3740 1572 3810 μηδένα
1600 3741 1798 3811 ἐχέτω,
1847 3743 2107 3811 τρυφάτω

533 3829 715 3898 μόνον,
746 3826 994 3895 καὶπρὸς
1028 3824 1185 3877 τοῦτο
1210 3824 1566 3894 ἀσχολείσθω,
1598 3827 1655 3876 ἐν
1698 3825 1836 3895 αὐτῇ
1888 3828 1954 3895 τῇ
2012 3842 2104 3878 κο-

532 3914 676 3984 ρυφῇ
706 3911 800 3963 καὶ
826 3909 918 3963 τοῦ
950 3908 1182 3961 πλούτου
1211 3912 1306 3961 καὶ
1343 3911 1441 3978 τῆς
1468 3909 1632 3980 τιμῆς
1671 3911 1764 3962 καὶ
1796 3912 1894 3981 τῆς
1946 3910 2107 3964 δυνα-

530 3996 711 4059 στείας
732 3994 1074 4064 καθήμενος’
1122 3992 1654 4062 ἀντεπεξαγάγωμεν
1707 3993 1855 4063 αὑτῷ
1900 3994 2104 4065 Πέτρον

527 4080 620 4134 τὸν
650 4081 707 4131 ἐν
733 4079 971 4147 δεσμοῖς,
1006 4078 1054 4129 εἰ
1084 4076 1252 4135 δοκεῖ,
1284 4079 1374 4143 τὸν
1408 4078 1464 4128 ἐν
1499 4077 1714 4147 μυρίοις
1740 4080 1929 4140 κακοῖς
1948 4093 1962 4108 °
2010 4080 2104 4131 καὶ

529 4161 718 4214 τοῦτον
744 4161 1047 4229 εὑρήσομεν
1074 4157 1364 4226 τρυφῶντα
1405 4158 1621 4227 μᾶλλον.
1654 4159 1822 4211 Ὅταν
1872 4160 1979 4229 γὰρ
2015 4178 2103 4213 το-

532 4244 703 4314 σαύτη
740 4242 1026 4313 περιουσία
1054 4243 1226 4311 χαρᾶς
1257 4238 1313 4311 ᾗ,
1362 4242 1436 4304 ὡς
1481 4242 1538 4293 ἐν
1586 4243 1807 4310 δεσμοῖς
1858 4244 2098 4313 ἥδεσθαι,

530 4327 782 4395 ἐννόησον
816 4328 939 4379 ὅσον
960 4324 1076 4376 ἐστὶ
1106 4324 1166 4376 τὸ
1200 4324 1428 4393 μέγεθος
1460 4326 1557 4394 τῆς
1591 4326 1788 4395 χαρᾶς.
1837 4328 2101 4398 Καθάπερ

529 4411 638 4479 7&9
660 4408 823 4461 οίέπὶ
855 4406 1094 4477 μεγάλης
1120 4406 1270 4471 ὄντες
1316 4408 1510 4477 ἀρχῆς,
1558 4408 1655 4459 ὅσα.
1704 4406 1769 4460 ἂν
1818 4411 2100 4484 προσπέσῃ

528 4493 697 4556 δεινά,
726 4493 826 4545 οὐκ
858 4490 1247 4552 αἰσθάνονται,
1296 4490 1413 4542 ἀλλ’
1456 4492 1772 4561 ἐπιμένουσι
1817 4495 1883 4562 τῇ
1922 4496 2094 4565 χαρᾷ-⁵

527 4574 670 4628 οὓτω
688 4574 752 4645 δὴ
782 4575 875 4627 καὶ
897 4567 1043 4628 οὑτοι
1064 4572 1131 4625 δι’
1162 4572 1302 4625 αὐτά
1326 4572 1389 4644 δὴ
1420 4572 1593 4625 ταῦτα
1625 4573 1821 4643 μᾶλλον
1859 4575 2095 4646 ἔχαιρον.

528 4660 604 4712 υύ
638 4661 745 4728 7&9
774 4657 940 4719 ἐστιν,
963 4657 1062 4709 οὐκ
1094 4656 1207 4708 ἐστι
1238 4657 1381 4727 λόγῳ
1402 4658 1858 4729 παραστῆσαιτὴν
1881 4659 2095 4730 ἡδονὴν,

525 4744 656 4811 ὅσην
685 4742 825 4811 ἔχειν
856 4739 1139 4808 συμϐαίνει
1168 4741 1292 4802 τοὺς
1324 4739 1409 4791 διὰ
1437 4741 1669 4809 Χριστόν
1702 4759 1753 4793 τι
1788 4744 2095 4813 πάσχοντας

524 4825 692 4877 δεινόν
719 4841 732 4854 ⁸
761 4824 960 4893 μᾶλλον
987 4823 1096 4893 7&9
1134 4823 1226 4875 ἐπὶ
1246 4824 1356 4883 τοῖς
1386 4823 1576 4884 δεινοῖς
1628 4825 1923 4895 χαίρουσιν,
1947 4826 1979 4896 ἢ
2005 4828 2096 4879 ἐπὶ

524 4912 636 4972 τοῖς
670 4910 911 4976 ἀγαθοῖς,
934 4908 1001 4960 Εἴ
1030 4926 1113 4970 τις
1141 4908 1361 4977 ἐφίλησε
1390 4909 1479 4961 τὸν
1502 4910 1752 4980 Χριστὸν,
1779 4907 1916 4964 οἶδεν
1948 4912 1976 4963 ὃ
2005 4912 2090 4963 λέ-

524 5010 624 5060 γω.
689 4992 849 5043 Ἀλλά
878 4991 962 5057 τί;
1004 4990 1299 5058 ἀσφαλείας
1337 4992 1520 5044 ἕνεκεν
1553 4993 1775 5063 ἔμελλον
1803 4993 1873 5046 τά
1899 4993 2090 5065 δυσχε-

526 5076 592 5144 ρῆ
618 5074 838 5141 φεύγειν
866 5072 893 5111 ἀ
922 5090 937 5139 ;
968 5075 1077 5125 Καὶ
1105 5074 1209 5135 τίς,
1232 5074 1351 5126 εἰπέ
1378 5092 1499 5145 μοι,
1530 5076 1722 5146 μυρίον
1762 5079 2092 5147 κεκτημένος

523 5157 771 5220 πλοῦτον,
846 5156 1131 5218 τοσούτους
1180 5155 1455 5220 κινδύνους
1506 5158 1742 5229 ἠδυνήθη
1789 5159 2090 5228 διαφυγεῖν,

520 5239 696 5292 ἔθνεσι
713 5238 983 5301 τοσούτοις
1009 5239 1231 5308 ὁμιλῶν,
1252 5240 1391 5310 ὑπὲρ
1425 5243 1802 5309 μεταστάσεως
1819 5243 2091 5306 πολιτείας

522 5322 723 5393 μόνης;
760 5316 919 5375 Οὗτοι
957 5322 1013 5376 δέ
1043 5322 1230 5393 ὥσπερ
1272 5324 1329 5388 ἐξ
1386 5326 1755 5393 ἐπιτάγματος
1814 5326 2087 5395 βασιλικοῦ

520 5406 696 5460 πάντα
722 5406 904 5476 ήνυον,
937 5405 1134 5475 μᾶλλον
1166 5406 1223 5459 δὲ
1253 5406 1347 5459 καί¹
1382 5406 1561 5474 πολλῷ
1606 5407 1811 5481 ρᾀδιον1
1860 5408 1932 5459 Οὐ
1982 5409 2090 5481 γάρ

516 5489 687 5552 οὕτως
722 5490 1002 5557 ἐπίταγμα
1036 5488 1331 5558 βασιλικὸν,
1356 5490 1429 5553 ὠς
1481 5490 1547 5543 τά
1595 5491 1817 5543 ἐκείνων
1871 5493 2090 5561 ῥήματα

516 5572 729 5626 ἅπαντα
758 5572 960 5642 ἤνυσαν
978 5589 991 5602 ⁸
1016 5573 1075 5625 τὸ
1098 5572 1204 5641 γὰρ
1230 5573 1506 5642 ἐπίταγμα
1535 5574 1594 5625 τὸ
1622 5572 1897 5643 βασιλικὸν
1915 5576 2082 5645 ἀνάγ-

577 5759 601 5823 _“‘
634 5757 763 5803 Mem
815 5757 978 5823 Codex
1021 5759 1285 5823 δικάζοντες
1314 5758 1360 5823 ἐν
1405 5757 1602 5823 κινδύνῳ
1635 5757 1776 5823 ἦσαν,
1820 5761 1866 5807 ἐν
1889 5762 2082 5823 ἀπορία.

514 5816 703 5883 βιάσθω
750 5820 829 5883 καί
874 5816 1586 5883 ἀφροντίστως-διαλεγόμενοιζ
1645 5824 1667 5849 ο
1729 5822 1857 5869 Idem
1908 5816 2083 5883 ἐχοὶιόα

512 5882 691 5938 ὑψηλὸν
709 5879 786 5925 καὶ
808 5879 1062 5946 ἀνάλωτον.
1131 5881 1156 5917 ιι
1177 5880 1307 5938 Haec,
1350 5882 1539 5940 ἔμελλον
1564 5884 1621 5929 τα
1651 5885 1851 5946 δυσχερῆ
1884 5879 2080 5945 φεύγειν,

518 5950 695 5991 οεδυηι
720 5946 766 5991 ‘m
808 5953 904 5989 uno
939 5940 1052 5991 Lod.

1182 299 1236 355 S.
1277 297 1561 355 JOANNIS
1594 292 2087 353 CIIRYSOSTOMI
2125 290 2447 351 ARCHIEP.
2488 294 3032 354 CONSTANTINOP.

3717 304 3819 357 110

2252 426 2321 479 κῃ
2349 409 2636 479 ἐπάγεται,
2672 404 2817 465 οὑτοι
2842 411 2899 465 δὲ
2928 412 3148 476 ἑκόντας
3201 412 3294 465 καὶ
3326 416 3818 487 προαιρουμένουῆ

2246 494 2340 545 καὶ
2382 493 2577 563 μυρίαν
2601 496 2759 567 χάριν
2784 497 3012 560 εἰδότας.
3046 498 3201 550 Ποῖον
3232 496 3507 569 ἐπίταγμα
3540 499 3821 568 βασιλικὸν

2246 577 2461 631 πάντων
2484 579 2785 649 ἀποστῆναι
2833 582 2940 633 τῶν
2982 580 3312 652 χρημάτων,
3342 583 3439 635 καὶ
3494 584 3595 654 τῆς
3636 584 3820 657 ψυχῆς

2241 659 2459 714 ἔπεισεν
2483 661 2570 727 ἄν,
2605 663 2701 716 καί
2731 667 3141 734 καταφρονῆσαι
3168 664 3367 727 οἰκίας,
3385 667 3659 735 πατρίδος,
3687 686 3821 737 συγ-

2240 743 2433 810 γενῶν,
2466 745 2562 798 καὶ
2588 747 2687 816 τῆς
2714 749 2988 818 σωτηρίας
3015 748 3217 817 αὐτῆςς
3254 748 3394 801 Ἀλλ’
3411 752 3465 801 αἰ
3491 750 3599 801 τῶν
3622 752 3821 807 ἀλιέων

2239 827 2330 906 καὶ
2361 829 2700 896 σκηνοποιῶν
2726 830 2949 899 ίσχυσαν
2988 831 3367 898 φωναί.Ὦστε
3406 832 3502 885 καὶ
3548 833 3606 886 ἐν
3650 835 3816 906 ήδονῇ

2235 902 2397 977 ἦσαν,
2456 912 2551 963 καὶ
2597 910 2956 982 δυνατώτεροι
3006 912 3103 966 καὶ
3173 914 3511 984 ἰσχυρότεροι
3571 902 3813 971 πάντωνξ

2235 991 2362 1055 Ναὶ,
2392 995 2575 1062 φησὶν,
2601 994 2821 1059 ἐκεῖνοι,
2853 995 3044 1065 ἐπειδὴ
3075 996 3141 1048 τὰ
3174 999 3375 1066 σημεῖα
3400 997 3635 1051 ἐποίουν.
3665 1002 3727 1051 Oi
3757 1000 3818 1053 δέ

2235 1077 2643 1142 πιστεύσαντες,
2666 1079 2787 1132 εἰπέ
2816 1096 2926 1149 μοι,
2945 1080 3072 1133 ποῖα
3097 1082 3294 1150 σημεῖα
3330 1079 3564 1144 ἐποίουν,
3587 1084 3634 1134 οἰ
3653 1099 3815 1153 τρισ-

2232 1158 2412 1227 χίλιοι,
2439 1161 2531 1214 καὶ⁸
2555 1163 3002 1233 πεντακισχίλιοι,
3034 1163 3084 1216 οἳ
3110 1164 3203 1217 καὶ
3224 1165 3282 1216 ἐν
3298 1164 3619 1232 ἀγαλλιάσει
3638 1168 3812 1239 πολλῇ

2230 1240 2445 1312 διῆγον;
2499 1241 2650 1315 [108]
2684 1245 2921 1308 Εἰκότως
2943 1261 2957 1275 ’
2985 1247 3018 1315 ὴ
3046 1244 3154 1316 γάρ
3190 1246 3380 1299 πασῶν
3407 1248 3516 1300 τῶν
3564 1250 3815 1320 ἀθυμιῶν

2233 1323 2507 1390 ὑπόθεσις,
2527 1328 2561 1397 ἡ
2591 1327 2699 1381 τῶν
2732 1328 3030 1398 χρημάτων
3061 1329 3257 1399 κτῆσις
3294 1330 3553 1402 ἀνῄρητο.
3595 1332 3811 1405 Ἐκείνη

2230 1406 2358 1479 7&9,
2382 1409 2563 1479 ἐκείνη
2607 1410 2702 1464 καὶ
2746 1410 3029 1480 πολέμων,
3071 1413 3166 1465 καὶ
3200 1413 3400 1483 μάχης,
3460 1416 3556 1468 καὶ
3605 1415 3809 1486 λύπης,

2230 1494 2326 1545 καὶ
2386 1494 2646 1565 ἀθυμίας,
2679 1496 2773 1549 καὶ
2823 1496 3040 1549 πάντων
3088 1499 3235 1551 αίτία
3286 1500 3393 1551 τῶν
3422 1501 3606 1554 κακῶν
3633 1498 3734 1572 ἦν·
3774 1505 3811 1572 ἡ

2225 1575 2315 1629 τὸν
2347 1576 2459 1645 βίον
2488 1579 2743 1632 ἐπίπονον
2772 1578 2999 1633 ποιοῦσα
3047 1581 3141 1633 καὶ
3182 1580 3571 1653 λυπηρότερον,
3622 1585 3809 1656 ἐκείνη

2224 1656 2361 1714 ἐστί.
2385 1661 2493 1712 Καὶ
2523 1660 2741 1724 πλείους
2770 1661 2921 1732 εὖροι
2954 1679 3035 1726 τις
3077 1663 3142 1716 ἂν
3176 1664 3376 1734 μᾶλλον
3412 1666 3634 1735 ἔχοντας
3674 1667 3811 1720 ἀθυ-

2226 1742 2354 1810 μίας
2389 1743 2675 1807 ὑποθέσεις
2712 1755 2735 1783 ο
2768 1747 2896 1809 τοὺς
2926 1747 2985 1798 ἐν
3015 1746 3251 1817 πλούτῳ,
3286 1748 3465 1819 ἥτοὺς
3516 1752 3573 1802 ἐν
3622 1750 3804 1819 πενίᾳ.

2222 1824 2285 1877 Et
2313 1825 2369 1878 δὲ
2403 1825 2478 1896 μὴ
2503 1826 2650 1880 δοκεῖ
2670 1845 2812 1881 τισιν
2841 1828 3015 1893 οὑτως
3041 1830 3206 1901 ἔχειν,
3233 1831 3294 1883 οὐ
3349 1832 3499 1903 παρά
3545 1833 3645 1903 τὴν
3692 1834 3810 1886 τῶν

2222 1909 2563 1978 πραγμάτων
2598 1909 2783 1979 φύσιν,
2821 1911 2956 1964 ἀλλά
2990 1912 3139 1982 παρά
3168 1913 3265 1985 τὴν
3298 1913 3453 1978 δόξαν
3502 1915 3700 1970 αὐτῶν.
3740 1918 3809 1969 Εἰ

2218 1992 2274 2045 δέ
2311 2011 2429 2046 τινα
2464 1994 2645 2065 ἔχουσι
2666 1997 2758 2049 καὶ
2785 1997 2977 2068 ἡδονὴν
3012 2001 3061 2050 οί
3088 2001 3145 2051 ἐν
3189 1998 3424 2069 πλούτῳ,
3470 2000 3621 2054 οὐδὲν
3672 2001 3809 2053 θαυ-

2221 2076 2443 2144 μαστόν.
2478 2077 2586 2130 Καὶ
2620 2077 2730 2149 7&9
2753 2082 2801 2132 οἰ
2816 2079 3007 2151 ψώρας
3033 2082 3532 2152 ἀναπεπλησμένοι,
3556 2083 3613 2135 ἐν
3634 2084 3805 2152 πολλῇ

2217 2159 2355 2210 εἰσιν
2382 2159 2565 2231 ἡδονῇ.
2601 2160 2726 2214 Ὀτι
2750 2162 2858 2233 γὰρ
2892 2164 3117 2217 ἐκείνων
3145 2164 3294 2217 οὐδὲν
3347 2165 3695 2236 διαφέρουσιν
3752 2168 3807 2220 οἱ

2216 2243 2594 2307 πλουτοῦντες,
2633 2244 2747 2298 ἀλλ’
2774 2248 2806 2316 ὴ
2837 2246 2982 2317 ψυχὴ
3008 2247 3232 2318 τοιαύτη
3274 2248 3359 2312 τίς
3402 2251 3550 2302 ἐστιν
3594 2250 3804 2314 αὐτοῖς,

2215 2326 2374 2393 δῆλον
2399 2327 2629 2379 ἐκεῖθεν
2668 2327 2915 2381 Ἀνιῶσιν
2942 2331 3136 2393 αὐτοὺς
3159 2331 3457 2400 φροντίδες,
3489 2332 3582 2384 καὶ
3604 2332 3756 2401 ὅμως
3778 2331 3801 2372 ί

2218 2408 2496 2478 βούλονται
2532 2412 2722 2475 αὑταῖς
2744 2412 3023 2482 ἐνέχεσθαι
3048 2412 3136 2465 διὰ
3160 2414 3258 2483 τὴν
3285 2414 3621 2485 πρόσκαιρον
3672 2415 3805 2484 ἡδο-

2215 2494 2311 2563 νήν
2339 2509 2351 2522 ·
2383 2494 2432 2545 οί
2458 2493 2515 2545 δέ
2544 2494 2757 2547 τούτων
2790 2493 3219 2566 ἀπηλλαγμένοι,
3254 2496 3313 2548 ἐν
3354 2497 3510 2568 ὑγείᾳ
3558 2496 3665 2550 εἰσὶ
3704 2498 3805 2550 καὶ

2214 2574 2451 2643 ἀθυμίας
2481 2575 2661 2639 ἐκτός.

2282 2657 2344 2709 δ’.
2379 2658 2442 2709 Τί
2475 2659 2642 2727 ἥδιον,
2688 2658 2808 2711 εἰπέ
2844 2676 2965 2729 μοι;
3003 2660 3054 2713 τί
3082 2661 3168 2714 δαὶ
3194 2662 3623 2731 ἀσφαλέστερον;
3655 2662 3801 2733 ὑπὲρ

2212 2739 2376 2810 ἀρτου
2406 2740 2709 2810 φροντίζειν
2741 2743 2858 2803 ἐνὸς
2886 2744 2980 2794 καὶ
3008 2745 3392 2815 ἐνδυμάτων,ἢ
3428 2746 3564 2815 ὑπὲρ
3588 2745 3803 2815 μυρίων

2213 2823 2306 2874 καὶ¹
2343 2823 2569 2875 οἰκετῶν
2592 2824 2684 2876 καὶ
2713 2825 3032 2895 ἐλευθέρων,
3055 2828 3120 2879 τὰ
3151 2828 3252 2880 καθ
3273 2829 3284 2846 ’
3310 2829 3499 2881 ἐαυτὸν
3528 2829 3602 2899 μὴ
3639 2846 3803 2900 μερι-

2217 2904 2461 2973 μνῶντας
2494 2906 2761 2976 Καθάπερ
2792 2908 2900 2977 γάρ
2931 2901 3085 2969 οὗτος
3120 2910 3259 2980 ὑπὲρ
3290 2910 3485 2963 ἑαυτοῦ
3509 2911 3748 2965 δέδοικεν
3779 2927 3796 2941 ο

2212 2987 2354 3041 οὐτω
2376 2989 2467 3041 καὶ
2495 2989 2559 3041 σὺ
2585 2990 2726 3059 ὑπὲρ
2761 2990 2869 3043 τῶν
2896 2994 2994 3062 τῆς
3024 2993 3121 3062 σῆς
3163 2994 3594 3065 ἐκκρεμαμένων
3624 3012 3801 3063 κεφα-

2212 3070 2327 3139 λῆς.
2361 3072 2471 3123 Καὶ
2496 3072 2549 3124 τί
2587 3071 2787 3142 δήποτε
2810 3073 3044 3143 φευκτὸν
3079 3077 3111 3144 ὴ
3168 3076 3326 3129 πενία
3372 3076 3552 3142 δοκεῖ,
3587 3079 3795 3148 φησίν;

2223 3155 2441 3224 Ἐπειδὴ
2466 3158 2558 3208 καὶ
2586 3156 2655 3209 τὰ
2681 3156 2816 3210 ἄλλα
2846 3158 3024 3225 ἀγαθά
3049 3160 3299 3212 ἀπευκτά
3324 3161 3536 3225 πολλοῖς
3584 3163 3794 3231 τυγχά-

2211 3255 2311 3303 νει,
2338 3238 2480 3309 ἀπερ
2522 3240 2659 3292 εἰσὶν
2685 3240 2746 3292 οὐ
2774 3240 2862 3293 διὰ
2890 3242 2951 3293 τὸ
2980 3242 3227 3295 ἀπευκτά
3261 3240 3398 3295 εἶναι
3436 3246 3665 3311 φευκτὰ,
3701 3246 3798 3299 ἀλ·-

2210 3321 2276 3374 λά
2343 3321 2429 3374 διὰ
2480 3323 2543 3375 τὸ
2594 3323 3037 3396 δυσκατόρθωτα.
3099 3326 3311 3380 Οὐκοῦν
3354 3329 3446 3381 καὶ
3504 3327 3641 3399 αὐτη
3692 3331 3797 3383 οὐκ

2210 3404 2476 3476 ἀπευκτὴ,
2505 3406 2641 3460 ἀλλά
2655 3406 3099 3476 δυσκατόρθωτος
3120 3424 3133 3438 ⁸
3167 3408 3306 3461 ῶστε
3347 3411 3400 3462 εἴ
3417 3411 3479 3478 γέ
3504 3429 3585 3474 τις
3620 3413 3793 3483 αὐτὴν

2212 3490 2454 3556 ἐνεγκεῖν
2483 3490 2731 3558 ἠδύνατο,
2765 3490 2865 3542 οὐκ
2915 3490 2982 3543 ἂν
3034 3486 3102 3561 ἦν
3137 3493 3406 3560 ἀπευκτή.
3439 3494 3536 3547 Διά
3574 3494 3627 3547 τί
3683 3495 3792 3564 7&9

2209 3574 2307 3625 οὐκ
2335 3573 2642 3645 ἀπηύχοντο
2667 3573 2837 3645 αὐτὴν
2884 3575 2935 3626 οἱ
2994 3574 3318 3642 ἀπόστολοι;
3356 3576 3443 3629 διά
3500 3578 3553 3629 τί
3600 3578 3791 3632 πολλοὶ

2211 3658 2303 3708 καὶ
2330 3658 2607 3728 αἱροῦνται
2642 3659 2831 3729 αὐτὴν,
2857 3660 3031 3712 καὶού
3072 3660 3231 3729 μόνον
3264 3661 3364 3713 οὐκ
3382 3660 3710 3731 ἀπεύχονται
3738 3666 3788 3726 δ,

2209 3740 2344 3792 ἀλλά
2368 3742 2459 3793 καὶ
2492 3741 2839 3812 ἐπιτρέχουσι
2865 3757 2879 3806 ;
2906 3742 2977 3794 Τὸ
3015 3742 3122 3811 γάρ
3144 3742 3311 3806 ὅντως
3333 3746 3627 3812 ἀπευκτὸν,
3662 3746 3789 3800 οὐδὲ

2210 3824 2445 3893 αἱρετὸν,
2470 3824 2610 3895 πλὴν
2639 3828 2753 3886 τοῖς
2784 3824 3155 3894 μαινομένοις.

2276 3906 2420 3959 Εἰδέ
2456 3908 2503 3959 οἱ
2534 3906 2816 3976 φιλόσοφοι
2837 3907 2944 3960 τῶν
2980 3907 3281 3978 ἀνθρώπων
3314 3909 3408 3962 καὶ
3448 3909 3640 3981 ὑψηλοί
3691 3913 3786 3964 ἐπὶ

2204 3989 2408 4053 ταύτην
2436 3989 2684 4061 ἔρχονται
2703 3989 2777 4052 ὡς
2801 3990 2893 4042 ἐπί
2924 4007 2976 4043 τι
3005 3991 3205 4061 χωρίον
3263 3992 3502 4061 ἀσφαλὲς
3536 3995 3630 4046 καὶ
3661 3995 3785 4048 ἀνο-

2208 4090 2318 4136 σον,
2348 4073 2499 4125 οὐδὲν
2529 4072 2862 4144 θαυμαστὸν,
2896 4072 2991 4126 ἐὰν
3017 4076 3130 4137 τοῖς
3157 4074 3337 4138 ἄλλοις
3380 4076 3455 4146 μὴ
3506 4076 3654 4147 δοκῇ.
3725 4077 3783 4131 '0

2209 4159 2307 4227 μὲν
2327 4157 2434 4227 γὰρ
2460 4157 2711 4217 πλούσιος
2740 4157 2893 4210 οὐδὲν
2919 4157 3109 4228 ἕτερον
3136 4154 3275 4211 εἷναί
3327 4177 3416 4229 μοι
3463 4161 3629 4223 δοκεῖ,
3665 4161 3782 4215 ἀλλ’

2205 4241 2236 4309 ἣ
2272 4241 2426 4302 πόλις
2455 4240 2760 4309 ἀτείχιστος
2782 4241 2838 4292 ἐν
2870 4240 3036 4311 πεδίῳ
3064 4242 3292 4311 κειμένη
3321 4245 3416 4295 καί
3455 4243 3782 4312 πολλαχόθεν

2204 4322 2563 4391 ἐπισπωμένη
2592 4323 2716 4385 τοὺς
2748 4322 3197 4387 ἐπιϐουλεύοντας
3217 4342 3229 4355 ·
3265 4327 3298 4396 ἡ
3325 4325 3377 4378 δὲ
3417 4326 3575 4379 πενία
3614 4326 3785 4397 φρού-

2204 4422 2319 4476 ριον
2377 4404 2641 4474 ἀσφαλὲς,
2687 4406 2871 4475 χαλκῴ
2921 4407 3383 4477 περιϐεϐλημένον
3423 4406 3622 4477 πολλῷ,
3683 4410 3781 4461 καὶ

2200 4488 2454 4541 δύσκολον
2491 4490 2611 4559 ἔχον
2644 4490 2741 4559 τὴν
2772 4490 2976 4544 ἄνοδον.
3015 4492 3121 4543 Καὶ
3162 4492 3271 4561 μὴν
3293 4492 3619 4556 τούναντίον,
3675 4510 3781 4563 φη-

2203 4576 2308 4637 σὶν,
2340 4574 2487 4625 ἐστίν
2512 4590 2524 4602 ·
2559 4566 2709 4625 οὗτοι
2734 4574 2842 4644 γάρ
2869 4576 3005 4626 εἰσιν
3020 4576 3067 4626 οἱ
3094 4577 3171 4636 εἰς
3198 4575 3543 4645 δικαστήριον
3574 4577 3779 4630 πολλά-

2200 4673 2287 4718 κις
2323 4655 2605 4725 ἑλκόμενοι
2633 4672 2645 4685 ’
2680 4651 2823 4710 οὗτοί
2850 4658 2985 4709 είσιν
3019 4659 3066 4709 οί
3100 4658 3526 4727 ἐπηρεαζόμενοι
3550 4661 3642 4711 καὶ
3671 4677 3775 4713 κα-

2199 4740 2311 4801 κῶς
2354 4739 2678 4809 πάσχοντες.
2716 4740 2828 4809 Οὐχ
2858 4742 2905 4792 οί
2932 4741 3161 4809 πένητες
3185 4740 3388 4806 ἁπλῶς,
3413 4741 3527 4796 ἀλλ’
3573 4744 3620 4795 οί
3675 4744 3777 4795 πέ-

2200 4840 2357 4892 νητες
2389 4822 2507 4892 μὲν,
2539 4822 2852 4891 βουλόμενοι
2885 4822 2941 4874 δὲ
2970 4822 3237 4876 πλουτεῖν.
3288 4823 3428 4892 Ἐγὼ
3465 4825 3521 4876 δὲ
3551 4826 3612 4876 οὐ
3644 4828 3775 4897 περὶ

2197 4904 2418 4957 ἐκείνων
2448 4907 2607 4974 φημὶ,
2640 4905 2776 4956 ἀλλὰ
2799 4906 2927 4975 περὶ
2954 4906 3060 4957 τῶν
3099 4904 3506 4969 σπουδαζόντων
3532 4910 3590 4960 ἐν
3612 4909 3773 4979 πενία

2196 4987 2423 5054 διάγειν.
2472 4989 2605 5041 Εἰπέ
2673 4988 2780 5057 γάρ
2844 5005 2952 5057 μοι,
3019 4987 3107 5040 διὰ
3172 4989 3224 5040 τί
3288 4988 3478 5059 μηδεὶς
3536 4990 3661 5053 τοὺς
3715 4993 3775 5043 ὲν

2195 5073 2307 5133 τοῖς
2337 5070 2518 5141 ὄρεσιν
2545 5072 2690 5124 ἕλκει
2718 5074 2795 5132 είς
2823 5070 3200 5141 δικαστήριον;
3239 5072 3413 5125 καίτοι
3447 5089 3508 5140 γε
3531 5074 3578 5125 εί
3617 5075 3647 5141 ἡ
3673 5090 3773 5125 πε-

2196 5152 2285 5205 νία
2313 5155 2636 5225 εὐχείρωτον
2657 5195 2670 5219 ,
2708 5152 2948 5215 ἐκείνους
2992 5154 3225 5222 μάλιστα
3258 5155 3474 5207 πάντων
3517 5154 3772 5208 ἕλκεσθαι

2196 5235 2301 5288 ἔδει
2323 5279 2336 5301 ,
2366 5238 2475 5307 ὅσῳ
2517 5239 2732 5290 πάντων
2759 5237 2863 5287 εἰσὶ
2895 5237 3230 5305 πενέστεροι.
3257 5237 3356 5289 Διά
3387 5238 3439 5288 τί
3473 5239 3597 5299 τοὺς
3622 5255 3773 5308 προ-

2195 5321 2513 5382 σαιτοῦντας
2536 5321 2710 5381 οὐδεὶς
2761 5319 2912 5371 ’ἐλκει
2971 5322 3049 5382 εἰς
3110 5320 3483 5390 δικαστήριον;
3534 5321 3619 5373 διά
3657 5322 3709 5373 τί
3740 5324 3765 5360 ιι

2196 5404 2385 5474 μηδεὶς
2418 5404 2659 5472 βιάζεται
2723 5403 2856 5471 μηδέ
2905 5406 3262 5470 συκοφαντεῖ;
3315 5400 3402 5472 ἆρ’
3442 5405 3500 5455 οὐ
3548 5404 3681 5455 διότι
3712 5407 3771 5456 ἐν

2193 5486 2579 5557 ἀσφαλεστέρῳ
2603 5486 2786 5555 χωρίῳ
2822 5486 3041 5555 μένουσι
3066 5502 3079 5549 ;
3105 5486 3298 5547 Πόσοις
3320 5486 3380 5537 τὸ
3411 5488 3641 5557 πρᾶγμα
3676 5488 3771 5539 καὶ

2189 5569 2564 5623 δυσοιώνιστον
2587 5565 2723 5621 εἶναι
2752 5569 2915 5635 δοκεῖ,
2944 5571 2976 5639 ἡ
3004 5569 3162 5623 πενία
3188 5569 3349 5636 λέγω,
3381 5570 3473 5621 καὶ
3503 5571 3564 5621 τὸ
3595 5587 3769 5640 προσ-

2190 5657 2389 5718 αιτεῖν;
2439 5653 2503 5704 Τί
2536 5648 2649 5717 οὖν,
2680 5651 2803 5704 εἰπέ
2844 5670 2954 5722 μοι,
2988 5653 3149 5705 καλὸν
3182 5653 3241 5704 τὸ
3270 5654 3537 5719 ἐπαιτεῖν;
3567 5654 3766 5716 Καλὸν,

2258 5773 2279 5799 c
2324 5760 2404 5806 Sic
2428 5758 2623 5827 quidam
2651 5764 2703 5804 et
2725 5759 2831 5827 ipse
2866 5758 3032 5827 ξείνη...
3058 5757 3107 5805 In
3135 5756 3304 5827 λίψ-ς).
3334 5758 3577 5827 ὑποθέσεις
3600 5758 3765 5827 deos}.

2195 5821 2213 5858 τ
2235 5822 2405 5882 Ὅμως
2427 5825 2571 5867 deest
2598 5822 2645 5867 in
2669 5818 2957 5882 quihusdam
2994 5818 3089 5865 Mss
3175 5819 3199 5857 Β
3241 5818 3407 5866 Morel.
3434 5818 3573 5882 μόνον
3615 5820 3766 5882 ἀπεύ-

2186 5880 2367 5943 χυντάι,
2423 5884 2569 5929 male.
2638 5881 2665 5915 λ
2712 5880 2841 5927 Unus
2877 5884 2985 5931 cod.
3025 5882 3345 5942 δικαστήριον,
3388 5882 3458 5927 ὅτι
3482 5880 3595 5940 πρὸς
3620 5880 3768 5941 ἐσχα-

2185 5962 2263 5992 τον
2296 5945 2435 6002 ἠὶθον
2462 5944 2639 5998 πενίας.
2666 5943 2753 5988 Δια
2782 5944 2841 5989 τί.
