3978 6488
232 388 308 443 mg
1124 368 1191 423 IN
1234 365 1413 422 ACTA
1454 358 1972 418 APOSTOLORUM.
2017 358 2249 415 IIOMIL.
2290 358 2430 415 XIII.

231 502 296 557 sed
338 489 719 547 Dissecabantur.
770 486 881 540 lloc
930 492 1011 540 est
1055 481 1207 548 illud,
1240 480 1379 535 male
1414 479 1543 549 pati,
1592 477 1731 532 male

231 597 358 648 licere
383 606 394 639 ε
421 595 468 638 ut
496 598 636 636 nunc
661 579 844 635 videre
869 588 974 633 est.
1007 578 1069 631 lli
1092 578 1144 630 in
1167 590 1384 629 carcere
1404 580 1574 635 erant,
1598 570 1738 639 judi-

228 685 289 737 rio
310 676 595 732 sistebantur
619 690 633 737 ;
662 681 718 725 et
743 670 948 739 judices
975 670 1030 721 in
1057 668 1297 736 angustia
1327 672 1499 730 erant,
1530 661 1736 717 consilii

228 783 396 841 prorsus
433 773 695 831 expertes.
751 761 893 815 Sicut
946 760 1088 813 enim
1140 759 1217 819 is,
1271 757 1360 827 qui
1403 755 1734 809 adatnantem

227 858 420 936 perculit,
467 855 577 922 ipse
625 853 829 921 plagam
875 851 1110 918 excipit:
1141 851 1209 903 ita
1236 859 1291 901 et
1321 847 1402 899 his
1428 845 1639 900 accidit.
1671 846 1740 897 At

227 950 421 1005 videbant
444 960 542 999 non
571 944 731 998 modo
762 944 996 1012 ipsorum
1026 941 1271 995 fiduciam
1305 954 1406 993 non
1433 937 1735 1008 praepediri,

224 1040 296 1094 sed
322 1036 726 1109 prtedicationetn
757 1035 924 1102 magis
949 1032 1156 1101 augeri,
1201 1031 1427 1100 illosque
1454 1030 1571 1084 sine
1596 1037 1739 1081 metu

227 1130 352 1199 loqui,
379 1126 668 1195 nullamque
706 1124 943 1193 praebere
980 1137 1184 1176 ansam.
1237 1121 1344 1175 Hos
1389 1119 1659 1173 imitemur
1687 1125 1742 1171 et

224 1240 310 1285 nos,
332 1218 506 1282 dilecti,
535 1227 590 1272 et
620 1217 669 1270 in
700 1215 938 1270 adversis
969 1214 1311 1284 imperterriti
1353 1213 1541 1266 simus.
1596 1210 1737 1265 Nihil

222 1330 343 1386 grave
364 1321 435 1367 est
468 1311 541 1374 ei,
571 1311 658 1380 qui
692 1311 841 1363 timet
880 1309 1081 1372 Deum;
1132 1307 1225 1362 sed
1278 1323 1383 1360 non
1432 1304 1742 1360 timentibus

221 1423 313 1464 eum
335 1405 489 1473 gravia
520 1402 736 1455 iustam.
760 1401 889 1455 Nam
918 1400 1006 1468 qui
1036 1415 1129 1469 per
1150 1399 1397 1452 virtutem
1425 1395 1587 1450 animi
1618 1410 1738 1449 meo

222 1513 286 1553 tus
323 1502 539 1565 superat,
577 1508 701 1548 cum
748 1492 1030 1559 praesentia
1073 1491 1215 1544 velut
1246 1490 1488 1543 umbram
1518 1495 1742 1555 praster-

221 1598 375 1651 currat,
416 1585 536 1655 quid
578 1584 702 1638 mali
725 1584 793 1639 ab
820 1583 995 1650 aliquo
1026 1579 1294 1649 patiatur?
1341 1577 1466 1648 quid
1493 1575 1742 1630 timebit?

220 1693 260 1736 et
281 1695 357 1734 cur
378 1678 546 1746 gravia
575 1676 662 1729 illa
689 1690 808 1729 esse
836 1672 1080 1742 putabit?
1122 1671 1261 1740 Ergo
1282 1668 1648 1739 confugiamus
1678 1666 1745 1720 ad

223 1775 325 1827 hanc
348 1771 699 1824 inconcussam
730 1778 954 1834 petram.
987 1763 1042 1817 Si
1072 1763 1191 1833 quis
1224 1761 1377 1815 nobis
1407 1761 1592 1815 urbem
1619 1772 1747 1811 con-

218 1872 420 1926 strueret,
449 1868 502 1913 et
526 1874 733 1913 murum
771 1856 1219 1925 circumponeret,
1252 1853 1359 1905 imo
1383 1851 1423 1904 si
1453 1865 1550 1904 nos
1578 1858 1748 1902 trans-

217 1954 346 2008 ferret
394 1954 440 2005 in
496 1961 721 2016 terram,
788 1947 877 2002 ubi
939 1961 1100 2001 nemo
1152 1945 1411 2009 turbaret,
1461 1952 1516 1997 et
1572 1956 1748 1996 rerum

217 2044 383 2113 cupiam
428 2040 815 2110 suppeditaret,
862 2046 922 2093 ttt
970 2038 1170 2091 nullum
1219 2045 1363 2089 esset
1404 2050 1524 2089 cum
1571 2034 1749 2102 aliquo

216 2136 456 2205 negotium,
512 2149 621 2187 non
663 2132 714 2186 in
759 2140 899 2185 tanta
930 2145 1029 2185 nos
1058 2130 1347 2184 securitate
1376 2126 1747 2190 constitueret,

214 2230 255 2281 in
300 2235 471 2297 quanta
527 2238 668 2279 nunc
712 2222 976 2279 Christus.
1024 2221 1175 2285 Esto,
1230 2222 1274 2275 si
1320 2219 1513 2289 placet,
1565 2219 1752 2272 civitas

214 2334 343 2383 aerea,
390 2316 567 2371 valido
605 2316 808 2370 circum
854 2327 1009 2368 muro
1057 2311 1266 2367 munita
1312 2319 1367 2364 et
1422 2309 1750 2379 inexpugna-

213 2414 318 2469 bili:
351 2412 517 2467 nullus
568 2410 641 2465 illi
682 2409 751 2465 sit
799 2407 989 2472 hostis,
1045 2416 1240 2461 terram
1277 2404 1472 2458 habeat
1501 2403 1751 2472 pinguem

212 2516 253 2559 et
275 2505 467 2559 uberem
493 2521 507 2556 :
544 2502 683 2556 adsit
711 2515 925 2570 quoque
952 2499 1175 2553 aliarum
1202 2511 1383 2552 rerum
1416 2496 1570 2565 capia
1600 2511 1613 2546 :
1645 2493 1751 2547 sint

209 2598 323 2649 cives
341 2592 595 2648 mansueti
620 2600 673 2646 et
704 2592 894 2646 mites:
923 2590 1102 2644 nullus
1129 2588 1202 2643 ibi
1229 2588 1312 2643 vir
1342 2587 1608 2656 malignus
1650 2600 1749 2653 ap-

212 2693 377 2753 pareat,
399 2701 496 2737 non
535 2685 639 2749 fur,
672 2698 778 2737 non
805 2682 1087 2751 expilator,
1116 2697 1222 2735 non
1249 2680 1573 2750 sycophanta
1600 2719 1615 2743 ,
1645 2693 1752 2730 non

210 2776 347 2830 forum
375 2774 653 2845 judiciale,
705 2774 798 2829 sed
840 2781 988 2843 pacta
1020 2772 1335 2841 simpliciter
1367 2789 1379 2822 :
1412 2779 1466 2823 et
1496 2769 1632 2823 hanc
1662 2768 1754 2821 ha-

211 2868 398 2921 bitemus
431 2868 707 2922 civitatem
740 2884 752 2920 :
788 2880 959 2935 neque
984 2864 1062 2919 sic
1104 2872 1280 2917 tamen
1320 2878 1507 2917 secure
1547 2862 1752 2914 vivere-

210 2973 320 3013 mus.
342 2958 555 3025 Quare?
597 2957 730 3026 Quia
763 2957 1124 3012 necessarium
1173 2966 1335 3019 esset,
1390 2970 1509 3009 cum
1562 2954 1753 3017 servis,

209 3065 307 3103 cum
332 3065 480 3105 uxore
507 3058 575 3105 et
603 3064 724 3103 cum
755 3047 876 3102 filiis
904 3046 1171 3111 altercari,
1225 3045 1483 3114 multique
1507 3043 1755 3099 maeroris

213 3151 329 3195 esset
351 3142 577 3195 occasio.
608 3140 705 3194 Hic
730 3153 857 3193 vero
882 3138 1015 3192 nihil
1040 3137 1343 3209 hujusmodi
1368 3155 1380 3189 :
1403 3136 1534 3191 nihil
1559 3136 1757 3207 quippe

213 3241 327 3295 erat,
346 3232 468 3300 quod
499 3233 592 3286 vel
624 3246 912 3286 maerorem
940 3230 1021 3284 vel
1045 3229 1285 3284 dolorem
1307 3228 1542 3284 afferret.

274 3322 495 3377 Gaudium
544 3340 723 3377 eorum
762 3323 848 3391 qui
893 3332 1100 3393 prapler
1126 3321 1381 3376 Christum
1403 3322 1759 3389 patiuntur.—

208 3414 293 3467 Sed
314 3415 441 3483 quod
485 3416 685 3468 mirum
731 3422 832 3478 est,
878 3427 943 3469 ea
984 3414 1119 3482 ipsa,
1156 3428 1276 3482 quae
1316 3412 1563 3466 videntur
1606 3412 1759 3466 nobis

209 3523 457 3561 maerorem
501 3507 738 3572 afferre,
796 3520 954 3560 causa
1004 3504 1181 3559 omnis
1236 3504 1436 3560 laetitias
1481 3514 1535 3559 et
1586 3503 1759 3574 gaudii

206 3608 353 3652 erant.
398 3600 487 3653 Dic
534 3600 683 3655 enim
736 3597 904 3661 mihi,
974 3612 1072 3651 cur
1131 3596 1309 3651 mtein
1372 3594 1597 3650 fuissent
1646 3594 1762 3649 illi?

206 3690 313 3758 quid
334 3706 466 3759 a-gre
505 3690 789 3744 tulissent?
836 3689 926 3743 Vis
956 3688 1259 3758 quempiam
1291 3687 1344 3741 in
1371 3686 1605 3741 medium
1635 3686 1763 3740 affe-

206 3781 400 3835 ramus?
445 3781 524 3836 Sit
564 3781 689 3851 quis
738 3781 818 3833 vir
858 3778 1179 3844 consularis,
1231 3777 1435 3847 magnis
1475 3778 1763 3831 instructus

205 3873 389 3942 opibus,
434 3875 485 3927 in
533 3874 673 3928 urbe
715 3873 1057 3943 lmperatoria
1081 3873 1242 3926 vitam
1271 3887 1454 3941 agens,
1488 3871 1761 3939 negotium

200 3980 307 4018 cum
332 3965 473 4019 nullo
500 3964 720 4030 habeat,
760 3962 967 4019 deliciis
1001 3962 1093 4017 det
1120 3977 1365 4031 operam,
1406 3970 1462 4015 et
1512 3961 1635 4014 huic
1677 3961 1764 4012 nni

205 4057 267 4109 rei
293 4058 574 4124 incumbat,
610 4057 666 4111 in
694 4055 930 4111 culmine
955 4054 1255 4109 divitiarum
1279 4096 1293 4118 ,
1349 4053 1567 4107 honoris
1589 4063 1641 4106 et
1672 4069 1768 4122 po-

202 4148 361 4203 tentia:
404 4149 661 4219 positus:
695 4161 1030 4217 opponamus
1078 4156 1259 4200 autem
1307 4145 1382 4198 illi
1433 4146 1669 4207 Petrum,
1721 4145 1766 4198 si

206 4240 374 4305 placet,
402 4241 455 4294 in
482 4239 717 4295 vinculis
755 4247 811 4294 et
840 4238 1136 4293 innumeris
1166 4238 1324 4292 malis
1354 4237 1667 4307 degentem;
1715 4246 1770 4291 et

203 4331 325 4387 hunc
386 4334 570 4403 potius
618 4332 952 4388 inveniemus
1003 4331 1363 4386 deliciantem.
1444 4329 1579 4384 Cum
1627 4330 1767 4384 enim

204 4434 332 4478 tanta
352 4425 419 4480 sit
444 4424 630 4496 gaudii
663 4425 838 4493 copia,
888 4432 948 4477 ut
978 4424 1029 4476 in
1053 4422 1284 4477 vinculis
1327 4422 1491 4477 etiam
1538 4420 1771 4476 delecte-

203 4524 294 4580 tur,
326 4518 498 4587 cogita
528 4526 733 4587 quanta
758 4514 828 4571 sit
855 4515 1033 4585 gaudii
1056 4514 1387 4581 magnitudo.
1440 4512 1590 4569 Sicut
1627 4514 1770 4568 enim

202 4606 251 4669 ii,
277 4608 359 4672 qui
384 4623 643 4678 magnum
674 4606 949 4675 possident
978 4606 1366 4675 magistratum,
1410 4606 1453 4659 si
1483 4605 1610 4675 quid
1642 4605 1769 4660 mali

201 4697 409 4762 accidat,
460 4714 569 4751 nan
624 4698 883 4763 sentiunt,
930 4696 1025 4750 sed
1068 4696 1119 4749 in
1159 4695 1354 4765 gaudio
1386 4705 1771 4765 perseverant:

202 4788 269 4841 sic
303 4800 355 4843 et
400 4792 487 4845 isti
523 4800 745 4860 propter
774 4790 889 4844 haec
918 4789 1148 4844 maxime
1176 4789 1493 4858 gaudebant.
1526 4789 1641 4844 Non
1681 4806 1776 4860 po-

204 4887 294 4933 test
323 4881 487 4947 enim,
520 4896 630 4935 non
661 4881 842 4948 utique
871 4888 1046 4949 potest
1071 4894 1319 4934 sermone
1344 4879 1597 4949 explicari
1624 4881 1774 4935 volu-

204 4980 307 5037 ptas
338 4987 550 5037 eorum,
601 4954 691 5041 qui
726 4978 941 5040 propter
979 4970 1253 5024 Christum
1296 4986 1458 5036 grave
1503 4972 1774 5041 quidpiam

203 5061 498 5128 patiuntur:
528 5078 658 5115 nam
685 5062 851 5116 multo
880 5062 1048 5132 magis
1076 5061 1308 5131 gaudent
1338 5062 1388 5115 in
1413 5062 1587 5128 malis,
1618 5079 1776 5132 quam

200 5153 246 5206 in
288 5156 462 5209 bonis.
510 5155 632 5208 Hoc
673 5154 817 5224 quod
855 5154 1015 5221 dico,
1061 5156 1210 5208 novit
1239 5156 1479 5224 quisquis
1507 5156 1775 5210 Christum

200 5243 375 5317 diligit.
406 5247 515 5301 Sed
560 5247 735 5316 quid?
780 5262 847 5300 an
873 5246 1178 5302 securitatis
1207 5262 1365 5300 causa
1391 5247 1507 5301 haec
1536 5249 1671 5302 mala
1696 5251 1777 5302 fu-

200 5352 313 5404 gere
340 5338 664 5394 debebant?
692 5339 759 5391 Et
785 5340 924 5407 quis,
948 5353 1150 5407 quasso,
1177 5338 1467 5393 innumeris
1492 5340 1776 5394 instructus

200 5429 398 5497 opibus,
437 5446 558 5485 :nm
595 5441 667 5483 tot
698 5431 943 5500 gentibus
970 5445 1225 5494 versans,
1284 5439 1362 5484 tot
1393 5431 1626 5500 pericula
1648 5430 1781 5485 cffu-

201 5536 312 5586 gere
344 5525 612 5589 potuerit,
645 5522 687 5575 si
715 5523 782 5576 de
802 5522 1108 5591 reipttblica:
1134 5523 1431 5576 mutatione
1461 5523 1684 5591 agatur?
1716 5522 1779 5576 Hi

201 5624 362 5667 autem
391 5615 554 5683 quasi
586 5629 651 5667 ex
681 5615 831 5683 jussu
864 5614 1011 5683 regio
1054 5615 1230 5668 omnia
1258 5614 1633 5684 perficiebant;
1675 5617 1781 5669 imo

201 5713 246 5754 et
272 5707 437 5760 multo
471 5706 707 5759 facilius.
739 5705 922 5774 Neque
950 5706 1091 5760 enim
1113 5704 1293 5775 jussus
1325 5706 1500 5774 regius
1524 5706 1612 5759 illa
1643 5706 1781 5760 valet

201 5790 431 5862 efﬁcere,
485 5813 617 5866 qtnc
668 5799 901 5863 ipsorum
943 5796 1106 5851 verba
1154 5796 1516 5866 operabautur
1551 5815 1563 5851 :
1592 5798 1778 5867 jussus

3333 366 3422 424 tto

1844 475 2038 545 quippe
2070 476 2245 544 regius
2273 491 2339 531 ex
2383 476 2700 531 necessitate
2727 479 2904 548 cogit;
2957 480 3011 533 hi
3047 497 3174 534 vero
3202 494 3415 549 sponta-

1841 582 1992 632 neos,
2035 568 2283 631 libentes,
2312 577 2365 622 et
2402 568 2548 621 mille
2577 569 2775 638 gratias
2811 569 3105 625 referentes
3132 572 3419 627 ducebant.

1841 657 1971 724 Quis
1988 657 2169 727 jussus
2198 659 2377 729 regius
2396 673 2527 730 epes
2556 674 2743 714 omnes
2771 660 3048 731 ipsamque
3075 663 3307 717 animam
3333 680 3422 718 re-

1843 747 2083 818 linquere
2123 748 2411 815 suasisset,
2464 750 2680 804 domum
2734 761 3116 817 contemnere,
3157 754 3381 823 patriam
3407 797 3422 820 ,

1842 849 2120 909 cognatos,
2155 841 2431 909 ipsamque
2461 842 2734 896 salutem?
2763 841 2868 897 Sed
2901 842 2952 897 id
2993 852 3216 914 potuere
3243 845 3422 914 pisca.

1844 942 2019 988 torum
2042 941 2096 987 et
2122 933 2411 1002 pellionum
2441 948 2635 999 voces;
2667 936 2734 988 ita
2766 945 2823 989 nt
2845 937 2896 989 in
2927 936 3199 1006 voluptate
3224 937 3424 1008 degen-

1846 1033 1946 1089 tes,
1972 1025 2302 1093 potentiores
2328 1033 2382 1078 et
2406 1023 2655 1080 fortiores
2687 1028 2936 1080 omnibus
2980 1037 3181 1082 essent.
3228 1030 3422 1090 Etiam.

1845 1117 2071 1187 inquies,
2091 1117 2213 1187 quia
2247 1118 2393 1186 signa
2421 1117 2668 1172 edebant.
2690 1120 2751 1171 At
2774 1120 2860 1188 qui
2889 1120 3179 1175 credebant
3205 1138 3324 1191 quze
3349 1122 3425 1175 si-

1845 1224 1944 1279 gna
1972 1208 2249 1273 faciebant,
2276 1208 2362 1263 illa
2389 1224 2581 1278 nempe
2609 1210 2705 1263 tria
2740 1211 2905 1264 millia
2927 1220 2979 1265 et
3001 1212 3234 1281 quinque
3264 1214 3425 1268 millia

1848 1299 2142 1361 hominum,
2171 1300 2257 1367 qui
2288 1309 2463 1354 tamen
2492 1300 2543 1354 in
2571 1301 2929 1355 exsultatione
2952 1303 3115 1355 multa
3142 1303 3427 1372 degebant?

1848 1389 1916 1443 Et
1941 1390 2058 1457 jure
2085 1390 2296 1458 quidem
2328 1407 2342 1443 :
2377 1407 2495 1444 nam
2529 1391 2766 1444 omnium
2796 1406 2952 1445 causa
2987 1408 3299 1458 numerum,
3336 1410 3428 1462 pe-

1847 1482 2120 1535 cuniarum
2150 1497 2341 1550 nempe
2365 1482 2653 1549 possessio,
2683 1482 2892 1535 sublata
2920 1493 3054 1536 erat.
3088 1482 3181 1538 Illa
3203 1502 3431 1555 namque

1848 1572 2129 1635 bellorum,
2152 1576 2553 1627 contentionum
2580 1613 2595 1640 ,
2619 1575 2864 1629 maeroris
2891 1575 3236 1642 omniumque
3266 1578 3432 1630 malo-

1850 1679 1966 1718 rum
1996 1678 2154 1719 causa
2188 1672 2323 1730 erat,
2353 1681 2471 1735 quae
2496 1666 2660 1719 vitam
2691 1666 3010 1720 laboriosam
3048 1669 3433 1739 molestamque

1850 1754 2147 1809 reddebat:
2178 1755 2439 1825 longeque
2478 1757 2657 1825 plures
2690 1767 2913 1813 mmstos
2950 1760 3189 1829 reperias
3217 1759 3434 1827 divites,

1850 1862 2010 1915 quam
2038 1861 2321 1916 pauperes.
2357 1847 2509 1914 Quod
2541 1848 2585 1901 si
2614 1847 2931 1918 quibusdam
2960 1865 3063 1905 non
3091 1851 3336 1907 videatur
3362 1854 3434 1907 ita

1852 1953 1991 2000 esse,
2028 1954 2132 1992 non
2160 1955 2224 1992 ex
2256 1955 2438 1993 rerum
2466 1950 2649 1993 natura
2670 1981 2685 2004 ,
2732 1941 2827 1995 sed
2860 1955 2926 1996 ex
2969 1957 3153 1997 eorum
3185 1944 3436 2012 opinione

1852 2034 1930 2087 sic
1955 2049 2013 2087 se
2040 2049 2126 2087 res
2162 2034 2337 2088 habet.
2384 2033 2538 2100 Quod
2569 2035 2613 2087 si
2649 2034 2776 2103 quid
2806 2035 3037 2089 habeant
3062 2037 3256 2093 divites
3285 2039 3436 2093 volu-

1854 2128 2032 2198 ptatis,
2076 2127 2206 2180 nihil
2238 2126 2451 2180 mirum.
2480 2126 2613 2180 Nam
2634 2136 2688 2181 et
2715 2128 2803 2196 qui
2834 2130 3015 2183 scabie
3042 2130 3182 2198 pleni
3211 2141 3351 2197 sunt,
3382 2132 3435 2184 in

1854 2234 2042 2287 magna
2073 2228 2196 2271 sunt
2227 2218 2521 2287 voluptate.
2555 2219 2705 2286 Quod
2736 2229 2914 2273 autem
2947 2221 3014 2275 ab
3046 2221 3150 2275 illis
3180 2222 3311 2276 nihil
3331 2224 3433 2278 dif-

1858 2313 2024 2366 ferant
2045 2312 2255 2374 divites,
2276 2311 2371 2365 sed
2399 2312 2589 2366 eodem
2621 2312 2728 2365 sint
2755 2313 2956 2374 animo,
2976 2312 3099 2367 hinc
3127 2315 3297 2382 palam
3328 2325 3428 2370 est.

1856 2406 1981 2461 Illos
2006 2422 2149 2462 curm
2177 2416 2413 2461 atterunt
2438 2426 2450 2460 :
2484 2418 2534 2462 et
2563 2418 2737 2461 tamen
2772 2408 2956 2462 volunt
2986 2408 3086 2461 illis
3113 2407 3337 2462 detineri
3369 2411 3438 2461 ob

1857 2509 2257 2568 temporaneam
2289 2499 2615 2567 voluptatem
2648 2517 2662 2552 :
2690 2500 2779 2567 qui
2831 2508 3008 2552 autem
3055 2507 3183 2554 sunt
3216 2514 3246 2551 a
3297 2500 3439 2553 curis

1858 2590 2033 2650 liberi,
2056 2590 2107 2643 in
2134 2590 2361 2643 sanitate
2388 2605 2618 2644 ina-rore
2646 2590 2793 2643 vacui
2824 2589 3048 2658 degunt.

1929 2684 1981 2735 4.
2012 2681 2146 2748 Quid
2178 2680 2405 2744 dulcius,
2437 2696 2619 2749 quaeso
2639 2722 2652 2744 ,
2682 2680 2806 2751 quid
2840 2682 3001 2735 tutius
3023 2723 3039 2747 ,
3073 2681 3140 2737 de
3170 2697 3276 2736 uno
3302 2698 3438 2753 pane

1857 2785 1910 2829 et
1939 2775 2005 2829 de
2035 2785 2181 2828 veste
2208 2774 2495 2828 sollicitum
2539 2788 2658 2828 esse
2680 2816 2694 2837 ,
2729 2790 2794 2828 an
2826 2774 2893 2829 de
2922 2774 3067 2829 mille
3093 2776 3261 2829 servis
3288 2784 3342 2830 et
3381 2777 3442 2829 li-

1860 2866 2021 2932 beris,
2053 2880 2113 2919 ac
2134 2864 2200 2919 de
2225 2864 2402 2934 seipso
2426 2865 2554 2918 nihil
2578 2866 2803 2919 curare?
2822 2865 3277 2931 Quemadmodum
3300 2870 3441 2922 enim

1862 2957 1945 3010 hic
1973 2971 2068 3026 pro
2101 2956 2279 3025 seipso
2309 2956 2493 3010 timet:
2521 2957 2589 3009 ita
2619 2966 2673 3010 et
2702 2965 2755 3008 tu
2797 2971 2895 3026 pro
2926 2956 3023 3022 iis,
3056 2956 3143 3027 qui
3175 2973 3237 3011 ex
3271 2960 3443 3027 capite

1859 3057 1952 3104 tuo
1982 3048 2236 3119 pendent.
2269 3047 2338 3102 Et
2363 3063 2460 3104 cur
2487 3056 2769 3117 paupertas
2804 3048 3053 3117 fugienda
3080 3049 3289 3103 videtur
3311 3091 3325 3115 ,
3356 3051 3441 3103 in—

1859 3139 2046 3209 quies?
2079 3138 2213 3206 Quia
2241 3139 2345 3193 alia
2373 3153 2584 3208 quoque
2612 3140 2748 3193 bona
2781 3139 2929 3192 nmlti
2961 3151 3275 3194 aversantur
3294 3181 3309 3207 ,
3339 3157 3442 3193 non

1863 3230 2006 3301 quod
2039 3229 2285 3301 fugienda
2308 3268 2322 3294 ,
2367 3230 2461 3284 sed
2498 3230 2640 3299 quod
2670 3240 2791 3284 aetu
2831 3230 3067 3285 difficilia
3112 3231 3238 3285 sint.
3284 3231 3446 3301 Igitur

1863 3332 2150 3393 paupertas
2181 3338 2287 3376 non
2333 3321 2578 3392 fugienda
2606 3363 2620 3387 ,
2665 3322 2759 3377 sed
2810 3325 3065 3379 exercitio
3089 3323 3320 3379 difficilis
3342 3337 3442 3380 est.

1864 3415 2049 3485 Itaque
2075 3416 2119 3469 si
2147 3416 2267 3483 quis
2292 3415 2431 3468 illam
2464 3414 2604 3469 ferre
2629 3423 2829 3483 posset,
2859 3414 3000 3469 haud
3030 3415 3273 3486 fugienda
3300 3416 3445 3471 vidc—

1862 3517 2033 3563 retur.
2058 3504 2167 3562 Cur
2193 3506 2333 3562 enim
2361 3507 2503 3561 illam
2526 3522 2632 3561 non
2656 3506 3041 3562 aversabantur
3064 3508 3327 3578 apostoli?
3352 3523 3447 3561 cur

1865 3601 2012 3656 illam
2041 3600 2194 3655 multi
2224 3600 2447 3670 eligunt,
2477 3616 2575 3655 nec
2604 3600 2764 3654 modo
2792 3600 2935 3654 illam
2968 3615 3073 3655 non
3104 3612 3444 3663 aversantur,

1866 3690 1961 3745 sed
1990 3690 2056 3744 ad
2089 3690 2233 3743 illam
2266 3689 2588 3744 accurrunt?
2617 3689 2768 3758 Quod
2798 3692 2939 3745 enim
2972 3707 3102 3747 vere
3142 3691 3448 3763 fugiendum

1868 3792 1974 3847 est,
2004 3782 2217 3837 nonnisi
2244 3782 2447 3837 insanis
2476 3782 2765 3850 Optandum
2794 3782 3021 3837 videtur.

1943 3872 2227 3944 Paupertas
2255 3872 2549 3943 praesidiun:
2589 3872 3020 3928 munitum.-Si
3063 3883 3240 3927 autem
3280 3873 3451 3943 philu-

1871 3967 2023 4037 sophi
2048 3967 2185 4020 inter
2205 3965 2449 4020 homines
2472 3965 2749 4029 sublimes,
2777 3965 2843 4019 ad
2864 3965 2999 4020 hanc
3016 3967 3165 4035 quasi
3189 3966 3255 4021 ad
3276 3967 3446 4021 locutu

1872 4068 2041 4114 tutum
2067 4068 2121 4113 et
2146 4074 2333 4113 sanum
2355 4059 2594 4124 veniunt,
2614 4059 2746 4112 nihil
2774 4058 2966 4112 mirum
2991 4068 3091 4122 est,
3118 4062 3162 4113 si
3185 4060 3273 4113 alii
3297 4074 3450 4114 secus

1872 4154 2219 4208 arbitrentur.
2245 4151 2380 4206 Nam
2406 4151 2552 4205 dives
2585 4149 2719 4205 nihil
2745 4150 2887 4205 aliud
2919 4150 3049 4205 mihi
3076 4150 3287 4206 videtur
3309 4167 3449 4214 esse,

1873 4259 2031 4315 quam
2058 4244 2186 4298 urbs
2214 4244 2329 4297 sine
2356 4258 2506 4297 muro
2529 4242 2581 4296 in
2609 4242 2830 4314 planitie
2855 4243 3046 4312 posita,
3078 4258 3195 4315 quae
3222 4242 3453 4314 undique

1876 4335 2215 4391 insidiatores
2254 4335 2489 4389 attrahat
2516 4352 2528 4388 :
2556 4342 2844 4405 paupertas
2884 4349 3014 4390 vero
3043 4333 3346 4404 praesidium
3375 4344 3455 4388 est

1875 4429 2137 4483 munitum
2156 4469 2171 4491 ,
2201 4442 2308 4481 rere
2337 4428 2504 4480 multo
2529 4427 2937 4491 circumdatum,
2969 4442 3185 4482 accessu
3216 4426 3450 4487 difficile.

1878 4520 1983 4586 At,
2034 4519 2242 4588 inquies
2265 4559 2280 4583 ,
2317 4529 2501 4572 contra
2537 4534 2626 4572 res
2653 4534 2711 4572 se
2741 4519 2934 4583 habet;
2968 4519 3018 4571 hi
3049 4520 3192 4572 enim
3223 4535 3363 4589 Stl'pe
3390 4519 3455 4571 ad

1880 4611 2107 4666 tribunal
2135 4611 2438 4669 trahuntur,
2471 4609 2521 4662 hi
2553 4609 2837 4674 lasduntnr,
2868 4621 2920 4664 et
2947 4611 3083 4665 male
3115 4611 3335 4667 habent.
3353 4610 3457 4663 Sed

1881 4719 1986 4756 non
2008 4716 2271 4771 pauperes
2288 4701 2600 4769 simpliciter
2621 4711 2764 4764 sunt,
2791 4702 2882 4754 sed
2912 4716 3170 4771 pauperes
3192 4704 3277 4769 qui
3300 4702 3465 4754 ditari-

1879 4791 2120 4862 cupiunt.
2150 4791 2260 4861 Ego
2284 4806 2413 4844 vero
2437 4806 2540 4844 non
2572 4790 2639 4845 de
2669 4791 2773 4843 illis
2802 4791 3008 4858 loquor,
3040 4790 3133 4844 sed
3162 4790 3227 4843 de
3256 4791 3339 4854 iis,
3368 4792 3455 4858 qui

1883 4883 1935 4938 in
1982 4890 2295 4951 paupertate
2338 4882 2539 4935 versari
2587 4880 2820 4933 student.
2858 4880 2950 4931 Die
2980 4880 3123 4934 enim
3153 4880 3316 4945 mihi,
3362 4896 3461 4933 cur

1883 4990 2041 5029 nemo
2071 4988 2200 5036 eos,
2243 4974 2332 5044 qui
2374 4975 2424 5026 in
2471 4972 2739 5026 montibus
2764 4970 3001 5038 degunt,
3036 4972 3085 5023 in
3130 4971 3217 5039 jus
3264 4971 3461 5025 trahit?

1883 5066 2123 5134 quamvis
2153 5065 2195 5118 si
2224 5075 2507 5134 paupertas
2538 5062 2691 5116 facile
2718 5061 3054 5131 opprimitur,
3086 5062 3206 5115 illos
3233 5064 3462 5118 maxime

1885 5155 2020 5209 trahi
2050 5163 2360 5224 oporteret,
2391 5154 2480 5222 qui
2529 5162 2653 5207 sunt
2699 5153 2937 5206 omnium
2984 5154 3325 5223 pauperrimi.
3354 5154 3454 5209 Cut

1885 5246 2159 5300 mendicos
2192 5260 2351 5300 nemo
2381 5244 2540 5297 trahit
2566 5242 2633 5295 ad
2654 5242 2930 5312 judicent?
2959 5259 3054 5297 cur
3080 5258 3241 5301 nemo
3268 5245 3385 5298 illos
3412 5246 3463 5298 vi

1885 5340 1970 5394 vel
2009 5338 2271 5392 calumnia
2302 5336 2541 5403 impetit?
2569 5351 2745 5389 nonne
2768 5335 2890 5404 quia
2924 5336 2975 5389 in
3005 5336 3200 5390 tutiore
3225 5337 3341 5390 loco
3366 5337 3465 5388 hau

1886 5429 2097 5483 bitant?
2135 5430 2301 5493 Quam
2336 5426 2516 5479 multis
2556 5427 2915 5481 infelicissima
2945 5427 3154 5481 videtur
3183 5439 3461 5496 paupertas

1887 5530 1941 5574 et
1988 5519 2335 5573 mendicitas?
2380 5519 2514 5585 Quid
2566 5520 2744 5588 igitur,
2800 5534 3022 5587 quasso,
3074 5519 3338 5573 bonnmne
3383 5530 3465 5573 est

1887 5613 2226 5667 mendicare?
2258 5613 2483 5676 Bonum,
2515 5612 2557 5665 si
2588 5614 2654 5665 sit
2684 5612 2771 5680 qui
2800 5613 3103 5665 consoletur
3129 5621 3181 5665 et
3212 5612 3466 5663 tniserea-

1891 5716 1995 5771 tur,
2026 5706 2070 5760 si
2101 5706 2169 5759 sit
2195 5707 2282 5775 qui
2318 5707 2596 5775 largiatur:
2620 5705 2756 5759 hanc
2786 5707 2944 5759 vitam
2974 5705 3196 5758 otiosam
3228 5712 3281 5757 et
3309 5718 3464 5757 secu-

1890 5814 2002 5852 ram
2033 5813 2150 5853 esse
2178 5814 2333 5854 nemo
2362 5816 2465 5853 non
2496 5800 2658 5853 novit.
2687 5798 2798 5869 Ego
2821 5806 2996 5850 autem
3023 5809 3126 5849 non
3155 5794 3256 5849 hoc
3284 5794 3461 5857 laudo,
