3978 6498
549 357 640 410 Ill
1241 345 1283 404 S
1339 345 1616 403 JOANNIS
1650 344 2119 402 CllRYSOSTOMI
2161 345 2474 403 ARCHIEP.
2514 348 3044 406 CONSTANTINOP.
3649 373 3726 432 ιη

541 466 700 527 absit,
720 463 812 518 sed
837 462 1002 533 probo
1028 461 1074 516 si
1100 461 1222 531 quis
1251 477 1380 530 Opes
1408 478 1512 514 non
1542 459 1835 514 desideret.
1868 459 1960 513 Dic
1984 459 2126 512 enim

546 557 678 611 mihi
699 597 714 621 ,
745 570 882 625 quos
907 555 1080 623 potius
1105 553 1313 616 beatos,
1342 551 1562 615 dixeris,
1591 567 1656 605 an
1688 551 1894 604 virtutis
1920 550 2122 604 studio.

542 664 654 708 sos,
685 663 750 700 an
783 662 878 701 eos
902 646 991 716 qui
1025 643 1208 715 procul
1237 643 1305 698 ab
1347 644 1432 698 illa
1481 642 1641 696 sunt?
1685 641 1968 697 Studiosos
2011 643 2128 696 sine

543 740 728 793 dnhio.
760 739 891 794 Uter
914 754 1042 809 ergo
1068 739 1288 793 idoneus
1319 745 1402 790 est
1429 736 1494 788 ad
1525 735 1673 789 utilia
1696 735 2043 794 addiscenda.
2074 745 2128 791 et

544 832 610 885 ad
657 830 1008 900 philosophia:
1048 828 1406 898 splendorem,
1453 842 1521 880 an
1565 825 1654 880 hic
1695 841 1762 880 an
1804 825 1933 880 ille?
1978 825 2130 880 llunc

544 927 725 994 utique
752 940 870 978 esse
901 924 1068 992 palam
1091 933 1191 977 est.
1220 919 1276 978 Si
1305 936 1410 974 non
1438 920 1647 983 credas,
1672 919 1722 974 id
1749 918 1916 975 disce.
1947 918 2130 973 Addu-

542 1027 693 1070 catur
722 1017 842 1084 quis
864 1033 894 1068 e
922 1013 1039 1067 foro
1067 1012 1506 1069 mendicantium.
1534 1012 1622 1081 qui
1651 1012 1720 1066 sit
1747 1025 1943 1076 caecus,
1975 1010 2124 1064 clau-

543 1109 661 1172 dus,
687 1107 934 1170 mutilus;
961 1106 1096 1160 alius
1115 1118 1327 1174 quoque
1348 1115 1567 1173 aspectu
1593 1104 1875 1165 formosus,
1902 1115 2128 1169 corpore

545 1200 796 1252 rohustus
821 1212 884 1251 ac
912 1197 1144 1260 vividus,
1170 1195 1362 1266 opibus
1388 1195 1686 1259 abundans,
1711 1208 1903 1263 genere
1928 1192 2122 1256 clarus,

543 1295 777 1359 potentia
807 1290 1011 1344 valens.
1050 1287 1124 1361 (a)
1158 1289 1264 1343 llos
1291 1289 1468 1358 itaque
1494 1286 1562 1342 ad
1593 1285 1944 1356 phil050phia:
1968 1285 2128 1340 disci-

545 1383 742 1450 plinam
774 1383 1134 1445 adducamus,
1171 1389 1226 1434 et
1268 1379 1572 1442 videamus,
1604 1389 1723 1432 uter
1749 1393 1934 1431 eorum
1962 1377 2127 1446 magis

541 1474 841 1528 doctrinam
885 1473 1138 1541 excipiat.
1187 1471 1267 1526 Sit
1316 1486 1444 1539 ergo
1491 1471 1718 1538 primum
1768 1477 2125 1538 prteceptum,

540 1563 769 1619 llumilis
789 1574 905 1619 esto
929 1574 983 1619 et
1015 1562 1315 1626 modestus;
1349 1561 1449 1616 hoc
1472 1563 1613 1614 enim
1643 1560 1890 1613 Christus
1919 1572 2118 1626 prince-

542 1658 619 1732 pit
644 1675 658 1708 :
679 1666 794 1710 uter
817 1657 984 1726 magis
1018 1655 1118 1709 hoc
1137 1654 1359 1724 implere
1382 1653 1610 1722 poterit?
1639 1651 1816 1716 Beati,
1847 1657 1931 1722 qui
1957 1654 2128 1722 lugent

542 1749 753 1819 (Matth.
788 1749 839 1804 5.
871 1749 926 1818 5)
953 1766 965 1800 :
989 1748 1109 1818 quis
1136 1747 1280 1802 dicto
1320 1747 1489 1815 magis
1534 1746 1814 1800 attendet?
1845 1746 1992 1800 Beati
2027 1746 2126 1798 hu.

543 1839 735 1894 miles:
760 1849 877 1892 uter
917 1841 1086 1907 magis
1121 1837 1341 1892 audiet?
1370 1835 1518 1890 Beati
1547 1837 1736 1890 mundo
1763 1837 1914 1890 corde
1937 1852 1953 1889 :
1973 1837 2124 1902 beati,

542 1932 630 2000 qui
668 1933 891 1984 esuriunt
919 1940 964 1983 et
993 1930 1169 1984 sitiunt
1199 1929 1452 1998 justitiam
1475 1945 1493 1982 :
1515 1928 1680 1995 beati,
1727 1930 1811 1998 qui
1855 1945 2128 1996 persequu-

546 2021 731 2075 tionent
761 2023 1026 2092 patiuntur
1053 2030 1257 2091 propter
1285 2020 1541 2090 justitiam
1569 2017 1729 2091 (Ibid.
1759 2035 1804 2072 υ.
1836 2019 1888 2074 8.
1918 2020 1970 2076 6.
2001 2015 2125 2089 10);

545 2115 665 2183 quis
693 2114 808 2168 haec
833 2114 986 2168 facile
1015 2113 1282 2181 excipiet?
1312 2113 1377 2166 Et
1403 2113 1448 2166 si
1482 2112 1581 2178 vis,
1617 2112 1732 2166 haec
1774 2113 1983 2181 utrique
2027 2113 2128 2165 ad-

541 2216 809 2274 aptemus.
852 2207 1042 2259 Annon
1083 2205 1170 2260 ille
1197 2214 1364 2260 tumet
1389 2205 1621 2274 undique
1657 2214 1713 2259 et
1751 2203 1996 2266 ittllatur;
2042 2203 2130 2258 hic

545 2315 672 2354 vero
707 2299 980 2354 humiliter
1021 2316 1236 2370 prorsus
1281 2299 1442 2355 sentit
1489 2314 1553 2353 ac
1600 2298 1864 2353 demissus
1893 2298 2012 2352 est?
2040 2296 2129 2353 Sic

546 2394 728 2462 utique
766 2407 825 2448 se
874 2407 961 2446 res
1014 2391 1195 2446 habet.
1237 2392 1332 2446 Est
1375 2400 1426 2446 et
1468 2390 1607 2460 apud
1647 2400 1898 2445 externos
1928 2390 2128 2444 dictum

544 2482 974 2540 simile:Servus
1017 2483 1230 2552 quidem
1261 2482 1550 2551 Epictetus,
1591 2496 1817 2550 corpore
1867 2495 2124 2544 mancus,

547 2584 858 2646 paupertate
887 2575 1004 2630 Irus
1028 2617 1042 2640 ,
1088 2584 1144 2629 et
1183 2575 1388 2628 amicus
1427 2573 1807 2628 immortalium
1838 2572 1934 2643 (ὁ).
1968 2572 2040 2626 lta
2071 2587 2130 2627 se

547 2666 710 2724 habet
766 2682 988 2737 pauper.
1045 2665 1230 2720 Divitis
1285 2673 1462 2719 autem
1521 2665 1696 2718 anima
1749 2672 1922 2718 scatet
1974 2664 2131 2718 malis

544 2758 818 2824 omnibus,
844 2757 1172 2828 arrogantia,
1196 2771 1331 2810 vana
1353 2755 1543 2828 gloria,
1570 2755 1951 2825 cupiditatibus
1975 2754 2133 2809 intui-

548 2851 734 2914 meris,
763 2851 864 2916 ira,
892 2848 1106 2915 furore,
1142 2848 1386 2915 avaritia,
1415 2847 1697 2918 injustitia,
1729 2848 1953 2917 aliisque
1983 2863 2130 2902 mor-

546 2942 649 2998 bis.
673 2941 853 2996 Palam
876 2955 1005 3011 ergo
1023 2951 1104 2996 est
1127 2939 1295 3007 illam,
1312 2954 1470 3009 quam
1495 2939 1633 2994 hanc
1652 2939 1720 2994 ad
1742 2937 2130 3010 philosophiam

547 3033 813 3102 aptiorem
856 3047 999 3089 esse.
1045 3031 1276 3087 Omnino
1313 3031 1522 3086 discere
1563 3031 1802 3100 quaeritis
1829 3072 1845 3097 ,
1895 3041 2013 3085 utra
2063 3031 2133 3086 sit

548 3129 763 3182 suavior
790 3147 803 3182 :
829 3127 931 3182 hoc
960 3127 1103 3183 enim
1135 3141 1165 3180 a
1191 3125 1373 3180 multis
1397 3125 1565 3195 quaeri
1593 3124 1778 3190 video,
1808 3133 1926 3180 utra
1951 3125 2022 3181 sit
2041 3125 2131 3194 ju-

550 3221 797 3276 cundior.
830 3221 988 3277 Certe
1017 3219 1118 3276 hac
1143 3215 1196 3274 in
1229 3235 1287 3275 re
1316 3219 1447 3275 nihil
1472 3219 1826 3274 dubitandum
1851 3227 1934 3274 est
1963 3236 1977 3275 :
2007 3235 2130 3274 nam

546 3315 637 3382 qui
665 3313 882 3368 sanitati
911 3314 1129 3384 propior
1154 3323 1238 3367 est
1257 3352 1273 3378 ,
1304 3313 1350 3366 is
1393 3313 1444 3366 in
1473 3312 1746 3382 voluptate
1771 3312 1938 3367 multa
1965 3311 2129 3382 degit.

548 3405 701 3472 Uter,
734 3421 940 3476 quasso,
973 3405 1040 3460 ad
1066 3406 1234 3475 legem
1263 3403 1422 3470 hanc,
1453 3419 1612 3472 quam
1639 3404 2006 3474 redintegrare
2031 3419 2130 3459 vo-

549 3496 759 3562 lumus,
789 3505 872 3552 est
894 3496 1088 3565 aptior,
1119 3509 1321 3565 pauper
1357 3511 1425 3548 an
1453 3495 1637 3550 dives?
1663 3496 1782 3565 quis
1808 3495 1964 3551 facile
1983 3495 2133 3565 jura-

549 3587 674 3641 bit‘t
715 3588 806 3657 qui
850 3587 973 3642 ﬁliis
1022 3587 1303 3652 irascitur,
1348 3585 1438 3655 qui
1481 3600 1603 3640 cum
1643 3585 1937 3641 innumeris
1981 3595 2132 3655 pacta

609 3745 682 3806 (a)
706 3746 965 3807 sequentia
985 3743 1110 3806 apud
1134 3741 1377 3807 Platonem
1402 3741 1624 3792 feruntur
1649 3741 1681 3790 ι.
1708 3742 1741 3791 6
1760 3743 1826 3792 de
1849 3742 2131 3807 Republica.

552 3804 796 3870 Hine-que
831 3804 1438 3870 Chrysostotiius_._rlatoni
1472 3811 1638 3854 tarmen
1659 3817 1757 3854 non
1781 3804 1948 3867 parum
1973 3805 2133 3855 infen-

548 3883 652 3926 sus,
687 3866 790 3917 haec
813 3866 1148 3929 desu'tnpsisse
1173 3866 1384 3916 videtur.

544 3931 680 4055 67gb}
703 3929 841 4016 .HIBG
877 3926 1143 3978 consonant
1174 3942 1283 3978 cum
1317 3929 1472 3990 epigr.
1522 3926 1607 3978 illo
1640 3927 1659 3990 (
1695 3926 1891 3978 Antltol.
1935 3928 2031 3978 Pal.
2073 3931 2132 3990 7,

853 4065 985 4110 ιοθλος
1004 4056 1206 4128 “me
1229 4064 1380 4128 τινδνςν
1398 4064 1460 4128 ξιι
1476 4065 1617 4128 τάγματι
1638 4063 1772 4115 "vi"

941 4127 1017 4167 Kl.)-
1036 4130 1158 4166 πενίαν
1180 4125 1273 4178 im,
1289 4126 1352 4166 καὶ
1370 4125 1468 4178 φιλας
1485 4126 1688 4172 ἀθανάτοις.

2235 459 2383 523 iniit;
2426 477 2492 514 an
2522 463 2612 532 qui
2641 476 2832 530 panem
2862 480 3025 518 unum
3054 479 3118 520 ac
3148 477 3338 532 vestem
3367 473 3593 538 petiturus
3611 499 3733 543 acce-

2231 557 2343 610 dit?
2374 556 2505 612 llnic
2549 557 2691 612 nulla
2731 558 3160 627 juratnentormn
3189 566 3492 631 necessitas,
3528 573 3566 625 si
3601 578 3732 646 velit,

2233 646 2326 702 sed
2355 661 2570 717 semper
2599 649 2827 719 negotiis
2852 665 3052 706 vacuus
3071 661 3182 717 est;
3212 654 3314 708 imo
3336 671 3455 711 vero
3477 660 3534 724 is,
3557 665 3632 731 qui
3657 685 3736 724 Illtn

2228 738 2410 807 jurare
2433 738 2654 803 didicit,
2688 755 2832 808 smpe
2858 741 3070 796 divitias
3101 753 3329 811 spernet,
3359 757 3409 801 et
3432 748 3492 801 ab
3519 750 3606 805 hoc
3630 755 3739 812 bono

2233 846 2385 886 more
2412 833 2622 886 virtutis
2649 833 2760 886 vias
2793 833 2988 902 ubique
3019 844 3227 902 paratas
3255 837 3422 893 videre
3439 842 3547 907 erit,
3569 859 3740 901 omnes-

2231 939 2336 992 que
2374 923 2440 977 ad
2480 924 2782 994 atquitatem
2820 925 3148 990 tendentes,
3193 927 3257 979 ad
3287 927 3563 986 divitiarum
3586 934 3740 1004 despc-

2232 1026 2400 1078 etum,
2429 1014 2496 1068 ad
2524 1015 2799 1084 pietatem,
2827 1015 2895 1071 ad
2919 1016 3113 1072 anima:
3137 1028 3332 1072 rectam
3353 1022 3742 1093 constitutionem,

2231 1105 2295 1159 ad
2319 1107 2810 1174 compunctionem.

2302 1196 2491 1251 Contra
2513 1198 2826 1265 juramenta.
2853 1229 2922 1238 —
2950 1199 3027 1254 Ne
3059 1200 3227 1254 simus
3262 1216 3384 1270 ergo
3430 1205 3731 1274 negligentes,

2231 1289 2432 1355 dilecti,
2456 1290 2549 1344 sed
2583 1290 2799 1344 multam
2828 1290 3178 1345 adhibeamus
3194 1291 3504 1361 diligentiam
3523 1313 3534 1348 :
3555 1297 3630 1364 qui
3651 1314 3746 1353 sese

2232 1380 2607 1443 emendarunt,
2637 1393 2692 1436 ut
2730 1381 2779 1436 id
2803 1381 2943 1451 quod
2971 1383 3310 1437 emendatum
3337 1394 3415 1438 est
3451 1400 3745 1452 conservent,

2235 1488 2300 1526 ne
2327 1472 2482 1526 facile
2511 1473 2775 1536 difllttant,
2808 1490 2940 1528 neve
2980 1485 3124 1529 retro
3149 1485 3455 1540 vertantur;
3491 1479 3571 1546 qui
3607 1491 3748 1534 autem

2231 1565 2404 1620 adhuc
2447 1576 2595 1620 retro
2637 1567 2804 1621 relicti
2842 1575 2985 1628 sunt,
3035 1576 3094 1620 ut
3123 1579 3431 1635 resurgant.
3458 1579 3508 1624 et
3531 1585 3691 1627 curent
3713 1579 3750 1630 id

2230 1657 2371 1725 quod
2417 1657 2597 1712 deficit
2625 1658 2866 1727 implere.
2909 1658 3230 1729 lnterimque
3278 1661 3331 1722 ii,
3358 1662 3442 1730 qui
3471 1677 3524 1717 se
3550 1668 3754 1720 emenda-

2232 1756 2373 1809 rnnt,
2400 1747 2504 1802 illis
2531 1749 2620 1819 qui
2651 1750 2886 1803 nondum
2932 1750 2981 1803 id
3023 1758 3328 1818 potuerunt.
3361 1755 3502 1821 quasi
3532 1755 3576 1808 in
3607 1758 3753 1827 pelago

2233 1840 2501 1903 nantibus,
2540 1856 2730 1894 manus
2763 1841 3120 1910 porrigentes,
3163 1843 3309 1910 ipsos
3335 1843 3384 1896 iu
3423 1855 3561 1912 portu
3595 1864 3618 1898 a
3638 1847 3747 1916 jura-

2233 1931 2423 1985 Inentis
2455 1946 2622 1986 vacuo
2659 1932 2938 2001 recipiant.
2970 1932 3164 1988 Portus
3193 1934 3390 2004 quippe
3413 1946 3545 1989 tutus
3563 1948 3652 2004 est,
3674 1956 3751 1995 nun

2226 2024 2409 2091 jurare
2440 2041 2452 2073 :
2483 2034 2688 2093 portus,
2719 2034 2775 2078 ut
2809 2040 2876 2079 ne
2920 2026 3037 2094 quis
3075 2025 3447 2095 suhmergatur
3472 2027 3534 2080 ah
3559 2028 3758 2083 irruenti-

2229 2111 2330 2167 bus
2360 2114 2549 2168 ventis.
2576 2114 2724 2170 Licet
2751 2116 2891 2170 enim
2913 2116 3011 2182 ira,
3044 2117 3168 2172 licet
3191 2115 3472 2182 damnum,
3501 2118 3610 2172 licet
3644 2117 3758 2173 furor

2232 2203 2444 2258 aliudve
2467 2204 2797 2271 effervescat,
2812 2207 2986 2260 anima
3011 2207 3061 2260 in
3089 2217 3200 2260 tuto
3223 2216 3332 2272 est;
3357 2207 3425 2260 ita
3448 2216 3500 2262 ut
3519 2190 3631 2262 nihil
3649 2211 3762 2264 entit-

2236 2307 2312 2352 tat
2339 2298 2481 2367 quod
2524 2298 2704 2354 dicere
2745 2315 2850 2354 non
2884 2300 3042 2354 liceat
3073 2317 3086 2353 :
3119 2315 3294 2371 neque
3320 2300 3459 2354 enim
3487 2301 3664 2355 sibivel
3688 2318 3760 2354 ne-

2229 2391 2534 2444 ces~itatem
2579 2391 2662 2446 vel
2717 2391 2890 2461 legem
2923 2392 3221 2446 constituit.
3270 2391 3422 2455 Vide,
3451 2391 3567 2462 quid
3589 2402 3764 2462 pr0pter

2227 2479 2591 2548 jurainentum
2612 2481 2798 2537 fecerit
2823 2481 3064 2536 Herodes
3091 2501 3103 2536 :
3127 2493 3289 2552 caput
3309 2482 3641 2537 Pnacursoris
3663 2499 3764 2551 prat-

2232 2570 2394 2635 cidit;
2427 2571 2646 2640 Propter
2668 2573 2960 2641 juramenta
2975 2574 3129 2636 enim,
3158 2573 3351 2642 inquit,
3370 2581 3416 2626 et
3441 2581 3630 2642 propter
3651 2571 3765 2624 timid

2231 2662 2596 2716 discumbentes
2644 2663 2804 2716 noluit
2844 2661 2985 2716 illaut
3033 2663 3276 2733 repellere
3326 2663 3524 2734 (Marc.
3580 2663 3627 2715 6.
3661 2660 3764 2730 26).

2233 2753 2368 2821 Quid
2397 2754 2986 2824 pmpterjuramentum
3023 2771 3194 2824 passa:
3229 2763 3356 2810 sunt
3393 2756 3558 2810 tribus
3601 2753 3768 2825 (Judic.

2231 2843 2322 2897 2|.
2356 2843 2424 2899 10
2444 2843 2486 2915 ),
2517 2846 2660 2900 circa
2692 2846 2888 2901 tribum
2917 2846 3381 2917 Benjaminlquid
3412 2861 3591 2917 passus
3607 2856 3678 2902 est
3699 2861 3770 2915 pro

2229 2935 2535 3004 iuramento
2564 2937 2728 2992 Satil?
2750 2937 2840 2994 ille
2863 2937 3076 3008 quidem
3114 2939 3409 3009 pejeravit;
3437 2939 3657 2995 Herodes
3673 2953 3770 2992 vero

2237 3027 2473 3096 periurio
2515 3027 2838 3083 deteriorem
2879 3028 3082 3084 cazdem
3131 3029 3278 3084 fecit.
3307 3031 3537 3084 Rursum
3564 3031 3698 3085 Jesus
3721 3030 3773 3082 ob

2228 3116 2590 3187 juramcntum
2622 3117 2933 3175 Gabaonitis
2963 3119 3182 3187 factum,
3211 3130 3412 3190 quanta
3433 3135 3609 3191 passus
3631 3120 3690 3172 sit
3710 3133 3776 3173 no-

2235 3211 2324 3266 sti.
2360 3209 2639 3266 Satanicus
2666 3211 2810 3266 enim
2841 3211 3064 3282 laqueus
3089 3222 3173 3268 est
3194 3213 3580 3281 juramcntum.
3607 3211 3775 3265 Diruta-

2236 3317 2425 3371 pamus
2463 3317 2592 3373 ergo
2621 3301 2796 3368 funes,
2841 3312 2897 3358 et
2932 3318 3032 3358 nos
3056 3304 3128 3358 ita
3158 3304 3550 3360 constituemus
3572 3315 3628 3356 ut
3656 3300 3778 3356 facile

2235 3409 2538 3450 caveamus.
2588 3395 2908 3451 Liberemur
2956 3411 2988 3450 a
3045 3395 3237 3466 laqueo
3280 3405 3515 3462 satanas;
3545 3396 3780 3450 timeamus

2239 3485 2574 3542 Dominicum
2607 3497 2962 3557 praeceptum;
3011 3488 3063 3542 iu
3101 3490 3364 3557 optimam
3390 3487 3781 3544 consuetudinem

2234 3593 2336 3632 nos
2359 3577 2684 3634 deducamus
2715 3595 2732 3634 :
2772 3589 2830 3633 ut
2858 3579 3146 3650 progressi,
3174 3589 3230 3634 et
3262 3579 3372 3634 hoc
3411 3588 3468 3635 et
3493 3580 3590 3633 alia
3619 3593 3784 3648 prece-

2239 3681 2323 3741 pta
2355 3673 2661 3742 implentes,
2689 3675 2949 3742 promissa
2967 3673 3311 3743 diligentibus
3334 3676 3504 3742 ipsum
3535 3683 3784 3740 consequa-

2237 3781 2357 3819 tnnr
2383 3765 2543 3829 bona,
2583 3766 2752 3834 gratia
2797 3775 2852 3820 et
2900 3766 3227 3836 benignitate
3264 3766 3484 3821 Domini
3514 3765 3669 3821 nostri
3692 3763 3788 3819 lesu

2236 3854 2456 3919 Chrisri,
2489 3857 2703 3926 quicum
2742 3855 2886 3911 Patri
2913 3866 2969 3912 et
2994 3857 3212 3928 Spiritui
3243 3867 3440 3913 sancto
3470 3857 3661 3928 gloria,
3708 3853 3787 3908 im-

2239 3949 2463 4019 perium,
2500 3949 2689 4012 honor,
2716 3963 2860 4003 nunc
2882 3957 2940 4004 et
2958 3963 3193 4019 semper,
3215 3958 3272 4004 et
3297 3949 3356 4005 in
3387 3949 3581 4005 sarcula
3611 3945 3790 4004 saculo-

2239 4059 2380 4098 rum.
2408 4045 2601 4097 Amen.

1869 4313 2214 4375 HOMILIA
2255 4314 2429 4376 XIV.

545 4465 675 4519 Car.
717 4463 770 4517 5.
800 4477 850 4513 v.
879 4461 969 4516 ΞΔ.
1003 4459 1228 4529 Surgens
1242 4467 1410 4511 autem
1437 4457 1644 4526 quidam
1671 4457 1723 4509 in
1749 4457 1962 4511 concilio
1989 4456 2133 4510 Pha-

614 4557 788 4609 riswus
809 4595 824 4620 ,
883 4553 1082 4606 nomine
1115 4549 1384 4614 Gamaliel,
1438 4549 1561 4620 legis
1600 4549 1794 4614 doctor,
1825 4549 2133 4604 Itonorabilis

618 4647 860 4700 universa:
886 4644 1037 4713 plebi,
1054 4643 1207 4715 jussit
1234 4648 1372 4714 foras
1400 4641 1467 4694 ad
1501 4645 1642 4694 breve
1678 4640 1901 4693 homines
1927 4641 2058 4709 ﬁeri.

623 4740 675 4793 l.
704 4738 797 4792 llic
826 4736 1082 4792 Gamaliel
1103 4736 1248 4790 Pauli
1275 4735 1462 4789 doctor
1486 4742 1602 4788 erat
1628 4751 1643 4788 :
1670 4732 2132 4803 admirationeque

547 4829 762 4900 dignum
792 4839 895 4894 est,
925 4827 1214 4898 quomodo,
1244 4825 1440 4893 judicio
1483 4824 1665 4879 valens
1689 4835 1746 4879 et
1765 4825 1819 4877 in
1851 4823 1965 4896 lege
1990 4825 2131 4894 peri-

548 4932 653 4984 tus,
695 4919 931 4974 nondum
963 4918 1240 4973 crederet:
1271 4931 1444 4985 neque
1490 4916 1661 4984 potuit
1685 4914 1903 4968 omnino
1951 4914 2129 4970 incre-

550 5011 705 5065 dulus
735 5023 971 5073 manere,
1025 5019 1083 5063 ut
1133 5009 1303 5078 palam
1357 5017 1440 5060 est
1489 5023 1553 5061 ex
1599 5007 1715 5075 ejus
1763 5007 1962 5071 verbis,
2012 5021 2132 5075 qua:

550 5102 878 5156 consulendo
907 5100 1080 5154 all'ert.
1112 5100 1274 5154 Jussit
1303 5099 1467 5163 enim,
1510 5097 1700 5168 inquit,
1724 5101 1863 5168 foras
1896 5097 1964 5148 ad
1991 5098 2132 5150 breve

553 5192 776 5245 homines
795 5192 926 5258 ﬁeri.
951 5189 1085 5245 Vide
1114 5190 1446 5258 prudentiant
1477 5188 1870 5250 concionantis,
1922 5196 1976 5241 et
2001 5202 2132 5255 quo-

555 5285 715 5337 modo
745 5283 921 5336 statim
975 5281 1094 5336 illos
1150 5281 1207 5336 in
1261 5290 1458 5336 metum
1509 5280 1776 5349 conjiciat.
1806 5278 1884 5333 Ne
1917 5279 2130 5333 veroin

550 5375 910 5444 suspicionem
951 5383 1182 5439 veniret,
1212 5372 1354 5442 quod
1383 5373 1571 5427 eadem
1616 5388 1736 5441 qua:
1771 5371 1846 5426 illi
1881 5374 2129 5438 sentiret,

549 5483 642 5521 eos
672 5464 761 5536 qui
793 5466 846 5518 in
871 5463 1101 5519 concilio
1126 5462 1404 5528 sedebant,
1434 5479 1495 5516 ac
1533 5463 1576 5516 si
1609 5479 1720 5517 sua:
1749 5463 2017 5532 opinionis
2047 5477 2134 5516 es-

550 5567 672 5610 sent
718 5556 1042 5625 alloquitur;
1084 5568 1184 5608 nec
1223 5555 1390 5608 multa
1433 5555 1598 5607 utitur
1649 5554 2001 5615 vehementia,
2037 5554 2132 5607 sed

549 5651 697 5715 quasi
719 5663 840 5701 cum
864 5646 991 5701 viris
1019 5644 1200 5700 furore
1229 5645 1411 5706 ebriis,
1431 5645 1499 5696 ita
1527 5644 1653 5697 dicit
1682 5663 1694 5697 :
1719 5646 1804 5698 '55.
1841 5643 1944 5697 Viri
1959 5643 2132 5697 Israe-

551 5742 672 5802 litat,
715 5739 954 5793 attendite
985 5737 1124 5792 vobis
1151 5753 1306 5806 super
1351 5735 1634 5788 hominibus
1677 5737 1786 5788 istis
1811 5737 1931 5804 quid
1970 5737 2134 5788 acturi

551 5833 675 5886 sitis.
715 5831 787 5888 Ne
831 5842 1052 5899 temere,
1094 5831 1284 5900 inquit,
1313 5843 1486 5899 neque
1518 5828 1707 5882 leviter
1735 5827 2000 5883 feramini.
2040 5829 2130 5885 56.

870 5987 947 6021 "'5'
980 6017 990 6036 ρ
1017 6021 1033 6034 ς

2245 4477 2263 4509 ι
2292 4459 2426 4513 Ante
2449 4458 2588 4514 enim
2620 4458 2716 4513 hos
2733 4458 2848 4514 dies
2871 4457 3107 4514 surrexit
3128 4458 3406 4527 Theudas,
3426 4459 3610 4514 dicens
3635 4463 3799 4509 seesss

2239 4550 2468 4620 aliquem
2499 4567 2514 4604 :
2538 4551 2621 4605 cui
2639 4552 2906 4606 consentit
2927 4566 3183 4607 numerus
3203 4552 3448 4606 virorum
3473 4551 3678 4606 circiter
3696 4556 3802 4615 qua-

2239 4643 2641 4713 dringentorum
2680 4663 2692 4698 :
2723 4644 2812 4714 qui
2839 4643 3048 4699 occisus
3087 4655 3202 4709 est;
3237 4653 3291 4698 et
3324 4659 3521 4700 omnes
3545 4642 3630 4713 qui
3649 4637 3800 4694 cretio-

2238 4736 2366 4790 baut
2393 4736 2464 4800 ei,
2495 4735 2736 4805 dissipati
2763 4747 2886 4791 sunt
2907 4745 2961 4791 et
2985 4736 3182 4791 redacti
3205 4737 3270 4791 ad
3297 4737 3554 4792 nihilum.
3587 4754 3605 4788 ι
3636 4735 3805 4788 Exem-

2240 4827 2338 4896 plis
2364 4827 2483 4881 illos
2508 4827 2573 4881 ad
2596 4843 2778 4882 sanam
2807 4841 3038 4882 mentem
3062 4828 3207 4882 ducit
3225 4845 3239 4892 ;
3260 4837 3314 4882 et
3333 4828 3512 4892 illum,
3543 4824 3628 4895 qui
3655 4819 3808 4894 plures

2238 4917 2544 4982 seduxerat,
2577 4918 2795 4973 demum
2825 4917 2979 4972 affert
3025 4917 3091 4972 ad
3137 4918 3352 4972 illorutn
3387 4917 3808 4974 consolationem.

2238 5009 2536 5077 Antequam
2589 5024 2716 5062 vero
2769 5009 3012 5078 exempla
3064 5009 3321 5078 proferat,
3381 5010 3553 5064 dicit:
3586 5008 3813 5063 Attendite

2238 5099 2374 5152 vobis
2404 5116 2424 5152 :
2459 5099 2521 5152 iis
2565 5108 2708 5152 vero‘
2745 5099 2942 5162 allatis,
2995 5102 3316 5153 sententiam
3361 5101 3575 5170 profert
3594 5101 3760 5154 dicens
3801 5111 3811 5144 :

2245 5208 2263 5240 ι
2297 5189 2360 5242 Et
2391 5205 2531 5244 nunc
2566 5190 2745 5258 itaque
2773 5189 2891 5243 dico
2933 5190 3104 5253 vobis,
3136 5191 3404 5245 Discedite
3435 5191 3507 5244 ab
3540 5189 3814 5244 hominibus

2239 5280 2375 5332 istis.
2399 5281 2488 5334 37.
2519 5279 2650 5334 Post
2677 5278 2818 5333 hunc
2842 5281 3073 5334 surrexit
3100 5281 3265 5335 .Iudas
3290 5280 3556 5337 Galil-.eus
3578 5283 3628 5335 itt
3655 5281 3818 5334 diebus

2245 5369 2615 5438 professionis,
2641 5382 2696 5424 et
2719 5372 2910 5427 avertit
2960 5373 3212 5441 populum
3259 5373 3493 5427 multum
3527 5383 3647 5443 post
3677 5387 3754 5432 se;
3775 5380 3818 5420 rt

2239 5461 2352 5530 ipse
2373 5476 2581 5530 quoque
2610 5463 2795 5529 periit;
2825 5471 2878 5517 et
2915 5479 3122 5530 omnes,
3153 5473 3421 5534 quotquot
3443 5471 3816 5520 consenserunt

2238 5551 2552 5618 ei.diSpersi
2584 5563 2727 5606 sunt.
2751 5553 2837 5607 58.
2869 5553 2935 5606 Ει
2979 5570 3118 5607 nunc
3145 5555 3321 5624 itaque
3353 5555 3484 5611 dico
3510 5557 3687 5618 vobis,
3720 5554 3820 5606 Dis-

2237 5644 2410 5698 cedite
2435 5645 2502 5697 ah
2530 5643 2989 5708 hominibusistis,
3029 5655 3082 5700 et
3107 5647 3266 5699 sinite
3297 5646 3428 5699 illos
3465 5664 3480 5700 :
3517 5645 3760 5716 quoniam
3786 5641 3822 5691 si

2237 5747 2405 5789 estex
2436 5735 2738 5789 hominibus
2763 5736 3044 5790 consilium
3069 5736 3170 5790 hoc
3186 5747 3276 5790 aut
3297 5751 3463 5806 opus,
3487 5737 3824 5793 dissolvetur;

2239 5828 2327 5885 '59.
2358 5829 2401 5884 si
2422 5845 2549 5884 vero
2574 5845 2638 5884 ex
2664 5829 2772 5884 Deo
2797 5837 2901 5895 est,
2922 5844 3025 5884 non
3051 5830 3292 5899 poteritis
3307 5829 3622 5886 dissolvere
3638 5821 3780 5883 illud.
3805 5839 3825 5875 ι
