4076 6354
282 332 363 389 ιιι

286 453 364 507 ἐὰν
444 446 471 497 ό
516 440 998 514 παραμυθούμενος
1034 440 1131 493 καὶ
1182 439 1375 506 ἐλεῶν,
1409 440 1503 494 ἐὰν
1612 440 1640 492 0
1674 453 1814 521 παρ-

283 520 397 602 έχων
418 544 431 559 ·
458 526 597 580 οὕτω
628 523 740 594 βίον
769 523 1104 593 ἀπράγμονα
1130 523 1225 575 καὶ
1252 521 1470 591 ἀσφαλῆ
1495 520 1681 573 τοῦτον

281 599 415 668 οἶδεν.
460 606 595 676 Ἐγὼ
614 606 669 660 δὲ
698 607 760 658 οὐ
795 605 959 658 τοῦτο
985 604 1266 673 παραινῶ·
1319 604 1392 673 μὴ
1429 604 1637 672 γένοιτο
1655 617 1670 632 ·
1698 599 1814 654 ἀλλ’

280 698 397 751 ὥστε
422 692 491 763 μὴ
520 690 751 743 πλούτου
771 688 924 761 [109]
958 688 1225 757 ἐφίεσθαι.
1250 689 1383 741 Εἰπὲ
1410 688 1517 758 γάρ
1541 685 1818 758 μοι,τίνας

282 779 471 834 ἀνείπω
490 773 683 845 μᾶλλον
706 771 1027 842 μακαρίους,
1049 772 1173 833 τοὺς
1196 771 1527 841 ἐπιτηδείους
1542 769 1677 839 πρὸς
1691 773 1818 840 ἀρε-

281 864 379 932 τὴν,
407 859 436 927 ἢ
462 858 585 919 τοὺς
610 854 814 922 ταύτης
847 854 1037 926 πόρρω
1060 852 1501 922 καθεστηκότας;
1559 850 1815 922 Εὔδηλον,

259 945 481 1011 ,ὅτιτοὺς
504 937 896 1008 ἐπιτηδείουςι.
930 936 1025 998 Τίς
1078 932 1171 989 οὖν
1224 936 1523 1005 ἐπιτήδειος
1569 936 1704 1005 πρὸς
1757 934 1819 986 τὸ

262 1026 443 1100 μαθεῖν
469 1043 520 1078 τι
540 1024 647 1077 τῶν
666 1022 973 1095 χρησίμων,
1002 1022 1095 1075 καὶ
1120 1021 1355 1091 λάμπειν
1399 1023 1479 1100 ἐ.νῄ
1512 1018 1816 1090 φιλοσοφίᾳ,

277 1093 457 1179 οὗτοςῆ
496 1093 739 1173 ἐκεῖνοςξ
763 1093 941 1159 Παντί
980 1122 1081 1159 που
1105 1104 1280 1174 δῆλον,
1307 1105 1390 1156 ὅτι
1423 1093 1594 1164 οὗτος,
1651 1103 1713 1155 Εί
1761 1101 1820 1154 δὲ

277 1195 511 1253 ἀπιστεῖς,
550 1189 809 1259 μάνθανε·
853 1188 1095 1255 Ἀγέσθω
1123 1204 1206 1250 τις
1226 1188 1332 1240 ἀπὸ
1355 1186 1454 1255 τῆς
1482 1186 1686 1255 ἀγορᾶς
1711 1184 1820 1236 τῶν

276 1270 830 1345 προσαιτούντων,καὶ
855 1269 1014 1334 αὐτὸς
1065 1270 1164 1340 μὲν
1210 1269 1350 1322 ἔστω
1382 1269 1575 1339 πηρὸς,
1625 1268 1819 1338 χωλὸς,

277 1358 439 1419 κυλλός
461 1372 474 1385 ·
510 1356 697 1424 ἕτερος
720 1352 778 1405 δέ
826 1370 910 1416 τις
958 1353 1118 1414 καλὸς
1175 1352 1273 1423 μὲν
1309 1350 1454 1412 ἰδεῖν,
1494 1350 1713 1420 ἰσχυρὸς
1744 1348 1821 1418 τῷ

278 1441 481 1509 σώματι,
514 1436 780 1488 πάντοθεν
814 1435 1080 1505 σφριγῶν,
1109 1437 1222 1497 τοῖς
1246 1435 1487 1505 χρήμασι
1535 1432 1822 1503 περιρρεό-

279 1541 414 1594 μενος
432 1540 445 1552 ·
477 1521 638 1589 γένος
666 1520 837 1589 ἐχέτω
866 1518 1133 1590 λαμπρὸν,
1159 1518 1253 1571 καὶ
1303 1516 1617 1571 δυναστείαν
1652 1516 1822 1585 μεγά-

276 1607 373 1677 λην.
407 1603 615 1659 Οὐκοῦν
637 1602 937 1671 ἀγάγωμεν
958 1600 1177 1663 τούτους
1198 1602 1277 1663 είς
1302 1599 1363 1652 τὸ
1384 1600 1483 1670 τῆς
1505 1598 1821 1668 φιλοσοφίας

277 1688 656 1757 παιδευτήριον,
683 1686 778 1738 καὶ
813 1685 1032 1754 ίδωμεν,
1056 1684 1138 1747 τίς
1168 1684 1348 1737 αὐτῶν
1377 1682 1575 1753 μᾶλλον
1610 1680 1818 1745 δέξεται

274 1773 332 1825 τὰ
353 1773 439 1841 τῆς
467 1768 818 1832 διδασκαλίας
838 1806 853 1818 .
880 1770 1062 1822 Ἔστω
1086 1766 1216 1836 γοῦν
1260 1767 1319 1819 τὸ
1360 1767 1576 1837 πρῶτον
1607 1766 1819 1835 παράγ-

275 1855 445 1923 γελμα,
472 1851 747 1914 Ταπεινδς
777 1850 867 1903 ἐσο
890 1852 983 1903 καὶ
1006 1849 1224 1921 μέτριος
1243 1865 1257 1878 ·
1299 1848 1456 1901 τοῦτο
1492 1848 1601 1918 γὰρ
1632 1850 1660 1901 0
1687 1848 1822 1918 Χρι-

277 1938 379 2000 στὸς
401 1935 732 2007 προσέταξε·
767 1935 850 1997 τίς
881 1934 1079 2005 μᾶλλον
1115 1932 1247 1988 αὐτὸ
1284 1931 1626 2002 κατορθῶσαι
1658 1930 1819 2000 δυνή-

278 2039 422 2080 σεται,
447 2015 609 2082 οὗτος
638 2018 673 2088 ἢ
699 2017 936 2080 ἐκεῖνος
980 2013 1269 2082 Μακάριοι
1315 2017 1368 2067 οι
1426 2012 1817 2077 πενθοῦντες·

274 2104 341 2167 τίς
372 2102 565 2172 μᾶλλον
596 2099 848 2170 προσέξει
878 2097 955 2169 τῷ
995 2097 1299 2169 εἰρημένῳ;
1348 2096 1621 2166 Μακάριοι
1649 2095 1699 2146 οἱ
1729 2110 1823 2146 τα-

274 2186 441 2239 πεινοί·
466 2185 547 2248 τίς
584 2183 783 2253 μᾶλλον
803 2181 1124 2246 ἀκούσεται;
1155 2179 1440 2246 Μακάριοι
1481 2181 1536 2231 οἱ
1580 2177 1821 2244 καθαροί

273 2268 335 2336 τῇ
358 2267 561 2336 καρδίᾳ
588 2282 602 2295 ·
628 2263 911 2335 μακάριοι
935 2266 988 2316 οἱ
1021 2261 1343 2327 πεινῶντες
1390 2260 1486 2313 καί
1532 2258 1825 2327 διψῶντες

274 2352 371 2419 τὴν
392 2351 797 2417 δικαιοσύνην
822 2364 836 2379 ·
871 2346 1152 2416 μακάριοι
1176 2348 1229 2398 οἱ
1280 2341 1655 2413 δεδιωγμένοι
1701 2342 1826 2395 ἔνε-

274 2434 778 2499 κενδικαιοσύνης
801 2448 815 2462 ·
844 2432 929 2494 τίς
948 2430 1182 2492 εὐκόλως
1214 2427 1387 2481 ταῦτα
1440 2425 1823 2490 καταδέξεται;

274 2520 367 2573 Καὶ
390 2522 436 2570 εἰ
465 2517 676 2586 βούλει,
707 2517 873 2569 πᾶσιν
898 2513 1077 2576 αὐτοῖς
1097 2510 1496 2582 ἐφαρμόσωμεν
1517 2510 1825 2579 ἑκατέρους.

272 2604 367 2673 οὐχ
392 2603 419 2653 ὁ
448 2602 548 2672 μὲν
586 2596 911 2669 φλεγμαίνει
941 2595 1031 2649 καὶ
1073 2596 1205 2648 οἰδεῖ
1249 2592 1512 2647 πάντοθεν
1540 2607 1555 2623 ·
1589 2592 1619 2643 0
1731 2606 1828 2673 τασ-

273 2671 605 2754 πεινοφρονεῖ
625 2681 714 2735 ἀεὶ
738 2680 833 2733 καὶ
862 2678 1213 2732 συνέσταλται
1243 2674 1534 2738 διαπαντός
1555 2689 1569 2738 ;
1594 2671 1828 2742 Εὐδηλον

272 2766 359 2821 δτι.
388 2768 541 2820 Ἐστι
589 2766 688 2836 μὲν
715 2758 808 2816 οὖν
831 2761 894 2832 δή
926 2778 979 2814 τι
1006 2760 1100 2814 καί⁸
1120 2759 1247 2821 ἔπος
1280 2757 1486 2811 τοιοῦτο
1527 2757 1640 2819 τοῖς
1698 2754 1830 2821 ἐξω-

274 2849 351 2901 θεν
374 2848 674 2920 εἰρημένον
699 2863 713 2877 ·
758 2843 951 2907 Δοῦλος
981 2843 1078 2913 μὲν
1114 2840 1456 2908 Ἐπίκτητος,
1489 2836 1648 2909 σῶμα
1696 2837 1828 2920 ἀνάέ

274 2919 443 3002 πηρος·
488 2931 693 3001 πενίην
743 2925 913 2999 Ἶρος,
958 2927 1052 2979 καὶ
1113 2924 1266 2992 φίλος
1303 2922 1603 2976 ἀθανάτων.
1671 2919 1831 2973 Ἀλλά

272 3015 412 3068 τοῦτο
445 3016 548 3084 μὲν
588 3014 618 3066 0
647 3012 839 3082 πένης.
878 3010 945 3062 Ἦ
965 3008 1022 3060 δὲ
1044 3005 1138 3059 τοῦ
1168 3005 1423 3059 πλουσίου
1450 3003 1594 3075 ψυχὴ
1618 3003 1832 3056 πάντων

272 3099 413 3169 γέμει
436 3099 548 3151 τῶν
583 3094 793 3158 κακῶν,
821 3092 1100 3156 ἀπονοίας,
1167 3089 1493 3154 κενοδοξίας,
1530 3085 1833 3157 ἐπιθυμιῶν

277 3184 484 3253 μυρίων,
513 3180 697 3252 ὀργῆς
730 3178 826 3232 καὶ
862 3174 1055 3247 θυμοῦ,
1088 3173 1422 3240 πλεονεξίας,
1460 3170 1691 3235 ἀδικίας,
1742 3169 1835 3253 καὶ

275 3266 318 3317 εί
336 3251 470 3328 τινος
498 3251 718 3335 ἐτέρου.
757 3262 900 3330 Ἀρα
923 3258 1178 3329 φανερὸν,
1206 3258 1289 3311 ὅτι
1339 3255 1477 3327 πρὸς
1521 3251 1835 3323 φιλοσοφίαν

273 3348 395 3419 αὓτη
417 3346 731 3417 ἐπιτηδεία,
765 3344 800 3414 ἦ
832 3343 1035 3412 ἐκείνη.
1056 3343 1277 3404 Πάντως
1310 3340 1521 3410 ζητεῖτε
1546 3338 1755 3408 μαθεῖν,
1784 3335 1837 3389 τί

276 3433 458 3502 μᾶλλον
474 3432 635 3503 ἥδιον
656 3444 672 3458 ·
703 3428 861 3481 τοῦτο
884 3426 991 3497 γὰρ
1043 3424 1193 3495 παρὰ
1240 3423 1453 3485 πολλοῖς
1510 3420 1837 3490 ζητούμενον

271 3515 391 3587 δρῶ,
430 3516 486 3568 εῐ
530 3530 605 3583 γε
650 3510 791 3582 αὕτη
838 3509 1005 3580 ἡδίων
1045 3509 1080 3580 ή
1135 3507 1397 3578 διαγωγή.
1432 3505 1543 3559 Καὶ
1583 3504 1689 3587 μὴν
1719 3503 1839 3587 οὐδέ

277 3585 403 3670 ὑπὲρ
447 3596 656 3650 τούτου
717 3590 1080 3664 ἀμφιϐάλλειν
1127 3590 1269 3660 χρή·
1312 3591 1341 3642 0
1385 3588 1494 3658 γὰρ
1544 3586 1710 3670 ἐγγυς
1741 3585 1838 3654 τῆς

274 3669 468 3749 ὑγείας,
496 3676 662 3741 οὗτος
687 3676 782 3729 καὶ
806 3677 864 3729 ἐν
889 3673 1049 3745 ἡδονῇ
1075 3672 1263 3742 πολλῇ.
1298 3670 1393 3735 Τίς
1426 3670 1502 3733 δὲ,
1542 3669 1665 3722 εἰπέ
1726 3685 1837 3738 μοι,

272 3766 395 3834 πρὸς
421 3764 483 3817 τὸ
506 3759 874 3835 προκείμενον
900 3758 951 3822 ι),
969 3755 1105 3825 ὅπερ
1127 3752 1447 3824 βουλόμεθα,
1473 3751 1837 3835 κατορθῶσαι,

271 3833 355 3900 τὸν
399 3833 573 3918 νόμον
630 3842 823 3897 τοῦτον
877 3838 1054 3907 λέγω,
1106 3838 1428 3908 ἐπιτήδειος,
1480 3836 1508 3888 0
1553 3837 1721 3905 πένης
1747 3834 1781 3903 ἢ
1813 3833 1842 3885 0

272 3929 541 3994 πλουτῶν;
574 3926 663 3990 τίς
696 3922 934 3985 εὐκόλως
961 3923 1194 3991 ὀμεῖται,
1220 3919 1249 3971 0
1277 3919 1415 3990 πρὸς
1446 3919 1641 3982 παῖδας
1702 3933 1843 3988 παρ-

271 4014 607 4085 οξυνόμενος,
646 4012 676 4064 0
703 4008 841 4080 πρὸς
873 4005 1098 4078 μυρίους
1129 4002 1268 4073 έχων
1296 4001 1733 4072 συναλλάγματα,
1760 3999 1795 4069 ἢ
1814 4002 1844 4054 0

328 4148 356 4178 ⁸
381 4145 481 4197 Alii
497 4143 786 4202 εὖδηλονότι
819 4140 928 4197 τοὺς
940 4138 1092 4201 ἐγγύς.
1157 4136 1187 4176 δ
1210 4135 1384 4185 Morel.
1415 4135 1593 4198 πρὸςτὸ
1612 4136 1842 4200 κείμενον.

1246 315 1314 372 1N
1354 313 1536 371 ACTA
1572 307 2103 368 APOSTOLORUM.
2138 305 2370 363 HOMlL.
2406 304 2546 361 XIV.

3383 296 3487 353 ΗΞ

1915 443 2154 517 προσιὼν
2205 444 2345 517 ὑπὲρ
2391 443 2558 515 ἄρτου
2619 440 2651 511 ἢ
2704 437 2917 510 ἱματίου
2957 437 3105 501 ἐνός;
3150 429 3315 497 Οὗτος
3365 430 3486 484 οὐδὲ

1916 530 2161 598 ἀνάγκην
2187 528 2365 599 ὅρκων
2397 526 2529 596 ἔχει⁹
2567 524 2659 578 ἐὰν
2682 524 2833 595 θέλῃ,
2857 521 2970 575 ἀλλ’
3001 522 3087 574 ἀεὶ
3115 521 3169 571 ἐν
3197 520 3488 585 ἀπραγμο-

1919 612 2054 685 σύνῃ
2084 611 2293 679 διάγει·
2329 611 2529 680 μᾶλλον
2553 608 2608 661 δὲ
2635 610 2662 661 0
2698 605 3087 674 παιδευόμενος
3128 603 3201 671 μὴ
3235 599 3485 669 ὀμνύναι,

1916 697 2011 749 καὶ
2056 696 2354 765 χρημάτων
2403 693 2803 762 καταφρονήσει
2830 689 3107 749 πολλάκις,
3148 685 3239 737 καὶ
3287 699 3492 765 παντας

1916 776 2012 848 χοῦ
2038 762 2135 846 τῆς
2152 762 2358 846 ἀρετῆς
2394 777 2490 838 τὰς
2510 775 2663 837 ὁδοὺς
2685 792 2743 825 τε
2753 772 3022 844 μνομένας
3041 768 3147 823 ἀπὸ
3183 768 3371 820 τούτου
3393 762 3488 816 τοῦ

1917 860 2082 913 καλοῦ
2116 859 2215 911 ίδοι
2242 876 2325 920 τις
2356 859 2441 922 ἂν,
2473 858 2566 911 καὶ
2600 858 2778 917 πάσας
2816 854 3086 925 φερούσας
3137 851 3271 921 πρὸς
3321 848 3492 900 ἐπιεί-

1918 959 2089 1005 κειαν,
2123 940 2258 1011 πρὸς
2286 939 2585 1010 χρημάτων
2633 936 2952 1009 ὑπεροψίαν,
3008 935 3143 1004 πρὸς
3182 930 3490 992 εὐλάϐειαν,

1917 1024 2055 1095 πρὸς
2088 1024 2415 1075 κατάστασιν
2440 1021 2636 1091 ψυχῆς,
2666 1021 2801 1090 πρὸς
2828 1017 3134 1081 κατάνυξιν.

1988 1104 2080 1175 Μὴ
2097 1105 2160 1175 δὴ
2194 1104 2548 1175 ῥαθυμῶμεν,
2582 1102 2877 1171 ἀγαπητοὶ,
2911 1101 3046 1154 ἀλλά
3096 1099 3255 1152 πάλιν
3292 1094 3492 1165 πολλὴν

1919 1187 2277 1258 ποιησώμεθα
2352 1187 2453 1256 τὴν
2526 1185 2793 1255 σπουδήν·
2861 1184 2910 1236 οἱ
2975 1184 3072 1253 μὲν
3134 1180 3493 1251 κατωρθωκό-

1917 1295 2047 1341 τες,
2110 1275 2249 1328 ὥστε
2314 1273 2543 1344 φυλάξαι
2611 1275 2671 1326 τὸ
2740 1272 3084 1343 κατορθωθέν
3117 1311 3132 1335 ,
3196 1271 3337 1324 ὥστε
3418 1271 3494 1341 μὴ

1920 1360 2153 1423 εὐκόλως
2216 1360 2491 1430 ἀπορροήν
2546 1375 2666 1411 τινα
2726 1355 3107 1425 γενέσθαικαὶ
3176 1354 3497 1424 παλίρροιαν

1920 1444 2001 1507 είς
2056 1442 2295 1495 τούπίσω

1920 1525 2221 1595 ναστῆναι,
2285 1524 2424 1578 ὥστε
2490 1523 2786 1576 σπουδάσαι
2840 1524 2899 1575 τὸ
2953 1521 3136 1573 λεῖπον
3188 1519 3494 1589 πληρῶσαι.

1922 1607 2033 1661 Καὶ
2064 1607 2200 1670 τέως
2229 1608 2276 1659 οἰ
2328 1605 2767 1675 κατορθώσαντες
2791 1605 2916 1667 τοὺς
2965 1605 3130 1673 μήπω
3151 1601 3494 1672 δυνηθέντας,

1920 1691 2170 1761 καθάπερ
2183 1691 2239 1741 ἐν
2257 1690 2478 1757 πελάγει
2496 1689 2813 1758 νηχομένοις
2835 1688 2929 1750 τάς
2945 1689 3129 1757 χεῖρας
3151 1686 3497 1748 ἐκτείνοντες,

1920 1776 1977 1828 ἐν
2005 1773 2081 1844 τῷ
2105 1772 2281 1842 λιμένι
2325 1773 2425 1841 τῆς
2455 1772 2762 1839 ἀνωμοσίας
2792 1769 3152 1839 δεχέσθωσαν.
3186 1766 3362 1837 Λιμὴν
3390 1768 3495 1836 γὰρ

1918 1856 2088 1918 ὅντως
2124 1854 2392 1924 ἀσφαλὴς,
2415 1853 2477 1906 τὸ
2518 1852 2600 1924 [Η
2621 1852 2676 1922 0]
2708 1854 2781 1923 μὴ
2805 1849 3406 1922 ὀμνύναι-λιμὴν,πρδς
3439 1848 3501 1901 τὸ

2334 1452 2391 1480 ε·
2450 1442 2499 1493 οί
2550 1440 2606 1493 δὲ
2674 1440 2757 1492 ἔτι
2809 1438 3137 1508 λειπόμενοι,
3183 1436 3321 1489 ὥστε
3375 1436 3497 1489 δια·

1925 1938 1999 2011 μὴ
2028 1935 2518 2001 καταποντίζεσθαι
2557 1936 2660 1987 ὐπὸ
2692 1935 2801 1987 τῶν
2840 1933 3287 2005 προσπιπτόντων
3341 1948 3502 1983 πνευ-

1924 2023 2131 2093 μάτων.
2181 2020 2300 2074 Κᾶν
2334 2020 2444 2091 γάρ
2476 2020 2636 2090 ὀργὴ,
2697 2019 2800 2071 κᾶν
2857 2019 3110 2088 ἐπήρεια,
3174 2015 3274 2069 κᾶν
3331 2013 3501 2084 θυμὸς

1923 2103 2216 2174 ὑπερζέσῃ,
2255 2102 2355 2155 κᾶν
2384 2101 2580 2164 ὁτιοῦν,
2606 2099 2804 2171 ἡψυχὴ
2836 2101 2894 2152 ἐν
2926 2099 3194 2170 ἀσφαλείᾳ
3238 2097 3502 2167 καθέστη-

1924 2204 2039 2249 κεν⁹
2066 2185 2207 2239 ὥστε
2238 2186 2345 2238 οὐδ’
2373 2184 2438 2237 ἂν
2477 2183 2682 2254 ἐκϐάλῃ
2710 2200 2764 2235 τι
2794 2182 2901 2236 τῶν
2926 2182 3025 2234 οὐκ
3070 2182 3388 2250 ὀφειλόντων
3426 2182 3503 2232 εί-

1927 2270 2123 2342 ρῆσθαι
2141 2286 2155 2300 ·
2182 2270 2242 2321 οὐ
2264 2267 2372 2338 γὰρ
2404 2269 2483 2330 εἰς
2510 2267 2754 2336 ἀνάγκην
2783 2265 3113 2334 κατέστησεν
3136 2264 3352 2334 ἑαυτὴν,
3382 2264 3503 2317 οὐδὲ

1926 2354 2108 2423 νόμον.
2151 2352 2293 2422 Ὅρα
2331 2350 2384 2403 τί
2428 2348 2516 2403 διὰ
2563 2349 2654 2401 τὸν
2711 2350 2873 2420 ὅρκον
2920 2347 3175 2417 ἐποίησεν
3218 2347 3499 2417 Ἡρώδης·

1926 2436 2023 2506 τὴν
2077 2435 2318 2504 κεφαλὴν
2372 2432 2610 2503 ἀπέτεμε
2656 2431 2749 2484 τοῦ
2803 2430 3141 2500 Προδρόμου.
3197 2429 3300 2483 Διὰ
3361 2427 3505 2493 τοὺς

1928 2517 2146 2583 ὅρκους
2191 2515 2320 2585 γὰρ,
2345 2515 2494 2585 φησὶ,
2529 2514 2626 2567 καί
2662 2512 2803 2577 τοὺς
2822 2512 3370 2582 συνανακειμένους
3391 2513 3503 2565 οὐκ

1926 2597 2228 2667 ἠθέλησεν
2267 2597 2461 2663 αὐτὴν
2498 2594 2803 2662 ἀθετῆσαι.
2840 2594 2907 2647 Τί
2940 2595 3004 2647 δι’
3038 2597 3199 2664 ὅρκον
3230 2595 3505 2647 πεπόνθας-

1932 2699 2013 2734 σιν
2054 2682 2109 2733 αἱ
2145 2681 2309 2749 φυλαὶ
2348 2680 2440 2732 ἐπὶ
2485 2681 2583 2751 τῆς
2625 2678 2882 2750 Βενιαμὶν
2904 2678 3111 2750 φυλῆς;
3147 2679 3199 2731 τί
3251 2678 3317 2732 δι’
3346 2679 3507 2749 ὅρκον

1929 2763 2254 2817 πέπονθενὸ
2307 2762 2513 2827 Σαούλ;
2576 2762 2634 2816 Ὀ
2691 2762 2789 2830 μὲν
2841 2761 2948 2832 γὰρ
2999 2760 3419 2832 ἐπιώρκησεν,ὁ
3452 2761 3508 2814 δὲ

1942 2844 2187 2917 Ἡρώδης
2242 2846 2333 2899 καί
2374 2846 2473 2914 τῆς
2520 2844 2802 2913 ἐπιορκίας
2845 2846 3025 2914 χεῖρον
3077 2844 3389 2913 εἰργάσατο,
3418 2844 3509 2897 τὸν

1932 2929 2110 2997 φόνον.
2135 2927 2302 2980 Πάλιν
2330 2926 2576 2997 ὁἸησοῦς
2602 2925 2689 2978 διὰ
2715 2926 2806 2978 τὸν
2838 2926 2999 2995 ὅρκον
3033 2927 3125 2978 ἐπὶ
3146 2926 3252 2979 τῶν
3284 2927 3324 2978 Γ
3327 2926 3509 2980 αϐαω-

1931 3010 2091 3066 νιτῶν
2112 3005 2202 3065 οἷα
2244 3010 2508 3063 πέπονθεν
2531 3009 2724 3077 ἔγνως.
2770 3008 3044 3079 Σατανικὴ
3068 3009 3172 3081 γὰρ
3200 3011 3365 3073 ὅντως
3394 3010 3510 3062 ἐστὶ

1935 3094 2099 3163 παγὶς
2146 3093 2207 3146 τὸ
2234 3093 2484 3164 ὀμνύναι.
2539 3092 2927 3164 Διαρῤήξωμεν
2964 3093 3141 3146 τοίνυν
3174 3093 3236 3145 τά
3279 3094 3507 3164 σχοινία,

1935 3177 2029 3229 καί⁸
2071 3176 2129 3228 ἐν
2172 3176 2390 3247 εὐκολία
2417 3176 2832 3246 καταστήσομεν
2859 3174 3085 3237 ἑαυτοὺς
3117 3175 3298 3245 πάσης
3341 3175 3511 3244 φυλα-

1936 3261 2060 3328 κῆς.
2107 3258 2538 3329 Ἀπαλλαγῶμεν
2568 3261 2669 3330 τῆς
2713 3258 3003 3327 σατανικῆς
3031 3258 3286 3325 παγίδος·
3345 3260 3513 3331 φοϐη-

1937 3341 2120 3411 θῶμεν
2152 3341 2252 3412 τὴν
2291 3340 2509 3411 ἐντολὴν
2552 3342 2652 3411 τὴν
2687 3341 3053 3410 Δεσποτικήν·
3100 3340 3180 3403 είς
3225 3342 3511 3413 συνήθειαν

1939 3424 2163 3496 ἀρίστην
2182 3425 2407 3487 ἑαυτοὺς
2432 3423 2754 3495 ἐμϐάλωμεν
2776 3422 2803 3463 d
2821 3439 2835 3455 ·
2866 3423 2950 3475 ἵνα
2973 3420 3075 3493 ὁδῷ
3107 3422 3509 3493 προϐαίνοντες,

1937 3507 2032 3559 καί
2078 3505 2283 3577 ταύτην
2334 3506 2428 3560 καὶ
2483 3506 2580 3569 τάς
2627 3505 2819 3568 λοιπὰς
2872 3505 3089 3566 ἐντολὰς
3138 3505 3513 3576 κατορθώσαν-

1938 3606 2051 3652 τες,
2105 3588 2214 3642 τῶν
2270 3588 2693 3660 ἐπηγγελμένων
2749 3586 3091 3658 ἐπιτύχωμεν
3138 3588 3356 3657 ἀγαθῶν
3402 3592 3514 3653 τοῖς

1940 3673 2225 3737 ἀγαπῶσιν
2289 3673 2491 3738 αὐτὸν,
2556 3672 2738 3742 χάριτι
2801 3671 2894 3725 καὶ
2978 3671 3358 3742 φιλανθρωπίᾳ
3419 3674 3514 3727 τοῦ

1940 3755 2145 3824 Κυρίου
2183 3754 2338 3823 ἡμῶν
2389 3753 2564 3824 Ἰησοῦ
2603 3753 2877 3825 Χριστοῦ,
2942 3753 3060 3822 μεθ’
3090 3749 3148 3807 οὐ
3205 3754 3284 3825 τῷ
3342 3755 3516 3825 Πατρὶ

1942 3836 2058 3907 ἅμα
2092 3835 2173 3905 τῷ
2200 3838 2339 3906 ἁγίῳ
2370 3836 2645 3905 Πνεύματι
2668 3834 2813 3899 δόξα,
2842 3835 3059 3906 κράτος,
3114 3837 3269 3905 τιμὴ,
3300 3837 3393 3889 νῦν
3423 3838 3517 3890 καὶ

1943 3917 2050 3982 ἀεὶ,
2082 3918 2175 3971 καὶ⁸
2194 3918 2273 3980 εἰς
2299 3918 2427 3979 τοὺς
2455 3916 2658 3979 αἰῶνας
2696 3916 2804 3969 τῶν
2832 3915 3064 3969 αἰώνων.
3107 3917 3300 3987 Ἀμήν.

2008 4057 2033 4087 °
2069 4053 2171 4105 Alii
2205 4056 2270 4111 εἰς
2310 4053 2555 4111 τούπίσω,
2584 4053 2667 4102 καὶ
2704 4056 2819 4111 τοὺς
2836 4055 2884 4103 ἐν
2905 4055 2975 4117 τῷ
2996 4053 3190 4117 πελάγει
3213 4057 3513 4117 νηχομένους.

1947 4115 1976 4157 (ι
1997 4116 2096 4167 Alii
2115 4117 2308 4172 ἑαυτοὺς
2326 4117 2718 4177 καταστήσωμεν.

276 4238 3481 4269 WW

1671 4319 1915 4375 ΟΜΙΔΙΔ
1961 4322 2057 4373 lA'.

284 4418 577 4485 ’Δναστὰς
607 4414 675 4469 δέ
742 4429 851 4485 τις.
889 4410 959 4485 έν
1005 4407 1086 4475 τῷ
1131 4407 1427 4485 συτεξρίφ
1489 4410 1844 4485 φαρισιιῖοςι

334 4475 614 4560 Mucia
644 4475 984 4560 Paed-PM
1060 4475 1599 4560 νομιὶίέιδάῖκανίοςν
1636 4479 1848 4560 βίαιος

336 4546 517 4615 παντὶ
545 4553 629 4619 τῷ
655 4546 801 4616 λαῷ,
826 4546 1152 4604 ἐκέλευσεν
1176 4547 1291 4612 ἔξω
1321 4546 1520 4617 βραχὺ
1556 4546 1697 4612 τοὺς
1713 4546 1725 4550 ⁷
1741 4550 1849 4605 ἀν-

337 4631 612 4699 θρώπους
633 4621 932 4693 γενέσθαι.

337 4736 404 4783 α’.
438 4722 614 4786 Οὗτος
647 4725 677 4776 0
706 4717 1013 4790 Γαμαλιήλ,
1038 4714 1253 4769 Παύλου
1278 4714 1590 4778 διδάσκαλος
1612 4710 1698 4785 ἦν.
1738 4711 1851 4765 Καὶ

276 4813 555 4883 θαυμάσαι
579 4807 749 4871 ἄξιον,
780 4802 899 4865 πῶς
931 4799 1142 4862 καὶτὰς
1170 4798 1311 4883 κατά
1331 4799 1454 4853 νοῦν
1483 4799 1691 4883 κρίσεις
1713 4796 1849 4883 ἔχων

275 4877 714 4965 καίτνομομαθὴς
752 4886 851 4950 ὣν,
884 4884 1092 4937 οὐδέπω
1123 4882 1460 4965 ἐπίστευσεν.
1513 4881 1626 4933 Οὐκ
1657 4880 1770 4932 ἐστι
1792 4877 1850 4931 δέ

276 4981 429 5033 αὐτὸν
460 4963 645 5048 μεῖναι
697 4970 773 5043 μὴ
806 4967 1172 5048 πιστεύσαντα
1196 4964 1263 5017 δι’
1290 4964 1433 5048 0100.
1452 4964 1578 5048 £01
1609 4963 1764 5033 δῆλον
1787 4963 1851 5048 ἐκ

274 5064 376 5115 τῶν
436 5041 710 5131 ῥημάτων
749 5052 935 5113 αὐτοῦ,
996 5048 1062 5102 δι’
1103 5041 1178 5101 ὧν
1243 5044 1616 5117 συμϐουλεύει.
1689 5042 1850 5098 Ἐχέ-

271 5126 456 5199 λευσε
484 5126 619 5211 γὰρ,
673 5136 859 5209 φησὶν,
894 5132 1011 5197 ἔξω
1061 5128 1263 5199 ,βραχὺ
1321 5128 1463 5211 τοὺς
1504 5126 1852 5211 ἀνθρώπους

275 5209 742 5294 ποιῆσαιξὊρα
790 5218 886 5287 τὴν
941 5213 1152 5267 σύνεσιν
1198 5212 1313 5294 τῆς
1349 5209 1728 5294 δημηγορίας,Δ
1760 5210 1853 5294 καὶ

276 5290 622 5372 πῶς-αὐτοὺς
655 5290 859 5363 εὐθέως
895 5298 974 5360 εἰς
999 5294 1162 5365 φόϐον
1192 5292 1464 5345 ἐσέϐαλεν.
1498 5293 1660 5344 Ὥστε
1688 5290 1743 5343 δὲ
1777 5292 1853 5363 μὴ

276 5391 687 5459 ὐποπτευθῆναι
724 5398 748 5426 θ
804 5382 965 5437 αὐτὸν
1016 5380 1091 5442 ὼς
1134 5380 1202 5430 τά
1260 5377 1481 5430 ἐκείνων
1534 5374 1852 5446 φρονοῦντα,

274 5478 342 5541 ὼς
368 5478 513 5548 πρὸς
556 5457 945 5544 ὁμογνώμονας
1000 5461 1350 5548 διαλέγεται,
1379 5459 1578 5548 καὶρύΔ
1594 5457 1762 5548 πολλῇ
1786 5460 1853 5529 τῇ

279 5539 603 5631 σφοδρότητί
652 5552 941 5622 κέχρηται,
998 5543 1112 5631 ἀλλξ
1152 5544 1225 5604 ώς
1259 5541 1363 5631 ὐπὸ
1416 5540 1528 5631 τοῦ,
1555 5539 1726 5610 θυμοῦ
1769 5556 1857 5609 με·

278 5625 517 5707 θύουσιν,
538 5625 705 5693 οὓτω
739 5632 933 5703 φησίν·
980 5627 1216 5695 Ἄνδρες
1262 5625 1642 5693 Ἰσραηλῖται,
1672 5637 1856 5707 προσ-

278 5726 442 5793 έχετε
468 5705 724 5784 ἑαυτοῖς,
752 5715 848 5769 ἐπὶ
881 5712 1007 5777 τοῖς
1035 5708 1366 5793 ἀνθρώποις
1378 5707 1690 5793 τούτοις-’τί
1703 5705 1851 5793 μέλ-

282 5789 412 5866 ita
460 5806 783 5875 πράσσειν.
837 5798 931 5869 Μὴ
986 5793 1192 5855 ἁπλῶς,
1250 5790 1401 5861 φησὶ,
1434 5790 1566 5859 μηδὲ
1594 5789 1669 5852 ώς
1697 5789 1851 5859 ἔτυχε

344 5925 366 5953 ⁸
399 5921 639 5981 Ἐνέϐαὶε,
683 5918 763 5965 καὶ
795 5916 921 5963 ὥστε
962 5910 1025 5972 μὴ
1049 5906 1406 5964 ὐποπτευθῆναι,
1436 5905 1505 5953 sic
1530 5916 1669 5953 unus.

1950 4409 2201 4481 φέρεσθε.
2250 4409 2371 4477 Πρὸ
2421 4408 2529 4478 γὰρ
2582 4409 2806 4463 τούτων
2844 4407 2961 4461 τῶν
3008 4407 3243 4477 ἡμερῶν
3291 4410 3515 4478 ἀνέστη

1950 4492 2195 4558 Θευδᾶς,
2234 4492 2445 4561 λέγων.
2484 4488 2638 4545 εἶναι
2670 4508 2804 4544 τινα
2844 4492 3081 4554 ἑαυτὸν,
3110 4485 3158 4556 ᾧ
3190 4496 3519 4557 προσεκολ-

1948 4575 2107 4642 ,λήθη
2130 4572 2375 4643 ἀριθμὸς
2441 4573 2676 4640 ἀνδρῶν
2714 4573 2794 4639 ὡς
2843 4575 3272 4640 τετρακοσίων·
3315 4572 3383 4639 ὃς
3412 4576 3517 4627 ἀν-

1949 4656 2150 4725 ῃρέθη·
2183 4656 2280 4709 καί
2306 4654 2525 4721 πάντες
2552 4656 2685 4709 ὅσοι
2713 4656 3022 4709 ἐπείθοντο
3048 4655 3226 4720 αὐτῷ.
3248 4655 3519 4723 διελύθη-

1951 4756 2074 4793 σαν
2110 4745 2207 4793 καὶ
2238 4737 2516 4808 ἐγένοντο
2541 4741 2629 4803 εἰς
2665 4737 2862 4793 οὐδέν.
2907 4737 3036 4789 ’Λπὸ
3063 4726 3517 4806 παραδειγμάτων

1951 4824 2147 4885 αὐτοὺς
2202 4821 2543 4891 σωφρονίζει,
2575 4822 2671 4873 καὶ
2723 4820 2811 4873 τὸν
2852 4818 3103 4881 πλείονας
3135 4820 3517 4888 ἀποστήσαντα

1952 4904 2176 4974 ὕστερον
2202 4903 2382 4973 τίθησι
2398 4900 2889 4972 παραμυθούμενος
2904 4900 3120 4963 αὐτούς.
3150 4901 3263 4972 Πρὸ
3288 4903 3389 4970 μὲν
3422 4899 3517 4956 οὖν

1951 4986 2042 5040 τοῦ
2074 4986 2141 5039 τά
2170 4984 2588 5057 παραδείγματα
2606 4982 2753 5054 [Hi]
2775 4984 2966 5045 εἰπεῖν,
2986 4982 3153 5051 λέγει,
3182 4985 3519 5055 Προσέχετε

1952 5069 2212 5135 ἑαυτοῖς·
2276 5068 2460 5137 ἐπειδὴ
2510 5068 2563 5119 δὲ
2627 5065 2843 5129 ἔδειξεν,
2898 5066 3256 5135 ἀποφαίνεται
3306 5069 3515 5139 λέγων·

1952 5151 2060 5206 Καὶ
2108 5150 2182 5204 τὰ
2242 5149 2357 5203 νῦν
2409 5148 2565 5216 λέγω
2622 5147 2784 5215 ὑμῖν,
2848 5149 3168 5218 Ἀπόστητε
3233 5152 3349 5206 ἀπὸ
3399 5151 3519 5207 τῶν

1952 5232 2277 5301 ἀνθρώπων
2311 5232 2553 5286 τούτων.
2588 5232 2749 5284 Μετὰ
2792 5232 3003 5286 τοῦτον
3038 5232 3266 5302 ἀνέστη
3302 5237 3519 5303 Ἰούδας

1954 5322 1987 5373 ὁ
2040 5313 2361 5378 Γαλιλαῖος
2415 5313 2485 5365 ἐν
2526 5313 2655 5378 ταῖς
2706 5313 2952 5383 ἡμέραις
2984 5316 3096 5383 τῆς
3146 5319 3516 5388 ἀπογραφῆς,

1954 5399 2054 5454 καὶ
2100 5397 2453 5461 ἀπέστησεν
2500 5395 2708 5449 ἰκανὸν
2732 5399 2885 5451 λαὸν
2912 5400 3104 5452 ὀπίσω
3155 5402 3372 5454 αὑτοῦ·
3412 5405 3519 5457 κά-

1959 5482 2152 5543 κεῖνος
2215 5476 2485 5532 ἀπώλετο
2505 5519 2522 5543 ,
2582 5480 2681 5532 καί
2748 5480 2967 5546 πάντες
3018 5482 3152 5536 ὅσοι
3212 5483 3520 5538 ἐπείθοντο

1957 5565 2139 5631 αὐτῷ,
2182 5562 2755 5629 διεσκορπίσθησαν.
2817 5565 2927 5618 Καὶ
2964 5567 3152 5619 τανῦν
3175 5567 3328 5637 λέγω
3360 5569 3519 5638 ὑμῖν,

1969 5650 2288 5713 Ἀπόστητε
2331 5644 2448 5698 ἀπὸ
2482 5642 2599 5697 τῶν
2626 5646 2948 5712 ἀνθρώπων
2974 5650 3220 5715 τούτων,
3274 5652 3373 5704 καὶ
3423 5653 3519 5707 ἐά-

1957 5748 2104 5790 σατε
2131 5728 2351 5794 αὐτούς
2370 5742 2383 5755 ·
2425 5727 2535 5788 ὅτι,
2569 5728 2677 5780 ἐὰν
2722 5729 2760 5795 ᾖ
2790 5730 2856 5792 ἐξ
2896 5730 3217 5796 ἀνθρώπων
3244 5735 3281 5801 ἡ
3315 5736 3522 5805 βουλὴ

1959 5817 2108 5881 αὕτη
2154 5812 2191 5881 ἢ
2236 5809 2303 5864 τὸ
2351 5810 2526 5879 ἔργον
2563 5811 2756 5874 τοῦτο,
2807 5813 3313 5878 καταλυθήσεται·
3352 5822 3405 5872 εὶ
3451 5820 3520 5873 δὲ

1960 5904 2028 5956 ἐκ
2059 5898 2205 5953 Θεοῦ
2255 5895 2443 5958 ἐστιν,
2489 5895 2558 5946 υὺ
2599 5894 2937 5961 δυνήσεσθε
2986 5900 3321 5956 καταλῦσαι
3351 5906 3519 5962 αὐτό.
