4076 6354
512 228 627 282 “5

534 340 683 396 Ὠσεὶ
714 338 931 407 ἔλεγεν·
981 338 1325 410 Ἀνάσχεσθε,
1375 340 1471 393 καὶ
1516 339 1610 392 ἐὰν
1644 339 1703 407 ἐξ
1758 339 1968 393 ἐαυτῶν
2015 337 2108 390 καὶ

516 418 663 479 οῦτοι
696 423 1050 493 συνέστησαν,
1075 421 1223 475 οὐδὲν
1247 421 1477 474 κωλύσει
1521 424 1613 475 καὶ
1646 424 1842 485 αὐτοὺς
1874 420 2107 474 καταλυ-

519 509 697 579 θῆναι.
732 506 977 571 Μήποτε
1028 505 1129 557 καί
1168 504 1454 573 Θεομάχοι
1490 505 1787 573 εὑρεθῆτε.
1839 507 1949 558 Καὶ
2008 502 2096 556 διὰ

521 592 618 646 τοῦ
667 591 948 655 ἀδυνάτου,
1006 590 1101 641 καὶ
1143 588 1229 642 διὰ
1290 589 1383 641 τοῦ
1432 591 1751 661 ἀσυμφόρου
1801 590 2098 659 ἀποτρέπει

518 676 734 738 αὐτούς.
788 674 901 727 Οὐκ
954 667 1072 724 εἷπε
1132 672 1188 724 δὲ
1228 672 1331 724 ὑπὸ
1365 673 1509 735 τίνος
1562 673 1933 745 ἀνῃρέθησαν,
1987 669 2098 723 ἀλλ’

520 758 724 823 ἁπλῶς,
752 759 832 811 ὅτι
854 756 1192 826 διελύθησαν,
1224 757 1363 825 τάχα
1383 756 1458 817 ὠς
1497 757 1792 826 παρέλκον.
1830 758 1906 810 Δι’
1928 749 2003 809 ὧν
2042 756 2099 807 δὲ

518 844 827 914 ὑποτίθησι,
895 841 1174 906 διδάσκει,
1242 841 1322 894 ὅτι
1385 842 1447 894 El
1510 842 1609 910 μὲν
1652 841 1990 915 ἀνθρώπινον
2040 839 2100 892 τὸ

518 928 699 999 ἔργον,
747 927 898 979 οὐδὲν
941 924 1121 995 δεήσει
1168 925 1508 996 πραγμάτων
1547 925 1707 996 ὑμῖν·
1749 928 1799 979 εἰ
1851 926 1906 979 δὲ
1958 925 2098 978 θεῖόν

519 1013 686 1073 ἐστιν,
708 1010 827 1062 ούδέ
862 1009 997 1079 μετὰ
1025 1009 1363 1079 πραγμάτων
1380 1008 1674 1079 δυνήσεσθε
1695 1008 2096 1081 περιγενέσθαι.

518 1094 678 1147 Οῦτω
711 1092 840 1162 γοῦν
866 1094 959 1145 καὶ
997 1095 1024 1146 ό
1051 1092 1207 1160 λόγος
1240 1094 1457 1156 συνετὸς
1486 1093 1684 1160 ἔδοξεν,
1719 1096 1801 1148 ὅτι
1831 1095 1924 1147 καὶ
1949 1093 2101 1147 ἐπεί-

519 1178 727 1247 σθησαν
784 1176 923 1229 ὥστε
993 1177 1068 1248 μὴ
1125 1176 1337 1229 ἀνελεῖν
1388 1178 1609 1241 αὐτοὺς,
1655 1178 1789 1232 ἀλλὰ
1846 1177 2099 1249 μαστίξαι

518 1260 699 1330 μόνον.
732 1260 1132 1326 Ἐπείσθησαν
1160 1260 1269 1330 γὰρ
1293 1259 1473 1325 αὐτῷ,
1503 1261 1665 1330 φησί’
1708 1260 1805 1314 καί
1830 1273 2097 1329 προσκα-

514 1344 839 1411 λεσάμενοι
894 1341 1038 1406 τοὺς
1074 1342 1478 1408 ἀποστόλους,
1526 1344 1833 1413 δείραντες
1876 1344 2099 1413 παρήγ-

515 1430 725 1494 γειλαν
760 1425 843 1494 μὴ
894 1425 1108 1479 λαλεῖν
1154 1426 1253 1479 ἐπὶ
1308 1426 1390 1491 τῷ
1423 1428 1665 1497 ὀνόματι
1726 1427 1832 1481 τοῦ
1875 1426 2098 1494 Ἰησοῦ,

519 1509 619 1564 καὶ
670 1509 995 1564 ἀπέλυσαν
1049 1510 1290 1576 αὐτούς.
1334 1510 1496 1580 Ὅρα,
1552 1511 1690 1582 μετά
1736 1510 1878 1563 πόσα
1910 1509 2101 1581 μαστί-

520 1593 703 1656 ζονται
763 1590 1017 1662 θαύματα
1062 1604 1110 1647 ιι.
1170 1593 1279 1646 Kal
1318 1592 1468 1663 ὅμως
1526 1593 1686 1648 πάλιν
1716 1595 1749 1660 ἡ
1786 1592 2101 1647 διδασκαλία

519 1676 849 1729 ἐπετείνετο’
910 1676 1005 1729 καὶ
1060 1674 1168 1746 γὰρ
1206 1676 1299 1729 καὶ
1356 1677 1415 1729 ἐν
1447 1676 1595 1747 οἰκία
1642 1678 1736 1731 καὶ⁹
1768 1680 1827 1730 ἐν
1864 1676 1942 1731 τῶ
1972 1676 2101 1747 ἱερῷ

518 1760 814 1812 ἐδίδασκον.
862 1762 925 1811 Οἰ
966 1758 1083 1826 μὲν
1114 1753 1228 1813 οὖν
1258 1758 1616 1827 ἐπορεύοντο
1646 1760 1954 1829 χαίροντες
1981 1759 2100 1814 ἀπὸ

518 1842 838 1911 προσώπου
867 1846 972 1896 τοῦ
1003 1841 1348 1909 συνεδρίου,
1378 1843 1468 1896 ὅτι
1500 1842 1651 1910 ὑπὲρ
1677 1843 1782 1896 τοῦ
1808 1843 2099 1912 ὀνόματος

517 1927 624 1982 τοῦ
658 1926 911 1995 Χριστοῦ
938 1926 1396 1993 κατηξιώθησαν
1419 1924 1842 1995 ἀτιμασθῆναι,
1893 1922 2102 1980 πᾶσάν

517 2026 582 2065 τε
607 2010 834 2080 ἡμέραν
861 2009 930 2063 ἐν
954 2007 1033 2074 τῷ
1070 2008 1203 2078 ίερῷ
1242 2009 1339 2063 καί
1378 2009 1505 2063 κατ’
1534 2004 1702 2062 οἷκον
1751 2010 1862 2063 οὐκ
1921 2008 2103 2062 ἐπαύ-

518 2111 659 2149 οντο
686 2092 1076 2160 διδάσκοντες
1135 2092 1235 2146 καί
1292 2090 1799 2163 εὐαγγελιζόμενοι
1857 2091 2102 2160 Ἰησοῦν

518 2177 795 2246 Χριστόν.
835 2177 936 2229 Ἐν
962 2175 1029 2228 δὲ
1057 2174 1185 2241 ταῖς
1215 2175 1462 2244 ἡμέραις
1491 2176 1732 2242 ταύταις
1762 2176 2103 2243 πληθυνόν-

517 2278 635 2313 των
653 2259 769 2313 τῶν
791 2256 1092 2328 μαθητῶν,
1114 2258 1351 2327 ἐγένετο
1374 2258 1719 2327 γογγυσμὸς
1740 2256 1858 2311 τῶν
1891 2258 2101 2324 Ἐλλη-

515 2340 739 2397 νιστῶν
766 2341 913 2409 πρὸς
952 2342 1093 2407 τοὺς
1126 2341 1457 2408 Ἐϐραίους,
1491 2340 1580 2395 ὅτι
1613 2342 2100 2410 παρεθεωροῦντο

514 2424 678 2494 ὲντῇ
719 2424 986 2490 διακονίᾳ
1028 2422 1103 2492 τῇ
1144 2422 1507 2493 καθημερινῇ
1543 2427 1603 2476 αἱ
1658 2423 1832 2492 χῆραι
1879 2423 2097 2478 αὐτῶν.

517 2511 631 2562 Οὐκ
669 2511 725 2562 ἐν
764 2508 998 2569 ἐκείναις
1054 2508 1274 2569 πάντως
1307 2507 1454 2574 λέγει
1507 2509 1628 2570 ταῖς
1676 2507 1943 2576 ἡμέραις·
1985 2507 2099 2560 ἀλλ’

518 2593 640 2644 ἐπεὶ
670 2590 926 2659 συνήθεια
954 2587 1174 2655 τοιαύτη
1198 2589 1226 2628 ι)
1256 2589 1374 2640 ἐστὶ
1402 2590 1467 2659 τῇ
1496 2589 1709 2658 Γραφῇ,
1741 2588 1835 2642 καὶ
1875 2588 1945 2641 τά
1970 2588 2101 2658 μέλ-

516 2674 676 2728 λοντα
732 2672 1049 2743 συμϐαίνειν
1069 2671 1143 2734 ὡς
1202 2670 1398 2741 ἐφεξῆς
1465 2670 1725 2740 γινόμενα
1782 2670 1951 2739 λέγει,
2014 2671 2101 2725 διά

514 2757 675 2811 τοῦτο
699 2754 870 2818 οὕτως
893 2750 1067 2807 εἶπεν.
1090 2751 1445 2824 Ἑλληνιστάς
1481 2751 1536 2804 δὲ
1565 2748 1719 2821 οἶμαι
1746 2753 1946 2817 καλεῖν,
1975 2755 2100 2817 τοὺς

527 2839 826 2909 Ἑλληνιστὶ
854 2835 1274 2907 φθεγγομένους*
1294 2831 1437 2889 οὗτοι
1461 2837 1567 2906 γὰρ
1607 2835 1911 2905 Ἑλληνιστὶ
1937 2837 2102 2889 διελέ-

515 2940 676 2995 γοντο
717 2920 957 2992 Ἑϐραῖοι
1004 2922 1174 2983 ὄντες.
1230 2917 1357 2973 Ἰδοὺ
1420 2921 1514 2973 καὶ
1558 2920 1716 2984 ἄλλος
1764 2921 2096 2990 πειρασμός·

520 3007 720 3080 μᾶλλον
747 3005 803 3058 δὲ
836 3006 931 3059 καὶ
956 3005 1043 3070 σὺ,
1077 3005 1123 3057 εί
1158 3003 1338 3075 βούλει
1366 3006 1610 3070 σκοπεῖν,
1643 3003 1761 3073 ὄψει
1785 3003 1880 3057 καὶ
1898 3003 2102 3057 ἔσωθεν

516 3092 611 3146 καὶ
644 3090 843 3156 ἔξωθεν
870 3088 999 3153 τοὺς
1022 3087 1291 3158 πολέμους
1322 3086 1482 3150 ὄντας
1517 3086 1578 3152 ἐξ
1604 3088 1800 3160 ἀρχῆς,
1832 3091 2101 3155 Προσκα-

514 3174 839 3245 λεσάμενοι
887 3172 976 3235 δὲ,
1030 3171 1181 3241 φησὶ,
1228 3173 1284 3225 οὶ
1326 3169 1554 3225 δώδεκα
1601 3172 1667 3224 τὸ
1717 3169 1950 3239 πλῆθος
1982 3170 2101 3225 τῶν

511 3257 793 3330 μαθητῶν
833 3297 848 3321 ,
877 3252 1049 3310 εἶπον
1069 3271 1082 3285 ο
1130 3256 1252 3308 Οὐκ
1279 3254 1540 3323 ἀρεστόν
1565 3255 1696 3308 ἐστι
1734 3257 2099 3309 καταλιπόν-

516 3359 625 3409 τας
650 3339 807 3411 ἠμᾶς
830 3340 937 3393 τὸν
968 3338 1154 3407 λόγον
1180 3337 1286 3390 τοῦ
1340 3337 1511 3401 Θεοῦ,
1554 3336 1855 3391 διακονεῖν
1892 3337 2100 3406 τραπέ-

518 3425 661 3491 ζαις.
695 3422 917 3485 Καλῶςο
975 3419 1083 3473 τῶν
1112 3419 1221 3491 γὰρ
1254 3420 1565 3487 ἀναγκαίων
1592 3420 1661 3472 τά
1702 3421 2102 3491 ἀναγκαιότερα

518 3506 909 3578 προτιμότερα.
950 3503 1092 3573 Ὅρα
1124 3502 1203 3564 δὲ,
1236 3502 1349 3565 πῶς
1380 3501 1584 3565 εὐθέως
1606 3504 1926 3558 καὶτούτων
1968 3506 2100 3576 πρό-

518 3607 669 3646 νοιαν
698 3588 994 3651 ποιοῦνται,
1027 3586 1120 3639 καὶ
1151 3585 1243 3638 τοῦ
1288 3585 1642 3657 κηρύγματος
1663 3586 1761 3640 ούκ
1786 3586 2098 3658 ἀμελοῦσιν.

531 3673 619 3738 Ὧς
666 3670 1076 3742 αἰδεσιμώτεροι
1125 3669 1181 3722 δὲ
1214 3671 1409 3723 ἐκεῖνοι
1432 3666 1602 3741 ἦσαν,
1638 3670 1720 3723 διὸ
1748 3672 1842 3725 καὶ
1875 3672 2102 3744 προκρί-

518 3773 719 3811 νονται.
774 3752 1222 3822 ἐπισκέψασθε
1272 3747 1406 3817 οῦν,
1452 3751 1724 3822 ἀδελφοί,
1778 3752 2000 3822 ἄνδρας
2029 3754 2100 3820 ἐξ

520 3839 687 3909 ὑμῶν
710 3837 1237 3909 μαρτυρουμένους
1264 3835 1433 3896 ἑπτὰ,
1481 3836 1731 3905 πλήρεις
1758 3839 2101 3908 Πνεύματος

523 3926 620 3980 καὶ
663 3924 905 3992 σοφίας,
954 3921 1062 3987 οὓς
1115 3921 1700 3989 καταστήσομενέπί
1732 3919 1843 3988 τῆς
1898 3924 2100 3990 χρείας

522 4010 762 4075 ταύτης.
816 4005 1011 4073 Ἡμεῖς
1034 4005 1102 4056 δὲ
1131 4002 1205 4072 τῇ
1240 4004 1548 4072 προσευχῇ
1586 4006 1682 4057 καὶ
1730 4004 1803 4072 τῇ
1829 4004 2100 4072 διακονίᾳ

523 4090 629 4145 τοῦ
657 4090 840 4157 λόγου
866 4088 1492 4156 προσκαρτερήσομεν.
1537 4087 1643 4141 Καὶ
1674 4085 1895 4154 ἤρεσεν
1921 4091 1953 4141 d
1994 4090 2099 4141 λό-

522 4191 628 4244 γος
660 4172 915 4225 ἐνώπιον
968 4169 1195 4231 παντὸς
1239 4169 1347 4221 τοῦ
1394 4169 1685 4234 πλήθους.
1744 4172 1851 4223 Καὶ
1902 4170 2102 4234 ἐξελέ-

524 4258 706 4322 ξαντο
771 4254 1080 4322 Στέφανον
1141 4251 1330 4319 ἄνδρα
1411 4252 1613 4321 πλήρη
1678 4254 1935 4320 πίστεως
2001 4256 2100 4308 καὶ

521 4340 867 4408 Πνεύματος
882 4337 1078 4405 ἁγίου.
1102 4336 1243 4404 ’Λρα
1276 4334 1370 4386 καὶ
1393 4337 1587 4388 ἐκεῖνοι
1619 4336 1843 4406 πλήρεις
1866 4338 2102 4403 πίστεως

523 4422 688 4497 ἦσαν,
720 4423 811 4486 οὓς
864 4421 957 4474 καὶ
996 4418 1326 4485 ἐξελέξαντο,
1368 4420 1451 4471 ἵνα
1477 4422 1550 4489 μὴ
1582 4418 1729 4491 [11⁸2]
1747 4421 1814 4473 τὰ
1842 4421 1981 4474 αύτά
2008 4422 2100 4489 γέ-

524 4524 703 4579 νηται,
731 4502 817 4559 οἶα
861 4505 953 4556 ἐπὶ
998 4502 1191 4563 Ἰούδα.
1231 4497 1318 4554 οἶα
1387 4505 1480 4556 ἐπὶ
1531 4504 1772 4556 Ἀνανίου
1820 4505 1912 4557 καὶ
1962 4505 2102 4559 Σαπ-

524 4592 740 4663 φείρας.
770 4588 878 4643 Καὶ
904 4588 1225 4650 Φίλιππον,
1262 4586 1360 4640 καί
1406 4588 1708 4656 Πρόχορον
1731 4588 1829 4640 καί
1855 4588 2102 4643 Νικάνο-

514 4693 617 4746 ρα,
673 4674 772 4727 καί
830 4672 1076 4742 Τίμωνα,
1128 4669 1227 4723 καὶ
1282 4670 1615 4739 Παρμενᾶν,
1653 4671 1750 4724 καί
1802 4674 2102 4726 Νικόλαον

524 4759 914 4827 προσήλυτον
977 4753 1298 4822 Ἀντιοχέα,
1370 4754 1477 4820 οὓς
1522 4756 1793 4823 ἔστησαν
1845 4755 2102 4809 ἐνώπιον

523 4843 641 4897 τῶν
683 4842 1060 4902 ἀποστόλων,
1112 4838 1209 4891 καὶ
1246 4838 1753 4906 προσευξάμενοι,
1800 4838 2101 4905 ἐπέθηκαν

523 4925 728 4989 αὐτοῖς
758 4925 862 4988 τὰς
893 4922 1117 4991 χεῖρας.
1160 4920 1270 4975 Καὶ
1306 4923 1338 4974 ό
1368 4923 1550 4988 λόγος
1586 4921 1692 4974 τοῦ
1725 4921 1943 4988 Κυρίου
1988 4922 2099 4990 ηὑ-

526 5010 692 5072 ξανε,
720 5008 814 5059 καὶ
844 5006 1215 5071 ἐπληθύνετο
1238 5006 1270 5056 ό
1309 5004 1547 5072 ἀριθμὸς
1578 5003 1697 5056 τῶν
1722 5004 2002 5073 μαθητῶν
2031 5007 2101 5059 ἐν

534 5087 931 5158 Ἰερουσαλὴμ
959 5086 1221 5156 σφόδρω
1256 5088 1447 5153 πολύς
1476 5104 1539 5140 τε
1564 5087 1746 5154 ὄχλος
1764 5087 1883 5141 τῶν
1899 5089 2101 5156 ἱερέων

526 5172 798 5238 ὑπήκουε
834 5170 907 5238 τῇ
941 5174 1164 5223 πίστει.
1208 5169 1345 5221 Ἀλλ’
1379 5170 1573 5241 ἴδωμεν
1603 5171 1807 5225 ἀνωθεν
1833 5170 1902 5225 τά
1948 5174 2099 5243 εἰρη-

529 5258 684 5327 μένα.
736 5253 1004 5321 Ἀνδρες,
1043 5253 1369 5321 προσέχετε
1401 5254 1656 5321 ἑαυτοῖς.
1715 5256 1856 5325 Ὅρα
1895 5255 1958 5327 δή
2012 5275 2100 5326 μοι

525 5343 615 5393 τὸν
660 5338 999 5409 Γαμαλιήλον
1028 5336 1261 5390 ἐνταῦθα
1292 5337 1407 5400 πῶς
1439 5340 1554 5407 μετ’
1588 5341 1887 5404 ἐπιεικείας
1922 5339 2100 5395 διαλέ-

526 5441 680 5492 γεται
715 5425 808 5475 καὶ
843 5422 1048 5491 βραχέα
1077 5421 1297 5486 διέξεισι
1328 5422 1461 5490 πρὸς
1490 5423 1704 5487 αὐτοὺς,
1736 5425 1830 5477 καὶ
1865 5424 1925 5477 ού
1954 5424 2099 5494 λέγει

526 5508 730 5560 παλαιά
764 5508 1099 5575 διηγήματα,
1158 5504 1333 5556 καίτοι
1363 5521 1425 5572 γε
1472 5505 1629 5576 ἔχων,
1660 5508 1797 5561 ἀλλά
1837 5510 2098 5581 νεώτερα,

525 5590 562 5643 ἃ.
592 5591 824 5658 μάλιστα
868 5589 1005 5661 πρὸς
1041 5588 1221 5639 πίστιν
1253 5581 1391 5656 ἦσαν
1426 5588 1637 5660 ἰσχυρά.
1694 5592 1784 5645 Διὸ
1837 5594 1931 5646 καὶ
1983 5594 2100 5663 μετ’

527 5672 875 5743 ἐπικρύψεως
938 5674 1227 5726 αἰνίττεται
1290 5670 1490 5739 λέγων·
1543 5674 1664 5741 Πρὸ
1718 5676 1828 5744 γὰρ
1879 5679 2102 5730 τούτων

590 5821 619 5851 ⁸
642 5822 874 5883 Θαύματα
904 5824 1047 5888 deest
1069 5823 1118 5872 in
1144 5836 1256 5871 uno.
1325 5821 1353 5862 ι)
1376 5823 1577 5881 Quidum
1600 5837 1710 5872 mss.
1738 5825 1946 5888 ἡμέραις.
1989 5827 2100 5873 Συν-

527 5886 659 5942 ήθεια
688 5887 774 5949 γὰρ
797 5885 1007 5943 τοιαύτη.

1234 222 1292 278 S.
1332 220 1614 279 JOANNIS
1651 218 2130 281 CHRYSOSTOMI
2168 218 2489 279 ARCHIEP.
2528 220 3076 280 CONSTANTINOP.

3685 226 3796 283 ιιι

2213 338 2329 393 τῶν
2380 342 2616 411 ἡμερῶν
2636 360 2652 376 ο
2696 343 2975 414 μονονουχὶ
3003 339 3199 411 δηλῶν,
3227 338 3304 404 ὡς
3340 339 3402 393 οὐ
3431 339 3536 409 πρὸ
3560 342 3798 397 πολλῶν.

2212 421 2275 475 Εἰ
2310 425 2406 493 μὲν
2438 421 2530 478 οὖν
2558 424 2761 489 εὐθέως
2808 422 2979 491 εἶπεν,
3018 424 3220 493 Ἀφετε
3242 421 3369 486 τοὺς
3399 422 3597 494 ἄνδρας
3621 434 3670 487 ε,
3700 428 3803 479 καὶ

2211 508 2372 571 αὐτὸς
2401 508 2576 575 ἔδοξεν
2601 509 2840 573 ὕποπτος
2871 510 2958 574 ἀν,
2994 508 3087 562 καὶ
3133 510 3162 561 ὁ
3196 508 3351 576 λόγος
3393 508 3564 571 οὕτως
3592 510 3693 561 ούκ
3725 506 3800 581 ἦν

2214 590 2460 661 ἰσχυρός’
2519 592 2657 663 μετά
2702 592 2759 646 δὲ
2811 592 2917 644 τῶν
2961 591 3417 663 παραδειγμάτων
3458 590 3558 661 τὴν
3586 592 3801 644 οἰκείαν

2212 673 2363 741 ἰσχὺν
2390 673 2683 744 ἐλάμϐανε.
2723 674 2820 727 Διά
2853 675 3007 728 τοῦτο
3029 674 3151 727 οὐδὲ
3195 673 3313 736 ἐνὸς
3338 673 3631 743 μέμνηται,
3656 675 3801 727 ἀλλὰ

2209 756 2302 807 καὶ
2336 756 2608 829 δευτέρου,
2638 758 2815 812 καίτοι
2834 752 2980 828 εἶχεν
3006 760 3180 811 εἰπεῖν
3204 757 3298 811 καὶ
3326 758 3529 827 τρίτον,
3560 760 3624 810 ἐκ
3647 776 3802 829 περι-

2208 838 2395 903 ουσίας
2444 844 2538 894 καὶ
2587 843 2778 896 ἑαυτὸν
2832 841 3012 905 καλῶς
3063 841 3290 909 λέγοντα
3325 840 3563 903 δεικνὺς,
3602 842 3801 894 κάκεί-

2209 938 2331 986 νους
2356 925 2583 993 ἀπάγων
2629 926 2727 995 τῆς
2768 926 2992 997 φονικῆς
3022 924 3413 995 προαιρέσεως.
3464 924 3803 994 Ἀπόστητε

2210 1005 2328 1059 ἀπὸ
2355 1008 2473 1060 τῶν
2505 1010 2856 1077 ἀνθρώπων.

2281 1088 2515 1163 β’.”ορα,
2532 1092 2649 1154 πῶς
2665 1093 2724 1145 τὸ
2744 1088 2874 1163 ἦθος
2892 1091 3161 1162 ἐπιεικής.
3182 1092 3292 1146 Kal
3310 1090 3433 1146 οὔτε
3465 1094 3672 1165 μακρὸν
3692 1094 3789 1148 τὸν

2208 1173 2383 1241 λόγον,
2436 1176 2570 1229 ἀλλά
2600 1176 2861 1246 σύντομον
2906 1178 3073 1228 ποιεῖ’
3111 1174 3235 1227 οὔτε
3263 1175 3487 1229 ἐκείνων
3530 1177 3667 1246 μετά
3696 1176 3795 1229 θυ-

2211 1256 2314 1328 μοῦ
2346 1258 2636 1329 μέμνηται.
2669 1260 2777 1314 Καὶ
2808 1258 3032 1325 πάντες
3078 1257 3211 1312 ὅσοι
3258 1258 3565 1313 ἐπείθοντο
3603 1256 3789 1323 αὐτῷ,

2208 1339 2781 1410 διεσκορπίσθησαν.
2815 1340 2984 1396 Τοῦτο
3028 1340 3218 1409 λέγων,
3258 1340 3409 1393 οὐδὲν
3443 1343 3521 1404 εἰς
3551 1343 3794 1413 Χριστὸν

2211 1423 2539 1497 βλασφημεῖ,
2566 1427 2681 1480 ἀλλ’
2710 1426 2738 1479 ὃ
2767 1425 3014 1496 βούλεται
3052 1424 3303 1495 μάλιστα,
3331 1424 3604 1495 κατορθοῖ.
3649 1426 3799 1479 Ἐὰν

2208 1503 2266 1580 ᾗ,
2302 1510 2484 1580 φησιν,
2516 1510 2586 1574 ἐξ
2612 1509 2955 1578 ἀνθρώπων,
2985 1509 3487 1576 καταλυθήσεται.
3526 1509 3802 1563 Ἐνταῦθα.

2208 1593 2303 1646 καὶ
2361 1592 2767 1661 συλλογίζεσθαι
2826 1610 2915 1663 μοι
2973 1593 3174 1655 αὐτοὺς
3228 1591 3391 1658 δοκεῖ,
3432 1593 3528 1645 καὶ
3576 1592 3794 1661 λέγειν·

2209 1677 2417 1730 Οὐκοῦν
2468 1679 2592 1730 ἐπεὶ
2646 1678 2706 1731 ού
2752 1676 3041 1747 κατελύθη,
3091 1676 3191 1729 οὐκ
3223 1675 3370 1730 ἔστιν
3424 1675 3795 1747 ἀνθρώπινον.

2208 1761 2433 1831 Μήποτε
2487 1763 2580 1815 καὶ
2628 1761 2896 1832 Θεομάχοι
2948 1759 3232 1830 εὑρεθῆτε.
3285 1760 3455 1814 Τοῦτο
3510 1756 3655 1826 εἷπε,
3717 1761 3802 1830 τῷ

2208 1842 2457 1914 ἀδυνάτῳ
2487 1844 2582 1897 καὶ
2611 1844 2913 1915 ἀσυμφόρῳ
2950 1841 3330 1896 καταστέλλων
3355 1843 3569 1907 αύτούς.
3623 1846 3695 1897 Εἰ
3727 1842 3804 1895 δὲ

2206 1930 2276 1983 ἐκ
2302 1926 2450 1981 Θεοῦ
2483 1926 2671 1991 ἐστιν,
2701 1929 2773 1981 οὐ
2818 1925 3186 1994 δυνήσεσθε.
3235 1926 3351 1979 Οὐκ
3394 1920 3565 1991 εἶπεν,
3603 1925 3730 1979 Ἐὰν

2209 2012 2342 2075 Θεὸς
2389 2011 2418 2062 ὁ
2464 2011 2726 2081 Χριστός·
2770 2010 2831 2062 τὸ
2876 2008 2986 2081 γὰρ
3038 2008 3195 2078 ἐργον
3223 2007 3381 2061 τοῦτο
3419 2008 3643 2079 ἐδήλου-
3681 2008 3799 2061 οὐδ’

2208 2094 2542 2163 ἀπεφήνατο,
2575 2094 2656 2146 ὅτι
2676 2092 2777 2146 οὐκ
2803 2091 3142 2163 ἀνθρώπινόν
3164 2092 3329 2157 ἐστιν,
3356 2090 3475 2143 οὔτε
3506 2092 3586 2145 ὅτι
3624 2091 3797 2155 θεῖον,

2208 2177 2343 2233 ἀλλά
2388 2175 2466 2246 τῷ
2516 2176 2762 2247 μέλλοντι
2830 2174 3010 2245 καιρῷ
3069 2175 3167 2244 τὴν
3223 2174 3407 2227 πίστιν
3467 2175 3795 2244 ἐπέτρεψεν,

2209 2262 2350 2317 ὥστε
2394 2262 2599 2315 πεῖσαι.
2632 2260 2742 2313 Kal
2770 2260 2820 2312 εἰ
2854 2258 3061 2322 ἔπεισε,
3092 2258 3237 2322 τίνος
3265 2257 3449 2311 ἕνεκεν
3504 2258 3554 2323 ἀ,
3601 2262 3798 2329 φησὶν,

2208 2344 2506 2415 ἐμάστιξαν
2529 2360 2543 2408 ;
2563 2344 2642 2413 Τῇ
2670 2344 2767 2413 μὲν
2783 2341 3253 2411 ἀναμφισϐητήτῳ
3278 2340 3609 2412 δικαιολογία
3635 2342 3798 2393 ἀντι-

2209 2429 2404 2498 ϐλέψαι
2441 2428 2542 2481 οὐκ
2586 2422 2732 2497 εἶχον
2751 2444 2763 2456 ·
2795 2426 2945 2496 ὅμως
2969 2426 3027 2479 δὲ
3056 2426 3149 2479 τὸν
3176 2424 3346 2496 θυμὸν
3388 2424 3658 2496 ἐπλήρουν
3692 2425 3799 2478 τὸν

2208 2514 2438 2567 οἰκεῖον⁹
2474 2510 2649 2573 ἄλλως
2680 2509 2739 2563 δέ
2770 2510 2865 2562 κα)⁸
2903 2508 3064 2563 πάλιν
3108 2507 3280 2581 ταύτῃ
3332 2508 3588 2579 φοϐήσειν
3628 2524 3800 2580 προσι

2207 2595 2489 2665 εδόκησαν.
2542 2592 2653 2647 Kal
2681 2591 2761 2662 τῷ
2784 2590 2859 2663 μὴ
2891 2591 3172 2662 παρόντων
3196 2590 3253 2643 δὲ
3284 2590 3460 2644 αὐτῶν
3488 2590 3659 2644 ταῦτα
3700 2590 3771 2643 λέ
3797 2622 3813 2633 -

2208 2695 2345 2748 γειν,
2376 2677 2725 2730 ἐπεσπάσατο
2749 2675 2948 2746 μᾶλλον
2974 2674 3201 2736 αύτούς⁸
3240 2675 3334 2727 καὶ
3368 2677 3401 2744 ή
3430 2673 3706 2742 γλυκύτης
3735 2673 3801 2727 δὲ

2208 2762 2316 2815 τῶν
2348 2760 2542 2829 λόγων,
2592 2759 2687 2814 xal
2737 2759 2800 2812 τὸ
2841 2759 3050 2812 δίκαιον
3090 2757 3201 2810 τῶν
3228 2756 3538 2827 λεγομένων
3576 2756 3794 2811 ἔπειθε.

2206 2845 2384 2900 Μόνον
2415 2844 2521 2916 γὰρ
2554 2843 2675 2913 οὐχὶ
2702 2845 2969 2915 ἐκήρυττε
3000 2843 3094 2896 καὶ
3125 2836 3279 2906 οὗτος
3302 2842 3363 2895 τὸ
3415 2840 3752 2910 Εὐαγγέλιον
3776 2860 3791 2874 -

2211 2928 2411 2999 μᾶλλον
2431 2927 2487 2980 δὲ
2521 2927 2804 2997 μονονουχὶ
2850 2925 3074 2980 τοιαῦτα
3121 2924 3623 2995 δικαιολογούμενος
3651 2925 3799 2993 πρὸς

2208 3012 2405 3073 αὐτοὺς
2456 3009 2830 3063 ἀποτείνεταν
2874 3007 3212 3078 Ἐπείσθητε,
3259 3008 3342 3061 ὅτι
3389 3008 3489 3060 οὐκ
3535 3007 3797 3078 ἰσχύσατε

2208 3094 2525 3149 καταλῦσαι.
2566 3092 2666 3148 Διά
2711 3092 2766 3146 τί
2801 3092 2900 3146 οὐκ
2933 3091 3325 3157 ἐπιστεύσατε;
3363 3090 3519 3145 Οὕτω
3557 3090 3698 3160 μέγα
3727 3090 3797 3144 τὸ

2209 3178 2488 3247 κήρυγμα,
2542 3177 2623 3230 ὅτι
2670 3176 2765 3230 καὶ
2820 3174 2969 3245 παρά
3007 3174 3115 3227 τῶν
3156 3173 3366 3243 ἐχθρῶν
3422 3176 3454 3243 ή
3491 3174 3791 3243 μαρτυρία.

2221 3262 2367 3314 Ἐκεῖ
2402 3261 2740 3332 τετρακόσιοι
2777 3259 3101 3329 ἀνέστησαν,
3134 3259 3227 3311 καὶ
3256 3256 3393 3327 μετά
3420 3257 3577 3309 τοῦτο
3607 3258 3797 3319 ἱκανὸς

2207 3344 2391 3414 δχλος·
2424 3338 2525 3398 ὧδε
2567 3342 2774 3397 δώδεκα
2810 3337 2953 3413 ἦσαν
2986 3343 3036 3394 οἰ
3090 3340 3317 3411 πρῶτοι.
3376 3339 3467 3410 Μὴ
3504 3336 3597 3392 οὖν
3643 3342 3793 3409 ὑμᾶς

2208 3428 2437 3481 πτοείτω
2461 3428 2521 3480 τὸ
2579 3425 2781 3495 πλῆθος
2834 3426 2895 3478 τὸ
2924 3424 3374 3495 προσγενόμενον.
3426 3422 3568 3477 Ἐὰν
3608 3424 3719 3493 γὰρ

2207 3511 2276 3575 ἐξ
2318 3510 2641 3579 ἀνθρώπων
2678 3509 2742 3563 τὸ
2787 3511 2965 3579 ἔργον
3004 3508 3181 3562 τοῦτο
3204 3548 3219 3570 ,
3285 3508 3790 3572 καταλυθήσεται.

2209 3591 2335 3664 Εἶχε
2381 3594 2476 3647 καὶ
2520 3593 2814 3660 Αἰγύπτιον
2851 3592 3026 3644 εἰπεῖν
3074 3590 3291 3661 ἕτερον,
3341 3590 3477 3643 ἀλλά
3538 3590 3794 3660 περιττὸς

2208 3678 2392 3732 λοιπὸν
2411 3673 2478 3748 ἦν
2516 3679 2543 3729 ὁ
2572 3677 2727 3744 λόγος
2756 3674 2941 3730 αὐτοῦ.
2979 3669 3154 3739 Εἶδες,
3202 3675 3319 3738 πῶς
3350 3674 3428 3744 τῷ
3456 3675 3668 3745 φοϐερῷ
3695 3676 3795 3729 τὸν

2207 3760 2362 3829 λόγον
2388 3757 2534 3831 [HS]
2560 3758 2908 3823 κατέκλεισε;
2940 3757 3031 3810 Διὸ
3049 3755 3143 3809 καὶ
3175 3758 3273 3811 ούκ
3301 3758 3657 3823 ἀποφαίνεται
3687 3758 3796 3810 ἀπ-

2208 3843 2337 3909 λῶς,
2359 3844 2445 3895 ἵνα
2474 3842 2549 3914 μὴ
2565 3842 2691 3914 δόξῃ
2713 3842 2854 3911 ὑπὲρ
2867 3839 3047 3894 αὐτῶν
3074 3839 3254 3908 λέγειν
3270 3839 3416 3892 ’ἀλλ’
3441 3839 3549 3892 ἀπὸ
3576 3842 3672 3909 τῆς
3693 3838 3793 3892 τοῦ

2209 3928 2533 3997 πράγματος
2564 3925 2839 3987 ἐκϐάσεως
2863 3922 3250 3991 συλλογίζεται.
3283 3922 3395 3974 Οὐκ
3434 3922 3700 3992 ἐτόλμησε
3730 3923 3795 3976 δὲ

2208 3998 2610 4080 ἀποφήνασθαι,
2645 4009 2726 4062 ὅτι
2770 4008 2870 4060 οὑκ
2898 4004 3234 4078 ἀνθρώπινόν
3260 4006 3427 4069 ἐστιν,
3472 4006 3592 4059 οὐδὲ
3612 4008 3694 4059 ὅτι
3724 4007 3795 4060 ἐκ

2208 4093 2374 4146 Θεοῦ⁶
2431 4090 2617 4162 ἐπειδὴ
2670 4092 2717 4143 εἰ
2757 4086 2929 4156 εἶπεν,
2973 4090 3054 4143 δτι
3086 4091 3148 4143 ἐκ
3182 4088 3339 4153 Θεοῦ,
3378 4089 3662 4157 ἀντέλεγον
3690 4089 3792 4143 ἀν·

2208 4176 2258 4228 εἰ
2307 4175 2364 4229 δέ
2412 4175 2468 4241 ἐξ
2528 4172 2850 4244 ἀνθρώπων,
2888 4172 3168 4243 πρόχειροι
3197 4172 3358 4225 πάλιν
3388 4174 3469 4235 εἰς
3499 4172 3559 4224 τὸ
3587 4174 3799 4224 ἐπανα-

2210 4259 2400 4329 στῆναι
2458 4258 2713 4325 ἐγίνοντο,
2774 4255 2873 4309 Διά
2929 4255 3089 4309 τοῦτο
3146 4256 3343 4319 αὐτοὺς
3392 4257 3701 4326 περιμεῖναι
3726 4254 3793 4306 τὸ

2207 4342 2359 4404 τέλος
2389 4340 2618 4401 κελεύει,
2649 4338 2852 4392 εἰπών·
2898 4339 3247 4406 Ἀπόστητε.
3284 4340 3346 4392 Οἱ
3391 4338 3445 4390 δὲ
3505 4336 3791 4391 ἀπειλοῦσι

2209 4424 2392 4487 πάλιν,
2427 4423 2628 4487 εἰδότες
2657 4422 2775 4489 μὲν,
2809 4422 2890 4475 ὅτι
2919 4420 3069 4474 οὐδὲν
3096 4420 3337 4485 ἀνύουσι,
3392 4420 3671 4482 ποιοῦντες
3729 4419 3791 4471 δέ

2207 4508 2268 4563 τδ
2295 4508 2497 4563 αὐτῶν.
2530 4505 2782 4560 Τοιοῦτον
2815 4504 2923 4575 γὰρ
2965 4507 2998 4575 ή
3051 4504 3240 4567 κακία,
3266 4503 3545 4566 ἀδυνάτοις
3592 4502 3795 4555 πολλά-

2209 4610 2298 4656 κις
2330 4592 2616 4662 ἐπιχειρεῖ.
2671 4592 2831 4644 Μετὰ
2883 4587 2952 4641 δὲ
2994 4588 3208 4641 τοῦτον
3260 4587 3486 4654 ἀνέστη
3544 4585 3789 4651 Ἰούδας.

2208 4675 2392 4729 Ταῦτα
2422 4676 2534 4737 τοῖς
2568 4671 2660 4727 τοῦ
2695 4672 2957 4743 Ἰωσήπου
2989 4670 3209 4741 βιϐλίοις
3241 4669 3577 4739 ἐγκύψαντες
3612 4667 3794 4738 μαθή-

2211 4758 2369 4813 σεσθε
2402 4756 2823 4829 ἀκριϐέστερονο
2879 4757 3083 4819 ἐκεῖνος
3136 4754 3244 4825 γὰρ
3281 4755 3379 4825 τὴν
3411 4754 3612 4806 τούτων
3646 4752 3793 4803 ἰστο-

2210 4842 2332 4914 ρίαν
2366 4840 2668 4895 συντάττων
2700 4836 2942 4908 ἀκριϐῶς
2974 4838 3193 4908 ἱστορεῖ.
3226 4831 3397 4899 Εἶδες,
3430 4835 3614 4905 ἡλίκον
3642 4833 3792 4885 ἐτόλ-

2212 4941 2385 4998 μησεν
2441 4925 2636 4987 εἰπεῖν,
2694 4921 2775 4974 ὅτι
2821 4921 2922 4974 Ἐκ
2977 4920 3145 4988 Θεοῦ,
3195 4922 3283 4974 ὅτε
3322 4919 3504 4972 λοιπὸν
3546 4915 3653 4970 ἀπὸ
3679 4916 3793 4969 τῶν

2208 5006 2548 5079 πραγμάτων
2578 5004 2677 5076 τὴν
2700 5003 2881 5056 πίστιν
2904 5001 3114 5056 ἐλαϐεν.
3150 5003 3357 5065 Ὄντως
3390 4999 3557 5069 πολλὴ
3584 5001 3619 5070 ή
3643 5001 3793 5070 παῤ-

2213 5092 2397 5165 ρησία,
2471 5089 2607 5143 πολὺ
2651 5087 2711 5140 τὸ
2762 5099 2786 5125 ο
2820 5085 3343 5158 ἀπροσωπόληπτον.
3387 5084 3795 5150 Ἐπείσθησαν

2208 5176 2276 5229 δέ
2307 5172 2488 5241 αὐτῷ,
2529 5170 2681 5242 φησί.
2733 5170 2843 5225 Καὶ
2880 5168 3436 5237 προσκαλεσάμενοι
3469 5166 3609 5230 τοὺς
3638 5166 3791 5219 ἀπο-

2208 5261 2496 5324 στόλους,
2544 5255 2847 5323 δείραντες
2893 5251 3211 5307 ἀπέλυσαν
3248 5251 3487 5316 αὐτούς.
3527 5247 3791 5319 ᾘδέσθη-

2211 5363 2309 5398 σαν
2336 5343 2435 5413 τὴν
2487 5338 2642 5403 δόξαν
2674 5336 2769 5390 τοῦ
2808 5336 3029 5407 ἀνδρόςο
3087 5334 3167 5388 διὸ
3192 5336 3288 5388 καὶ
3318 5332 3413 5385 τοῦ
3443 5330 3651 5386 ἀνελεῖν
3688 5330 3791 5399 μὲν

2207 5429 2333 5491 τοὺς
2367 5424 2695 5484 ἀποστόλους
2727 5421 3050 5490 ἀφίστανται
3071 5436 3085 5450 ο
3140 5417 3495 5489 μαστίξαντες
3523 5415 3581 5468 δὲ
3631 5415 3793 5484 μόνον

2208 5512 2403 5574 αὐτοὺς
2433 5507 2777 5564 ἀπολύουσιν.
2818 5508 2881 5557 Οἱ
2937 5503 3052 5573 μὲν
3103 5497 3217 5557 οὖν
3272 5501 3626 5569 ἐπορεύοντο
3661 5499 3794 5567 χαί-

2203 5612 2415 5667 ροντες
2458 5592 2577 5648 ἀπὸ
2622 5587 2946 5659 προσώπου
2990 5586 3097 5641 τοῦ
3128 5584 3468 5653 συνεδρίου,
3522 5582 3610 5636 ὅτι
3640 5583 3792 5651 ὑπὲρ

2276 5705 2297 5730 ⁸⁵
2326 5701 2439 5749 Post
2460 5699 2581 5755 hac,
2608 5696 2748 5757 ἄφετε
2768 5694 2878 5748 τοὺς
2897 5693 3081 5753 ἄνδρας,
3108 5693 3158 5739 in
3181 5703 3279 5757 unp
3300 5692 3606 5757 nmlta_sqpl
3626 5687 3791 5757 varje-

2208 5748 2364 5820 tateé;
2385 5762 2473 5810 sed
2501 5748 2611 5821 quia
2646 5748 2765 5806 hihi]
2792 5748 3096 5821 ad_sen'sym_‘
3134 5751 3409 5821 perungui.-
3471 5749 3496 5787 d
3533 5750 3665 5821 L_’_nus
3696 5748 3784 5793 ἐπ-

2209 5812 2451 5888 έστρεφεν.
2470 5812 2804 5888 Ἐπείσθησαν·
2826 5817 2949 5871 τίνος
2973 5816 3054 5863 οὖν
3077 5812 3257 5888 ἕνεκεν..
3318 5815 3335 5835 ⁸
3353 5814 3443 5864 Hic
3464 5812 3669 5861 mullum
3695 5821 3781 5859 va-

2211 5877 2339 5940 τίεὑι
2360 5877 2496 5945 inss.,
2520 5885 2607 5934 sed
2624 5882 2799 5932 eodem
2819 5892 2969 5928 sensu
2992 5877 3283 5939 procudunt.
