3978 6496
205 424 299 481 H5

201 548 273 596 Ac
314 537 359 592 si
386 535 624 589 diceret:
652 532 991 602 Exspectate,
1026 539 1080 586 et
1108 530 1151 583 si
1182 544 1247 583 ex
1278 526 1468 596 scipsis
1497 526 1568 580 illi
1601 527 1768 579 coacti

199 639 332 690 sunt.
364 625 491 680 nihil
521 624 780 695 impediet
804 621 1085 691 quominus
1125 618 1505 673 dissolvantur.
1542 613 1625 669 Ne
1646 618 1775 687 forte

197 730 241 772 et
265 718 368 771 Deo
392 732 677 785 repugnare
703 712 1045 768 iiweniamini.
1072 709 1139 765 Et
1159 725 1222 764 ex
1260 707 1599 777 impossibili,
1628 716 1679 761 et
1708 722 1770 761 ex

198 809 357 863 inutili
383 807 578 862 avertit
604 821 720 860 eos.
749 805 859 859 Nec
887 803 1036 866 dicit,
1086 818 1118 857 a
1161 816 1266 871 quo
1294 801 1593 870 interempti
1636 799 1771 863 sint;

195 900 281 954 sed
310 898 649 966 simpliciter,
680 895 821 966 quod
843 895 950 950 sint
978 894 1241 963 dissipati,
1269 892 1406 947 forte
1437 892 1762 960 superﬂuum

195 993 387 1045 ducens
408 990 560 1059 plura
581 988 804 1043 addere.
835 987 913 1042 Ex
944 987 1009 1041 iis
1030 1001 1178 1051 vero,
1205 1000 1324 1055 quze
1362 985 1648 1055 subjungit,
1678 983 1773 1037 do-

193 1091 268 1136 cct
295 1099 309 1135 :
339 1082 397 1136 Si
422 1081 715 1135 humanum
742 1080 812 1134 sit
858 1094 1008 1149 opus,
1046 1094 1151 1133 non
1178 1086 1261 1131 est
1312 1077 1454 1146 quod
1482 1078 1559 1130 rei
1589 1091 1767 1130 curam

192 1177 379 1241 agatis;
418 1175 502 1227 sin
529 1173 793 1233 divinum.
819 1169 1071 1241 quidquid
1101 1168 1353 1234 feceritis,
1386 1184 1491 1223 non
1533 1168 1773 1237 poteritis

191 1280 457 1333 superare.
486 1264 573 1320 Sic
599 1278 779 1319 sermo
801 1262 1011 1331 sapiens
1052 1261 1200 1316 visus
1242 1269 1326 1316 est
1355 1275 1509 1314 :nam
1534 1260 1770 1330 persuasi

190 1365 303 1409 sunt
329 1364 515 1410 utnon
547 1354 855 1409 occiderent
882 1354 1022 1416 illos,
1056 1352 1149 1408 sed
1180 1351 1512 1423 flagellarent
1542 1361 1767 1406 tantum.

188 1446 558 1501 Consenserunt
606 1456 779 1498 autent
826 1443 939 1510 illi,
991 1444 1189 1512 inquit;
1240 1444 1331 1497 40.
1374 1453 1420 1497 et
1447 1453 1772 1498 conrocantes

187 1539 460 1608 Jpostolos,
484 1539 628 1593 etesia
653 1538 1093 1602 denuntiaverunt,
1130 1552 1192 1589 ne
1227 1536 1545 1606 loquerentur
1586 1536 1637 1588 in
1676 1553 1770 1589 no-

186 1633 311 1685 mine
342 1630 379 1683 J
386 1648 476 1685 esu
497 1647 516 1695 ;
537 1640 582 1684 et
599 1632 894 1684 dimiserunt
922 1646 1027 1683 eos.
1049 1628 1204 1693 Vide,
1232 1639 1353 1699 post
1376 1635 1505 1698 quot
1520 1628 1768 1682 miracula

185 1725 551 1796 ﬂagellantur!
578 1724 647 1777 Et
668 1733 842 1777 tamen
868 1723 1058 1777 iterum
1082 1720 1323 1776 doctrina
1346 1720 1765 1776 extendebatur:

184 1832 295 1870 nam
326 1826 389 1871 et
417 1817 471 1869 in
501 1814 662 1869 domo
688 1822 743 1869 et
775 1815 824 1868 in
853 1813 1053 1882 templo
1096 1812 1382 1867 docebant.
1417 1813 1508 1866 41.
1544 1831 1561 1864 ι
1600 1810 1667 1864 Ει
1694 1811 1769 1866 illi

180 1906 395 1978 quidem
439 1905 590 1960 ibant
630 1906 927 1976 gaudentes
968 1920 997 1959 a
1044 1914 1330 1973 conspectu
1359 1904 1588 1969 concilii,
1638 1920 1770 1974 quo-

180 2000 313 2052 niam
355 1997 510 2067 digni
536 1996 699 2051 habiti
731 2005 857 2052 sunt
892 2011 988 2067 pro
1012 1998 1227 2051 nomine
1254 1996 1451 2051 Christi
1483 2008 1765 2051 contume-

180 2089 294 2142 liam
348 2090 464 2158 pati
496 2106 509 2141 :
540 2087 630 2143 l2.
679 2088 825 2142 omni
871 2097 1047 2143 autem
1100 2088 1187 2143 die
1238 2104 1343 2142 non
1390 2089 1670 2144 cessabant
1714 2089 1765 2142 in

180 2180 375 2249 templo
428 2190 486 2234 et
534 2181 673 2234 circa
720 2178 908 2234 domos
939 2178 1199 2234 docentes
1241 2189 1294 2233 et
1346 2181 1767 2251 evangelizantes

176 2268 353 2324 Jesum
413 2270 685 2325 Christum
709 2313 720 2325 .
752 2268 912 2342 (Cap.
940 2266 1019 2334 6.)
1049 2270 1102 2325 1.
1131 2269 1190 2325 1η
1214 2270 1399 2326 diebus
1421 2282 1598 2327 autem
1628 2273 1763 2339 illis,

176 2373 460 2418 crescente
506 2379 730 2418 numero
763 2362 1166 2434 discipulorum,
1199 2364 1391 2419 factum
1425 2376 1507 2420 est
1527 2382 1766 2420 murmur

175 2454 491 2511 Grecorum
523 2455 781 2510 adversus
812 2455 1085 2519 Hebraeos,
1115 2471 1180 2510 eo
1203 2456 1342 2526 quod
1368 2457 1767 2528 deSpicereutur

176 2549 221 2600 in
250 2546 563 2602 ministerio
594 2547 904 2617 quotidiano
935 2548 1105 2602 viduse
1136 2563 1342 2602 eorum.
1383 2568 1402 2600 ι
1438 2549 1549 2602 Non
1578 2550 1631 2603 in
1660 2551 1764 2605 illis

171 2640 397 2693 omnino
451 2639 583 2694 dicit
624 2638 847 2702 diebus;
876 2638 970 2693 sed
997 2640 1118 2708 quia
1172 2638 1286 2694 haec
1316 2649 1397 2693 est
1426 2642 1764 2695 consuetudo

170 2732 488 2801 Scripturte,
535 2741 592 2787 ut
641 2746 761 2802 quae
800 2731 975 2786 futura
1014 2741 1185 2797 erant,
1235 2732 1385 2802 quasi
1421 2733 1598 2787 statim
1625 2732 1761 2789 facta

166 2825 304 2879 dicat
335 2843 352 2880 :
399 2826 523 2879 ideo
547 2825 626 2879 sic
668 2826 921 2895 loquitur.
966 2824 1289 2879 Hellenistas
1316 2833 1443 2895 puto
1475 2825 1562 2879 hic
1584 2829 1760 2881 vocari

166 2935 278 2984 eos,
308 2919 409 2988 qui
437 2918 627 2973 Grazce
666 2918 1053 2987 loquebantur;
1088 2918 1141 2971 hi
1190 2918 1330 2973 enim
1362 2917 1545 2973 Grmca
1585 2918 1759 2988 lingua

166 3013 478 3078 utebantur,
521 3011 649 3066 licet
696 3011 908 3065 Hebrmi
940 3020 1142 3065 essent.
1179 3010 1316 3065 Ecce
1353 3011 1458 3064 alia
1511 3013 1756 3078 tentatio;

167 3106 276 3159 imo
302 3117 356 3161 et
386 3115 467 3172 tu,
494 3107 539 3160 si
562 3106 849 3161 observare
870 3106 1018 3169 velis,
1055 3105 1344 3174 perspicies
1365 3106 1432 3158 ab
1454 3104 1601 3158 initio
1621 3104 1759 3158 bella

165 3206 221 3251 et
248 3196 402 3251 intus
423 3206 474 3251 et
497 3197 629 3252 foris
657 3196 841 3251 fuisse.
873 3197 927 3249 2.
961 3195 1320 3256 Convocantes,
1351 3195 1542 3265 inquit,
1567 3195 1759 3249 duode-

162 3290 261 3341 cim
298 3288 682 3343 multitudinem
732 3288 1110 3357 discipulorum,
1167 3289 1401 3341 dixerunt
1458 3302 1476 3340 :
1527 3285 1645 3341 Non
1686 3296 1760 3339 est

156 3395 356 3448 (equum
397 3396 489 3433 nos
519 3380 861 3448 derelinquere
883 3380 1081 3433 verbum
1108 3377 1226 3443 Dei,
1249 3389 1292 3431 et
1311 3378 1595 3431 ministrare
1619 3394 1759 3430 men-

155 3477 240 3527 sis.
301 3474 453 3528 Bene
499 3492 516 3527 :
558 3472 881 3526 necessariis
921 3471 1061 3525 enim
1112 3472 1277 3540 magis
1308 3470 1606 3524 necessaria
1634 3477 1759 3522 sunt

154 3565 522 3635 pra-ferenda.
553 3564 682 3619 Vide
707 3576 908 3628 autem,
948 3562 1216 3633 quomodo
1258 3562 1434 3616 statim
1477 3572 1531 3616 ct
1565 3561 1752 3615 hormn

151 3676 336 3711 curant
355 3658 622 3720 habeant,
651 3667 703 3711 et
725 3656 1153 3725 praedicationem
1172 3670 1276 3707 non
1293 3654 1578 3724 negligant.
1597 3653 1753 3719 Quasi

150 3763 329 3805 autem
375 3748 808 3803 venerabiliores
860 3747 931 3801 illi
983 3754 1183 3809 essent,
1226 3746 1346 3798 ideo
1384 3744 1751 3813 pra-feruntur.

149 3844 197 3896 5.
254 3861 273 3893 ι
312 3840 678 3897 Considerate
716 3854 864 3908 ergo,
907 3838 1119 3902 fratres,
1160 3835 1302 3889 viros
1336 3850 1401 3889 ex
1445 3835 1593 3887 vobis
1631 3833 1753 3887 boni

149 3936 456 3989 testimonii
493 3943 724 4003 septem,
757 3932 942 4000 plenos
981 3929 1182 4000 Spiritu
1224 3939 1274 3981 et
1300 3928 1579 3997 sapientia,
1621 3941 1754 3996 quos

145 4028 559 4082 constituemus
590 4040 751 4093 super
782 4022 883 4075 hoc
903 4036 1055 4090 opus.
1080 4026 1131 4075 4.
1165 4019 1272 4074 Nos
1293 4035 1419 4073 vero
1448 4019 1669 4072 oratmni
1700 4027 1755 4073 et

146 4118 463 4173 ministerio
481 4116 629 4171 verbi
658 4117 915 4169 instantes
941 4114 1157 4168 erimus.
1185 4114 1237 4168 5.
1268 4113 1332 4166 Et
1357 4112 1550 4181 placuit
1579 4126 1754 4165 sermo

144 4226 331 4263 Coram
356 4209 517 4263 omni
558 4205 917 4261 multitudine.
950 4203 1018 4257 Et
1055 4204 1331 4272 elegerunt
1382 4201 1713 4269 Stephanum
1736 4241 1749 4266 ,

144 4307 325 4356 virum
361 4303 588 4370 plenum
629 4298 731 4352 lidc
754 4308 807 4351 et
832 4297 1030 4365 Spiritu
1071 4307 1276 4349 sancto.
1318 4314 1336 4347 ι
1375 4294 1570 4364 Utique
1592 4306 1643 4348 et
1677 4294 1751 4347 illi

142 4396 286 4462 pleni
320 4394 437 4446 [ide
458 4401 635 4453 crant,
661 4405 797 4459 qttos
828 4399 882 4442 et
906 4389 1209 4458 elegerunt;
1242 4396 1380 4440 utne
1409 4387 1592 4441 eadem
1620 4399 1752 4439 conv

142 4488 449 4554 tingcrcnt,
483 4500 607 4553 qum
637 4484 688 4536 in
716 4472 873 4547 Juda,
892 4483 1012 4536 etin
1038 4482 1237 4534 Anania
1259 4488 1312 4534 ct
1337 4479 1616 4549 Sapphira.
1647 4497 1665 4529 ι
1687 4478 1754 4533 Et

138 4580 490 4647 Philippum,
527 4586 583 4630 et
610 4576 962 4638 Prochorum,
1003 4584 1056 4629 et
1101 4573 1436 4637 Nicanorem,
1478 4582 1531 4627 et
1568 4572 1751 4625 Timo-

139 4687 287 4733 ueni,
321 4680 383 4723 et
418 4669 764 4729 Parmenam,
797 4678 849 4721 et
892 4667 1166 4720 Nicolaum
1199 4667 1522 4737 proselytum
1562 4667 1751 4719 Antio-

136 4764 386 4817 chenum
426 4778 440 4813 :
475 4761 531 4814 6.
561 4776 697 4829 quos
723 4767 1021 4813 statuerunt
1045 4773 1221 4811 coram
1246 4758 1518 4825 apostolis,
1550 4768 1601 4811 et
1631 4772 1750 4811 cum

134 4862 402 4908 omssent
424 4894 443 4919 ,
478 4853 850 4921 imposuerunt
877 4851 954 4905 eis
981 4864 1186 4905 manus.
1215 4849 1267 4904 7.
1312 4851 1374 4904 Et
1407 4849 1623 4904 verbum
1652 4849 1753 4904 Do-

135 4950 269 5002 mini
298 4950 638 5008 crescebat,
667 4954 721 4999 et
751 4944 1204 5013 multiplicahatur
1238 4958 1490 4997 numerus
1516 4942 1751 5012 discipu-

137 5041 317 5093 lorum
351 5041 413 5092 in
468 5037 773 5092 Jerusalem
808 5054 819 5088 :
851 5035 1013 5089 multa
1045 5035 1203 5089 etiam
1239 5036 1389 5089 turba
1417 5035 1750 5089 sacerdotum

132 5130 447 5183 nlicdiebat
467 5126 611 5181 ﬁdei.
641 5146 658 5179 ι
684 5125 789 5181 Sed
817 5127 956 5180 dicta
976 5126 1165 5180 iterum
1188 5134 1514 5195 repetamus.
1533 5124 1654 5188 Viri,
1675 5135 1754 5178 nt-

132 5221 327 5272 tmdite
358 5218 531 5271 vobis.
563 5216 695 5271 Vide
715 5217 842 5269 mihi
863 5216 1608 5284 hicGamalielem,quomodo
1631 5233 1751 5271 cum

136 5308 577 5363 inatisuetudine
609 5317 661 5361 et
702 5307 883 5376 paucis
912 5307 1175 5376 loquatur,
1208 5322 1306 5360 nrc
1337 5317 1542 5362 veteres
1572 5319 1752 5361 narret

137 5403 436 5464 historias,
476 5405 576 5454 etsi
611 5410 809 5469 posset,
850 5402 940 5453 sed
983 5416 1167 5464 novas,
1196 5416 1312 5467 qua:
1341 5401 1571 5452 maxime
1593 5400 1657 5453 ad
1692 5399 1754 5452 li-

138 5496 256 5550 dvm
302 5494 648 5550 ﬁnnandam
688 5494 947 5547 Valeran
980 5493 1104 5546 Ideo
1139 5493 1347 5546 occulte
1388 5492 1637 5554 insinuat,
1669 5491 1751 5545 di-

140 5602 269 5640 cens
303 5604 317 5639 :
361 5584 518 5638 Nam
558 5595 673 5637 ante
703 5583 792 5636 ltos
830 5584 956 5645 dies,
981 5583 1129 5650 quasi
1159 5582 1458 5648 declarans,
1491 5598 1596 5636 non
1629 5592 1752 5635 ante

146 5682 347 5734 multos
368 5679 522 5731 dies.
546 5676 604 5731 Si
634 5679 810 5730 statim
834 5676 1075 5741 dixisset,
1112 5676 1368 5732 Dimittite
1407 5678 1572 5741 viros,
1595 5676 1648 5731 in
1674 5692 1753 5730 su-

147 5773 467 5835 Spicioncm
495 5770 748 5833 venisset,
781 5778 835 5822 et
864 5784 1042 5823 sermo
1073 5787 1175 5822 non
1209 5771 1277 5823 ita
1304 5771 1510 5824 validus
1533 5770 1750 5833 fuisset;

151 5874 264 5915 cum
295 5860 583 5929 exemplis
602 5871 777 5915 autem
804 5862 904 5915 vim
937 5865 1156 5933 accepit.
1188 5862 1307 5918 ideo
1332 5880 1431 5917 non
1452 5880 1611 5918 unum
1638 5878 1750 5918 me-

1147 412 1214 468 lN
1250 412 1427 469 ACTA
1470 407 1995 467 APL‘S'l'Ol.(‘RUM.
2040 408 2268 464 IIOMIL.
2307 409 2444 465 XIV.

3361 419 3457 476 ιη

1880 532 2075 590 morat,
2109 526 2202 579 sed
2234 534 2287 579 et
2329 526 2574 580 altermn.
2625 527 2781 597 Atqui
2808 536 3019 598 poterat
3045 538 3099 585 et
3125 530 3335 584 tertium
3359 534 3457 585 atl-

1879 615 2010 670 dere
2037 631 2102 671 ex
2130 617 2442 683 abundanti,
2475 628 2528 673 et
2568 633 2718 672 suum
2762 621 3080 674 conﬁrmare
3130 636 3457 690 sermonem,

1879 707 2104 777 illosque
2129 724 2157 760 a
2188 710 2529 780 sanguinario
2575 714 2849 783 pr0posito
2889 713 3175 770 abducere.
3206 713 3462 771 Discedite

1879 798 1940 851 ab
1963 798 2266 853 hominibus.

1948 890 2003 943 2.
2038 890 2189 950 Vide.
2218 906 2377 961 quam
2407 892 2477 946 sit
2496 895 2730 950 moribus
2756 907 3081 952 mansuetus.
3116 896 3297 968 Neque
3333 898 3455 952 lon-

1878 997 2025 1050 gum,
2058 982 2150 1035 sed
2174 982 2388 1037 brevem
2421 985 2558 1039 texit
2578 1000 2883 1043 sermonem
2916 1006 2929 1052 ;
2982 1006 3151 1059 neque
3182 992 3300 1044 illos
3323 1007 3444 1045 cum

1880 1073 2059 1128 furore
2086 1086 2368 1130 memorat.
2426 1076 2492 1130 Et
2518 1093 2688 1132 omnes
2715 1091 2953 1151 quotquot
2981 1096 3337 1138 consenserunt
3367 1086 3411 1137 ei
3430 1126 3448 1150 ,

1876 1165 2090 1237 dispersi
2113 1178 2248 1221 sunt.
2284 1168 2392 1223 Hoc
2413 1168 2618 1234 dicens,
2655 1187 2760 1225 non
2794 1174 2842 1225 in
2885 1173 3152 1229 Christum
3204 1174 3448 1246 hlastthe-

1875 1266 2027 1323 mat;
2084 1258 2177 1313 sed
2228 1259 2322 1324 id,
2371 1261 2511 1329 quod
2544 1264 2772 1316 maxime
2816 1264 3061 1330 volebat,
3117 1267 3340 1334 perlicit.
3387 1269 3449 1324 Si

1872 1349 1956 1410 sit,
1998 1350 2185 1418 inquit,
2219 1367 2282 1405 ex
2337 1353 2617 1407 hominibus
2646 1396 2661 1420 ,
2720 1355 3037 1413 dissolvetur.
3093 1359 3189 1413 Hic
3240 1362 3449 1415 videtur

1873 1438 1991 1493 illos
2013 1440 2320 1511 syllogismo
2352 1444 2627 1511 impetere,
2656 1460 2719 1499 ac
2740 1445 2918 1500 dicere
2948 1467 2960 1501 :
2999 1448 3137 1519 Ergo
3164 1452 3285 1519 quia
3347 1452 3448 1507 hoc

1874 1532 2188 1588 dissolutum
2219 1551 2322 1589 non
2372 1536 2487 1601 luit,
2542 1554 2647 1592 non
2675 1549 2756 1593 est
2784 1539 3094 1595 humanum.
3145 1542 3226 1595 .Ve
3250 1548 3378 1615 {ante
3408 1554 3453 1597 et

1872 1621 1981 1678 Deo
2008 1642 2290 1697 repugnare
2315 1629 2659 1683 inveniamini.
2696 1630 2807 1685 Hoc
2837 1630 3069 1697 dicebat,
3100 1648 3165 1687 ex
3192 1634 3441 1704 impossi—

1871 1716 1962 1771 bili
1994 1727 2047 1773 et
2078 1720 2252 1773 inutili
2284 1721 2405 1774 illos
2428 1722 2746 1793 reprimens.
2776 1722 2836 1778 Si
2858 1740 2972 1777 vero
2999 1740 3061 1779 ea:
3088 1724 3197 1779 Deo
3219 1736 3310 1793 est,
3340 1743 3441 1780 non

1870 1809 2115 1877 poteritis.
2166 1810 2280 1865 Non
2331 1811 2501 1877 dixit,
2549 1814 2604 1868 Si
2652 1814 2897 1869 Christus
2951 1816 3023 1871 sit
3079 1816 3255 1882 Deus;
3313 1834 3447 1886 opus

1870 1900 2011 1954 enim
2068 1901 2131 1954 iis
2185 1901 2529 1957 declarabat:
2585 1921 2757 1975 neque
2816 1906 3100 1971 affirmavit
3130 1907 3213 1962 vel
3264 1908 3452 1962 huma-

1868 2004 2028 2055 num,
2074 1990 2155 2046 vel
2199 1992 2434 2047 divinum
2481 2010 2640 2060 esse;
2687 1997 2779 2050 sed
2805 1996 2982 2051 futuro
3030 2000 3255 2067 tempori
3287 1999 3446 2054 fidem

1870 2082 2149 2150 permisit,
2183 2093 2241 2138 ut
2286 2086 2555 2142 suaderet.
2615 2088 2682 2142 Et
2723 2089 2767 2143 si
2812 2091 3015 2155 suasit,
3065 2091 3312 2161 inquies,
3353 2108 3450 2145 cur

1869 2172 2254 2244 ﬂagellarunt?
2289 2178 2603 2234 lndubitatae
2653 2180 2871 2251 quidem
2922 2182 3184 2237 dictorum
3230 2184 3449 2252 iustitia;

1869 2267 2135 2323 obsistere
2164 2286 2268 2323 non
2315 2279 2624 2341 potuerunt,
2666 2273 2761 2327 sed
2800 2282 2981 2328 tamen
3033 2274 3263 2329 furorem
3292 2289 3447 2329 suum

1873 2361 2229 2430 impleverunt
2292 2381 2305 2417 :
2362 2364 2593 2433 alioquin
2648 2380 2778 2420 vero
2827 2366 2905 2420 sic
2950 2382 3008 2420 se
3063 2366 3183 2421 illos
3244 2376 3449 2435 perter-

1867 2452 2067 2505 rituros
2098 2453 2405 2522 sperabant.
2436 2455 2586 2522 Quod
2618 2466 2792 2511 autem
2823 2456 2935 2510 hare
2963 2457 3066 2510 illis
3088 2472 3192 2511 non
3214 2473 3449 2527 praesen-

1869 2544 2009 2599 tibus
2036 2545 2258 2613 diceret,
2285 2547 2385 2602 hoc
2418 2548 2535 2603 illos
2562 2550 2730 2618 magis
2754 2550 2975 2603 attraxit
3004 2568 3016 2603 :
3057 2565 3119 2604 ac
3173 2550 3440 2604 sermonis

1865 2636 2134 2703 suavitas,
2185 2638 2558 2709 dictorumque
2608 2641 2810 2710 justitia
2839 2641 2888 2695 id
2918 2641 3024 2695 illis
3064 2641 3252 2695 suasit.
3308 2640 3445 2696 Fere

1865 2743 2093 2798 namque
2124 2739 2176 2782 et
2200 2730 2283 2783 hic
2314 2731 2651 2799 evangelium
2675 2732 3033 2801 praedicabat;
3070 2734 3176 2788 imo
3195 2734 3307 2787 haec
3332 2735 3444 2791 lete

1863 2818 2093 2883 dicebat,
2123 2836 2242 2875 cum
2266 2822 2468 2890 justitia
2498 2824 2641 2892 ipsos
2660 2824 2971 2894 alloquens:
3003 2825 3319 2881 Persuasum
3350 2830 3444 2882 ha-

1865 2912 2003 2968 betis
2023 2930 2122 2970 vos
2144 2929 2248 2968 non
2308 2930 2466 2985 posse
2516 2916 2825 2972 dissolvere.
2874 2918 2981 2972 Cur
3020 2935 3127 2973 non
3184 2921 3444 2975 credidis-

1866 3004 1968 3058 tis?
1992 3004 2122 3058 'l'am
2156 3022 2342 3077 magna
2375 3017 2456 3061 est
2486 3009 2812 3077 praedicatio,
2845 3020 2900 3064 ut
2923 3011 3083 3065 etiam
3114 3012 3180 3066 ab
3211 3013 3439 3067 inimicis

1864 3098 2221 3153 testimonium
2268 3099 2478 3154 habeat.
2515 3101 2622 3156 Illic
2650 3103 3022 3173 quadringenti
3054 3116 3389 3161 surrexerant
3417 3147 3435 3172 ,

1861 3197 1915 3242 et
1966 3198 2147 3258 postea
2206 3206 2396 3261 magna
2446 3193 2761 3249 multitudo:
2814 3193 2899 3249 hic
2951 3195 3228 3251 duodecim
3281 3198 3436 3267 primi

1860 3288 2031 3334 erant.
2063 3280 2138 3335 Ne
2164 3296 2293 3351 ergo
2316 3299 2408 3337 vos
2450 3283 2849 3353 perterrefaciat
2879 3287 3227 3343 multitudinis
3253 3304 3438 3344 acces-

1860 3372 1959 3426 sio.
1990 3372 2047 3427 Si
2074 3374 2205 3427 enim
2239 3391 2301 3427 ea:
2325 3376 2607 3430 hominibus
2635 3379 2786 3448 fuerit
2812 3396 2937 3446 opus
2959 3379 3071 3443 hoc,
3102 3380 3424 3435 dissolvetur.

1859 3463 2071 3519 Poterat
2098 3474 2152 3521 ct
2175 3466 2316 3521 aliud
2345 3466 2651 3539 Egyptium
2697 3468 2909 3535 dicere;
2959 3470 3053 3525 sed
3089 3472 3199 3541 jam
3249 3488 3435 3543 super-

1858 3556 2019 3611 ﬂuum
2047 3560 2146 3612 hoc
2168 3557 2368 3615 fuisset.
2404 3559 2604 3625 Viden’,
2625 3560 2890 3630 quomodo
2912 3569 3113 3616 terrore
3132 3577 3435 3618 sermonem

1857 3651 2220 3705 concluserit?
2247 3651 2370 3706 Ideo
2396 3667 2502 3706 non
2525 3652 2836 3722 simpliciter
2850 3654 3166 3707 sententiam
3192 3656 3429 3723 profert,

1859 3751 1915 3794 ut
1941 3756 2007 3795 ne
2035 3740 2276 3796 videatur
2291 3757 2388 3813 pro
2412 3743 2515 3797 illis
2536 3743 2748 3807 dicere;
2803 3744 2895 3798 sed
2921 3759 2985 3798 ex
3015 3745 3093 3799 rei
3120 3755 3313 3799 eventu
3342 3761 3430 3799 ra-

1858 3833 2158 3887 tiocinatur.
2222 3833 2340 3888 Non
2368 3850 2529 3890 ausus
2557 3844 2639 3890 est
2663 3850 2788 3889 vero
2812 3836 3106 3903 affirmare,
3132 3837 3429 3892 doctrinam

1857 3926 2000 3979 illam
2029 3942 2137 3979 non
2160 3926 2467 3992 humanam,
2493 3928 2585 3982 sed
2612 3944 2677 3982 ex
2708 3929 2814 3981 Deo
2844 3944 2997 3984 esse:
3028 3930 3149 3999 quia
3179 3932 3221 3985 si
3253 3930 3427 3984 dixis-

1857 4026 1935 4072 set
1968 4033 2032 4073 ex
2060 4019 2170 4073 Deo
2197 4033 2316 4073 esse
2344 4060 2360 4086 ,
2404 4021 2848 4075 contradixissent
2871 4020 2946 4075 illi
2978 4038 2993 4087 ;
3049 4022 3095 4075 si
3144 4031 3317 4077 autem
3366 4038 3435 4077 ex

1858 4107 2162 4163 hominibus
2188 4111 2429 4178 dixisset,
2484 4112 2548 4165 ad
2575 4112 2952 4183 insurgendum
2978 4116 3227 4185 propensi
3256 4127 3431 4171 erant.

1856 4198 1978 4254 ldeo
2009 4201 2126 4255 illos
2158 4201 2316 4256 linem
2354 4212 2663 4272 exspectare
2684 4204 2835 4273 jubet
2861 4246 2876 4269 ,
2905 4205 3109 4272 dicens,
3153 4206 3426 4264 Discedite.

1858 4293 1932 4346 Illi
1964 4308 2089 4348 vero
2120 4310 2329 4348 rursum
2366 4296 2657 4362 minantur,
2682 4298 2916 4352 scientes
2938 4299 3151 4367 quidem
3199 4316 3257 4353 se
3299 4302 3431 4355 nihil

1856 4402 2013 4457 posse
2060 4388 2335 4457 perlicere,
2385 4404 2483 4443 suo
2524 4400 2699 4444 autem
2772 4406 2921 4445 more
2965 4391 3243 4448 facientes.
3289 4394 3433 4448 Talis

1857 4479 1998 4534 enim
2028 4494 2114 4533 res
2134 4488 2215 4534 est
2236 4480 2460 4545 malitia,
2504 4498 2622 4551 qua:
2663 4483 3009 4551 impossibilia
3061 4498 3205 4553 Stepe
3238 4494 3428 4542 tentat.

1858 4569 1983 4624 Post
2010 4570 2142 4623 hunc
2165 4581 2335 4624 autem
2364 4573 2580 4625 surrexit
2627 4571 2795 4625 ludas
2818 4574 2914 4642 (τι).
2972 4574 3117 4639 Hinc,
3149 4576 3190 4627 si
3214 4574 3432 4645 Josephi

1857 4662 2022 4716 libros
2044 4664 2401 4731 inspexeritis,
2431 4667 2731 4720 accuratius
2752 4667 3002 4721 cdiscctis
3031 4686 3044 4721 :
3077 4668 3164 4722 ille
3194 4684 3426 4738 namque

1858 4753 2045 4807 horttm
2080 4755 2354 4808 historiam
2405 4755 2689 4826 diligenter
2738 4768 2937 4811 narrat.
2987 4759 3172 4812 Vidcn‘
3213 4761 3425 4827 qualem

1857 4862 1967 4901 rem
1995 4862 2156 4901 ausus
2198 4857 2281 4902 est
2308 4848 2507 4912 dicere,
2562 4849 2700 4918 quod
2729 4848 2812 4902 Ex
2840 4849 2946 4902 Deo
2971 4891 2986 4915 ,
3018 4852 3142 4919 quia
3191 4861 3369 4919 postea
3404 4867 3431 4904 a

1857 4940 2017 4993 rebus
2046 4939 2173 5009 ipsis
2196 4939 2354 4996 ﬁdem
2376 4942 2619 5010 accepit?
2673 4940 2806 4995 Vere
2861 4956 3050 5010 magna
3087 4942 3278 4997 liducia
3299 4986 3313 5009 ,
3372 4957 3431 5000 et

1856 5034 1999 5086 nulla
2042 5048 2386 5102 personarum
2426 5034 2687 5101 acceptio.
2720 5032 3084 5087 Consenserunt
3131 5046 3297 5090 autent
3332 5038 3425 5104 illi,

1859 5123 2044 5192 inquit.
2070 5121 2139 5175 Et
2163 5132 2488 5177 convocantcs
2543 5124 2817 5192 apostolos,
2875 5139 3044 5180 cmsos
3087 5126 3426 5184 dimiserunt.

1857 5217 2091 5271 lieveriti
2121 5224 2246 5270 sunt
2270 5218 2589 5271 Sententiam
2618 5216 2751 5282 viri;
2806 5217 3030 5287 ideoque
3055 5219 3376 5276 destiterunt
3401 5238 3429 5276 a

1861 5310 2135 5378 proposito
2164 5308 2436 5361 occidendi
2465 5309 2734 5378 apostolos
2768 5327 2781 5363 :
2832 5308 3129 5380 ﬂagellatos
3157 5323 3335 5367 autem
3365 5315 3432 5367 il-

1858 5400 1939 5453 los
1965 5399 2256 5451 dimittunt.
2297 5397 2365 5450 Et
2394 5398 2472 5450 illi
2517 5399 2717 5468 quidem
2747 5401 2886 5453 ibant
2935 5403 3209 5472 gaudentes
3255 5422 3286 5457 a
3313 5422 3434 5459 cen-

1858 5500 2029 5558 spcctu
2050 5489 2271 5555 concilii,
2303 5489 2538 5559 quoniam
2567 5490 2705 5560 digni
2747 5482 2904 5544 habiti
2952 5503 3069 5547 sunt
3114 5512 3204 5562 pro
3232 5498 3427 5550 nomine

1859 5581 2044 5636 Christi
2071 5581 2425 5634 contumeliam
2452 5583 2576 5648 pati.
2606 5583 2808 5650 Quibus
2838 5585 3001 5654 signis
3024 5585 3124 5640 hoc
3148 5603 3253 5639 non
3274 5589 3432 5641 mira-

1861 5672 2014 5726 bilius
2040 5680 2123 5726 est
2150 5672 2173 5723 ?
2197 5671 2462 5742 Nusquam
2484 5674 2584 5729 hoc
2609 5675 2747 5744 apud
2778 5687 2985 5729 veteres
3016 5677 3256 5746 contigit.
3300 5678 3431 5734 Nam

1924 5805 1996 5866 (α)
2020 5805 2144 5854 Vide
2165 5805 2432 5869 Josephum
2454 5806 2747 5869 Antiq.Jud.
2767 5805 2896 5869 1.718,
2925 5821 2967 5856 c.
2998 5808 3041 5866 1,
3070 5810 3151 5857 ubi
3182 5808 3434 5861 JudaeGa-

1862 5868 1978 5918 lilaei
2003 5868 2247 5917 historiam
2281 5868 2462 5931 refert;
2487 5878 2539 5920 et
2570 5868 2605 5919 l.
2629 5869 2710 5930 20,
2730 5882 2773 5919 c.
2794 5868 2842 5931 ‘2,
2867 5870 2949 5918 ubi
2968 5868 3031 5918 de
3048 5870 3241 5921 't'heuda
3266 5875 3381 5935 agit.
