3978 6488
527 355 670 416 ’1ὶό

565 469 827 526 Jeremias
851 466 1066 537 quidem
1095 464 1389 538 ﬂagellatus
1417 471 1501 518 est
1527 469 1748 532 propter
1773 459 1994 514 verbum
2023 456 2140 522 Dei,

570 562 696 616 Elite
720 568 775 613 et
802 559 920 613 aliis
950 558 1132 612 minati
1163 563 1318 610 sunt:
1354 553 1450 608 scd
1479 552 1564 607 hic
1591 561 1644 607 et
1684 566 1754 606 ex
1783 550 1885 604 hac
1915 563 1973 604 re
1996 556 2051 602 et
2079 561 2143 602 ex

572 651 740 719 signis
769 651 1017 704 virtutem
1046 649 1138 702 Dei
1175 647 1534 701 declararunt.
1567 641 1680 697 Non
1708 640 1843 696 dixit
1869 640 2013 710 quod
2037 652 2145 692 non

573 741 852 804 dolerent;
899 739 990 792 sed
1037 738 1178 808 quod
1204 737 1326 791 licet
1346 735 1588 790 dolentes
1615 733 1928 804 gauderent.
1965 727 2146 785 Unde-

570 847 690 885 nam
741 830 792 884 id
836 827 1050 900 liquet?
1094 828 1170 882 Ex
1199 826 1442 897 sequenti
1487 826 1734 879 libertate
1785 820 2035 877 dicendi:
2075 820 2145 873 ita

569 940 782 994 semper
801 925 958 978 etiam
989 929 1110 991 post
1136 921 1317 991 plagas
1336 917 1673 989 pra-dicando
1700 914 1987 970 instabant.
2023 911 2147 966 Ideo

569 1014 621 1069 id
643 1015 938 1078 declarans,
963 1017 1037 1066 ait
1067 1030 1081 1066 :
1113 1010 1181 1065 In
1211 1014 1397 1081 templo
1421 1020 1467 1063 et
1493 1010 1627 1063 circa
1650 1008 1826 1061 domos
1847 1022 1949 1060 non
1977 1020 2147 1058 cessa-

570 1105 689 1158 bant
739 1107 969 1158 docentes
1009 1111 1055 1156 et
1094 1102 1494 1172 euangelizantes
1533 1099 1792 1154 Christum
1832 1095 2030 1150 Iesum.
2080 1092 2148 1148 In

569 1197 742 1249 diebus
779 1206 949 1251 autem
979 1197 1100 1250 illis.
1132 1195 1336 1264 Quibus
1356 1192 1579 1248 diebus?
1613 1191 1747 1246 Cum
1781 1190 1893 1244 haec
1922 1188 2146 1252 ﬁerent;

569 1303 685 1342 cum
715 1288 941 1360 ﬂagella,
966 1304 1086 1343 eum
1112 1289 1268 1342 minae
1290 1331 1304 1352 ,
1328 1303 1449 1342 cum
1472 1285 1714 1354 discipuli
1733 1282 2149 1352 multiplicaren-

574 1390 692 1433 tur:
726 1389 850 1434 tunc
879 1379 1094 1432 Factum
1119 1389 1191 1434 est
1217 1394 1465 1433 murmur.
1493 1377 1560 1431 Et
1587 1375 1827 1430 fortassis
1855 1373 1924 1428 ob
1965 1371 2146 1426 multi-

571 1471 805 1526 tudinem
851 1470 1117 1540 contigit:
1150 1486 1255 1524 non
1305 1470 1448 1524 enim
1494 1477 1666 1536 potest
1714 1466 1765 1520 in
1812 1462 2151 1518 multitudine

570 1571 749 1616 tantus
775 1561 906 1616 ordo
933 1563 1156 1617 servari.
1189 1561 1255 1614 Et
1289 1577 1472 1630 magna
1506 1559 1652 1612 turba
1681 1557 1997 1611 sacerdotum
2031 1553 2149 1608 obe-

569 1653 736 1705 diebat
757 1653 894 1719 ﬁdei.
921 1652 1012 1706 His
1031 1652 1419 1713 subindicalur,
1442 1667 1508 1705 ex
1530 1651 1612 1715 iis,
1633 1649 1721 1719 qui
1743 1647 1937 1703 Christi
1964 1660 2149 1700 necem
2174 1642 2182 1653 '

571 1747 855 1800 machinati
876 1757 1018 1812 sunt,
1047 1746 1244 1799 multos
1273 1743 1581 1799 credidisse.

643 1837 980 1894 Ministerimn
1018 1839 1364 1907 quotidianum
1391 1836 1532 1904 quid.
1564 1831 1855 1887 —Fartum
1893 1840 1967 1884 est
2013 1847 2154 1883 mur-

573 1946 704 1996 nmr,
729 1933 862 2001 quod
887 1933 1264 2002 despicerentur
1284 1931 1337 1984 in
1365 1928 1659 2000 quotidiana
1685 1927 1960 1979 ministerio
1991 1925 2153 1979 vidua:

571 2039 764 2076 eorum.
817 2023 958 2093 Ergo
988 2023 1352 2094 quotidianum
1400 2022 1753 2076 ministerium
1798 2035 1920 2087 erga
1967 2018 2152 2072 viduas

571 2125 706 2169 erat.
740 2115 805 2170 Et
837 2116 990 2181 vide,
1023 2115 1291 2186 quomodo
1332 2115 1418 2170 hic
1456 2115 1806 2169 ministerium
1857 2124 2048 2178 vocet,
2101 2122 2154 2167 et

574 2221 678 2259 non
724 2207 901 2260 statim
930 2207 1358 2278 eleemosynam;
1391 2206 1571 2276 sicque
1603 2216 1658 2259 et
1687 2220 1780 2260 eos
1816 2205 1904 2274 qui
1932 2205 2150 2270 darent,

573 2311 621 2352 et
664 2314 759 2352 eos
788 2299 876 2365 qui
905 2300 1240 2374 acciperent,
1277 2299 1514 2354 extollat.
1547 2299 1660 2354 lloc
1689 2314 1792 2352 non
1840 2314 1904 2353 ex
1953 2298 2152 2351 malitia

572 2389 860 2454 oriebatur,
918 2389 1010 2444 sed
1043 2389 1280 2445 fortassis
1323 2406 1389 2444 ex
1433 2391 1600 2445 turbae
1651 2392 1989 2460 negligentia.
2034 2390 2154 2443 Ideo

574 2478 675 2534 hoc
721 2481 771 2534 in
807 2481 1037 2535 medium
1067 2483 1284 2550 protulit
1330 2482 1477 2552 (non
1509 2499 1728 2551 parvum
1774 2485 1914 2536 enim
1957 2483 2152 2536 malum

571 2574 734 2639 erat),
758 2573 898 2642 quod
927 2574 1033 2628 cito
1061 2574 1355 2628 curandum
1382 2575 1635 2643 oportuit.
1667 2573 1848 2629 Viden’
1887 2577 2156 2644 quomodo

573 2661 630 2716 in
659 2663 918 2733 principio
943 2665 1080 2718 mala
1122 2680 1225 2720 non
1254 2665 1382 2719 foris
1414 2675 1614 2719 tantum
1643 2707 1657 2730 ,
1689 2665 1781 2720 sed
1812 2667 1970 2720 etiam
2015 2667 2156 2720 intus

575 2756 800 2809 essent?
824 2756 901 2811 Tu
932 2772 1060 2811 vero
1090 2774 1194 2812 non
1242 2759 1416 2812 solum
1462 2756 1706 2812 attendas
1733 2758 1873 2828 quod
1915 2769 2154 2812 curatmu

578 2847 763 2912 fuerit,
799 2848 892 2902 sed
932 2849 1092 2904 etiam
1121 2849 1260 2919 quod
1296 2865 1541 2919 magnum
1590 2858 1735 2904 CSset
1778 2851 1992 2904 malum.
2027 2849 2159 2904 Con-

577 2938 793 2992 siderate
819 2956 957 3010 ergo,
982 2939 1164 3010 fratres
1181 2981 1196 3005 ,
1229 2942 1359 2994 viros
1387 2957 1449 2995 ea:
1474 2940 1608 2994 vobis
1632 2949 1837 3011 septem.
1866 2941 1980 2994 Non
2012 2941 2061 2996 id
2091 2958 2154 2995 ex

579 3033 793 3100 proprio
817 3041 943 3086 nutu
965 3031 1180 3099 faciunt,
1198 3032 1290 3088 sed
1311 3033 1454 3102 prius
1476 3048 1534 3087 se
1551 3043 1803 3088 excusant
1824 3037 1962 3103 apud
1982 3035 2160 3087 multi-

581 3123 836 3180 tudinem.
866 3124 940 3179 lta
975 3133 1027 3179 et
1051 3140 1188 3180 nunc
1212 3124 1324 3179 ﬁeri
1355 3134 1646 3194 oporteret.
1677 3125 1796 3178 Non
1829 3135 1898 3178 est
1925 3141 2153 3190 (equum,

579 3214 761 3279 aiunt,
814 3231 906 3269 nos
952 3213 1294 3283 derelinquere
1350 3215 1550 3268 verbum
1600 3215 1729 3280 Dei,
1779 3225 1824 3268 et
1876 3215 2160 3268 ministrare

581 3309 785 3361 mensis.
816 3307 992 3361 Primo
1022 3307 1404 3361 absurditatem
1439 3307 1672 3376 profert,
1721 3307 2008 3362 ostendens
2053 3326 2156 3362 non

580 3413 738 3468 posse
774 3409 1054 3470 utrumque
1099 3410 1345 3454 accurate
1391 3401 1630 3469 praestari
1675 3418 1689 3456 :
1730 3401 2156 3471 quandoquidem

580 3509 701 3544 cum
753 3491 1025 3545 Matthiam
1055 3492 1308 3546 ordinare
1341 3494 1570 3561 oportuit
1597 3533 1611 3556 ,
1659 3494 1828 3560 primo
1869 3495 1941 3546 rei
1971 3506 2154 3547 esten-

581 3584 715 3637 dunt
743 3585 1143 3649 necessitatem,
1170 3585 1292 3654 quia
1316 3599 1452 3637 unus
1482 3585 1768 3651 defecerat,
1799 3595 1852 3640 et
1881 3586 2156 3640 duodecim

582 3690 702 3728 esse
729 3674 1028 3743 oportebat.
1064 3674 1236 3729 Etiam
1277 3675 1362 3729 hic
1408 3677 1775 3729 necessitatem
1816 3677 2100 3730 ostendunt
2145 3694 2157 3731 :

584 3782 683 3820 nec
714 3766 840 3819 illud
865 3776 988 3822 ante
1013 3766 1282 3830 fecerunt,
1309 3767 1402 3821 sed
1432 3777 1807 3836 exspectarunt
1827 3767 2000 3823 donec
2019 3785 2161 3822 mur-

585 3873 705 3909 mur
725 3857 953 3912 oriretur
976 3874 991 3923 ;
1022 3873 1192 3927 neque
1215 3866 1389 3914 tamen
1415 3859 1554 3929 passi
1576 3868 1698 3914 sunt
1727 3867 1784 3914 ut
1811 3858 1911 3914 hoc
1937 3861 2158 3916 multum

581 3959 868 4002 cresceret.

671 4040 724 4093 5.
771 4040 836 4093 Et
878 4039 1032 4101 vide;
1079 4039 1337 4109 judicium
1391 4041 1496 4096 illis
1535 4043 1882 4112 permittunt,
1930 4054 1984 4099 et
2041 4046 2162 4099 illos

584 4131 876 4198 praeferunt
904 4132 995 4200 qui
1025 4132 1274 4186 ontnibus
1302 4133 1606 4202 placerent,
1639 4145 1692 4189 et
1732 4141 1968 4190 omnium
2010 4139 2160 4191 testi-

587 4225 767 4276 monio
795 4223 1000 4292 probati
1024 4234 1223 4279 essent.
1256 4223 1387 4279 Cum
1417 4228 1649 4295 uportnit
1669 4228 1940 4282 Matthiam
1969 4245 2161 4301 propo-

586 4329 714 4368 nere
740 4356 754 4380 ,
812 4314 1053 4384 Oportet,
1108 4316 1347 4384 inquiunt
1372 4358 1386 4383 ,
1421 4334 1482 4370 ea:
1506 4318 1606 4384 iis,
1646 4319 1731 4386 qui
1755 4320 2012 4372 nobiscum
2051 4333 2163 4375 sunt

587 4405 725 4458 onmi
752 4415 972 4475 tempore
995 4423 1013 4469 ;
1041 4406 1125 4461 hic
1151 4417 1326 4460 autem
1355 4423 1458 4462 non
1490 4411 1567 4463 sic
1597 4428 1611 4464 :
1639 4427 1743 4464 non
1774 4413 1913 4466 enim
1943 4415 2044 4467 tale
2072 4431 2166 4468 ne-

586 4497 784 4564 gotium
816 4505 950 4552 erat.
987 4497 1108 4551 Ideo
1137 4497 1236 4551 hoc
1274 4513 1376 4552 non
1412 4500 1540 4553 sorti
1573 4502 1960 4569 permiserunt;
1995 4521 2164 4573 neque

587 4607 706 4642 cum
738 4591 834 4659 ipsi
862 4599 1080 4660 possent
1108 4589 1308 4661 Spiritu
1335 4592 1463 4647 moti
1487 4593 1702 4663 eligere,
1735 4596 1783 4649 id
1813 4596 2039 4660 faciunt;
2069 4599 2162 4652 sed

588 4697 653 4734 ex
684 4684 967 4735 inultorum
989 4684 1293 4737 testimonio
1312 4685 1451 4753 quod
1475 4686 1722 4754 placitum
1745 4697 1885 4741 esset
1905 4698 2160 4745 statuunt.

585 4771 832 4839 Alioquin
859 4787 1006 4839 vero,
1042 4789 1320 4828 numerum
1352 4773 1595 4842 delinire,
1624 4777 1892 4844 ordinare,
1916 4780 1981 4833 ad
2005 4783 2162 4834 talem

591 4880 765 4933 usum,
798 4865 862 4920 ad
895 4866 1013 4920 illos
1040 4866 1342 4936 pertinebat
1372 4868 1388 4898 ‘
1414 4884 1429 4932 ;
1459 4868 1658 4938 eligere
1681 4880 1855 4925 autem
1884 4872 2024 4926 viros
2061 4874 2165 4928 illis

591 4959 934 5024 permittunt,
958 4969 1016 5012 ut
1054 4975 1121 5014 ne
1146 4957 1454 5013 viderentur
1481 4959 1547 5014 ad
1569 4961 1916 5030 quorumdam
1942 4965 2164 5032 gratiam

590 5064 750 5117 agere
781 5068 794 5103 :
823 5051 943 5117 quia
972 5061 1025 5103 et
1052 5050 1192 5105 Deus
1221 5051 1386 5121 Moysi
1414 5052 1654 5121 permisit
1678 5051 1874 5123 eligere
1901 5056 2161 5121 seniores,

591 5158 724 5209 quos
753 5152 991 5196 noverat.
1034 5144 1193 5197 Multa
1221 5145 1362 5198 enim
1390 5145 1645 5214 sapientia
1674 5161 1809 5216 opus
1837 5157 1918 5202 est
1959 5149 2012 5202 in
2044 5149 2165 5204 tali-

593 5233 691 5288 bus
720 5234 1224 5304 dispensationibus.
1264 5236 1342 5292 Ne
1374 5241 1570 5308 putetis
1600 5239 1764 5305 enim,
1792 5242 1913 5309 quia
1945 5242 2162 5296 verbum

597 5342 700 5380 non
731 5327 860 5396 ipsis
887 5327 1251 5382 concreditum
1283 5329 1478 5397 fuerat,
1505 5347 1611 5385 non
1645 5347 1780 5401 Opus
1803 5333 2048 5387 habuisse
2076 5350 2162 5388 sa-

597 5422 790 5489 pientia
823 5420 1022 5474 :multa
1048 5432 1193 5478 certe
1217 5438 1351 5492 Opus
1378 5423 1628 5482 habuere.
1665 5425 1776 5480 Nos
1808 5443 1917 5480 vero
1952 5429 2166 5481 orationi

583 5528 641 5570 et
680 5517 956 5570 ministerio
999 5518 1129 5570 verbi
1173 5519 1414 5571 instantes
1443 5521 1642 5573 erimus.
1679 5520 1746 5573 Et
1787 5520 1935 5574 initio
1963 5530 2015 5574 et
2064 5521 2168 5575 line

591 5625 712 5663 sese
739 5618 1011 5662 excusant.
1052 5606 1306 5660 Instantes
1349 5610 1566 5672 erimus,
1607 5612 1869 5678 inquiunt.
1908 5611 1996 5664 Sic
2025 5613 2166 5664 enim

594 5699 905 5769 Oportebat,
935 5714 1042 5753 non
1074 5699 1281 5763 leviter,
1312 5714 1415 5752 non
1446 5710 1759 5768 utcumque,
1786 5702 1878 5756 sed
1899 5716 2018 5755 cum
2047 5716 2168 5770 pcr-

659 5812 677 5844 ι
713 5811 872 5862 Morel.
900 5811 1039 5878 legit,
1064 5809 1154 5864 sibi
1176 5812 1475 5875 adscribunt,
1501 5824 1608 5876 pro,
1634 5812 1702 5864 ad
1724 5809 1830 5865 illos
1849 5812 2134 5878 pertinebat.

1354 348 1413 406 S.
1443 345 1722 406 JOANNIS
1756 340 2228 400 CHRYSOSTOMI
2260 337 2572 395 ARCIIIEP.
2613 336 3140 394 CONSTANTINOP.
3687 355 3767 416 ηδ

2251 455 2574 510 severantia.
2604 453 2674 507 Et
2702 454 2916 524 placuit,
2938 455 3128 526 inquit,
3154 473 3316 512 sermo
3342 475 3502 515 coram
3523 471 3641 522 omni
3661 479 3764 529 mut.

2252 547 2486 601 titudine.
2533 548 2600 602 Et
2630 547 2730 602 hoc
2773 548 2981 602 illorum
3023 551 3332 619 sapientiam
3362 553 3583 612 decebat.
3609 563 3771 625 Omnes

2251 639 2451 694 dictum
2499 639 2815 706 laudarunt;
2849 641 2918 695 ita
2948 643 3224 710 prudentia
3267 645 3473 712 plenum
3501 662 3622 708 erat.
3668 676 3684 709 ι
3723 662 3773 718 Et

2253 732 2558 800 elegerunt,
2584 733 2752 802 inquit
2780 731 3018 800 (rursum
3051 733 3150 802 ipsi
3171 733 3424 806 eligunt),
3455 737 3740 811 Stephanum
3760 795 3772 818 ,

2252 821 2423 876 virum
2454 823 2665 891 plenum
2713 823 2815 877 lide
2844 833 2898 878 et
2925 823 3123 894 Spiritu
3163 838 3378 891 sancto,
3410 840 3461 884 et
3489 831 3777 908 Philippum,

2253 921 2309 968 et
2337 913 2662 968 Prochorum
2681 955 2696 981 ,
2725 925 2780 970 et
2806 915 3143 978 Nicanorem,
3171 926 3227 971 et
3257 917 3558 989 Timonem,
3587 935 3636 981 et
3675 931 3778 986 Par-

2254 1022 2487 1073 mentun,
2514 1019 2568 1062 et
2593 1007 2866 1063 Nicolaum
2893 1010 3217 1081 proselytum
3243 1011 3617 1073 Antiochenum
3639 1039 3654 1075 ε
3676 1039 3783 1094 quos

2254 1106 2551 1152 statuerunt
2581 1114 2762 1153 coram
2811 1099 3089 1169 apostolis.
3123 1101 3187 1155 Et
3231 1113 3442 1158 orantes
3467 1106 3784 1179 imposuerunt

2253 1186 2360 1242 illis
2386 1203 2594 1242 manus.
2629 1209 2648 1240 ι
2681 1189 2816 1245 Ilinc
2844 1191 3017 1261 palam
3047 1199 3161 1258 est,
3190 1194 3329 1262 quod
3360 1205 3784 1269 segregaverintil.

2254 1279 2336 1334 los
2372 1295 2403 1334 a
2433 1281 2808 1348 multitudine;
2841 1290 2896 1337 et
2941 1283 3012 1337 illi
3046 1284 3292 1350 trahunt,
3324 1276 3428 1341 non
3470 1296 3676 1359 apostoli
3711 1299 3782 1354 du.

2255 1383 2402 1426 cunt.
2435 1373 2587 1436 Vide,
2617 1390 2776 1442 quam
2817 1389 2924 1429 non
2970 1375 3235 1447 superﬂue
3282 1381 3509 1448 scriptor
3533 1383 3788 1455 loquatur:

2255 1479 2362 1517 non
2393 1466 2534 1519 enim
2563 1467 2694 1520 dicit
2721 1468 2991 1537 quomodo
3017 1509 3032 1534 ,
3060 1467 3156 1523 sed
3186 1470 3496 1540 simpliciter
3515 1478 3644 1546 quod
3673 1483 3789 1536 ordi-

2255 1555 2365 1609 nati
2413 1557 2520 1610 sint
2575 1558 2987 1626 perorationem
3037 1577 3051 1614 :
3098 1561 3200 1615 hoc
3243 1564 3385 1618 enim
3430 1576 3511 1620 est
3546 1570 3792 1630 ordinatio.

2261 1646 2449 1702 Manus
2480 1649 2574 1702 viri
2605 1652 3014 1720 superponitur;
3058 1661 3223 1707 totum
3254 1670 3380 1709 vero
3405 1656 3541 1713 Deus
3563 1675 3794 1731 operatur,

2257 1738 2478 1809 ejusque
2501 1756 2687 1795 nianus
2705 1751 2788 1796 est
2807 1759 2924 1812 qua:
2948 1743 3112 1814 tangit
3132 1755 3290 1814 caput
3311 1747 3558 1814 ordinati,
3582 1754 3620 1806 si
3644 1769 3796 1823 quem-

2257 1831 2540 1886 admodum
2600 1842 2811 1901 oportet
2859 1833 3153 1889 ordinetur.
3186 1835 3250 1890 Et
3289 1855 3474 1901 sermo,
3509 1841 3698 1912 inquit,
3728 1846 3803 1902 Dei

2257 1922 2542 1988 crescebat,
2593 1932 2640 1976 et
2693 1923 3118 1994 multiplicabatur
3157 1944 3396 1982 numerus
3449 1931 3798 2003 discipulorum.

2257 2011 2371 2067 Non
2401 2014 2516 2069 sine
2546 2031 2704 2070 causa
2736 2017 2833 2072 hoc
2861 2017 3012 2085 dixit,
3059 2019 3152 2074 sed
3185 2029 3239 2074 ut
3267 2022 3614 2091 ostenderet,
3641 2043 3804 2095 quanta

2258 2105 2329 2159 sit
2357 2106 2713 2178 eleemosyua:
2758 2119 2813 2162 et
2841 2111 2965 2164 boni
2998 2111 3202 2166 ordinis
3236 2113 3426 2168 virtus.
3476 2117 3553 2169 Ac
3589 2116 3807 2190 deinceps

2257 2211 2376 2266 quae
2401 2197 2724 2265 Stephanum
2752 2209 2995 2269 spectant
3017 2213 3326 2258 narraturus
3357 2215 3478 2260 est:
3511 2207 3629 2262 ideo
3655 2217 3812 2265 etcau-

2258 2305 2346 2344 sas
2377 2291 2586 2345 illormu
2637 2294 2946 2360 praemittit:
2978 2295 3045 2348 Et
3076 2297 3256 2361 multi,
3291 2298 3503 2367 inquit,
3533 2305 3811 2358 sacerdotum

2258 2381 2546 2436 obediebant
2570 2384 2707 2454 fidei.
2731 2384 2861 2453 Quia
2894 2387 3033 2441 enim
3068 2389 3316 2443 videbant
3351 2392 3646 2463 principem
3671 2406 3719 2450 et
3740 2398 3815 2452 do-

2258 2485 2460 2530 ctorem
2489 2478 2602 2532 lucc
2628 2480 3001 2547 prolerentem,
3035 2497 3099 2535 ex
3122 2483 3377 2550 operibus
3397 2485 3509 2554 jam
3556 2488 3814 2555 periculum

2259 2565 2542 2622 faciebant.
2574 2567 2643 2621 Et
2667 2569 3018 2626 admiratione
3041 2573 3258 2643 dignum
3287 2587 3376 2629 est
3396 2618 3412 2640 ,
3457 2578 3596 2646 quod
3629 2581 3822 2648 populus

2261 2673 2368 2710 non
2401 2659 2600 2713 scissus
2622 2659 2779 2714 fuerit
2803 2661 2852 2714 in
2882 2662 3143 2718 electione
3165 2665 3435 2733 virorum,
3461 2671 3720 2738 quomodo
3737 2690 3820 2725 llotl

2261 2751 2527 2818 reprobati
2559 2752 2664 2806 sint
2689 2751 2755 2806 ab
2783 2753 2886 2808 illis
2907 2756 3154 2824 apostoli.

2334 2841 2620 2913 Presbyteri
2668 2853 2713 2898 et
2747 2844 2964 2899 Diaconi
3014 2864 3192 2901 nomen
3221 2849 3437 2918 quando
3471 2850 3826 2906 admissum.—

2260 2933 2428 3001 Quam
2458 2952 2584 3005 ergo
2622 2935 2930 3006 dignitatem
2962 2936 3262 2992 habuerunt
3294 2939 3414 3007 illi,
3441 2951 3498 2995 et
3519 2958 3675 3011 quam
3704 2960 3827 2998 acccc

2263 3037 2454 3097 perunt
2491 3027 2877 3083 ordinationem
2900 3071 2914 3094 ,
2939 3029 3048 3098 jam
3079 3031 3406 3086 discendum
3437 3042 3542 3087 cst.
3579 3035 3710 3088 Num
3735 3035 3828 3088 dia-

2261 3123 2566 3177 conorum?
2606 3124 2764 3193 Atqui
2817 3123 2932 3178 haec
2978 3125 3030 3177 in
3079 3124 3339 3180 Ecclesiis
3395 3141 3507 3181 non
3565 3136 3712 3192 erat;
3756 3129 3831 3179 Sed

2263 3214 2700 3284 presbyterorum
2748 3224 2864 3268 erat
2894 3216 3217 3268 teconomia.
3265 3216 3441 3286 Atqui
3488 3219 3666 3271 nullus
3690 3219 3835 3271 adhuc

2262 3307 2544 3376 episcopus
2583 3315 2736 3372 erat,
2786 3316 3139 3376 prmterquam
3170 3310 3412 3378 apostoli
3459 3320 3686 3365 tantum.
3713 3310 3840 3366 Uade

2262 3407 2391 3467 puto
2430 3412 2528 3451 nec
2568 3397 2911 3452 diaconorum
2942 3413 3041 3453 nec
3073 3399 3530 3470 presbyterorum
3566 3413 3688 3458 tunc
3710 3403 3844 3457 fuisse

2265 3504 2457 3541 nomen
2478 3488 2769 3543 admissum
2789 3504 2888 3544 nec
2907 3488 3281 3556 manifestum;
3309 3493 3413 3547 sed
3440 3493 3558 3564 jam
3581 3494 3648 3547 ad
3668 3493 3758 3548 hoc
3771 3509 3842 3545 or-

2263 3580 2427 3635 dinati
2460 3590 2601 3636 sunt.
2635 3580 2744 3636 Nec
2771 3582 3082 3651 simpliciter
3109 3583 3211 3638 hoc
3231 3600 3442 3640 munus
3475 3587 3588 3642 illis
3605 3585 3850 3642 concredi-

2269 3682 2377 3726 tum
2404 3681 2522 3732 est;
2551 3673 2642 3727 sed
2666 3675 2865 3744 precati
2896 3685 3035 3740 sunt,
3064 3685 3121 3729 ut
3146 3684 3399 3746 potestas
3429 3679 3540 3733 illis
3558 3679 3850 3734 concedere-

2266 3773 2370 3816 tur.
2395 3762 2527 3818 Vide
2569 3773 2770 3830 autem,
2795 3781 2998 3835 quaeso,
3023 3768 3067 3821 si
3113 3778 3327 3837 septem
3379 3771 3520 3825 viris
3559 3780 3674 3826 erat
3713 3763 3878 3840 opusf

2267 3862 2426 3908 tanta
2443 3854 2688 3911 fortassis
2705 3855 2994 3912 afﬂuebant
3009 3861 3274 3928 pecunize,
3292 3869 3454 3916 tanta
3470 3871 3593 3917 erat
3609 3863 3853 3917 viduarum

2265 3947 2568 4003 multitudo.
2590 3948 2730 4019 Ergo
2760 3964 2867 4004 non
2896 3951 3210 4021 simpliciter
3233 3968 3448 4021 preces
3477 3957 3857 4015 emittebantur,

2265 4039 2357 4093 sed
2375 4054 2495 4093 cum
2518 4039 2680 4092 multa
2698 4041 3022 4106 attentione;
3047 4041 3278 4112 hocque,
3309 4045 3556 4114 perinde
3580 4057 3737 4116 atque
3754 4061 3860 4115 pra:-

2263 4129 2484 4197 dicatio,
2516 4131 2887 4200 perﬁciebatur
2914 4149 2927 4185 :
2950 4132 3177 4201 plurima
3201 4135 3361 4188 enim
3405 4137 3674 4205 precibus
3703 4150 3865 4205 opera-

2265 4222 2476 4277 bantnr.
2499 4222 2585 4278 Sic
2603 4224 2890 4292 spiritualia
2913 4223 3376 4295 praeferebantur,
3399 4229 3484 4281 sic
3503 4228 3574 4282 ad
3601 4227 3868 4297 peregrina

2267 4316 2439 4370 tiones
2470 4317 2833 4381 mittebantur,
2853 4317 2931 4371 sic
2953 4318 3068 4372 istis
3094 4320 3331 4374 verbum
3363 4321 3753 4376 concreditum
3777 4319 3870 4373 luit.

2265 4407 2449 4476 Neque
2487 4408 2614 4461 dicit
2650 4406 2772 4472 hoc,
2818 4423 2990 4478 neque
3017 4409 3226 4463 extollit
3255 4425 3408 4477 eos;
3445 4413 3550 4467 sed
3580 4412 3745 4477 dicit,
3784 4424 3868 4461 non

2267 4516 2476 4570 acquum
2502 4515 2620 4554 esse
2645 4500 2988 4556 commissum
3010 4517 3142 4572 opus
3165 4503 3529 4574 relinquere.
3553 4506 3648 4561 Sic
3677 4521 3706 4558 a
3728 4503 3878 4571 Moyse

2268 4593 2492 4647 instituti
2517 4592 2742 4658 fuerant,
2769 4609 2837 4648 ne
2855 4594 3030 4648 omnia
3053 4593 3264 4664 agenda
3289 4598 3682 4667 susciperent.
3703 4596 3878 4652 Idcircrv

2271 4685 2462 4740 Paulus
2479 4687 2572 4752 ait,
2605 4685 2673 4740 Ut
2691 4701 2967 4756 pauperum
2983 4695 3176 4739 tantum
3197 4703 3481 4744 nzcmores
3501 4692 3669 4745 simus
3685 4687 3818 4760 (Gal.
3835 4685 3880 4739 ε.

2269 4779 2377 4847 l0).
2403 4776 2680 4846 Quomodo
2706 4786 2883 4832 autem
2909 4779 3006 4831 hos
3029 4780 3453 4835 antecesserint
3474 4782 3657 4836 disce.
3687 4781 3881 4849 Jejuna-

2268 4869 2855 4945 banttperseverabant
2896 4869 2947 4922 in
2966 4870 3231 4924 oratione.
3263 4871 3398 4928 Hoc
3421 4874 3601 4929 etiam
3632 4888 3771 4928 nuiic
3792 4871 3885 4926 lieri

2268 4969 2557 5029 Oporteret.
2576 4959 2692 5014 Non
2718 4960 3035 5030 simpliciter
3054 4972 3236 5015 autem
3259 4965 3609 5034 spirituales
3627 5009 3644 5032 ,
3669 4965 3765 5022 sed
3788 4963 3867 5031 Spi

2270 5054 2371 5107 ritu
2401 5063 2454 5107 et
2473 5053 2730 5123 sapientia
2756 5053 2940 5123 plenos
2956 5052 3108 5117 dixit,
3127 5055 3460 5113 ostendens
3500 5075 3724 5130 magna:
3740 5057 3897 5130 philo.

2269 5145 2471 5212 sophia:
2499 5143 2660 5199 fuisse
2687 5145 3054 5199 accusationes
3076 5145 3216 5199 ferre
3246 5147 3592 5205 viduarum.
3613 5152 3748 5219 Qua:
3777 5151 3900 5205 enim

2273 5237 2488 5300 utilitas,
2518 5235 2562 5290 si
2587 5235 2924 5306 dispensator
2969 5250 3074 5290 non
3105 5234 3336 5294 foretur
3377 5241 3646 5312 quidem,
3678 5242 3775 5299 sed
3799 5255 3898 5295 ott-

2271 5328 2354 5380 nia
2390 5327 2715 5395 perdat?vel
2742 5328 2785 5382 si
2817 5327 2964 5382 ferox
2987 5329 3056 5382 sit
3080 5338 3134 5384 et
3157 5334 3568 5391 exacerbetnr
3591 5336 3616 5390 ?
3651 5337 3762 5390 [lac
3785 5337 3835 5389 in
3866 5346 3907 5388 ’9

2271 5417 2616 5471 admirandus
2642 5427 2759 5471 erat
2788 5417 3082 5488 Philippus.
3115 5420 3194 5474 De
3253 5422 3366 5477 illo
3419 5442 3679 5499 namque
3726 5426 3852 5482 dicit
3894 5442 3907 5476 :

2271 5508 2338 5562 Et
2382 5510 2592 5578 ingressi
2625 5510 2678 5562 in
2724 5509 2928 5563 domum
2971 5509 3214 5581 Philippi
3273 5521 3681 5588 evangelistaz,
3727 5520 3812 5589 qui
3859 5532 3911 5569 ιι

2272 5609 2458 5666 septem
2486 5599 2588 5652 illis
2611 5609 2752 5664 erat,
2799 5602 3074 5656 mansimus
3104 5603 3262 5672 apud
3295 5605 3469 5664 illum
3528 5611 3680 5681 (Act.
3721 5611 3812 5684 2i.
3842 5607 3910 5668 8i.

2277 5689 2461 5744 Viden’
2489 5690 2618 5745 nihil
2649 5690 2882 5746 humano
2903 5707 3054 5749 more
3075 5693 3466 5765 dispensari?
3498 5704 3574 5758 Et
3617 5703 3916 5767 niultiptica-

2279 5784 2426 5838 batur
2452 5799 2687 5839 nutrieras
2711 5783 3070 5856 discipulorum
3097 5786 3148 5842 in
3179 5785 3548 5854 Jerusalem.
3573 5795 3917 5869 Jerosolyntis
