4076 6354
260 305 338 361 115

254 419 337 478 τοῦ
356 417 622 484 ὀνόματος
651 412 759 466 τοῦ
790 412 1048 480 Χριστοῦ
1082 414 1543 483 κατηξιώθησαν
1573 417 1776 489 ἀτίμα.

248 500 447 569 σθῆναι.
497 497 677 550 Πόσων
706 497 951 567 σημείων
982 496 1140 550 τοῦτο
1194 499 1256 551 ού
1295 499 1771 573 θαυμασιώτερονί

253 580 458 651 Οὐδαμοῦ
485 579 699 647 γέγονεν
732 578 828 631 ἐπὶ
872 578 979 631 τῶν
1025 578 1268 632 παλαιῶν
1306 580 1461 634 τοῦτο
1482 600 1496 613 ·
1532 584 1654 636 ἐπεὶ
1681 585 1777 636 καὶ

259 665 481 736 Ἱερεμίας
510 662 810 732 ἐμαστίχθη
837 662 923 715 διά
955 662 1047 716 τὸν
1090 662 1245 731 λόγον
1276 663 1369 716 τοῦ
1396 664 1550 729 Θεοῦ,
1581 668 1676 720 καὶ
1699 666 1779 736 τῷ

261 750 384 817 Ἠλία
406 745 716 815 ἠπείλησαν,
767 744 862 797 καὶ
888 747 999 809 τοῖς
1032 745 1212 809 ἄλλοις
1233 762 1246 776 ·
1274 746 1389 799 ἀλλ’
1424 748 1656 802 ἐνταῦθα
1687 751 1781 802 καὶ

249 832 332 884 ἀπὸ
370 828 569 887 τούτου,
600 828 699 879 οὐκ
731 826 843 879 ἀπὸ
867 826 976 879 τῶν
1006 829 1246 897 σημείων
1292 828 1471 899 μόνον,
1500 830 1599 900 τὴν
1630 830 1783 884 δύνα-

252 930 322 981 μιν
344 909 698 962 ἐπεδείκνυντο
726 908 821 961 τοῦ
854 908 1010 963 Θεοῦ.
1042 910 1156 963 υύκ
1185 905 1357 979 εἶπεν,
1410 912 1490 964 ὄτι
1544 913 1645 965 οὐκ
1686 914 1783 983 ῆλο

249 1011 366 1061 γουν,
397 991 503 1045 ἀλλ’
531 991 611 1043 ότι
642 991 739 1044 καὶ
766 991 1056 1059 ἀλγοῦντες
1093 991 1332 1063 ἔχαιρον.
1375 993 1546 1046 Πόθεν
1584 994 1778 1065 δῆλον;

258 1078 327 1129 Ἐκ
352 1075 440 1143 τῆς
470 1077 605 1143 μετά
633 1073 807 1127 ταῦτα
836 1075 1174 1146 παρρησίας·
1220 1075 1391 1139 οὕτως
1419 1078 1784 1148 ἐνεστήκεσαν

249 1162 310 1212 ἀεὶ
330 1159 409 1210 καὶ
439 1157 574 1227 μετά
603 1157 703 1220 τὰς
730 1158 945 1228 πληγὰς
973 1158 1357 1228 κηρύττοντες.
1385 1159 1476 1212 Διὸ
1512 1160 1785 1214 καὶτοῦτο

247 1242 403 1305 δηλῶν,
456 1241 548 1292 Ἐν
607 1240 689 1303 τῷ
737 1239 892 1307 ἱερῷ,
938 1242 1094 1309 φησὶ,
1155 1240 1255 1294 καὶ
1311 1243 1438 1297 κατ’
1477 1239 1644 1295 οἷκον
1675 1246 1785 1297 οὐκ

246 1326 498 1386 ἐπαύοντο
527 1322 927 1388 διδάσκοντες
979 1324 1077 1377 καὶ
1123 1325 1630 1394 εὐαγγελιζόμενοι
1676 1327 1787 1394 ’1η-

246 1407 369 1461 σοῦν
429 1407 707 1473 Χριστόν.
771 1406 867 1458 Ἐν
912 1405 981 1458 δέ
1040 1406 1171 1471 ταῖς
1235 1407 1483 1475 ἡμέραις
1523 1410 1783 1475 ταύταις.

247 1488 397 1550 Halat;
415 1488 681 1558 ήμέραις;
724 1489 855 1541 Ὅτε
891 1488 1064 1542 ταῦτα
1119 1489 1347 1557 ἐγίνετο,
1376 1491 1463 1543 ὅτε
1505 1492 1787 1561 μάστιγες,

245 1574 311 1625 ὅτε
358 1570 593 1632 ἀπειλαὶ,
660 1570 751 1623 ὅτε
814 1570 1175 1639 ἐπληθύνοντο
1232 1572 1281 1623 οί
1344 1572 1602 1643 μαθηταὶ,
1665 1574 1788 1626 τότε

244 1652 558 1723 Γοπυσμὸς
624 1652 871 1720 γίνεται.
933 1652 1063 1704 ’Δπὸ
1110 1652 1204 1705 τοῦ
1256 1653 1495 1725 πλήθους
1538 1655 1595 1707 δὲ
1646 1656 1788 1724 τάχα

246 1735 432 1805 συνέϐη·
490 1735 551 1787 οὐ
610 1736 724 1805 γάρ
762 1734 909 1789 ἐστιν
938 1735 1222 1806 ἀκρίϐειαν
1253 1738 1311 1788 ἐν
1371 1736 1566 1806 πλήθει
1626 1731 1787 1792 εἶναι.

243 1819 327 1874 Kal
351 1817 532 1881 πολὺς
562 1817 752 1886 dum;
781 1816 901 1871 τῶν
926 1818 1129 1887 ἱερέων
1154 1818 1428 1888 ὑπήκουε
1457 1818 1531 1889 τῇ
1564 1822 1786 1876 πίστει.

244 1901 383 1955 Τοῦτο
406 1901 783 1971 αἰνιττομένου
807 1902 926 1954 ἐστὶ
951 1903 1044 1956 καὶ
1062 1902 1390 1967 δεικνύντος,
1418 1904 1500 1958 ὅτι
1532 1905 1626 1975 ἀφ’
1659 1899 1735 1959 ὧν
1762 1907 1791 1959 ό

245 1983 357 2037 κατὰ
376 1982 615 2081 ξριστοῦ
648 1983 877 2047 θάνατος
900 1984 1224 2057 ἐσκευάσθη,
1252 1985 1438 2039 πολλοὶ
1464 1986 1573 2040 ἀπὸ
1590 1987 1792 2041 τούτων

246 2083 585 2121 πιστευουσιν.

308 2148 588 2219 Ἐγένετο,
621 2152 780 2219 φησὶ,
812 2152 1174 2219 γογγυσμὸς,
1203 2148 1292 2203 ὅτι
1314 2152 1793 2219 παρεθεωροῦντο

242 2233 297 2285 ἐν
337 2231 402 2299 τῇ
442 2231 728 2300 διακονία
782 2231 857 2301 τῇ
886 2231 1246 2301 καθημερινῇ
1278 2235 1337 2287 al
1370 2232 1547 2302 χῆραι
1573 2234 1791 2288 αὐτῶν.

247 2316 365 2386 Ἄρα
385 2315 731 2386 καθημερινὴ
761 2315 1004 2368 διακονία
1030 2312 1099 2386 ἦν
1124 2318 1247 2379 ταῖς
1270 2317 1490 2387 χήραις.
1533 2320 1642 2371 Kal
1670 2319 1792 2389 ὅρα,

244 2399 339 2462 πιῖις
385 2400 472 2452 καὶ
516 2391 681 2462 οὗτος
740 2398 1015 2453 διακονίαν
1046 2399 1246 2465 καλεῖ,
1305 2402 1401 2453 καὶ
1463 2403 1521 2456 οὐ
1586 2401 1795 2473 ταχέως

244 2481 617 2552 ἐλεημοσύνην·
690 2481 807 2551 ἆμα
857 2481 950 2534 καὶ
1004 2483 1129 2544 τοὺς
1180 2481 1444 2545 διδόντας,
1506 2485 1600 2537 καὶ
1668 2486 1796 2548 τοὺς

243 2562 592 2633 λαμβάνοντας
621 2563 709 2617 διά
737 2563 927 2618 τούτου
969 2565 1229 2635 ἐπαίρων.
1271 2564 1441 2618 Τοῦτο
1488 2568 1548 2619 ού
1600 2568 1797 2630 κακίας

242 2642 313 2716 ἦν,
361 2648 487 2701 ἀλλά
522 2647 630 2702 τοῦ
664 2648 897 2718 πλήθους
931 2647 1059 2711 ἴσως
1086 2647 1345 2719 ῥᾳθυμία.
1375 2648 1474 2703 Διά
1505 2650 1659 2703 τοῦτο
1702 2652 1797 2703 καὶ

243 2730 519 2800 προύθηκεν
582 2729 716 2783 αὐτὸ
764 2732 844 2793 είς
904 2730 1067 2801 μέσον
1120 2732 1202 2800 (ού
1254 2732 1449 2803 μικρὸν
1492 2733 1599 2802 γὰρ
1630 2733 1797 2785 κακὸν

241 2807 343 2882 ἦν),
387 2814 467 2867 ἶνα
518 2814 738 2883 ταχέως
792 2814 889 2867 καὶ
946 2813 1233 2885 διορθωθῇ.
1304 2814 1489 2886 Ὁρᾷς,
1539 2816 1657 2879 πῶς
1706 2817 1799 2869 καὶ

242 2894 290 2948 ἐν
319 2898 448 2968 ἀρχῇ
493 2896 572 2950 τὰ
603 2895 753 2951 κακά
787 2897 908 2967 οὐχὶ
934 2896 1131 2963 ἐξωθεν
1186 2898 1345 2967 μόνον
1395 2894 1486 2969 ἦν,
1520 2898 1655 2951 ἀλλὰ
1706 2899 1800 2952 καὶ

242 2976 444 3044 tamen;
480 2980 560 3033 Σὺ
597 2978 654 3031 δὲ
693 2978 767 3050 μὴ
810 2979 970 3033 τοῦτο
1009 2980 1167 3050 μόνον
1204 2980 1339 3051 ἴδῃς,
1375 2981 1456 3034 ὅτι
1492 2980 1798 3052 διωρθώθη,

242 3059 337 3112 ἀλλ’
368 3062 447 3114 ὅτι
498 3062 651 3131 μέγα
684 3062 854 3115 κακὸν
877 3061 955 3119 ὃν.
1001 3060 1470 3130 Ἐπισκέψασθε,
1525 3063 1798 3133 ἀδελφοί,

242 3143 437 3212 ἄνδρας
462 3145 537 3210 ἐξ
581 3144 747 3215 ὑμῶν
789 3144 960 3201 ἑπτά.
1011 3146 1124 3200 Οὐκ
1167 3147 1340 3217 οίκείᾳ
1383 3146 1579 3219 γνώμῃ
1628 3149 1804 3220 πράτι-

242 3243 416 3295 τουσιν,
442 3228 591 3281 ἀλλά
614 3229 872 3301 πρότερον
894 3228 1283 3297 ἀπολογοῦνται
1305 3228 1454 3302 [114]
1477 3230 1556 3300 τῷ
1584 3231 1799 3302 πλήθει.

243 3309 377 3365 Οὕτω
433 3314 531 3366 καὶ⁹
598 3312 693 3365 νῦν
738 3312 983 3380 γίνεσθαι
1035 3312 1161 3369 ἔδει.
1226 3314 1347 3367 Οὐκ
1415 3314 1569 3377 ἐστι,
1613 3317 1798 3386 φησὶν.

240 3392 474 3459 ἀρεστὸν
538 3396 983 3461 καταλιπόντας
1039 3394 1196 3463 ἡμᾶς
1272 3395 1377 3448 τὸν
1436 3397 1624 3465 λόγον
1696 3398 1801 3453 τοῦ

245 3475 396 3542 Θεοῦ,
434 3477 751 3531 διακονεῖν
806 3476 1136 3545 τραπέζαις.
1202 3478 1425 3550 Πρῶτον
1494 3481 1554 3533 τὸ
1604 3482 1803 3536 ἄτοπον

238 3559 421 3629 τίθησι,
468 3562 717 3626 δεικνὺς,
765 3562 841 3624 ὡς
872 3561 969 3614 οὐκ
1004 3561 1123 3615 ἐνὸν
1162 3575 1189 3602 ει
1225 3563 1361 3632 μετά
1406 3565 1640 3635 σπουδῆς
1691 3566 1803 3635 ἀμ-

242 3641 421 3712 φότερα
460 3643 750 3711 γίνεσθαι·
792 3644 914 3696 ἐπεὶ⁸
970 3645 1064 3698 καὶ
1095 3645 1183 3699 ὅτε
1210 3646 1299 3698 τὸν
1339 3647 1586 3701 Ματθίαν
1625 3665 1804 3721 χειρο-

238 3728 390 3779 τονεῖν
442 3727 710 3797 ἔμελλον,
747 3727 961 3797 πρῶτον
996 3726 1093 3798 τὴν
1140 3728 1327 3799 χρείαν
1365 3730 1667 3785 δεικνύουσι
1710 3731 1804 3785 τοῦ

241 3810 575 3880 πράγματος,
627 3811 711 3864 ὅτι
768 3826 829 3863 τε
875 3809 1057 3863 ἔλιπεν
1099 3805 1200 3877 εἷς,
1245 3812 1339 3865 καὶ
1395 3813 1501 3866 ἔδει
1552 3813 1806 3882 γενέσθαι

239 3892 447 3949 δώδεκα.
500 3895 618 3948 Καὶ
662 3893 894 3948 ἐνταῦθα
946 3894 1045 3966 τὴν
1097 3894 1285 3967 χρείαν
1341 3895 1650 3966 ἐδήλωσαν·
1711 3900 1808 3952 καὶ

240 3976 348 4028 οὔτε
396 3978 665 4047 πρότερον
700 3977 982 4046 ἐποίησαν,
1014 3977 1147 4032 ἀλλά
1175 3979 1529 4049 περιέμειναν
1557 3981 1807 4048 γενέσθαι

241 4058 319 4109 τὸν
349 4059 691 4129 γογγυσμὸν,
719 4057 843 4112 οὔτε
878 4060 985 4131 μὴν
1008 4060 1298 4132 ἠνέσχοντο
1346 4061 1439 4114 ἐπὶ
1483 4062 1618 4117 πολὺ
1652 4062 1810 4117 τοῦτο

244 4143 529 4212 συμϐῆναι.

302 4232 365 4291 γ’.
390 4227 500 4278 Καὶ
526 4226 654 4294 ὅρα,
670 4224 769 4296 τὴν
787 4226 965 4296 κρίσιν
993 4225 1174 4288 αὐτοῖς
1193 4227 1563 4299 ἐπιτρέπουσι,
1577 4228 1810 4293 καὶτοὺς

241 4309 393 4364 πᾶσιν
422 4310 765 4381 ἀρέσκοντας
792 4311 885 4363 καὶ
931 4309 1035 4362 ὑπὸ
1087 4310 1303 4363 πάντων
1335 4312 1812 4383 μαρτυρουμένους

243 4390 473 4457 ἐκείνους
509 4392 923 4463 προϐάλλονται.
964 4393 1092 4446 Ὅτε
1138 4392 1237 4461 μὲν
1276 4392 1370 4447 οὖν
1422 4394 1513 4447 τὸν
1564 4396 1811 4449 Ματθίαν

243 4474 338 4528 ἔδει
400 4476 831 4548 προϐάλλεσθαι,
867 4475 982 4539 Δεῖ,
1017 4476 1224 4545 ἔλεγον,
1252 4473 1369 4531 τῶν
1392 4480 1814 4533 συνελθόντων

244 4560 376 4628 ἡμῖν
395 4560 639 4629 ἀνδρῶν
666 4562 736 4617 ἐν
755 4560 932 4615 παντί
961 4560 1041 4625 τῷ
1082 4562 1307 4630 χρόνῳ·
1346 4562 1581 4616 ἐνταῦθα
1616 4562 1674 4615 δέ
1715 4564 1812 4633 οὐχ

245 4643 436 4709 οὕτως·
475 4647 539 4699 οὐ
590 4647 698 4715 γάρ
744 4644 981 4699 τοιοῦτον
1006 4641 1157 4715 ἦντὸ
1186 4646 1434 4716 πρᾶγμα.
1484 4647 1574 4700 Διὸ
1621 4648 1715 4700 καὶ
1751 4649 1810 4699 οὐ

243 4728 421 4799 κλήρῳ
442 4728 580 4783 αὐτὸ
607 4727 932 4799 ἐπέτρεψαν,
977 4727 1101 4781 οὔτε
1143 4728 1324 4791 πάλιν,
1353 4729 1637 4801 δυνάμενοι
1661 4731 1814 4783 αὐτοὶ

246 4812 451 4877 ἐκλέξαι
504 4810 777 4881 Πνεύματι
833 4810 1159 4881 κινούμενοι,
1197 4811 1353 4866 τοῦτο
1408 4812 1674 4867 ποιοῦσιν·
1706 4813 1815 4867 ἀπὸ

244 4896 334 4965 τῆς
364 4896 479 4949 τῶν
513 4895 725 4948 πολλῶν
760 4896 1062 4967 μαρτυρίας
1098 4897 1159 4949 τὸ
1188 4894 1378 4950 δοκοῦν
1422 4897 1621 4966 μᾶλλον
1654 4897 1814 4950 ἱστῶ-

249 4995 343 5032 σιν.
377 4980 594 5043 Ἄλλως
627 4978 684 5032 δὲ
715 4979 774 5034 τὸ
802 4981 899 5050 μὲν
918 4979 1093 5050 ὁρίσαι
1122 4979 1212 5032 τὸν
1240 4980 1494 5051 ἀριθμὸν,
1522 4983 1614 5033 καὶ
1640 4998 1817 5053 χειροο

246 5061 490 5132 τονῆσαι,
517 5064 611 5115 καὶ
640 5062 700 5115 τὸ
724 5063 783 5115 ἐν
810 5062 967 5133 χρείᾳ
992 5062 1236 5135 τοιαύτῃ,
1264 5063 1442 5117 αὐτῶν
1465 5059 1559 5135 ἦν·
1610 5068 1670 5117 τὸ
1697 5064 1754 5118 δὲ
1786 5065 1814 5106 ι)

248 5144 457 5199 ἑλέσθαι
490 5147 615 5210 τοὺς
646 5146 844 5215 ἄνδρας
881 5146 1108 5209 ἐκείνοις
1134 5149 1539 5216 ἐπιτρέπουσιν,
1593 5149 1681 5202 ἵνα
1742 5150 1816 5220 μὴ

248 5226 467 5295 δόξωσιν
511 5230 664 5284 αὐτοὶ
709 5230 1062 5302 χαρίζεσθαι·
1095 5231 1217 5284 ἐπεὶ
1250 5233 1345 5285 καὶ
1380 5233 1409 5284 ὁ
1461 5232 1594 5296 Θεὸς
1645 5235 1817 5305 Μωσῇ

249 5311 533 5383 ἐπιτρέπει
558 5313 773 5369 ἑλέσθαι
802 5313 1222 5385 πρεσϐυτέρους,
1265 5314 1359 5379 οὒς
1394 5311 1524 5369 οἶδε.
1572 5318 1681 5370 Καὶ
1708 5316 1820 5388 γάρ

254 5395 441 5461 σοφίας
489 5397 688 5467 πολλῆς
716 5396 795 5450 δεῖ
816 5398 874 5450 ἐν
903 5400 1022 5460 ταῖς
1045 5397 1319 5462 τοιαύταις
1340 5399 1689 5469 οἰκονομίαις.
1727 5400 1820 5469 Μὴ

252 5477 355 5548 γὰρ
373 5479 442 5549 δὴ
468 5480 747 5551 νομίσητε,
775 5480 962 5551 ἐπειδὴ
987 5480 1143 5549 λόγον
1166 5482 1267 5535 οὐκ
1291 5482 1710 5552 ἐγκεχείρισται,
1738 5484 1820 5536 ὅτι

254 5560 309 5613 οὐ
334 5561 529 5630 χρείαν
564 5563 674 5632 ἔχει
701 5563 895 5632 σοφίας
942 5565 971 5616 ό
999 5563 1268 5629 τοιοῦτος·
1318 5565 1505 5634 χρῄζει
1553 5566 1682 5637 γάρ,
1728 5568 1824 5620 καὶ

254 5643 477 5711 ⁸ξιπολλῆς.
518 5644 717 5715 Ἡμεῖς
772 5645 858 5711 δὲ,
925 5648 1078 5716 φησὶ,
1131 5646 1206 5714 τῇ
1243 5646 1552 5715 προσευχῇ
1600 5649 1699 5701 καὶ
1749 5648 1822 5716 τῇ

258 5724 529 5794 διακονία
549 5730 657 5785 τοῦ
676 5730 862 5799 λόγου
896 5730 1514 5801 προσκαρτερήσομεν.
1540 5734 1647 5786 Καὶ
1663 5734 1825 5804 ἀρχό-

265 5868 317 5931 ‘_
380 5859 517 5931 Unug
562 5862 834 5931 τίθησψρρς
864 5864 950 5912 οὐκ
974 5864 1093 5915 ἐνόν.
1132 5863 1161 5906 δ
1184 5862 1356 5917 Morel.
1382 5871 1435 5915 ει
1456 5878 1581 5913 unus
1612 5866 1718 5915 cod.
1740 5866 1826 5913 αύ-

264 5925 354 5967 τῶν
377 5925 642 5985 ποιοῦνται,
668 5926 724 5972 τὸ
746 5925 816 5973 δέ.

1225 292 1291 346 ΙΝ
1331 293 1513 348 ACTA
1544 294 2082 357 APOSTOLORUM.
2119 300 2349 358 HOMIL.
2393 303 2529 359 XIV.

3350 310 3455 366 H6

1887 437 2037 492 μενοι
2066 421 2158 475 καὶ
2183 421 2541 487 τελευτῶντες
2565 422 2975 493 ἀπολογοῦνται.
3004 426 3457 492 Προσκαρτερή-

1884 521 2091 576 σομεν,
2135 506 2315 574 φασίν.
2352 506 2509 561 Οὕτω
2538 509 2647 580 γάρ
2694 508 2822 573 ἔδει,
2868 508 2965 577 οὐχ
3019 507 3204 571 ἁπλῶς
3254 509 3361 561 οὐδ’
3386 509 3462 574 ὡς

1880 588 2088 658 ἔτυχεν,
2122 589 2260 643 ἀλλά
2298 595 2748 663 προσκαρτερεῖν.
2804 592 2911 645 Kal
2953 592 3155 659 ἤρεσε,
3192 591 3377 661 φησὶν,
3427 593 3462 644 ό

1878 671 2055 740 λόγος
2080 670 2335 726 ἐνώπιον
2351 676 2577 740 παντὸς
2598 675 2706 728 τοῦ
2742 674 3039 739 πλήθους.
3060 673 3169 726 Kal
3187 673 3343 725 τοῦτο
3362 672 3461 742 τῆς

1879 754 2061 806 αὐτῶν
2073 755 2262 822 σοφίας
2273 755 2658 821 ἀξιον.Πάντες
2681 756 2951 828 ἐπῄνεσαν
2974 756 3035 809 τὸ
3063 755 3271 825 λεχθέν·
3291 754 3461 817 οὕτως

1878 831 1947 908 ἦν
1968 838 2202 891 συνετόν.
2226 840 2331 892 Καὶ
2351 838 2731 904 ἐξελέξαντο,
2753 840 2885 909 φησὶ
2919 841 3103 910 (πάλιν
3126 840 3277 893 αὐτοὶ
3307 838 3462 892 ἐκλέ-

1882 923 2113 988 γονται),
2167 920 2496 989 Στέφανον,
2556 922 2745 990 ἄνδρα
2793 922 2997 991 πλήρη
3055 925 3312 987 πίστεως
3364 920 3465 973 καὶ

1882 1005 2227 1072 Πνεύματος
2276 1005 2468 1075 ἁγίου,
2513 1006 2611 1059 καὶ
2643 1008 2947 1060 Φίλιππον
2991 1006 3088 1059 καὶ
3134 1007 3464 1074 Πρόχορον,

1883 1089 1981 1141 καὶ
2032 1087 2350 1156 Νικάνορα,
2406 1089 2502 1141 καὶ
2562 1090 2809 1158 Τίμωνα,
2865 1090 2961 1143 καί
2994 1089 3331 1159 Παρμενᾶν,
3366 1090 3463 1141 καὶ

1883 1172 2181 1225 Νικόλαον
2231 1171 2616 1239 προσήλυτον
2652 1173 2975 1240 Ἀντιοχέα·
3034 1174 3143 1239 οὓς
3194 1172 3468 1238 ἔστησαν

1884 1255 2138 1309 ἐνώπιον
2195 1255 2314 1309 τῶν
2371 1258 2750 1311 ἀποστόλων.
2820 1258 2925 1311 Kal
2992 1256 3466 1325 προσευξάμενοι

1884 1339 2188 1405 ἐπέθηκαν
2232 1339 2437 1403 αὐτοῖς
2483 1338 2590 1404 τὰς
2640 1338 2859 1408 χεῖρας.
2913 1340 3007 1392 Ἕκ
3043 1339 3231 1393 τούτου
3288 1339 3464 1409 δῆλον,

1887 1422 1968 1475 ὅτι
1994 1421 2276 1492 ἀφώρισαν
2304 1422 2499 1485 αὐτοὺς
2542 1420 2636 1473 τοῦ
2682 1422 2938 1491 πλήθους,
2974 1422 3067 1474 καὶ
3097 1422 3248 1474 αὐτοὶ
3277 1421 3467 1473 ἐλκου-

1890 1520 1991 1568 σιν,
2024 1504 2121 1573 οὐχ
2146 1505 2195 1555 οί
2248 1504 2535 1556 ἀπόστολοι
2578 1504 2818 1571 ἄγουσιν.
2845 1504 3005 1574 Ὅρα,
3051 1502 3165 1565 πῶς
3209 1503 3309 1555 οὐκ
3353 1502 3469 1554 ἐστι

1888 1587 2139 1656 περιττὸς
2184 1588 2212 1639 ό
2256 1585 2688 1656 συγγραφεύςο·
2734 1586 2794 1638 οὐ
2819 1586 2928 1656 γάρ
2958 1585 3105 1652 λέγει
3157 1584 3294 1647 πῶς,
3353 1583 3467 1637 ἀλλ’

1888 1670 2093 1735 ἁπλῶς,
2132 1670 2213 1722 ὅτι
2254 1669 2739 1740 ἐχειροτονήθησαν
2775 1669 2862 1723 διὰ
2909 1668 3215 1739 προσευχῆς
3238 1686 3252 1698 ·
3312 1668 3472 1720 τοῦτο

1889 1752 1997 1821 γὰρ
2027 1753 2061 1818 ἠ
2111 1752 2412 1823 χειροτονία
2450 1752 2618 1805 ἐστίν.
2660 1751 2726 1803 Ἦ
2776 1751 2898 1821 χεὶρ
2954 1751 3225 1804 ἐπίκειται
3256 1748 3350 1803 τοῦ
3378 1751 3471 1803 ἀν·

1888 1835 2036 1905 δρὸς,
2069 1836 2131 1887 τὸ
2161 1834 2217 1887 δὲ
2264 1838 2375 1888 πᾶν
2407 1837 2435 1888 ό
2464 1834 2596 1898 Θεὸς
2622 1835 2930 1905 ἐργάζεται,
2964 1836 3060 1888 καὶ
3086 1836 3119 1905 ἡ
3154 1833 3319 1887 αὑτοῦ
3349 1834 3473 1906 χείρ

1892 1918 2038 1970 ἐστιν
2064 1919 2097 1989 ή
2127 1918 2402 1988 ἁπτομένη
2432 1917 2530 1987 τῆς
2562 1917 2805 1987 κεφαλῆς
2845 1917 2939 1969 τοῦ
2972 1918 3469 1987 χειροτονουμένου,

1892 2000 1986 2052 ἐάν
2012 2000 2086 2063 ὡς
2114 2000 2196 2052 δεῖ
2236 1998 2630 2070 χειροτονῆται.
2686 2000 2796 2052 Καὶ
2842 2003 2873 2054 ό
2909 2003 3110 2069 λόγος,
3168 2000 3322 2069 φησὶ,
3363 1998 3471 2052 τοῦ

1895 2083 2042 2135 Θεοῦ
2094 2082 2341 2148 ηὔξανε,
2403 2082 2502 2134 καὶ
2567 2083 2937 2149 ἐπληθύνετο
2982 2085 3014 2135 ὀ
3065 2082 3310 2151 ἀριθμὸς
3355 2079 3475 2134 τῶν

1887 2164 2187 2232 μαθητῶν.
2221 2166 2331 2234 Οὐχ
2385 2164 2571 2227 ἀπλῶς
2621 2161 2739 2217 εἶπε
2775 2164 2950 2225 τοῦτο,
3006 2164 3121 2216 ἀλλ’
3162 2164 3250 2217 ίνα
3300 2162 3471 2234 δείξῃ,

1893 2248 1992 2317 ὅση
2020 2248 2120 2317 τῆς
2166 2248 2535 2318 ἐλεημοσύνης
2574 2249 2608 2319 ή
2641 2250 2794 2318 ἰσχὺς
2849 2249 2943 2300 καὶ
2994 2248 3093 2317 τῆς
3154 2247 3470 2310 διατάξεως.

1894 2331 2004 2385 Kal
2046 2330 2227 2402 μέλλει
2270 2332 2454 2385 λοιπὸν
2498 2331 2802 2402 διηγεῖσθαι
2850 2332 2919 2383 τά
2966 2332 3108 2384 κατὰ
3166 2330 3471 2398 Στέφανον·

1895 2414 1975 2468 διὸ
2000 2414 2219 2478 καὶτὰς
2269 2415 2447 2476 αἰτίας
2495 2412 2676 2467 αὐτῶν
2713 2413 3003 2485 προτίθησι
3030 2427 3043 2441 ·
3095 2412 3204 2465 Καὶ
3233 2412 3473 2474 πολλοὶ,

1896 2496 2048 2568 φησὶ,
2066 2495 2182 2549 τῶν
2202 2496 2403 2565 ἱερέων
2425 2494 2737 2562 ὑπήκουον
2761 2494 2835 2562 τῇ
2860 2496 3079 2548 πίστει.
3103 2494 3475 2567 [115]Ἐπειδὴ

1897 2578 2006 2650 γὰρ
2038 2574 2176 2632 εἶδον
2208 2582 2299 2631 τὸν
2324 2581 2561 2649 ἄρχοντα
2609 2580 2703 2631 καὶ
2728 2578 3046 2631 διδάσκαλον
3067 2577 3239 2631 ταῦτα
3264 2580 3479 2648 ἀποφη-

1897 2661 2148 2731 νάμενον,
2182 2661 2291 2714 ἀπὸ
2313 2662 2422 2713 τῶν
2461 2660 2636 2730 ἔργων
2659 2660 2844 2713 λοιπὸν
2887 2660 2987 2730 τὴν
3018 2663 3211 2730 πεῖραν
3236 2660 3479 2730 ἐλάμϐα-

1898 2762 2007 2797 νον.
2044 2746 2154 2799 Kal
2183 2744 2459 2815 θαυμάσαι
2487 2744 2660 2809 ἀξιον,
2703 2743 2821 2806 πῶς
2866 2744 2966 2796 οὐκ
2995 2732 3219 2815 ἐσχίσθη
3257 2744 3317 2796 τὺ
3346 2744 3480 2815 πλῆ-

1899 2826 1990 2890 θος
2011 2829 2068 2880 ἐν
2116 2830 2183 2898 τῇ
2212 2828 2419 2899 αἱρέσει
2453 2827 2561 2880 τῶν
2593 2826 2825 2897 ἀνδρῶν,
2861 2826 2978 2890 πῶς
3005 2828 3107 2880 οὐκ
3151 2826 3481 2897 ἀπεδοκιμά-

1903 2910 2106 2981 σθησαν
2133 2912 2224 2964 ὑπ’
2254 2910 2433 2965 αὐτῶν
2463 2912 2514 2963 0l
2546 2910 2854 2964 ἀπόστολοι.

1983 2997 2196 3049 Ὀποϊον
2229 2996 2287 3049 δὲ
2310 2996 2421 3067 ἄρα
2447 2996 2667 3065 ἀξίωμα
2693 2991 2839 3065 εἶχον
2858 2988 3027 3059 οὗτοι,
3055 2996 3150 3049 καὶ
3184 2994 3342 3048 ποίαν
3370 2992 3483 3046 ἐδέ-

1903 3082 2059 3146 ξαντο
2083 3080 2438 3153 χειροτονίαν,
2471 3080 2772 3148 ἀναγκαῖον
2821 3078 3031 3149 μαθεῖν.
3073 3074 3223 3148 Ἀρα
3245 3080 3345 3149 τὴν
3372 3078 3482 3131 τῶν

1901 3168 2168 3222 διακόνων
2193 3184 2206 3226 ς
2236 3166 2346 3220 Kal
2377 3164 2483 3237 μὴν
2513 3164 2673 3218 τοῦτο
2702 3166 2760 3218 ἐν
2813 3167 2933 3227 ταῖς
2982 3163 3332 3233 Ἐκκλησίαις
3382 3163 3485 3216 οὐκ

1902 3250 2071 3314 ἐστιν,
2103 3249 2240 3302 ἀλλὰ
2284 3249 2393 3300 τῶν
2447 3246 2837 3320 πρεσϐυτέρων
2894 3247 3043 3299 ἐστὶν
3089 3248 3124 3318 ή
3175 3245 3480 3314 οἰκονομία·

1904 3334 2081 3388 καίτοι
2117 3332 2328 3385 οὐδέπω
2361 3332 2537 3395 οὐδεὶς
2559 3330 2860 3394 ἐπίσκοπος
2882 3327 2970 3402 ἦν,
2992 3331 3105 3402 ἀλλ’
3127 3333 3173 3383 οἱ
3196 3330 3483 3383 ἀπόστολοι

1907 3418 2088 3489 μόνον.
2116 3415 2280 3469 Ὅθεν
2301 3413 2426 3470 οὔτε
2455 3414 2742 3477 διακόνων,
2769 3400 3309 3486 οὕτεήπρεσόυτέρων
3330 3409 3484 3483 οἶμαι

1903 3502 1965 3555 τὸ
1978 3502 2148 3572 ὄνομα
2174 3496 2311 3555 εἶναι
2331 3499 2488 3571 δῆλον
2515 3500 2609 3553 καὶ
2633 3500 2884 3571 φανερόν·
2911 3499 3046 3553 ἀλλά
3069 3500 3206 3561 τέως
3225 3500 3303 3561 εἰς
3325 3497 3485 3550 τοῦτο

1904 3585 2411 3657 ἐχειροτονήθησαν.
2433 3584 2545 3636 Kal
2570 3584 2668 3654 οὺχ
2682 3583 2869 3646 ἀπλῶς
2894 3580 3483 3653 ἐνεχειρίσθησαν,ἀλλ’

1904 3670 2203 3734 ἐπεύξαντο
2224 3669 2407 3733 αὐτοῖς
2443 3667 2696 3737 γενέσθαι
2742 3666 2990 3738 δύναμιν.
3024 3666 3165 3736 Ὅρα
3197 3665 3253 3717 δέ
3292 3683 3403 3735 μοι,
3434 3665 3485 3717 εί

1905 3754 2045 3807 ἑπτὰ
2067 3752 2275 3823 ἀνδρῶν
2304 3751 2523 3822 ἐδέησεν
2546 3752 2626 3813 είς
2641 3749 2820 3812 τοῦτο,
2848 3748 3086 3803 τοσαῦτα
3110 3749 3239 3810 ἴσως
3260 3748 3486 3819 ἐπέρρει

1906 3838 2010 3908 χρή
2020 3835 2458 3906 ματα,τοσούτων
2480 3833 2666 3904 χηρῶν
2684 3832 2889 3903 πλῆθος
2900 3828 2989 3904 ἦν.
3013 3834 3274 3903 ’Δραοὺχ
3299 3832 3485 3895 ἁπλῶς

1907 3922 1964 3973 al
1996 3919 2153 3988 εὐχαὶ
2183 3918 2442 3987 ἐγίνοντο,
2459 3916 2595 3969 ἀλλὰ
2609 3915 2747 3986 μετά
2775 3915 2978 3984 πολλῆς
3008 3916 3110 3984 τῆς
3138 3917 3360 3986 σχολῆς·
3391 3915 3489 3968 καὶ

1906 4003 2086 4066 τοῦτο,
2116 4003 2303 4072 ὥσπερ
2332 4002 2394 4055 τὸ
2444 4002 2731 4072 κήρυγμα,
2778 3998 2953 4062 οὕτως
3004 4000 3218 4071 ἠνύετο·
3260 4002 3329 4055 τά
3375 4002 3487 4072 γὰρ

1908 4086 2081 4140 πλείω
2112 4086 2339 4148 ταύταις
2368 4086 2549 4155 ἤνυον.
2608 4084 2766 4137 Οῦτω
2806 4084 2875 4136 τὰ
2921 4084 3266 4156 πνευματικά
3300 4086 3490 4138 ἐπελέο

1909 4189 2089 4241 γοντο,
2117 4170 2258 4224 οὓτω
2290 4170 2386 4224 καὶ
2409 4170 2544 4240 πρὸς
2566 4168 2877 4239 ἀποδημίας
2904 4168 3215 4223 ἐστέλλοντο
3233 4168 3284 4234 ἀ,
3315 4168 3489 4234 οὕτως

1910 4254 2353 4325 ἐνεχειρίσθησαν
2383 4248 2527 4307 οὗτοι
2557 4254 2649 4306 τὸν
2696 4252 2872 4320 λόγον,
2913 4252 3021 4306 Kal
3049 4253 3111 4305 οὐ
3147 4252 3315 4321 λέγει,
3368 4254 3489 4307 ούδὲ

1910 4336 2127 4408 ἐπαίρει
2158 4337 2375 4400 αὐτοὺς,
2399 4335 2516 4389 ἀλλ’
2546 4336 2629 4390 ὅτι
2658 4336 2719 4388 τὸ
2744 4335 2897 4388 δοθὲν
2919 4337 3135 4405 ἀφεῖναι
3173 4334 3352 4405 ἔργον,
3387 4337 3489 4390 οὐκ

1910 4421 2161 4492 ἀρεστόν.
2185 4419 2372 4484 Οὕτως
2393 4416 2534 4491 ἦσαν
2567 4419 2677 4473 ἀπὸ
2714 4420 2961 4482 Μωσέως
2996 4419 3377 4481 παιδευθέντες
3411 4423 3486 4492 μὴ

1912 4505 2091 4558 πάντα
2117 4504 2270 4557 αὐτοὶ
2305 4502 2724 4574 μεταχειρίζειν.
2764 4502 2861 4555 Διά
2889 4502 3047 4555 τοῦτο
3077 4504 3168 4555 καὶ
3194 4505 3221 4556 ό
3256 4503 3485 4568 Παῦλος,

1912 4590 2113 4643 Μόνον
2126 4586 2246 4640 τῶν
2260 4585 2722 4656 πτωχῶν,φησὶν,
2737 4586 2837 4638 ἵνα
2853 4587 3337 4654 μνημονεύωμεν.
3365 4587 3489 4649 Πῶς

1911 4671 1970 4724 δὲ
2004 4672 2097 4724 καὶ
2118 4671 2358 4740 προῆγον
2379 4669 2621 4733 τούτους,
2658 4669 2917 4738 μάνθανε·
2956 4669 3294 4737 Ἐνήστευον,
3321 4686 3488 4739 προσ-

1913 4752 2239 4825 εκαρτέρουν
2265 4753 2418 4823 εὐχῇ.
2443 4752 2615 4807 Τοῦτο
2644 4752 2736 4803 καὶ
2773 4750 2867 4802 νῦν
2893 4749 3137 4818 γίνεσθαι
3190 4750 3316 4801 ἔδει.
3373 4750 3488 4821 Ούχ

1914 4836 2099 4901 ἀπλῶς
2152 4837 2210 4890 δὲ
2263 4836 2688 4906 πνευματικοὺς,
2733 4833 2866 4888 ἀλλά
2908 4831 3221 4901 Πνεύματος
3256 4833 3483 4903 πλήρεις

1914 4922 2011 4975 καὶ
2045 4920 2233 4989 σοφίας
2256 4914 2399 4978 εἶπε.
2425 4919 2622 4989 δηλῶν,
2652 4919 2733 4971 ὅτι
2765 4916 3007 4987 μεγάλης
3066 4916 3385 4983 φιλοσοφίας
3412 4913 3481 4988 ἦν

1915 5005 2101 5075 φέρειν
2126 5003 2457 5074 κατηγορίας
2508 5002 2710 5073 χηρῶν.
2765 4999 2829 5051 Τί
2871 4999 2981 5070 γὰρ
3009 4999 3221 5068 ὄφελος,
3249 5001 3376 5054 ὅταν
3410 5002 3487 5073 μὴ

1916 5089 2121 5159 κλέπτῃ
2168 5088 2288 5158 μὲν,
2350 5086 2590 5155 ἀπολλύῃ
2640 5084 2698 5137 δὲ
2745 5084 2948 5149 πάντας
3009 5083 3041 5154 ἦ
3095 5082 3299 5155 θρασὺς
3395 5086 3490 5139 καὶ

1916 5171 2323 5243 παροξύνηται;
2362 5169 2472 5223 Καὶ
2492 5168 2661 5239 ταύτῃ
2693 5168 2749 5221 δέ
2785 5167 3097 5237 θαυμαστὸς
3128 5164 3197 5239 ῆν
3243 5170 3271 5221 ό
3299 5169 3489 5223 Φίλιπ-

1916 5273 2036 5317 πος.
2087 5255 2223 5323 Περὶ
2276 5254 2385 5323 γὰρ
2428 5249 2593 5305 αὑτοῦ
2641 5267 2794 5323 φησι·
2835 5252 2945 5305 Καὶ
2989 5253 3365 5319 εἰσελθόντες
3401 5255 3489 5321 είς

1916 5338 2026 5392 τὸν
2035 5333 2202 5391 οἶκον
2212 5336 2514 5390 Φιλίππου
2526 5335 2631 5389 τοῦ
2646 5336 3093 5406 εὐαγγελιστοῦ,
3104 5336 3277 5400 ὄντος
3287 5337 3354 5389 ἐκ
3370 5334 3490 5388 τῶν

1918 5420 2087 5483 ἑπτὰ,
2110 5420 2425 5489 ἐμείναμεν
2452 5418 2589 5486 παρ’
2614 5417 2792 5483 αὐτῷ.
2835 5419 2998 5490 Ὁρᾷς
3036 5419 3187 5471 οὐδὲν
3212 5418 3487 5487 ἀνθρωπί-

1919 5520 2025 5566 νως
2057 5501 2453 5572 διοικούμενον;
2480 5501 2586 5556 Καὶ
2625 5502 2997 5569 ἐπληθύνετο
3040 5505 3073 5555 ό
3099 5500 3343 5569 ἀριθμὸς
3368 5500 3489 5553 τῶν

1916 5584 2196 5655 μαθητῶν
2222 5585 2293 5640 ὲν
2323 5584 2741 5654 Ἰερουσαλήμ.
2781 5586 2869 5637 Ἐν
2904 5584 3291 5653 Ἱεροσολύμοις
3314 5583 3487 5637 ἐπεδί-

1989 5742 2012 5770 °
2042 5739 2111 5809 ὍΔ
2137 5743 2427 5809 συγγραφεύς
2457 5742 2688 5809 deest_in
2716 5754 2844 5809 Διιῃο.
2932 5739 2957 5779 d
2982 5739 3151 5809 Mora].
3188 5740 3487 5809 ἐστῦιλοντο,

1925 5806 1979 5872 εὶ
2009 5807 2120 5872 pos_t
2143 5802 2441 5872 haiC'eadgm
2466 5802 2685 5872 repetit:
2716 5802 2835 5852 infra
2856 5815 2978 5872 yero
2998 5802 3288 5872 serjes_9qu
3319 5802 3493 5850 admo-

1927 5863 2044 5931 duag
2069 5863 2330 5931 vitiagey
2357 5869 2504 5931 Sam.
2527 5863 2583 5916 οι
2606 5878 2721 5915 mss.
2746 5865 2974 5915 restituta
3019 5868 3115 5931 εει.
3154 5863 3343 5913 Ibidem
3368 5876 3488 5914 mss.

1930 5926 2126 5988 quidam
2158 5928 2259 5975 ἀλλ’
2285 5928 2338 5975 ού
2372 5929 2510 5989 λέγει.
