3978 6490
605 351 707 407 1ίῖ

603 469 695 521 δου
717 466 777 520 16
796 466 1017 534 πλῆθος.
1042 467 1113 519 Τὸ
1133 466 1461 537 θαυμαστὸν,
1484 464 1613 519 ἔνθα
1641 463 1853 532 ἐσφάγη
1869 464 1897 515 6
1917 461 2171 532 Χριστὸς,

606 554 724 605 ἐκεῖ
750 548 946 619 ηὐξετο
982 550 1041 601 τὸ
1064 551 1345 620 κήρυγμα.
1381 549 1489 601 Καὶ
1515 548 1577 600 οὐ
1616 547 1773 616 μόνον
1797 548 1897 598 οὐκ
1922 544 2173 598 ἐσκανδα-

602 632 865 703 λίσθησαν
889 650 1033 695 τινες
1070 634 1176 685 τῶν
1216 631 1493 702 μαθητῶν,
1516 630 1748 700 ὁρῶντες
1775 629 1901 693 τοὺς
1924 627 2021 699 μὲν
2040 630 2173 681 ἀπο-

608 717 827 780 στόλους
860 715 1308 787 μαστιζομένους,
1331 717 1458 779 τοὺς
1490 714 1546 767 δέ
1574 712 1952 775 ἀπειλοῦντας,
1982 712 2173 775 ἄλλους

606 800 665 854 16
718 799 942 870 Πνεῦμα
997 800 1376 869 πειράζοντας,
1428 800 1646 869 ἐτέρους
1678 798 1734 850 δὲ
1784 796 2169 866 γογγύζονταςο

605 883 741 936 ἀλλὰ
764 882 996 953 μάλιστα
1048 883 1142 935 καὶ
1173 882 1522 952 προσετίθετο
1576 880 1683 933 τῶν
1710 878 2114 931 πιστευσάντων
2148 880 2176 930 6

606 966 858 1036 ἀριθμόςο
906 964 1077 1029 οὕτως
1110 966 1218 1019 ἀπὸ
1248 966 1341 1019 τοῦ
1397 966 1525 1035 περὶ
1584 964 1829 1017 Ἀνανίαν
1870 962 2176 1033 συμϐάντος

607 1048 1104 1118 ἐσωφρονίσθησαν,
1138 1048 1231 1101 καὶ
1258 1047 1459 1102 πλείων
1486 1049 1514 1100 6
1541 1047 1705 1115 φόϐος
1726 1047 1907 1109 αὐτοῖς
1931 1046 2172 1113 γέγονεν.

608 1132 751 1201 Ὅρα
792 1131 848 1183 δέ
907 1150 1017 1201 μοι,
1058 1132 1176 1194 πῶς
1226 1132 1468 1184 ἐπεδίδου
1503 1131 1564 1184 τὸ
1597 1131 1817 1199 πλῆθος.
1851 1129 2007 1182 Μετὰ
2052 1130 2176 1191 τοὺς

605 1217 967 1286 πειρασμοὺς,
990 1217 1107 1269 τότε
1135 1216 1427 1281 ἐπέδωκεν,
1458 1216 1577 1284 οὐχὶ
1613 1214 1718 1285 πρὸ
1735 1212 1946 1265 106100.
1978 1213 2174 1264 Σκόπει

604 1298 661 1351 δὲ
696 1300 787 1351 καὶ
819 1300 959 1370 πόση
989 1298 1367 1368 φιλανθρωπία
1394 1297 1485 1350 τοῦ
1510 1296 1663 1349 Θεοῦ.
1713 1296 1802 1359 Ἐξ
1830 1294 2050 1348 ἐκείνων
2070 1294 2177 1363 γὰρ

605 1381 713 1433 τῶν
742 1381 1044 1452 ἀρχιερέων
1066 1380 1173 1433 τῶν
1203 1380 1338 1449 πρὸς
1367 1378 1526 1447 φόνον
1567 1379 1691 1441 τοὺς
1719 1378 1908 1447 όχλους
1938 1376 2177 1446 παροξυο

605 1466 823 1528 νόντων,
848 1465 955 1517 τῶν
976 1463 1196 1517 τοιαῦτα
1218 1464 1461 1532 βοώντων
1485 1462 1579 1514 καὶ
1596 1461 1881 1529 λεγόντων·
1913 1462 2177 1525 ’Ἄλλους

605 1546 862 1612 ἔσωσεν,
903 1546 1120 1600 ἑαυτὸν
1175 1549 1245 1599 οὐ
1291 1546 1540 1598 δύναται
1588 1542 1800 1597 σῶσαι·
1856 1544 1922 1595 ἐκ
1973 1541 2176 1595 τούτων

608 1629 855 1696 Πολλοὶ,
892 1628 1077 1699 φησὶν,
1106 1628 1420 1696 ὑπήκουον
1450 1626 1527 1695 τῇ
1557 1627 1777 1681 πίστει.

671 1798 732 1851 6'.
755 1797 926 1851 Αὐτοῦ
954 1798 1133 1851 τοίνυν
1148 1797 1241 1853 καὶ
1257 1798 1416 1867 ἡμεῖς
1432 1795 1713 1866 γενώμεθα
1733 1796 1983 1868 μιμηταί.
2002 1798 2176 1869 Προσ-

603 1882 822 1946 εδέξατο
873 1882 1109 1944 αὐτοὺς,
1165 1881 1260 1933 καὶ
1302 1881 1401 1932 οὐκ
1454 1878 1705 1942 ἐξέϐαλεν
1760 1893 1808 1933 ιι.
1858 1876 2011 1933 Οὑτω
2052 1881 2177 1942 τοὺς

604 1965 833 2035 ἐχθροὺς
854 1965 1210 2035 ἀμειϐώμεθα
1236 1965 1363 2026 τοὺς
1390 1964 1460 2016 τὰ
1491 1962 1655 2033 μυρία
1688 1964 1835 2032 ήμᾶς
1868 1963 2177 2032 ἐργασαμέ-

602 2066 726 2112 νους
748 2048 793 2121 [1
814 2048 893 2120 16]
907 2048 1072 2102 δεινά.
1099 2050 1277 2119 Ὅπερ
1294 2048 1359 2101 ἂν
1370 2047 1581 2116 ἔχωμεν
1602 2046 1825 2111 ἀγαθὸν,
1839 2046 2018 2107 αὐτοῖς
2037 2062 2177 2115 παρο

601 2131 816 2201 ἐχωμεν
830 2132 886 2170 δ’
917 2131 990 2201 μὴ
1012 2130 1370 2201 παρέλθωμεν
1389 2130 1582 2191 αὐτοὺς
1599 2126 1962 2190 εὐποιοῦντες.
1976 2128 2039 2180 Εἰ
2068 2128 2173 2199 γὰρ

601 2216 680 2286 τῷ
711 2214 903 2267 παθεῖν
934 2215 1135 2278 κακῶς,
1182 2214 1459 2283 ἐμπλῆσαι
1506 2213 1588 2264 δεῖ
1616 2211 1707 2264 τὸν
1759 2211 1927 2281 θυμὸν
1972 2210 2171 2273 αὐτῶν,

604 2298 785 2369 πολλῷ
837 2298 1037 2367 μᾶλλον
1094 2297 1170 2367 τῷ
1215 2297 1523 2366 εὐποιῆςται⁸
1573 2294 1730 2347 τοῦτο
1795 2294 1905 2365 γὰρ
1953 2294 2173 2347 ἔλαττον

601 2379 833 2433 ἐκείνου.
869 2380 982 2431 Οὐκ
1015 2378 1129 2432 ἔστι
1183 2378 1291 2447 γὰρ
1341 2380 1454 2431 ἴσον
1501 2377 1791 2446 εὐποιῆσαι
1821 2377 2035 2447 ἐχθρὸν,
2080 2379 2173 2431 καὶ

604 2462 824 2533 μείζονα
849 2461 1072 2531 θελῆσαι
1106 2461 1354 2531 παθεῖνῆ
1389 2461 1692 2529 βούλεσθαι·
1726 2460 1833 2512 ἀπὸ
1859 2460 2047 2513 τούτου
2080 2462 2173 2514 καὶ

600 2546 687 2597 ἐπ’
714 2546 894 2598 ἐκεῖνα
928 2546 1149 2615 ἥξομεν.
1179 2544 1347 2598 Τοῦτο
1398 2543 1615 2613 ἀξίωμα
1655 2543 1762 2595 τῶν
1792 2542 1885 2595 τοῦ
1929 2543 2172 2612 Χριστοῦ

605 2628 886 2699 μαθητῶν.
928 2627 1306 2698 Ἐσταύρωσαν
1330 2627 1491 2680 αὐτόν
1515 2627 1735 2679 ἐλθόντα
1764 2627 1856 2678 ἐπὶ
1886 2626 2175 2696 εὐεργεσίᾳ

601 2712 667 2779 τῇ
699 2708 900 2771 αὐτῶν,
929 2710 1055 2771 τοὺς
1089 2708 1339 2778 μαθητὰς
1362 2706 1525 2760 αὐτοῦ
1559 2705 1880 2774 ἐμάστιξαν,
1914 2705 2005 2757 καὶ
2036 2703 2176 2773 μετὰ

601 2792 775 2845 ταῦτα
793 2793 872 2853 είς
888 2792 987 2861 τὴν
1010 2790 1178 2861 αὐτὴν
1197 2791 1392 2852 αὐτοὺς
1416 2789 1538 2857 ἄγει
1560 2792 1672 2852 τοῖς
1699 2788 1964 2859 μαθηταῖς
1985 2788 2172 2858 τιμὴν,

601 2873 802 2941 ὁμοίως
824 2874 1006 2936 αὐτοῖς
1032 2872 1343 2943 μεταδιδοὺς
1367 2871 1474 2924 τῶν
1510 2870 1697 2924 αὐτοῦ.
1729 2870 1982 2941 Μιμητα)⁵
2006 2870 2177 2938 γενώ-

606 2957 765 3028 μεθα,
797 2956 1114 3027 παρακαλῶ,
1151 2954 1243 3008 τοῦ
1296 2955 1552 3025 Χριστοῦυ
1584 2954 1726 3007 κατὰ
1754 2954 1911 3006 τοῦτο
1939 2953 2051 3006 ἐστι
2082 2971 2173 3023 μι-

600 3038 886 3111 μήσασθαι
938 3038 1121 3092 αὐτόν·
1177 3038 1335 3091 τοῦτο
1372 3038 1483 3092 ἴσον
1547 3039 1693 3089 ποιεῖ
1741 3036 1817 3106 τῷ
1848 3036 1985 3106 Θεῷ,
2018 3036 2175 3089 τοῦτο

605 3123 792 3194 μεῖζον
824 3121 1024 3193 ἢκατὰ
1048 3121 1333 3194 ἄνθρωπόν
1364 3123 1531 3175 ἐστιν.
1572 3120 1856 3192 Ἐχώμεθα
1888 3122 1984 3189 τῆς
2018 3121 2171 3191 ἐλεη-

605 3206 861 3277 μοσύνης
899 3206 1035 3276 αὐτη
1092 3204 1437 3273 παιδαγωγὸς
1470 3204 1565 3256 καὶ
1613 3204 1933 3267 διδάσκαλος
1958 3204 2174 3274 ἐκείνης

600 3290 700 3360 τῆς
720 3289 1035 3358 φιλοσοφίας
1069 3291 1235 3342 ἐστίν.
1278 3289 1335 3342 '0
1377 3286 1564 3358 μαθὼν
1620 3287 1790 3342 ἐλεεῖν
1819 3288 1910 3341 τὸν
1949 3289 2005 3340 ἐν
2036 3305 2173 3358 συμ-

601 3374 762 3444 φορᾷ.
792 3374 1097 3444 μαθήσεται
1118 3374 1212 3426 καὶ
1237 3372 1310 3444 μὴ
1336 3374 1719 3442 μνησικακεῖνῖ
1736 3374 1763 3424 6
1786 3371 1969 3442 μαθὼν
1988 3370 2169 3436 τοῦτο,

601 3458 695 3509 κα)⁵
722 3457 947 3527 ἐχθροὺς
985 3458 1293 3526 εὐεργετεῖν
1345 3457 1650 3526 δυνήσεται.
1701 3456 1975 3526 Μάθωμεν
2005 3474 2172 3509 κατα-

602 3539 834 3592 κλᾶσθαι
866 3543 977 3603 τοῖς
1004 3541 1112 3593 τῶν
1163 3540 1390 3610 πλησίον
1423 3541 1629 3603 κακοῖς,
1683 3540 1778 3593 καὶ
1815 3539 2171 3609 μαθησόμεθα

601 3624 696 3675 καὶ
750 3624 816 3676 τὰ
848 3623 993 3677 κακά
1024 3624 1201 3677 αὐτῶν
1245 3624 1452 3694 φέρειν.
1480 3624 1651 3676 Αὐτὸν
1677 3625 2042 3695 ἐρωτήσωμεν
2078 3625 2171 3679 τὸν

601 3706 788 3769 κακῶς
811 3707 956 3775 ἡμᾶς
990 3706 1316 3771 διατιθέντα,
1342 3709 1389 3760 εί
1413 3706 1486 3777 μὴ
1514 3706 1921 3774 καταγινώσκει
1951 3706 2167 3773 ἐαυτοῦ,

599 3788 650 3840 εί
681 3787 756 3859 μὴ
801 3789 972 3842 ἐθέλοι
1003 3789 1331 3859 φιλοσοφεῖν.
1373 3791 1421 3842 εί
1468 3790 1542 3859 μὴ
1583 3789 1753 3859 θυμοῦ
1799 3790 1862 3843 16
1891 3792 1998 3844 πᾶν
2032 3787 2168 3845 εἷναί

599 3886 784 3939 φησιν,
811 3872 860 3924 εἰ
900 3872 973 3942 μὴ
998 3873 1382 3942 μικροψυχίας,
1409 3873 1457 3925 εί
1486 3872 1559 3943 μὴ
1595 3873 1988 3943 ταλαιπωρίας,
2014 3875 2063 3926 εί
2093 3874 2167 3943 μὴ

600 3953 842 4022 βούλοιτο
872 3954 980 4007 τῶν
1011 3954 1381 4025 ὑϐριζομένων
1410 3950 1549 4008 εἶναι
1588 3955 1681 4008 καὶ
1712 3954 2006 4023 σιγώντων,
2032 3955 2167 4010 ἀλλὰ

602 4038 678 4108 μὴ
708 4038 814 4092 τῶν
837 4037 1164 4108 ὑϐριζόντων
1195 4038 1288 4091 καὶ
1317 4039 1677 4109 μαινομένων,
1708 4040 1757 4091 εί
1787 4038 1862 4110 μὴ
1885 4040 2168 4112 θαυμάσας

597 4120 783 4174 ἄπεισι
806 4122 896 4174 τὸν
927 4122 1185 4179 παθόντα.
1214 4123 1303 4193 Μὴ
1335 4122 1399 4194 δὴ
1430 4122 1676 4194 νομίσῃς,
1714 4124 1793 4177 ὅτι
1819 4124 1974 4178 τοῦτο
2003 4127 2166 4179 εὐκα-

594 4204 964 4274 ταφρονήτους
1011 4206 1172 4257 ποιεῖ.
1224 4204 1387 4257 Οὐδὲν
1430 4202 1602 4267 οὕτως
1660 4206 2166 4277 εὐκαταφρονήτους

598 4288 758 4344 ποιεῖ.
791 4285 867 4347 ὡς
894 4285 953 4337 τὸ
990 4284 1253 4354 ὑϐρίζεινο
1298 4287 1450 4341 οὐδὲν
1502 4288 1672 4352 οὕτως
1710 4291 2042 4360 αἰδεσίμους,
2091 4293 2167 4356 ὼς

594 4367 656 4419 16
691 4366 1077 4437 ὑϐριζομένους
1108 4367 1314 4437 φέρειν.
1358 4369 1417 4421 '0
1451 4370 1549 4439 μέν
1574 4371 1681 4441 γάρ
1708 4372 1853 4425 ἐστιν
1884 4373 2164 4445 ὑϐριστὴς,

595 4448 704 4501 666
755 4449 1064 4518 φιλόσοφος·
1109 4451 1204 4501 καὶ
1233 4452 1260 4501 ό
1304 4451 1402 4520 μὲν
1449 4451 1736 4523 ἀνθρώπου
1781 4455 2006 4525 χείρων,
2056 4456 2165 4510 όδέ

598 4532 847 4600 ἀγγέλων
876 4533 1008 4594 ἴσος.
1034 4531 1151 4584 Κᾶν
1168 4549 1226 4583 τε
1246 4533 1353 4602 γὰρ
1376 4533 1611 4587 ἐλάττων
1632 4531 1699 4604 ἦν
1719 4536 1811 4588 τοῦ
1834 4538 2163 4608 ὑϐρίζοντος,

596 4615 692 4666 καὶ
720 4614 913 4676 οὑτως,
952 4615 1000 4665 εί
1035 4613 1296 4683 βούλοιτο,
1321 4614 1539 4679 δυνατὸς
1570 4616 1812 4688 ὑπῆρχεν
1835 4619 2162 4689 ἀμύνασθαι.

600 4698 810 4759 Ἀλλως
868 4697 925 4750 δὲ
984 4698 1076 4750 καὶ
1122 4697 1351 4750 ἐλεείται
1385 4699 1482 4767 μὲν
1538 4702 1687 4770 παρὰ
1719 4702 1934 4755 πάντων
1987 4698 2161 4767 οὗτος,

595 4780 799 4842 ἐκεῖνος
814 4779 871 4832 δὲ
902 4782 1158 4849 μισεῖται.
1183 4780 1225 4831 Τ
1232 4780 1247 4832 ί
1268 4776 1389 4845 οὗν;
1415 4780 1514 4833 οὐκ
1539 4782 1784 4835 ἐντεῦθεν
1807 4784 1915 4855 ἄρα
1935 4795 1957 4823 ο
1986 4785 2163 4855 πολλῷ

597 4861 821 4932 βελτίων
863 4861 1015 4915 ἔσται
1063 4855 1254 4928 οὗτος;
1304 4861 1393 4932 Τῷ
1440 4863 1540 4933 μὲν
1574 4864 1680 4935 γὰρ
1720 4865 1795 4928 ὡς
1834 4872 2160 4938 μαινομένῳ,

596 4944 767 5014 τούτῳ
792 4945 846 4997 δὲ
870 4944 945 5006 ὡς
968 4944 1091 4997 νοῦν
1128 4945 1303 5015 ἔχοντι
1335 4945 1685 5015 προσέξουσιν
1711 4950 1966 5013 ἅπαντες.
1993 4951 2161 5004 Ὅταν

596 5024 689 5081 οὖν
716 5028 1092 5097 κακηγορῆσαί
1119 5045 1238 5081 τινα
1262 5029 1365 5081 ὐπό
1384 5046 1526 5091 τινος
1548 5031 1851 5105 ἀναγκάζῃ,
1882 5035 2003 5088 είπέ
2026 5036 2159 5106 πρὸς

598 5109 780 5161 αὐτόν·
827 5109 899 5160 Οὐ
924 5109 1156 5179 δύναμαι
1189 5112 1348 5164 αὑτὸν
1374 5112 1545 5165 εἰπεῖν
1576 5114 1779 5177 κακῶς·
1811 5115 2021 5171 δέδοικα
2054 5119 2162 5189 γὰρ

603 5192 676 5261 μή
706 5208 819 5253 πως
842 5191 941 5243 οὐκ
969 5187 1034 5260 ἦν
1067 5192 1320 5256 τοιοῦτος.
1349 5196 1599 5249 Μάλιστα
1626 5199 1723 5267 μὲν
1757 5201 1814 5250 ἐν
1850 5200 2055 5273 διανοίᾳ
2087 5187 2160 5273 μὴ

602 5277 781 5345 εἴπῃς
840 5274 973 5326 ἀλλὰ
1030 5275 1163 5343 μηδέ
1203 5277 1337 5347 πρὸς
1395 5280 1572 5334 ἄλλον.
1618 5281 1709 5351 Μὴ
1759 5282 1989 5355 ἐντύχῃς
2021 5287 2163 5339 κατὰ

600 5356 786 5408 τούτου
815 5355 893 5424 τῷ
946 5356 1081 5425 Θεῷ·
1128 5356 1194 5409 ἂν
1232 5359 1344 5429 ἴδῃς
1376 5362 1558 5425 κακῶς
1603 5364 1888 5430 ἀκούοντα,
1937 5368 2158 5437 ἄμυνον·

599 5440 742 5524 εἰπὲ»
775 5437 868 5524 τῗῦ
902 5438 1105 5524 πάθρυς
1134 5442 1251 5524 ἐςτὶ
1297 5441 1364 5524 τὰ
1418 5445 1658 5514 ῥήματα,
1713 5449 1773 5501 οὐ
1816 5450 1910 5503 τοῦ
1949 5452 2159 5524 ἀνδρόςο

600 5520 740 5605 εἰπὲ,
782 5520 880 5605 τῆς
909 5519 1098 5605 όργῆ-ς,
1146 5522 1327 5605 οὐτοῦ
1359 5524 1529 5591 φίλου’
1557 5529 1654 5595 τῆς
1701 5532 1917 5599 μανίας,
1952 5535 2010 5586 οὐ
2049 5519 2162 5605 ⁷τῆς

597 5603 794 5675 ψυχῆς.
831 5601 1016 5655 Ταῦτα
1044 5602 1383 5675 λογιζώμεθα
1427 5609 1511 5677 ἐφ’
1534 5610 1749 5682 ἑκάστῳ
1777 5615 1882 5668 τῶν
1915 5601 2163 5689 ἁμαρτη-

655 5808 674 5832 ⁸
698 5810 866 5861 Morel.
883 5820 943 5876 ει
974 5824 1098 5862 unus
1114 5813 1220 5863 cod.
1250 5815 1328 5861 καὶ
1351 5816 1578 5876 ἐξέϐαλεν,
1596 5820 1740 5868 male.
1806 5822 1834 5860 ι»
1860 5821 1911 5870 In
1938 5836 2033 5872 uno
2056 5825 2159 5876 cod.

596 5874 776 5944 glesum
796 5874 941 5944 κίειςρδ
962 5879 1208 5944 ἀγαθὸνί...
1226 5879 1533 5944 παρέχωμεν,
1558 5874 1610 5928 οἱ
1631 5883 1749 5930 intra
1761 5882 1905 5931 habet
1928 5874 2163 5944 ἐμπλῆσαί

597 5935 741 5985 ἐστιν.
809 5939 832 5968 ο
850 5935 1106 6001 θεοίούκ
1121 5935 1330 5989 ἐντεῦθεν
1350 5935 1461 6002 ἆρα,
1483 5941 1663 5991 desunt
1686 5945 1738 5991 in
1764 5958 1859 5993 uno
1882 5935 1987 5994 cod.

1271 353 1328 408 S.
1363 348 1644 407 JOANNIS
1679 347 2164 404 CHRYSOSTOMI

2270 348 2516 409 ιειιιΕΡ.
2550 351 3089 411 CONSTANTINOP.
3708 373 3793 430 118

2281 461 2484 554 μάτων.
2510 465 2601 554 Μή
2625 469 2943 554 περιμείνῃς
2962 470 3266 554 ἀναφθῆναι
3294 470 3357 523 16
3393 471 3519 543 πῦρ,
3557 476 3682 533 ἀλλὰ
3706 490 3799 554 πρὸ

2276 544 2467 637 106100
2491 548 2754 637 κάτασχεο
2788 552 2861 621 μὴ
2883 552 3189 625 παροξύνῃς
3215 553 3276 607 τὸ
3305 554 3506 637 θηρίον,
3540 559 3661 614 ἀλλὰ
3686 544 3798 637 μηδὲ

2277 628 2675 701 παροξυνθῆναι
2729 637 3105 706 συγχωρήσῃς⁶
3144 638 3243 688 οὐκ
3299 636 3378 689 ἔτι
3417 636 3522 709 γὰρ
3565 628 3798 714 κύριος-εί

2275 717 2585 798 κατασχεῖν,
2608 716 2673 769 ἂν
2700 718 2732 786 ή
2757 716 2886 798 φλόξ
2922 718 3157 789 ἀναφθῇ.
3191 718 3255 771 Τί
3284 718 3389 787 γὰρ
3414 715 3561 772 εἶπεν
3584 740 3596 785 ;
3634 727 3796 798 ἀνόητε

2274 794 2367 846 καὶ
2397 797 2582 867 ρωρέ;
2620 798 2713 861 Τίς
2745 795 2837 852 οὖν
2866 799 3164 863 ὑπεύθυνος
3187 798 3265 869 τῷ
3296 801 3516 871 ῥήματι,
3548 804 3573 853 ὁ
3595 794 3795 875 ἀκούων,

2273 875 2581 960 ᾕῄόλέγωνς
2633 881 2692 934 'O
2722 882 2820 951 μὲν
2848 881 2956 953 γὰρ
2987 882 3087 935 κᾶν
3136 882 3340 951 σφόδρα
3382 885 3537 951 σοφὸς
3556 883 3608 957 ᾖ,
3642 894 3798 960 μωροῦ

2273 956 2428 1023 δόξαν
2453 960 2661 1017 ἔλαϐενο
2698 965 2726 1016 6
2754 963 2809 1017 66
2834 965 2937 1018 κᾶν
2965 966 3192 1034 ἀνόητος
3218 962 3272 1037 ᾖ,
3310 965 3471 1033 σοφοῦ
3502 956 3588 1019 καῖ
3614 956 3797 1037 φιλοσό-

2274 1057 2397 1107 φου.
2441 1043 2536 1106 Τίς
2557 1045 2802 1114 ἀνόητος,
2826 1048 2945 1099 είπέ
2987 1064 3094 1116 μοι,
3126 1049 3154 1100 ό
3193 1046 3361 1116 ἐτέρῳ
3389 1049 3667 1122 προφέρων
3690 1053 3712 1091 ἀ
3745 1056 3800 1109 τὰ

2273 1124 2372 1177 οὐκ
2398 1125 2542 1208 όντα,
2572 1128 2606 1197 ἢ
2641 1131 2669 1181 6
2700 1129 2836 1199 μηδὲ
2876 1130 3019 1183 οὕτω
3068 1129 3341 1198 κινηθείς;
3378 1132 3439 1183 El
3477 1133 3579 1204 γὰρ
3606 1135 3661 1187 16
3691 1139 3798 1208 μηδὲ

2274 1207 2561 1276 κινηθέντα
2587 1212 2877 1278 κινεῖσθαι,
2936 1212 3271 1280 φιλοσοφίαςο
3306 1212 3367 1264 τὸ
3398 1214 3528 1284 μηδέ
3559 1207 3801 1286 κινοῦντος

2274 1287 2622 1358 πλήττεσθαι,
2647 1294 2819 1364 πόσης
2837 1294 3054 1357 ἀνοίαςῑ
3090 1293 3256 1347 Οὐπω
3274 1295 3417 1362 λέγω
3446 1300 3593 1361 ποῖος
3614 1299 3802 1355 ἀπόκει-

2272 1388 2361 1423 ται
2390 1370 2537 1445 [117]
2560 1376 2827 1446 τιμωρίας
2846 1377 3010 1440 τόπος
3035 1380 3147 1441 τοῖς
3176 1378 3245 1431 τὰ
3266 1377 3491 1432 τοιαῦτα
3525 1382 3803 1447 ὀνειδίζουσι

2275 1455 2370 1508 καὶ
2402 1454 2780 1527 βλασφημοῦσι
2810 1458 2899 1511 τὸν
2932 1458 3156 1528 πλησίον
3212 1470 3258 1512 θ.
3325 1460 3484 1514 Ἀλλὰ
3517 1463 3602 1529 τί;
3641 1466 3806 1535 ἄτιμον

2274 1537 2369 1590 κα)⁵
2396 1537 2452 1604 ἐξ
2505 1539 2737 1609 ἀτίμων,
2777 1541 2872 1593 καὶ
2924 1541 3120 1612 εὐτελῆ
3159 1542 3254 1595 καὶ
3306 1542 3365 1607 ἐξ
3394 1544 3617 1598 εὐτελῶν
3645 1544 3801 1617 είπεν;

2274 1619 2551 1681 Πάλινέίς
2582 1622 2772 1675 ἐαυτὸν
2798 1622 2857 1675 τὸ
2887 1622 3085 1686 ὄνειδος
3114 1625 3489 1696 περιέτρεψεν.
3529 1626 3587 1679 Ὀ
3610 1628 3700 1698 μὲν
3721 1633 3807 1702 γὰρ

2272 1702 2453 1772 τίμιος
2479 1707 2725 1772 φανεῖται
2749 1707 2843 1758 καὶ
2863 1706 3160 1776 αἰδέσιμος,
3192 1709 3221 1759 6
3248 1708 3305 1760 66
3325 1707 3550 1778 εὐτελὴς
3574 1709 3742 1774 ὅντως
3761 1714 3808 1765 τὸ

2274 1786 2381 1855 γὰρ
2408 1785 2477 1838 τὰ
2505 1786 2726 1840 τοιαῦτα
2751 1790 2830 1851 εἰς
2855 1787 3007 1852 τάξιν
3034 1789 3271 1853 ὀνείδους
3311 1791 3629 1860 προφέρειν,
3650 1794 3810 1861 γένους

2274 1867 2546 1922 εὐτέλειαν
2579 1869 2741 1937 λέγω,
2774 1873 2976 1941 μικρᾶς
2999 1871 3168 1935 ὅντως
3193 1871 3395 1942 ψυχῆς·
3419 1874 3448 1925 6
3479 1872 3535 1925 δέ
3559 1873 3716 1943 μέγας
3735 1878 3810 1929 καὶ

2275 1949 2587 2020 θαυμαστὸς
2618 1953 2790 2017 ἔσται,
2823 1955 2918 2008 ἆτε
2950 1955 3101 2009 οὐδὲν
3132 1956 3435 2027 ήγούμενος
3485 1956 3545 2009 τὸ
3580 1957 3806 2022 τοιοῦτον,

2274 2031 2531 2086 ἀλλὀὐτω
2555 2034 2911 2106 διακείμενος,
2933 2037 3008 2099 ὡς
3025 2037 3090 2091 ἂν
3111 2039 3161 2091 εί
3189 2039 3409 2108 ἤκουεν,
3430 2040 3511 2091 ὅτι
3533 2038 3640 2109 ἔχοι
3661 2057 3708 2093 τι
3725 2042 3813 2093 τῶν

2273 2114 2447 2169 ἄλλων
2470 2116 2742 2187 διαφέρον,
2779 2120 2938 2173 Ἀλλὰ
2970 2121 3153 2191 μοιχὸν
3177 2123 3267 2175 καὶ
3289 2122 3361 2174 τὰ
3383 2122 3520 2176 ἄλλα
3544 2123 3682 2191 ἐρεῖς
3720 2124 3813 2175 Ἐν-

2272 2196 2443 2250 ταῦθα
2472 2200 2566 2251 καὶ
2591 2200 2755 2272 γελᾷν
2783 2203 2907 2273 χρή·
2954 2204 3083 2257 ὅταν
3106 2203 3214 2274 γὰρ
3244 2204 3304 2257 τὸ
3336 2204 3579 2266 συνειδὸς
3614 2205 3683 2275 μὴ
3712 2204 3815 2273 βάλ-

2272 2280 2450 2349 ληται,
2479 2283 2597 2336 οὐδέ
2622 2284 2809 2357 καιρὸν
2838 2286 2903 2339 ἂν
2932 2286 3046 2357 ἔχοι
3076 2288 3104 2339 ό
3137 2287 3331 2357 θυμός.
3378 2286 3750 2357 Ἐννοήσαντας
3770 2288 3815 2341 δὲ

2271 2364 2366 2416 καὶ
2387 2366 2507 2419 τίνα
2530 2366 2713 2435 ἐξάγει
2744 2369 2824 2430 εἰς
2844 2367 3007 2438 μέσον
3024 2369 3237 2439 πονηρὰ
3281 2368 3383 2422 καὶ
3412 2370 3585 2439 μιαρὰ
3607 2370 3815 2439 ῥήματα,

2270 2449 2389 2503 οὐδὲ
2434 2452 2604 2516 οὕτως
2661 2453 2845 2522 ἀλγεῖν
2898 2454 3027 2524 χρή.
3077 2453 3257 2524 Ὅπερ
3318 2452 3436 2523 γὰρ
3481 2452 3669 2522 ἔμελλε
3706 2452 3818 2522 μετὰ

2270 2532 2443 2587 ταῦτα
2475 2534 2702 2599 ἕκαστος
2755 2535 3114 2606 μαθήσεσθαι,
3147 2537 3306 2590 τοῦτο
3339 2536 3443 2608 ήδη
3497 2536 3816 2605 ἐξεκάλυψενο

2271 2617 2462 2670 ἐαυτὸν
2512 2619 2695 2673 λοιπὸν
2724 2620 2953 2674 ἄπιστον
2992 2622 3124 2674 πᾶσι
3178 2620 3548 2689 κατέστησεν,
3605 2621 3696 2674 ἅτε
3740 2621 3823 2673 οὐκ

2271 2700 2446 2754 εἰδότα
2470 2704 2871 2769 συγκαλύπτειν
2901 2704 2971 2757 τὰ
2999 2704 3092 2757 τοῦ
3141 2702 3373 2774 πλησίον
3402 2703 3577 2767 κακὰ,
3607 2704 3697 2756 καὶ
3715 2704 3822 2755 έαυ·

2270 2785 2360 2837 τὸν
2421 2785 2620 2855 μᾶλλον
2655 2786 2888 2857 ᾔσχυνεν
2939 2788 2971 2857 ἢ
3022 2788 3230 2860 ἓτερον,
3282 2786 3385 2839 καὶ
3435 2786 3615 2839 πάντα
3659 2786 3824 2856 λιμένα

2274 2869 2608 2938 προσέχωσε,
2639 2870 2738 2932 τὰς
2760 2871 2989 2934 εὐθύνας
3008 2872 3262 2943 ἐποίησεν
3292 2870 3481 2941 ἐαυτῷ
3502 2870 3728 2941 φοϐερὰς
3743 2868 3821 2921 τοῦ

2274 2950 2554 3020 μέλλοντος
2574 2954 2877 3023 κριτηρίου.
2900 2956 2974 3007 Οὐ
2991 2956 3097 3025 γὰρ
3112 2954 3256 3009 οὕτω
3301 2954 3524 3019 τοῦτον,
3554 2955 3627 3015 ὡς
3648 2956 3823 3007 ἐκεῖνον

2270 3037 2781 3109 ὰποστραφήσονται
2814 3040 3033 3103 πάντες,
3052 3040 3192 3114 ἅπερ
3219 3040 3539 3109 ἐκκαλύψαι
3566 3042 3663 3093 οὐκ
3684 3041 3823 3110 ἐχρῆν

2270 3122 2721 3192 ἀπαμφιάσαντα.
2755 3124 2826 3177 Σύ
2848 3124 2903 3177 δέ
2929 3125 3093 3195 μηδὲν
3118 3126 3278 3195 εἴπῃς
3310 3119 3391 3178 ὧν
3426 3124 3693 3188 σύνοιδας,
3716 3124 3827 3177 ἀλλὰ

2272 3205 2514 3276 σίγησον,
2538 3207 2587 3258 εἰ
2617 3206 2796 3276 βούλει
2824 3205 2921 3277 τὴν
2944 3206 3201 3279 λαμπρὰν
3222 3208 3389 3271 δόξαν
3415 3208 3627 3263 λαϐεῖν.
3652 3209 3719 3260 Οὐ
3738 3208 3824 3276 γὰρ

2273 3287 2431 3358 μόνον
2463 3289 2785 3360 ἀνατρέψεις
2810 3290 2877 3342 τὰ
2908 3288 3186 3360 λεχθέντα,
3237 3292 3366 3343 οὐδὲ
3402 3291 3685 3362 καλύψεις,
3714 3289 3826 3344 ἀλλὰ

2269 3370 2363 3423 καὶ
2389 3372 2572 3442 ἕτερον
2604 3372 2813 3443 ἐργάσῃ
2851 3372 3033 3425 καλόν*
3071 3373 3253 3425 οὐκέτι
3290 3374 3553 3444 ποιήσεις
3586 3374 3691 3444 γὰρ
3712 3372 3827 3427 κατὰ

2270 3453 2465 3506 σαυτοῦ
2496 3455 2591 3525 τὴν
2623 3455 2803 3525 ψῆφον
2830 3455 3132 3526 ἐνεχθῆναι.
3168 3456 3228 3509 '0
3260 3456 3418 3509 δεῖνά
3475 3474 3537 3509 σε
3568 3456 3742 3518 κακῶς
3760 3455 3829 3507 λέ-

2267 3554 2392 3605 γει;
2426 3538 2560 3591 Εἰπὲ
2594 3536 2681 3589 σύ·
2715 3538 2776 3590 Εί
2831 3538 3007 3591 πάντα
3041 3537 3175 3608 ᾔδει,
3210 3538 3315 3591 οὐκ
3350 3539 3421 3591 ἂν
3463 3538 3700 3592 τοσαῦτα
3732 3533 3830 3589 εἷπε

2270 3622 2423 3693 μόνα.
2460 3622 2835 3692 Ἐθαυμάσατε
2860 3622 2952 3674 καὶ
2977 3620 3317 3691 ἐξεπλάγητε
3344 3622 3411 3675 τὸ
3435 3622 3662 3692 λεχθέν;
3698 3621 3829 3673 Ἀλλὰ

2270 3703 2552 3773 μιμεῖσθαι
2578 3706 2702 3774 χρή.
2732 3703 2831 3758 Διά
2856 3704 2965 3775 γὰρ
2995 3702 3151 3756 τοῦτο
3185 3706 3372 3758 πάντα
3398 3706 3534 3776 ὑμῖν
3564 3704 3634 3758 τὰ
3661 3703 3831 3770 ἔξωθεν

2265 3788 2527 3859 εἰρημένα
2546 3787 2795 3855 λέγομεν,
2819 3789 2916 3858 οὐχ
2933 3788 3007 3850 ὼς
3029 3787 3128 3840 οὐκ
3151 3788 3403 3855 ἐχουσῶν
3430 3789 3608 3860 μυρία
3633 3788 3833 3842 τοιαῦτα

2264 3871 2371 3923 τῶν
2400 3871 2649 3941 Γραφῶν,
2701 3870 2815 3924 ἀλλ’
2850 3871 2925 3934 ὡς
2982 3870 3180 3941 μᾶλλον
3230 3873 3506 3943 ἐντρέψαι
3544 3871 3832 3942 δυναμένων

2263 3954 2487 4007 τούτων’
2524 3955 2644 4007 ἐπεὶ
2662 3954 2809 4025 καὶὴ
2843 3954 3031 4025 Γραφὴ
3051 3950 3158 4007 οἶδε
3187 3954 3329 4024 πρὸς
3352 3955 3635 4026 ἐντροπὴν
3659 3956 3829 4023 λέγειν,

2262 4036 2338 4100 ὡς
2360 4038 2487 4091 ὅταν
2507 4037 2658 4109 λέγῃ·
2707 4039 2851 4106 Οὐχὶ
2880 4038 2978 4090 καὶ
3018 4040 3072 4091 οἱ
3120 4037 3352 4092 ἐθνικοὶ
3380 4039 3451 4091 τὸ
3478 4039 3629 4091 αὐτὸ
3659 4037 3833 4091 ποιοῦ-

2263 4137 2366 4173 σιν
2382 4139 2402 4183 ,·
2432 4120 2490 4175 '0
2512 4121 2570 4174 66
2598 4122 2880 4191 προφήτης
2909 4119 3173 4190 Ἱερεμίας
3200 4121 3337 4184 τοὺς
3365 4122 3467 4174 τοῦ
3484 4121 3691 4192 Ῥηχὰϐ
3710 4123 3831 4182 υίούς

2263 4204 2585 4273 παρήγαγεν
2608 4206 2686 4263 είς
2713 4203 2875 4272 μέσον
2912 4203 3007 4272 τὴν
3036 4202 3318 4274 πατρικὴν
3341 4204 3576 4274 ἐντολὴν
3603 4204 3825 4274 παραϐῆο

2263 4304 2349 4341 ναι
2383 4287 2456 4358 μὴ
2481 4286 2965 4356 καταδεξαμένους.
2996 4282 3162 4339 Εἶπον
3183 4287 3385 4352 κακῶς
3409 4291 3461 4342 οί
3493 4291 3627 4360 περ)¹
3643 4287 3833 4357 Μαρίαν

2261 4369 2353 4422 16v
2381 4369 2603 4430 Μωσέα,
2635 4370 2727 4423 καὶ
2757 4370 2855 4439 τῆς
2882 4370 3154 4433 κολάσεως
3181 4371 3394 4434 αὐτοὺς
3426 4372 3637 4435 εὐθέως
3663 4370 3833 4440 ἐξῄτη-

2264 4468 2343 4515 σε,
2378 4453 2471 4503 καὶ
2501 4452 2617 4504 οὐδέ
2641 4453 2762 4504 ὅσον
2786 4453 2976 4521 μαθεῖν
3004 4470 3177 4516 τινας,
3216 4454 3303 4506 ὅτι
3334 4453 3594 4517 ἐκδικίας
3628 4452 3645 4491 ί
3674 4453 3832 4521 ἔτυχε,

2264 4533 2653 4605 συνεχώρησεν.
2706 4533 2843 4586 Ἀλλ’
2879 4536 2976 4604 οὐχ
3038 4536 3198 4605 ἡμεῖς
3251 4536 3466 4602 οὕτως·
3511 4536 3653 4592 ἀλλὰ
3701 4535 3839 4588 τοῦτο

2266 4617 2496 4685 μάλιστα
2524 4617 2823 4686 βουλόμεθα
2842 4618 3048 4680 πάντας
3077 4618 3295 4687 μαθεῖν,
3318 4620 3408 4673 δτι
3439 4621 3545 4673 οὐκ
3577 4622 3837 4689 ἀτιμωρή-

2260 4701 2315 4752 τὶ
2343 4700 2638 4770 παρῆλθον.
2671 4701 2846 4771 Μέχρι
2879 4701 3021 4764 τίνος
3045 4702 3151 4755 ἀπὸ
3181 4705 3292 4773 γῆς
3328 4704 3615 4775 πνέομεν;
3647 4703 3754 4757 Οὐκ
3775 4702 3837 4753 ἐνι

2265 4788 2441 4857 μάχην
2478 4788 2538 4852 ἐξ
2574 4788 2690 4851 ἐνὸς
2742 4788 3000 4858 συστῆναι
3042 4791 3263 4861 μέρους.
3313 4792 3466 4856 Τοὺς
3504 4792 3839 4863 μαινομένους

2261 4872 2327 4924 ἂν
2354 4871 2413 4935 ἐξ
2438 4872 2711 4942 ἑκατέρων
2741 4871 2848 4925 τῶν
2879 4873 3060 4943 μερῶν
3084 4874 3351 4948 ἐλκύσῃς,
3390 4878 3604 4945 μᾶλλον
3637 4872 3843 4945 παροξυ-

2262 4956 2391 5017 νεῖς·
2419 4955 2485 5009 ἂν
2529 4955 2586 5007 δὲ
2619 4958 2684 5007 ἐκ
2730 4954 2908 5021 δεξιᾶς
2941 4956 2973 5027 ἢ
3015 4957 3073 5023 ἐξ
3113 4959 3457 5029 ἀριστερᾶς,
3510 4960 3739 5021 ἔσϐεσας
3766 4957 3842 5009 τὸν

2262 5038 2451 5109 θυμόν.
2494 5039 2551 5091 ὐ
2576 5038 2824 5108 πλήττων
2873 5039 2940 5091 ἂν
2981 5040 3077 5108 μὲν
3135 5039 3235 5111 ἔχῃ
3276 5041 3379 5095 τὸν
3434 5043 3515 5115 μὴ
3549 5042 3841 5113 δεχόμενον,

2264 5121 2461 5192 μᾶλλον
2481 5121 2787 5190 ἐπαίρεται’
2837 5121 2902 5174 ἂν
2929 5120 2986 5173 δέ
3010 5121 3252 5187 εἴκοντα,
3310 5126 3531 5193 μᾶλλον
3583 5126 3840 5183 ἐκλύεται,

2261 5206 2355 5257 καὶ⁵
2379 5206 2458 5267 εἰς
2482 5205 2640 5257 αὐτὸν
2672 5207 2703 5274 ή
2742 5204 2922 5275 πληγὴ
2952 5205 3381 5275 περιτρέπεται.
3415 5209 3496 5261 Οὐ
3528 5210 3641 5281 γὰρ
3687 5206 3842 5267 οὑτως

2260 5286 2438 5340 ἐκλύει
2464 5287 2560 5357 τὴν
2586 5286 2810 5357 δύναμιν
2837 5288 2930 5339 τοῦ
2954 5289 3371 5354 ἁνταγωνιστοῦ
3405 5292 3702 5363 ἄνθρωπος
3720 5306 3844 5355 παγο

2261 5369 2571 5441 κρατιάζειν
2599 5369 2773 5434 εἰδὼς,
2803 5371 2877 5432 ὼς
2902 5369 3183 5439 ἅνθρωπος
3213 5371 3600 5444 ὑϐριζόμενος
3658 5374 3748 5427 καὶ
3781 5370 3845 5442 μὴ

2260 5453 2618 5523 ἀνθυϐρίζων.
2651 5453 2967 5522 Αίσχυνθεὶς
2999 5452 3107 5523 γὰρ
3150 5456 3375 5520 ἐκεῖνος
3431 5458 3628 5511 λοιπὸν
3676 5459 3847 5512 ἄπεισι

2262 5540 2353 5592 καὶ
2405 5538 2827 5607 καταγνωσθεὶς,
2881 5536 3094 5606 πρῶτον
3133 5538 3235 5607 μὲν
3272 5540 3345 5592 ἐκ
3380 5542 3484 5595 τοῦ
3538 5542 3845 5601 συνειδότος,

2258 5620 2509 5691 δεύτερον
2530 5622 2585 5674 δὲ
2614 5621 2764 5693 παρὰ
2788 5619 2897 5673 τῶν
2925 5620 3174 5691 ὁρώντων
3204 5620 3513 5679 ἁπάντων.
3539 5626 3653 5681 Καὶ
3672 5639 3849 5696 παροι-

2326 5880 2353 5920 ἆ
2381 5881 2512 5951 U_I_lus
2536 5883 2642 5951 (:09:
2669 5884 2975 5951 προσφέρων.Δ
3032 5888 3055 5951 ξ’
3080 5886 3456 5951 Βλασφημοῦσι
3480 5892 3611 5941 κατὰ
3638 5891 3717 5939 τὸν
3750 5889 3847 5949 πλ..

2268 5945 2338 5992 sic
2364 5946 2465 5993 alii.
2538 5944 2557 5981 ί
2595 5943 2745 5993 Morel
2774 5943 2898 5994 male
2922 5946 3122 6002 ἀδικίας.
