3978 6462
181 338 277 393 ll'l
1175 343 1238 401 IN
1278 346 1455 401 ACTA
1498 345 2012 406 APOSTULORUM.
2055 352 2283 408 llOMlL.
2327 354 2464 410 XlV.

176 470 444 525 creswliat
467 472 771 528 multitudo.
798 474 904 528 Res
926 476 1206 541 mirabilis,
1238 480 1323 532 ubi
1351 481 1561 534 oecisns
1588 482 1757 536 fuerat

175 561 433 623 Christus.
465 564 573 619 illic
613 570 889 622 crescebat
939 569 1280 637 praedicatio:
1314 588 1413 626 nec
1462 574 1619 626 modo
1649 588 1754 628 non

173 655 513 710 scandalizati
541 666 669 712 sunt
692 660 905 729 quidam
928 677 992 715 cx
1022 662 1315 731 discipulis,
1348 664 1588 719 videntes
1615 680 1744 730 apo-

172 746 337 798 stolos
364 747 645 816 flagellari,
674 751 813 804 alios
839 752 1051 815 minari,
1082 753 1212 807 alios
1235 754 1490 823 Spiritum
1514 765 1749 821 tentare,

173 838 303 891 alios
339 855 709 907 murmurare;
739 843 835 899 sed
864 852 921 898 et
951 845 1181 899 maxime
1205 848 1497 915 augebatur
1534 847 1756 901 creden-

173 931 297 983 tium
328 946 621 985 numerus:
646 934 724 987 sic
748 933 816 988 ab
836 935 1056 989 Ananire
1077 950 1203 989 casu
1233 936 1298 989 ad
1328 937 1604 991 meliorem
1646 938 1755 991 fru-

171 1038 284 1090 gem
328 1023 744 1090 reducebantur,
776 1034 831 1080 et
880 1027 1053 1096 major
1101 1027 1203 1082 illis
1254 1028 1413 1082 timor
1454 1037 1588 1083 erat.
1620 1028 1754 1083 Vide

172 1116 297 1169 mihi
332 1132 517 1185 porro,
560 1120 831 1188 quomodo
868 1121 1103 1175 creverit
1131 1121 1434 1175 multitudo.
1472 1122 1600 1176 Post
1634 1132 1752 1176 ten-

172 1210 399 1263 tationes
424 1210 613 1276 crevit,
639 1226 742 1264 non
771 1220 915 1266 ante.
938 1210 1261 1268 Consideres
1287 1227 1434 1279 vero,
1466 1222 1661 1282 quanta
1685 1213 1754 1266 sit

171 1305 261 1359 Dei
286 1304 611 1371 benignitas.
639 1305 720 1360 Ex
742 1306 847 1361 illis
866 1308 1008 1360 enim
1041 1307 1368 1375 principibus
1389 1306 1749 1367 sacerdotum,

170 1397 255 1463 qui
288 1397 357 1448 ad
387 1397 588 1450 caedem
623 1396 810 1451 turbas
835 1398 1178 1453 concitabant
1200 1437 1218 1462 ,
1266 1398 1354 1467 qui
1385 1398 1505 1451 talia
1552 1399 1752 1450 clama-

169 1487 297 1539 bant
350 1497 406 1541 et
449 1486 737 1553 dicebant,
791 1488 932 1541 Alios
980 1486 1146 1542 salvos
1194 1490 1349 1559 fecit,
1381 1488 1600 1557 seipsum
1652 1503 1750 1540 non

169 1588 331 1644 potest
358 1578 552 1630 salvum
581 1580 749 1648 facere
771 1577 985 1648 (Matth.
1015 1578 1108 1632 27.
1138 1578 1265 1649 49.);
1306 1593 1372 1633 ex
1403 1578 1525 1642 illis,
1558 1578 1748 1647 inquit,

170 1669 327 1723 Multi
357 1668 649 1723 obcdiebant
676 1670 814 1737 ﬁdei.

238 1762 291 1813 4.
317 1757 520 1813 Caritas
536 1776 653 1828 erga
690 1760 920 1813 inimicos
952 1770 1002 1813 et
1032 1759 1372 1815 misericordia
1394 1758 1753 1813 commendan-

166 1851 518 1919 tutu—Ejus
568 1850 748 1920 itaque
797 1860 851 1904 et
905 1867 1002 1907 nos
1054 1851 1350 1906 imitatores
1394 1852 1580 1905 simus.
1626 1848 1751 1903 lllos

164 1943 430 2012 suscepit,
457 1957 558 1997 nec
575 1943 786 2013 repulit.
812 1943 899 1999 Sic
919 1944 1167 2011 inimicis,
1186 1945 1272 2014 qui
1296 1945 1449 1999 nobis
1474 1946 1750 1999 innumera

163 2037 396 2091 intulere
421 2038 584 2103 mala,
611 2036 869 2092 beneﬁcia
901 2039 1276 2108 rependamus.
1310 2039 1363 2094 Si
1389 2038 1517 2108 quid
1545 2039 1746 2094 bonum

160 2126 452 2193 habemus,
486 2126 589 2181 illis
616 2127 930 2195 tribuamus,
956 2143 1024 2183 ne
1043 2127 1428 2183 benefaciendo
1465 2137 1750 2197 praeterea-

166 2234 290 2272 mus
338 2218 484 2273 illos.
522 2218 580 2273 Si
626 2221 766 2273 enim
800 2221 935 2273 mala
986 2219 1239 2288 patiendo
1286 2220 1509 2289 implere
1538 2227 1752 2288 Oportet

161 2311 380 2365 illorum
397 2310 657 2377 furorem,
679 2313 845 2364 multo
860 2313 1026 2381 magis
1042 2311 1420 2366 benefaciendo
1444 2328 1455 2364 :
1481 2311 1585 2365 hoc
1606 2312 1749 2366 enim

161 2404 346 2456 minus
375 2412 461 2457 est
486 2403 600 2458 illo.
641 2402 755 2457 Non
777 2402 918 2457 enim
949 2418 1042 2471 par
1068 2419 1152 2457 res
1176 2413 1279 2465 est,
1304 2402 1619 2458 benefacere
1647 2402 1750 2456 itii-

163 2500 327 2560 ni;co,
362 2505 419 2550 et
446 2495 650 2565 majora
676 2496 812 2550 velle
854 2496 986 2564 pati;
1021 2497 1086 2548 ab
1118 2496 1218 2560 hpc
1245 2494 1312 2549 ad
1339 2496 1425 2549 illa
1452 2494 1744 2549 veniemus.

165 2586 289 2640 Haec
320 2586 554 2656 dignitas
585 2596 665 2642 est
692 2586 1074 2657 discipulorum
1106 2586 1322 2641 Christi.
1366 2585 1752 2641 Cruciﬁxeraut

165 2676 337 2739 illum,
363 2678 457 2747 qui
484 2676 549 2731 ad
572 2677 1010 2732 benefaciendum
1036 2679 1141 2731 illis
1170 2687 1418 2743 venerat;
1460 2677 1750 2747 discipulos

167 2770 310 2822 illius
334 2768 767 2839 ﬂagellaverant;
800 2780 853 2825 et
892 2779 1075 2840 postea
1108 2771 1230 2824 illos
1266 2770 1330 2825 ad
1361 2770 1610 2825 eumdem
1646 2785 1751 2841 quo

169 2862 461 2931 discipulos
489 2863 743 2917 honorem
773 2862 941 2927 ducit,
965 2864 1300 2933 simliterque
1342 2878 1438 2918 sua
1466 2864 1571 2918 illis
1604 2878 1747 2918 com-

172 2954 477 3008 municavit.
510 2953 829 3021 lmitatores,
860 2970 1061 3024 quaiso,
1094 2955 1288 3010 Christi
1333 2958 1534 3011 simus:
1570 2957 1621 3009 in
1648 2956 1751 3012 hoc

179 3054 381 3113 oportet
405 3045 558 3099 illum
596 3045 831 3113 imitari;
864 3047 966 3101 hoc
987 3048 1128 3100 enim
1154 3047 1410 3116 aequalem
1435 3047 1546 3102 Deo
1584 3047 1747 3114 facit;

186 3138 285 3190 hoc
322 3138 596 3208 plusquam
634 3138 926 3194 humanum
975 3148 1075 3193 est.
1122 3139 1493 3212 Eleemosynze
1530 3156 1749 3208 operam

184 3230 399 3284 demus:
427 3229 545 3284 haec
575 3229 894 3301 pmdagogus
918 3239 972 3285 et
994 3229 1180 3285 doctor
1205 3238 1288 3286 est
1334 3232 1474 3286 illius
1515 3231 1750 3301 philoso-

177 3322 327 3390 phiae.
356 3322 453 3388 Qui
482 3322 669 3378 didicit
694 3324 932 3378 misereri
964 3324 1097 3393 ejus,
1123 3324 1211 3392 qui
1244 3324 1294 3377 in
1318 3324 1618 3379 calamitate
1645 3335 1746 3392 est,

168 3416 334 3470 discet
361 3418 526 3471 etiam
575 3417 887 3486 injuriarum
919 3417 1157 3472 oblivisci
1198 3435 1210 3470 ε
1247 3419 1335 3488 qui
1381 3418 1483 3475 hoc
1528 3419 1747 3487 didicit,

164 3510 395 3567 inimicis
434 3511 600 3566 etiam
630 3511 950 3568 benefacere
992 3514 1204 3582 poterit.
1258 3512 1532 3568 Discamus
1565 3515 1748 3584 proxi-

156 3621 373 3659 urorum
393 3605 553 3660 malis
574 3605 741 3676 frangi
766 3646 782 3672 ,
806 3615 861 3660 et
885 3605 1153 3661 discemus
1180 3606 1389 3661 illorum
1420 3608 1579 3661 etiam
1611 3609 1749 3663 mala

151 3696 323 3753 ferre.
351 3697 510 3751 lllum
537 3699 946 3767 interrOgemus,
976 3698 1069 3768 qui
1093 3698 1228 3752 male
1251 3713 1371 3768 erga
1413 3713 1509 3753 nos
1529 3698 1750 3755 allectus

146 3800 254 3851 est,
273 3804 464 3842 annon
491 3788 812 3843 condemnet
842 3789 1074 3858 seipsum
1098 3829 1114 3854 ,
1145 3804 1322 3843 annon
1355 3790 1481 3845 velit
1511 3791 1748 3860 philoso-

148 3878 333 3945 phari,
362 3894 547 3932 annon
580 3888 743 3933 totum
777 3879 904 3933 oriri
947 3878 1091 3934 dicat
1118 3880 1184 3933 ab
1206 3880 1281 3934 ira
1312 3889 1366 3935 et
1402 3882 1671 3936 simultate
1695 3891 1751 3937 et

143 3969 409 4034 miseria;
441 3985 568 4022 num
600 3969 724 4023 velit
749 3984 816 4025 ex
850 3985 1072 4024 numero
1096 3971 1304 4025 illorum
1326 3985 1465 4034 esse,
1512 3973 1601 4042 qui
1620 3987 1749 4028 con-

142 4063 440 4116 tumeliam
475 4060 657 4115 ferunt
687 4074 741 4116 et
775 4061 969 4126 silent,
1004 4077 1108 4115 non
1139 4074 1317 4118 autem
1349 4063 1560 4117 illorum
1584 4106 1600 4131 ,
1654 4065 1745 4135 qui

136 4154 541 4208 contumeliam
575 4153 773 4208 faciunt
806 4166 857 4209 et
893 4153 1108 4220 furunt;
1143 4170 1321 4210 annon
1345 4171 1464 4211 eum
1496 4158 1583 4227 qui
1618 4158 1749 4225 pati-

137 4257 229 4300 tur
260 4247 600 4300 admiretur.
628 4246 705 4301 Ne
734 4255 886 4317 putes
916 4248 1018 4301 hoc
1047 4248 1476 4317 contemptibiles
1499 4248 1745 4304 reddere.

127 4337 285 4393 Nihil
342 4339 415 4393 ita
466 4339 899 4409 contemptibiles
941 4340 1113 4394 reddit
1157 4351 1216 4394 ut
1246 4341 1619 4395 contumeliam
1665 4343 1747 4395 in-

128 4431 324 4497 ferre;
382 4431 522 4486 nihil
570 4435 643 4486 ita
689 4433 1059 4499 venerabiles,
1094 4441 1150 4488 ut
1175 4435 1551 4489 contumeliam
1584 4436 1744 4490 ferre.

124 4522 226 4580 ille
275 4538 529 4594 namque
578 4532 661 4580 est
710 4525 1150 4591 contumeliosus,
1199 4524 1288 4580 hic
1348 4525 1743 4596 philosophus:

122 4616 223 4671 ille
301 4616 471 4685 pejor
536 4613 790 4683 homine,
854 4614 942 4670 hic
990 4616 1190 4687 angelis
1246 4632 1359 4686 par.
1406 4616 1555 4671 Licet
1600 4618 1743 4672 enim

120 4708 323 4761 minor
380 4713 533 4759 esset
598 4704 1024 4769 contumelioso;
1090 4708 1475 4771 attamen,'si
1546 4709 1742 4773 vellet,

118 4809 326 4866 posset
366 4813 502 4852 eum
544 4796 746 4852 ulcisci.
777 4797 1027 4867 Alioquin
1056 4812 1181 4853 vero
1216 4797 1303 4852 hic
1326 4798 1742 4854 misericordiam

115 4892 396 4945 omnium
420 4890 525 4945 sibi
551 4892 801 4957 attrahet,
836 4891 926 4947 ille
948 4906 1075 4946 vero
1103 4904 1300 4947 exosus
1321 4892 1440 4946 erit.
1469 4893 1603 4959 Quid
1641 4895 1743 4963 igi-

115 4985 259 5036 tur?
295 4996 496 5035 nonne
543 4982 666 5036 inde
708 4982 796 5037 hic
843 4983 1007 5038 multo
1038 4984 1373 5053 praestantior
1410 4982 1550 5037 erit?
1591 4985 1741 5038 Illum

112 5090 381 5147 namque
410 5083 474 5127 ut
515 5073 781 5129 furentem
809 5116 823 5139 ,
850 5074 990 5128 hunc
1017 5085 1072 5127 ut
1117 5073 1428 5143 prudentem
1474 5074 1742 5130 habebunt

115 5184 354 5222 omnes.
394 5165 533 5220 Cum
562 5184 693 5237 ergo
719 5176 772 5221 te
793 5167 935 5237 cogit
962 5166 1245 5237 quispiam,
1279 5176 1334 5221 ut
1364 5167 1593 5237 aliquem
1633 5169 1738 5223 cri-

114 5262 393 5325 mineris,
423 5260 515 5314 dic
544 5260 616 5314 illi
644 5278 657 5313 :
689 5260 805 5314 Non
836 5275 1049 5330 possum
1072 5261 1170 5330 ipsi
1202 5260 1555 5325 maledicere;
1582 5262 1741 5317 timeo

114 5358 265 5409 enim
296 5371 383 5408 ne
439 5352 580 5407 forte
606 5367 710 5406 non
741 5352 813 5406 sit
838 5352 977 5407 talis.
1005 5349 1145 5407 Cave
1169 5360 1348 5406 autem
1376 5352 1606 5407 maxime
1626 5392 1641 5419 ,
1674 5368 1741 5408 ne

115 5446 163 5497 in
214 5451 435 5499 mente
503 5441 746 5507 dixeris,
800 5457 934 5496 neve
1002 5442 1155 5496 alteri
1209 5445 1288 5497 sic
1347 5442 1599 5512 loquaris.
1663 5444 1740 5499 Ne

116 5538 375 5603 preceris
422 5533 593 5588 Deum
642 5543 827 5588 contra
868 5533 1017 5586 illum
1051 5551 1063 5586 :
1095 5534 1141 5588 si
1177 5533 1374 5589 videris
1412 5534 1556 5589 illum
1601 5536 1739 5591 male

118 5631 337 5695 audire,
374 5626 650 5682 defende:
676 5626 783 5690 dic,
809 5624 1117 5692 iracundiae,
1138 5641 1243 5681 non
1262 5625 1382 5693 viri,
1405 5628 1559 5682 verba
1582 5638 1734 5694 sunt;

121 5724 229 5787 iraa,
258 5737 387 5776 non
413 5718 615 5782 amici;
647 5718 842 5773 furoris
867 5758 882 5784 ,
916 5732 1019 5773 non
1047 5718 1258 5773 animae.
1289 5719 1413 5774 llaec
1449 5719 1587 5774 circa
1629 5720 1737 5774 sin-

119 5816 237 5884 gula
266 5820 515 5886 peccata
538 5811 849 5882 cogitemus.
872 5810 949 5867 Ne
973 5820 1251 5882 exspectes
1274 5812 1445 5868 donec
1477 5812 1612 5883 ignis
1639 5828 1733 5867 ac-

3336 376 3437 433 “8

1862 465 2138 532 ccndatnr,
2168 469 2259 522 sed
2286 480 2410 524 ante
2439 474 2731 542 comprime
2764 494 2776 529 :
2821 494 2887 532 ne
2929 480 3096 535 feram
3127 490 3427 543 exacerbati.

1863 573 1963 612 nec
2004 562 2311 616 exacerbari
2360 565 2543 617 sinas:
2598 583 2699 621 non
2756 572 2954 638 poteris
3000 590 3342 644 compeSOere
3392 586 3432 637 si

1860 648 2071 706 ﬂamma
2116 654 2455 708 accendatur.
2487 658 2620 723 Quid
2653 662 2793 714 enim
2817 661 2984 721 dixit?
3026 666 3194 722 Stulte
3226 680 3280 722 et
3312 672 3439 724 insi-

1861 739 2053 808 piens?
2107 742 2239 797 Uter
2293 747 2456 799 verbo
2506 749 2766 805 obnoxius
2818 763 2936 819 est,
2992 758 3078 825 qui
3135 759 3319 824 audit,
3367 777 3434 815 an

1860 832 1947 900 qui
1977 831 2143 887 dicit?
2173 835 2270 890 llic
2296 852 2542 907 namque,
2569 854 2623 895 et
2643 848 2686 896 si
2720 846 2871 900 valde
2893 849 3104 917 sapiens
3132 852 3218 913 sit,
3246 853 3438 907 stultus

1861 926 2222 994 reputabitur;
2272 928 2361 983 ille
2413 946 2573 995 vero,
2628 936 2725 989 etsi
2767 937 3054 994 admodum
3106 943 3299 997 stultus
3330 946 3432 1009 sit,

1860 1016 2072 1085 sapiens
2100 1028 2153 1072 et
2183 1019 2526 1089 philosoplms
2560 1022 2858 1081 habebitur.
2882 1030 3032 1095 Uter,
3066 1047 3267 1100 quaiso,
3301 1037 3436 1089 stul-

1864 1114 1946 1159 tus
1971 1146 1984 1169 ,
2016 1107 2105 1176 qui
2134 1107 2286 1163 alteri
2315 1109 2514 1178 profert
2542 1128 2601 1166 ea
2629 1129 2746 1183 quae
2784 1133 2889 1171 non
2937 1129 3061 1173 sunt
3084 1162 3099 1187 ,
3146 1137 3213 1175 an
3258 1125 3300 1177 is
3345 1127 3436 1194 qui

1860 1211 2032 1265 neque
2058 1197 2136 1252 sic
2162 1202 2447 1255 movetur?
2476 1202 2607 1256 Nam
2639 1205 2683 1259 si
2711 1205 3011 1278 philosophi
3060 1221 3143 1266 est
3162 1254 3175 1275 ,
3221 1216 3430 1270 etiamsi

1859 1290 2117 1359 iuciteris,
2149 1307 2253 1346 non
2284 1296 2523 1361 moveri;
2570 1299 2783 1353 nemine
2821 1313 3066 1358 movente
3092 1310 3394 1377 exasperari
3414 1351 3429 1375 ,

1858 1392 2070 1449 quanta:
2096 1382 2410 1451 insipientia:
2437 1385 2632 1441 fuerit?
2657 1388 2898 1444 Nondum
2930 1392 3079 1460 dico,
3112 1412 3231 1466 qua:
3276 1415 3432 1469 pmna

1857 1474 2087 1541 reposita
2152 1475 2221 1527 sit
2270 1476 2368 1542 iis,
2422 1479 2509 1546 qui
2566 1479 2617 1531 in
2674 1483 2972 1548 proximum
3029 1490 3316 1556 opprobria
3378 1502 3433 1546 et

1856 1564 2165 1634 blaspltema
2193 1568 2331 1622 dicta
2352 1570 2647 1639 proferunt.
2668 1573 2773 1629 Sed
2802 1577 2963 1644 quid?
2984 1579 3339 1649 ignobileinne
3365 1602 3429 1640 ex

1857 1654 2177 1725 ignobilibus
2199 1658 2350 1725 dixit,
2373 1670 2428 1715 et
2449 1662 2606 1717 vilem
2633 1680 2697 1718 ex
2721 1666 2910 1721 vilibus
2933 1672 3146 1724 ortum?
3169 1672 3360 1728 lterum
3381 1676 3433 1731 in

1856 1749 2088 1816 seipsum
2120 1752 2280 1805 vertit
2307 1755 2671 1822 opprobrium.
2702 1758 2834 1813 Nam
2881 1762 2970 1817 ille
3007 1766 3220 1834 quidem
3267 1770 3434 1824 hono-

1856 1838 2037 1894 rabilis
2061 1855 2124 1895 ac
2147 1845 2473 1899 reverendus
2504 1849 2799 1916 apparebit,
2825 1852 2907 1905 hic
2929 1870 3056 1909 vero
3098 1857 3220 1912 vilis
3250 1876 3262 1910 :
3310 1861 3434 1916 talia

1854 1931 1999 1987 enim
2029 1932 2081 1987 in
2112 1936 2456 2003 opprobrium
2486 1940 2748 2008 proferre,
2777 1947 2990 2013 generis
3038 1965 3227 2020 nempe
3254 1952 3431 2007 vilita-

1857 2029 1986 2085 tem,
2011 2024 2185 2094 pusilli
2213 2036 2294 2080 est
2332 2029 2516 2086 animi.
2556 2030 2652 2086 llle
2680 2048 2809 2088 vero
2839 2052 3060 2105 magnus
3097 2049 3148 2094 et
3180 2043 3436 2099 mirabilis

1855 2123 1971 2181 est,
2004 2115 2095 2184 qui
2117 2117 2247 2171 nihil
2279 2119 2383 2173 tale
2422 2123 2614 2176 sentiat
2638 2164 2652 2189 ,
2702 2126 2795 2180 sed
2828 2128 2897 2182 ita
2926 2129 3148 2186 allectus
3178 2134 3249 2187 sit
3282 2150 3345 2190 ac
3387 2137 3434 2192 si

1855 2206 2164 2273 audivisset,
2189 2223 2247 2263 se
2274 2211 2471 2281 aliquid
2498 2216 2774 2272 excellens
2796 2233 2906 2287 prie
2935 2221 3055 2275 aliis
3087 2223 3302 2279 habere.
3327 2225 3434 2282 Sed

1855 2298 2123 2353 mmchum
2145 2309 2200 2354 et
2227 2302 2420 2357 similia
2441 2303 2625 2360 dicet?
2654 2308 2746 2362 llic
2771 2310 3045 2365 ridendum
3075 2324 3190 2368 est:
3222 2317 3436 2385 quando

1856 2389 1996 2442 enim
2025 2392 2349 2447 conscientia
2381 2409 2486 2449 non
2525 2399 2739 2465 pnngit,
2789 2401 2966 2454 nullus
2995 2414 3076 2457 est
3119 2405 3210 2459 ira:
3260 2407 3429 2462 locos.

1857 2478 1912 2534 Si
1939 2480 2140 2550 cogites
2168 2499 2327 2548 vero,
2358 2501 2514 2555 quam
2543 2487 2681 2543 fmda
2712 2499 2767 2544 et
2795 2493 2932 2546 mala
2966 2496 3123 2548 verba
3154 2498 3430 2567 proferat,

1856 2585 2029 2640 neque
2057 2574 2136 2627 sic
2175 2584 2258 2629 est
2305 2576 2621 2632 dolendum.
2652 2580 2781 2635 Nam
2833 2585 2972 2653 quod
3010 2588 3202 2656 cuique
3251 2603 3430 2659 postea

1856 2676 2039 2718 nctum
2070 2664 2303 2721 futurum
2325 2679 2461 2734 erat,
2485 2670 2583 2725 hoc
2605 2671 2715 2740 jam
2746 2674 2858 2742 ipse
2882 2677 3135 2732 revelavil
3159 2697 3171 2732 :
3206 2682 3433 2752 indeque

1856 2758 2103 2813 omnibus
2123 2773 2182 2813 se
2201 2760 2301 2815 fide
2324 2762 2593 2830 indignum
2614 2769 2905 2832 constituit,
2928 2779 3111 2838 utpote
3127 2774 3214 2841 qui
3237 2774 3434 2830 nescie-

1854 2848 1924 2902 rit
1954 2851 2177 2917 proximi
2224 2864 2442 2920 peccata
2486 2867 2701 2925 tegere;
2734 2874 2896 2929 seque
2924 2863 3091 2932 magis
3120 2865 3322 2933 pudore
3349 2868 3431 2922 af-

1856 2934 1982 2993 fecit
2003 2981 2018 3007 ,
2046 2956 2200 3011 quam
2253 2945 2451 3011 alium;
2484 2962 2696 3003 onmem
2723 2950 2985 3007 obstruxit
3033 2967 3276 3024 portum,
3314 2975 3431 3028 pm-

1856 3045 2057 3101 nasque
2080 3033 2178 3087 sibi
2203 3051 2391 3105 graves
2414 3039 2464 3091 in
2491 3038 2669 3095 futuro
2687 3042 2889 3111 judicio
2911 3050 3134 3115 paravit.
3154 3049 3267 3104 Non
3290 3054 3433 3109 enim

1856 3122 2018 3188 hunc,
2048 3134 2105 3180 ut
2156 3127 2301 3181 illum
2351 3133 2740 3189 aversabuntur
2790 3152 3012 3203 omnes,
3059 3142 3147 3209 qui
3205 3145 3430 3213 tegenda

1856 3217 2193 3273 revelaverit.
2219 3219 2296 3274 Tu
2334 3237 2462 3276 vero
2483 3238 2550 3278 ne
2579 3228 2784 3281 reveles
2806 3244 2866 3282 ea
2891 3269 2905 3293 ,
2934 3246 3159 3300 quorum
3187 3237 3434 3291 conscius

1855 3326 1954 3377 es;
1983 3312 2076 3366 sed
2100 3323 2236 3378 tace,
2268 3314 2310 3368 si
2342 3316 2419 3368 vis
2442 3316 2634 3371 bonam
2664 3318 2860 3375 habere
2888 3320 3101 3378 famam.
3128 3323 3243 3380 Non
3273 3328 3433 3381 modo

1855 3408 1997 3461 enim
2026 3406 2337 3474 subvertes,
2372 3418 2426 3463 et
2456 3418 2601 3479 teges
2628 3428 2688 3467 ea
2707 3453 2722 3477 ,
2753 3430 2871 3483 qua:
2900 3414 3039 3470 dicta
3068 3427 3227 3484 sunt,
3257 3420 3350 3474 sed
3378 3430 3434 3477 et

1855 3498 1994 3552 aliud
2022 3498 2216 3553 bonum
2264 3502 2611 3570 operaberis:
2648 3520 2751 3559 non
2790 3507 2899 3575 jam
2928 3507 3087 3563 facies
3115 3520 3301 3565 contra
3349 3522 3431 3567 te-

1855 3590 2027 3660 ipsum
2056 3592 2181 3647 ferri
2202 3595 2541 3649 sententiam.
2563 3596 2682 3652 Tibi
2707 3599 2971 3669 quispiam
3002 3603 3309 3660 maledicit?
3342 3608 3435 3663 Dic

1856 3691 1914 3738 tu
1941 3700 1954 3736 :
1984 3684 2038 3739 Si
2065 3686 2242 3739 omnia
2274 3697 2474 3751 nosset,
2499 3704 2606 3744 non
2634 3689 2750 3745 haec
2775 3693 2948 3747 solum
2976 3695 3216 3751 dixisset.
3248 3699 3437 3753 Admi-

1853 3774 1957 3829 rati
1999 3775 2128 3830 estis
2180 3792 2300 3831 cum
2346 3788 2565 3848 stupore
2616 3781 2667 3835 id
2706 3783 2846 3852 quod
2895 3784 3044 3839 dixi?
3087 3787 3191 3843 Sed
3240 3789 3434 3846 imitari

1854 3874 2085 3934 oportet.
2118 3866 2241 3923 ldeo
2273 3870 2414 3923 enim
2445 3872 2560 3926 huic
2587 3875 2785 3938 omnia,
2815 3891 2933 3945 quae
2971 3877 3039 3931 ab
3084 3881 3281 3934 exteris
3308 3897 3432 3950 pro-

1855 3956 1961 4011 lata
1990 3966 2153 4024 sunt,
2194 3960 2459 4024 diximus,
2511 3978 2619 4016 non
2644 3964 2785 4033 quod
2817 3967 3105 4037 Scriptura:
3154 3971 3434 4029 innumera

1855 4050 1979 4104 talia
2014 4067 2118 4105 non
2153 4051 2417 4117 habeant;
2447 4056 2537 4108 sed
2565 4055 2706 4124 quod
2739 4056 2855 4111 haec
2893 4061 3061 4129 magis
3091 4063 3294 4130 possint
3339 4081 3435 4133 pu-

1854 4141 1983 4196 dore
2010 4142 2335 4198 suffundere.
2366 4144 2496 4198 Nant
2528 4146 2803 4215 Scriptura
2829 4162 3038 4219 quoque
3066 4151 3134 4205 ad
3175 4154 3433 4223 pudorem

1854 4236 2109 4292 inducere
2136 4241 2301 4304 solet,
2349 4250 2406 4293 ut
2435 4255 2553 4293 cum
2584 4240 2712 4295 dicit
2742 4262 2755 4298 :
2806 4242 2994 4298 Nonne
3021 4258 3069 4299 et
3109 4248 3292 4302 ethnici
3338 4250 3435 4305 hoc

1855 4330 2047 4400 faciunt
2077 4330 2285 4401 (Matth.
2317 4334 2370 4387 5.
2398 4335 2527 4403 47)?
2550 4336 2814 4406 Propheta
2844 4354 2972 4394 vero
3009 4339 3270 4399 Jeremias
3297 4346 3437 4401 ﬁlios

1852 4420 2069 4475 Rechab
2095 4422 2147 4477 in
2172 4426 2400 4478 medium
2423 4425 2642 4480 adduxit
2663 4426 2795 4496 (Jer.
2826 4429 2915 4484 55.
2938 4429 3017 4502 5),
3044 4433 3132 4502 qui
3157 4445 3434 4504 paternum

1853 4523 2176 4583 praeceptum
2231 4518 2529 4586 transgredi
2585 4521 2889 4575 noluerunt.
2954 4522 3228 4580 Maledixit
3273 4528 3435 4584 Maria

1851 4605 2018 4676 Moysi
2045 4604 2229 4677 (Nunt.
2257 4606 2346 4679 12)
2378 4626 2391 4662 ;
2423 4618 2478 4663 at
2507 4609 2595 4664 ille
2617 4612 2795 4665 statim
2826 4628 3037 4680 plenam
3070 4616 3137 4668 ab
3164 4618 3274 4686 ipsa
3309 4636 3433 4687 pre-

1851 4699 2001 4754 cibus
2024 4701 2235 4767 avertit,
2259 4716 2434 4771 neque
2461 4706 2729 4758 concessit
2756 4716 2812 4759 ut
2836 4708 3083 4772 sciretur,
3114 4724 3172 4763 se
3200 4711 3434 4765 vindica-

1852 4799 1962 4845 tum
1992 4791 2174 4847 fuisse.
2223 4795 2293 4847 At
2319 4809 2416 4849 nos
2447 4809 2550 4848 non
2608 4796 2724 4855 sic;
2774 4797 2867 4852 sed
2912 4798 3013 4852 hoc
3064 4801 3291 4855 maxime
3342 4818 3434 4855 vo-

1852 4882 2072 4949 lumus,
2136 4891 2195 4937 ut
2230 4884 2428 4938 sciatur
2484 4886 2730 4955 injuriam
2791 4902 2892 4941 non
2955 4889 3176 4942 inultam
3244 4890 3428 4948 fuisse.

1849 4973 2135 5043 Quousque
2160 4973 2227 5029 de
2255 4986 2392 5029 terra
2416 4976 2776 5045 spirabimus?
2803 4977 2919 5031 Non
2953 4988 3126 5047 potest
3154 4995 3325 5049 pugna
3363 4998 3429 5037 ex

1851 5081 1951 5118 una
2002 5067 2176 5119 solum
2223 5076 2371 5135 parte
2416 5077 2682 5121 constare.
2724 5065 2983 5123 Furentes
3031 5070 3075 5123 si
3113 5087 3178 5125 ex
3210 5081 3432 5143 utraque

1847 5168 1999 5227 parte
2048 5160 2226 5212 trahas
2252 5199 2267 5224 ,
2301 5159 2467 5228 magis
2496 5160 2872 5227 exasperabis;
2904 5161 2947 5215 si
2986 5178 3016 5215 a
3042 5163 3260 5219 dextera
3289 5168 3373 5221 vel
3398 5184 3430 5224 a

1848 5249 2061 5304 sinistra
2083 5291 2097 5314 ,
2130 5250 2363 5304 furorem
2392 5250 2710 5320 exstinguis.
2731 5252 2828 5318 Qui
2860 5269 2963 5308 non
2988 5257 3271 5325 patientem
3305 5275 3429 5314 ver—

1846 5342 2018 5407 berat,
2047 5341 2214 5411 magis
2238 5340 2544 5407 extollitur;
2571 5343 2658 5412 qui
2691 5343 2967 5399 cedentem
2993 5386 3008 5410 ,
3043 5349 3211 5417 magis
3233 5349 3431 5404 dissol-

1846 5434 2008 5499 vitur,
2036 5434 2162 5488 etin
2208 5432 2381 5501 ipsum
2410 5433 2559 5503 plaga
2587 5438 2932 5493 convertitur.
2957 5438 3074 5494 Non
3108 5441 3176 5493 ita
3199 5452 3423 5511 antago-

1848 5528 2002 5581 nistte
2034 5525 2137 5578 vim
2160 5533 2376 5594 superat
2402 5526 2481 5581 vir
2506 5528 2559 5581 in
2590 5529 2733 5582 omni
2765 5546 2952 5599 pugna:
2972 5547 3168 5600 genere
3197 5534 3417 5600 peritus,

1846 5624 2020 5694 utqui
2071 5625 2263 5695 injuria
2298 5623 2569 5692 afficitur,
2612 5642 2708 5679 nec
2757 5627 3020 5695 rependit.
3070 5626 3422 5683 Adversarius

1845 5719 1986 5771 cnim
2015 5731 2135 5771 cum
2166 5714 2369 5786 pudore
2396 5717 2620 5773 discedit
2645 5718 2992 5787 improbatus,
3044 5719 3215 5786 primo
3236 5733 3265 5772 a
3295 5734 3423 5787 pro-

1845 5814 1955 5866 oria
1983 5809 2328 5880 conscientia,
2374 5810 2609 5867 secundo
2654 5826 2684 5864 a
2713 5811 3100 5882 spectatoribus
3142 5812 3411 5867 omnibus.
