3978 6506
546 376 647 433 HO

546 496 745 559 Estque
768 489 818 543 in
852 486 1132 555 proverbio
1155 482 1419 550 vulgatum
1453 496 1465 531 :
1489 475 1588 543 Qui
1613 474 1857 536 honorat,
1877 484 1934 523 sc
1958 468 2127 538 ipsum

552 586 801 639 humarat.
830 582 967 647 Ergo
994 589 1046 631 et
1072 570 1492 629 contumeliosus
1517 565 1616 620 sibi
1646 563 1747 633 ipsi
1779 562 1898 615 talis
1925 569 2029 615 est.

620 671 784 725 Nemo
802 671 1001 723 (reditur
1024 668 1121 720 nisi
1148 683 1177 716 (ι
1204 664 1464 731 seipso.—-
1486 657 1652 712 Nemo
1680 670 1779 709 nos
1810 652 2006 706 laedere
2033 665 2129 720 po-

546 764 690 825 terit,
714 761 905 815 iterum
924 759 1063 821 dico,
1083 756 1183 809 nisi
1203 768 1299 807 nos
1319 751 1420 819 ipsi
1440 765 1455 814 ;
1478 763 1577 803 nec
1594 747 1711 817 quis
1734 760 1818 800 me
1844 756 2131 813 pauperem

547 855 729 917 faciet,
762 852 859 906 nisi
877 849 1121 919 egoipse.
1147 848 1262 915 Age
1286 857 1435 914 ergo,
1468 841 1546 895 sic
1562 854 1675 894 rem
1696 835 2091 909 perpendamus
2114 851 2128 888 :

548 946 612 999 sit
630 943 757 997 mihi
771 942 946 995 anima
963 952 1181 1007 pauper.
1195 944 1246 989 et
1265 947 1451 987 omnes
1469 930 1596 984 mihi
1616 927 1863 998 pecunias
1883 932 2127 995 erogcnt;

548 1035 674 1104 quid
696 1032 856 1088 inde?
874 1029 1155 1085 Donecilla
1183 1035 1439 1085 mutetur.
1464 1022 1642 1077 omnia
1671 1020 1865 1075 frustra
1889 1024 2031 1072 sunt.
2056 1015 2136 1070 Sit

551 1127 728 1181 anima
747 1124 873 1178 mihi
898 1136 1106 1193 magna,
1128 1130 1181 1173 ct
1200 1117 1376 1173 cuncti
1406 1113 1659 1186 pecunias
1681 1126 1827 1165 meas
1848 1109 2132 1178 accipiant;

551 1220 677 1289 quid
709 1217 867 1273 inde?
898 1218 1077 1270 Donec
1104 1214 1246 1266 illam
1275 1226 1378 1266 non
1410 1221 1695 1279 pauperem
1725 1202 1918 1259 reddas
1938 1243 1953 1267 ,
2003 1200 2135 1254 nihil

554 1311 680 1365 hinc
701 1308 902 1364 damni.
931 1306 1012 1361 Sit
1034 1305 1161 1359 mihi
1183 1304 1387 1373 impura
1417 1300 1523 1354 vita
1547 1337 1563 1363 ,
1589 1306 1643 1351 et
1661 1309 1849 1350 omnes
1872 1292 2137 1348 contraria

556 1402 623 1457 de
643 1415 726 1454 me
743 1400 940 1463 dicant;
964 1397 1089 1467 quid
1120 1394 1275 1449 inde?
1301 1392 1448 1446 Licet
1467 1390 1669 1453 dicant,
1693 1395 1747 1440 at
1764 1400 1867 1439 non
1894 1385 1944 1438 in
1963 1392 2139 1436 mente

555 1490 872 1561 approbant.
893 1490 1118 1541 ltursum
1137 1486 1207 1538 sit
1224 1482 1352 1537 mihi
1372 1481 1473 1535 vita
1489 1495 1641 1549 pura,
1660 1486 1712 1528 et
1727 1487 1914 1529 omnes
1931 1481 2143 1525 coiitra-

556 1583 844 1645 riadicant;
869 1578 1063 1649 etquid
1087 1575 1402 1632 indeiNam
1436 1574 1485 1626 iu
1517 1567 1841 1625 conscientia
1872 1581 1965 1620 sua
1983 1564 2034 1617 id
2057 1567 2142 1615 (la-

557 1683 742 1729 mnant
764 1690 775 1725 :
801 1688 907 1726 non
930 1671 1070 1724 enim
1102 1667 1339 1738 persuasi
1361 1666 1561 1720 dicunt.
1580 1661 1648 1717 Ut
1664 1662 1804 1715 enim
1828 1657 2010 1712 laudes
2036 1671 2139 1708 non

558 1772 769 1832 oportet
798 1762 1099 1827 admittere,
1129 1760 1206 1814 sic
1236 1772 1335 1812 nec
1364 1757 1745 1810 accusationes.
1779 1749 1845 1804 Et
1888 1763 1984 1803 cur
2028 1746 2143 1801 hzec

562 1855 722 1911 dico?
762 1855 929 1911 Nemo
970 1853 1123 1907 nobis
1160 1864 1410 1920 umquam
1443 1844 1680 1901 insidiari
1711 1842 1940 1912 poterit,
1974 1854 2145 1909 neque

564 1947 903 2001 accusatione
943 1939 1363 2003 circumvenire,
1419 1938 1462 1992 si
1516 1934 1863 1989 voluerimus.
1916 1930 2029 1985 Hoc
2074 1932 2142 1982 ita

567 2036 970 2091 consideremus
1006 2055 1018 2090 :
1051 2034 1224 2088 trahat
1251 2047 1348 2086 nos
1377 2030 1497 2101 quis
1521 2028 1586 2082 ad
1614 2027 1789 2081 forum
1811 2065 1827 2090 ,
1856 2021 2148 2079 calumnie—

568 2137 695 2193 tur;
728 2129 771 2181 si
798 2128 877 2181 vis
903 2169 917 2193 ,
944 2136 998 2180 et
1020 2126 1255 2179 animum
1285 2123 1474 2177 efl'erat
1500 2137 1514 2185 ;
1548 2128 1601 2174 et
1627 2116 1754 2187 quid
1780 2115 1881 2169 hoc
1903 2154 1919 2180 ,
1943 2113 1986 2167 si
2014 2127 2148 2181 pau-

566 2218 733 2287 lisper
778 2218 892 2270 haec
942 2216 1205 2269 immerito
1255 2212 1430 2267 feras?
1459 2211 1569 2264 lloc
1594 2210 1764 2278 ipsum
1797 2206 1993 2259 malum
2028 2212 2145 2267 est,

567 2310 794 2379 inquies.
847 2309 959 2363 Hoc
1002 2310 1174 2377 ipsum
1213 2309 1407 2361 bonum
1449 2312 1529 2357 est
1556 2303 1572 2333 ¹
1599 2342 1615 2367 ,
1670 2299 1813 2370 quod
1855 2297 2150 2352 immeritus

569 2401 806 2470 patiaris.
853 2400 955 2454 Sed
1019 2398 1189 2468 quid?
1240 2413 1306 2450 an
1356 2395 1603 2449 meritum
1652 2392 1759 2461 pati
1828 2386 2151 2459 oportebat?

568 2492 780 2561 Aliquid
795 2494 984 2545 iterum
997 2491 1166 2544 dicam
1189 2506 1201 2541 :
1224 2485 1581 2555 Philosophus
1595 2483 1807 2555 quidam
1821 2492 2149 2543 exterorum,

577 2591 635 2637 ut
659 2583 863 2636 audivit
900 2582 1202 2651 quempiam
1247 2580 1445 2634 obiisse
1466 2619 1481 2643 ,
1514 2591 1635 2632 cum
1663 2573 1877 2645 quidam
1901 2587 1966 2626 ex
1988 2570 2152 2625 disci-

572 2676 714 2744 pulis
740 2674 942 2728 diceret
981 2673 1117 2742 ipsi,
1152 2671 1243 2725 Vae
1272 2669 1431 2734 mihi,
1463 2667 1591 2737 quia
1639 2665 1876 2734 injuste;
1912 2662 2000 2717 ille
2026 2675 2157 2715 con-

572 2782 792 2829 versus,
838 2765 943 2821 Sed
989 2764 1146 2833 quid,
1188 2764 1293 2827 ait,
1349 2776 1415 2814 au
1459 2759 1605 2828 justo
1647 2754 1908 2811 voluisses
1945 2750 2059 2824 (a)?
2088 2751 2157 2805 Et

639 2924 656 2953 ¹
682 2920 846 2969 Morel.
874 2919 1014 2982 legit,
1042 2917 1222 2982 malum
1254 2922 1365 2975 est;
1404 2928 1514 2979 qute
1550 2913 1696 2963 lectio
1726 2910 1986 2982 quadrabit
2005 2910 2049 2958 si
2077 2908 2155 2982 ξιι-

578 2984 879 3044 terrogantis
902 2971 1038 3031 more
1061 2980 1141 3030 hic
1176 2971 1446 3044 proferatur
1470 2986 1625 3044 :_tu_nc
1658 2971 1788 3044 enim
1820 2975 1892 3022 sic
1915 2980 2054 3044 totus
2069 2971 2156 3044 nlo-

586 2995 879 3044 terroganus
902 2995 1038 3031 more
1062 2995 1141 3030 mc
1192 2995 1446 3029 iroteratur
1470 2995 1483 3027 ζ
1509 2995 1625 3026 tunc
1658 2995 1788 3025 Clum
1820 2995 1892 3022 an;
1924 2995 2054 3021 ιυιυδ
2089 2995 2090 3008 ι

586 3058 673 3094 cus
697 3045 899 3093 habebit
923 3056 934 3090 :
964 3052 1062 3092 Hoc
1088 2995 1270 3092 malum
1293 3047 1361 3090 est
1384 3040 1510 3101 quod
1544 3037 1811 3101 immeritus
1826 3032 2046 3101 patiaris
2068 3030 2090 3101 ξ

643 3106 715 3169 (a)
745 3106 797 3155 In
830 3105 958 3154 hunc
990 3103 1147 3154 locum
1180 3104 1285 3153 haec
1317 3093 1466 3151 habet
1489 3109 1725 3150 Dounteus
1747 3099 1796 3146 in
1826 3093 1954 3147 Edit.
1980 3093 2155 3144 Savil.:

1264 366 1318 421 S.
1360 361 1635 421 JOANNIS
1675 353 2145 414 CllllYSOSTOMl
2191 352 2505 409 MlClllEP.
2544 352 3081 410 CONSTANTINOP.
3676 375 3760 435 ηρ

2238 467 2471 524 Joannes
2494 483 2671 522 nonne
2694 468 2888 538 injuste
2910 477 3155 523 mortuus
3174 469 3289 524 est?
3310 469 3471 537 Quem
3488 491 3605 551 ergo
3623 492 3762 557 magis

2235 561 2545 622 miseraris,
2593 576 2789 615 eumne
2835 562 2923 631 qui
2973 561 3139 631 juste,
3189 576 3254 614 an
3294 578 3412 618 eum
3454 570 3537 636 qui
3565 572 3764 639 injuste,

2237 667 2414 706 nonne
2456 650 2601 705 hunc
2641 653 2894 706 miserum
2930 652 3066 707 dicis
3089 693 3104 717 ,
3134 652 3281 706 illum
3311 669 3435 709 vero
3466 658 3657 718 beatum
3678 669 3699 721 τ
3721 670 3765 726 1η

2237 759 2343 813 quo
2367 759 2493 815 ergo
2516 744 2725 798 laaditur
2748 746 2906 798 homo
2927 759 2955 797 a
2974 756 3168 811 morte,
3199 746 3285 815 qui
3309 748 3522 804 multum
3549 754 3765 829 lucratur,

2239 837 2432 891 nedum
2455 837 2579 907 quid
2601 837 2778 891 damni
2805 838 3036 893 referat?
3058 837 3191 894 Nam
3213 840 3257 893 si
3285 854 3349 894 ex
3377 841 3640 902 immortali
3663 868 3766 909 mor.

2239 930 2396 984 talem
2429 929 2664 997 fecisset,
2682 930 2817 985 forte
2832 931 3083 987 damnum
3100 942 3273 997 esset;
3298 934 3341 987 si
3362 950 3487 991 vero
3507 945 3767 1016 mortalem,

2238 1034 2293 1078 et
2316 1038 2379 1077 ex
2406 1032 2590 1077 natura
2612 1039 2705 1077 sua
2731 1024 2890 1093 paulo
2917 1026 3367 1093 postmoriturum
3399 1026 3656 1089 festinavit
3673 1052 3771 1097 eum

2240 1112 2406 1183 gloria
2434 1112 2702 1169 abducere
2727 1154 2743 1180 ,
2776 1114 2902 1182 quid
2934 1114 3059 1170 hinc
3084 1116 3297 1170 damni?
3319 1116 3398 1171 Sit
3426 1121 3572 1177 nobis
3599 1129 3774 1187 animus

2244 1217 2389 1262 recte
2435 1208 2783 1277 compositus,
2828 1217 2884 1262 et
2934 1209 3135 1263 nullum
3189 1210 3515 1267 extrinsecus
3560 1217 3774 1278 damnum

2244 1298 2513 1353 adveniet.
2566 1299 2671 1353 Sed
2724 1315 2827 1353 non
2854 1315 2913 1353 es
2959 1301 3010 1354 in
3035 1301 3205 1371 gloria
3229 1301 3253 1355 ?
3279 1301 3349 1356 Et
3376 1305 3497 1373 quid
3522 1308 3649 1365 hoc?
3669 1312 3775 1370 Nam

2247 1391 2386 1460 quod
2441 1391 2491 1444 in
2537 1392 2727 1460 opibus
2751 1435 2765 1456 ,
2800 1392 3027 1462 idipsum
3060 1394 3109 1447 in
3139 1395 3303 1463 gloria
3335 1406 3436 1450 est.
3462 1399 3516 1453 Si
3542 1405 3668 1457 enim
3692 1423 3782 1463 ma-

2245 1481 2470 1550 gnificus
2510 1481 2661 1535 fuero
2684 1523 2697 1544 ,
2744 1484 2892 1536 nullo
2928 1499 3063 1555 opus
3089 1485 3329 1550 habebo;
3358 1489 3439 1542 sin
3466 1505 3606 1546 vanae
3630 1497 3781 1566 gloria

2247 1571 2473 1639 cupidus
2509 1614 2523 1635 ,
2581 1582 2781 1641 quanto
2833 1575 2980 1643 plura
3028 1591 3347 1646 consequar,
3398 1588 3541 1636 tanto
3580 1584 3783 1652 pluribus

2249 1665 2441 1733 egebo.
2488 1665 2637 1720 Tunc
2686 1682 2813 1721 vero
2854 1668 3189 1737 splendidior
3236 1686 3331 1725 ero
3374 1682 3427 1727 et
3466 1676 3641 1745 majori
3667 1680 3783 1738 fruar

2250 1760 2413 1828 gloria
2442 1801 2458 1826 ,
2488 1760 2531 1813 si
2560 1760 2785 1830 gloriam
2812 1775 3210 1833 contempsero.
3257 1766 3385 1821 Hmc
3413 1783 3530 1823 cum
3558 1773 3783 1841 sciamus,

2251 1853 2475 1920 gratiam
2511 1853 2801 1909 habeamus
2828 1854 3043 1911 Christo
3072 1858 3182 1912 Deo
3210 1868 3421 1926 nostro,
3453 1863 3539 1931 qui
3565 1866 3703 1921 talem
3728 1872 3786 1919 vi-

2256 1954 2362 1999 tam
2403 1945 2557 2000 nobis
2586 1946 2807 2017 largitus
2834 1958 2914 2002 est
2937 1991 2950 2009 ,
2983 1957 3038 2002 et
3068 1949 3209 2003 illam
3236 1951 3495 2007 adeamus
3519 1955 3579 2008 ad
3604 1958 3786 2025 gloriam

2254 2037 2459 2107 ipsius:
2505 2039 2627 2107 quia
2668 2038 2841 2107 ipsum
2869 2039 3027 2095 decet
3062 2041 3231 2111 gloria
3281 2057 3403 2097 cum
3448 2044 3600 2101 Patre
3629 2052 3789 2116 princi-

2256 2130 2344 2198 pio
2373 2139 2590 2184 carente
2614 2172 2629 2196 ,
2662 2139 2716 2185 et
2740 2141 2927 2187 sancto
2955 2130 3153 2203 Spiritu
3180 2134 3297 2204 ejus
3321 2176 3337 2203 ,
3367 2136 3421 2190 in
3445 2139 3630 2194 saecula
3656 2157 3789 2198 saecu-

2256 2220 2448 2275 lorum.
2476 2224 2667 2277 Amen.

2265 2433 2288 2461 ε
2311 2415 2402 2466 sed
2442 2414 2612 2483 quid?
2645 2430 2708 2466 an
2741 2417 2873 2480 juste
2910 2419 3134 2472 voluisses
3157 2421 3182 2470 .9
3202 2439 3225 2468 ι
3262 2433 3380 2475 Ha’c
3419 2428 3619 2480 Socratis
3638 2434 3795 2483 mth

2258 2478 2652 2549 ’λιτονεηὲλνεῇδαν
2679 2478 2916 2549 ἀξνίέίεη
2948 2484 3159 2535 Laertius
3178 2524 3191 2544 ,
3216 2486 3268 2535 in
3312 2490 3418 2537 Vita
3448 2478 3645 2541 socratis
3668 2478 3795 2545 {eiii

2260 2552 2397 2615 nrror
2414 2538 2722 2615 illi‘r'liceret,
2750 2538 2934 2615 Injuste
2967 2538 3205 2615 moreris;
3242 2556 3393 2615 fune,
3418 2538 3795 2615 atqui—iuste

2260 2599 2471 2679 (ﬁnisse-89.?
2493 2602 2742 2679 liacteuus
2781 2599 3042 2679 Uetinmus.
3070 2599 3339 2679 Xenophon
3356 2599 3519 2662 autem
3537 2599 3586 2663 iii
3601 2599 3799 2679 Apologia

2260 2664 2559 2735 secretissic
2576 2664 2723 2734 habet
2745 2681 2757 2714 :
2794 2667 2998 2735 (Midam
3019 2677 3179 2735 antem
3199 2664 3421 2731 adstans,
3448 2664 3797 2735 ηοηιὶηθἈῄὸΠὸῖ

2262 2726 2428 2799 dorus,
2445 2726 2521 2799 cit:
2544 2728 2752 2799 mutante
2774 2732 2967 2799 sacrati
2978 2731 3203 2799 addictus
3222 2771 3236 2794 ,
3263 2741 3310 2784 et
3345 2726 3585 2799 singulari
3607 2726 3800 2799 pra'niitiu

2260 2787 2578 2863 interritae».
2607 2787 2779 2863 dett-1
2803 2808 2825 2836 ι
2847 2793 3097 2863 eandem.
3116 2807 3158 2863 ,ο
3197 2787 3544 2863 δὸςτατεεῖιιρσ
3575 2787 3801 2863 iiii

2262 2849 2428 2921 sei-tim
2450 2849 2640 2921 uidetur
2660 2849 2976 2912 intolerabile,
2999 2849 3126 2914 quod
3150 2863 3195 2906 te
3226 2849 3611 2921 uideam'injnste
3627 2849 3800 2913 interieri-

2265 2916 2433 2987 te-rni
2452 2916 2640 2987 ζξιιιιιιν
2673 2920 2835 2987 autem
2866 2923 3109 2987 Socrates,_
3126 2917 3409 2987 Apollodori
3430 2916 3576 2983 capiti
3599 2923 3803 2975 blandiens

2266 2974 2566 3045 respondisse
2590 2986 2618 3044 ί,
2644 2991 2666 3045 τι
2695 2984 2916 3045 Tune,“o
2937 2974 3201 3045 carissime,
3226 2993 3307 3045 me
3339 2983 3472 3043 juste
3492 2974 3640 3044 'quum
3668 2984 3804 3045 injuste

2263 3035 2552 3109 nim-mntem
2573 3035 2739 3109 ridere
2759 3035 2929 3109 malles
2957 3038 2983 3089 2’
3000 3058 3024 3087 ι
3065 3049 3118 3091 et
3141 3035 3273 3092 hunc
3296 3035 3458 3093 locum
3483 3035 3631 3109 magis
3651 3035 3803 3097 videtur

2268 3093 2633 3157 Cbrysostomus
2655 3098 2948 3160 signiﬁcare.

582 3216 3806 3246 —_——__—____—————————————_—_——_

1956 3292 2305 3357 HOMILIA
2346 3292 2489 3352 XV.

582 3452 710 3508 Car.
752 3453 801 3507 6.
844 3467 899 3505 ν.
943 3450 996 3505 8.
1039 3449 1330 3519 Stephanus
1360 3456 1525 3500 autem
1554 3446 1728 3514 plenus
1760 3441 1860 3512 fide
1901 3449 1948 3494 et
1979 3438 2160 3493 virtute

656 3543 868 3613 faciebat
891 3541 1123 3611 prodigia
1146 3549 1192 3592 et
1220 3539 1367 3607 signa
1395 3553 1578 3606 magna
1610 3535 1661 3587 in
1691 3532 1901 3605 populo.

658 3638 711 3690 1.
744 3634 809 3687 In
834 3635 1150 3688 ordinatione
1179 3632 1403 3701 Spiritus
1434 3638 1636 3683 sanctus
1666 3627 1881 3680 accedit.
1908 3653 1980 3664 ——
2006 3622 2161 3682 Vide.

588 3726 857 3797 quomodo
886 3728 1023 3780 inter
1050 3734 1256 3794 septem
1284 3723 1403 3777 illos
1427 3737 1562 3774 unus
1587 3718 1897 3788 prrecellens
1914 3724 2075 3779 esset,
2104 3729 2168 3768 ac

591 3820 793 3888 primas
825 3826 1049 3872 teneret.
1078 3816 1190 3871 Etsi
1216 3815 1356 3869 enim
1387 3812 1654 3866 ordinatio
1676 3809 1976 3865 communis
2002 3816 2165 3872 esset,

591 3920 645 3964 at
678 3908 763 3963 hic
806 3908 1060 3978 majorem
1104 3907 1329 3976 gratiam
1366 3904 1603 3957 attraxit.
1651 3903 1821 3955 Antea
1866 3913 1994 3953 vero
2019 3898 2167 3968 signa

590 4018 696 4058 nou
741 4000 1003 4062 faciebat,
1033 4000 1128 4055 sed
1176 3998 1263 4053 ubi
1308 3994 1622 4051 manifestus
1669 3991 2168 4059 fuit;utostende-

592 4103 740 4149 retur
766 4110 869 4147 non
893 4093 1060 4146 solam
1092 4093 1314 4162 gratiam
1337 4088 1585 4143 sufficere
1605 4129 1620 4151 ,
1658 4086 1750 4140 sed
1781 4085 2169 4138 ordinationem

598 4188 797 4255 requiri
821 4229 834 4250 ,
867 4196 922 4239 ut
951 4186 1182 4250 Spiritus
1206 4183 1447 4237 accessio
1476 4181 1582 4234 fiat.
1614 4179 1764 4247 Quod
1793 4180 1835 4232 si
1864 4186 2016 4230 antea
2048 4175 2171 4244 Spi-

596 4278 701 4331 ritu
748 4278 884 4346 pleni
936 4286 1119 4340 erant,
1161 4284 1216 4328 at
1265 4274 1315 4327 id
1369 4288 1398 4326 a
1442 4274 1674 4326 lavacro.
1727 4268 1781 4324 9.
1834 4268 2174 4324 Surrexerunt

598 4378 763 4421 autem
799 4367 1004 4436 quidam
1038 4366 1101 4420 de
1133 4381 1413 4436 synagoga.
1468 4360 1969 4418 Consurrectionem
2019 4366 2175 4412 vocat

598 4459 1065 4515 exacerbationem
1105 4468 1159 4512 et
1198 4460 1331 4512 iram
1376 4471 1582 4509 eorum.
1624 4455 1722 4508 llic
1764 4453 1883 4507 vide
1930 4466 2176 4520 magnam

600 4551 1028 4612 multitudinem;
1063 4551 1173 4603 imo
1202 4549 1358 4601 aliam
1386 4547 1739 4601 accusationis
1764 4543 2011 4599 formam.
2044 4543 2174 4598 Nam

602 4651 882 4712 postquam
923 4641 1182 4696 Gamaliel
1224 4640 1338 4693 illos
1382 4639 1695 4693 cohibuerat
1720 4677 1734 4701 ,
1779 4651 1847 4690 ne
1890 4636 1988 4689 hac
2023 4634 2090 4689 de
2120 4650 2178 4688 re

598 4736 927 4799 incusarent,
956 4734 1113 4788 aliam
1143 4730 1403 4785 inducunt
1430 4730 1847 4783 accusationem.
1874 4745 1893 4779 ‹
1917 4725 2178 4781 Surrexe»

598 4836 936 4892 runtautem,
963 4825 1150 4895 inquit,
1175 4823 1388 4892 quidam
1408 4822 1474 4877 de
1498 4835 1786 4892 synagoga,
1812 4834 1930 4888 quae
1947 4818 2180 4887 appella-

602 4930 689 4974 tur
712 4919 1102 4974 Libertinorum
1120 4924 1176 4971 et
1191 4914 1574 4986 Cyrenensium
1595 4921 1649 4967 et
1667 4910 2177 4975 Alexandrinorum,

602 5022 659 5065 et
684 5028 865 5065 COI‘IIIII
883 5011 970 5080 qui
990 5017 1142 5063 erant
1161 5023 1227 5061 ex
1248 5005 1430 5061 Cilicia
1453 5013 1508 5060 et
1531 5004 1671 5066 Asia,
1697 5002 2031 5071 diSputantcs
2058 5017 2178 5054 cum

603 5103 912 5169 Stephano;
947 5101 1033 5154 10.
1067 5108 1120 5152 et
1141 5114 1244 5152 non
1279 5105 1529 5165 poterant
1552 5095 1807 5149 resistere
1827 5093 2100 5161 sapientia:
2130 5101 2182 5146 et

606 5191 847 5260 Spiritui,
868 5190 958 5259 qui
986 5189 1317 5257 loquebatur.
1337 5187 1421 5240 H.
1444 5186 1594 5239 'l'unc
1611 5185 1992 5238 summiserth
2016 5181 2176 5246 viros,

608 5284 695 5352 qui
737 5282 976 5333 dicerent
1023 5295 1082 5333 se
1122 5279 1388 5332 audivisse
1415 5294 1535 5332 eum
1574 5277 1842 5331 dicentem
1874 5274 2034 5327 verba
2067 5274 2183 5327 bla-

609 5373 865 5445 Sphemia:
895 5372 944 5425 in
976 5371 1207 5441 Moysem
1236 5379 1289 5423 et
1327 5370 1377 5423 in
1425 5370 1611 5423 Deum.
1645 5387 1663 5419 ι
1698 5366 1766 5422 Ut
1790 5366 2182 5420 accusationem

610 5467 910 5529 instituant,
938 5463 1133 5518 Contra
1166 5464 1349 5524 Deum,
1376 5463 1636 5529 inquiunt,
1661 5472 1715 5516 et
1741 5473 1922 5515 contra
1951 5459 2184 5529 Moysem

612 5559 866 5627 loquitur.
905 5555 1029 5609 Ideo
1067 5564 1244 5607 autem
1286 5552 1646 5621 disputabant,
1677 5563 1734 5605 ut
1770 5560 2024 5621 cogerent
2061 5565 2182 5604 eum

618 5646 816 5716 aliquid
862 5643 1123 5714 proferre.
1171 5643 1263 5697 llle
1304 5657 1432 5695 vero
1474 5644 1672 5697 clarius
1730 5643 2043 5711 loquebatur
2070 5682 2083 5703 ,
2134 5650 2188 5693 et

613 5736 753 5793 forte
776 5737 905 5806 legis
930 5736 1283 5791 cessationem
1308 5742 1508 5787 tantum
1532 5733 1774 5794 dicebat;
1807 5734 1889 5787 vel
1919 5748 2021 5786 nou
2044 5732 2187 5786 dice-

616 5828 707 5883 bat
736 5827 948 5900 quidem
1018 5827 1111 5883 sed
1141 5826 1460 5880 insinuabat.
1497 5823 1625 5878 Nam
1653 5824 1696 5878 si
1727 5824 1897 5894 palam
1926 5824 2146 5879 dixisset
2168 5863 2184 5888 ,

2282 3457 2386 3494 non
2414 3456 2546 3512 opus
2588 3442 2775 3498 fuisset
2803 3445 3105 3501 subornatis
3134 3448 3264 3502 viris
3305 3464 3405 3504 nec
3428 3449 3571 3505 falsis
3604 3449 3805 3504 testibus.

2274 3533 2508 3588 Diversa:
2534 3546 2709 3589 autem
2734 3551 3015 3607 synagoga:
3036 3548 3211 3605 erant,
3241 3538 3635 3595 Libertinorum
3660 3552 3705 3594 et
3729 3542 3808 3609 (2y-

2273 3626 2603 3680 renensium.
2677 3627 2784 3682 Sed
2858 3630 3195 3700 Cyrenenses
3270 3635 3410 3686 ultra
3477 3634 3808 3687 Alexandriam

2273 3727 2431 3781 sunt,
2479 3719 2568 3786 qui
2595 3728 2650 3773 et
2689 3720 2799 3775 illic
2836 3735 2931 3791 per
2970 3734 3155 3791 gentes
3200 3738 3506 3795 synagogas
3551 3725 3809 3782 habebant;

2273 3822 2336 3863 ac
2374 3809 2509 3862 forte
2556 3809 2663 3864 illic
2706 3811 3033 3876 manebant,
3084 3828 3150 3868 ne
3176 3827 3323 3884 smpe
3347 3818 3580 3886 migrare
3605 3828 3813 3884 cogeren-

2277 3910 2407 3957 tur:
2457 3901 2713 3957 Libertini
2764 3916 2979 3970 autem,
3030 3906 3401 3963 Romanorum
3451 3908 3620 3963 liberti
3662 3917 3813 3967 erant.

2276 4001 2329 4047 et
2359 3992 2435 4047 sic
2460 3994 2862 4062 appellabantur
2879 3994 2975 4067 (a).
3001 3995 3069 4052 Ut
3099 4006 3277 4051 autem
3312 3998 3384 4052 ibi
3420 3998 3569 4052 inulti
3597 3996 3813 4066 peregrini

2278 4087 2619 4151 habitabant,
2669 4089 2740 4143 ita
2781 4100 2835 4143 ct
2882 4105 3176 4162 synagogas
3220 4092 3532 4157 habebant,
3585 4093 3634 4145 in
3668 4092 3818 4159 quibus

2277 4181 2557 4250 oportebat
2576 4191 2630 4236 et
2655 4182 2910 4238 lectiones
2937 4192 2991 4237 et
3016 4183 3291 4240 orationes
3324 4186 3465 4240 fieri.
3496 4184 3573 4237 Tu
3594 4201 3705 4238 vero
3721 4182 3816 4235 mihi

2279 4274 2578 4345 perpendas
2606 4275 2785 4342 velim,
2822 4275 3089 4346 quomodo
3116 4285 3171 4331 et
3195 4276 3286 4331 hic
3307 4287 3530 4332 coactus
3558 4277 3735 4332 docere
3755 4288 3820 4327 co-

2279 4378 2455 4434 netur,
2483 4376 2538 4423 ct
2566 4368 2640 4422 illi
2671 4383 2883 4423 rursum
2910 4369 2980 4423 ob
3007 4370 3153 4438 signa
3183 4384 3292 4423 non
3327 4369 3493 4424 modo
3518 4368 3584 4423 ad
3610 4366 3819 4422 invidiam

2280 4461 2633 4527 concitentur,
2661 4460 2755 4514 sed
2779 4460 2961 4527 etiam,
2990 4462 3110 4530 quia
3137 4461 3305 4515 verbo
3327 4461 3634 4530 superabat,
3652 4468 3699 4514 et
3717 4458 3823 4512 into—

2282 4552 2517 4607 lerabilis
2543 4554 2671 4621 ipsis
2698 4562 2832 4619 erat,
2852 4551 3013 4606 falsos
3038 4561 3197 4607 testes
3223 4553 3579 4607 constituant.
3609 4550 3825 4606 Nolebanl

2282 4644 2423 4699 enim
2450 4644 2596 4699 illum
2626 4645 2740 4698 sine
2762 4659 2919 4699 causa
2943 4644 3208 4708 occidere,
3241 4644 3340 4699 sed
3369 4660 3496 4698 cum
3527 4642 3770 4709 suffragio,
3786 4646 3827 4689 ut

2283 4746 2337 4792 et
2361 4736 2555 4792 famam
2586 4737 2793 4791 illorum
2818 4735 3070 4792 laederent
3094 4754 3108 4800 ;
3133 4746 3186 4791 et
3213 4738 3324 4791 illis
3353 4738 3555 4792 relictis
3577 4735 3640 4789 ad
3662 4737 3746 4787 bos
3762 4746 3829 4783 ve-

2284 4832 2456 4899 niunt,
2481 4841 2535 4885 ut
2567 4832 2643 4885 sic
2673 4832 2791 4886 illos
2812 4832 2970 4887 etiam
2999 4831 3507 4901 perterrefaeerent.
3536 4829 3639 4886 Nec
3664 4829 3829 4888 dicunt.

2285 4926 2573 4996 Loquitur;
2597 4924 2714 4987 sed,
2748 4923 2867 4978 Non
2886 4936 3045 4979 cessat
3072 4926 3225 4995 loqui,
3263 4935 3324 4979 ut
3351 4928 3731 4981 accusationem
3758 4936 3831 4972 au-

2286 5029 2463 5090 geant.
2498 5018 2586 5073 12.
2619 5038 2638 5071 ι
2663 5018 3080 5074 Commoverunt
3103 5028 3284 5072 autem
3314 5020 3560 5074 seniores
3579 5026 3631 5073 et
3649 5014 3833 5073 εει-ἰωὴ

2287 5123 2341 5166 et
2380 5119 2758 5166 concurrentes
2799 5119 3088 5180 rapuerunt
3136 5111 3314 5177 illum,
3358 5120 3415 5165 et
3460 5110 3771 5164 adduxerunt
3798 5106 3834 5154 in

2288 5203 2591 5266 concilium,
2626 5202 2712 5255 15.
2742 5215 2794 5255 et
2824 5211 3121 5256 statuerunt
3168 5201 3333 5254 falsos
3386 5210 3549 5255 testes
3572 5242 3587 5265 ,
3615 5200 3695 5269 qui
3718 5196 3835 5249 dice-

2290 5303 2407 5348 rent
2434 5312 2444 5345 :
2478 5294 2648 5347 Homo
2677 5293 2777 5347 istc
2802 5310 2904 5345 non
2936 5302 3110 5345 cessat
3138 5293 3284 5361 loqui
3320 5293 3486 5347 verba
3520 5292 3756 5344 adversus
3780 5286 3836 5336 lo-

2290 5403 2409 5441 cum
2432 5398 2669 5441 sauctum
2691 5397 2746 5441 et
2764 5386 2954 5454 legem.
2970 5406 2988 5437 ›
3012 5386 3122 5439 Νοιι
3140 5395 3340 5447 cessat,
3365 5387 3629 5456 inquiunt,
3649 5392 3699 5436 ut
3718 5380 3837 5435 illum

2294 5479 2344 5533 id
2373 5488 2654 5532 conantem
2690 5477 2943 5531 indicent.
2988 5478 3075 5532 14.
3109 5495 3126 5528 ι
3152 5478 3481 5531 Audivimus
3504 5478 3641 5531 enim
3669 5471 3846 5528 emndi-

2291 5582 2517 5631 centcm.
2537 5570 2794 5637 Quoniam
2817 5571 2970 5625 Jesus
2995 5568 3303 5622 Nazarenus
3332 5569 3420 5624 hic
3443 5570 3675 5623 destruet
3699 5566 3838 5619 luCuut

2293 5666 2451 5719 istum
2475 5707 2489 5731 ,
2515 5675 2567 5719 et
2591 5664 2812 5718 mutabit
2836 5662 3282 5726 consuetudines,
3316 5676 3454 5731 quas
3487 5660 3692 5716 tradidit
3721 5656 3843 5709 nobis

2357 5827 2430 5890 (a)
2455 5824 2684 5876 libertini
2709 5823 3003 5875 vocabantur
3038 5823 3067 5870 ii
3103 5822 3183 5882 qui
3224 5818 3522 5869 libertorum
3556 5816 3634 5866 filii
3660 5821 3793 5863 erant.
