3978 6508
240 363 337 414 ﬁl

237 480 468 547 Moyses.
502 479 684 541 Jesus,
743 481 984 547 inquiunt
1012 518 1027 541 ,
1062 476 1360 531 Nazarenus
1390 519 1402 541 ,
1447 478 1597 546 quasi
1642 485 1826 530 contu-

238 571 463 627 meliose
487 612 503 635 ,
535 572 755 624 destruet
791 572 954 623 locum
982 571 1153 630 istum,
1181 578 1227 621 et
1262 568 1473 621 mutabit
1510 567 1831 621 consuetudi-

237 677 343 714 nes.
371 660 486 715 Hoc
525 661 687 715 etiam
729 660 1000 717 Christum
1038 668 1372 721 accusantes.
1410 659 1698 714 dicebant:
1731 658 1829 724 Qui

170 760 177 766 '
235 755 453 808 destruis
488 754 732 821 templum
756 753 848 807 Dei
882 752 1092 824 (.llatt/t.
1112 752 1203 804 9.7.
1227 753 1342 820 40).
1368 752 1525 806 Multa
1543 750 1740 821 quippe
1763 750 1827 803 il-

235 846 301 900 lis
327 848 627 900 reverentia
647 856 763 900 erat
784 861 909 915 erga
935 846 1212 915 templum,
1236 853 1417 912 utpote
1436 844 1525 913 qui
1546 842 1652 896 illic
1670 841 1827 897 sedes

233 952 438 1007 ponere
464 937 686 1001 vellent,
720 937 950 1005 itemque
970 950 1091 1003 erga
1124 934 1321 1004 Moysis
1352 947 1564 985 nomen.
1592 932 1659 985 Et
1684 932 1823 994 vide,

231 1030 511 1099 quomodo
530 1028 731 1098 duplex
757 1028 827 1081 sit
846 1026 1113 1081 accusatio
1144 1044 1154 1077 :
1183 1024 1433 1089 Destruet,
1461 1024 1721 1092 inquiunt,
1746 1022 1822 1074 lo-

233 1138 352 1173 cum
376 1130 426 1175 et
455 1121 662 1173 mutabit
688 1117 1090 1173 consuetudines.
1138 1116 1251 1169 Non
1294 1115 1452 1169 modo
1478 1114 1671 1182 duplex
1693 1157 1708 1177 ,
1732 1114 1823 1167 sed

231 1213 393 1267 etiam
418 1215 635 1273 acerba,
668 1222 721 1265 et
749 1212 904 1280 plena
936 1209 1203 1280 periculis.
1232 1209 1319 1263 l5.
1352 1207 1411 1260 Et
1437 1209 1683 1260 intuentes
1708 1223 1823 1260 eum

229 1320 424 1364 omnes,
438 1304 525 1371 qui
540 1304 773 1357 sedebant
795 1303 847 1355 in
866 1299 1099 1363 concilio,
1115 1300 1343 1352 viderunt
1366 1299 1546 1369 {aciem
1566 1300 1673 1366 ejus
1698 1307 1818 1349 tam-

230 1411 381 1463 quam
412 1395 596 1463 [aciem
622 1391 808 1464 angeli.
838 1392 928 1446 Sic
954 1391 1065 1445 fieri
1090 1399 1297 1457 potest,
1328 1398 1386 1443 ut
1412 1388 1500 1458 qui
1543 1388 1594 1441 in
1632 1387 1821 1440 minori

229 1488 397 1557 gradu
425 1497 551 1542 sunt
573 1487 890 1541 clarescant.
934 1484 1070 1551 Quid
1092 1483 1233 1538 enim
1257 1524 1270 1545 ,
1294 1498 1477 1552 quaeso
1494 1522 1507 1539 .
1535 1480 1622 1535 hic
1646 1479 1821 1533 minus

231 1582 486 1646 habebat,
531 1593 687 1650 quam
714 1577 976 1648 apostoli?
1030 1590 1207 1629 nonne
1241 1575 1389 1644 signa
1420 1583 1671 1642 operatus
1693 1571 1819 1625 est?

228 1689 409 1728 nonne
434 1674 654 1727 multam
680 1670 917 1725 exhibuit
942 1666 1189 1738 loquendi
1209 1664 1545 1721 libertatem?
1572 1662 1820 1716 Viderunt

229 1770 416 1837 facient
445 1768 575 1837 ejus,
594 1775 847 1833 tamquam
868 1762 1050 1832 faciem
1074 1760 1263 1830 angeli,
1284 1759 1473 1828 inquit.
1504 1757 1628 1811 Iltcc
1650 1755 1817 1825 gratia

226 1869 363 1922 erat,
393 1859 509 1913 tunc
530 1857 696 1927 gloria
719 1855 912 1925 Moysis
938 1863 1071 1908 erat.
1114 1851 1420 1908 Gratiosum
1444 1858 1623 1904 autem
1648 1848 1815 1912 illum,

227 1966 284 2006 ut
315 1952 528 2006 videtur
549 1950 702 2016 mihi,
728 1949 852 2004 fecit
877 1947 1035 2011 Deus,
1070 1944 1205 1999 forte
1225 1944 1345 2014 quia
1372 1943 1613 2013 quaedam
1645 1941 1817 1996 dictu-

228 2060 320 2098 rus
343 2052 487 2108 erat,
505 2050 564 2096 ut
583 2040 763 2096 statim
782 2038 867 2094 vel
888 2054 953 2093 ex
975 2046 1192 2107 aspectu
1220 2036 1340 2090 illos
1361 2030 1815 2105 perterrelaeerct.

228 2136 460 2189 Po~sant
487 2133 629 2189 enim
650 2174 665 2196 ,
703 2138 924 2201 possunt
950 2129 1133 2198 utique
1160 2127 1337 2180 vultus
1362 2125 1527 2195 gratia
1557 2123 1815 2194 spirituali

225 2228 392 2296 pleni,
418 2227 680 2280 amabiles
698 2222 1144 2284 desiderantibus,
1169 2218 1456 2273 venerandi
1479 2226 1533 2270 et
1554 2215 1818 2270 terribiles

222 2318 531 2372 odientibus
554 2330 693 2370 esse.
721 2313 815 2368 Vel
841 2311 1084 2366 l‘orMSsis
1108 2310 1209 2363 hoc
1230 2308 1381 2371 dixit,
1407 2307 1554 2375 quasi
1578 2321 1813 2363 causam,

220 2422 450 2482 propter
478 2425 638 2480 quant
680 2407 819 2477 passi
845 2414 969 2459 sunt
999 2404 1143 2457 illum
1176 2401 1502 2456 concionari.
1527 2399 1661 2465 Quid
1689 2413 1815 2450 vero

216 2506 477 2577 princeps
502 2498 875 2556 sacerdotum?
902 2494 1054 2565 (Cap.
1088 2494 1168 2562 7.)
1199 2495 1250 2547 l.
1280 2492 1341 2546 Si
1368 2492 1495 2555 Ita'c,
1528 2488 1714 2559 inquit,
1746 2490 1814 2541 ita

214 2613 269 2650 se
289 2594 523 2648 habent?
550 2591 757 2656 Viden’,
784 2602 942 2659 quam
968 2594 1245 2641 mansueta
1269 2593 1323 2639 et
1344 2584 1473 2637 nihil
1502 2583 1721 2637 molesta
1746 2582 1816 2634 sit

216 2683 613 2755 interrogatio?
640 2680 764 2737 Ideo
786 2680 875 2734 ille
905 2676 1112 2748 placide
1140 2674 1367 2738 orditur,
1393 2684 1448 2729 et
1471 2676 1545 2726 ait
1576 2672 1666 2725 τε.
1708 2670 1812 2723 Viri

216 2784 402 2847 fratres
431 2790 480 2833 et
510 2787 677 2847 patres
702 2816 717 2841 ,
746 2774 919 2828 audite
946 2787 966 2825 :
996 2769 1131 2823 Deus
1172 2768 1347 2839 gloria:
1394 2766 1633 2836 apparuit
1681 2764 1813 2833 patri

218 2884 388 2925 nostra
417 2870 662 2932 Abralur,
693 2883 807 2919 cum
843 2863 1059 2933 essetin
1105 2858 1494 2928 Mesopotamia,
1521 2858 1811 2926 priusquam

223 2973 504 3016 moraretur
532 2961 585 3013 in
611 2958 863 3014 Citarran.
913 2955 1104 3010 Statim
1136 2968 1162 3004 a
1199 2951 1460 3021 principio
1505 2949 1809 3018 Opinionem

226 3053 426 3107 illorum
458 3051 639 3113 tollit,
668 3057 722 3103 et
742 3049 858 3103 sine
898 3046 1004 3100 ulla
1048 3043 1351 3113 suspicione
1393 3040 1653 3105 adstruit,
1681 3038 1809 3092 nihil

234 3159 344 3196 esse
372 3143 652 3210 templum,
684 3139 814 3193 nihil
843 3136 1279 3199 consuetudines,
1308 3148 1480 3202 neque
1504 3134 1645 3200 ipsos
1670 3146 1809 3200 pra:~

235 3238 544 3290 dicatiouem
589 3248 710 3288 esse
738 3231 1065 3286 cohibituros
1091 3245 1105 3293 ;
1131 3228 1404 3296 Deumque
1448 3237 1661 3292 semper
1713 3236 1806 3282 ea,

226 3346 337 3399 qum
355 3329 607 3383 ridentur
627 3324 996 3394 impossibilia,
1022 3322 1197 3376 facere
1218 3328 1272 3374 et
1295 3332 1499 3387 parare.
1534 3314 1663 3369 Vide
1682 3328 1809 3383 ergo

220 3427 297 3477 his
346 3423 566 3478 contexi
618 3420 931 3475 concionem
955 3460 969 3479 ,
1003 3432 1102 3485 qua
1141 3410 1469 3469 ostenditur,
1495 3409 1614 3462 illos
1648 3407 1807 3461 multa

213 3534 426 3586 semper
447 3514 540 3571 Dei
562 3512 885 3583 benignitate
912 3509 1170 3571 fruentes,
1192 3504 1455 3560 contraria
1485 3500 1807 3555 heuelactori

211 3610 557 3679 rependisse,
582 3618 633 3661 et
665 3602 1010 3673 impossibilia
1046 3608 1269 3655 tentare.
1324 3595 1456 3649 Deus
1496 3594 1671 3664 gloria:
1710 3609 1805 3659 ap-

209 3701 382 3767 paruit
410 3700 543 3768 patri
572 3706 742 3750 nostra
771 3693 985 3748 Abraluc
1003 3733 1017 3755 ,
1052 3692 1103 3746 5.
1135 3700 1182 3742 et
1209 3689 1335 3741 dixit
1376 3687 1443 3739 ad
1483 3687 1624 3740 illaut
1652 3700 1669 3735 :
1705 3682 1805 3736 Ε.ιὶ

204 3797 270 3847 de
316 3805 457 3845 terra
486 3802 590 3843 tua.
617 3802 662 3840 et
689 3788 799 3842 ι·εηὶ
827 3789 875 3839 in
906 3796 1091 3838 terram
1112 3824 1127 3849 ,
1150 3799 1302 3853 quam
1329 3789 1665 3833 monstravere
1695 3778 1801 3829 tibi.

205 3887 376 3955 (Cm.
415 3883 508 3939 li.
566 3882 648 3949 l).

274 3979 333 4031 2.
367 3973 657 4044 Templum
687 3970 923 4025 nondum
947 3977 1081 4027 erat,
1112 3962 1431 4018 sacrificium
1461 3975 1564 4015 non
1594 3966 1730 4021 erat,
1751 3966 1805 4011 et

200 4068 388 4123 divina
440 4067 647 4120 visione
690 4063 933 4131 dignatus
982 4068 1064 4112 est
1104 4054 1391 4117 Abraham,
1416 4052 1502 4121 qui
1533 4048 1804 4117 Persas(a)

203 4159 594 4230 progenitores
623 4153 824 4215 habuit,
849 4160 903 4206 et
932 4150 983 4204 in
1008 4149 1178 4202 aliena
1209 4156 1349 4200 terra
1377 4152 1510 4197 erat.
1539 4140 1604 4194 Et
1630 4156 1725 4193 cur
1750 4139 1800 4191 in

198 4252 432 4308 exordio
462 4250 651 4311 Deum,
680 4247 864 4316 gloria:
891 4241 1174 4312 appellavit
1204 4236 1407 4292 ltettm?
1445 4234 1575 4301 Quia
1604 4234 1690 4286 ille
1720 4233 1799 4285 inv

197 4345 410 4415 glorias
431 4342 559 4396 fecit
579 4339 842 4409 gloriosos
862 4353 875 4396 ;
899 4345 950 4388 et
968 4345 1018 4385 ιιι
1043 4329 1368 4391 ostenderet,
1396 4327 1438 4378 si
1462 4326 1583 4379 illos
1604 4323 1800 4393 gloriti-

195 4413 346 4489 cavit
370 4476 385 4497 ,
410 4432 588 4486 multo
622 4429 789 4498 magis
826 4427 955 4479 istos
994 4421 1413 4491 gloriﬁcatnrmn
1440 4432 1582 4471 esse.
1617 4413 1799 4467 Viden'

194 4528 485 4602 quomodo
508 4526 629 4579 illos
656 4539 686 4577 a
714 4524 986 4589 corporeis
1008 4516 1255 4577 abduCat,
1280 4524 1333 4567 et
1354 4531 1380 4563 a
1408 4511 1523 4563 loco
1550 4508 1797 4577 primum,

193 4599 324 4693 quia
344 4620 557 4676 deloco
574 4614 863 4685 agebatur?
882 4611 1014 4663 Deus
1032 4609 1225 4677 glorite.
1255 4605 1310 4659 Si
1337 4605 1474 4655 licus
1495 4610 1575 4655 est
1592 4599 1796 4667 gloria-,

192 4692 381 4783 palam
412 4720 500 4766 est
522 4709 671 4763 illtuu
696 4721 800 4760 non
832 4718 989 4774 cgere
1016 4702 1181 4770 gloria
1211 4707 1409 4754 nostra,
1441 4710 1610 4764 neque
1632 4692 1797 4759 gloria

194 4804 390 4874 Lamp“
411 4819 426 4866 ;
447 4802 568 4870 ipse
603 4812 831 4867 namque
863 4805 937 4848 est
977 4791 1159 4862 glorizu
1193 4790 1330 4841 lous.
1361 4786 1434 4839 Nu
1462 4801 1586 4854 ergo
1607 4783 1799 4852 putetis

193 4912 296 4951 vos
323 4896 409 4949 sic
438 4892 593 4947 illum
619 4888 1011 4959 gloriﬁcatnros
1036 4897 1176 4933 esse.
1222 4881 1283 4933 Et
1304 4894 1419 4939 cur,
1448 4876 1672 4943 inquies,
1699 4873 1798 4925 hoc

188 4990 482 5058 Scriptura
511 4984 581 5038 de
612 4980 913 5036 Abrahamo
939 4976 1064 5030 dicit
1087 4979 1108 5029 ’ἶ
1136 4973 1265 5039 Quia
1297 4971 1471 5023 minus
1497 4966 1795 5020 necessaria

192 5098 301 5133 nun
333 5080 533 5133 relert.
573 5072 724 5140 Quod
752 5070 893 5124 enim
926 5068 1063 5121 scire
1094 5079 1191 5116 nos
1216 5060 1550 5130 cupedicbat,
1586 5057 1683 5109 hoc
1710 5070 1796 5106 so-

191 5174 303 5225 lum
338 5185 445 5223 nos
474 5166 676 5223 docuit.
727 5161 867 5231 quod
915 5158 1101 5212 videns
1132 5156 1291 5205 lilitttn
1332 5169 1449 5203 ι·ιιιιι
1490 5151 1577 5202 illo
1605 5149 1795 5215 migra-

190 5267 298 5321 sit;
336 5270 542 5315 czetera
578 5270 702 5310 vero
732 5254 915 5313 tacuit,
969 5265 1035 5303 eo
1082 5247 1221 5317 quod
1280 5246 1386 5295 eito
1433 5250 1672 5294 mortuus
1726 5239 1795 5290 sit

188 5365 491 5425 postquam
535 5348 864 5403 habitaverat
894 5342 945 5396 itt
969 5341 1230 5394 Charran.
1284 5335 1380 5391 Eri
1411 5336 1472 5386 de
1499 5332 1795 5401 cognatione

189 5422 298 5498 tua.
338 5444 447 5499 llic
475 5438 710 5495 ostendit
738 5436 837 5489 hos
876 5448 980 5487 nou
1023 5446 1143 5485 esse
1189 5429 1324 5483 lilios
1351 5425 1596 5480 Abraluc.
1645 5422 1791 5489 Quo-

191 5534 406 5589 mudo?
451 5531 585 5597 Quia
612 5528 702 5581 ille
728 5527 1033 5595 obsequens
1075 5531 1210 5586 erat,
1242 5520 1294 5573 hi
1326 5528 1503 5572 autem
1555 5516 1795 5585 pervica-

190 5641 312 5686 res;
333 5627 455 5677 imo
468 5638 530 5676 ex
558 5620 621 5673 iis
640 5633 758 5689 qua:
774 5617 955 5686 jussus
977 5613 1097 5667 facit
1113 5611 1387 5675 discimus,
1413 5608 1559 5661 illum
1579 5605 1791 5674 quidem

253 5766 331 5823 (a)
372 5757 639 5809 t-‘amiliare
679 5762 757 5806 est
780 5753 1117 5815 Chrysostomo
1133 5745 1412 5803 Orientales
1450 5756 1579 5809 pene
1620 5754 1793 5792 omnes

194 5838 367 5874 mare
394 5829 585 5869 P8533.

1231 361 1293 416 IN
1338 360 1517 416 ACTA
1559 360 2083 417 APOSTOLURUM.
2128 362 2356 417 llOMlL.
2402 361 2514 416 XV.

3423 370 3527 423 ιω

1942 478 2148 530 labores
2193 478 2529 541 sustinuisse,
2558 478 2654 530 hos
2702 493 2830 530 vero
2876 478 3095 531 l'rnetus.
3126 480 3411 550 deretpere
3431 525 3447 546 ,
3474 497 3527 539 rt

1939 568 2307 638 progenitores
2327 584 2516 623 omnes
2546 568 2597 621 in
2626 569 2878 622 :erumnis
2908 568 3091 623 fuisse.
3118 571 3171 623 4.
3206 591 3224 621 ι
3255 571 3318 623 Ει
3339 589 3525 641 egres-

1937 673 2028 711 sus
2049 657 2116 713 de
2138 668 2274 712 terra
2298 659 2689 725 Chaldamrtun,
2710 659 2968 713 habitavit
2985 661 3036 714 in
3056 659 3313 715 Charran:
3332 674 3385 718 et
3402 665 3529 722 inde

1937 762 2213 825 postquam
2258 766 2501 809 mortuus
2522 764 2607 810 est
2630 766 2781 826 pater
2802 757 2915 824 ejus
2941 798 2955 821 ,
3001 758 3270 810 transtulit
3297 758 3441 811 illtnn
3472 760 3523 813 itt

1936 855 2129 899 terram
2157 846 2309 899 istam
2334 866 2347 900 :
2372 847 2545 916 inqua
2572 862 2710 900 llllllC
2737 862 2831 900 vos
2855 848 3135 900 habitatis:
3158 848 3209 901 5.
3230 856 3283 901 ct
3309 865 3413 901 non
3431 848 3525 903 de-

1933 938 2005 990 dit
2030 937 2102 990 illi
2134 938 2497 992 ltzereditatem
2524 940 2572 992 in
2593 955 2865 1007 ca,nequc
2891 955 3101 1007 passum
3121 939 3287 1008 pedis.
3319 958 3337 990 ι
3370 939 3520 1004 Vide,

1934 1029 2203 1096 quomodo
2226 1030 2345 1081 illos
2368 1046 2395 1081 a
2428 1040 2565 1082 terra
2589 1030 2837 1083 abducat.
2863 1031 2976 1083 Non
2998 1031 3131 1084 dixit
3150 1032 3313 1093 enim,
3337 1030 3518 1094 Dabit;

1932 1120 2047 1183 sed,
2082 1119 2200 1173 Non
2229 1122 2386 1185 dedit,
2408 1122 2686 1174 declarans
2708 1122 2883 1174 omnia
2912 1123 2978 1173 ab
3005 1123 3115 1182 illo,
3151 1122 3280 1176 nihil
3304 1123 3369 1175 ab
3393 1122 3520 1190 ipsis

1933 1212 2116 1266 fuisse.
2167 1212 2323 1266 Venit
2361 1213 2502 1265 enim
2544 1214 2725 1266 relicta
2771 1214 3089 1281 cognatione
3113 1224 3166 1267 et
3193 1215 3379 1283 patria.
3412 1215 3518 1268 Cur

1932 1316 2059 1369 ergo
2082 1316 2185 1353 non
2212 1302 2392 1354 dedit?
2418 1304 2549 1367 Quia
2586 1303 2749 1371 ligura
2779 1314 2893 1357 erat
2921 1306 3138 1358 alterius
3179 1316 3335 1360 terra:
3355 1321 3515 1375 qttatu

1932 1394 2173 1459 promisit
2200 1410 2258 1447 se
2291 1394 2362 1448 illi
2394 1395 2661 1448 daturum.
2701 1395 2859 1450 Vides
2883 1437 2896 1459 ,
2930 1413 3053 1451 eum
3080 1412 3183 1449 non
3212 1399 3327 1451 sine
3355 1413 3513 1452 causa

1928 1499 2227 1540 sermonem
2266 1487 2580 1539 resumere?
2614 1486 2730 1539 Non
2760 1488 2895 1539 dedit
2934 1487 3038 1549 illi,
3075 1488 3258 1555 inqttit.
3299 1487 3364 1541 Et
3394 1507 3514 1559 pro-

1927 1576 2061 1628 misit
2104 1577 2281 1629 semini
2321 1579 2430 1640 eius
2460 1589 2569 1646 post
2608 1578 2749 1631 illum
2773 1619 2787 1643 ,
2819 1594 2933 1630 cum
2968 1596 3068 1631 non
3099 1578 3298 1632 haberet
3324 1582 3509 1647 lilium.

1930 1667 2058 1722 llinc
2091 1685 2300 1723 rursum
2339 1671 2638 1723 ostenditur
2671 1671 2759 1723 Dei
2792 1672 3027 1738 potentia
3050 1713 3063 1736 ,
3097 1672 3237 1740 quod
3266 1687 3327 1725 ea
3356 1671 3511 1726 faciat

1926 1776 2042 1827 qua:
2071 1761 2415 1831 impossibilia
2448 1763 2713 1817 videntur.
2751 1763 2882 1816 Eum
2912 1764 3075 1828 enim,
3105 1764 3192 1831 qui
3222 1764 3269 1815 iu
3295 1764 3511 1819 Perside

1925 1864 2056 1916 erat,
2095 1863 2241 1907 tanto
2270 1856 2443 1923 spatio
2472 1867 2758 1916 remotum.
2789 1856 2921 1910 dixit
2951 1871 3008 1911 se
3037 1857 3310 1910 dominum
3344 1856 3510 1910 Palat-

1924 1945 2076 1998 stinm
2109 1945 2393 2000 laetarum.
2438 1946 2540 2002 Sed
2581 1948 2716 2001 dicta
2762 1950 3005 2016 superius
3045 1958 3367 2017 repetamus.
3418 1947 3508 2002 ln-

1924 2048 2114 2091 tuentes
2151 2039 2204 2091 in
2241 2056 2353 2092 eum
2379 2081 2392 2103 ,
2425 2040 2592 2109 inquit
2613 2082 2625 2103 ,
2655 2040 2883 2093 viderunt
2910 2040 3089 2108 [aciem
3119 2042 3227 2110 ejus
3252 2051 3509 2109 tamquam

1922 2133 2101 2199 faciem
2128 2130 2316 2200 angeli.
2345 2130 2493 2184 l‘nde
2523 2132 2571 2183 in
2599 2130 2869 2199 Stephano
2891 2133 3056 2201 gratia
3089 2131 3347 2185 ﬂorebat?
3375 2148 3507 2187 non-

1922 2237 1988 2274 ne
2014 2237 2077 2276 ex
2114 2222 2259 2276 tide?
2285 2222 2336 2275 Id
2362 2232 2510 2275 certe
2539 2223 2709 2290 palam
2736 2234 2848 2286 est;
2879 2240 2997 2276 nam
3025 2238 3182 2292 supra
3213 2224 3278 2277 dc
3305 2222 3396 2278 illo
3420 2224 3505 2278 di-

1921 2316 2030 2380 xit,
2064 2315 2276 2385 plenum
2308 2316 2411 2369 title
2451 2315 2630 2369 fuisse.
2663 2316 2845 2370 Potest
2868 2326 3045 2370 autem
3088 2315 3267 2371 haberi
3300 2317 3463 2385 gratia
3486 2359 3503 2380 ,

1921 2421 2038 2474 qua:
2087 2423 2190 2459 non
2233 2408 2303 2461 sit
2343 2407 2672 2461 curationum
2718 2426 2729 2459 :
2775 2406 2894 2459 ideo
2935 2408 3008 2460 ait
3038 2407 3323 2477 Apostolus
3354 2424 3367 2461 :
3401 2408 3505 2462 Alii

1920 2500 2089 2563 datur,
2125 2500 2324 2568 inquit,
2363 2501 2526 2569 gratia
2551 2501 2868 2553 curationum
2891 2542 2903 2557 .
2933 2501 3021 2553 alii
3050 2516 3213 2553 sermo
3241 2502 3504 2564 sapientia:

1918 2592 2005 2659 (l.
2037 2590 2153 2644 Cor.
2185 2591 2270 2645 19..
2306 2592 2339 2645 9
2360 2593 2397 2650 i.
2434 2593 2527 2645 llic.
2558 2606 2733 2646 autem
2763 2591 2971 2645 videtur
2998 2592 3123 2644 mihi
3168 2592 3313 2645 illum
3349 2591 3501 2647 valde

1915 2681 2205 2748 gratiosum
2250 2682 2410 2736 fuisse
2449 2682 2767 2735 subiudicari
2793 2723 2807 2744 ,
2838 2697 2958 2734 cmn
2989 2681 3213 2743 dicitur,
3254 2680 3501 2735 Viderunt

1917 2775 2095 2841 faciem
2138 2776 2247 2839 eius
2292 2786 2547 2843 tamquam
2592 2776 2771 2843 faciem
2814 2774 3017 2843 angeli;
3052 2774 3190 2842 quod
3234 2776 3393 2828 etiam
3432 2774 3500 2829 de

1917 2865 2151 2920 Barnaba
2179 2866 2379 2919 dictum
2410 2866 2525 2918 fuit.
2557 2865 2707 2920 Unde
2745 2867 2941 2919 scimus
2970 2865 3237 2933 simplices
3265 2876 3313 2920 et
3348 2865 3501 2919 inno-

1915 2966 2095 3011 centes
2136 2957 2185 3009 in
2229 2956 2413 3025 primis
2458 2957 2507 3008 in
2549 2956 2901 3010 admiratione
2938 2956 3119 3018 t-sse‘,
3165 2955 3499 3025 maximeque

1913 3051 2196 3119 gratiosos.
2229 3049 2369 3102 Tunc
2406 3050 2757 3102 summiserant
2784 3050 2915 3101 viros
2940 3049 3025 3116 qui
3051 3047 3270 3101 dicerent
3287 3090 3300 3105 .
3328 3066 3381 3101 se
3406 3066 3499 3101 au-

1914 3143 2097 3195 divisse
2139 3141 2282 3193 illaut
2318 3142 2561 3194 dicentem
2604 3140 2748 3194 verba
2792 3141 3105 3209 blaspltenta.
3138 3140 3210 3194 lic
3243 3143 3496 3207 apo~tolis

1913 3235 2125 3302 quidem
2158 3233 2424 3298 dicebant,
2458 3234 2595 3302 quod
2626 3232 3068 3287 resurrectimtctn
3097 3234 3492 3295 annuntiarent,

1912 3336 1962 3381 et
1990 3324 2129 3395 quod
2174 3325 2333 3377 multa
2373 3326 2521 3377 turba
2554 3325 2880 3384 contineret;
2916 3323 2999 3377 hic
3030 3332 3203 3376 autem
3236 3322 3375 3391 quod
3405 3339 3491 3376 sa-

1914 3427 2187 3471 narentur.
2218 3416 2261 3470 Ο
2293 3417 2682 3485 insipientiam!
2732 3416 2803 3468 De
2841 3415 3033 3484 quibus
3072 3416 3349 3482 oportebat
3374 3430 3491 3484 gra-

1913 3510 2012 3563 tias
2036 3524 2193 3579 agere
2214 3550 2226 3569 ,
2257 3508 2324 3562 de
2370 3509 2433 3560 iis
2472 3507 2852 3573 rctlarguebaut
2880 3522 2894 3568 ;
2926 3515 2978 3559 t-t
3006 3521 3100 3557 eos
3124 3505 3211 3574 qui
3244 3506 3494 3575 operibus

1910 3602 2250 3671 superabant.
2297 3615 2355 3653 se
2404 3599 2579 3653 verbis
2628 3608 2970 3666 superaturos
3021 3610 3139 3652 esse
3185 3596 3490 3665 sperabant,

1909 3693 2047 3762 quod
2094 3694 2252 3747 etiam
2306 3706 2429 3759 erga
2487 3690 2755 3744 Christum
2794 3688 3086 3751 iaciebant;
3117 3698 3169 3741 ct
3199 3701 3411 3756 semper
3441 3687 3491 3739 iu

1910 3784 2069 3838 verba
2111 3796 2233 3837 sese
2276 3779 2678 3833 convertebant.
2715 3779 2837 3833 Illos
2878 3779 3019 3831 enim
3065 3786 3266 3832 temere
3305 3792 3493 3847 rapere

1908 3872 2323 3932 erubescebant,
2367 3870 2492 3924 nihil
2537 3871 2790 3924 habentes
2819 3886 2924 3938 quo
2953 3868 3382 3922 criminarentur.
3430 3868 3485 3922 lit

1907 3965 2064 4028 vide,
2098 3962 2364 4031 quomodo
2407 3977 2508 4014 ιιοιι
2553 3960 2759 4028 iudices
2803 3958 2898 4027 ipsi
2941 3958 3328 4020 tesdl‘tceutur;
3370 3973 3488 4011 nam

1907 4055 2163 4110 confutati
2199 4054 2454 4115 fuissent;
2488 4052 2581 4106 sed
2610 4053 2743 4104 alios
2787 4050 2978 4104 frustm
3020 4048 3263 4103 mercede
3291 4048 3491 4103 condu-

1906 4157 2066 4212 cunt,
2098 4155 2153 4199 ut
2185 4161 2250 4199 ne
2280 4143 2548 4197 videretur
2580 4157 2663 4195 res
2701 4156 2819 4195 esse
2859 4140 3112 4192 violenta.
3159 4138 3269 4194 lloc
3316 4138 3489 4208 ipsum

1906 4241 2063 4294 etiam
2093 4237 2308 4292 Christo
2339 4233 2625 4301 contigisse
2657 4230 2857 4285 videas.
2894 4227 3136 4282 Vidistin'
3164 4228 3268 4281 vim
3301 4228 3490 4297 prmdi-

1906 4332 2146 4394 eationis,
2176 4326 2517 4397 etquomodo
2546 4326 2717 4394 vigeat
2745 4339 2849 4376 non
2880 4321 3037 4375 modo
3064 4337 3183 4376 cum
3217 4334 3488 4389 prteconrs

1907 4424 2268 4496 ﬂagellantur,
2302 4421 2393 4473 sed
2431 4419 2588 4473 etiam
2629 4432 2749 4470 cum
2792 4415 3121 4484 lapitlantur,
3150 4428 3270 4466 cum
3299 4411 3362 4466 ad
3396 4412 3485 4464 tri-

1906 4518 2067 4573 bunal
2108 4525 2368 4586 aguntur,
2411 4526 2533 4564 cum
2584 4510 2815 4577 umlique
2873 4506 3179 4576 pelluntur?
3211 4505 3341 4559 llinc
3380 4502 3485 4557 illis

1904 4612 2033 4666 falsa
2067 4607 2498 4666 testiﬁcantibns,
2538 4620 2639 4655 non
2681 4601 2840 4655 modo
2870 4616 2974 4653 non
3007 4597 3358 4667 superabant.
3390 4597 3483 4651 sed

1906 4719 2004 4758 nec
2019 4701 2278 4756 obsistere
2297 4697 2542 4750 valebant
2559 4696 2599 4757 ³,
2616 4694 2714 4747 etsi
2740 4691 2890 4745 valde
2908 4689 3241 4758 impudentes
3264 4696 3442 4742 essent
3467 4704 3479 4741 :

1903 4797 1981 4849 sic
2009 4793 2129 4847 illos
2159 4790 2364 4843 fortiter
2388 4786 2613 4846 devicit,
2644 4784 2742 4837 etsi
2785 4780 2946 4835 tnulta
2978 4778 3375 4847 incongruentia
3408 4776 3484 4829 la-

1902 4894 2102 4947 cerent,
2137 4893 2189 4935 nt
2218 4891 2271 4934 et
2301 4894 2423 4944 erga
2451 4876 2753 4938 Christum,
2785 4887 2909 4927 cum
2951 4870 3127 4922 omnia
3159 4871 3390 4922 lacerent
3427 4877 3484 4921 ιιι

1903 4978 2053 5030 illum
2097 4983 2269 5027 morte
2309 4972 2619 5029 aliiet-rcut,
2660 4966 2727 5017 ita
2777 4972 2831 5014 ut
2873 4960 3087 5013 demum
3132 4959 3300 5027 palam
3341 4967 3481 5027 esset

1900 5068 2168 5128 onmibus,
2194 5080 2297 5117 non
2327 5061 2609 5114 humanam
2634 5068 2752 5108 esse
2779 5066 3027 5121 pugnant,
3056 5049 3149 5105 sed
3178 5048 3267 5103 Dei
3295 5058 3479 5103 contra

1902 5160 2164 5217 homines.
2206 5152 2481 5222 l’crpcutle
2522 5161 2699 5202 autem
2739 5144 2865 5215 quid
2906 5143 3097 5197 faciant
3140 5141 3212 5195 illi
3255 5142 3480 5210 appositi

1903 5253 2015 5309 l‘alsi
2041 5262 2201 5307 testes
2224 5249 2290 5301 ab
2313 5247 2396 5311 iis,
2423 5243 2509 5313 qui
2536 5239 2872 5310 sanguinario
2896 5238 3074 5291 animo
3105 5237 3249 5291 illttm
3279 5238 3329 5289 in
3352 5251 3479 5289 con-

1900 5346 2078 5399 cilittm
2107 5347 2411 5409 rapuerant.
2440 5334 2734 5387 Audiuimus
2764 5331 2906 5384 illum
2937 5331 3180 5383 dicentem
3206 5330 3350 5382 verba
3371 5328 3480 5381 bla-

1898 5438 2104 5506 splmna
2132 5442 2305 5485 contra
2332 5428 2557 5497 Moysem
2581 5442 2639 5477 ac
2666 5423 2849 5477 Deum.
2874 5422 2919 5475 Ο
2942 5420 3274 5481 impudentes
3299 5423 3311 5472 !
3342 5423 3478 5487 Upo-

1966 5618 1980 5647 ι
2022 5613 2145 5661 Alius
2174 5611 2323 5660 habet
2351 5644 2364 5667 ,
2399 5606 2551 5657 salvos
2598 5618 2727 5674 esse,L
2762 5616 2849 5662 pro
2876 5637 2890 5658 ,
2918 5600 2972 5674 _i_n
3021 5596 3339 5674 admirati-(line
3360 5608 3469 5665 esse,

1963 5680 1982 5708 ²
2156 5657 2226 5721 sic
2248 5657 2397 5719 habet
2424 5686 2435 5719 ς
2460 5706 2472 5718 .
2602 5657 2821 5718 audiuit?
2852 5661 3093 5717 velluntur
3118 5660 3142 5709 Σ)
3177 5666 3221 5723 et
3245 5657 3340 5706 illis
3364 5657 3481 5717 ipsis

1901 5720 2254 5847 conﬁtentibus,
2277 5746 2369 5783 non
2394 5733 2534 5782 modo
2558 5728 2884 5785 vincebantur,
2910 5727 2995 5774 sed
3027 5735 3087 5771 ne
3117 5720 3339 5770 resistete
3373 5732 3480 5780 qm-

1903 5806 2012 5847 dem
2036 5812 2091 5847 t'a
2126 5810 2138 5827 ’
2170 5803 2267 5846 ant.

1903 5806 2012 5851 dent
2036 5803 2267 5848 t'alcbant.
