3978 6506
528 368 635 424 133

529 495 586 534 ra
613 484 798 534 contra
825 473 988 530 Deum
1014 468 1324 539 blasphcma
1355 465 1544 526 facitis,
1575 471 1628 515 ct
1657 477 1761 513 non
1791 460 2023 520 curatis;
2055 466 2109 510 et

528 572 596 623 de
641 568 822 640 Moyse
865 561 1078 618 solliciti
1125 575 1246 614 esse
1293 556 1587 613 simulatis?
1634 554 1756 608 Ideo
1801 551 2113 621 proponitur

530 664 757 732 Moyses,
783 657 904 727 quia
926 671 1046 725 qua:
1074 652 1164 707 Dei
1182 659 1354 714 erant,
1378 663 1482 702 non
1511 645 1735 700 mullum
1759 644 2035 704 curabant,
2057 650 2111 693 et

529 754 726 822 ubique
751 749 984 820 Moysem
1006 748 1426 800 commemorant
1455 760 1467 793 :
1495 738 1714 807 Moyses,
1744 735 2004 805 inquiunt,
2032 733 2112 784 hic
2144 766 2150 770 -

526 847 610 910 qui
641 840 813 896 eduxit
843 855 933 892 nos
967 836 1113 907 (Act.
1145 835 1197 888 7.
1236 832 1305 886 40
1326 832 1366 901 ),
1398 829 1550 884 facile
1578 827 1828 882 mobilem
1860 822 2111 894 populum

531 936 819 989 irritantes.
850 929 1007 998 Atqui
1039 919 1308 997 quomodo
1347 924 1431 977 vir
1468 919 1812 990 blasphemus
1836 918 1906 971 ita
1937 915 2112 968 vince-

533 1027 656 1080 ret?
685 1021 949 1096 quomedo
978 1019 1056 1072 vir
1098 1015 1445 1086 blasphemus
1491 1012 1612 1066 talia
1657 1010 1804 1078 signa
1837 1008 1888 1060 in
1917 1004 2114 1074 populo

531 1115 768 1172 faceret?
792 1111 896 1168 Sed
926 1110 1044 1164 talis
1074 1124 1160 1163 res
1186 1117 1268 1162 est
1295 1105 1510 1166 invidia,
1542 1103 1732 1154 stultos
1757 1099 1993 1153 efficiens
2022 1111 2116 1148 cos

530 1222 664 1278 quos
695 1204 922 1266 invasit,
957 1213 1012 1256 ut
1050 1215 1222 1269 neque
1254 1199 1316 1252 iis
1344 1195 1620 1250 attendant
1649 1207 1767 1261 quze
1809 1191 2111 1259 loquuntur.

531 1277 828 1356 Audiuimus
852 1297 1015 1358 illum,
1047 1293 1312 1362 inquiunt,
1345 1290 1623 1359 loquentem
1651 1283 1942 1351 blusphema
1973 1277 2117 1332 verba

529 1403 709 1449 contra
750 1390 981 1461 Magram
1018 1397 1062 1442 et
1094 1386 1296 1446 Deum;
1335 1396 1398 1435 ac
1440 1394 1672 1441 rursum,
1707 1376 1805 1428 llic
1833 1375 1981 1426 homo
2017 1387 2117 1422 non

533 1496 692 1540 cessat
723 1484 870 1537 verba
909 1480 1045 1550 loqui
1083 1486 1256 1530 contra
1294 1474 1458 1528 locum
1496 1481 1724 1524 sanctum
1761 1477 1805 1518 et
1845 1465 2033 1534 legem,
2065 1469 2120 1513 et

533 1577 812 1648 adjiciunt,
839 1574 966 1641 Quae
991 1569 1199 1624 tradidit
1222 1565 1362 1618 nobis
1393 1561 1630 1631 Moyses;
1657 1574 1760 1611 non
1790 1557 1924 1608 ultra
1953 1553 2115 1606 Deus.

607 1672 661 1725 ὖ.
697 1667 878 1722 Videu‘
909 1661 1177 1732 quomodo
1209 1659 1354 1711 illum
1390 1655 1458 1708 ob
1501 1667 1742 1706 eversam
1786 1664 1897 1700 rem
1940 1644 2116 1712 publi-

536 1779 652 1816 cam
702 1756 991 1827 impietatis
1032 1748 1328 1806 accusant?
1354 1745 1507 1812 Quod
1538 1753 1714 1798 autem
1744 1754 1848 1794 non
1891 1733 2122 1807 potuerit

539 1857 627 1909 ille
659 1854 778 1907 talia
804 1849 1054 1903 audacter
1082 1843 1228 1913 loqui
1255 1883 1269 1907 ,
1299 1842 1490 1908 cuique
1519 1833 1856 1890 manifestum
1887 1837 1971 1884 est
2005 1843 2017 1879 :
2044 1826 2119 1878 ita

539 1950 682 2002 mitis
707 1947 788 2000 vel
813 1945 864 1998 in
890 1941 1023 1995 facie
1041 1949 1170 1993 erat.
1204 1937 1366 2004 Igitur
1391 1933 1477 1985 ubi
1503 1947 1607 1984 non
1633 1923 2117 1982 calumniaban'tur,

541 2039 670 2095 nihil
707 2038 814 2091 tale
852 2034 982 2089 dicit
1022 2031 1297 2097 Scriptura
1331 2045 1342 2078 :
1371 2025 1495 2094 quia
1526 2035 1653 2074 vero
1682 2027 1849 2072 totum
1880 2014 1979 2067 hoc
2008 2012 2124 2062 loco

539 2131 804 2187 calumnia
832 2136 934 2190 est,
965 2125 1085 2192 jure
1117 2122 1260 2176 illatn
1287 2117 1507 2184 corrigit
1540 2115 1698 2175 Deus,
1726 2109 1807 2165 vel
1835 2122 1928 2178 per
1954 2105 2124 2172 ipsum

541 2227 768 2279 vultum.
802 2217 1042 2289 Apostoli
1081 2223 1226 2268 certe
1259 2228 1364 2265 non
1396 2205 1674 2263 calumniis
1704 2199 2119 2269 impetebantur,

543 2317 637 2371 sed
683 2310 1140 2384 prohibebantur;
1185 2304 1271 2357 hic
1313 2317 1443 2355 vero
1483 2295 1764 2352 calumniis
1807 2289 2121 2358 impetitur:

547 2410 769 2477 ideoque
807 2413 930 2458 ante
965 2400 1155 2454 omnia
1187 2396 1361 2450 vultus
1392 2395 1560 2460 ipsum
1595 2394 1801 2458 purgat.
1835 2383 1994 2437 Forte
2024 2378 2125 2431 hoc

541 2473 874 2557 sacerdotem
917 2494 1121 2566 pudore
1161 2489 1356 2544 alleeit.
1389 2486 1486 2540 Ubi
1517 2500 1642 2535 vero
1666 2479 1799 2534 dixit
1825 2519 1839 2536 .
1876 2473 2130 2528 Promise-

546 2604 624 2648 rat
649 2635 664 2658 ,
697 2588 932 2645 ostendit
973 2583 1380 2655 promissionem
1425 2577 1586 2629 fuisse
1629 2574 1817 2626 factam
1847 2576 2128 2634 antequam

543 2687 698 2740 locus
727 2683 1014 2750 deputatus
1041 2685 1185 2729 esset
1209 2714 1224 2737 ,
1253 2681 1537 2739 antequam
1567 2660 1906 2719 circumcisio
1929 2698 1943 2720 ,
1977 2667 2129 2710 anto-

549 2792 706 2847 qnam
743 2770 1063 2827 saerilicium
1092 2774 1150 2821 et
1180 2763 1435 2832 templum
1471 2767 1616 2813 esset
1653 2773 1666 2808 :
1699 2763 1753 2808 et
1786 2752 1903 2805 ilios
1931 2762 2037 2802 non
2067 2761 2131 2798 cx

549 2869 748 2924 merito
776 2863 1048 2931 accepisse
1087 2852 1550 2911 circumcisionem
1589 2860 1764 2914 neque
1802 2843 2010 2912 legem,
2039 2837 2132 2890 sed

551 2957 871 3014 obedientia:
898 2964 1102 3008 tantum
1138 2945 1438 3002 mercedem
1471 2941 1631 2995 fuisse
1663 2947 1878 2992 terram.
1909 2935 1978 2986 At
2006 2944 2137 2982 non-

550 3057 683 3107 dum
713 3047 1123 3106 circtuncisione
1148 3042 1292 3101 data,
1319 3035 1603 3106 promissio
1631 3030 1879 3100 impletur
1910 3043 1922 3079 :
1958 3040 2020 3078 ac
2044 3037 2138 3091 per

550 3147 776 3215 ﬁguram
811 3139 959 3201 illos,
998 3137 1104 3189 Deo
1127 3133 1370 3201 jubente,
1403 3127 1688 3196 probatur,
1735 3118 2012 3188 reliquisse
2041 3131 2136 3183 pa-

567 3237 722 3290 triam
743 3245 796 3288 et
815 3231 1184 3301 cognationem
1208 3225 1320 3293 (illa
1353 3234 1578 3288 namque
1593 3215 1757 3286 patria
1779 3221 1876 3275 est,
1897 3209 2137 3277 adquam

556 3327 773 3381 duxerit
813 3325 995 3393 DcuS),
1037 3330 1088 3374 et
1120 3318 1206 3372 hic
1247 3312 1593 3370 hereditatem
1615 3325 1718 3362 non
1753 3306 1987 3360 habere:
2015 3316 2138 3354 nam

553 3419 601 3472 si
629 3418 746 3487 quis
773 3430 885 3470 rem
916 3419 1162 3466 accurate
1190 3406 1478 3467 examinet,
1510 3402 1684 3456 Pcrsm
1701 3406 1825 3470 sunt
1853 3394 2019 3449 Juda'i
2045 3408 2059 3454 ;
2089 3401 2142 3444 et

561 3485 750 3575 innuit,
784 3507 924 3578 quod
952 3506 1108 3559 etiam
1139 3503 1340 3568 absque
1376 3496 1540 3566 signis
1569 3487 2044 3558 obtemperandmn
2076 3485 2146 3535 sit

564 3606 678 3659 Deo
703 3577 961 3670 loquenti,
986 3597 1191 3650 etiantsi
1219 3591 1395 3659 gravia
1418 3586 1663 3657 qutcdam
1682 3581 1942 3636 accidant.
1967 3577 2145 3644 Quan-

560 3695 852 3767 doquidem
893 3687 1187 3760 patriarcha
1216 3696 1270 3738 et
1299 3692 1520 3752 paterno
1549 3675 1796 3744 sepulcro
1820 3679 1875 3725 et
1899 3668 2147 3722 onmilms

561 3763 800 3849 relictis,
842 3785 951 3837 Deo
1001 3775 1406 3844 obtemperavit.
1467 3768 1620 3838 Quod
1683 3767 1726 3819 si
1791 3763 1945 3831 hujus
2000 3770 2149 3829 pater

563 3896 675 3934 non
745 3875 922 3930 socius
963 3872 1104 3925 illius
1167 3869 1262 3921 fttit
1315 3862 1589 3932 migrantis
1654 3860 1706 3911 itt
1772 3853 2147 3912 Palaestinam,

569 3972 736 4026 multo
776 3969 950 4020 minus
981 3964 1068 4016 lilii
1105 3969 1260 4014 erunt
1306 3964 1584 4010 consortes
1609 3992 1622 4012 ,
1664 3947 1873 4003 etiamsi
1906 3956 2148 4010 magnam

573 4063 674 4116 viae
706 4069 907 4130 partem
953 4054 1307 4113 rmotiantur,
1362 4047 1484 4115 quia
1529 4043 1775 4095 virtutem
1832 4034 1996 4105 patris
2047 4047 2150 4085 non

579 4154 874 4210 itnitantur.
911 4146 980 4204 Et
1008 4143 1292 4214 repromisit
1331 4140 1456 4190 dare
1489 4135 1630 4188 illam
1671 4133 1714 4185 ei
1743 4140 1787 4182 et
1814 4126 1990 4181 semini
2022 4129 2152 4193 ejus,

577 4244 767 4315 inquit,
804 4250 914 4311 post
953 4239 1116 4291 illum.
1162 4232 1323 4288 Multa
1382 4229 1469 4282 hic
1513 4226 1609 4279 Dei
1661 4221 1960 4290 benignitas
2003 4216 2157 4270 cxhio

577 4311 767 4402 betur,
814 4333 976 4386 multa
1023 4327 1249 4382 Abrah:e
1299 4323 1450 4376 tides.
1498 4319 1628 4373 Nam
1675 4314 1818 4386 quod
1877 4311 2153 4372 crederet,

580 4429 708 4483 Cum
736 4424 958 4478 nondum
983 4427 1109 4472 esset
1136 4419 1180 4471 ei
1210 4417 1366 4484 ﬁlius,
1400 4411 1501 4463 hoc
1547 4409 1662 4477 ejus
1703 4419 1757 4460 et
1801 4401 2157 4457 obedientiam
2198 4406 2200 4408 ’

584 4531 640 4575 ct
689 4518 848 4572 fidem
883 4510 1116 4568 ostendit
1158 4526 1172 4562 :
1217 4505 1458 4576 quamvis
1493 4518 1555 4555 ea
1582 4542 1596 4562 ,
1632 4515 1751 4566 qua:
1795 4497 1929 4550 facta
1976 4502 2156 4553 erant,

585 4609 910 4666 contrarium
956 4606 1362 4658 monstrarent:
1396 4608 1584 4662 nempe
1629 4589 1767 4660 quod
1812 4602 1931 4640 cum
1982 4585 2163 4636 venis-

590 4715 707 4770 set,
766 4715 833 4754 ne
881 4696 1162 4765 vestigium
1229 4690 1440 4760 quidem
1495 4684 1649 4755 pedis
1693 4696 1846 4735 suum
1910 4678 2161 4739 haberet,

585 4810 756 4865 neque
785 4791 971 4853 filium,
996 4803 1114 4857 qum
1142 4784 1259 4838 fidei
1285 4779 1550 4835 contraria
1576 4783 1745 4829 erant.
1778 4772 1900 4826 Ilzcc
1923 4786 2017 4823 nos
2038 4783 2169 4837 quo-

580 4907 689 4964 que
715 4885 1131 4944 considerantes,
1159 4893 1277 4947 qua:
1300 4876 1437 4928 licus
1458 4869 1780 4941 promiserit,
1804 4864 2166 4925 admittamus,

585 4983 796 5040 etiamsi
825 4976 1092 5036 contraria
1133 4973 1412 5028 evenerint
1441 4987 1454 5023 :
1483 4965 1724 5037 quamvis
1751 4961 1889 5031 apud
1922 4974 2018 5012 nos
2043 4972 2171 5010 con-

593 5078 753 5132 rraria
793 5088 899 5128 non
942 5072 1048 5124 sint
1071 5110 1086 5130 ,
1123 5065 1220 5121 sed
1266 5065 1420 5118 valde
1459 5058 1869 5126 consequentia.
1893 5051 1992 5108 Ubi
2028 5050 2168 5103 enim

594 5166 975 5243 promissiones
1014 5171 1170 5224 sunt,
1207 5159 1250 5212 si
1293 5155 1558 5212 contraria
1598 5150 1887 5210 eveniant,
1926 5145 2011 5198 illa
2050 5156 2174 5194 vere

597 5259 864 5315 cootraria
893 5262 1016 5309 situt
1040 5269 1054 5316 ;
1086 5249 1223 5320 apud
1252 5262 1348 5301 nos
1372 5256 1547 5301 autem
1575 5254 1731 5296 secus
1759 5256 1773 5294 :
1801 5252 1922 5292 nam
1951 5235 2037 5288 hic
2061 5233 2177 5302 qui-

598 5355 721 5410 dem
744 5351 1083 5404 afllictionem
1103 5342 1255 5406 dixit,
1268 5340 1378 5394 illic
1395 5337 1654 5407 requiem.
1676 5331 1786 5387 Cur
1804 5325 2178 5386 contundimus

601 5456 843 5513 tempora
864 5439 1020 5491 ?"‘cur
1051 5433 1228 5487 omnia
1257 5445 1347 5484 sus
1375 5429 1547 5497 deque
1585 5419 1882 5479 vertimus?
1911 5416 2137 5486 Angcris
2161 5453 2178 5478 ,

602 5539 692 5593 die
720 5533 848 5590 mihi
869 5571 886 5598 ,
916 5530 1035 5600 quia
1063 5527 1115 5581 in
1147 5531 1455 5595 paupertate
1482 5518 1616 5572 vivis
1635 5557 1650 5579 ,
1680 5523 1736 5570 et
1761 5513 1881 5568 ideo
1910 5505 2181 5564 turbaris?

604 5629 684 5686 Ne
715 5599 976 5682 turbaris:
1012 5622 1134 5693 jure
1160 5613 1470 5678 turbareris,
1502 5611 1546 5665 si
1575 5609 1683 5662 illic
1712 5603 1980 5660 tribulatio
2010 5599 2184 5654 futura

607 5730 794 5777 esset:
825 5719 939 5787 ipsa
976 5692 1118 5770 enim
1157 5706 1429 5767 tribulatio
1472 5702 1666 5774 quietis
1694 5708 1776 5754 est
1812 5711 1991 5752 eausa.
2022 5692 2186 5746 inor-

611 5814 760 5869 mites
783 5853 798 5881 ,
830 5785 1028 5882 inquit,
1063 5804 1168 5859 Italo
1206 5817 1307 5856 non
1339 5807 1407 5854 est
1442 5797 1506 5849 ad
1547 5802 1750 5848 mortem
1779 5789 1956 5862 (Joau.
1991 5785 2076 5840 11.
2110 5785 2182 5853 4).

1264 355 1318 409 S.
1360 350 1634 408 JOANNIS
1670 343 2144 406 CHRYSOSTOMI
2185 341 2499 398 ARCHIEP.
2540 334 3065 394 CONSTANTINOP.

2214 453 2307 508 llla
2339 454 2606 507 tribulatio
2639 462 2722 510 est
2759 453 2962 522 punitio
2985 493 3000 516 ,
3041 454 3154 508 bare
3193 461 3366 508 autem
3394 494 3407 515 ,
3446 451 3710 506 institutio
3736 462 3784 504 et

2215 546 2536 602 emendatio.
2565 547 2847 600 Certamen
2877 556 2959 600 est
2995 561 3228 617 prmsens
3258 555 3466 614 tempus
3495 562 3508 599 :
3535 558 3666 612 ergo
3697 558 3788 611 pu-

2215 643 2376 712 gilatu
2407 650 2489 695 est
2516 655 2651 710 opus
2678 657 2692 694 :
2722 640 2921 694 bellum
2951 651 3005 694 et
3031 655 3205 710 pugna
3235 648 3334 693 est.
3367 638 3536 692 Nemo
3569 636 3620 689 in
3653 636 3789 686 bello

2217 733 2454 802 requiem
2485 732 2698 801 quierit,
2731 747 2889 786 nemo
2931 732 2982 786 in
3027 732 3169 784 bello
3203 730 3394 800 quzcrit
3430 728 3752 794 voluptatem
3775 767 3788 785 .

3684 332 3784 388 {ill

2221 838 2317 876 nec
2340 822 2406 876 de
2428 821 2626 875 divitiis
2649 822 2906 877 sollicitus
2930 829 3026 882 est,
3058 836 3157 875 nec
3184 820 3251 874 de
3276 834 3440 874 uxore
3463 834 3478 880 ;
3509 817 3602 872 sed
3628 832 3790 870 ltltllm

2221 921 2424 966 tantum
2467 920 2707 981 spei-tat,
2737 912 3004 982 quomodo
3045 912 3287 966 ἱιιίιιίἰοοε
3324 919 3558 979 superet.
3595 909 3706 962 lloc
3741 921 3792 961 et

2223 1021 2320 1059 nos
2350 1005 2634 1068 faciamus;
2657 1020 2718 1059 ea
2748 1007 2792 1060 si
2819 1007 3112 1070 vincamus,
3140 1013 3193 1060 et
3220 1019 3340 1058 cum
3371 1003 3582 1072 tropmis
3610 1017 3788 1056 rever-

2223 1105 2417 1161 tamur,
2439 1098 2616 1150 omnia
2649 1097 2800 1150 nohis
2824 1097 2970 1150 dabit
3001 1097 3158 1150 Deus.
3191 1097 3302 1150 Iloe
3326 1095 3498 1148 solum
3522 1108 3792 1157 curemus,

2221 1189 2490 1257 quomodo
2529 1188 2794 1243 diabolum
2843 1189 3160 1242 vincamus:
3194 1187 3301 1240 imo
3346 1201 3472 1240 vero
3519 1187 3620 1240 hoc
3663 1200 3796 1254 opus

2225 1293 2328 1330 non
2375 1280 2540 1334 nostri
2585 1281 2745 1335 studii
2784 1293 2897 1343 est.
2927 1281 3018 1336 sed
3061 1283 3244 1350 gratia:
3275 1281 3365 1334 Dei
3400 1288 3586 1333 totum.
3623 1278 3795 1334 Unum

2226 1373 2376 1426 nobis
2399 1387 2544 1428 curat
2570 1375 2671 1438 sit,
2703 1383 2760 1428 ιιι
2790 1374 2942 1427 nobis
2967 1373 3082 1443 ejus
3105 1374 3324 1442 gratiam
3350 1372 3681 1427 attrahamus
3699 1413 3714 1437 ,
3743 1380 3800 1424 ut

2227 1466 2354 1520 illud
2387 1467 2539 1520 nobis
2567 1467 2820 1521 auxilium
2851 1466 3214 1522 conciliemus.
3249 1467 3310 1521 Si
3340 1464 3477 1519 Deus
3503 1481 3595 1534 pro
3621 1465 3764 1518 nobis
3783 1505 3798 1526 ,

2225 1558 2338 1627 quis
2364 1568 2541 1610 contra
2569 1574 2661 1611 nos
2687 1558 2861 1626 (Rom.
2893 1559 2945 1611 8.
2977 1558 3067 1628 5|)
3091 1559 3114 1609 ’ἐ
3149 1559 3337 1626 inquit.
3371 1556 3482 1610 lloc
3510 1571 3674 1610 unum
3701 1571 3802 1609 cu-

2227 1664 2404 1702 remus
2425 1690 2440 1710 ,
2473 1660 2529 1702 ut
2560 1650 2647 1702 hie
2687 1650 2838 1703 nobis
2877 1665 2981 1702 non
3017 1649 3278 1703 efficiatur
3303 1649 3582 1713 inimicus,
3611 1658 3666 1699 ut
3695 1664 3802 1700 non

2223 1751 2498 1796 avertatur
2525 1757 2553 1795 a
2584 1742 2754 1796 nobis.

2297 1836 2351 1890 4.
2392 1834 2505 1888 Non
2536 1835 2775 1888 tribulari
2797 1876 2811 1897 ,
2842 1834 2934 1888 sed
2971 1849 3190 1903 peccare
3221 1833 3415 1886 malum
3447 1840 3548 1888 est.
3581 1831 3649 1885 Et
3677 1833 3793 1883 ha-c

2226 1927 2405 1996 gravis
2433 1926 2706 1981 tribulatio
2726 1935 2828 1991 est,
2863 1927 3070 1980 etiamsi
3098 1926 3152 1980 in
3181 1925 3388 1978 deliciis
3410 1937 3630 1993 agamus
3655 1939 3669 1982 ;
3699 1939 3806 1975 non

2229 2017 2350 2071 dico
2376 2017 2428 2071 in
2459 2018 2671 2083 futuro,
2707 2017 2800 2072 sed
2822 2020 2980 2071 etiam
3010 2019 3060 2071 in
3092 2017 3360 2086 pra-senti.
3400 2013 3682 2082 Quomodo
3707 2029 3807 2080 pu—

2233 2121 2312 2164 tas
2341 2109 2574 2163 morderi
2605 2110 2987 2163 conscientiam
3013 2108 3292 2162 nostram?
3326 2121 3433 2175 quo
3460 2114 3728 2159 tormento
3761 2104 3811 2156 id

2231 2203 2467 2257 deterius
2515 2219 2618 2256 non
2660 2201 2860 2255 fuerit?
2904 2201 3104 2256 Vellem
3151 2199 3434 2269 diligenter
3477 2197 3814 2267 interrogare

2235 2309 2365 2356 eos,
2399 2295 2489 2363 qui
2523 2298 2573 2346 in
2603 2294 2760 2347 malis
2791 2294 2993 2355 vivunt,
3026 2307 3092 2346 an
3119 2307 3368 2361 umquam
3413 2291 3463 2343 in
3496 2290 3812 2343 memoriam

2237 2399 2572 2458 peccaturum
2604 2403 2824 2441 suorum
2853 2389 3094 2449 veniant,
3125 2401 3302 2440 annon
3334 2393 3600 2446 tremant,
3632 2397 3814 2435 annon

2237 2481 2518 2535 formident
2547 2523 2561 2547 ,
2594 2495 2769 2532 annon
2804 2478 3061 2532 doleant?
3091 2491 3267 2532 annon
3305 2476 3486 2530 beatos
3517 2473 3819 2544 pra-dicent

2235 2587 2364 2634 eos,
2396 2573 2483 2641 qui
2515 2572 2566 2625 in
2593 2570 2830 2640 jejunio,
2865 2571 2918 2624 in
2949 2569 3218 2624 montibus
3239 2608 3254 2632 ,
3285 2569 3336 2620 in
3371 2566 3701 2635 philosophia
3734 2566 3816 2617 vi-

2235 2675 2384 2718 vunt.
2409 2665 2502 2718 Vis
2529 2665 2634 2719 illic
2654 2664 2887 2732 quietem
2910 2661 3149 2716 habere?
3178 2661 3273 2714 llic
3299 2658 3696 2714 tribulationem
3724 2672 3820 2724 pa-

2235 2767 2354 2812 tere
2391 2767 2610 2826 propter
2657 2754 2964 2818 Christum;
3013 2753 3144 2808 nihil
3189 2753 3313 2806 Imie
3355 2751 3555 2821 requiei
3585 2765 3681 2819 par
3711 2759 3817 2802 est.

2241 2851 2555 2907 Gaudebant
2598 2849 2823 2918 apostoli
2873 2847 2998 2902 dtnn
3045 2846 3454 2916 ﬂagellarcntnr.
3505 2843 3701 2897 Paulus
3745 2843 3821 2894 sic

2241 2951 2495 3003 admonet
2523 2989 2537 3012 ,
2588 2945 2813 2999 Gaudete
2853 2945 2904 2997 in
2955 2942 3171 2995 Domino
3200 2937 3475 3008 (Philipp.
3518 2937 3574 2990 4.
3604 2935 3696 3002 4).
3761 2935 3824 2986 Et

2243 3041 2513 3111 quomodo
2541 3026 2714 3110 potest
2741 3037 2860 3106 quis
2887 3033 3118 3102 gaudere
3141 3073 3155 3095 ,
3187 3030 3394 3099 inquies
3419 3069 3433 3093 ,
3468 3027 3555 3080 ubi
3583 3023 3818 3084 vincula,

2247 3141 2511 3188 tormenta
2534 3173 2549 3197 ,
2584 3128 2903 3184 tribunalia?
2952 3126 3072 3180 Istic
3099 3123 3328 3178 maxime
3367 3119 3590 3190 gaudcri
3625 3125 3824 3187 potest.

2244 3224 2524 3292 Quomodo
2549 3231 2725 3277 autem
2749 3219 2913 3289 possit
2941 3215 3156 3284 gauderi
3179 3255 3194 3279 ,
3223 3213 3308 3265 ubi
3334 3214 3447 3266 lucc
3472 3217 3619 3273 sunt,
3651 3208 3825 3261 disce.

2249 3319 2348 3386 Qui
2389 3315 2583 3370 nullius
2617 3313 2721 3367 sibi
2761 3310 3008 3364 conscius
3037 3317 3150 3370 est,
3203 3303 3486 3371 plurimum
3514 3299 3824 3359 laetabitur;

2250 3413 2319 3462 ita
2351 3418 2405 3460 ιιι
2429 3449 2443 3470 ,
2490 3420 2598 3476 quo
2628 3402 2885 3472 majorem
2915 3398 3115 3454 dixi-ris
3144 3394 3539 3449 tribulationem
3565 3431 3579 3454 ,
3609 3405 3675 3444 eo
3709 3405 3825 3443 ma-

2246 3501 2416 3569 jorem
2460 3498 2607 3551 dicas
2637 3496 2985 3561 voluptatem.
3040 3490 3131 3543 Dic
3159 3488 3300 3542 enim
3339 3485 3506 3546 mihi,
3550 3481 3706 3535 miles
3739 3480 3832 3550 qui

2253 3595 2397 3648 tnille
2425 3592 2642 3643 vulnera
2674 3585 2913 3654 accepit,
2947 3596 3124 3635 nonne
3155 3578 3346 3633 redibit
3369 3591 3490 3630 cum
3519 3587 3711 3643 magna
3746 3587 3835 3628 vo-

2253 3687 2486 3755 luptate,
2531 3683 2643 3750 ipsa
2674 3678 2894 3732 vulnera
2925 3676 2976 3728 in
3021 3681 3389 3742 argumentum
3432 3667 3635 3721 habens
3662 3664 3832 3719 auda—

2254 3779 2350 3832 ci.e
2375 3818 2389 3840 ,
2423 3772 2723 3843 splendoris
2749 3779 2802 3823 et
2828 3765 3126 3822 claritatis?
3166 3763 3232 3817 Et
3273 3771 3328 3815 ιιι
3357 3761 3401 3814 si
3430 3772 3624 3829 posses
3649 3771 3835 3810 erum-

2256 3884 2383 3939 pere
2413 3867 2465 3920 iu
2511 3865 2658 3919 illam
2696 3877 2900 3925 vocem,
2950 3873 3108 3928 quam
3150 3854 3366 3924 protulit
3409 3851 3627 3910 Paulus.
3681 3847 3837 3916 Stig-

2257 3971 2392 4012 mata
2421 3959 2546 4012 Jesu
2576 3966 2718 4027 porto
2752 3955 2770 4024 (
2803 3953 2921 4006 Gut.
2954 3952 3008 4005 6.
3034 3951 3097 4004 17
3126 3948 3168 4018 ),
3201 3959 3385 4017 posses
3412 3950 3558 3999 certe
3588 3955 3835 4008 magnus,

2259 4055 2436 4109 clarus
2464 4061 2514 4105 ct
2546 4050 2767 4104 illustris
2791 4061 2929 4101 esse.
2960 4043 3066 4096 Sed
3095 4056 3198 4094 non
3228 4047 3311 4092 est
3339 4034 3679 4106 persequutio
3700 4033 3727 4084 ?
3747 4032 3842 4086 Sta

2261 4157 2444 4202 centra
2479 4144 2722 4212 gloriam;
2748 4149 2803 4194 et
2823 4139 2866 4192 si
2889 4138 3008 4208 quis
3031 4135 3360 4190 contrarium
3387 4127 3662 4198 quidpiam
3688 4124 3843 4178 dixe-

2263 4241 2366 4304 rit,
2417 4253 2483 4291 ne
2515 4232 2754 4289 timueris
2782 4230 2919 4284 male
2948 4226 3132 4281 audire
3163 4233 3379 4294 propter
3403 4219 3679 4275 Christum
3715 4233 3730 4269 :
3764 4225 3844 4268 sta

2264 4339 2447 4384 contra
2479 4326 2650 4381 fastus
2681 4321 3052 4395 tyrannidem,
3101 4326 3184 4370 sta
3219 4325 3406 4370 contra
3437 4313 3532 4366 irae
3570 4323 3844 4381 pugnam,

2267 4435 2346 4480 sta
2388 4431 2573 4478 contra
2599 4414 3047 4485 coocupiscentia:
3081 4416 3429 4465 tormentum.
3477 4404 3548 4459 Et
3598 4403 3717 4458 luce
3747 4402 3849 4456 sti-

2265 4527 2464 4588 gmata,
2497 4515 2611 4568 [nec
2638 4521 2898 4566 tormenta
2926 4513 3069 4564 sunt.
3097 4503 3191 4557 Dic
3213 4503 3356 4556 enim
3385 4497 3540 4564 tnibi,
3570 4493 3700 4566 quid
3731 4508 3852 4564 gra-

2271 4612 2387 4664 vius
2415 4610 2466 4663 in
2500 4605 2780 4662 tormentis
2805 4609 2889 4656 est
2911 4601 2969 4653 ‘?
2997 4611 3172 4651 annon
3200 4593 3340 4664 quod
3380 4590 3558 4645 anima
3588 4587 3778 4643 doleat
3800 4595 3855 4638 et

2271 4703 2496 4758 uratur?
2530 4700 2639 4754 Illic
2663 4697 2804 4752 enim
2828 4707 3022 4762 corpus
3045 4688 3329 4749 dividitur;
3361 4684 3446 4737 hic
3470 4690 3651 4735 autem
3682 4689 3857 4732 totum

2274 4799 2414 4853 illius
2455 4805 2556 4849 est.
2597 4793 2751 4847 Circa
2785 4790 2928 4842 illam
2971 4785 3128 4840 dolor
3171 4789 3257 4836 est
3296 4775 3508 4848 quando
3558 4772 3858 4833 irascitur,

2275 4887 2486 4961 quando
2514 4883 2712 4940 invidet
2736 4923 2751 4946 ,
2795 4878 3011 4950 quando
3035 4874 3159 4946 quid
3188 4871 3364 4927 simile
3389 4868 3516 4923 facit
3540 4883 3555 4930 ;
3587 4867 3700 4919 imo
3730 4879 3861 4917 vero

2275 4954 2488 5052 quando
2515 4977 2730 5048 patitur.
2779 4973 2891 5026 Hoc
2916 4970 3058 5024 enim
3091 4981 3196 5021 non
3226 4972 3309 5018 est
3338 4963 3512 5015 facere
3533 5000 3548 5023 ,
3580 4955 3676 5010 sed
3711 4954 3827 5023 pati
3850 4994 3864 5014 ,

2276 5088 2470 5141 nempe
2513 5069 2668 5124 irasci
2717 5075 2770 5120 et
2816 5062 3050 5118 invidere
3097 5073 3116 5112 :
3159 5057 3386 5124 ideoque
3434 5050 3550 5104 hate
3597 5054 3871 5101 vocantur

2277 5165 2470 5218 animae
2497 5159 2685 5220 morbi,
2721 5156 2934 5209 vulnera
2958 5193 2973 5218 ,
3004 5151 3192 5221 plagae.
3215 5146 3355 5202 Vere
3381 5155 3614 5210 namque
3637 5135 3874 5193 morbus

2281 5266 2364 5314 est
2389 5266 2445 5312 et
2473 5253 2662 5310 morbo
2687 5249 2921 5322 gravius.

2353 5349 2446 5404 Ira
2480 5319 2730 5412 quomodo
2756 5338 3002 5394 sedanda.
3034 5365 3105 5376 —
3124 5331 3382 5401 Cogitate,
3414 5323 3690 5390 iracundi,
3719 5319 3880 5392 quod

2286 5459 2406 5498 cum
2438 5438 2624 5494 morbo
2651 5434 2703 5490 id
2731 5432 2954 5487 faciatis.
3002 5427 3145 5495 Ergo
3171 5423 3261 5492 qui
3301 5435 3405 5474 non
3439 5418 3691 5473 irascitur
3713 5455 3731 5478 ,
3770 5428 3884 5468 nec

2288 5536 2506 5608 patitur.
2539 5527 2726 5584 Viden‘
2755 5539 2876 5580 eum
2901 5563 2916 5586 ,
2966 5519 3053 5576 cui
3091 5513 3411 5572 contumelia
3445 5509 3706 5572 infertur,
3765 5521 3887 5558 non

2291 5595 2398 5698 pati
2420 5666 2437 5682 .
2467 5620 2562 5678 sed
2591 5635 2714 5675 eum
2743 5615 2832 5687 qui
2863 5609 3239 5668 contumeliam
3274 5603 3468 5668 infert,
3517 5609 3575 5654 ut
3616 5598 3726 5668 jam
3762 5595 3887 5650 dixi

2361 5785 2376 5816 ι
2413 5781 2468 5830 In
2496 5793 2593 5830 uno
2615 5778 2731 5832 Cod.
2763 5769 2959 5836 logitut',
2981 5763 3097 5831 quid
3121 5762 3252 5817 lusce
3271 5757 3520 5816 tormentis
3540 5755 3737 5821 grai-ia:
3761 5759 3842 5802 est
3866 5748 3898 5806 f
