4076 6354
569 319 673 380 125

566 437 790 492 ποιεῖτε.
823 435 1031 492 Οὑκοῦν
1053 437 1082 488 6
1120 435 1195 507 μὴ
1217 437 1566 510 ὀργιζόμενος
1604 438 1665 490 οὑ
1697 436 1918 507 πάσχει.
1953 435 2138 507 Ὁρᾷς,

565 521 649 575 δτι
670 522 700 573 6
730 519 1084 592 ὑϐριζόμενος
1121 518 1181 572 o6
1232 521 1450 591 πάσχει,
1481 520 1598 573 ἀλλ’
1647 521 1675 573 6
1709 518 1964 591 ὑϐρίζων,
2003 519 2139 587 ὅπερ

567 604 706 676 ἔφην
737 604 833 657 καὶ
859 604 991 674 ἡδης
1030 605 1152 655 Ὀτι
1180 602 1288 674 γὰρ
1314 603 1534 672 πάσχει,
1570 601 1728 673 δῆλον
1767 603 1864 677 μὲν
1911 601 2005 654 καὶ
2028 599 2135 653 ἀπὸ

566 686 661 742 τοῦ
697 685 870 748 πάθος
916 685 1197 739 καλεῖσθαι
1246 685 1308 738 τὸ
1355 685 1618 749 τοιοῦτον,
1651 685 1810 750 δῆλον
1858 684 1914 736 δὲ
1948 684 2043 736 καὶ
2072 684 2136 735 ἐκ

567 769 663 822 τοῦ
710 770 979 838 σώματος·
1035 766 1208 821 ταῦτα
1264 767 1374 838 γὰρ
1417 767 1526 821 ἀπὸ
1572 767 1743 836 ὀργῆς
1790 765 2030 818 τίκτεται
2069 765 2137 816 τὰ

571 853 741 923 πάθη,
793 850 1140 922 ἀμϐλυωπία,
1186 850 1559 922 παραπληξία,
1610 851 1706 902 καὶ
1756 849 1926 918 μυρία
1953 847 2134 916 ἕτερα.

581 933 741 986 Ἀλλά
761 933 853 985 τὸν
913 932 1074 985 παῖδα
1123 931 1332 1002 ὕϐρισε,
1368 933 1554 1003 φησὶν,
1599 931 1735 984 ἀλλά
1780 930 1870 982 τὸν
1900 928 2136 994 οἰκέτην.

569 1014 660 1085 Μὴ
681 1015 907 1084 νομίσῃς
939 1009 1077 1068 εἶναι
1127 1015 1412 1068 ἀσθένειαν
1435 1015 1494 1067 τὸ
1519 1015 1592 1084 μὴ
1627 1015 1722 1067 καὶ
1771 1013 1932 1074 αὑτὸς
1984 1011 2140 1064 τοῦτο

569 1099 815 1167 ποιῆσαι.
846 1099 980 1150 Εἰπὲ
1005 1099 1114 1168 γάρ
1166 1117 1290 1168 μοι,
1325 1097 1503 1162 καλῶς
1552 1097 1775 1166 γέγονεν
1800 1114 1814 1162 ;
1843 1098 1956 1151 Οὐκ
1986 1091 2139 1165 οἶμαι

568 1183 761 1233 εἰπεῖν·
799 1180 995 1233 οὐκοῦν
1043 1182 1118 1251 μὴ
1149 1183 1380 1252 ποιήσῃς
1413 1179 1475 1234 τὸ
1507 1181 1581 1251 μὴ
1628 1179 1807 1242 καλῶς
1833 1178 2137 1246 γινόμενον.

569 1259 700 1317 Οἶδα
721 1257 829 1317 οἷαι
850 1264 908 1315 ἐν
927 1268 1045 1327 τοῖς
1061 1265 1323 1328 τοιούτοις
1348 1265 1402 1317 αἰ
1423 1263 1583 1334 ὀργαὶ
1611 1262 1906 1316 τίκτονται.
1941 1261 2006 1313 Τί
2024 1255 2137 1323 οὖν,

570 1347 638 1400 ἂν
669 1350 1006 1417 καταφρονῇ,
1035 1350 1220 1416 φησὶν.
1252 1348 1317 1401 ἀν
1338 1347 1499 1400 πάλιν
1529 1348 1688 1419 εἴπῃς
1725 1345 2002 1413 Ἔλεγξον,
2023 1345 2142 1396 ἐπι-

569 1429 822 1499 τίμησον,
854 1430 1254 1498 παρακάλεσον·
1285 1429 1550 1500 πραότητι
1575 1427 1712 1500 ὀργὴ
1739 1428 1942 1480 λύεται·
1971 1442 2140 1497 προσο

572 1512 742 1567 ελθὼν
773 1513 1085 1581 ἐγκάλεσον.
1121 1513 1288 1584 ’Υπὲρ
1324 1513 1420 1582 μὲν
1446 1513 1556 1582 γὰρ
1582 1513 1690 1564 τῶν
1723 1513 1802 1574 εἰς
1849 1511 1994 1581 ἡμᾶς
2023 1508 2143 1562 οὑδέ

571 1594 730 1648 τοῦτο
779 1598 954 1648 ποιεῖν
985 1596 1111 1666 χρή,
1157 1597 1297 1666 ὑπὲρ
1326 1595 1381 1648 δὲ
1427 1595 1535 1647 τῶν
1563 1593 1758 1656 ἄλλων,
1793 1593 1888 1646 καὶ
1932 1592 2144 1660 ἀνάγκη

571 1678 730 1732 τοῦτο
757 1679 822 1748 δὴ
855 1681 1047 1732 ποιεῖν.
1075 1679 1166 1746 Μὴ
1197 1679 1330 1732 ἰδίαν
1359 1678 1515 1748 ὕϐριν
1539 1677 1765 1747 νομίσῃς
1788 1675 1849 1728 τὸ
1872 1676 1962 1728 τὸν
1984 1673 2145 1726 παῖδα

573 1762 916 1832 ὑϐρισθῆναι·
945 1761 1050 1816 κᾶν
1084 1763 1255 1833 ἀλγῇς
1305 1761 1445 1830 ὑπὲρ
1481 1759 1710 1822 ἐκείνου,
1753 1758 1828 1829 μὴ
1882 1758 1955 1820 ῶς
1985 1755 2147 1817 αὐτὸς

575 1845 873 1916 ὑϐρισθείς·
897 1847 958 1898 οὑ
987 1845 1096 1914 γὰρ
1121 1845 1353 1914 ἐπειδὴὸ
1379 1845 1504 1906 παῖς
1536 1842 1721 1905 κακῶς
1744 1840 1965 1905 ἔπαθεν,
1989 1837 2139 1910 ὑϐρί-

575 1929 710 1998 σθης
742 1930 828 1991 σὺ,
853 1928 962 1981 ἀλλ’
992 1931 1021 1981 6
1049 1929 1283 1998 ποιήσας
1305 1926 1512 1990 κακῶς.
1536 1927 1734 1978 Σϐέσον
1756 1923 1853 1994 τήν
1875 1924 2148 1995 μάχαιραν

573 2011 673 2083 τὴν
707 2011 906 2076 ὀξεῖαν,
947 2013 1003 2063 ἐν
1027 2014 1094 2082 τῇ
1148 2011 1288 2083 θήκῃ
1317 2010 1538 2063 κείσθω.
1577 2012 1672 2062 Ἂν
1718 2009 1928 2078 ἔχωμεν
1979 2005 2148 2076 αὐτὴν

574 2094 810 2164 γυμνὴν,
842 2093 1101 2156 πολλάκις
1129 2095 1221 2146 καὶ
1248 2097 1348 2151 οὑκ
1383 2093 1534 2155 ὄντος
1565 2090 1758 2162 καιροῦ
1810 2087 2145 2160 χρησόμεθα,

576 2176 928 2248 ἐφελκόμενοι
983 2178 1074 2231 ὑπ’
1122 2179 1310 2248 αὐτῆς·
1343 2176 1409 2230 ἂν
1459 2176 1514 2229 δὲ
1639 2172 2016 2244 κεκρυμμένη,
2045 2172 2149 2226 κᾶν

577 2261 735 2331 χρεία
765 2261 1006 2330 γένηται.
1040 2259 1394 2330 σϐεσθήσεται
1434 2261 1467 2328 ή
1503 2259 1664 2330 ὀργή.
1704 2257 1872 2327 ’Υπὲρ
1899 2254 2064 2310 αὑτοῦ
2086 2256 2148 2308 o6

577 2343 826 2415 βούλεται
849 2345 996 2414 ἡμᾶς
1017 2343 1330 2412 ὀργίζεσθαι
1353 2345 1382 2395 6
1412 2341 1645 2412 Χριστὸς
1671 2341 1924 2412 (ἄκουσον
1955 2338 2064 2408 γὰρ
2096 2338 2148 2391 τί

576 2443 710 2495 φησι
748 2426 884 2494 πρὸς
910 2426 1000 2478 τὸν
1027 2427 1252 2494 Πέτρον·
1287 2426 1693 2492 Ἀπόστρεψον
1711 2422 1826 2490 τὴν
1845 2419 2149 2490 μάχαιράν

576 2507 858 2581 μῖ51σου
881 2506 1091 2575 εἰςτὴν
1107 2507 1342 2577 οήκην)·
1365 2508 1459 2560 καὶ
1475 2509 1538 2559 σὺ
1564 2507 1704 2576 ὑπὲρ
1726 2504 1910 2567 παιδὸς
1927 2503 2143 2574 ὀργίζῃ;

576 2591 796 2654 Δίδαξον
825 2591 917 2642 καὶ
938 2591 1028 2643 τὸν
1058 2591 1221 2643 παῖδα
1273 2590 1599 2658 φιλοσοφεῖν·
1628 2588 1747 2641 εἰπέ
1773 2587 1918 2657 αὑτῷ
1949 2587 2018 2638 τὰ
2053 2585 2146 2639 τοῦ

577 2673 843 2725 Δεσπύτου
880 2671 1196 2741 παθήματα·
1238 2671 1474 2740 μίμησαί
1535 2688 1627 2723 σου
1661 2670 1750 2722 τὸν
1800 2667 2146 2721 Διδάσκαλον.

578 2756 707 2808 Ὅτε
746 2756 968 2826 ἔμε-λλον
995 2756 1088 2808 καὶ
1110 2756 1261 2808 αὑτοί
1308 2753 1686 2822 ἀτιμάζεσθαι,
1717 2751 1817 2806 οὑκ
1869 2746 2042 2816 εἶπεν,
2069 2753 2149 2804 ὅτι

591 2838 909 2909 Ἐκδικήσω·
941 2838 1076 2891 ἀλλὰ
1104 2839 1192 2904 τίς
1234 2837 1371 2906 Ἐμὲ
1389 2837 1663 2902 ἐδίωξαν,
1695 2839 1792 2891 καί
1842 2837 1996 2906 ὑμᾶς
2022 2836 2152 2889 διώ-

578 2921 815 2985 ξουσιν.
849 2921 1057 2975 Οὐκοῦν
1091 2921 1286 2990 φέρετε
1308 2920 1592 2986 γενναίως·
1628 2921 1687 2972 οὑ
1727 2921 1836 2990 γὰρ
1857 2918 1992 2990 ἐμοῦ
2028 2918 2151 2989 βελ-

578 3004 724 3066 τίους
748 3005 922 3073 ὑμεῖς.
949 3002 1133 3056 Ταῦτα
1158 3003 1250 3056 καὶ
1269 3005 1332 3056 σὺ
1363 3002 1496 3074 πρὸς
1514 3003 1604 3055 τὸν
1626 3002 1740 3056 υἱον
1762 3003 1854 3056 καὶ
1875 3003 1967 3057 τὸν
1989 3003 2153 3055 παῖδα

579 3089 722 3142 εἰπέ·
753 3090 866 3143 Ούκ
892 3085 1052 3142 εἰτοῦ
1074 3089 1345 3141 Δεσπότου
1382 3105 1473 3142 σου
1498 3087 1741 3158 βελτίων.
1787 3085 1947 3139 Ἀλλά
1975 3086 2152 3157 χήρας

578 3169 891 3226 εἶναιδοκεῖ
917 3172 987 3226 τὰ
1043 3173 1263 3243 ῥήματα
1321 3171 1419 3240 τῆς
1453 3169 1793 3240 φιλοσοφίας.
1850 3168 2029 3238 Οἵμοι,
2069 3168 2150 3220 ὅτι

580 3259 728 3328 λόγῳ
757 3257 1104 3328 παραστῆσαι
1137 3256 1235 3310 οὑκ
1258 3254 1358 3317 ἔνι,
1395 3255 1471 3317 ῶς
1506 3253 1610 3307 ὑπὸ
1634 3253 1734 3322 τῆς
1761 3252 1953 3322 πείρας
1985 3251 2152 3320 αὑτῆς

578 3340 892 3411 διδαχθῆναι
915 3342 1109 3392 ἔνεστι.
1136 3339 1241 3391 Καὶ
1263 3338 1351 3391 ’ίνα
1381 3337 1579 3407 μάθῃς,
1605 3338 1660 3388 ἐν
1692 3335 1838 3404 μέσῳ
1863 3333 1954 3386 δύο
1983 3333 2154 3396 ἑστὼς

581 3424 1017 3495 διαμαχομένων,
1059 3422 1218 3491 γενοῦ
1245 3422 1344 3490 τῆς
1377 3420 1591 3490 μερίδος
1631 3419 1740 3471 τῶν
1762 3418 2150 3486 ἀδικουμένων,

586 3509 677 3560 καὶ
701 3507 776 3578 μή
799 3506 906 3560 τῶν
935 3506 1280 3568 ἀδικούντων,
1315 3505 1381 3557 ἂν
1411 3503 1484 3574 μὴ
1525 3502 1672 3574 παρά
1695 3503 1874 3571 σαυτῷ
1907 3500 1973 3554 τὰ
1997 3517 2152 3568 νικη-

582 3591 745 3660 τήρια
766 3589 900 3661 ίδῃς,
934 3589 999 3642 ἀν
1027 3589 1100 3659 μὴ
1132 3588 1416 3658 λαμπροὺς
1437 3587 1608 3658 λάϐῃς
1641 3586 1953 3654 στεφάνους.
1990 3585 2150 3653 Ὅρα,

587 3674 704 3737 πῶς
737 3672 1018 3743 ὑϐρίζεται
1048 3674 1076 3727 6
1102 3671 1254 3735 Θεὸς,
1293 3671 1386 3724 καὶ
1416 3669 1531 3733 πῶς
1585 3669 1938 3737 ἀποκρίνεται
1968 3668 2154 3739 πράως

583 3759 679 3812 καὶ
710 3757 946 3827 ἡμέρως.
1003 3756 1126 3809 Ποῦ
1173 3755 1326 3815 ἔστι.
1368 3756 1556 3824 φησιν,
1609 3754 1788 3808 Ἅϐελ
1832 3755 1866 3806 ὁ
1893 3751 2156 3820 ἀδελφός

583 3855 701 3893 σου
723 3855 747 3902 ξ
775 3840 882 3892 Καὶ
909 3840 961 3890 τί
990 3841 1227 3904 ἐκεῖνος;
1256 3841 1311 3891 Μ
1319 3837 1351 3903 ὴ
1373 3837 1575 3906 φύλαξ
1594 3835 1708 3904 ἐγώ
1726 3837 1840 3905 εἰμι
1857 3835 1962 3888 τοῦ
1977 3835 2154 3889 ἀδελ-

585 3923 704 3991 φοῦ
722 3939 840 3991 μου
860 3939 877 3984 ;
911 3921 974 3974 Τί
1005 3922 1398 3991 αὐθαδέστερον
1419 3920 1638 3983 τούτου,
1671 3917 1772 3971 κάν
1791 3917 1938 3986 παρά
1953 3933 2016 3984 γε
2037 3915 2155 3969 υίοῦ

585 4006 898 4074 ἤκουσενᾰν
926 4022 1040 4068 τις;
1074 4007 1120 4056 εί
1148 4005 1253 4074 γὰρ
1288 4004 1436 4073 παρὰ
1482 4001 1734 4071 ἀδελφοῦ,
1771 4002 1870 4070 οὑχ
1908 4000 2062 4071 ὕϐριν
2091 4000 2157 4053 ἂν

586 4090 828 4158 ἡγήσατο
877 4089 937 4140 τὸ
976 4088 1246 4157 πρᾶγμας
1311 4086 1450 4139 Ἀλλ’
1481 4085 1668 4148 ὁΘεὸς
1723 4083 1885 4136 πάλιν
1938 4082 2158 4152 ἡμέρως

588 4172 963 4240 ἀποκρίνεται·
1016 4169 1188 4235 Φωνὴ
1243 4169 1489 4234 αἵματος
1534 4166 1641 4220 τοῦ
1689 4164 1953 4233 ἀδελφοῦ
2007 4179 2156 4225 σου.

589 4254 747 4323 φησι,
769 4252 890 4320 βοᾷ
927 4254 1068 4316 πρός
1093 4269 1187 4320 με.
1231 4250 1367 4303 Ἀλλ’
1387 4253 1416 4303 6
1443 4249 1571 4312 Θεὸς
1601 4247 1868 4318 ἀνώτερός
1896 4249 2044 4300 ἐστιν
2065 4247 2158 4317 ὀρ-

588 4336 714 4404 γῆς,
743 4337 925 4405 φησίν.
967 4334 1129 4387 Ἀλλὰ
1163 4335 1250 4387 διὰ
1277 4332 1435 4386 τοῦτο
1493 4330 1762 4401 κατῆλθεν
1793 4332 1822 4382 6
1880 4329 1974 4382 τοῦ
2023 4329 2158 4382 Θεοῦ

590 4417 740 4482 Υἰδς,
771 4420 856 4470 ἵνα
885 4419 942 4470 σὲ
965 4416 1085 4469 θεὸν
1115 4419 1316 4487 ποιήσῃ
1346 4414 1486 4468 κατά
1508 4415 1736 4483 δύναμιν
1757 4411 1854 4482 τὴν
1883 4412 2160 4482 ἀνθρωπί-

589 4516 710 4570 νην.
743 4499 881 4553 ’Λλὶδ
913 4499 974 4551 o6
1008 4499 1260 4568 δύναμαι,
1310 4499 1496 4566 φησιν,
1527 4497 1810 4567 ἄνθρωπος
1836 4493 1927 4546 ὢν.
1953 4493 2161 4547 Οὐκοῦν

588 4584 724 4658 φέρε
746 4582 1063 4652 ἀνθρώπους
1098 4599 1178 4635 σοι
1203 4583 1630 4652 παραγάγωμεν.
1659 4580 1768 4632 Καὶ
1803 4581 1876 4648 μή
1913 4596 1980 4646 με
2005 4578 2157 4648 νομί-

590 4681 690 4740 σῃς
730 4667 937 4720 Παῦλον
965 4668 1107 4735 ἐρεῖν
1133 4666 1266 4734 μηδὲ
1290 4666 1513 4735 Πέτρον,
1541 4664 1678 4718 ἀλλά
1699 4679 1850 4720 τινας
1873 4661 1982 4715 τῶν
2004 4661 2159 4715 ἐλατ-

587 4750 758 4804 τόνων
780 4751 872 4802 καὶ
905 4749 1106 4820 σφόδρα
1131 4749 1443 4818 κατωτέρω.
1470 4749 1542 4801 Τὸ
1569 4747 1853 4817 παιδάριον
1887 4745 2034 4798 ἸΙλεί
2058 4745 2158 4816 τὴν

593 4834 789 4886 Ἅνναν
819 4832 1007 4902 ὕϐρισε
1059 4832 1250 4901 λέγον·
1275 4831 1558 4900 Περιελοῦ
1606 4830 1711 4883 τὸν
1733 4825 1902 4882 οἶνόν
1929 4842 2066 4883 σου.
2095 4827 2137 4878 Τ
2145 4827 2166 4878 ί

589 4917 782 4971 τούτου
837 4917 1334 4986 ὑϐριστικώτερονς
1388 4916 1452 4968 Τί
1485 4910 1576 4968 οῦν
1610 4913 1825 4982 ἐκείνης
1869 4911 2037 4978 Γυνὴ
2091 4911 2162 4963 ἐν·

588 4998 828 5065 σκληρᾷ
858 4999 1042 5067 ἡμέρᾳ
1069 4999 1183 5068 ἐγώ
1219 5003 1352 5066 εἰμι.
1385 4998 1548 5050 Οὐδὲν
1577 4997 1744 5058 ὅντως
1774 4995 2002 5064 θλίψεως
2023 4995 2156 5048 ἴσον·

594 5083 906 5151 φιλοσοφίας
964 5084 1144 5152 μήτηρ
1177 5083 1343 5135 ἐστίν.
1383 5082 1450 5133 ’Π
1512 5080 1649 5149 αὑτὴ
1679 5079 1734 5131 66
1767 5077 1907 5144 αὕτη
1937 5078 2030 5130 καὶ
2062 5077 2161 5144 τὴν

593 5164 874 5232 ἀντίζηλον
934 5164 1103 5232 αὑτῆς
1136 5165 1352 5233 ἔχουσα,
1407 5163 1505 5233 οὑχ
1531 5162 1752 5233 ὕϐρισεν
1805 5161 1994 5229 αὑτήν·
2025 5158 2161 5212 ἀλλά

592 5247 646 5298 τί
666 5263 680 5308 ;
713 5247 855 5314 Πρὸς
890 5246 980 5297 τὸν
1035 5246 1165 5298 Θεὸν
1225 5246 1578 5314 καταφεύγει,
1613 5245 1706 5298 καὶ
1739 5242 2004 5312 εὐχομένη
2040 5240 2161 5294 οὑδέ

597 5331 866 5400 μέμνηται
893 5330 1082 5397 αὐτῆς,
1125 5329 1245 5382 ούδέ
1274 5329 1442 5396 λέγει,
1488 5328 1702 5397 Ἐπειδὴ
1740 5325 1988 5386 ὀνειδίζει
2021 5341 2089 5392 με
2122 5324 2157 5392 ή

593 5414 758 5475 δεῖνα,
790 5412 1066 5481 ἐπάμυνόν
1097 5429 1207 5478 μοι·
1241 5410 1384 5464 οὕτω
1407 5411 1694 5478 φιλόσοφος
1722 5404 1788 5475 ἦν
1817 5408 1850 5477 ἡ
1886 5404 2022 5475 γυνὴ
2047 5406 2159 5467 (αἰ-

596 5494 912 5566 σχυνθῶμεν
940 5497 987 5547 οἰ
1014 5493 1247 5563 ἆνδρες)·
1299 5495 1474 5546 καίτοι
1511 5493 1621 5546 ἴστε
1650 5535 1664 5556 ,
1724 5492 1806 5545 ὅτι
1853 5491 2013 5561 ζήλου
2049 5489 2161 5544 ἴσον

594 5579 765 5633 οὐδέν.

667 5745 729 5793 ε’.
772 5741 832 5793 Ὀ
867 5739 1102 5807 τελώνης
1125 5739 1398 5811 ὑϐρισθεὶς
1425 5741 1574 5811 παρά
1602 5739 1694 5792 τοῦ
1718 5737 2034 5807 Φαρισαίου.
2065 5736 2162 5788 οὑκ

598 5822 920 5894 ἀνθύϐρισε,
951 5825 1123 5878 καίτοι
1177 5841 1262 5890 γε,
1311 5825 1359 5875 εί
1410 5823 1680 5884 ἐϐούλετο,
1723 5821 1986 5890 ἠδύνατο·
2028 5819 2162 5872 ἀλλά

601 5907 901 5979 φιλοσόφως
951 5909 1143 5977 ἤνεγκε
1179 5906 1366 5972 λέγων·
1411 5904 1704 5972 ἰλάσθητί
1736 5921 1833 5972 μοι
1868 5901 1944 5967 τῷ
1978 5902 2160 5970 (map-

1200 323 1262 410 S.
1298 320 1583 380 JOANNIS
1619 311 2114 378 CHRYSOSTOMI
2151 317 2480 379 ARCHIEP.
2518 320 3058 382 CONSTANTINOP.

3699 321 3805 380 126

2237 433 2421 502 τωλῷ.
2462 436 2522 490 '0
2560 437 2893 508 Μεμφιϐἀαλ
2926 438 3031 492 ὑπὺ
3065 439 3157 492 τοῦ
3195 437 3381 493 δούλου
3415 435 3814 508 κατηγορηθεις

2240 518 2334 571 καὶ
2363 521 2824 592 συκοφαντηθεὶς,
2853 522 3004 576 οὐδὲν
3041 520 3164 575 οὕτε
3200 517 3352 575 εἶπεν
3371 561 3386 584 ,
3423 518 3548 573 οὔτε
3576 518 3813 591 ἔπραξεν

2243 601 2322 664 εἰς
2351 601 2512 654 αὑτόν
2533 619 2588 656 τι
2619 605 2850 677 πονηρὸν
2869 618 2920 670 ι,
2945 605 3066 658 οὑδέ
3096 605 3190 658 ἐπὶ
3213 605 3305 658 τοῦ
3337 603 3597 674 βασιλέως
3620 602 3809 654 αὑτοῦ.

2241 682 2430 736 Βούλει
2486 685 2579 737 καὶ
2628 687 2833 757 πόρνης
2870 687 3100 740 ἀκοῦσαι
3156 685 3506 756 φιλοσοφίαν;
3545 685 3814 738 Ἄκουσον
3867 715 3874 725 ι

2240 764 2336 818 τοῦ
2369 767 2603 836 Χριστοῦ
2641 768 2890 837 λέγοντος
2907 811 2923 834 ,
2963 771 3126 840 ήνίκα
3153 773 3272 833 ταῖς
3297 768 3468 840 θριξὶν
3489 768 3657 837 αὑτῆς
3684 769 3816 830 τοὺς

2243 847 2407 911 πόδας
2431 849 2718 918 ἀπέμασσε
2738 870 2751 881 ·
2805 849 3054 907 Τελῶναι
3079 853 3176 904 καί
3203 852 3416 920 πόρναι
3441 850 3815 919 προάγουσιν

2241 929 2396 997 ὑμᾶς
2418 934 2504 996 εἰς
2531 936 2642 999 τὴν
2675 933 3016 997 βασιλείαν.
3050 929 3200 998 Εἶδες
3237 934 3404 1003 αὑτήν
3434 933 3676 986 ἑστῶσαν
3715 933 3813 984 καὶ

2241 1012 2580 1083 δακρύουσαν
2607 1053 2620 1076 ,
2653 1016 2747 1069 καὶ
2772 1015 2839 1068 τά
2867 1018 3040 1069 οἰκεία
3082 1017 3452 1087 ἁμαρτήματα
3478 1015 3815 1084 ἀπολουομέ-

2241 1111 2372 1165 νην;
2408 1096 2567 1166 Ὅρα,
2593 1098 2709 1159 πῶς
2737 1099 2829 1150 καὶ
2856 1099 2989 1170 πρὸς
3013 1099 3104 1151 τὸν
3121 1101 3410 1168 Φαρισαῖον
3434 1100 3532 1152 οὑκ
3562 1097 3811 1168 ὠργίσθη

2242 1176 2604 1249 ὀνειδιζομένη
2625 1195 2637 1208 ·
2669 1181 2718 1232 εἰ
2749 1180 2861 1251 ᾔδει
2884 1182 3011 1251 γὰρ,
3043 1184 3226 1251 φησὶν.
3259 1181 3340 1234 ὅτι
3371 1181 3686 1252 ἁμαρτωλός
3718 1181 3814 1232 ἐσ-

2245 1278 2327 1314 τιν
2351 1260 2487 1332 αὕτη
2529 1263 2562 1332 ὴ
2585 1263 2742 1333 γυνὴ,
2765 1265 2863 1316 οὐκ
2888 1265 2956 1318 ἂν
2983 1266 3163 1318 εἴασεν
3197 1265 3387 1333 αὑτήν.
3423 1265 3530 1317 Καὶ
3558 1264 3657 1316 οὑκ
3687 1259 3814 1317 εἷπε

2245 1343 2382 1414 πρὸς
2400 1344 2560 1397 αὑτόν
2578 1363 2592 1376 ·
2619 1345 2684 1398 Τί
2707 1347 2847 1416 γάρ;
2873 1348 2994 1399 εἰπέ
3017 1364 3135 1418 μοι·
3161 1350 3224 1400 σὺ
3248 1347 3482 1415 καθαρὸς
3503 1346 3611 1400 ἀπὸ
3630 1348 3816 1416 ἀμαρ-

2245 1425 2503 1495 τημάτων
2540 1422 2625 1490 et;
2659 1427 2807 1499 [ηδ]
2839 1429 2975 1482 ἀλλά
3022 1429 3183 1483 πλέον
3215 1431 3440 1498 ἔπασχε,
3483 1429 3640 1482 πλέον
3669 1429 3816 1482 ὠδύ-

2251 1524 2372 1578 ρετο
2403 1509 2499 1562 καὶ
2528 1509 2828 1580 θερμότερα
2853 1511 2920 1564 τὰ
2947 1511 3158 1581 δάκρυα
3181 1511 3351 1580 ήφίει.
3387 1512 3527 1564 Εἰδέ
3555 1514 3819 1578 γυναῖκες

2247 1591 2341 1644 καὶ
2371 1591 2596 1645 τελῶναι
2630 1593 2724 1645 καὶ
2754 1593 2949 1664 πόρναι
2979 1594 3346 1664 φιλοσοφοῦσι,
3384 1594 3476 1647 καλ⁵
3507 1593 3681 1654 ταῦτα
3708 1594 3820 1665 πρὸ

2246 1675 2346 1744 τῆς
2365 1674 2608 1746 χάριτος,
2636 1675 2782 1739 τίνος
2812 1676 3045 1745 ἐσόμεθα
3063 1678 3221 1746 ἡμεῖς
3238 1677 3266 1716 ιι
3297 1675 3437 1741 ἄξιοι
3459 1677 3816 1748 συγγνώμης,

2253 1757 2390 1826 μετά
2421 1756 2519 1826 τήν
2568 1756 2836 1827 τοσαύτην
2890 1759 3050 1827 χάριν
3079 1759 3283 1829 θηρίων
3319 1759 3534 1830 ,μᾶλλον
3583 1759 3817 1812 ἐκπολε-

2253 1839 2528 1902 μούμενοι,
2549 1838 2831 1903 δάκνοντες
2858 1841 2951 1893 καί⁵
2977 1841 3352 1906 λακτίζοντες;

2320 2039 2486 2092 Οὑδὲν
2510 2040 2857 2110 αἰσχρότερον
2888 2040 3081 2112 θυμοῦ,
3110 2042 3261 2095 οὐδὲν
3293 2043 3630 2111 ἀτιμότερον,
3661 2041 3821 2094 οὐδὲν

2247 2121 2542 2192 δεινότερον
2562 2161 2578 2185 ,
2617 2121 2767 2174 οὐδὲν
2799 2121 3153 2194 ἀηδέστερον,
3187 2123 3336 2176 οὐδὲν
3385 2123 3818 2194 βλαϐερώτερον.

2249 2203 2432 2257 Ταῦτα
2455 2203 2618 2272 λέγω,
2649 2203 2746 2274 οὑχ
2784 2204 2871 2257 ἴνα
2905 2205 3038 2277 πρὸς
3074 2206 3273 2277 ἄνδρας
3303 2199 3451 2275 ὦμεν
3475 2207 3672 2276 ἥμεροι
3719 2207 3823 2275 μό-

2250 2303 2372 2350 νον,
2419 2286 2553 2339 ἀλλὰ
2586 2285 2688 2340 κᾶν
2717 2287 2856 2358 γυνὴ
2888 2286 3046 2350 λάλος
3082 2284 3138 2359 ᾗ,
3168 2290 3254 2341 ἵνα
3305 2289 3505 2362 φέρῃς·
3555 2288 3696 2341 ἔστω
3733 2305 3822 2341 σοι

2250 2368 2558 2440 παλαίστρα
2589 2369 2681 2422 καὶ
2718 2370 3016 2439 γυμνάσιον
3036 2371 3070 2439 ἡ
3100 2371 3260 2441 γυνή.
3287 2369 3407 2434 Πῶς
3430 2371 3538 2440 γὰρ
3568 2372 3668 2424 οὑκ
3693 2371 3824 2424 ἀτο-

2250 2468 2367 2514 πον,
2396 2453 2671 2521 γυμνάσια
2703 2453 2803 2521 μὲν
2833 2452 3182 2523 ἀναδέχεσθαι
3205 2453 3356 2507 οὐδὲν
3382 2454 3570 2524 κέρδος
3601 2453 3820 2524 ἔχοντα,

2249 2533 2376 2587 ἔνθα
2403 2534 2657 2604 θλίϐομεν
2683 2534 2743 2586 τὸ
2786 2536 2966 2606 σῶμα·
2993 2537 3270 2605 γυμνάσια
3302 2536 3358 2589 δὲ
3411 2537 3486 2606 μὴ
3535 2540 3709 2589 ποιεῖν
3738 2535 3823 2588 οἵ-

2250 2617 2402 2682 καδε,
2457 2618 2551 2670 καὶ
2589 2617 2694 2688 πρὸ
2747 2619 2857 2671 τῶν
2907 2619 3134 2687 ἀγώνων
3182 2620 3442 2688 στέφανον
3488 2622 3618 2689 ἡμῖν
3672 2636 3818 2689 παρ-

2249 2699 2469 2769 έχοντας
2495 2700 2734 2772 ’Υϐρίζει
2751 2703 2784 2771 ή
2805 2703 2938 2771 γωή
2963 2719 2977 2767 ;
3010 2703 3100 2773 Μὴ
3123 2703 3254 2774 γένῃ
3278 2705 3341 2756 σὺ
3364 2704 3498 2774 γυνή
3519 2720 3532 2732 ·
3558 2705 3821 2770 γυναικῶ-

2249 2783 2334 2846 δες
2364 2787 2471 2855 γὰρ
2508 2785 2569 2838 τὸ
2615 2785 2886 2856 ὑϐρίζειν·
2935 2787 3087 2850 νόσος
3131 2789 3248 2840 ἐστὶ
3289 2788 3490 2858 ψυχῆς,
3530 2787 3820 2858 ἐλάττωμά

2251 2867 2384 2919 ἐστι.
2434 2867 2523 2938 Μή
2551 2868 2777 2941 νομίσῃς
2825 2869 3042 2933 ἀνάξιόν
3080 2887 3171 2922 σου
3217 2868 3355 2924 εἶναι
3380 2910 3396 2932 ,
3437 2873 3629 2943 ὄτανή
3681 2871 3819 2943 γυνὴ

2253 2947 2469 3019 ὑϐρίσῃ.
2511 2949 2771 3015 Ἀνάξιον,
2827 2953 2955 3004 ὅταν
3013 2952 3077 3005 σῦ
3131 2953 3228 3023 μὲν
3265 2952 3518 3024 ὑϐρίζῃς,
3549 2953 3730 3023 ἐκείνη
3759 2955 3816 3006 δὲ

2252 3031 2548 3103 φιλοσοφῇ·
2601 3033 2720 3086 τότε
2771 3033 3118 3104 ἀσχημονεῖς,
3143 3035 3264 3088 τότε
3322 3035 3615 3107 ὑϐρίσθης·
3648 3035 3716 3090 ἂν
3761 3036 3819 3089 66

2253 3114 2527 3183 ὑϐρισθεὶς
2555 3116 2802 3188 ἐνέγκῃς,
2836 3120 2934 3186 τῆς
2959 3118 3136 3188 ἰσχύος
3166 3119 3267 3189 τῆς
3297 3120 3395 3190 σῆς
3428 3119 3596 3190 πολλὴ
3623 3121 3656 3190 ή
3694 3121 3817 3173 ἐπί-

2251 3197 2433 3264 δειξις.
2473 3199 2548 3252 06
2595 3199 2692 3263 τὰς
2721 3204 2986 3267 γυναῖκας
3018 3202 3225 3271 ἐνάγων
3274 3205 3354 3267 είς
3393 3202 3608 3274 ὕϐρεις,
3645 3205 3820 3259 ταῦτα

2251 3279 2425 3348 λέγω·
2472 3282 2545 3352 μή
2594 3283 2832 3349 γένοιτο·
2871 3283 2985 3336 ἀλλ’
3027 3286 3080 3338 εῐ
3102 3298 3200 3338 που
3250 3286 3344 3338 καὶ
3397 3286 3634 3355 συμϐαίη
3680 3287 3823 3340 κατά

2255 3365 2547 3433 σατανικὴν
2581 3364 2922 3436 περίστασιν,
2963 3366 3048 3420 ἵνα
3089 3368 3314 3438 φέρητε.
3353 3368 3586 3437 Ἀνδρῶν
3620 3369 3738 3422 ἐστι
3761 3370 3822 3422 τὸ

2253 3444 2438 3516 φέρειν
2463 3445 2569 3497 τῶν
2601 3447 2835 3518 ἰσχυρῶν
2863 3448 2987 3512 τοὺς
3007 3448 3268 3511 ἀσθενεῖς.
3303 3451 3419 3503 Κᾶν
3450 3450 3664 3520 οἰκέτης
3695 3451 3825 3519 ἀντεῖ

2253 3527 2382 3597 είπῃ
2405 3566 2420 3588 ,
2452 3525 2812 3599 φιλοσόφησον
2849 3529 2912 3582 σύ
2936 3549 2950 3564 ο
2992 3530 3088 3602 μὴ,
3151 3533 3203 3584 τί
3248 3533 3454 3596 ἐκεῖνος
3495 3532 3641 3596 ἄξιός
3672 3534 3824 3585 ἐστιν

2253 3607 2504 3671 ἀκοῦσαι,
2535 3609 2692 3683 εἴπῃς
2723 3610 2755 3682 ἢ
2781 3612 3013 3684 πράξῃς,
3041 3613 3174 3666 ἀλλὰ
3201 3615 3254 3666 τί
3281 3615 3361 3668 δεῖ
3384 3631 3439 3667 σε
3473 3616 3564 3667 καὶ
3599 3619 3826 3686 ποιῆσαι

2255 3693 2349 3745 καὶ
2379 3694 2567 3745 εἰπεῖν.
2611 3693 2892 3761 Μηδέποτε
2933 3694 3096 3765 κόρην
3135 3695 3388 3768 ὑϐρίζων,
3424 3697 3646 3767 αἰσχρὸν
3675 3699 3830 3768 ῥῆμα

2257 3774 2488 3846 ἐκϐάλῃς
2514 3790 2527 3803 ·
2570 3774 2838 3843 μηδέποτε
2886 3777 3103 3845 οἰκέτην
3137 3780 3330 3850 μιαρὸν
3357 3781 3534 3849 εἴπῃς.
3589 3780 3829 3843 Ἐκεῖνος

2256 3856 2354 3926 οὑχ
2381 3855 2632 3926 ὑϐρίσθη,
2656 3857 2790 3910 ἀλλὰ
2817 3857 2898 3911 σύ.
2937 3861 3052 3912 υὺκ
3090 3860 3235 3913 ἔστιν
3274 3863 3330 3914 ἐν
3355 3862 3530 3932 ἐαυτῴ
3562 3857 3704 3915 εἶναι
3736 3863 3830 3916 τὸν

2257 3937 2628 4009 ὀργιζόμενον,
2663 3940 2850 4010 ὥσπερ
2893 3941 3014 3994 οὑδέ
3047 3943 3282 4010 πέλαγος
3329 3945 3753 4015 κυμαινόμενον,
3795 3946 3829 4016 ἢ

2260 4020 2442 4090 πηγὴν
2484 4020 2666 4090 μένειν
2699 4022 2968 4094 καθαρὰν,
3003 4023 3260 4096 βορϐόρου
3295 4027 3456 4079 ποθὲν
3497 4029 3828 4097 ἐμπεσόντος

2261 4105 2398 4173 αὑτῇ
2421 4121 2433 4135 ·
2476 4103 2618 4156 οὕτω
2665 4107 2839 4159 πάντα
2881 4108 3116 4177 ἀναμὶξ,
3149 4109 3348 4178 μᾶλλον
3375 4110 3434 4162 66
3466 4110 3608 4163 οὕτω
3651 4114 3828 4165 πάντα

2255 4188 2372 4241 ἀνω
2400 4187 2494 4239 καὶ
2538 4187 2688 4239 κάτω
2715 4192 2942 4256 γίνεται.
2979 4189 3097 4242 Κᾶν
3125 4195 3423 4264 τυπτήσῃς,
3473 4194 3574 4246 κᾶν
3603 4193 3828 4265 διαρῤἡο

2264 4270 2358 4340 ξῃς
2399 4269 2490 4322 τὸν
2515 4271 2850 4338 χιτωνίσκον,
2899 4275 2961 4326 σὺ
2989 4274 3210 4342 μείζονα
3241 4275 3338 4345 τὴν
3376 4275 3576 4346 βλάϐην
3603 4277 3832 4346 ὑπέμειο

2261 4369 2358 4412 νας
2382 4368 2393 4378 ·
2439 4352 2630 4421 ἐκείνῳ
2667 4354 2763 4422 μὲν
2808 4354 2917 4425 γὰρ
2951 4357 3079 4425 περὶ
3131 4358 3192 4409 τὸ
3235 4357 3392 4428 σῶμα
3425 4359 3518 4411 καὶ
3553 4360 3682 4428 περὶ
3731 4357 3831 4428 τὴν

2263 4435 2465 4505 ἐσθῆτα
2497 4437 2528 4504 ή
2558 4435 2758 4506 πληγὴ,
2796 4437 2878 4489 σοὶ
2923 4437 2979 4491 δέ
3011 4439 3140 4508 περὶ
3181 4442 3281 4512 τήν
3324 4441 3524 4512 ψυχήν.
3582 4441 3831 4512 Ἐκείνην

2261 4519 2525 4590 διέτεμες,
2567 4521 2782 4589 ἐκείνην
2815 4521 3090 4591 ἕτρωσας,
3127 4523 3218 4577 τὸν
3255 4525 3466 4597 ήνίοχον
3506 4525 3694 4588 ἔϐαλες
3721 4527 3832 4579 ἀπὸ

2261 4603 2372 4655 τῶν
2403 4604 2583 4656 ἵππων
2608 4603 2775 4667 κάτω,
2813 4604 3001 4658 ὕπτιον
3030 4605 3288 4675 σύρεσθαι
3323 4607 3736 4679 παρεσκεύασας
3763 4610 3788 4637 ⁸
3809 4624 3828 4640 ·

2264 4688 2356 4739 καὶ
2392 4687 2591 4740 ταυτὸν
2622 4687 2850 4754 γίνεται,
2891 4683 3003 4742 οἷον
3040 4689 3134 4742 ἐὰν
3170 4690 3383 4761 ἡνίοχος
3416 4692 3585 4762 ἑτέρῳ
3615 4690 3832 4762 ὀργιζό-

2266 4786 2426 4836 μενος
2450 4769 2610 4822 ἕλοιτ’
2639 4770 2706 4822 ἂν
2737 4769 3012 4841 σύρεσθαι.
3042 4773 3158 4825 Κᾶν
3189 4773 3541 4845 ἐπιπλήττῃς,
3577 4774 3680 4827 κάν
3707 4791 3832 4828 νου-

2265 4851 2441 4921 θετῇς.
2467 4851 2580 4905 κᾶν
2607 4852 2783 4906 ὁτιοῦν
2813 4857 2991 4924 ποιῇς,
3021 4855 3189 4925 ὀργῆς
3226 4858 3393 4928 χωρὶς
3421 4859 3515 4910 καὶ
3542 4856 3734 4926 θυμοῦ.
3761 4858 3834 4914 El

2263 4934 2370 5004 γάρ
2415 4937 2442 4988 6
2490 4934 2831 5004 ἐπιπλήττων
2883 4938 3064 5008 ἰατρός
3109 4939 3224 4991 ἐστι
3259 4940 3354 4993 τοῦ
3407 4941 3833 5012 ἁμαρτάνοντος,

2265 5019 2381 5082 πῶς
2405 5019 2470 5072 ἂν
2506 5018 2718 5072 δύναιτο
2743 5019 3073 5090 θεραπεῦσαι
3103 5024 3307 5092 ἕτερον,
3348 5025 3536 5078 ἑαυτὸν
3565 5027 3835 5096 πρότερον

2264 5103 2537 5166 κακώσας,
2585 5103 2772 5157 ἑαυτὸν
2820 5105 2896 5175 μὴ
2930 5104 3276 5176 θεραπεύων;
3315 5108 3381 5160 Εἴ
3400 5125 3518 5169 τις,
3559 5108 3682 5161 εἰπέ
3715 5127 3833 5181 μοι,

2267 5186 2448 5256 ἰατρὸς
2503 5187 2787 5258 πορεύοιτο
2825 5189 3011 5261 ἕτερον
3057 5189 3407 5259 θεραπεύειν,
3439 5190 3698 5261 πρότερον
3731 5193 3835 5261 τὴν

2265 5272 2421 5339 χεῖρα
2453 5271 2826 5339 τραυματίσας
2846 5271 2942 5342 τὴν
2964 5271 3176 5336 ἑαυτοῦ,
3203 5272 3465 5341 πρότερον
3489 5273 3614 5333 τοὺς
3637 5273 3837 5341 όφθαλ·

2268 5353 2399 5420 μους
2427 5355 2705 5420 πηρώσας,
2740 5353 2880 5406 οὕτω
2911 5355 3142 5406 ποιεῖται
3171 5353 3378 5407 ἐκείνου
3405 5355 3502 5426 τὴν
3548 5356 3791 5424 ἰατρείαν
3819 5375 3834 5423 ;

2265 5433 2420 5502 Οὐχὶ,
2452 5435 2636 5504 φησίν.
2660 5435 2816 5488 Οὕτω
2842 5437 2936 5488 καὶ
2968 5437 3158 5489 σῦκᾶν
3186 5436 3539 5508 ἐπιπλήττῃς,
3572 5439 3673 5491 κᾶν
3711 5456 3838 5490 νου-

2265 5514 2443 5586 θετῇς,
2480 5517 2694 5588 καθαρά
2721 5518 3066 5588 βλεπέτωσάν
3093 5537 3184 5572 σου
3213 5521 3262 5572 οξ
3290 5519 3574 5588 ὀφθαλμοί.
3607 5521 3697 5591 Μὴ
3744 5522 3839 5575 θο-

2265 5598 2443 5671 λώσῃς
2483 5601 2573 5654 τὸν
2601 5601 2745 5665 νοῦν,
2793 5604 2917 5654 ἐπεὶ
2947 5604 3065 5666 πῶς
3116 5606 3149 5674 ή
3198 5604 3460 5676 θεραπεία
3501 5606 3834 5676 γενήσεται;

2332 5849 2362 5912 ξ’Δ
2404 5848 2538 5912 Unus
2556 5850 2746 5910 ἔπραξέν
2781 5867 2824 5895 τι
2848 5850 3063 5910 πονηρόν.
3128 5848 3159 5912 _b
3186 5850 3313 5898 Idem
3343 5848 3464 5906 τίνος
3499 5853 3640 5911 ἐσμὲν
3674 5852 3836 5912 ἡμεῖς.

2275 5911 2294 5938 ε
2328 5909 2460 5956 Unus
2477 5909 2639 5957 ὕπτιον
2673 5913 2886 5971 φέρεσθαι
2908 5910 3276 5977 παρεσκεύασας.
