  <div class='ocr_page' id='page_1' title='image "/cluster/home/n/w/nwhite01/storage/ocr_20150623/60/hvd.32044019207810/130.png"; bbox 0 0 3978 6478; ppageno 0'>
   <div class='ocr_carea' id='block_1_1' title="bbox 174 397 2379 469">
    <p class='ocr_par' dir='ltr' id='par_1_1' title="bbox 174 397 2379 469">
     <span class='ocr_line' id='line_1_1' title="bbox 174 397 2379 469; baseline -0.007 -1"><span class='ocrx_word' id='word_1_1' title='bbox 174 411 266 469; x_wconf 68' lang='grc'><strong>195</strong></span> <span class='ocrx_word' id='word_1_2' title='bbox 1119 404 1185 462; x_wconf 83' lang='grc' dir='ltr'>ΙΝ</span> <span class='ocrx_word' id='word_1_3' title='bbox 1222 404 1400 461; x_wconf 80' lang='lat' dir='ltr'><strong>ACTA</strong></span> <span class='ocrx_word' id='word_1_4' title='bbox 1441 399 1955 459; x_wconf 71' lang='lat' dir='ltr'><strong>APOSTOLORUM.</strong></span> <span class='ocrx_word' id='word_1_5' title='bbox 1996 397 2222 453; x_wconf 84' lang='lat' dir='ltr'><strong>llO.\llL.</strong></span> <span class='ocrx_word' id='word_1_6' title='bbox 2264 398 2379 453; x_wconf 75' lang='lat' dir='ltr'><strong>XV.</strong></span> 
     </span>
    </p>
   </div>
   <div class='ocr_carea' id='block_1_2' title="bbox 170 515 1735 593">
    <p class='ocr_par' dir='ltr' id='par_1_2' title="bbox 170 515 1735 593">
     <span class='ocr_line' id='line_1_2' title="bbox 170 515 1735 593; baseline -0.006 -17"><span class='ocrx_word' id='word_1_7' title='bbox 170 521 441 593; x_wconf 76' lang='lat' dir='ltr'><strong>superius?</strong></span> <span class='ocrx_word' id='word_1_8' title='bbox 468 520 603 576; x_wconf 87' lang='lat' dir='ltr'><strong>Nam</strong></span> <span class='ocrx_word' id='word_1_9' title='bbox 634 519 779 591; x_wconf 89' lang='lat' dir='ltr'><strong>quod</strong></span> <span class='ocrx_word' id='word_1_10' title='bbox 818 517 1043 589; x_wconf 88' lang='lat' dir='ltr'><strong>patiatur</strong></span> <span class='ocrx_word' id='word_1_11' title='bbox 1066 560 1080 582; x_wconf 94' lang='lat'><strong>,</strong></span> <span class='ocrx_word' id='word_1_12' title='bbox 1122 518 1205 572; x_wconf 89' lang='lat' dir='ltr'><strong>vel</strong></span> <span class='ocrx_word' id='word_1_13' title='bbox 1238 515 1359 573; x_wconf 89' lang='lat' dir='ltr'><strong>hinc</strong></span> <span class='ocrx_word' id='word_1_14' title='bbox 1404 515 1574 586; x_wconf 92' lang='lat' dir='ltr'><strong>palam</strong></span> <span class='ocrx_word' id='word_1_15' title='bbox 1614 523 1735 578; x_wconf 87' lang='lat' dir='ltr'><strong>est,</strong></span> 
     </span>
    </p>
   </div>
   <div class='ocr_carea' id='block_1_3' title="bbox 169 611 1736 683">
    <p class='ocr_par' dir='ltr' id='par_1_3' title="bbox 169 611 1736 683">
     <span class='ocr_line' id='line_1_3' title="bbox 169 611 1736 683; baseline -0.006 -15"><span class='ocrx_word' id='word_1_16' title='bbox 169 614 300 683; x_wconf 86' lang='lat' dir='ltr'><strong>quod</strong></span> <span class='ocrx_word' id='word_1_17' title='bbox 332 613 432 666; x_wconf 90' lang='lat' dir='ltr'><strong>hoc</strong></span> <span class='ocrx_word' id='word_1_18' title='bbox 459 612 641 682; x_wconf 81' lang='lat' dir='ltr'><strong>passio</strong></span> <span class='ocrx_word' id='word_1_19' title='bbox 661 621 900 675; x_wconf 79' lang='lat' dir='ltr'><strong>vocetur;</strong></span> <span class='ocrx_word' id='word_1_20' title='bbox 933 611 1101 680; x_wconf 80' lang='lat' dir='ltr'><strong>palam</strong></span> <span class='ocrx_word' id='word_1_21' title='bbox 1126 611 1252 664; x_wconf 93' lang='lat' dir='ltr'><strong>item</strong></span> <span class='ocrx_word' id='word_1_22' title='bbox 1279 618 1361 664; x_wconf 88' lang='lat' dir='ltr'><strong>est</strong></span> <span class='ocrx_word' id='word_1_23' title='bbox 1384 624 1448 663; x_wconf 83' lang='lat' dir='ltr'><strong>ex</strong></span> <span class='ocrx_word' id='word_1_24' title='bbox 1476 622 1700 676; x_wconf 79' lang='lat' dir='ltr'><strong>corpore</strong></span> <span class='ocrx_word' id='word_1_25' title='bbox 1723 623 1736 659; x_wconf 91' lang='lat'><strong>:</strong></span> 
     </span>
    </p>
   </div>
   <div class='ocr_carea' id='block_1_4' title="bbox 170 697 1740 772">
    <p class='ocr_par' dir='ltr' id='par_1_4' title="bbox 170 697 1740 772">
     <span class='ocr_line' id='line_1_4' title="bbox 170 697 1740 772; baseline -0.003 -16"><span class='ocrx_word' id='word_1_26' title='bbox 170 703 247 757; x_wconf 63' lang='lat' dir='ltr'><strong>hi2</strong></span> <span class='ocrx_word' id='word_1_27' title='bbox 289 718 518 772; x_wconf 87' lang='lat' dir='ltr'><strong>namque</strong></span> <span class='ocrx_word' id='word_1_28' title='bbox 547 703 823 772; x_wconf 87' lang='lat' dir='ltr'><strong>passiones</strong></span> <span class='ocrx_word' id='word_1_29' title='bbox 860 702 926 754; x_wconf 88' lang='lat' dir='ltr'><strong>ab</strong></span> <span class='ocrx_word' id='word_1_30' title='bbox 956 701 1032 753; x_wconf 90' lang='lat' dir='ltr'><strong>ira</strong></span> <span class='ocrx_word' id='word_1_31' title='bbox 1058 710 1365 761; x_wconf 89' lang='lat' dir='ltr'><strong>nascuntur,</strong></span> <span class='ocrx_word' id='word_1_32' title='bbox 1395 697 1582 751; x_wconf 86' lang='lat' dir='ltr'><strong>obtusa</strong></span> <span class='ocrx_word' id='word_1_33' title='bbox 1611 712 1740 753; x_wconf 89' lang='lat' dir='ltr'><strong>ocu-</strong></span> 
     </span>
    </p>
   </div>
   <div class='ocr_carea' id='block_1_5' title="bbox 169 785 1740 861">
    <p class='ocr_par' dir='ltr' id='par_1_5' title="bbox 169 785 1740 861">
     <span class='ocr_line' id='line_1_5' title="bbox 169 785 1740 861; baseline -0.004 -14"><span class='ocrx_word' id='word_1_34' title='bbox 169 795 336 847; x_wconf 89' lang='lat' dir='ltr'><strong>lorum</strong></span> <span class='ocrx_word' id='word_1_35' title='bbox 380 794 545 854; x_wconf 82' lang='lat' dir='ltr'><strong>acies,</strong></span> <span class='ocrx_word' id='word_1_36' title='bbox 592 803 800 861; x_wconf 86' lang='lat' dir='ltr'><strong>stupor,</strong></span> <span class='ocrx_word' id='word_1_37' title='bbox 846 802 895 847; x_wconf 91' lang='lat' dir='ltr'><strong>et</strong></span> <span class='ocrx_word' id='word_1_38' title='bbox 937 791 1211 844; x_wconf 89' lang='lat' dir='ltr'><strong>innumera</strong></span> <span class='ocrx_word' id='word_1_39' title='bbox 1252 790 1374 841; x_wconf 92' lang='lat' dir='ltr'><strong>alia.</strong></span> <span class='ocrx_word' id='word_1_40' title='bbox 1427 788 1533 842; x_wconf 92' lang='lat' dir='ltr'><strong>Sed</strong></span> <span class='ocrx_word' id='word_1_41' title='bbox 1578 785 1740 840; x_wconf 85' lang='lat' dir='ltr'><strong>lilium</strong></span> 
     </span>
    </p>
   </div>
   <div class='ocr_carea' id='block_1_6' title="bbox 163 879 1738 953">
    <p class='ocr_par' dir='ltr' id='par_1_6' title="bbox 163 879 1738 953">
     <span class='ocr_line' id='line_1_6' title="bbox 163 879 1738 953; baseline -0.005 -14"><span class='ocrx_word' id='word_1_42' title='bbox 163 885 485 939; x_wconf 71' lang='lat' dir='ltr'><strong>contumelia</strong></span> <span class='ocrx_word' id='word_1_43' title='bbox 512 883 725 950; x_wconf 76' lang='lat' dir='ltr'><strong>alfecit,</strong></span> <span class='ocrx_word' id='word_1_44' title='bbox 758 883 998 953; x_wconf 76' lang='lat' dir='ltr'><strong>inquies;</strong></span> <span class='ocrx_word' id='word_1_45' title='bbox 1032 881 1124 935; x_wconf 90' lang='lat' dir='ltr'><strong>sed</strong></span> <span class='ocrx_word' id='word_1_46' title='bbox 1158 881 1432 935; x_wconf 85' lang='lat' dir='ltr'><strong>famulum.</strong></span> <span class='ocrx_word' id='word_1_47' title='bbox 1478 879 1557 934; x_wconf 89' lang='lat' dir='ltr'><strong>Ne</strong></span> <span class='ocrx_word' id='word_1_48' title='bbox 1587 885 1738 947; x_wconf 84' lang='lat' dir='ltr'><strong>putes</strong></span> 
     </span>
    </p>
   </div>
   <div class='ocr_carea' id='block_1_7' title="bbox 165 971 1738 1046">
    <p class='ocr_par' dir='ltr' id='par_1_7' title="bbox 165 971 1738 1046">
     <span class='ocr_line' id='line_1_7' title="bbox 165 971 1738 1046; baseline -0.006 -13"><span class='ocrx_word' id='word_1_49' title='bbox 165 978 531 1034; x_wconf 87' lang='lat' dir='ltr'><strong>infirmitatem</strong></span> <span class='ocrx_word' id='word_1_50' title='bbox 559 993 702 1042; x_wconf 89' lang='lat' dir='ltr'><strong>esse,</strong></span> <span class='ocrx_word' id='word_1_51' title='bbox 734 976 874 1046; x_wconf 88' lang='lat' dir='ltr'><strong>quod</strong></span> <span class='ocrx_word' id='word_1_52' title='bbox 906 976 954 1029; x_wconf 89' lang='lat' dir='ltr'><strong>id</strong></span> <span class='ocrx_word' id='word_1_53' title='bbox 983 976 1096 1043; x_wconf 89' lang='lat' dir='ltr'><strong>ipse</strong></span> <span class='ocrx_word' id='word_1_54' title='bbox 1122 991 1224 1027; x_wconf 91' lang='lat' dir='ltr'><strong>non</strong></span> <span class='ocrx_word' id='word_1_55' title='bbox 1257 973 1438 1027; x_wconf 83' lang='lat' dir='ltr'><strong>facias.</strong></span> <span class='ocrx_word' id='word_1_56' title='bbox 1478 973 1570 1025; x_wconf 90' lang='lat' dir='ltr'><strong>Dic</strong></span> <span class='ocrx_word' id='word_1_57' title='bbox 1594 971 1738 1026; x_wconf 91' lang='lat' dir='ltr'><strong>enim</strong></span> 
     </span>
    </p>
   </div>
   <div class='ocr_carea' id='block_1_8' title="bbox 164 1064 1738 1136">
    <p class='ocr_par' dir='ltr' id='par_1_8' title="bbox 164 1064 1738 1136">
     <span class='ocr_line' id='line_1_8' title="bbox 164 1064 1738 1136; baseline -0.004 -10"><span class='ocrx_word' id='word_1_58' title='bbox 164 1071 316 1135; x_wconf 87' lang='lat' dir='ltr'><strong>mihi,</strong></span> <span class='ocrx_word' id='word_1_59' title='bbox 347 1088 415 1124; x_wconf 92' lang='lat' dir='ltr'><strong>an</strong></span> <span class='ocrx_word' id='word_1_60' title='bbox 448 1069 787 1125; x_wconf 80' lang='lat' dir='ltr'><strong>benefactum</strong></span> <span class='ocrx_word' id='word_1_61' title='bbox 811 1069 935 1124; x_wconf 80' lang='lat' dir='ltr'><strong>est?</strong></span> <span class='ocrx_word' id='word_1_62' title='bbox 964 1068 1078 1122; x_wconf 90' lang='lat' dir='ltr'><strong>Non</strong></span> <span class='ocrx_word' id='word_1_63' title='bbox 1113 1077 1240 1136; x_wconf 90' lang='lat' dir='ltr'><strong>puto</strong></span> <span class='ocrx_word' id='word_1_64' title='bbox 1270 1066 1321 1121; x_wconf 93' lang='lat' dir='ltr'><strong>id</strong></span> <span class='ocrx_word' id='word_1_65' title='bbox 1354 1075 1404 1121; x_wconf 92' lang='lat' dir='ltr'><strong>te</strong></span> <span class='ocrx_word' id='word_1_66' title='bbox 1433 1064 1698 1119; x_wconf 90' lang='lat' dir='ltr'><strong>dicturum</strong></span> <span class='ocrx_word' id='word_1_67' title='bbox 1725 1085 1738 1119; x_wconf 90' lang='lat'><strong>:</strong></span> 
     </span>
    </p>
   </div>
   <div class='ocr_carea' id='block_1_9' title="bbox 161 1157 1743 1234">
    <p class='ocr_par' dir='ltr' id='par_1_9' title="bbox 161 1157 1743 1234">
     <span class='ocr_line' id='line_1_9' title="bbox 161 1157 1743 1234; baseline -0.004 -15"><span class='ocrx_word' id='word_1_68' title='bbox 161 1180 289 1234; x_wconf 80' lang='lat' dir='ltr'><strong>ergo</strong></span> <span class='ocrx_word' id='word_1_69' title='bbox 312 1181 380 1221; x_wconf 88' lang='lat' dir='ltr'><strong>ne</strong></span> <span class='ocrx_word' id='word_1_70' title='bbox 409 1164 575 1219; x_wconf 80' lang='lat' dir='ltr'><strong>facias</strong></span> <span class='ocrx_word' id='word_1_71' title='bbox 598 1162 739 1233; x_wconf 87' lang='lat' dir='ltr'><strong>quod</strong></span> <span class='ocrx_word' id='word_1_72' title='bbox 767 1177 870 1217; x_wconf 91' lang='lat' dir='ltr'><strong>non</strong></span> <span class='ocrx_word' id='word_1_73' title='bbox 897 1169 979 1215; x_wconf 87' lang='lat' dir='ltr'><strong>est</strong></span> <span class='ocrx_word' id='word_1_74' title='bbox 1004 1160 1137 1214; x_wconf 86' lang='lat' dir='ltr'><strong>bene</strong></span> <span class='ocrx_word' id='word_1_75' title='bbox 1166 1160 1381 1213; x_wconf 89' lang='lat' dir='ltr'><strong>factum.</strong></span> <span class='ocrx_word' id='word_1_76' title='bbox 1407 1159 1530 1212; x_wconf 84' lang='lat' dir='ltr'><strong>Scio</strong></span> <span class='ocrx_word' id='word_1_77' title='bbox 1556 1157 1743 1227; x_wconf 88' lang='lat' dir='ltr'><strong>quales</strong></span> 
     </span>
    </p>
   </div>
   <div class='ocr_carea' id='block_1_10' title="bbox 165 1252 1741 1322">
    <p class='ocr_par' dir='ltr' id='par_1_10' title="bbox 165 1252 1741 1322">
     <span class='ocr_line' id='line_1_10' title="bbox 165 1252 1741 1322; baseline -0.004 -13"><span class='ocrx_word' id='word_1_78' title='bbox 165 1260 215 1309; x_wconf 88' lang='lat' dir='ltr'><strong>in</strong></span> <span class='ocrx_word' id='word_1_79' title='bbox 244 1259 442 1312; x_wconf 85' lang='lat' dir='ltr'><strong>talibus</strong></span> <span class='ocrx_word' id='word_1_80' title='bbox 480 1258 573 1311; x_wconf 65' lang='lat' dir='ltr'><strong>ira:</strong></span> <span class='ocrx_word' id='word_1_81' title='bbox 616 1264 919 1309; x_wconf 89' lang='lat' dir='ltr'><strong>nascantur.</strong></span> <span class='ocrx_word' id='word_1_82' title='bbox 969 1252 1105 1322; x_wconf 87' lang='lat' dir='ltr'><strong>Quid</strong></span> <span class='ocrx_word' id='word_1_83' title='bbox 1132 1268 1273 1321; x_wconf 54' lang='lat' dir='ltr'><strong>.ergo</strong></span> <span class='ocrx_word' id='word_1_84' title='bbox 1313 1252 1358 1306; x_wconf 90' lang='lat' dir='ltr'><strong>si</strong></span> <span class='ocrx_word' id='word_1_85' title='bbox 1403 1259 1741 1313; x_wconf 84' lang='lat' dir='ltr'><strong>contemnat,</strong></span> 
     </span>
    </p>
   </div>
   <div class='ocr_carea' id='block_1_11' title="bbox 163 1342 1738 1417">
    <p class='ocr_par' dir='ltr' id='par_1_11' title="bbox 163 1342 1738 1417">
     <span class='ocr_line' id='line_1_11' title="bbox 163 1342 1738 1417; baseline -0.006 -17"><span class='ocrx_word' id='word_1_86' title='bbox 163 1346 417 1417; x_wconf 79' lang='lat' dir='ltr'><strong>inquies?</strong></span> <span class='ocrx_word' id='word_1_87' title='bbox 443 1349 487 1401; x_wconf 93' lang='lat' dir='ltr'><strong>si</strong></span> <span class='ocrx_word' id='word_1_88' title='bbox 520 1361 731 1401; x_wconf 84' lang='lat' dir='ltr'><strong>rursum</strong></span> <span class='ocrx_word' id='word_1_89' title='bbox 760 1343 944 1399; x_wconf 80' lang='lat' dir='ltr'><strong>dicat?</strong></span> <span class='ocrx_word' id='word_1_90' title='bbox 966 1344 1144 1414; x_wconf 81' lang='lat' dir='ltr'><strong>Argue</strong></span> <span class='ocrx_word' id='word_1_91' title='bbox 1174 1360 1187 1395; x_wconf 88' lang='lat'><strong>:</strong></span> <span class='ocrx_word' id='word_1_92' title='bbox 1220 1344 1453 1409; x_wconf 83' lang='lat' dir='ltr'><strong>increpa,</strong></span> <span class='ocrx_word' id='word_1_93' title='bbox 1486 1342 1738 1394; x_wconf 89' lang='lat' dir='ltr'><strong>obsecra:</strong></span> 
     </span>
    </p>
   </div>
   <div class='ocr_carea' id='block_1_12' title="bbox 160 1433 1742 1502">
    <p class='ocr_par' dir='ltr' id='par_1_12' title="bbox 160 1433 1742 1502">
     <span class='ocr_line' id='line_1_12' title="bbox 160 1433 1742 1502; baseline -0.004 -10"><span class='ocrx_word' id='word_1_94' title='bbox 160 1438 573 1492; x_wconf 86' lang='lat' dir='ltr'><strong>mansuetudine</strong></span> <span class='ocrx_word' id='word_1_95' title='bbox 618 1438 693 1491; x_wconf 89' lang='lat' dir='ltr'><strong>ira</strong></span> <span class='ocrx_word' id='word_1_96' title='bbox 736 1436 1005 1489; x_wconf 83' lang='lat' dir='ltr'><strong>solvitur:</strong></span> <span class='ocrx_word' id='word_1_97' title='bbox 1044 1434 1308 1490; x_wconf 88' lang='lat' dir='ltr'><strong>accedens</strong></span> <span class='ocrx_word' id='word_1_98' title='bbox 1345 1447 1526 1502; x_wconf 80' lang='lat' dir='ltr'><strong>argue.</strong></span> <span class='ocrx_word' id='word_1_99' title='bbox 1580 1433 1634 1485; x_wconf 95' lang='lat' dir='ltr'><strong>ln</strong></span> <span class='ocrx_word' id='word_1_100' title='bbox 1678 1433 1742 1485; x_wconf 89' lang='lat' dir='ltr'><strong>iis</strong></span> 
     </span>
    </p>
   </div>
   <div class='ocr_carea' id='block_1_13' title="bbox 161 1524 1740 1599">
    <p class='ocr_par' dir='ltr' id='par_1_13' title="bbox 161 1524 1740 1599">
     <span class='ocr_line' id='line_1_13' title="bbox 161 1524 1740 1599; baseline -0.004 -16"><span class='ocrx_word' id='word_1_101' title='bbox 161 1537 310 1584; x_wconf 90' lang='lat' dir='ltr'><strong>certe</strong></span> <span class='ocrx_word' id='word_1_102' title='bbox 336 1571 351 1592; x_wconf 94' lang='lat'><strong>,</strong></span> <span class='ocrx_word' id='word_1_103' title='bbox 383 1545 505 1599; x_wconf 69' lang='lat' dir='ltr'><strong>qua!</strong></span> <span class='ocrx_word' id='word_1_104' title='bbox 536 1545 634 1583; x_wconf 88' lang='lat' dir='ltr'><strong>nos</strong></span> <span class='ocrx_word' id='word_1_105' title='bbox 660 1528 951 1597; x_wconf 62' lang='lat' dir='ltr'><strong>resilieinnt</strong></span> <span class='ocrx_word' id='word_1_106' title='bbox 972 1566 989 1591; x_wconf 92' lang='lat'><strong>,</strong></span> <span class='ocrx_word' id='word_1_107' title='bbox 1022 1524 1124 1579; x_wconf 88' lang='lat' dir='ltr'><strong>hoc</strong></span> <span class='ocrx_word' id='word_1_108' title='bbox 1154 1524 1453 1579; x_wconf 89' lang='lat' dir='ltr'><strong>faciendum</strong></span> <span class='ocrx_word' id='word_1_109' title='bbox 1487 1540 1590 1577; x_wconf 92' lang='lat' dir='ltr'><strong>non</strong></span> <span class='ocrx_word' id='word_1_110' title='bbox 1622 1532 1740 1587; x_wconf 87' lang='lat' dir='ltr'><strong>est;</strong></span> 
     </span>
    </p>
   </div>
   <div class='ocr_carea' id='block_1_14' title="bbox 162 1617 1739 1690">
    <p class='ocr_par' dir='ltr' id='par_1_14' title="bbox 162 1617 1739 1690">
     <span class='ocr_line' id='line_1_14' title="bbox 162 1617 1739 1690; baseline -0.005 -13"><span class='ocrx_word' id='word_1_111' title='bbox 162 1626 212 1678; x_wconf 91' lang='lat' dir='ltr'><strong>in</strong></span> <span class='ocrx_word' id='word_1_112' title='bbox 247 1624 315 1677; x_wconf 91' lang='lat' dir='ltr'><strong>iis</strong></span> <span class='ocrx_word' id='word_1_113' title='bbox 341 1638 492 1685; x_wconf 89' lang='lat' dir='ltr'><strong>vero,</strong></span> <span class='ocrx_word' id='word_1_114' title='bbox 525 1638 644 1690; x_wconf 75' lang='lat' dir='ltr'><strong>qua:</strong></span> <span class='ocrx_word' id='word_1_115' title='bbox 668 1621 806 1673; x_wconf 89' lang='lat' dir='ltr'><strong>alios</strong></span> <span class='ocrx_word' id='word_1_116' title='bbox 831 1628 1090 1689; x_wconf 89' lang='lat' dir='ltr'><strong>spectant,</strong></span> <span class='ocrx_word' id='word_1_117' title='bbox 1127 1617 1176 1672; x_wconf 89' lang='lat' dir='ltr'><strong>id</strong></span> <span class='ocrx_word' id='word_1_118' title='bbox 1208 1632 1427 1672; x_wconf 85' lang='lat' dir='ltr'><strong>necesse</strong></span> <span class='ocrx_word' id='word_1_119' title='bbox 1454 1628 1537 1670; x_wconf 89' lang='lat' dir='ltr'><strong>est</strong></span> <span class='ocrx_word' id='word_1_120' title='bbox 1557 1632 1739 1685; x_wconf 85' lang='lat' dir='ltr'><strong>agere.</strong></span> 
     </span>
    </p>
   </div>
   <div class='ocr_carea' id='block_1_15' title="bbox 159 1709 1743 1783">
    <p class='ocr_par' dir='ltr' id='par_1_15' title="bbox 159 1709 1743 1783">
     <span class='ocr_line' id='line_1_15' title="bbox 159 1709 1743 1783; baseline -0.004 -14"><span class='ocrx_word' id='word_1_121' title='bbox 159 1715 233 1769; x_wconf 76' lang='lat' dir='ltr'><strong>Ne</strong></span> <span class='ocrx_word' id='word_1_122' title='bbox 266 1715 536 1783; x_wconf 82' lang='lat' dir='ltr'><strong>propriam</strong></span> <span class='ocrx_word' id='word_1_123' title='bbox 564 1712 939 1767; x_wconf 84' lang='lat' dir='ltr'><strong>contumeliam</strong></span> <span class='ocrx_word' id='word_1_124' title='bbox 970 1721 1125 1781; x_wconf 78' lang='lat' dir='ltr'><strong>putes</strong></span> <span class='ocrx_word' id='word_1_125' title='bbox 1146 1751 1158 1767; x_wconf 88' lang='lat'><strong>.</strong></span> <span class='ocrx_word' id='word_1_126' title='bbox 1206 1709 1347 1778; x_wconf 91' lang='lat' dir='ltr'><strong>quod</strong></span> <span class='ocrx_word' id='word_1_127' title='bbox 1380 1710 1516 1761; x_wconf 81' lang='lat' dir='ltr'><strong>illius</strong></span> <span class='ocrx_word' id='word_1_128' title='bbox 1553 1719 1743 1762; x_wconf 90' lang='lat' dir='ltr'><strong>contu-</strong></span> 
     </span>
    </p>
   </div>
   <div class='ocr_carea' id='block_1_16' title="bbox 158 1801 1740 1867">
    <p class='ocr_par' dir='ltr' id='par_1_16' title="bbox 158 1801 1740 1867">
     <span class='ocr_line' id='line_1_16' title="bbox 158 1801 1740 1867; baseline -0.003 -8"><span class='ocrx_word' id='word_1_129' title='bbox 158 1805 321 1859; x_wconf 88' lang='lat' dir='ltr'><strong>inelia</strong></span> <span class='ocrx_word' id='word_1_130' title='bbox 345 1805 608 1858; x_wconf 78' lang='lat' dir='ltr'><strong>afficiatur</strong></span> <span class='ocrx_word' id='word_1_131' title='bbox 633 1821 645 1857; x_wconf 91' lang='lat'><strong>:</strong></span> <span class='ocrx_word' id='word_1_132' title='bbox 671 1812 727 1855; x_wconf 93' lang='grc' dir='ltr'><strong>ιιι</strong></span> <span class='ocrx_word' id='word_1_133' title='bbox 750 1802 795 1855; x_wconf 88' lang='lat' dir='ltr'><strong>si</strong></span> <span class='ocrx_word' id='word_1_134' title='bbox 823 1802 1006 1857; x_wconf 86' lang='lat' dir='ltr'><strong>doleas</strong></span> <span class='ocrx_word' id='word_1_135' title='bbox 1029 1801 1097 1856; x_wconf 90' lang='lat' dir='ltr'><strong>de</strong></span> <span class='ocrx_word' id='word_1_136' title='bbox 1123 1801 1232 1858; x_wconf 90' lang='lat' dir='ltr'><strong>illo.</strong></span> <span class='ocrx_word' id='word_1_137' title='bbox 1262 1808 1315 1853; x_wconf 90' lang='lat' dir='ltr'><strong>at</strong></span> <span class='ocrx_word' id='word_1_138' title='bbox 1342 1815 1446 1852; x_wconf 92' lang='lat' dir='ltr'><strong>non</strong></span> <span class='ocrx_word' id='word_1_139' title='bbox 1475 1807 1740 1867; x_wconf 84' lang='lat' dir='ltr'><strong>tamquam</strong></span> 
     </span>
    </p>
   </div>
   <div class='ocr_carea' id='block_1_17' title="bbox 156 1890 1740 1961">
    <p class='ocr_par' dir='ltr' id='par_1_17' title="bbox 156 1890 1740 1961">
     <span class='ocr_line' id='line_1_17' title="bbox 156 1890 1740 1961; baseline -0.004 -12"><span class='ocrx_word' id='word_1_140' title='bbox 156 1894 490 1949; x_wconf 88' lang='lat' dir='ltr'><strong>contumelia</strong></span> <span class='ocrx_word' id='word_1_141' title='bbox 512 1894 733 1946; x_wconf 78' lang='lat' dir='ltr'><strong>allectus</strong></span> <span class='ocrx_word' id='word_1_142' title='bbox 754 1910 769 1947; x_wconf 91' lang='lat'><strong>:</strong></span> <span class='ocrx_word' id='word_1_143' title='bbox 793 1906 896 1945; x_wconf 93' lang='lat' dir='ltr'><strong>non</strong></span> <span class='ocrx_word' id='word_1_144' title='bbox 918 1893 1059 1946; x_wconf 79' lang='lat' dir='ltr'><strong>enim</strong></span> <span class='ocrx_word' id='word_1_145' title='bbox 1084 1893 1203 1961; x_wconf 86' lang='lat' dir='ltr'><strong>quia</strong></span> <span class='ocrx_word' id='word_1_146' title='bbox 1237 1906 1367 1959; x_wconf 90' lang='lat' dir='ltr'><strong>puer</strong></span> <span class='ocrx_word' id='word_1_147' title='bbox 1393 1891 1530 1945; x_wconf 87' lang='lat' dir='ltr'><strong>male</strong></span> <span class='ocrx_word' id='word_1_148' title='bbox 1559 1890 1740 1956; x_wconf 85' lang='lat' dir='ltr'><strong>habet,</strong></span> 
     </span>
    </p>
   </div>
   <div class='ocr_carea' id='block_1_18' title="bbox 160 1980 1742 2050">
    <p class='ocr_par' dir='ltr' id='par_1_18' title="bbox 160 1980 1742 2050">
     <span class='ocr_line' id='line_1_18' title="bbox 160 1980 1742 2050; baseline -0.003 -11"><span class='ocrx_word' id='word_1_149' title='bbox 160 1996 211 2039; x_wconf 90' lang='lat' dir='ltr'><strong>tu</strong></span> <span class='ocrx_word' id='word_1_150' title='bbox 259 1985 585 2039; x_wconf 86' lang='lat' dir='ltr'><strong>contumelia</strong></span> <span class='ocrx_word' id='word_1_151' title='bbox 615 1982 836 2037; x_wconf 72' lang='lat' dir='ltr'><strong>affectus</strong></span> <span class='ocrx_word' id='word_1_152' title='bbox 862 1997 953 2045; x_wconf 91' lang='lat' dir='ltr'><strong>es;</strong></span> <span class='ocrx_word' id='word_1_153' title='bbox 981 1982 1073 2036; x_wconf 87' lang='lat' dir='ltr'><strong>sed</strong></span> <span class='ocrx_word' id='word_1_154' title='bbox 1122 1982 1167 2035; x_wconf 90' lang='lat' dir='ltr'><strong>is</strong></span> <span class='ocrx_word' id='word_1_155' title='bbox 1190 1983 1277 2050; x_wconf 91' lang='lat' dir='ltr'><strong>qni</strong></span> <span class='ocrx_word' id='word_1_156' title='bbox 1309 1982 1443 2034; x_wconf 91' lang='lat' dir='ltr'><strong>male</strong></span> <span class='ocrx_word' id='word_1_157' title='bbox 1467 1980 1609 2035; x_wconf 90' lang='lat' dir='ltr'><strong>fecit.</strong></span> <span class='ocrx_word' id='word_1_158' title='bbox 1640 1981 1742 2035; x_wconf 84' lang='lat' dir='ltr'><strong>Re-</strong></span> 
     </span>
    </p>
   </div>
   <div class='ocr_carea' id='block_1_19' title="bbox 157 2074 1743 2147">
    <p class='ocr_par' dir='ltr' id='par_1_19' title="bbox 157 2074 1743 2147">
     <span class='ocr_line' id='line_1_19' title="bbox 157 2074 1743 2147; baseline -0.004 -16"><span class='ocrx_word' id='word_1_159' title='bbox 157 2082 370 2147; x_wconf 83' lang='lat' dir='ltr'><strong>stingne</strong></span> <span class='ocrx_word' id='word_1_160' title='bbox 394 2077 626 2147; x_wconf 82' lang='lat' dir='ltr'><strong>gladium</strong></span> <span class='ocrx_word' id='word_1_161' title='bbox 654 2085 888 2139; x_wconf 86' lang='lat' dir='ltr'><strong>acutum,</strong></span> <span class='ocrx_word' id='word_1_162' title='bbox 916 2075 965 2128; x_wconf 90' lang='lat' dir='ltr'><strong>in</strong></span> <span class='ocrx_word' id='word_1_163' title='bbox 989 2076 1172 2144; x_wconf 87' lang='lat' dir='ltr'><strong>vagina</strong></span> <span class='ocrx_word' id='word_1_164' title='bbox 1189 2074 1468 2128; x_wconf 87' lang='lat' dir='ltr'><strong>condatur.</strong></span> <span class='ocrx_word' id='word_1_165' title='bbox 1493 2074 1548 2128; x_wconf 90' lang='lat' dir='ltr'><strong>Si</strong></span> <span class='ocrx_word' id='word_1_166' title='bbox 1572 2075 1743 2127; x_wconf 87' lang='lat' dir='ltr'><strong>nudus</strong></span> 
     </span>
    </p>
   </div>
   <div class='ocr_carea' id='block_1_20' title="bbox 158 2165 1744 2237">
    <p class='ocr_par' dir='ltr' id='par_1_20' title="bbox 158 2165 1744 2237">
     <span class='ocr_line' id='line_1_20' title="bbox 158 2165 1744 2237; baseline -0.003 -13"><span class='ocrx_word' id='word_1_167' title='bbox 158 2180 410 2233; x_wconf 85' lang='lat' dir='ltr'><strong>maneat,</strong></span> <span class='ocrx_word' id='word_1_168' title='bbox 441 2185 581 2237; x_wconf 66' lang='lat' dir='ltr'><strong>sarpe</strong></span> <span class='ocrx_word' id='word_1_169' title='bbox 610 2168 702 2221; x_wconf 90' lang='lat' dir='ltr'><strong>illo</strong></span> <span class='ocrx_word' id='word_1_170' title='bbox 733 2168 1089 2235; x_wconf 73' lang='lat' dir='ltr'><strong>inopportuno</strong></span> <span class='ocrx_word' id='word_1_171' title='bbox 1118 2177 1355 2232; x_wconf 86' lang='lat' dir='ltr'><strong>tempore</strong></span> <span class='ocrx_word' id='word_1_172' title='bbox 1399 2172 1629 2228; x_wconf 84' lang='lat' dir='ltr'><strong>utemur,</strong></span> <span class='ocrx_word' id='word_1_173' title='bbox 1677 2165 1744 2219; x_wconf 76' lang='lat' dir='ltr'><strong>ab</strong></span> 
     </span>
    </p>
   </div>
   <div class='ocr_carea' id='block_1_21' title="bbox 157 2257 1743 2325">
    <p class='ocr_par' dir='ltr' id='par_1_21' title="bbox 157 2257 1743 2325">
     <span class='ocr_line' id='line_1_21' title="bbox 157 2257 1743 2325; baseline -0.005 -7"><span class='ocrx_word' id='word_1_174' title='bbox 157 2265 229 2318; x_wconf 83' lang='lat' dir='ltr'><strong>ira</strong></span> <span class='ocrx_word' id='word_1_175' title='bbox 260 2263 519 2316; x_wconf 85' lang='lat' dir='ltr'><strong>concitati</strong></span> <span class='ocrx_word' id='word_1_176' title='bbox 548 2278 562 2325; x_wconf 89' lang='lat'><strong>;</strong></span> <span class='ocrx_word' id='word_1_177' title='bbox 594 2261 639 2313; x_wconf 87' lang='lat' dir='ltr'><strong>si</strong></span> <span class='ocrx_word' id='word_1_178' title='bbox 671 2275 797 2312; x_wconf 90' lang='lat' dir='ltr'><strong>vero</strong></span> <span class='ocrx_word' id='word_1_179' title='bbox 824 2258 1067 2311; x_wconf 88' lang='lat' dir='ltr'><strong>conditus</strong></span> <span class='ocrx_word' id='word_1_180' title='bbox 1094 2265 1342 2320; x_wconf 89' lang='lat' dir='ltr'><strong>maneat,</strong></span> <span class='ocrx_word' id='word_1_181' title='bbox 1372 2257 1576 2311; x_wconf 90' lang='lat' dir='ltr'><strong>etiamsi</strong></span> <span class='ocrx_word' id='word_1_182' title='bbox 1606 2271 1743 2324; x_wconf 89' lang='lat' dir='ltr'><strong>opus</strong></span> 
     </span>
    </p>
   </div>
   <div class='ocr_carea' id='block_1_22' title="bbox 156 2346 1743 2419">
    <p class='ocr_par' dir='ltr' id='par_1_22' title="bbox 156 2346 1743 2419">
     <span class='ocr_line' id='line_1_22' title="bbox 156 2346 1743 2419; baseline -0.004 -14"><span class='ocrx_word' id='word_1_183' title='bbox 156 2355 338 2411; x_wconf 85' lang='lat' dir='ltr'><strong>fuerit,</strong></span> <span class='ocrx_word' id='word_1_184' title='bbox 370 2353 739 2419; x_wconf 78' lang='lat' dir='ltr'><strong>exstinguetur</strong></span> <span class='ocrx_word' id='word_1_185' title='bbox 764 2349 859 2402; x_wconf 86' lang='lat' dir='ltr'><strong>ira.</strong></span> <span class='ocrx_word' id='word_1_186' title='bbox 889 2349 1001 2403; x_wconf 90' lang='lat' dir='ltr'><strong>Non</strong></span> <span class='ocrx_word' id='word_1_187' title='bbox 1024 2348 1130 2401; x_wconf 90' lang='lat' dir='ltr'><strong>vnlt</strong></span> <span class='ocrx_word' id='word_1_188' title='bbox 1156 2346 1401 2401; x_wconf 82' lang='lat' dir='ltr'><strong>Christus</strong></span> <span class='ocrx_word' id='word_1_189' title='bbox 1429 2357 1483 2399; x_wconf 93' lang='lat' dir='ltr'><strong>ut</strong></span> <span class='ocrx_word' id='word_1_190' title='bbox 1506 2364 1600 2414; x_wconf 88' lang='lat' dir='ltr'><strong>pro</strong></span> <span class='ocrx_word' id='word_1_191' title='bbox 1628 2347 1743 2415; x_wconf 88' lang='lat' dir='ltr'><strong>ipso</strong></span> 
     </span>
    </p>
   </div>
   <div class='ocr_carea' id='block_1_23' title="bbox 157 2437 1742 2509">
    <p class='ocr_par' dir='ltr' id='par_1_23' title="bbox 157 2437 1742 2509">
     <span class='ocr_line' id='line_1_23' title="bbox 157 2437 1742 2509; baseline -0.006 -10"><span class='ocrx_word' id='word_1_192' title='bbox 157 2448 491 2499; x_wconf 71' lang='lat' dir='ltr'><strong>irascamur:</strong></span> <span class='ocrx_word' id='word_1_193' title='bbox 515 2443 637 2497; x_wconf 87' lang='lat' dir='ltr'><strong>audi</strong></span> <span class='ocrx_word' id='word_1_194' title='bbox 666 2442 806 2496; x_wconf 92' lang='lat' dir='ltr'><strong>enim</strong></span> <span class='ocrx_word' id='word_1_195' title='bbox 846 2440 968 2509; x_wconf 90' lang='lat' dir='ltr'><strong>quid</strong></span> <span class='ocrx_word' id='word_1_196' title='bbox 1002 2441 1156 2494; x_wconf 81' lang='lat' dir='ltr'><strong>Petro</strong></span> <span class='ocrx_word' id='word_1_197' title='bbox 1177 2440 1317 2492; x_wconf 86' lang='lat' dir='ltr'><strong>dicat</strong></span> <span class='ocrx_word' id='word_1_198' title='bbox 1342 2456 1352 2490; x_wconf 89' lang='lat'><strong>:</strong></span> <span class='ocrx_word' id='word_1_199' title='bbox 1376 2437 1615 2493; x_wconf 78' lang='lat' dir='ltr'><strong>Converte</strong></span> <span class='ocrx_word' id='word_1_200' title='bbox 1632 2440 1742 2507; x_wconf 78' lang='lat' dir='ltr'><strong>gla-</strong></span> 
     </span>
    </p>
   </div>
   <div class='ocr_carea' id='block_1_24' title="bbox 157 2531 1742 2604">
    <p class='ocr_par' dir='ltr' id='par_1_24' title="bbox 157 2531 1742 2604">
     <span class='ocr_line' id='line_1_24' title="bbox 157 2531 1742 2604; baseline -0.004 -15"><span class='ocrx_word' id='word_1_201' title='bbox 157 2538 293 2590; x_wconf 77' lang='lat' dir='ltr'><strong>tiittm</strong></span> <span class='ocrx_word' id='word_1_202' title='bbox 336 2547 481 2587; x_wconf 83' lang='lat' dir='ltr'><strong>tuum</strong></span> <span class='ocrx_word' id='word_1_203' title='bbox 525 2537 577 2588; x_wconf 83' lang='lat' dir='ltr'><strong>in</strong></span> <span class='ocrx_word' id='word_1_204' title='bbox 618 2536 853 2604; x_wconf 77' lang='lat' dir='ltr'><strong>vaginam</strong></span> <span class='ocrx_word' id='word_1_205' title='bbox 890 2531 1119 2601; x_wconf 77' lang='lat' dir='ltr'><strong>(Matth.</strong></span> <span class='ocrx_word' id='word_1_206' title='bbox 1164 2531 1254 2584; x_wconf 62' lang='grc' dir='ltr'><strong>(ἑνὶ.</strong></span> <span class='ocrx_word' id='word_1_207' title='bbox 1284 2531 1429 2600; x_wconf 74' lang='grc'><strong>52).</strong></span> <span class='ocrx_word' id='word_1_208' title='bbox 1482 2542 1532 2585; x_wconf 87' lang='lat' dir='ltr'><strong>ct</strong></span> <span class='ocrx_word' id='word_1_209' title='bbox 1567 2543 1618 2584; x_wconf 84' lang='grc' dir='ltr'><strong>ιιι</strong></span> <span class='ocrx_word' id='word_1_210' title='bbox 1648 2548 1742 2599; x_wconf 90' lang='lat' dir='ltr'><strong>pro</strong></span> 
     </span>
    </p>
   </div>
   <div class='ocr_carea' id='block_1_25' title="bbox 158 2623 1732 2693">
    <p class='ocr_par' dir='ltr' id='par_1_25' title="bbox 158 2623 1732 2693">
     <span class='ocr_line' id='line_1_25' title="bbox 158 2623 1732 2693; baseline -0.005 -10"><span class='ocrx_word' id='word_1_211' title='bbox 158 2630 261 2683; x_wconf 89' lang='lat' dir='ltr'><strong>lilio</strong></span> <span class='ocrx_word' id='word_1_212' title='bbox 304 2627 601 2682; x_wconf 79' lang='lat' dir='ltr'><strong>irasceris?</strong></span> <span class='ocrx_word' id='word_1_213' title='bbox 649 2627 788 2680; x_wconf 82' lang='lat' dir='ltr'><strong>Doce</strong></span> <span class='ocrx_word' id='word_1_214' title='bbox 819 2625 983 2678; x_wconf 84' lang='lat' dir='ltr'><strong>filium</strong></span> <span class='ocrx_word' id='word_1_215' title='bbox 1013 2623 1418 2693; x_wconf 90' lang='lat' dir='ltr'><strong>philosophari;</strong></span> <span class='ocrx_word' id='word_1_216' title='bbox 1466 2637 1621 2675; x_wconf 84' lang='lat' dir='ltr'><strong>narra</strong></span> <span class='ocrx_word' id='word_1_217' title='bbox 1659 2623 1732 2675; x_wconf 90' lang='lat' dir='ltr'><strong>illi</strong></span> 
     </span>
    </p>
   </div>
   <div class='ocr_carea' id='block_1_26' title="bbox 160 2712 1741 2787">
    <p class='ocr_par' dir='ltr' id='par_1_26' title="bbox 160 2712 1741 2787">
     <span class='ocr_line' id='line_1_26' title="bbox 160 2712 1741 2787; baseline -0.006 -13"><span class='ocrx_word' id='word_1_218' title='bbox 160 2721 439 2787; x_wconf 81' lang='lat' dir='ltr'><strong>passiones</strong></span> <span class='ocrx_word' id='word_1_219' title='bbox 470 2717 711 2782; x_wconf 87' lang='lat' dir='ltr'><strong>Domini;</strong></span> <span class='ocrx_word' id='word_1_220' title='bbox 744 2716 949 2770; x_wconf 87' lang='lat' dir='ltr'><strong>imitare</strong></span> <span class='ocrx_word' id='word_1_221' title='bbox 981 2715 1287 2784; x_wconf 86' lang='lat' dir='ltr'><strong>magistrum</strong></span> <span class='ocrx_word' id='word_1_222' title='bbox 1317 2724 1484 2765; x_wconf 89' lang='lat' dir='ltr'><strong>tuum.</strong></span> <span class='ocrx_word' id='word_1_223' title='bbox 1518 2712 1741 2779; x_wconf 81' lang='lat' dir='ltr'><strong>Quando</strong></span> 
     </span>
    </p>
   </div>
   <div class='ocr_carea' id='block_1_27' title="bbox 161 2801 1741 2869">
    <p class='ocr_par' dir='ltr' id='par_1_27' title="bbox 161 2801 1741 2869">
     <span class='ocr_line' id='line_1_27' title="bbox 161 2801 1741 2869; baseline -0.005 -6"><span class='ocrx_word' id='word_1_224' title='bbox 161 2812 227 2863; x_wconf 85' lang='lat' dir='ltr'><strong>illi</strong></span> <span class='ocrx_word' id='word_1_225' title='bbox 286 2807 648 2862; x_wconf 86' lang='lat' dir='ltr'><strong>inbonorandi</strong></span> <span class='ocrx_word' id='word_1_226' title='bbox 704 2815 892 2869; x_wconf 88' lang='lat' dir='ltr'><strong>erant,</strong></span> <span class='ocrx_word' id='word_1_227' title='bbox 945 2820 1047 2858; x_wconf 90' lang='lat' dir='ltr'><strong>non</strong></span> <span class='ocrx_word' id='word_1_228' title='bbox 1099 2804 1253 2867; x_wconf 66' lang='lat' dir='ltr'><strong>dixit,</strong></span> <span class='ocrx_word' id='word_1_229' title='bbox 1308 2803 1594 2863; x_wconf 87' lang='lat' dir='ltr'><strong>Ulciscar;</strong></span> <span class='ocrx_word' id='word_1_230' title='bbox 1646 2801 1741 2857; x_wconf 89' lang='lat' dir='ltr'><strong>sed</strong></span> 
     </span>
    </p>
   </div>
   <div class='ocr_carea' id='block_1_28' title="bbox 160 2893 1735 2969">
    <p class='ocr_par' dir='ltr' id='par_1_28' title="bbox 160 2893 1735 2969">
     <span class='ocr_line' id='line_1_28' title="bbox 160 2893 1735 2969; baseline -0.005 -16"><span class='ocrx_word' id='word_1_231' title='bbox 160 2900 279 2969; x_wconf 86' lang='lat' dir='ltr'><strong>quid</strong></span> <span class='ocrx_word' id='word_1_232' title='bbox 299 2902 324 2953; x_wconf 82' lang='lat'><strong>?</strong></span> <span class='ocrx_word' id='word_1_233' title='bbox 366 2899 456 2952; x_wconf 73' lang='lat' dir='ltr'><strong>ille</strong></span> <span class='ocrx_word' id='word_1_234' title='bbox 476 2898 760 2967; x_wconf 75' lang='lat' dir='ltr'><strong>persequuti</strong></span> <span class='ocrx_word' id='word_1_235' title='bbox 798 2905 935 2958; x_wconf 77' lang='lat' dir='ltr'><strong>sunt,</strong></span> <span class='ocrx_word' id='word_1_236' title='bbox 980 2906 1024 2948; x_wconf 91' lang='lat' dir='ltr'><strong>et</strong></span> <span class='ocrx_word' id='word_1_237' title='bbox 1051 2910 1136 2948; x_wconf 82' lang='lat' dir='ltr'><strong>vos</strong></span> <span class='ocrx_word' id='word_1_238' title='bbox 1166 2904 1523 2965; x_wconf 79' lang='lat' dir='ltr'><strong>persequentur</strong></span> <span class='ocrx_word' id='word_1_239' title='bbox 1556 2893 1735 2962; x_wconf 85' lang='lat' dir='ltr'><strong>(Joan.</strong></span> 
     </span>
    </p>
   </div>
   <div class='ocr_carea' id='block_1_29' title="bbox 168 2985 1739 3059">
    <p class='ocr_par' dir='ltr' id='par_1_29' title="bbox 168 2985 1739 3059">
     <span class='ocr_line' id='line_1_29' title="bbox 168 2985 1739 3059; baseline -0.005 -14"><span class='ocrx_word' id='word_1_240' title='bbox 168 2989 405 3059; x_wconf 66' lang='lat'><strong>13.20).</strong></span> <span class='ocrx_word' id='word_1_241' title='bbox 467 2988 626 3043; x_wconf 84' lang='lat' dir='ltr'><strong>Ferte</strong></span> <span class='ocrx_word' id='word_1_242' title='bbox 684 2989 860 3057; x_wconf 79' lang='lat' dir='ltr'><strong>itaque</strong></span> <span class='ocrx_word' id='word_1_243' title='bbox 916 2986 1155 3049; x_wconf 79' lang='lat' dir='ltr'><strong>fortiter;</strong></span> <span class='ocrx_word' id='word_1_244' title='bbox 1201 3002 1305 3039; x_wconf 89' lang='lat' dir='ltr'><strong>non</strong></span> <span class='ocrx_word' id='word_1_245' title='bbox 1363 2987 1502 3038; x_wconf 83' lang='lat' dir='ltr'><strong>enim</strong></span> <span class='ocrx_word' id='word_1_246' title='bbox 1555 2985 1739 3038; x_wconf 90' lang='lat' dir='ltr'><strong>melio-</strong></span> 
     </span>
    </p>
   </div>
   <div class='ocr_carea' id='block_1_30' title="bbox 172 3074 1739 3134">
    <p class='ocr_par' dir='ltr' id='par_1_30' title="bbox 172 3074 1739 3134">
     <span class='ocr_line' id='line_1_30' title="bbox 172 3074 1739 3134; baseline -0.003 0"><span class='ocrx_word' id='word_1_247' title='bbox 172 3096 252 3134; x_wconf 79' lang='lat' dir='ltr'><strong>res</strong></span> <span class='ocrx_word' id='word_1_248' title='bbox 273 3097 352 3134; x_wconf 87' lang='lat' dir='ltr'><strong>me</strong></span> <span class='ocrx_word' id='word_1_249' title='bbox 376 3079 531 3134; x_wconf 87' lang='lat' dir='ltr'><strong>estis.</strong></span> <span class='ocrx_word' id='word_1_250' title='bbox 586 3078 709 3133; x_wconf 71' lang='lat' dir='ltr'><strong>llaec</strong></span> <span class='ocrx_word' id='word_1_251' title='bbox 734 3088 786 3132; x_wconf 90' lang='lat' dir='ltr'><strong>et</strong></span> <span class='ocrx_word' id='word_1_252' title='bbox 813 3087 867 3130; x_wconf 93' lang='lat' dir='ltr'><strong>tu</strong></span> <span class='ocrx_word' id='word_1_253' title='bbox 891 3077 998 3131; x_wconf 84' lang='lat' dir='ltr'><strong>lilio</strong></span> <span class='ocrx_word' id='word_1_254' title='bbox 1019 3086 1073 3130; x_wconf 89' lang='lat' dir='ltr'><strong>et</strong></span> <span class='ocrx_word' id='word_1_255' title='bbox 1098 3092 1252 3130; x_wconf 86' lang='lat' dir='ltr'><strong>servo</strong></span> <span class='ocrx_word' id='word_1_256' title='bbox 1298 3075 1461 3131; x_wconf 88' lang='lat' dir='ltr'><strong>dicito</strong></span> <span class='ocrx_word' id='word_1_257' title='bbox 1484 3094 1496 3129; x_wconf 91' lang='lat'><strong>:</strong></span> <span class='ocrx_word' id='word_1_258' title='bbox 1522 3074 1635 3129; x_wconf 90' lang='lat' dir='ltr'><strong>Non</strong></span> <span class='ocrx_word' id='word_1_259' title='bbox 1679 3090 1739 3130; x_wconf 88' lang='lat' dir='ltr'><strong>es</strong></span> 
     </span>
    </p>
   </div>
   <div class='ocr_carea' id='block_1_31' title="bbox 178 3167 1739 3239">
    <p class='ocr_par' dir='ltr' id='par_1_31' title="bbox 178 3167 1739 3239">
     <span class='ocr_line' id='line_1_31' title="bbox 178 3167 1739 3239; baseline -0.005 -12"><span class='ocrx_word' id='word_1_260' title='bbox 178 3173 382 3227; x_wconf 82' lang='lat' dir='ltr'><strong>Domino</strong></span> <span class='ocrx_word' id='word_1_261' title='bbox 410 3182 505 3226; x_wconf 86' lang='lat' dir='ltr'><strong>tuo</strong></span> <span class='ocrx_word' id='word_1_262' title='bbox 545 3171 753 3225; x_wconf 77' lang='lat' dir='ltr'><strong>melior.</strong></span> <span class='ocrx_word' id='word_1_263' title='bbox 804 3169 910 3224; x_wconf 86' lang='lat' dir='ltr'><strong>Sed</strong></span> <span class='ocrx_word' id='word_1_264' title='bbox 942 3169 1057 3223; x_wconf 77' lang='lat' dir='ltr'><strong>hzec</strong></span> <span class='ocrx_word' id='word_1_265' title='bbox 1095 3169 1444 3239; x_wconf 65' lang='lat' dir='ltr'><strong>philosophiae</strong></span> <span class='ocrx_word' id='word_1_266' title='bbox 1470 3167 1629 3221; x_wconf 81' lang='lat' dir='ltr'><strong>verba</strong></span> <span class='ocrx_word' id='word_1_267' title='bbox 1662 3168 1739 3220; x_wconf 84' lang='lat' dir='ltr'><strong>vi-</strong></span> 
     </span>
    </p>
   </div>
   <div class='ocr_carea' id='block_1_32' title="bbox 175 3258 1739 3331">
    <p class='ocr_par' dir='ltr' id='par_1_32' title="bbox 175 3258 1739 3331">
     <span class='ocr_line' id='line_1_32' title="bbox 175 3258 1739 3331; baseline -0.004 -14"><span class='ocrx_word' id='word_1_268' title='bbox 175 3264 348 3318; x_wconf 88' lang='lat' dir='ltr'><strong>dentur</strong></span> <span class='ocrx_word' id='word_1_269' title='bbox 369 3279 396 3317; x_wconf 84' lang='lat' dir='ltr'><strong>a</strong></span> <span class='ocrx_word' id='word_1_270' title='bbox 427 3264 587 3317; x_wconf 76' lang='lat' dir='ltr'><strong>vidua</strong></span> <span class='ocrx_word' id='word_1_271' title='bbox 619 3262 900 3331; x_wconf 80' lang='lat' dir='ltr'><strong>proﬁcisci.</strong></span> <span class='ocrx_word' id='word_1_272' title='bbox 934 3262 1026 3315; x_wconf 82' lang='lat' dir='ltr'><strong>llei</strong></span> <span class='ocrx_word' id='word_1_273' title='bbox 1061 3261 1187 3315; x_wconf 91' lang='lat' dir='ltr'><strong>inihi</strong></span> <span class='ocrx_word' id='word_1_274' title='bbox 1216 3300 1232 3325; x_wconf 94' lang='lat'><strong>,</strong></span> <span class='ocrx_word' id='word_1_275' title='bbox 1263 3260 1403 3330; x_wconf 88' lang='lat' dir='ltr'><strong>quod</strong></span> <span class='ocrx_word' id='word_1_276' title='bbox 1438 3275 1526 3314; x_wconf 90' lang='lat' dir='ltr'><strong>res</strong></span> <span class='ocrx_word' id='word_1_277' title='bbox 1558 3258 1739 3313; x_wconf 84' lang='lat' dir='ltr'><strong>verbis</strong></span> 
     </span>
    </p>
   </div>
   <div class='ocr_carea' id='block_1_33' title="bbox 169 3352 1738 3424">
    <p class='ocr_par' dir='ltr' id='par_1_33' title="bbox 169 3352 1738 3424">
     <span class='ocr_line' id='line_1_33' title="bbox 169 3352 1738 3424; baseline -0.003 -13"><span class='ocrx_word' id='word_1_278' title='bbox 169 3358 414 3412; x_wconf 82' lang='lat' dir='ltr'><strong>declarari</strong></span> <span class='ocrx_word' id='word_1_279' title='bbox 447 3367 701 3423; x_wconf 84' lang='lat' dir='ltr'><strong>nequeat,</strong></span> <span class='ocrx_word' id='word_1_280' title='bbox 732 3364 789 3423; x_wconf 86' lang='lat' dir='ltr'><strong>ut</strong></span> <span class='ocrx_word' id='word_1_281' title='bbox 814 3364 988 3424; x_wconf 84' lang='lat' dir='ltr'><strong>potest</strong></span> <span class='ocrx_word' id='word_1_282' title='bbox 1012 3356 1338 3424; x_wconf 80' lang='lat' dir='ltr'><strong>experientia</strong></span> <span class='ocrx_word' id='word_1_283' title='bbox 1368 3352 1556 3407; x_wconf 88' lang='lat' dir='ltr'><strong>cdisci.</strong></span> <span class='ocrx_word' id='word_1_284' title='bbox 1589 3352 1655 3406; x_wconf 80' lang='lat' dir='ltr'><strong>Et</strong></span> <span class='ocrx_word' id='word_1_285' title='bbox 1682 3365 1738 3407; x_wconf 94' lang='lat' dir='ltr'><strong>nt</strong></span> 
     </span>
    </p>
   </div>
   <div class='ocr_carea' id='block_1_34' title="bbox 159 3446 1734 3513">
    <p class='ocr_par' dir='ltr' id='par_1_34' title="bbox 159 3446 1734 3513">
     <span class='ocr_line' id='line_1_34' title="bbox 159 3446 1734 3513; baseline -0.004 -9"><span class='ocrx_word' id='word_1_286' title='bbox 159 3452 346 3513; x_wconf 63' lang='lat' dir='ltr'><strong>discis,</strong></span> <span class='ocrx_word' id='word_1_287' title='bbox 379 3452 435 3504; x_wconf 74' lang='grc' dir='ltr'><strong>ιιι</strong></span> <span class='ocrx_word' id='word_1_288' title='bbox 468 3449 646 3503; x_wconf 89' lang='lat' dir='ltr'><strong>medio</strong></span> <span class='ocrx_word' id='word_1_289' title='bbox 673 3448 899 3503; x_wconf 88' lang='lat' dir='ltr'><strong>duorum</strong></span> <span class='ocrx_word' id='word_1_290' title='bbox 925 3446 1346 3501; x_wconf 87' lang='lat' dir='ltr'><strong>concertantium</strong></span> <span class='ocrx_word' id='word_1_291' title='bbox 1375 3454 1541 3508; x_wconf 88' lang='lat' dir='ltr'><strong>stans,</strong></span> <span class='ocrx_word' id='word_1_292' title='bbox 1571 3446 1644 3497; x_wconf 87' lang='lat' dir='ltr'><strong>sis</strong></span> <span class='ocrx_word' id='word_1_293' title='bbox 1672 3463 1734 3499; x_wconf 76' lang='lat' dir='ltr'><strong>cx</strong></span> 
     </span>
    </p>
   </div>
   <div class='ocr_carea' id='block_1_35' title="bbox 156 3538 1739 3612">
    <p class='ocr_par' dir='ltr' id='par_1_35' title="bbox 156 3538 1739 3612">
     <span class='ocr_line' id='line_1_35' title="bbox 156 3538 1739 3612; baseline -0.005 -16"><span class='ocrx_word' id='word_1_294' title='bbox 156 3555 299 3612; x_wconf 81' lang='lat' dir='ltr'><strong>parte</strong></span> <span class='ocrx_word' id='word_1_295' title='bbox 318 3544 601 3607; x_wconf 82' lang='lat' dir='ltr'><strong>la-soruin,</strong></span> <span class='ocrx_word' id='word_1_296' title='bbox 630 3556 734 3594; x_wconf 92' lang='lat' dir='ltr'><strong>non</strong></span> <span class='ocrx_word' id='word_1_297' title='bbox 760 3540 1084 3604; x_wconf 77' lang='lat' dir='ltr'><strong>ltcdentiuin,</strong></span> <span class='ocrx_word' id='word_1_298' title='bbox 1114 3539 1158 3593; x_wconf 92' lang='lat' dir='ltr'><strong>si</strong></span> <span class='ocrx_word' id='word_1_299' title='bbox 1184 3553 1287 3592; x_wconf 90' lang='lat' dir='ltr'><strong>non</strong></span> <span class='ocrx_word' id='word_1_300' title='bbox 1313 3538 1450 3607; x_wconf 89' lang='lat' dir='ltr'><strong>apud</strong></span> <span class='ocrx_word' id='word_1_301' title='bbox 1479 3551 1529 3591; x_wconf 88' lang='lat' dir='ltr'><strong>te</strong></span> <span class='ocrx_word' id='word_1_302' title='bbox 1553 3540 1739 3591; x_wconf 88' lang='lat' dir='ltr'><strong>trium-</strong></span> 
     </span>
    </p>
   </div>
   <div class='ocr_carea' id='block_1_36' title="bbox 153 3630 1734 3702">
    <p class='ocr_par' dir='ltr' id='par_1_36' title="bbox 153 3630 1734 3702">
     <span class='ocr_line' id='line_1_36' title="bbox 153 3630 1734 3702; baseline 0.002 -19"><span class='ocrx_word' id='word_1_303' title='bbox 153 3636 284 3702; x_wconf 83' lang='lat' dir='ltr'><strong>phos</strong></span> <span class='ocrx_word' id='word_1_304' title='bbox 307 3633 541 3698; x_wconf 80' lang='lat' dir='ltr'><strong>videbis,</strong></span> <span class='ocrx_word' id='word_1_305' title='bbox 567 3633 610 3685; x_wconf 89' lang='lat' dir='ltr'><strong>si</strong></span> <span class='ocrx_word' id='word_1_306' title='bbox 634 3647 739 3685; x_wconf 87' lang='lat' dir='ltr'><strong>non</strong></span> <span class='ocrx_word' id='word_1_307' title='bbox 757 3630 1061 3701; x_wconf 83' lang='lat' dir='ltr'><strong>splendidas</strong></span> <span class='ocrx_word' id='word_1_308' title='bbox 1072 3630 1298 3699; x_wconf 86' lang='lat' dir='ltr'><strong>accipies</strong></span> <span class='ocrx_word' id='word_1_309' title='bbox 1319 3645 1562 3684; x_wconf 80' lang='lat' dir='ltr'><strong>comitas.</strong></span> <span class='ocrx_word' id='word_1_310' title='bbox 1585 3630 1734 3694; x_wconf 77' lang='lat' dir='ltr'><strong>Vide,</strong></span> 
     </span>
    </p>
   </div>
   <div class='ocr_carea' id='block_1_37' title="bbox 147 3724 1738 3797">
    <p class='ocr_par' dir='ltr' id='par_1_37' title="bbox 147 3724 1738 3797">
     <span class='ocr_line' id='line_1_37' title="bbox 147 3724 1738 3797; baseline -0.002 -17"><span class='ocrx_word' id='word_1_311' title='bbox 147 3729 424 3797; x_wconf 87' lang='lat' dir='ltr'><strong>quomodo</strong></span> <span class='ocrx_word' id='word_1_312' title='bbox 452 3726 775 3781; x_wconf 85' lang='lat' dir='ltr'><strong>contumelia</strong></span> <span class='ocrx_word' id='word_1_313' title='bbox 807 3724 1037 3777; x_wconf 88' lang='lat' dir='ltr'><strong>allicitur</strong></span> <span class='ocrx_word' id='word_1_314' title='bbox 1065 3727 1202 3778; x_wconf 82' lang='lat' dir='ltr'><strong>Deus</strong></span> <span class='ocrx_word' id='word_1_315' title='bbox 1227 3764 1241 3788; x_wconf 93' lang='lat'><strong>,</strong></span> <span class='ocrx_word' id='word_1_316' title='bbox 1274 3738 1432 3791; x_wconf 90' lang='lat' dir='ltr'><strong>quam</strong></span> <span class='ocrx_word' id='word_1_317' title='bbox 1464 3733 1738 3777; x_wconf 71' lang='lat' dir='ltr'><strong>inan~uctc</strong></span> 
     </span>
    </p>
   </div>
   <div class='ocr_carea' id='block_1_38' title="bbox 145 3814 1738 3886">
    <p class='ocr_par' dir='ltr' id='par_1_38' title="bbox 145 3814 1738 3886">
     <span class='ocr_line' id='line_1_38' title="bbox 145 3814 1738 3886; baseline -0.003 -12"><span class='ocrx_word' id='word_1_318' title='bbox 145 3833 200 3875; x_wconf 89' lang='lat' dir='ltr'><strong>et</strong></span> <span class='ocrx_word' id='word_1_319' title='bbox 232 3821 470 3886; x_wconf 79' lang='lat' dir='ltr'><strong>benigne</strong></span> <span class='ocrx_word' id='word_1_320' title='bbox 498 3816 820 3886; x_wconf 85' lang='lat' dir='ltr'><strong>respondeat</strong></span> <span class='ocrx_word' id='word_1_321' title='bbox 852 3834 863 3868; x_wconf 89' lang='lat'><strong>:</strong></span> <span class='ocrx_word' id='word_1_322' title='bbox 898 3814 995 3870; x_wconf 83' lang='lat' dir='ltr'><strong>Ubi</strong></span> <span class='ocrx_word' id='word_1_323' title='bbox 1022 3824 1133 3879; x_wconf 78' lang='lat' dir='ltr'><strong>est,</strong></span> <span class='ocrx_word' id='word_1_324' title='bbox 1170 3815 1372 3884; x_wconf 82' lang='lat' dir='ltr'><strong>inquit,</strong></span> <span class='ocrx_word' id='word_1_325' title='bbox 1416 3814 1539 3868; x_wconf 82' lang='lat' dir='ltr'><strong>Abel</strong></span> <span class='ocrx_word' id='word_1_326' title='bbox 1581 3820 1738 3885; x_wconf 77' lang='lat' dir='ltr'><strong>frater</strong></span> 
     </span>
    </p>
   </div>
   <div class='ocr_carea' id='block_1_39' title="bbox 144 3903 1740 3977">
    <p class='ocr_par' dir='ltr' id='par_1_39' title="bbox 144 3903 1740 3977">
     <span class='ocr_line' id='line_1_39' title="bbox 144 3903 1740 3977; baseline -0.002 -15"><span class='ocrx_word' id='word_1_327' title='bbox 144 3921 261 3962; x_wconf 78' lang='lat' dir='ltr'><strong>tuas</strong></span> <span class='ocrx_word' id='word_1_328' title='bbox 291 3910 456 3977; x_wconf 76' lang='lat' dir='ltr'><strong>(Gen.</strong></span> <span class='ocrx_word' id='word_1_329' title='bbox 487 3909 541 3963; x_wconf 77' lang='grc'><strong>4.</strong></span> <span class='ocrx_word' id='word_1_330' title='bbox 569 3905 877 3975; x_wconf 82' lang='lat' dir='ltr'><strong>9)?thuid</strong></span> <span class='ocrx_word' id='word_1_331' title='bbox 905 3906 1037 3961; x_wconf 85' lang='lat' dir='ltr'><strong>ille?</strong></span> <span class='ocrx_word' id='word_1_332' title='bbox 1082 3903 1344 3975; x_wconf 82' lang='lat' dir='ltr'><strong>Numquid</strong></span> <span class='ocrx_word' id='word_1_333' title='bbox 1370 3917 1534 3958; x_wconf 71' lang='lat' dir='ltr'><strong>custos</strong></span> <span class='ocrx_word' id='word_1_334' title='bbox 1564 3906 1740 3973; x_wconf 78' lang='lat' dir='ltr'><strong>fratris</strong></span> 
     </span>
    </p>
   </div>
   <div class='ocr_carea' id='block_1_40' title="bbox 143 3995 1739 4070">
    <p class='ocr_par' dir='ltr' id='par_1_40' title="bbox 143 3995 1739 4070">
     <span class='ocr_line' id='line_1_40' title="bbox 143 3995 1739 4070; baseline -0.003 -17"><span class='ocrx_word' id='word_1_335' title='bbox 143 4004 239 4055; x_wconf 79' lang='lat' dir='ltr'><strong>mei</strong></span> <span class='ocrx_word' id='word_1_336' title='bbox 259 4018 379 4055; x_wconf 75' lang='lat' dir='ltr'><strong>sum</strong></span> <span class='ocrx_word' id='word_1_337' title='bbox 396 4016 493 4070; x_wconf 79' lang='lat' dir='ltr'><strong>ego</strong></span> <span class='ocrx_word' id='word_1_338' title='bbox 510 4000 535 4052; x_wconf 70' lang='grc' dir='ltr'><strong><em>Ρ</em></strong></span> <span class='ocrx_word' id='word_1_339' title='bbox 563 3998 695 4066; x_wconf 89' lang='lat' dir='ltr'><strong>Quid</strong></span> <span class='ocrx_word' id='word_1_340' title='bbox 715 3997 816 4051; x_wconf 89' lang='lat' dir='ltr'><strong>huc</strong></span> <span class='ocrx_word' id='word_1_341' title='bbox 843 3996 1201 4067; x_wconf 77' lang='lat' dir='ltr'><strong>arrogantius?</strong></span> <span class='ocrx_word' id='word_1_342' title='bbox 1225 3995 1323 4050; x_wconf 88' lang='lat' dir='ltr'><strong>hoc</strong></span> <span class='ocrx_word' id='word_1_343' title='bbox 1347 4007 1490 4050; x_wconf 86' lang='lat' dir='ltr'><strong>certe</strong></span> <span class='ocrx_word' id='word_1_344' title='bbox 1512 3997 1591 4051; x_wconf 83' lang='lat' dir='ltr'><strong>vel</strong></span> <span class='ocrx_word' id='word_1_345' title='bbox 1616 4012 1645 4050; x_wconf 94' lang='lat' dir='ltr'><strong>a</strong></span> <span class='ocrx_word' id='word_1_346' title='bbox 1679 3998 1739 4049; x_wconf 79' lang='lat' dir='ltr'><strong>ll-</strong></span> 
     </span>
    </p>
   </div>
   <div class='ocr_carea' id='block_1_41' title="bbox 138 4089 1740 4162">
    <p class='ocr_par' dir='ltr' id='par_1_41' title="bbox 138 4089 1740 4162">
     <span class='ocr_line' id='line_1_41' title="bbox 138 4089 1740 4162; baseline -0.001 -17"><span class='ocrx_word' id='word_1_347' title='bbox 138 4093 211 4147; x_wconf 87' lang='lat' dir='ltr'><strong>lio</strong></span> <span class='ocrx_word' id='word_1_348' title='bbox 232 4095 607 4162; x_wconf 86' lang='lat' dir='ltr'><strong>quislibenter</strong></span> <span class='ocrx_word' id='word_1_349' title='bbox 626 4090 959 4144; x_wconf 87' lang='lat' dir='ltr'><strong>audivisset?</strong></span> <span class='ocrx_word' id='word_1_350' title='bbox 981 4106 1100 4143; x_wconf 89' lang='lat' dir='ltr'><strong>nam</strong></span> <span class='ocrx_word' id='word_1_351' title='bbox 1126 4091 1169 4144; x_wconf 91' lang='lat' dir='ltr'><strong>si</strong></span> <span class='ocrx_word' id='word_1_352' title='bbox 1188 4104 1217 4142; x_wconf 92' lang='lat' dir='ltr'><strong>a</strong></span> <span class='ocrx_word' id='word_1_353' title='bbox 1233 4089 1601 4152; x_wconf 87' lang='lat' dir='ltr'><strong>fratre,nonne</strong></span> <span class='ocrx_word' id='word_1_354' title='bbox 1622 4092 1740 4160; x_wconf 88' lang='lat' dir='ltr'><strong>quis</strong></span> 
     </span>
    </p>
   </div>
   <div class='ocr_carea' id='block_1_42' title="bbox 134 4179 1738 4253">
    <p class='ocr_par' dir='ltr' id='par_1_42' title="bbox 134 4179 1738 4253">
     <span class='ocr_line' id='line_1_42' title="bbox 134 4179 1738 4253; baseline -0.002 -15"><span class='ocrx_word' id='word_1_355' title='bbox 134 4186 361 4239; x_wconf 77' lang='lat' dir='ltr'><strong>duxerit</strong></span> <span class='ocrx_word' id='word_1_356' title='bbox 398 4200 525 4237; x_wconf 78' lang='lat' dir='ltr'><strong>esse</strong></span> <span class='ocrx_word' id='word_1_357' title='bbox 551 4181 935 4253; x_wconf 80' lang='lat' dir='ltr'><strong>ignominiam?</strong></span> <span class='ocrx_word' id='word_1_358' title='bbox 960 4182 1030 4235; x_wconf 87' lang='lat' dir='ltr'><strong>At</strong></span> <span class='ocrx_word' id='word_1_359' title='bbox 1051 4181 1190 4235; x_wconf 91' lang='lat' dir='ltr'><strong>Deus</strong></span> <span class='ocrx_word' id='word_1_360' title='bbox 1235 4179 1429 4235; x_wconf 86' lang='lat' dir='ltr'><strong>iterum</strong></span> <span class='ocrx_word' id='word_1_361' title='bbox 1462 4195 1738 4235; x_wconf 85' lang='lat' dir='ltr'><strong>mansuete</strong></span> 
     </span>
    </p>
   </div>
   <div class='ocr_carea' id='block_1_43' title="bbox 137 4271 1739 4345">
    <p class='ocr_par' dir='ltr' id='par_1_43' title="bbox 137 4271 1739 4345">
     <span class='ocr_line' id='line_1_43' title="bbox 137 4271 1739 4345; baseline -0.004 -16"><span class='ocrx_word' id='word_1_362' title='bbox 137 4276 482 4345; x_wconf 77' lang='lat' dir='ltr'><strong>respondet:</strong></span> <span class='ocrx_word' id='word_1_363' title='bbox 512 4273 622 4327; x_wconf 79' lang='lat' dir='ltr'><strong>Vua:</strong></span> <span class='ocrx_word' id='word_1_364' title='bbox 640 4273 918 4343; x_wconf 74' lang='lat' dir='ltr'><strong>sanguinis,</strong></span> <span class='ocrx_word' id='word_1_365' title='bbox 942 4272 1132 4340; x_wconf 90' lang='lat' dir='ltr'><strong>inquit,</strong></span> <span class='ocrx_word' id='word_1_366' title='bbox 1152 4271 1326 4340; x_wconf 72' lang='lat' dir='ltr'><strong>fratris</strong></span> <span class='ocrx_word' id='word_1_367' title='bbox 1361 4271 1432 4323; x_wconf 88' lang='lat' dir='ltr'><strong>tui</strong></span> <span class='ocrx_word' id='word_1_368' title='bbox 1464 4271 1647 4323; x_wconf 80' lang='lat' dir='ltr'><strong>clamat</strong></span> <span class='ocrx_word' id='word_1_369' title='bbox 1672 4272 1739 4323; x_wconf 86' lang='lat' dir='ltr'><strong>ad</strong></span> 
     </span>
    </p>
   </div>
   <div class='ocr_carea' id='block_1_44' title="bbox 134 4361 1738 4433">
    <p class='ocr_par' dir='ltr' id='par_1_44' title="bbox 134 4361 1738 4433">
     <span class='ocr_line' id='line_1_44' title="bbox 134 4361 1738 4433; baseline -0.001 -15"><span class='ocrx_word' id='word_1_370' title='bbox 134 4385 235 4421; x_wconf 77' lang='lat' dir='ltr'><strong>me.</strong></span> <span class='ocrx_word' id='word_1_371' title='bbox 248 4368 317 4420; x_wconf 73' lang='lat' dir='ltr'><strong>At</strong></span> <span class='ocrx_word' id='word_1_372' title='bbox 342 4366 510 4427; x_wconf 88' lang='lat' dir='ltr'><strong>Dens,</strong></span> <span class='ocrx_word' id='word_1_373' title='bbox 536 4363 766 4433; x_wconf 83' lang='lat' dir='ltr'><strong>inquies,</strong></span> <span class='ocrx_word' id='word_1_374' title='bbox 788 4364 859 4417; x_wconf 89' lang='lat' dir='ltr'><strong>ira</strong></span> <span class='ocrx_word' id='word_1_375' title='bbox 878 4361 1125 4432; x_wconf 89' lang='lat' dir='ltr'><strong>superior</strong></span> <span class='ocrx_word' id='word_1_376' title='bbox 1140 4371 1240 4416; x_wconf 91' lang='lat' dir='ltr'><strong>cst.</strong></span> <span class='ocrx_word' id='word_1_377' title='bbox 1259 4361 1362 4416; x_wconf 90' lang='lat' dir='ltr'><strong>Sed</strong></span> <span class='ocrx_word' id='word_1_378' title='bbox 1382 4361 1501 4415; x_wconf 88' lang='lat' dir='ltr'><strong>ideo</strong></span> <span class='ocrx_word' id='word_1_379' title='bbox 1519 4362 1738 4416; x_wconf 84' lang='lat' dir='ltr'><strong>descen-</strong></span> 
     </span>
    </p>
   </div>
   <div class='ocr_carea' id='block_1_45' title="bbox 133 4455 1738 4523">
    <p class='ocr_par' dir='ltr' id='par_1_45' title="bbox 133 4455 1738 4523">
     <span class='ocr_line' id='line_1_45' title="bbox 133 4455 1738 4523; baseline -0.001 -10"><span class='ocrx_word' id='word_1_380' title='bbox 133 4460 213 4513; x_wconf 89' lang='lat' dir='ltr'><strong>dit</strong></span> <span class='ocrx_word' id='word_1_381' title='bbox 242 4459 425 4514; x_wconf 76' lang='lat' dir='ltr'><strong>Filius</strong></span> <span class='ocrx_word' id='word_1_382' title='bbox 460 4458 553 4512; x_wconf 86' lang='lat' dir='ltr'><strong>Dei</strong></span> <span class='ocrx_word' id='word_1_383' title='bbox 581 4499 595 4523; x_wconf 93' lang='lat'><strong>,</strong></span> <span class='ocrx_word' id='word_1_384' title='bbox 629 4466 686 4510; x_wconf 90' lang='lat' dir='ltr'><strong>ut</strong></span> <span class='ocrx_word' id='word_1_385' title='bbox 712 4466 763 4510; x_wconf 90' lang='lat' dir='ltr'><strong>te</strong></span> <span class='ocrx_word' id='word_1_386' title='bbox 790 4456 945 4510; x_wconf 90' lang='lat' dir='ltr'><strong>deum</strong></span> <span class='ocrx_word' id='word_1_387' title='bbox 992 4455 1187 4509; x_wconf 87' lang='lat' dir='ltr'><strong>faceret</strong></span> <span class='ocrx_word' id='word_1_388' title='bbox 1219 4455 1508 4509; x_wconf 89' lang='lat' dir='ltr'><strong>secundum</strong></span> <span class='ocrx_word' id='word_1_389' title='bbox 1549 4456 1738 4512; x_wconf 79' lang='lat' dir='ltr'><strong>huma—</strong></span> 
     </span>
    </p>
   </div>
   <div class='ocr_carea' id='block_1_46' title="bbox 130 4548 1736 4617">
    <p class='ocr_par' dir='ltr' id='par_1_46' title="bbox 130 4548 1736 4617">
     <span class='ocr_line' id='line_1_46' title="bbox 130 4548 1736 4617; baseline -0.003 -10"><span class='ocrx_word' id='word_1_390' title='bbox 130 4568 231 4607; x_wconf 85' lang='lat' dir='ltr'><strong>nas</strong></span> <span class='ocrx_word' id='word_1_391' title='bbox 260 4554 442 4606; x_wconf 75' lang='lat' dir='ltr'><strong>vires.</strong></span> <span class='ocrx_word' id='word_1_392' title='bbox 489 4551 554 4603; x_wconf 80' lang='lat' dir='ltr'><strong>At</strong></span> <span class='ocrx_word' id='word_1_393' title='bbox 587 4566 690 4602; x_wconf 91' lang='lat' dir='ltr'><strong>non</strong></span> <span class='ocrx_word' id='word_1_394' title='bbox 722 4564 933 4616; x_wconf 75' lang='lat' dir='ltr'><strong>possunt</strong></span> <span class='ocrx_word' id='word_1_395' title='bbox 956 4590 970 4610; x_wconf 91' lang='lat'><strong>,</strong></span> <span class='ocrx_word' id='word_1_396' title='bbox 1005 4548 1211 4617; x_wconf 85' lang='lat' dir='ltr'><strong>inquies</strong></span> <span class='ocrx_word' id='word_1_397' title='bbox 1234 4590 1249 4612; x_wconf 91' lang='lat'><strong>,</strong></span> <span class='ocrx_word' id='word_1_398' title='bbox 1281 4550 1439 4601; x_wconf 89' lang='lat' dir='ltr'><strong>homo</strong></span> <span class='ocrx_word' id='word_1_399' title='bbox 1469 4565 1588 4602; x_wconf 91' lang='lat' dir='ltr'><strong>cum</strong></span> <span class='ocrx_word' id='word_1_400' title='bbox 1615 4551 1736 4603; x_wconf 89' lang='lat' dir='ltr'><strong>sim.</strong></span> 
     </span>
    </p>
   </div>
   <div class='ocr_carea' id='block_1_47' title="bbox 130 4640 1740 4713">
    <p class='ocr_par' dir='ltr' id='par_1_47' title="bbox 130 4640 1740 4713">
     <span class='ocr_line' id='line_1_47' title="bbox 130 4640 1740 4713; baseline -0.001 -16"><span class='ocrx_word' id='word_1_401' title='bbox 130 4644 280 4713; x_wconf 78' lang='lat' dir='ltr'><strong>Ergo</strong></span> <span class='ocrx_word' id='word_1_402' title='bbox 312 4656 512 4713; x_wconf 79' lang='lat' dir='ltr'><strong>patere</strong></span> <span class='ocrx_word' id='word_1_403' title='bbox 537 4653 595 4693; x_wconf 95' lang='grc' dir='ltr'><strong>ιιι</strong></span> <span class='ocrx_word' id='word_1_404' title='bbox 620 4644 861 4695; x_wconf 85' lang='lat' dir='ltr'><strong>homines</strong></span> <span class='ocrx_word' id='word_1_405' title='bbox 889 4641 978 4695; x_wconf 90' lang='lat' dir='ltr'><strong>tibi</strong></span> <span class='ocrx_word' id='word_1_406' title='bbox 1000 4640 1346 4693; x_wconf 83' lang='lat' dir='ltr'><strong>adducamus.</strong></span> <span class='ocrx_word' id='word_1_407' title='bbox 1377 4640 1451 4694; x_wconf 88' lang='lat' dir='ltr'><strong>Ne</strong></span> <span class='ocrx_word' id='word_1_408' title='bbox 1476 4651 1629 4710; x_wconf 84' lang='lat' dir='ltr'><strong>putes</strong></span> <span class='ocrx_word' id='word_1_409' title='bbox 1655 4660 1740 4695; x_wconf 91' lang='lat' dir='ltr'><strong>me</strong></span> 
     </span>
    </p>
   </div>
   <div class='ocr_carea' id='block_1_48' title="bbox 131 4732 1740 4804">
    <p class='ocr_par' dir='ltr' id='par_1_48' title="bbox 131 4732 1740 4804">
     <span class='ocr_line' id='line_1_48' title="bbox 131 4732 1740 4804; baseline -0.001 -15"><span class='ocrx_word' id='word_1_410' title='bbox 131 4734 371 4789; x_wconf 80' lang='lat' dir='ltr'><strong>Paulum</strong></span> <span class='ocrx_word' id='word_1_411' title='bbox 405 4733 593 4787; x_wconf 87' lang='lat' dir='ltr'><strong>dicere</strong></span> <span class='ocrx_word' id='word_1_412' title='bbox 616 4742 706 4786; x_wconf 88' lang='lat' dir='ltr'><strong>aut</strong></span> <span class='ocrx_word' id='word_1_413' title='bbox 736 4733 944 4785; x_wconf 79' lang='lat' dir='ltr'><strong>Petrum</strong></span> <span class='ocrx_word' id='word_1_414' title='bbox 968 4772 981 4794; x_wconf 95' lang='lat'><strong>,</strong></span> <span class='ocrx_word' id='word_1_415' title='bbox 1012 4732 1103 4786; x_wconf 89' lang='lat' dir='ltr'><strong>sed</strong></span> <span class='ocrx_word' id='word_1_416' title='bbox 1135 4732 1390 4802; x_wconf 88' lang='lat' dir='ltr'><strong>quosdam</strong></span> <span class='ocrx_word' id='word_1_417' title='bbox 1422 4732 1550 4801; x_wconf 90' lang='lat' dir='ltr'><strong>ipsis</strong></span> <span class='ocrx_word' id='word_1_418' title='bbox 1581 4732 1740 4804; x_wconf 85' lang='lat' dir='ltr'><strong>longe</strong></span> 
     </span>
    </p>
   </div>
   <div class='ocr_carea' id='block_1_49' title="bbox 130 4825 1737 4891">
    <p class='ocr_par' dir='ltr' id='par_1_49' title="bbox 130 4825 1737 4891">
     <span class='ocr_line' id='line_1_49' title="bbox 130 4825 1737 4891; baseline 0.001 -12"><span class='ocrx_word' id='word_1_419' title='bbox 130 4827 465 4881; x_wconf 81' lang='lat' dir='ltr'><strong>inferiores.</strong></span> <span class='ocrx_word' id='word_1_420' title='bbox 498 4825 613 4879; x_wconf 84' lang='lat' dir='ltr'><strong>Heli</strong></span> <span class='ocrx_word' id='word_1_421' title='bbox 641 4840 826 4879; x_wconf 82' lang='lat' dir='ltr'><strong>servus</strong></span> <span class='ocrx_word' id='word_1_422' title='bbox 851 4827 1060 4878; x_wconf 81' lang='lat' dir='ltr'><strong>Annam</strong></span> <span class='ocrx_word' id='word_1_423' title='bbox 1094 4826 1419 4879; x_wconf 90' lang='lat' dir='ltr'><strong>contumelia</strong></span> <span class='ocrx_word' id='word_1_424' title='bbox 1449 4825 1697 4880; x_wconf 81' lang='lat' dir='ltr'><strong>allecerat</strong></span> <span class='ocrx_word' id='word_1_425' title='bbox 1724 4869 1737 4891; x_wconf 87' lang='lat'><strong>,</strong></span> 
     </span>
    </p>
   </div>
   <div class='ocr_carea' id='block_1_50' title="bbox 125 4915 1740 4987">
    <p class='ocr_par' dir='ltr' id='par_1_50' title="bbox 125 4915 1740 4987">
     <span class='ocr_line' id='line_1_50' title="bbox 125 4915 1740 4987; baseline 0.001 -16"><span class='ocrx_word' id='word_1_426' title='bbox 125 4919 327 4974; x_wconf 77' lang='lat' dir='ltr'><strong>dicetis</strong></span> <span class='ocrx_word' id='word_1_427' title='bbox 367 4936 381 4969; x_wconf 78' lang='grc' dir='ltr'><strong><em>τ</em></strong></span> <span class='ocrx_word' id='word_1_428' title='bbox 417 4917 608 4987; x_wconf 81' lang='lat' dir='ltr'><strong>Digere</strong></span> <span class='ocrx_word' id='word_1_429' title='bbox 654 4919 817 4969; x_wconf 82' lang='lat' dir='ltr'><strong>uinum</strong></span> <span class='ocrx_word' id='word_1_430' title='bbox 856 4926 996 4969; x_wconf 85' lang='lat' dir='ltr'><strong>tuum</strong></span> <span class='ocrx_word' id='word_1_431' title='bbox 1042 4917 1135 4986; x_wconf 85' lang='lat' dir='ltr'><strong>(l.</strong></span> <span class='ocrx_word' id='word_1_432' title='bbox 1187 4915 1313 4986; x_wconf 76' lang='lat' dir='ltr'><strong>lleg.</strong></span> <span class='ocrx_word' id='word_1_433' title='bbox 1348 4918 1397 4971; x_wconf 82' lang='lat' dir='ltr'><strong>l.</strong></span> <span class='ocrx_word' id='word_1_434' title='bbox 1430 4919 1556 4987; x_wconf 73' lang='grc'><strong>14).</strong></span> <span class='ocrx_word' id='word_1_435' title='bbox 1603 4918 1740 4984; x_wconf 85' lang='lat' dir='ltr'><strong>Quid</strong></span> 
     </span>
    </p>
   </div>
   <div class='ocr_carea' id='block_1_51' title="bbox 127 5007 1740 5077">
    <p class='ocr_par' dir='ltr' id='par_1_51' title="bbox 127 5007 1740 5077">
     <span class='ocr_line' id='line_1_51' title="bbox 127 5007 1740 5077; baseline 0 -12"><span class='ocrx_word' id='word_1_436' title='bbox 127 5012 236 5065; x_wconf 87' lang='lat' dir='ltr'><strong>hoc</strong></span> <span class='ocrx_word' id='word_1_437' title='bbox 265 5008 773 5065; x_wconf 85' lang='lat' dir='ltr'><strong>contumeliosius?</strong></span> <span class='ocrx_word' id='word_1_438' title='bbox 797 5007 932 5074; x_wconf 86' lang='lat' dir='ltr'><strong>Quid</strong></span> <span class='ocrx_word' id='word_1_439' title='bbox 958 5022 1087 5077; x_wconf 83' lang='lat' dir='ltr'><strong>ergo</strong></span> <span class='ocrx_word' id='word_1_440' title='bbox 1113 5008 1198 5062; x_wconf 89' lang='lat' dir='ltr'><strong>illa</strong></span> <span class='ocrx_word' id='word_1_441' title='bbox 1220 5009 1243 5062; x_wconf 89' lang='lat'><strong>?</strong></span> <span class='ocrx_word' id='word_1_442' title='bbox 1270 5008 1459 5063; x_wconf 80' lang='lat' dir='ltr'><strong>Mulier</strong></span> <span class='ocrx_word' id='word_1_443' title='bbox 1486 5012 1537 5064; x_wconf 87' lang='lat' dir='ltr'><strong>in</strong></span> <span class='ocrx_word' id='word_1_444' title='bbox 1567 5027 1740 5065; x_wconf 82' lang='lat' dir='ltr'><strong>amaro</strong></span> 
     </span>
    </p>
   </div>
   <div class='ocr_carea' id='block_1_52' title="bbox 126 5098 1740 5173">
    <p class='ocr_par' dir='ltr' id='par_1_52' title="bbox 126 5098 1740 5173">
     <span class='ocr_line' id='line_1_52' title="bbox 126 5098 1740 5173; baseline 0 -17"><span class='ocrx_word' id='word_1_445' title='bbox 126 5104 211 5156; x_wconf 74' lang='lat' dir='ltr'><strong>die</strong></span> <span class='ocrx_word' id='word_1_446' title='bbox 235 5119 339 5173; x_wconf 74' lang='lat' dir='ltr'><strong>ego</strong></span> <span class='ocrx_word' id='word_1_447' title='bbox 366 5118 512 5155; x_wconf 74' lang='lat' dir='ltr'><strong>sum.</strong></span> <span class='ocrx_word' id='word_1_448' title='bbox 540 5099 679 5153; x_wconf 83' lang='lat' dir='ltr'><strong>Nihil</strong></span> <span class='ocrx_word' id='word_1_449' title='bbox 709 5115 890 5154; x_wconf 88' lang='lat' dir='ltr'><strong>revera</strong></span> <span class='ocrx_word' id='word_1_450' title='bbox 920 5098 1195 5152; x_wconf 85' lang='lat' dir='ltr'><strong>afﬂictioni</strong></span> <span class='ocrx_word' id='word_1_451' title='bbox 1226 5115 1319 5167; x_wconf 88' lang='lat' dir='ltr'><strong>par</strong></span> <span class='ocrx_word' id='word_1_452' title='bbox 1347 5117 1361 5152; x_wconf 89' lang='lat'><strong>:</strong></span> <span class='ocrx_word' id='word_1_453' title='bbox 1392 5099 1740 5169; x_wconf 72' lang='lat' dir='ltr'><strong>philosophia:</strong></span> 
     </span>
    </p>
   </div>
   <div class='ocr_carea' id='block_1_53' title="bbox 127 5189 1727 5258">
    <p class='ocr_par' dir='ltr' id='par_1_53' title="bbox 127 5189 1727 5258">
     <span class='ocr_line' id='line_1_53' title="bbox 127 5189 1727 5258; baseline 0.001 -15"><span class='ocrx_word' id='word_1_454' title='bbox 127 5205 309 5247; x_wconf 79' lang='lat' dir='ltr'><strong>mater</strong></span> <span class='ocrx_word' id='word_1_455' title='bbox 340 5204 457 5246; x_wconf 81' lang='lat' dir='ltr'><strong>est.</strong></span> <span class='ocrx_word' id='word_1_456' title='bbox 506 5191 631 5245; x_wconf 70' lang='lat' dir='ltr'><strong>lizec</strong></span> <span class='ocrx_word' id='word_1_457' title='bbox 668 5207 793 5245; x_wconf 89' lang='lat' dir='ltr'><strong>vero</strong></span> <span class='ocrx_word' id='word_1_458' title='bbox 835 5191 947 5257; x_wconf 88' lang='lat' dir='ltr'><strong>ipsa</strong></span> <span class='ocrx_word' id='word_1_459' title='bbox 987 5189 1180 5243; x_wconf 91' lang='lat' dir='ltr'><strong>mulier</strong></span> <span class='ocrx_word' id='word_1_460' title='bbox 1206 5190 1450 5244; x_wconf 84' lang='lat' dir='ltr'><strong>:einulain</strong></span> <span class='ocrx_word' id='word_1_461' title='bbox 1489 5191 1690 5245; x_wconf 78' lang='lat' dir='ltr'><strong>habens</strong></span> <span class='ocrx_word' id='word_1_462' title='bbox 1713 5234 1727 5258; x_wconf 97' lang='lat'><strong>,</strong></span> 
     </span>
    </p>
   </div>
   <div class='ocr_carea' id='block_1_54' title="bbox 129 5280 1734 5348">
    <p class='ocr_par' dir='ltr' id='par_1_54' title="bbox 129 5280 1734 5348">
     <span class='ocr_line' id='line_1_54' title="bbox 129 5280 1734 5348; baseline -0.001 -11"><span class='ocrx_word' id='word_1_463' title='bbox 129 5300 237 5338; x_wconf 84' lang='lat' dir='ltr'><strong>non</strong></span> <span class='ocrx_word' id='word_1_464' title='bbox 264 5283 614 5337; x_wconf 83' lang='lat' dir='ltr'><strong>contumelia</strong></span> <span class='ocrx_word' id='word_1_465' title='bbox 639 5281 813 5336; x_wconf 68' lang='lat' dir='ltr'><strong>alii-cit</strong></span> <span class='ocrx_word' id='word_1_466' title='bbox 837 5297 976 5345; x_wconf 86' lang='lat' dir='ltr'><strong>eam;</strong></span> <span class='ocrx_word' id='word_1_467' title='bbox 1004 5280 1098 5336; x_wconf 87' lang='lat' dir='ltr'><strong>sed</strong></span> <span class='ocrx_word' id='word_1_468' title='bbox 1121 5281 1283 5348; x_wconf 82' lang='lat' dir='ltr'><strong>quid?</strong></span> <span class='ocrx_word' id='word_1_469' title='bbox 1312 5281 1388 5335; x_wconf 89' lang='lat' dir='ltr'><strong>Ad</strong></span> <span class='ocrx_word' id='word_1_470' title='bbox 1418 5282 1580 5335; x_wconf 89' lang='lat' dir='ltr'><strong>Deum</strong></span> <span class='ocrx_word' id='word_1_471' title='bbox 1606 5298 1734 5336; x_wconf 91' lang='lat' dir='ltr'><strong>con-</strong></span> 
     </span>
    </p>
   </div>
   <div class='ocr_carea' id='block_1_55' title="bbox 129 5374 1736 5446">
    <p class='ocr_par' dir='ltr' id='par_1_55' title="bbox 129 5374 1736 5446">
     <span class='ocr_line' id='line_1_55' title="bbox 129 5374 1736 5446; baseline -0.001 -17"><span class='ocrx_word' id='word_1_472' title='bbox 129 5377 286 5446; x_wconf 81' lang='lat' dir='ltr'><strong>fugit,</strong></span> <span class='ocrx_word' id='word_1_473' title='bbox 316 5387 377 5429; x_wconf 83' lang='lat' dir='ltr'><strong>et</strong></span> <span class='ocrx_word' id='word_1_474' title='bbox 410 5390 580 5429; x_wconf 84' lang='lat' dir='ltr'><strong>orans</strong></span> <span class='ocrx_word' id='word_1_475' title='bbox 603 5376 744 5427; x_wconf 90' lang='lat' dir='ltr'><strong>illius</strong></span> <span class='ocrx_word' id='word_1_476' title='bbox 770 5390 835 5429; x_wconf 89' lang='lat' dir='ltr'><strong>ne</strong></span> <span class='ocrx_word' id='word_1_477' title='bbox 855 5375 1066 5443; x_wconf 86' lang='lat' dir='ltr'><strong>quidem</strong></span> <span class='ocrx_word' id='word_1_478' title='bbox 1091 5374 1352 5436; x_wconf 83' lang='lat' dir='ltr'><strong>meminit,</strong></span> <span class='ocrx_word' id='word_1_479' title='bbox 1382 5390 1551 5443; x_wconf 84' lang='lat' dir='ltr'><strong>neque</strong></span> <span class='ocrx_word' id='word_1_480' title='bbox 1572 5375 1736 5428; x_wconf 84' lang='lat' dir='ltr'><strong>dicit:</strong></span> 
     </span>
    </p>
   </div>
   <div class='ocr_carea' id='block_1_56' title="bbox 130 5466 1738 5536">
    <p class='ocr_par' dir='ltr' id='par_1_56' title="bbox 130 5466 1738 5536">
     <span class='ocr_line' id='line_1_56' title="bbox 130 5466 1738 5536; baseline -0.001 -14"><span class='ocrx_word' id='word_1_481' title='bbox 130 5472 417 5535; x_wconf 70' lang='lat' dir='ltr'><strong>Quoniam</strong></span> <span class='ocrx_word' id='word_1_482' title='bbox 456 5468 570 5519; x_wconf 82' lang='lat' dir='ltr'><strong>inec</strong></span> <span class='ocrx_word' id='word_1_483' title='bbox 597 5483 681 5519; x_wconf 92' lang='lat' dir='ltr'><strong>me</strong></span> <span class='ocrx_word' id='word_1_484' title='bbox 708 5468 913 5536; x_wconf 85' lang='lat' dir='ltr'><strong>probris</strong></span> <span class='ocrx_word' id='word_1_485' title='bbox 941 5466 1137 5524; x_wconf 84' lang='lat' dir='ltr'><strong>alfecit.</strong></span> <span class='ocrx_word' id='word_1_486' title='bbox 1159 5484 1242 5519; x_wconf 87' lang='lat' dir='ltr'><strong>me</strong></span> <span class='ocrx_word' id='word_1_487' title='bbox 1273 5468 1529 5522; x_wconf 89' lang='lat' dir='ltr'><strong>ulciscere</strong></span> <span class='ocrx_word' id='word_1_488' title='bbox 1561 5486 1574 5522; x_wconf 90' lang='lat'><strong>:</strong></span> <span class='ocrx_word' id='word_1_489' title='bbox 1604 5469 1738 5521; x_wconf 79' lang='lat' dir='ltr'><strong>adeo</strong></span> 
     </span>
    </p>
   </div>
   <div class='ocr_carea' id='block_1_57' title="bbox 133 5557 1734 5628">
    <p class='ocr_par' dir='ltr' id='par_1_57' title="bbox 133 5557 1734 5628">
     <span class='ocr_line' id='line_1_57' title="bbox 133 5557 1734 5628; baseline 0.001 -17"><span class='ocrx_word' id='word_1_490' title='bbox 133 5559 515 5628; x_wconf 66' lang='lat' dir='ltr'><strong>philosophia:</strong></span> <span class='ocrx_word' id='word_1_491' title='bbox 546 5568 753 5610; x_wconf 59' lang='lat' dir='ltr'><strong>assueta</strong></span> <span class='ocrx_word' id='word_1_492' title='bbox 784 5558 976 5611; x_wconf 91' lang='lat' dir='ltr'><strong>mulier</strong></span> <span class='ocrx_word' id='word_1_493' title='bbox 1001 5570 1138 5611; x_wconf 86' lang='lat' dir='ltr'><strong>erat.</strong></span> <span class='ocrx_word' id='word_1_494' title='bbox 1164 5557 1575 5624; x_wconf 62' lang='lat' dir='ltr'><strong>Erubescimus,</strong></span> <span class='ocrx_word' id='word_1_495' title='bbox 1604 5560 1734 5614; x_wconf 82' lang='lat' dir='ltr'><strong>viri:</strong></span> 
     </span>
    </p>
   </div>
   <div class='ocr_carea' id='block_1_58' title="bbox 134 5647 1072 5716">
    <p class='ocr_par' dir='ltr' id='par_1_58' title="bbox 134 5647 1072 5716">
     <span class='ocr_line' id='line_1_58' title="bbox 134 5647 1072 5716; baseline 0.001 -15"><span class='ocrx_word' id='word_1_496' title='bbox 134 5650 285 5703; x_wconf 71' lang='lat' dir='ltr'><strong>scitis</strong></span> <span class='ocrx_word' id='word_1_497' title='bbox 313 5650 480 5701; x_wconf 83' lang='lat' dir='ltr'><strong>enim</strong></span> <span class='ocrx_word' id='word_1_498' title='bbox 512 5647 644 5701; x_wconf 90' lang='lat' dir='ltr'><strong>nihil</strong></span> <span class='ocrx_word' id='word_1_499' title='bbox 667 5647 784 5701; x_wconf 81' lang='lat' dir='ltr'><strong>zelo</strong></span> <span class='ocrx_word' id='word_1_500' title='bbox 816 5663 908 5716; x_wconf 88' lang='lat' dir='ltr'><strong>par</strong></span> <span class='ocrx_word' id='word_1_501' title='bbox 933 5663 1072 5702; x_wconf 86' lang='lat' dir='ltr'><strong>esse.</strong></span> 
     </span>
    </p>
   </div>
   <div class='ocr_carea' id='block_1_59' title="bbox 202 5739 1735 5806">
    <p class='ocr_par' dir='ltr' id='par_1_59' title="bbox 202 5739 1735 5806">
     <span class='ocr_line' id='line_1_59' title="bbox 202 5739 1735 5806; baseline 0.001 -10"><span class='ocrx_word' id='word_1_502' title='bbox 202 5742 257 5796; x_wconf 84' lang='lat'><strong>5.</strong></span> <span class='ocrx_word' id='word_1_503' title='bbox 292 5741 635 5796; x_wconf 77' lang='lat' dir='ltr'><strong>Publicanos</strong></span> <span class='ocrx_word' id='word_1_504' title='bbox 660 5756 689 5791; x_wconf 91' lang='lat' dir='ltr'><strong>a</strong></span> <span class='ocrx_word' id='word_1_505' title='bbox 714 5739 985 5794; x_wconf 80' lang='lat' dir='ltr'><strong>Pharist</strong></span> <span class='ocrx_word' id='word_1_506' title='bbox 1009 5741 1326 5795; x_wconf 86' lang='lat' dir='ltr'><strong>contumelia</strong></span> <span class='ocrx_word' id='word_1_507' title='bbox 1358 5742 1598 5806; x_wconf 80' lang='lat' dir='ltr'><strong>allectus,</strong></span> <span class='ocrx_word' id='word_1_508' title='bbox 1632 5758 1735 5797; x_wconf 89' lang='lat' dir='ltr'><strong>non</strong></span> 
     </span>
    </p>
   </div>
   <div class='ocr_carea' id='block_1_60' title="bbox 140 5833 1731 5904">
    <p class='ocr_par' dir='ltr' id='par_1_60' title="bbox 140 5833 1731 5904">
     <span class='ocr_line' id='line_1_60' title="bbox 140 5833 1731 5904; baseline -0.001 -16"><span class='ocrx_word' id='word_1_509' title='bbox 140 5836 317 5891; x_wconf 76' lang='lat' dir='ltr'><strong>tetulit</strong></span> <span class='ocrx_word' id='word_1_510' title='bbox 375 5833 803 5898; x_wconf 84' lang='lat' dir='ltr'><strong>contumeliam,</strong></span> <span class='ocrx_word' id='word_1_511' title='bbox 833 5833 1074 5904; x_wconf 83' lang='lat' dir='ltr'><strong>quamvis</strong></span> <span class='ocrx_word' id='word_1_512' title='bbox 1114 5842 1325 5903; x_wconf 88' lang='lat' dir='ltr'><strong>posset,</strong></span> <span class='ocrx_word' id='word_1_513' title='bbox 1370 5834 1412 5889; x_wconf 88' lang='lat' dir='ltr'><strong>si</strong></span> <span class='ocrx_word' id='word_1_514' title='bbox 1445 5835 1731 5898; x_wconf 80' lang='lat' dir='ltr'><strong>voliiiSsct;</strong></span> 
     </span>
    </p>
   </div>
   <div class='ocr_carea' id='block_1_61' title="bbox 3324 406 3450 465">
    <p class='ocr_par' dir='ltr' id='par_1_61' title="bbox 3324 406 3450 465">
     <span class='ocr_line' id='line_1_61' title="bbox 3324 406 3450 465; baseline 0.016 -2"><span class='ocrx_word' id='word_1_515' title='bbox 3324 406 3450 465; x_wconf 63' lang='grc' dir='ltr'>ιιει</span> 
     </span>
    </p>
   </div>
   <div class='ocr_carea' id='block_1_62' title="bbox 1849 509 3437 589">
    <p class='ocr_par' dir='ltr' id='par_1_62' title="bbox 1849 509 3437 589">
     <span class='ocr_line' id='line_1_62' title="bbox 1849 509 3437 589; baseline 0.008 -24"><span class='ocrx_word' id='word_1_516' title='bbox 1849 509 1943 565; x_wconf 89' lang='lat' dir='ltr'><strong>sed</strong></span> <span class='ocrx_word' id='word_1_517' title='bbox 1990 510 2043 565; x_wconf 90' lang='lat' dir='ltr'><strong>id</strong></span> <span class='ocrx_word' id='word_1_518' title='bbox 2083 510 2451 580; x_wconf 81' lang='lat' dir='ltr'><strong>philosophice</strong></span> <span class='ocrx_word' id='word_1_519' title='bbox 2496 510 2677 565; x_wconf 92' lang='lat' dir='ltr'><strong>animo</strong></span> <span class='ocrx_word' id='word_1_520' title='bbox 2722 513 2861 577; x_wconf 84' lang='lat' dir='ltr'><strong>tulit,</strong></span> <span class='ocrx_word' id='word_1_521' title='bbox 2908 516 3111 584; x_wconf 87' lang='lat' dir='ltr'><strong>dicens,</strong></span> <span class='ocrx_word' id='word_1_522' title='bbox 3167 520 3437 589; x_wconf 69' lang='lat' dir='ltr'><strong>Propitius.</strong></span> 
     </span>
    </p>
   </div>
   <div class='ocr_carea' id='block_1_63' title="bbox 1846 601 3439 683">
    <p class='ocr_par' dir='ltr' id='par_1_63' title="bbox 1846 601 3439 683">
     <span class='ocr_line' id='line_1_63' title="bbox 1846 601 3439 683; baseline 0.009 -29"><span class='ocrx_word' id='word_1_523' title='bbox 1846 611 1949 654; x_wconf 79' lang='lat' dir='ltr'><strong>esto</strong></span> <span class='ocrx_word' id='word_1_524' title='bbox 1991 601 2114 655; x_wconf 80' lang='lat' dir='ltr'><strong>milii</strong></span> <span class='ocrx_word' id='word_1_525' title='bbox 2157 604 2407 670; x_wconf 79' lang='lat' dir='ltr'><strong>peccatori</strong></span> <span class='ocrx_word' id='word_1_526' title='bbox 2436 601 2596 672; x_wconf 84' lang='lat' dir='ltr'><strong>(Luc.</strong></span> <span class='ocrx_word' id='word_1_527' title='bbox 2630 604 2715 658; x_wconf 68' lang='lat' dir='ltr'><strong>l8.</strong></span> <span class='ocrx_word' id='word_1_528' title='bbox 2754 604 2884 677; x_wconf 75' lang='grc'><strong>13).</strong></span> <span class='ocrx_word' id='word_1_529' title='bbox 2911 606 3257 677; x_wconf 66' lang='grc' dir='ltr'>πριιιῃιιίιιιιιιΙ</span> <span class='ocrx_word' id='word_1_530' title='bbox 3294 614 3370 683; x_wconf 85' lang='grc' dir='ltr'>(ιι)</span> <span class='ocrx_word' id='word_1_531' title='bbox 3399 634 3439 669; x_wconf 65' lang='lat' dir='ltr'><strong>ir</strong></span> 
     </span>
    </p>
   </div>
   <div class='ocr_carea' id='block_1_64' title="bbox 1848 696 3426 777">
    <p class='ocr_par' dir='ltr' id='par_1_64' title="bbox 1848 696 3426 777">
     <span class='ocr_line' id='line_1_64' title="bbox 1848 696 3426 777; baseline 0.013 -33"><span class='ocrx_word' id='word_1_532' title='bbox 1848 706 2005 745; x_wconf 80' lang='lat' dir='ltr'><strong>servo</strong></span> <span class='ocrx_word' id='word_1_533' title='bbox 2030 703 2313 748; x_wconf 82' lang='lat' dir='ltr'><strong>accusatus</strong></span> <span class='ocrx_word' id='word_1_534' title='bbox 2334 703 2391 749; x_wconf 84' lang='lat' dir='ltr'><strong>et</strong></span> <span class='ocrx_word' id='word_1_535' title='bbox 2409 697 2672 750; x_wconf 85' lang='lat' dir='ltr'><strong>calumnia</strong></span> <span class='ocrx_word' id='word_1_536' title='bbox 2695 696 2966 767; x_wconf 87' lang='lat' dir='ltr'><strong>impetitns</strong></span> <span class='ocrx_word' id='word_1_537' title='bbox 2988 701 3062 770; x_wconf 71' lang='lat'><strong>(2.</strong></span> <span class='ocrx_word' id='word_1_538' title='bbox 3088 703 3214 777; x_wconf 82' lang='lat' dir='ltr'><strong>Reg.</strong></span> <span class='ocrx_word' id='word_1_539' title='bbox 3243 707 3426 776; x_wconf 77' lang='lat'><strong>16.3),</strong></span> 
     </span>
    </p>
   </div>
   <div class='ocr_carea' id='block_1_65' title="bbox 1849 786 3428 869">
    <p class='ocr_par' dir='ltr' id='par_1_65' title="bbox 1849 786 3428 869">
     <span class='ocr_line' id='line_1_65' title="bbox 1849 786 3428 869; baseline 0.01 -30"><span class='ocrx_word' id='word_1_540' title='bbox 1849 801 2024 855; x_wconf 89' lang='lat' dir='ltr'><strong>neque</strong></span> <span class='ocrx_word' id='word_1_541' title='bbox 2050 786 2184 841; x_wconf 73' lang='lat' dir='ltr'><strong>dixit</strong></span> <span class='ocrx_word' id='word_1_542' title='bbox 2210 803 2383 856; x_wconf 90' lang='lat' dir='ltr'><strong>neque</strong></span> <span class='ocrx_word' id='word_1_543' title='bbox 2412 788 2533 843; x_wconf 88' lang='lat' dir='ltr'><strong>fecit</strong></span> <span class='ocrx_word' id='word_1_544' title='bbox 2556 789 2627 843; x_wconf 90' lang='lat' dir='ltr'><strong>illi</strong></span> <span class='ocrx_word' id='word_1_545' title='bbox 2654 791 2922 858; x_wconf 70' lang='lat' dir='ltr'><strong>nnidpiam</strong></span> <span class='ocrx_word' id='word_1_546' title='bbox 2952 796 3096 859; x_wconf 91' lang='lat' dir='ltr'><strong>mali,</strong></span> <span class='ocrx_word' id='word_1_547' title='bbox 3128 813 3194 852; x_wconf 91' lang='lat' dir='ltr'><strong>ne</strong></span> <span class='ocrx_word' id='word_1_548' title='bbox 3214 802 3428 869; x_wconf 79' lang='lat' dir='ltr'><strong>quidem</strong></span> 
     </span>
    </p>
   </div>
   <div class='ocr_carea' id='block_1_66' title="bbox 1848 878 3449 957">
    <p class='ocr_par' dir='ltr' id='par_1_66' title="bbox 1848 878 3449 957">
     <span class='ocr_line' id='line_1_66' title="bbox 1848 878 3449 957; baseline 0.007 -26"><span class='ocrx_word' id='word_1_549' title='bbox 1848 878 1987 945; x_wconf 90' lang='lat' dir='ltr'><strong>apud</strong></span> <span class='ocrx_word' id='word_1_550' title='bbox 2032 893 2234 948; x_wconf 85' lang='lat' dir='ltr'><strong>regem.</strong></span> <span class='ocrx_word' id='word_1_551' title='bbox 2281 878 2374 933; x_wconf 82' lang='lat' dir='ltr'><strong>Vis</strong></span> <span class='ocrx_word' id='word_1_552' title='bbox 2421 881 2581 935; x_wconf 89' lang='lat' dir='ltr'><strong>etiam</strong></span> <span class='ocrx_word' id='word_1_553' title='bbox 2627 885 2922 938; x_wconf 83' lang='lat' dir='ltr'><strong>meretricis</strong></span> <span class='ocrx_word' id='word_1_554' title='bbox 2973 886 3158 941; x_wconf 86' lang='lat' dir='ltr'><strong>audire</strong></span> <span class='ocrx_word' id='word_1_555' title='bbox 3198 891 3449 957; x_wconf 66' lang='lat' dir='ltr'><strong>pliiloso.»</strong></span> 
     </span>
    </p>
   </div>
   <div class='ocr_carea' id='block_1_67' title="bbox 1850 969 3433 1054">
    <p class='ocr_par' dir='ltr' id='par_1_67' title="bbox 1850 969 3433 1054">
     <span class='ocr_line' id='line_1_67' title="bbox 1850 969 3433 1054; baseline 0.011 -32"><span class='ocrx_word' id='word_1_556' title='bbox 1850 969 2064 1039; x_wconf 86' lang='lat' dir='ltr'><strong>phiam?</strong></span> <span class='ocrx_word' id='word_1_557' title='bbox 2088 969 2222 1025; x_wconf 81' lang='lat' dir='ltr'><strong>Audi</strong></span> <span class='ocrx_word' id='word_1_558' title='bbox 2251 970 2521 1026; x_wconf 88' lang='lat' dir='ltr'><strong>Christum</strong></span> <span class='ocrx_word' id='word_1_559' title='bbox 2547 973 2809 1030; x_wconf 89' lang='lat' dir='ltr'><strong>dicentem</strong></span> <span class='ocrx_word' id='word_1_560' title='bbox 2833 1018 2846 1038; x_wconf 92' lang='lat'><strong>,</strong></span> <span class='ocrx_word' id='word_1_561' title='bbox 2876 981 3089 1046; x_wconf 87' lang='lat' dir='ltr'><strong>quando</strong></span> <span class='ocrx_word' id='word_1_562' title='bbox 3118 982 3201 1036; x_wconf 85' lang='lat' dir='ltr'><strong>illa</strong></span> <span class='ocrx_word' id='word_1_563' title='bbox 3226 986 3433 1054; x_wconf 79' lang='lat' dir='ltr'><strong>capillis</strong></span> 
     </span>
    </p>
   </div>
   <div class='ocr_carea' id='block_1_68' title="bbox 1848 1061 3449 1133">
    <p class='ocr_par' dir='ltr' id='par_1_68' title="bbox 1848 1061 3449 1133">
     <span class='ocr_line' id='line_1_68' title="bbox 1848 1061 3449 1133; baseline 0.01 -18"><span class='ocrx_word' id='word_1_564' title='bbox 1848 1061 1961 1117; x_wconf 92' lang='lat' dir='ltr'><strong>suis</strong></span> <span class='ocrx_word' id='word_1_565' title='bbox 1989 1061 2152 1131; x_wconf 85' lang='lat' dir='ltr'><strong>pedes</strong></span> <span class='ocrx_word' id='word_1_566' title='bbox 2176 1063 2345 1132; x_wconf 91' lang='lat' dir='ltr'><strong>ipsius</strong></span> <span class='ocrx_word' id='word_1_567' title='bbox 2376 1065 2652 1133; x_wconf 80' lang='lat' dir='ltr'><strong>tergebat:</strong></span> <span class='ocrx_word' id='word_1_568' title='bbox 2678 1065 2948 1122; x_wconf 77' lang='lat' dir='ltr'><strong>Piiblicani</strong></span> <span class='ocrx_word' id='word_1_569' title='bbox 2967 1080 3013 1123; x_wconf 86' lang='lat' dir='ltr'><strong>et</strong></span> <span class='ocrx_word' id='word_1_570' title='bbox 3045 1076 3323 1129; x_wconf 83' lang='lat' dir='ltr'><strong>meretrices</strong></span> <span class='ocrx_word' id='word_1_571' title='bbox 3345 1093 3449 1131; x_wconf 72' lang='lat' dir='ltr'><strong>vos</strong></span> 
     </span>
    </p>
   </div>
   <div class='ocr_carea' id='block_1_69' title="bbox 1850 1152 3426 1230">
    <p class='ocr_par' dir='ltr' id='par_1_69' title="bbox 1850 1152 3426 1230">
     <span class='ocr_line' id='line_1_69' title="bbox 1850 1152 3426 1230; baseline 0.01 -24"><span class='ocrx_word' id='word_1_572' title='bbox 1850 1152 2129 1223; x_wconf 72' lang='lat' dir='ltr'><strong>praecedant</strong></span> <span class='ocrx_word' id='word_1_573' title='bbox 2174 1153 2227 1207; x_wconf 88' lang='lat' dir='ltr'><strong>in</strong></span> <span class='ocrx_word' id='word_1_574' title='bbox 2270 1171 2424 1225; x_wconf 87' lang='lat' dir='ltr'><strong>regno</strong></span> <span class='ocrx_word' id='word_1_575' title='bbox 2469 1154 2683 1224; x_wconf 75' lang='lat' dir='ltr'><strong>(Matth.</strong></span> <span class='ocrx_word' id='word_1_576' title='bbox 2742 1158 2835 1212; x_wconf 73' lang='lat'><strong>2|.</strong></span> <span class='ocrx_word' id='word_1_577' title='bbox 2887 1162 3002 1230; x_wconf 82' lang='grc'><strong>51).</strong></span> <span class='ocrx_word' id='word_1_578' title='bbox 3054 1164 3235 1218; x_wconf 75' lang='lat' dir='ltr'><strong>Vidisti</strong></span> <span class='ocrx_word' id='word_1_579' title='bbox 3284 1168 3426 1222; x_wconf 80' lang='lat' dir='ltr'><strong>illam</strong></span> 
     </span>
    </p>
   </div>
   <div class='ocr_carea' id='block_1_70' title="bbox 1848 1244 3429 1320">
    <p class='ocr_par' dir='ltr' id='par_1_70' title="bbox 1848 1244 3429 1320">
     <span class='ocr_line' id='line_1_70' title="bbox 1848 1244 3429 1320; baseline 0.011 -25"><span class='ocrx_word' id='word_1_580' title='bbox 1848 1250 2076 1297; x_wconf 86' lang='lat' dir='ltr'><strong>stantem</strong></span> <span class='ocrx_word' id='word_1_581' title='bbox 2106 1254 2161 1297; x_wconf 92' lang='lat' dir='ltr'><strong>et</strong></span> <span class='ocrx_word' id='word_1_582' title='bbox 2190 1244 2596 1315; x_wconf 86' lang='lat' dir='ltr'><strong>lacrymantem,</strong></span> <span class='ocrx_word' id='word_1_583' title='bbox 2628 1262 2691 1301; x_wconf 89' lang='lat' dir='ltr'><strong>ac</strong></span> <span class='ocrx_word' id='word_1_584' title='bbox 2720 1252 2930 1318; x_wconf 88' lang='lat' dir='ltr'><strong>propria</strong></span> <span class='ocrx_word' id='word_1_585' title='bbox 2963 1265 3172 1320; x_wconf 86' lang='lat' dir='ltr'><strong>peccata</strong></span> <span class='ocrx_word' id='word_1_586' title='bbox 3202 1257 3429 1313; x_wconf 79' lang='lat' dir='ltr'><strong>abluen-</strong></span> 
     </span>
    </p>
   </div>
   <div class='ocr_carea' id='block_1_71' title="bbox 1851 1334 3430 1417">
    <p class='ocr_par' dir='ltr' id='par_1_71' title="bbox 1851 1334 3430 1417">
     <span class='ocr_line' id='line_1_71' title="bbox 1851 1334 3430 1417; baseline 0.011 -30"><span class='ocrx_word' id='word_1_587' title='bbox 1851 1339 2000 1392; x_wconf 81' lang='lat' dir='ltr'><strong>tem?</strong></span> <span class='ocrx_word' id='word_1_588' title='bbox 2039 1334 2190 1395; x_wconf 87' lang='lat' dir='ltr'><strong>Vide,</strong></span> <span class='ocrx_word' id='word_1_589' title='bbox 2249 1336 2520 1404; x_wconf 90' lang='lat' dir='ltr'><strong>quomodo</strong></span> <span class='ocrx_word' id='word_1_590' title='bbox 2560 1353 2589 1391; x_wconf 92' lang='lat' dir='ltr'><strong>a</strong></span> <span class='ocrx_word' id='word_1_591' title='bbox 2643 1338 2913 1396; x_wconf 67' lang='lat' dir='ltr'><strong>l‘harisaro</strong></span> <span class='ocrx_word' id='word_1_592' title='bbox 2967 1346 3174 1414; x_wconf 87' lang='lat' dir='ltr'><strong>probris</strong></span> <span class='ocrx_word' id='word_1_593' title='bbox 3217 1350 3430 1417; x_wconf 80' lang='lat' dir='ltr'><strong>all&#39;ecm,</strong></span> 
     </span>
    </p>
   </div>
   <div class='ocr_carea' id='block_1_72' title="bbox 1851 1425 3431 1499">
    <p class='ocr_par' dir='ltr' id='par_1_72' title="bbox 1851 1425 3431 1499">
     <span class='ocr_line' id='line_1_72' title="bbox 1851 1425 3431 1499; baseline 0.012 -21"><span class='ocrx_word' id='word_1_594' title='bbox 1851 1442 1955 1478; x_wconf 90' lang='lat' dir='ltr'><strong>non</strong></span> <span class='ocrx_word' id='word_1_595' title='bbox 2001 1425 2279 1479; x_wconf 87' lang='lat' dir='ltr'><strong>irascatur.</strong></span> <span class='ocrx_word' id='word_1_596' title='bbox 2329 1428 2383 1481; x_wconf 89' lang='lat' dir='ltr'><strong>Si</strong></span> <span class='ocrx_word' id='word_1_597' title='bbox 2431 1429 2613 1494; x_wconf 89' lang='lat' dir='ltr'><strong>sciret,</strong></span> <span class='ocrx_word' id='word_1_598' title='bbox 2660 1431 2860 1499; x_wconf 86' lang='lat' dir='ltr'><strong>aiebat,</strong></span> <span class='ocrx_word' id='word_1_599' title='bbox 2902 1436 3039 1499; x_wconf 84' lang='lat' dir='ltr'><strong>quod</strong></span> <span class='ocrx_word' id='word_1_600' title='bbox 3088 1438 3201 1494; x_wconf 72' lang='lat' dir='ltr'><strong>lucc</strong></span> <span class='ocrx_word' id='word_1_601' title='bbox 3242 1444 3431 1497; x_wconf 88' lang='lat' dir='ltr'><strong>mulier</strong></span> 
     </span>
    </p>
   </div>
   <div class='ocr_carea' id='block_1_73' title="bbox 1850 1516 3428 1588">
    <p class='ocr_par' dir='ltr' id='par_1_73' title="bbox 1850 1516 3428 1588">
     <span class='ocr_line' id='line_1_73' title="bbox 1850 1516 3428 1588; baseline 0.013 -21"><span class='ocrx_word' id='word_1_602' title='bbox 1850 1516 2114 1584; x_wconf 81' lang='lat' dir='ltr'><strong>peccatrix</strong></span> <span class='ocrx_word' id='word_1_603' title='bbox 2159 1518 2271 1581; x_wconf 89' lang='lat' dir='ltr'><strong>sit,</strong></span> <span class='ocrx_word' id='word_1_604' title='bbox 2320 1533 2424 1572; x_wconf 93' lang='lat' dir='ltr'><strong>non</strong></span> <span class='ocrx_word' id='word_1_605' title='bbox 2467 1519 2665 1575; x_wconf 92' lang='lat' dir='ltr'><strong>sineret</strong></span> <span class='ocrx_word' id='word_1_606' title='bbox 2740 1538 2881 1577; x_wconf 86' lang='lat' dir='ltr'><strong>eam.</strong></span> <span class='ocrx_word' id='word_1_607' title='bbox 2950 1525 3064 1582; x_wconf 85' lang='lat' dir='ltr'><strong>Non</strong></span> <span class='ocrx_word' id='word_1_608' title='bbox 3116 1529 3250 1585; x_wconf 78' lang='lat' dir='ltr'><strong>dixit</strong></span> <span class='ocrx_word' id='word_1_609' title='bbox 3303 1534 3428 1588; x_wconf 84' lang='lat' dir='ltr'><strong>illi:</strong></span> 
     </span>
    </p>
   </div>
   <div class='ocr_carea' id='block_1_74' title="bbox 1848 1606 3432 1694">
    <p class='ocr_par' dir='ltr' id='par_1_74' title="bbox 1848 1606 3432 1694">
     <span class='ocr_line' id='line_1_74' title="bbox 1848 1606 3432 1694; baseline 0.013 -36"><span class='ocrx_word' id='word_1_610' title='bbox 1848 1606 2251 1676; x_wconf 83' lang='lat' dir='ltr'><strong>Qiiiil?qu:eso;</strong></span> <span class='ocrx_word' id='word_1_611' title='bbox 2301 1618 2424 1664; x_wconf 89' lang='lat' dir='ltr'><strong>tunc</strong></span> <span class='ocrx_word' id='word_1_612' title='bbox 2456 1627 2619 1680; x_wconf 91' lang='lat' dir='ltr'><strong>purus</strong></span> <span class='ocrx_word' id='word_1_613' title='bbox 2658 1629 2686 1666; x_wconf 92' lang='lat' dir='ltr'><strong>a</strong></span> <span class='ocrx_word' id='word_1_614' title='bbox 2733 1618 2964 1683; x_wconf 81' lang='lat' dir='ltr'><strong>peccatis</strong></span> <span class='ocrx_word' id='word_1_615' title='bbox 2999 1620 3097 1673; x_wconf 88' lang='lat' dir='ltr'><strong>es?</strong></span> <span class='ocrx_word' id='word_1_616' title='bbox 3131 1623 3222 1674; x_wconf 86' lang='lat' dir='ltr'><strong>sed</strong></span> <span class='ocrx_word' id='word_1_617' title='bbox 3264 1628 3432 1694; x_wconf 81' lang='lat' dir='ltr'><strong>magis</strong></span> 
     </span>
    </p>
   </div>
   <div class='ocr_carea' id='block_1_75' title="bbox 1852 1697 3431 1786">
    <p class='ocr_par' dir='ltr' id='par_1_75' title="bbox 1852 1697 3431 1786">
     <span class='ocr_line' id='line_1_75' title="bbox 1852 1697 3431 1786; baseline 0.015 -39"><span class='ocrx_word' id='word_1_618' title='bbox 1852 1697 2168 1767; x_wconf 87' lang='lat' dir='ltr'><strong>patiebatur,</strong></span> <span class='ocrx_word' id='word_1_619' title='bbox 2207 1701 2375 1770; x_wconf 87' lang='lat' dir='ltr'><strong>magis</strong></span> <span class='ocrx_word' id='word_1_620' title='bbox 2416 1704 2683 1771; x_wconf 82' lang='lat' dir='ltr'><strong>gemebat,</strong></span> <span class='ocrx_word' id='word_1_621' title='bbox 2736 1717 2789 1759; x_wconf 88' lang='lat' dir='ltr'><strong>ct</strong></span> <span class='ocrx_word' id='word_1_622' title='bbox 2830 1709 3111 1765; x_wconf 75' lang='lat' dir='ltr'><strong>calidiores</strong></span> <span class='ocrx_word' id='word_1_623' title='bbox 3170 1714 3431 1786; x_wconf 82' lang='lat' dir='ltr'><strong>lacrymas</strong></span> 
     </span>
    </p>
   </div>
   <div class='ocr_carea' id='block_1_76' title="bbox 1848 1787 3445 1864">
    <p class='ocr_par' dir='ltr' id='par_1_76' title="bbox 1848 1787 3445 1864">
     <span class='ocr_line' id='line_1_76' title="bbox 1848 1787 3445 1864; baseline 0.013 -22"><span class='ocrx_word' id='word_1_624' title='bbox 1848 1787 2148 1842; x_wconf 82' lang='lat' dir='ltr'><strong>omittebat.</strong></span> <span class='ocrx_word' id='word_1_625' title='bbox 2177 1790 2328 1856; x_wconf 87' lang='lat' dir='ltr'><strong>Quod</strong></span> <span class='ocrx_word' id='word_1_626' title='bbox 2360 1793 2402 1845; x_wconf 90' lang='lat' dir='ltr'><strong>si</strong></span> <span class='ocrx_word' id='word_1_627' title='bbox 2436 1794 2709 1856; x_wconf 83' lang='lat' dir='ltr'><strong>mulieres,</strong></span> <span class='ocrx_word' id='word_1_628' title='bbox 2747 1799 3010 1864; x_wconf 87' lang='lat' dir='ltr'><strong>publicani</strong></span> <span class='ocrx_word' id='word_1_629' title='bbox 3037 1812 3091 1856; x_wconf 90' lang='lat' dir='ltr'><strong>et</strong></span> <span class='ocrx_word' id='word_1_630' title='bbox 3120 1809 3445 1862; x_wconf 71' lang='lat' dir='ltr'><strong>meretrices</strong></span> 
     </span>
    </p>
   </div>
   <div class='ocr_carea' id='block_1_77' title="bbox 1850 1879 3429 1968">
    <p class='ocr_par' dir='ltr' id='par_1_77' title="bbox 1850 1879 3429 1968">
     <span class='ocr_line' id='line_1_77' title="bbox 1850 1879 3429 1968; baseline 0.015 -38"><span class='ocrx_word' id='word_1_631' title='bbox 1850 1879 2312 1949; x_wconf 76' lang='lat' dir='ltr'><strong>ItlllltlSt)pllellllll‘,</strong></span> <span class='ocrx_word' id='word_1_632' title='bbox 2348 1884 2507 1955; x_wconf 90' lang='lat' dir='ltr'><strong>idque</strong></span> <span class='ocrx_word' id='word_1_633' title='bbox 2535 1898 2659 1942; x_wconf 90' lang='lat' dir='ltr'><strong>ante</strong></span> <span class='ocrx_word' id='word_1_634' title='bbox 2688 1893 2910 1958; x_wconf 83' lang='lat' dir='ltr'><strong>gratiam</strong></span> <span class='ocrx_word' id='word_1_635' title='bbox 2945 1912 2956 1945; x_wconf 87' lang='lat'><strong>:</strong></span> <span class='ocrx_word' id='word_1_636' title='bbox 2986 1911 3087 1963; x_wconf 90' lang='lat' dir='ltr'><strong>qua</strong></span> <span class='ocrx_word' id='word_1_637' title='bbox 3111 1899 3261 1951; x_wconf 89' lang='lat' dir='ltr'><strong>venia</strong></span> <span class='ocrx_word' id='word_1_638' title='bbox 3283 1899 3429 1968; x_wconf 76' lang='lat' dir='ltr'><strong>digni</strong></span> 
     </span>
    </p>
   </div>
   <div class='ocr_carea' id='block_1_78' title="bbox 1852 1976 3447 2061">
    <p class='ocr_par' dir='ltr' id='par_1_78' title="bbox 1852 1976 3447 2061">
     <span class='ocr_line' id='line_1_78' title="bbox 1852 1976 3447 2061; baseline 0.016 -39"><span class='ocrx_word' id='word_1_639' title='bbox 1852 1988 1947 2025; x_wconf 85' lang='lat' dir='ltr'><strong>nos</strong></span> <span class='ocrx_word' id='word_1_640' title='bbox 1990 1976 2211 2040; x_wconf 89' lang='lat' dir='ltr'><strong>erimus,</strong></span> <span class='ocrx_word' id='word_1_641' title='bbox 2261 1976 2353 2044; x_wconf 87' lang='lat' dir='ltr'><strong>qui</strong></span> <span class='ocrx_word' id='word_1_642' title='bbox 2390 1988 2507 2045; x_wconf 88' lang='lat' dir='ltr'><strong>post</strong></span> <span class='ocrx_word' id='word_1_643' title='bbox 2559 1988 2757 2033; x_wconf 87' lang='lat' dir='ltr'><strong>tantam</strong></span> <span class='ocrx_word' id='word_1_644' title='bbox 2804 1986 3027 2050; x_wconf 81' lang='lat' dir='ltr'><strong>gratiam</strong></span> <span class='ocrx_word' id='word_1_645' title='bbox 3073 1990 3242 2058; x_wconf 81' lang='lat' dir='ltr'><strong>magis</strong></span> <span class='ocrx_word' id='word_1_646' title='bbox 3270 2007 3447 2061; x_wconf 62' lang='lat' dir='ltr'><strong>quam.</strong></span> 
     </span>
    </p>
   </div>
   <div class='ocr_carea' id='block_1_79' title="bbox 1848 2061 3026 2135">
    <p class='ocr_par' dir='ltr' id='par_1_79' title="bbox 1848 2061 3026 2135">
     <span class='ocr_line' id='line_1_79' title="bbox 1848 2061 3026 2135; baseline 0.01 -19"><span class='ocrx_word' id='word_1_647' title='bbox 1848 2061 1973 2117; x_wconf 66' lang='lat' dir='ltr'><strong>fera-</strong></span> <span class='ocrx_word' id='word_1_648' title='bbox 2005 2066 2263 2132; x_wconf 74' lang='lat' dir='ltr'><strong>rixantur,</strong></span> <span class='ocrx_word' id='word_1_649' title='bbox 2288 2068 2613 2135; x_wconf 87' lang='lat' dir='ltr'><strong>mordentes,</strong></span> <span class='ocrx_word' id='word_1_650' title='bbox 2648 2072 3026 2129; x_wconf 77' lang='lat' dir='ltr'><strong>calcitrantes?</strong></span> 
     </span>
    </p>
   </div>
   <div class='ocr_carea' id='block_1_80' title="bbox 1921 2154 3427 2241">
    <p class='ocr_par' dir='ltr' id='par_1_80' title="bbox 1921 2154 3427 2241">
     <span class='ocr_line' id='line_1_80' title="bbox 1921 2154 3427 2241; baseline 0.015 -33"><span class='ocrx_word' id='word_1_651' title='bbox 1921 2154 2010 2209; x_wconf 87' lang='lat' dir='ltr'><strong>Ira</strong></span> <span class='ocrx_word' id='word_1_652' title='bbox 2039 2158 2378 2229; x_wconf 83' lang='lat' dir='ltr'><strong>redarguitur.</strong></span> <span class='ocrx_word' id='word_1_653' title='bbox 2410 2191 2478 2200; x_wconf 88' lang='lat'><strong>——</strong></span> <span class='ocrx_word' id='word_1_654' title='bbox 2506 2162 2647 2216; x_wconf 84' lang='lat' dir='ltr'><strong>Nihil</strong></span> <span class='ocrx_word' id='word_1_655' title='bbox 2681 2167 2882 2233; x_wconf 78' lang='lat' dir='ltr'><strong>turpius</strong></span> <span class='ocrx_word' id='word_1_656' title='bbox 2915 2168 3025 2234; x_wconf 84' lang='lat' dir='ltr'><strong>ira,</strong></span> <span class='ocrx_word' id='word_1_657' title='bbox 3057 2171 3186 2226; x_wconf 87' lang='lat' dir='ltr'><strong>nihil</strong></span> <span class='ocrx_word' id='word_1_658' title='bbox 3234 2175 3388 2229; x_wconf 88' lang='lat' dir='ltr'><strong>vilius</strong></span> <span class='ocrx_word' id='word_1_659' title='bbox 3411 2219 3427 2241; x_wconf 85' lang='lat'><strong>,</strong></span> 
     </span>
    </p>
   </div>
   <div class='ocr_carea' id='block_1_81' title="bbox 1848 2245 3428 2328">
    <p class='ocr_par' dir='ltr' id='par_1_81' title="bbox 1848 2245 3428 2328">
     <span class='ocr_line' id='line_1_81' title="bbox 1848 2245 3428 2328; baseline 0.015 -31"><span class='ocrx_word' id='word_1_660' title='bbox 1848 2245 1978 2299; x_wconf 89' lang='lat' dir='ltr'><strong>nihil</strong></span> <span class='ocrx_word' id='word_1_661' title='bbox 2005 2251 2255 2315; x_wconf 82' lang='lat' dir='ltr'><strong>gravius,</strong></span> <span class='ocrx_word' id='word_1_662' title='bbox 2290 2249 2421 2303; x_wconf 88' lang='lat' dir='ltr'><strong>nihil</strong></span> <span class='ocrx_word' id='word_1_663' title='bbox 2464 2252 2752 2321; x_wconf 80' lang='lat' dir='ltr'><strong>ingratius,</strong></span> <span class='ocrx_word' id='word_1_664' title='bbox 2785 2256 2912 2310; x_wconf 80' lang='lat' dir='ltr'><strong>nihil</strong></span> <span class='ocrx_word' id='word_1_665' title='bbox 2942 2259 3270 2328; x_wconf 71' lang='lat' dir='ltr'><strong>damnosius.</strong></span> <span class='ocrx_word' id='word_1_666' title='bbox 3304 2265 3428 2321; x_wconf 67' lang='lat' dir='ltr'><strong>lltec</strong></span> 
     </span>
    </p>
   </div>
   <div class='ocr_carea' id='block_1_82' title="bbox 1847 2336 3443 2420">
    <p class='ocr_par' dir='ltr' id='par_1_82' title="bbox 1847 2336 3443 2420">
     <span class='ocr_line' id='line_1_82' title="bbox 1847 2336 3443 2420; baseline 0.017 -34"><span class='ocrx_word' id='word_1_667' title='bbox 1847 2336 1988 2400; x_wconf 86' lang='lat' dir='ltr'><strong>dico,</strong></span> <span class='ocrx_word' id='word_1_668' title='bbox 2042 2353 2145 2392; x_wconf 93' lang='lat' dir='ltr'><strong>non</strong></span> <span class='ocrx_word' id='word_1_669' title='bbox 2199 2347 2402 2395; x_wconf 90' lang='lat' dir='ltr'><strong>tantum</strong></span> <span class='ocrx_word' id='word_1_670' title='bbox 2456 2352 2512 2395; x_wconf 92' lang='grc' dir='ltr'><strong>ιιι</strong></span> <span class='ocrx_word' id='word_1_671' title='bbox 2559 2358 2678 2396; x_wconf 89' lang='lat' dir='ltr'><strong>cum</strong></span> <span class='ocrx_word' id='word_1_672' title='bbox 2713 2347 2840 2400; x_wconf 87' lang='lat' dir='ltr'><strong>viris</strong></span> <span class='ocrx_word' id='word_1_673' title='bbox 2882 2360 3036 2403; x_wconf 75' lang='lat' dir='ltr'><strong>mites</strong></span> <span class='ocrx_word' id='word_1_674' title='bbox 3077 2355 3244 2407; x_wconf 87' lang='lat' dir='ltr'><strong>simus</strong></span> <span class='ocrx_word' id='word_1_675' title='bbox 3272 2398 3287 2420; x_wconf 90' lang='lat'><strong>,</strong></span> <span class='ocrx_word' id='word_1_676' title='bbox 3331 2360 3443 2413; x_wconf 63' lang='lat' dir='ltr'><strong>sed</strong></span> 
     </span>
    </p>
   </div>
   <div class='ocr_carea' id='block_1_83' title="bbox 1847 2429 3429 2517">
    <p class='ocr_par' dir='ltr' id='par_1_83' title="bbox 1847 2429 3429 2517">
     <span class='ocr_line' id='line_1_83' title="bbox 1847 2429 3429 2517; baseline 0.014 -36"><span class='ocrx_word' id='word_1_677' title='bbox 1847 2429 2005 2481; x_wconf 88' lang='lat' dir='ltr'><strong>etiam</strong></span> <span class='ocrx_word' id='word_1_678' title='bbox 2036 2438 2091 2483; x_wconf 94' lang='lat' dir='ltr'><strong>ut</strong></span> <span class='ocrx_word' id='word_1_679' title='bbox 2116 2431 2160 2484; x_wconf 89' lang='lat' dir='ltr'><strong>si</strong></span> <span class='ocrx_word' id='word_1_680' title='bbox 2193 2447 2328 2485; x_wconf 80' lang='lat' dir='ltr'><strong>uxor</strong></span> <span class='ocrx_word' id='word_1_681' title='bbox 2358 2435 2546 2503; x_wconf 78' lang='lat' dir='ltr'><strong>loquax</strong></span> <span class='ocrx_word' id='word_1_682' title='bbox 2573 2435 2659 2500; x_wconf 87' lang='lat' dir='ltr'><strong>sit,</strong></span> <span class='ocrx_word' id='word_1_683' title='bbox 2691 2437 2828 2491; x_wconf 81' lang='lat' dir='ltr'><strong>feras</strong></span> <span class='ocrx_word' id='word_1_684' title='bbox 2854 2441 2995 2495; x_wconf 90' lang='lat' dir='ltr'><strong>illam</strong></span> <span class='ocrx_word' id='word_1_685' title='bbox 3028 2462 3042 2497; x_wconf 91' lang='lat'><strong>:</strong></span> <span class='ocrx_word' id='word_1_686' title='bbox 3074 2446 3141 2497; x_wconf 84' lang='lat' dir='ltr'><strong>sit</strong></span> <span class='ocrx_word' id='word_1_687' title='bbox 3166 2447 3255 2500; x_wconf 85' lang='lat' dir='ltr'><strong>tibi</strong></span> <span class='ocrx_word' id='word_1_688' title='bbox 3282 2452 3429 2517; x_wconf 63' lang='lat' dir='ltr'><strong>palo:-</strong></span> 
     </span>
    </p>
   </div>
   <div class='ocr_carea' id='block_1_84' title="bbox 1846 2527 3444 2597">
    <p class='ocr_par' dir='ltr' id='par_1_84' title="bbox 1846 2527 3444 2597">
     <span class='ocr_line' id='line_1_84' title="bbox 1846 2527 3444 2597; baseline 0.014 -24"><span class='ocrx_word' id='word_1_689' title='bbox 1846 2530 1955 2575; x_wconf 86' lang='lat' dir='ltr'><strong>stra</strong></span> <span class='ocrx_word' id='word_1_690' title='bbox 1996 2534 2049 2576; x_wconf 89' lang='lat' dir='ltr'><strong>et</strong></span> <span class='ocrx_word' id='word_1_691' title='bbox 2088 2527 2420 2593; x_wconf 78' lang='lat' dir='ltr'><strong>gymnasium</strong></span> <span class='ocrx_word' id='word_1_692' title='bbox 2469 2544 2620 2582; x_wconf 85' lang='lat' dir='ltr'><strong>uxor.</strong></span> <span class='ocrx_word' id='word_1_693' title='bbox 2664 2530 2941 2597; x_wconf 88' lang='lat' dir='ltr'><strong>Quomodo</strong></span> <span class='ocrx_word' id='word_1_694' title='bbox 2967 2538 3107 2588; x_wconf 78' lang='lat' dir='ltr'><strong>enizn</strong></span> <span class='ocrx_word' id='word_1_695' title='bbox 3138 2540 3444 2596; x_wconf 78' lang='lat' dir='ltr'><strong>:tllSlll‘tltllll&#39;</strong></span> 
     </span>
    </p>
   </div>
   <div class='ocr_carea' id='block_1_85' title="bbox 1848 2617 3423 2693">
    <p class='ocr_par' dir='ltr' id='par_1_85' title="bbox 1848 2617 3423 2693">
     <span class='ocr_line' id='line_1_85' title="bbox 1848 2617 3423 2693; baseline 0.015 -27"><span class='ocrx_word' id='word_1_696' title='bbox 1848 2631 1952 2668; x_wconf 90' lang='lat' dir='ltr'><strong>non</strong></span> <span class='ocrx_word' id='word_1_697' title='bbox 1980 2617 2135 2670; x_wconf 85' lang='lat' dir='ltr'><strong>fuerit</strong></span> <span class='ocrx_word' id='word_1_698' title='bbox 2164 2622 2440 2689; x_wconf 80' lang='lat' dir='ltr'><strong>gymnasia</strong></span> <span class='ocrx_word' id='word_1_699' title='bbox 2468 2622 2752 2677; x_wconf 88' lang='lat' dir='ltr'><strong>admittere</strong></span> <span class='ocrx_word' id='word_1_700' title='bbox 2772 2666 2788 2691; x_wconf 87' lang='lat'><strong>,</strong></span> <span class='ocrx_word' id='word_1_701' title='bbox 2815 2644 2933 2693; x_wconf 79' lang='lat' dir='ltr'><strong>qua:</strong></span> <span class='ocrx_word' id='word_1_702' title='bbox 2962 2630 3091 2682; x_wconf 90' lang='lat' dir='ltr'><strong>nihil</strong></span> <span class='ocrx_word' id='word_1_703' title='bbox 3126 2634 3259 2686; x_wconf 87' lang='lat' dir='ltr'><strong>lucri</strong></span> <span class='ocrx_word' id='word_1_704' title='bbox 3291 2636 3423 2690; x_wconf 84' lang='lat' dir='ltr'><strong>all&#39;e-</strong></span> 
     </span>
    </p>
   </div>
   <div class='ocr_carea' id='block_1_86' title="bbox 1847 2708 3426 2787">
    <p class='ocr_par' dir='ltr' id='par_1_86' title="bbox 1847 2708 3426 2787">
     <span class='ocr_line' id='line_1_86' title="bbox 1847 2708 3426 2787; baseline 0.013 -29"><span class='ocrx_word' id='word_1_705' title='bbox 1847 2716 1987 2768; x_wconf 83' lang='lat' dir='ltr'><strong>rant,</strong></span> <span class='ocrx_word' id='word_1_706' title='bbox 2041 2708 2127 2760; x_wconf 89' lang='lat' dir='ltr'><strong>ubi</strong></span> <span class='ocrx_word' id='word_1_707' title='bbox 2171 2725 2368 2778; x_wconf 89' lang='lat' dir='ltr'><strong>corpus</strong></span> <span class='ocrx_word' id='word_1_708' title='bbox 2398 2716 2711 2777; x_wconf 66' lang='lat' dir='ltr'><strong>atteriinus;</strong></span> <span class='ocrx_word' id='word_1_709' title='bbox 2754 2726 2808 2769; x_wconf 82' lang='lat' dir='ltr'><strong>et</strong></span> <span class='ocrx_word' id='word_1_710' title='bbox 2844 2725 3118 2787; x_wconf 71' lang='lat' dir='ltr'><strong>gymnasia</strong></span> <span class='ocrx_word' id='word_1_711' title='bbox 3149 2724 3289 2776; x_wconf 88' lang='lat' dir='ltr'><strong>domi</strong></span> <span class='ocrx_word' id='word_1_712' title='bbox 3322 2743 3426 2780; x_wconf 86' lang='lat' dir='ltr'><strong>non</strong></span> 
     </span>
    </p>
   </div>
   <div class='ocr_carea' id='block_1_87' title="bbox 1849 2803 3434 2870">
    <p class='ocr_par' dir='ltr' id='par_1_87' title="bbox 1849 2803 3434 2870">
     <span class='ocr_line' id='line_1_87' title="bbox 1849 2803 3434 2870; baseline 0.015 -24"><span class='ocrx_word' id='word_1_713' title='bbox 1849 2814 2057 2865; x_wconf 85' lang='lat' dir='ltr'><strong>parare,</strong></span> <span class='ocrx_word' id='word_1_714' title='bbox 2102 2816 2219 2869; x_wconf 74' lang='lat' dir='ltr'><strong>qnze</strong></span> <span class='ocrx_word' id='word_1_715' title='bbox 2268 2803 2428 2856; x_wconf 84' lang='lat' dir='ltr'><strong>etiam</strong></span> <span class='ocrx_word' id='word_1_716' title='bbox 2461 2815 2586 2858; x_wconf 87' lang='lat' dir='ltr'><strong>ante</strong></span> <span class='ocrx_word' id='word_1_717' title='bbox 2634 2810 2924 2862; x_wconf 75' lang='lat' dir='ltr'><strong>Certamina</strong></span> <span class='ocrx_word' id='word_1_718' title='bbox 2973 2826 3225 2867; x_wconf 84' lang='lat' dir='ltr'><strong>coronam</strong></span> <span class='ocrx_word' id='word_1_719' title='bbox 3277 2819 3434 2870; x_wconf 83' lang='lat' dir='ltr'><strong>nobis</strong></span> 
     </span>
    </p>
   </div>
   <div class='ocr_carea' id='block_1_88' title="bbox 1847 2892 3446 2964">
    <p class='ocr_par' dir='ltr' id='par_1_88' title="bbox 1847 2892 3446 2964">
     <span class='ocr_line' id='line_1_88' title="bbox 1847 2892 3446 2964; baseline 0.013 -20"><span class='ocrx_word' id='word_1_720' title='bbox 1847 2892 2177 2946; x_wconf 85' lang='lat' dir='ltr'><strong>concilient?</strong></span> <span class='ocrx_word' id='word_1_721' title='bbox 2221 2895 2556 2951; x_wconf 76' lang='lat' dir='ltr'><strong>(Iontnmclia</strong></span> <span class='ocrx_word' id='word_1_722' title='bbox 2598 2899 2761 2953; x_wconf 81' lang='lat' dir='ltr'><strong>afﬁcit</strong></span> <span class='ocrx_word' id='word_1_723' title='bbox 2792 2903 3023 2957; x_wconf 89' lang='lat' dir='ltr'><strong>mulier?</strong></span> <span class='ocrx_word' id='word_1_724' title='bbox 3051 2906 3126 2959; x_wconf 86' lang='lat' dir='ltr'><strong>Ne</strong></span> <span class='ocrx_word' id='word_1_725' title='bbox 3158 2916 3209 2961; x_wconf 88' lang='lat' dir='ltr'><strong>tu</strong></span> <span class='ocrx_word' id='word_1_726' title='bbox 3240 2911 3446 2964; x_wconf 75' lang='lat' dir='ltr'><strong>mulier-</strong></span> 
     </span>
    </p>
   </div>
   <div class='ocr_carea' id='block_1_89' title="bbox 1845 2982 3423 3066">
    <p class='ocr_par' dir='ltr' id='par_1_89' title="bbox 1845 2982 3423 3066">
     <span class='ocr_line' id='line_1_89' title="bbox 1845 2982 3423 3066; baseline 0.014 -32"><span class='ocrx_word' id='word_1_727' title='bbox 1845 2982 2099 3037; x_wconf 88' lang='lat' dir='ltr'><strong>efliciaris</strong></span> <span class='ocrx_word' id='word_1_728' title='bbox 2130 3003 2143 3038; x_wconf 90' lang='lat'><strong>:</strong></span> <span class='ocrx_word' id='word_1_729' title='bbox 2175 2986 2434 3041; x_wconf 89' lang='lat' dir='ltr'><strong>muliebre</strong></span> <span class='ocrx_word' id='word_1_730' title='bbox 2483 2990 2625 3042; x_wconf 88' lang='lat' dir='ltr'><strong>cnim</strong></span> <span class='ocrx_word' id='word_1_731' title='bbox 2675 3003 2756 3044; x_wconf 90' lang='lat' dir='ltr'><strong>est</strong></span> <span class='ocrx_word' id='word_1_732' title='bbox 2802 2997 3125 3050; x_wconf 80' lang='lat' dir='ltr'><strong>contumelia</strong></span> <span class='ocrx_word' id='word_1_733' title='bbox 3176 2999 3423 3066; x_wconf 81' lang='lat' dir='ltr'><strong>allicere;</strong></span> 
     </span>
    </p>
   </div>
   <div class='ocr_carea' id='block_1_90' title="bbox 1847 3074 3439 3159">
    <p class='ocr_par' dir='ltr' id='par_1_90' title="bbox 1847 3074 3439 3159">
     <span class='ocr_line' id='line_1_90' title="bbox 1847 3074 3439 3159; baseline 0.012 -32"><span class='ocrx_word' id='word_1_734' title='bbox 1847 3074 2065 3128; x_wconf 82' lang='lat' dir='ltr'><strong>morbus</strong></span> <span class='ocrx_word' id='word_1_735' title='bbox 2093 3085 2174 3129; x_wconf 89' lang='lat' dir='ltr'><strong>est</strong></span> <span class='ocrx_word' id='word_1_736' title='bbox 2214 3077 2406 3143; x_wconf 89' lang='lat' dir='ltr'><strong>animi,</strong></span> <span class='ocrx_word' id='word_1_737' title='bbox 2436 3079 2620 3133; x_wconf 90' lang='lat' dir='ltr'><strong>vitium</strong></span> <span class='ocrx_word' id='word_1_738' title='bbox 2647 3093 2750 3135; x_wconf 91' lang='lat' dir='ltr'><strong>cst.</strong></span> <span class='ocrx_word' id='word_1_739' title='bbox 2784 3082 2859 3137; x_wconf 82' lang='lat' dir='ltr'><strong>Ne</strong></span> <span class='ocrx_word' id='word_1_740' title='bbox 2887 3097 3039 3153; x_wconf 73' lang='lat' dir='ltr'><strong>putes</strong></span> <span class='ocrx_word' id='word_1_741' title='bbox 3067 3097 3118 3141; x_wconf 91' lang='lat' dir='ltr'><strong>te</strong></span> <span class='ocrx_word' id='word_1_742' title='bbox 3150 3089 3439 3159; x_wconf 74' lang='lat' dir='ltr'><strong>indignum</strong></span> 
     </span>
    </p>
   </div>
   <div class='ocr_carea' id='block_1_91' title="bbox 1847 3168 3426 3253">
    <p class='ocr_par' dir='ltr' id='par_1_91' title="bbox 1847 3168 3426 3253">
     <span class='ocr_line' id='line_1_91' title="bbox 1847 3168 3426 3253; baseline 0.011 -32"><span class='ocrx_word' id='word_1_743' title='bbox 1847 3182 1987 3228; x_wconf 76' lang='lat' dir='ltr'><strong>cssn,</strong></span> <span class='ocrx_word' id='word_1_744' title='bbox 2015 3168 2154 3237; x_wconf 89' lang='lat' dir='ltr'><strong>quod</strong></span> <span class='ocrx_word' id='word_1_745' title='bbox 2193 3185 2220 3222; x_wconf 92' lang='lat' dir='ltr'><strong>a</strong></span> <span class='ocrx_word' id='word_1_746' title='bbox 2254 3172 2479 3226; x_wconf 88' lang='lat' dir='ltr'><strong>muliere</strong></span> <span class='ocrx_word' id='word_1_747' title='bbox 2502 3177 2827 3230; x_wconf 84' lang='lat' dir='ltr'><strong>contumelia</strong></span> <span class='ocrx_word' id='word_1_748' title='bbox 2853 3179 3120 3233; x_wconf 50' lang='lat' dir='ltr'><strong>:il‘liciaris.</strong></span> <span class='ocrx_word' id='word_1_749' title='bbox 3152 3181 3426 3253; x_wconf 83' lang='lat' dir='ltr'><strong>Indignum</strong></span> 
     </span>
    </p>
   </div>
   <div class='ocr_carea' id='block_1_92' title="bbox 1848 3267 3424 3344">
    <p class='ocr_par' dir='ltr' id='par_1_92' title="bbox 1848 3267 3424 3344">
     <span class='ocr_line' id='line_1_92' title="bbox 1848 3267 3424 3344; baseline 0.013 -33"><span class='ocrx_word' id='word_1_750' title='bbox 1848 3268 1899 3312; x_wconf 88' lang='lat' dir='ltr'><strong>te</strong></span> <span class='ocrx_word' id='word_1_751' title='bbox 1928 3269 2027 3321; x_wconf 86' lang='lat' dir='ltr'><strong>est,</strong></span> <span class='ocrx_word' id='word_1_752' title='bbox 2070 3276 2189 3314; x_wconf 91' lang='lat' dir='ltr'><strong>cum</strong></span> <span class='ocrx_word' id='word_1_753' title='bbox 2239 3272 2291 3315; x_wconf 92' lang='lat' dir='ltr'><strong>tu</strong></span> <span class='ocrx_word' id='word_1_754' title='bbox 2329 3267 2652 3321; x_wconf 88' lang='lat' dir='ltr'><strong>contumelia</strong></span> <span class='ocrx_word' id='word_1_755' title='bbox 2689 3269 2877 3334; x_wconf 81' lang='lat' dir='ltr'><strong>amcis,</strong></span> <span class='ocrx_word' id='word_1_756' title='bbox 2915 3272 2996 3323; x_wconf 83' lang='lat' dir='ltr'><strong>illa</strong></span> <span class='ocrx_word' id='word_1_757' title='bbox 3030 3289 3155 3327; x_wconf 89' lang='lat' dir='ltr'><strong>vero</strong></span> <span class='ocrx_word' id='word_1_758' title='bbox 3184 3276 3424 3344; x_wconf 85' lang='lat' dir='ltr'><strong>philoso-</strong></span> 
     </span>
    </p>
   </div>
   <div class='ocr_carea' id='block_1_93' title="bbox 1848 3349 3423 3425">
    <p class='ocr_par' dir='ltr' id='par_1_93' title="bbox 1848 3349 3423 3425">
     <span class='ocr_line' id='line_1_93' title="bbox 1848 3349 3423 3425; baseline 0.018 -29"><span class='ocrx_word' id='word_1_759' title='bbox 1848 3349 2068 3418; x_wconf 84' lang='lat' dir='ltr'><strong>phatur;</strong></span> <span class='ocrx_word' id='word_1_760' title='bbox 2098 3362 2224 3406; x_wconf 88' lang='lat' dir='ltr'><strong>tuuc</strong></span> <span class='ocrx_word' id='word_1_761' title='bbox 2253 3358 2478 3423; x_wconf 88' lang='lat' dir='ltr'><strong>turpiter</strong></span> <span class='ocrx_word' id='word_1_762' title='bbox 2496 3359 2639 3425; x_wconf 77' lang='lat' dir='ltr'><strong>agis,</strong></span> <span class='ocrx_word' id='word_1_763' title='bbox 2667 3368 2792 3412; x_wconf 89' lang='lat' dir='ltr'><strong>tunc</strong></span> <span class='ocrx_word' id='word_1_764' title='bbox 2813 3365 3132 3417; x_wconf 76' lang='lat' dir='ltr'><strong>contumelia</strong></span> <span class='ocrx_word' id='word_1_765' title='bbox 3162 3368 3423 3424; x_wconf 80' lang='lat' dir='ltr'><strong>afﬁceris:</strong></span> 
     </span>
    </p>
   </div>
   <div class='ocr_carea' id='block_1_94' title="bbox 1847 3443 3429 3520">
    <p class='ocr_par' dir='ltr' id='par_1_94' title="bbox 1847 3443 3429 3520">
     <span class='ocr_line' id='line_1_94' title="bbox 1847 3443 3429 3520; baseline 0.015 -27"><span class='ocrx_word' id='word_1_766' title='bbox 1847 3443 1888 3493; x_wconf 89' lang='lat' dir='ltr'><strong>si</strong></span> <span class='ocrx_word' id='word_1_767' title='bbox 1920 3458 2045 3493; x_wconf 84' lang='lat' dir='ltr'><strong>vero</strong></span> <span class='ocrx_word' id='word_1_768' title='bbox 2074 3447 2456 3498; x_wconf 77' lang='lat' dir='ltr'><strong>contumeliam</strong></span> <span class='ocrx_word' id='word_1_769' title='bbox 2491 3449 2629 3502; x_wconf 87' lang='lat' dir='ltr'><strong>feras</strong></span> <span class='ocrx_word' id='word_1_770' title='bbox 2650 3491 2663 3511; x_wconf 93' lang='lat'><strong>,</strong></span> <span class='ocrx_word' id='word_1_771' title='bbox 2696 3466 2942 3520; x_wconf 85' lang='lat' dir='ltr'><strong>magnum</strong></span> <span class='ocrx_word' id='word_1_772' title='bbox 2974 3458 3075 3508; x_wconf 88' lang='lat' dir='ltr'><strong>crit</strong></span> <span class='ocrx_word' id='word_1_773' title='bbox 3104 3457 3429 3516; x_wconf 79' lang='lat' dir='ltr'><strong>fortitudinis</strong></span> 
     </span>
    </p>
   </div>
   <div class='ocr_carea' id='block_1_95' title="bbox 1849 3538 3438 3609">
    <p class='ocr_par' dir='ltr' id='par_1_95' title="bbox 1849 3538 3438 3609">
     <span class='ocr_line' id='line_1_95' title="bbox 1849 3538 3438 3609; baseline 0.015 -24"><span class='ocrx_word' id='word_1_774' title='bbox 1849 3542 1950 3585; x_wconf 80' lang='lat' dir='ltr'><strong>tua:</strong></span> <span class='ocrx_word' id='word_1_775' title='bbox 1984 3545 2373 3603; x_wconf 90' lang='lat' dir='ltr'><strong>argumentum.</strong></span> <span class='ocrx_word' id='word_1_776' title='bbox 2417 3538 2532 3593; x_wconf 90' lang='lat' dir='ltr'><strong>Non</strong></span> <span class='ocrx_word' id='word_1_777' title='bbox 2565 3541 2665 3594; x_wconf 88' lang='lat' dir='ltr'><strong>hoc</strong></span> <span class='ocrx_word' id='word_1_778' title='bbox 2695 3543 2815 3595; x_wconf 90' lang='lat' dir='ltr'><strong>dico</strong></span> <span class='ocrx_word' id='word_1_779' title='bbox 2836 3584 2852 3609; x_wconf 87' lang='lat'><strong>,</strong></span> <span class='ocrx_word' id='word_1_780' title='bbox 2896 3556 2953 3598; x_wconf 90' lang='grc' dir='ltr'><strong>ιιι</strong></span> <span class='ocrx_word' id='word_1_781' title='bbox 2993 3549 3246 3605; x_wconf 88' lang='lat' dir='ltr'><strong>mulieres</strong></span> <span class='ocrx_word' id='word_1_782' title='bbox 3278 3552 3438 3608; x_wconf 55' lang='lat' dir='ltr'><strong>indu»</strong></span> 
     </span>
    </p>
   </div>
   <div class='ocr_carea' id='block_1_96' title="bbox 1847 3626 3440 3709">
    <p class='ocr_par' dir='ltr' id='par_1_96' title="bbox 1847 3626 3440 3709">
     <span class='ocr_line' id='line_1_96' title="bbox 1847 3626 3440 3709; baseline 0.017 -37"><span class='ocrx_word' id='word_1_783' title='bbox 1847 3640 1963 3677; x_wconf 81' lang='lat' dir='ltr'><strong>cam</strong></span> <span class='ocrx_word' id='word_1_784' title='bbox 2010 3626 2075 3678; x_wconf 89' lang='lat' dir='ltr'><strong>:nl</strong></span> <span class='ocrx_word' id='word_1_785' title='bbox 2126 3630 2477 3683; x_wconf 86' lang='lat' dir='ltr'><strong>contumelias</strong></span> <span class='ocrx_word' id='word_1_786' title='bbox 2528 3631 2876 3700; x_wconf 86' lang='lat' dir='ltr'><strong>infercndas;</strong></span> <span class='ocrx_word' id='word_1_787' title='bbox 2925 3638 3099 3702; x_wconf 86' lang='lat' dir='ltr'><strong>absit;</strong></span> <span class='ocrx_word' id='word_1_788' title='bbox 3133 3642 3225 3694; x_wconf 86' lang='lat' dir='ltr'><strong>sed</strong></span> <span class='ocrx_word' id='word_1_789' title='bbox 3257 3654 3352 3709; x_wconf 93' lang='lat' dir='ltr'><strong>tit,</strong></span> <span class='ocrx_word' id='word_1_790' title='bbox 3384 3647 3440 3699; x_wconf 86' lang='lat' dir='ltr'><strong>si-</strong></span> 
     </span>
    </p>
   </div>
   <div class='ocr_carea' id='block_1_97' title="bbox 1846 3716 3431 3791">
    <p class='ocr_par' dir='ltr' id='par_1_97' title="bbox 1846 3716 3431 3791">
     <span class='ocr_line' id='line_1_97' title="bbox 1846 3716 3431 3791; baseline 0.013 -22"><span class='ocrx_word' id='word_1_791' title='bbox 1846 3725 2031 3769; x_wconf 67' lang='lat' dir='ltr'><strong>satana</strong></span> <span class='ocrx_word' id='word_1_792' title='bbox 2054 3716 2337 3785; x_wconf 79' lang='lat' dir='ltr'><strong>instigante</strong></span> <span class='ocrx_word' id='word_1_793' title='bbox 2364 3719 2412 3773; x_wconf 91' lang='lat' dir='ltr'><strong>id</strong></span> <span class='ocrx_word' id='word_1_794' title='bbox 2435 3727 2667 3788; x_wconf 85' lang='lat' dir='ltr'><strong>eveniat,</strong></span> <span class='ocrx_word' id='word_1_795' title='bbox 2696 3740 2788 3777; x_wconf 84' lang='lat' dir='ltr'><strong>vos</strong></span> <span class='ocrx_word' id='word_1_796' title='bbox 2821 3726 3019 3781; x_wconf 81' lang='lat' dir='ltr'><strong>feratis.</strong></span> <span class='ocrx_word' id='word_1_797' title='bbox 3056 3730 3295 3787; x_wconf 69' lang='lat' dir='ltr'><strong>Virorum</strong></span> <span class='ocrx_word' id='word_1_798' title='bbox 3322 3736 3431 3791; x_wconf 68' lang='lat' dir='ltr'><strong>for.</strong></span> 
     </span>
    </p>
   </div>
   <div class='ocr_carea' id='block_1_98' title="bbox 1850 3808 3441 3893">
    <p class='ocr_par' dir='ltr' id='par_1_98' title="bbox 1850 3808 3441 3893">
     <span class='ocr_line' id='line_1_98' title="bbox 1850 3808 3441 3893; baseline 0.015 -33"><span class='ocrx_word' id='word_1_799' title='bbox 1850 3808 1978 3861; x_wconf 90' lang='lat' dir='ltr'><strong>tium</strong></span> <span class='ocrx_word' id='word_1_800' title='bbox 2010 3819 2092 3861; x_wconf 74' lang='lat' dir='ltr'><strong>est</strong></span> <span class='ocrx_word' id='word_1_801' title='bbox 2120 3810 2364 3866; x_wconf 80' lang='lat' dir='ltr'><strong>infirmos</strong></span> <span class='ocrx_word' id='word_1_802' title='bbox 2387 3814 2547 3867; x_wconf 89' lang='lat' dir='ltr'><strong>ferre.</strong></span> <span class='ocrx_word' id='word_1_803' title='bbox 2580 3816 2634 3869; x_wconf 90' lang='lat' dir='ltr'><strong>Si</strong></span> <span class='ocrx_word' id='word_1_804' title='bbox 2665 3817 2893 3873; x_wconf 80' lang='lat' dir='ltr'><strong>famulus</strong></span> <span class='ocrx_word' id='word_1_805' title='bbox 2920 3824 3305 3882; x_wconf 79' lang='lat' dir='ltr'><strong>contradixcrit</strong></span> <span class='ocrx_word' id='word_1_806' title='bbox 3327 3872 3341 3893; x_wconf 95' lang='lat'><strong>,</strong></span> <span class='ocrx_word' id='word_1_807' title='bbox 3373 3840 3441 3884; x_wconf 63' lang='grc' dir='ltr'>ιιιι</span> 
     </span>
    </p>
   </div>
   <div class='ocr_carea' id='block_1_99' title="bbox 1848 3899 3429 3982">
    <p class='ocr_par' dir='ltr' id='par_1_99' title="bbox 1848 3899 3429 3982">
     <span class='ocr_line' id='line_1_99' title="bbox 1848 3899 3429 3982; baseline 0.015 -34"><span class='ocrx_word' id='word_1_808' title='bbox 1848 3899 2214 3969; x_wconf 80' lang='lat' dir='ltr'><strong>pliiIOSophice</strong></span> <span class='ocrx_word' id='word_1_809' title='bbox 2234 3918 2331 3973; x_wconf 85' lang='lat' dir='ltr'><strong>age</strong></span> <span class='ocrx_word' id='word_1_810' title='bbox 2356 3920 2368 3956; x_wconf 89' lang='lat'><strong>:</strong></span> <span class='ocrx_word' id='word_1_811' title='bbox 2393 3922 2495 3958; x_wconf 90' lang='lat' dir='ltr'><strong>non</strong></span> <span class='ocrx_word' id='word_1_812' title='bbox 2515 3909 2653 3976; x_wconf 88' lang='lat' dir='ltr'><strong>quod</strong></span> <span class='ocrx_word' id='word_1_813' title='bbox 2682 3911 2769 3964; x_wconf 91' lang='lat' dir='ltr'><strong>ille</strong></span> <span class='ocrx_word' id='word_1_814' title='bbox 2791 3922 3024 3966; x_wconf 90' lang='lat' dir='ltr'><strong>meretur</strong></span> <span class='ocrx_word' id='word_1_815' title='bbox 3050 3917 3256 3982; x_wconf 89' lang='lat' dir='ltr'><strong>audire,</strong></span> <span class='ocrx_word' id='word_1_816' title='bbox 3282 3918 3429 3972; x_wconf 74' lang='lat' dir='ltr'><strong>dicas</strong></span> 
     </span>
    </p>
   </div>
   <div class='ocr_carea' id='block_1_100' title="bbox 1848 3992 3434 4066">
    <p class='ocr_par' dir='ltr' id='par_1_100' title="bbox 1848 3992 3434 4066">
     <span class='ocr_line' id='line_1_100' title="bbox 1848 3992 3434 4066; baseline 0.014 -23"><span class='ocrx_word' id='word_1_817' title='bbox 1848 3992 1930 4045; x_wconf 88' lang='lat' dir='ltr'><strong>vel</strong></span> <span class='ocrx_word' id='word_1_818' title='bbox 1961 3993 2143 4057; x_wconf 85' lang='lat' dir='ltr'><strong>facias,</strong></span> <span class='ocrx_word' id='word_1_819' title='bbox 2168 3996 2259 4048; x_wconf 87' lang='lat' dir='ltr'><strong>sed</strong></span> <span class='ocrx_word' id='word_1_820' title='bbox 2283 3997 2422 4063; x_wconf 87' lang='lat' dir='ltr'><strong>quod</strong></span> <span class='ocrx_word' id='word_1_821' title='bbox 2452 4008 2664 4066; x_wconf 88' lang='lat' dir='ltr'><strong>oportet</strong></span> <span class='ocrx_word' id='word_1_822' title='bbox 2686 4010 2736 4053; x_wconf 85' lang='lat' dir='ltr'><strong>te</strong></span> <span class='ocrx_word' id='word_1_823' title='bbox 2761 4002 2943 4058; x_wconf 88' lang='lat' dir='ltr'><strong>dicere</strong></span> <span class='ocrx_word' id='word_1_824' title='bbox 2965 4016 3019 4058; x_wconf 88' lang='lat' dir='ltr'><strong>et</strong></span> <span class='ocrx_word' id='word_1_825' title='bbox 3045 4005 3240 4063; x_wconf 87' lang='lat' dir='ltr'><strong>facere.</strong></span> <span class='ocrx_word' id='word_1_826' title='bbox 3268 4009 3434 4064; x_wconf 80' lang='lat' dir='ltr'><strong>Num-</strong></span> 
     </span>
    </p>
   </div>
   <div class='ocr_carea' id='block_1_101' title="bbox 1846 4087 3428 4169">
    <p class='ocr_par' dir='ltr' id='par_1_101' title="bbox 1846 4087 3428 4169">
     <span class='ocr_line' id='line_1_101' title="bbox 1846 4087 3428 4169; baseline 0.011 -33"><span class='ocrx_word' id='word_1_827' title='bbox 1846 4100 2004 4152; x_wconf 87' lang='lat' dir='ltr'><strong>quam</strong></span> <span class='ocrx_word' id='word_1_828' title='bbox 2035 4087 2260 4154; x_wconf 90' lang='lat' dir='ltr'><strong>puellam</strong></span> <span class='ocrx_word' id='word_1_829' title='bbox 2292 4090 2613 4143; x_wconf 85' lang='lat' dir='ltr'><strong>contumelia</strong></span> <span class='ocrx_word' id='word_1_830' title='bbox 2646 4092 2870 4154; x_wconf 78' lang='lat' dir='ltr'><strong>afficias,</strong></span> <span class='ocrx_word' id='word_1_831' title='bbox 2901 4096 3120 4149; x_wconf 89' lang='lat' dir='ltr'><strong>verbum</strong></span> <span class='ocrx_word' id='word_1_832' title='bbox 3149 4108 3301 4169; x_wconf 86' lang='lat' dir='ltr'><strong>turpe</strong></span> <span class='ocrx_word' id='word_1_833' title='bbox 3342 4101 3428 4155; x_wconf 86' lang='lat' dir='ltr'><strong>cf-</strong></span> 
     </span>
    </p>
   </div>
   <div class='ocr_carea' id='block_1_102' title="bbox 1846 4179 3431 4249">
    <p class='ocr_par' dir='ltr' id='par_1_102' title="bbox 1846 4179 3431 4249">
     <span class='ocr_line' id='line_1_102' title="bbox 1846 4179 3431 4249; baseline 0.011 -19"><span class='ocrx_word' id='word_1_834' title='bbox 1846 4179 2057 4243; x_wconf 75' lang='lat' dir='ltr'><strong>l&#39;ei&#39;cns;</strong></span> <span class='ocrx_word' id='word_1_835' title='bbox 2087 4196 2373 4249; x_wconf 79' lang='lat' dir='ltr'><strong>numquam</strong></span> <span class='ocrx_word' id='word_1_836' title='bbox 2404 4181 2656 4236; x_wconf 88' lang='lat' dir='ltr'><strong>famulum</strong></span> <span class='ocrx_word' id='word_1_837' title='bbox 2688 4188 2973 4242; x_wconf 89' lang='lat' dir='ltr'><strong>scelestum</strong></span> <span class='ocrx_word' id='word_1_838' title='bbox 3004 4189 3173 4246; x_wconf 88' lang='lat' dir='ltr'><strong>dicas.</strong></span> <span class='ocrx_word' id='word_1_839' title='bbox 3203 4191 3296 4247; x_wconf 89' lang='lat' dir='ltr'><strong>lllc</strong></span> <span class='ocrx_word' id='word_1_840' title='bbox 3322 4211 3431 4248; x_wconf 89' lang='lat' dir='ltr'><strong>non</strong></span> 
     </span>
    </p>
   </div>
   <div class='ocr_carea' id='block_1_103' title="bbox 1847 4271 3429 4357">
    <p class='ocr_par' dir='ltr' id='par_1_103' title="bbox 1847 4271 3429 4357">
     <span class='ocr_line' id='line_1_103' title="bbox 1847 4271 3429 4357; baseline 0.014 -38"><span class='ocrx_word' id='word_1_841' title='bbox 1847 4271 2165 4324; x_wconf 84' lang='lat' dir='ltr'><strong>contumelia</strong></span> <span class='ocrx_word' id='word_1_842' title='bbox 2196 4271 2419 4327; x_wconf 78' lang='lat' dir='ltr'><strong>aﬂ‘ectns</strong></span> <span class='ocrx_word' id='word_1_843' title='bbox 2446 4284 2545 4339; x_wconf 87' lang='lat' dir='ltr'><strong>est,</strong></span> <span class='ocrx_word' id='word_1_844' title='bbox 2574 4278 2665 4330; x_wconf 87' lang='lat' dir='ltr'><strong>sed</strong></span> <span class='ocrx_word' id='word_1_845' title='bbox 2713 4287 2785 4331; x_wconf 93' lang='lat' dir='ltr'><strong>tu.</strong></span> <span class='ocrx_word' id='word_1_846' title='bbox 2820 4278 2935 4333; x_wconf 89' lang='lat' dir='ltr'><strong>Non</strong></span> <span class='ocrx_word' id='word_1_847' title='bbox 2966 4293 3138 4349; x_wconf 90' lang='lat' dir='ltr'><strong>potest</strong></span> <span class='ocrx_word' id='word_1_848' title='bbox 3168 4285 3218 4338; x_wconf 92' lang='lat' dir='ltr'><strong>in</strong></span> <span class='ocrx_word' id='word_1_849' title='bbox 3249 4288 3429 4357; x_wconf 88' lang='lat' dir='ltr'><strong>scipso</strong></span> 
     </span>
    </p>
   </div>
   <div class='ocr_carea' id='block_1_104' title="bbox 1851 4362 3428 4445">
    <p class='ocr_par' dir='ltr' id='par_1_104' title="bbox 1851 4362 3428 4445">
     <span class='ocr_line' id='line_1_104' title="bbox 1851 4362 3428 4445; baseline 0.015 -34"><span class='ocrx_word' id='word_1_850' title='bbox 1851 4375 2071 4415; x_wconf 87' lang='lat' dir='ltr'><strong>manere</strong></span> <span class='ocrx_word' id='word_1_851' title='bbox 2120 4362 2165 4416; x_wconf 92' lang='lat' dir='ltr'><strong>is</strong></span> <span class='ocrx_word' id='word_1_852' title='bbox 2207 4365 2295 4433; x_wconf 93' lang='lat' dir='ltr'><strong>qui</strong></span> <span class='ocrx_word' id='word_1_853' title='bbox 2330 4365 2576 4420; x_wconf 84' lang='lat' dir='ltr'><strong>irascitur</strong></span> <span class='ocrx_word' id='word_1_854' title='bbox 2599 4408 2615 4432; x_wconf 95' lang='lat'><strong>,</strong></span> <span class='ocrx_word' id='word_1_855' title='bbox 2643 4369 2781 4424; x_wconf 89' lang='lat' dir='ltr'><strong>sicut</strong></span> <span class='ocrx_word' id='word_1_856' title='bbox 2809 4387 2908 4427; x_wconf 85' lang='lat' dir='ltr'><strong>nec</strong></span> <span class='ocrx_word' id='word_1_857' title='bbox 2939 4375 3155 4445; x_wconf 81' lang='lat' dir='ltr'><strong>pelagiis</strong></span> <span class='ocrx_word' id='word_1_858' title='bbox 3182 4378 3428 4434; x_wconf 84' lang='lat' dir='ltr'><strong>fluctibus</strong></span> 
     </span>
    </p>
   </div>
   <div class='ocr_carea' id='block_1_105' title="bbox 1846 4453 3422 4536">
    <p class='ocr_par' dir='ltr' id='par_1_105' title="bbox 1846 4453 3422 4536">
     <span class='ocr_line' id='line_1_105' title="bbox 1846 4453 3422 4536; baseline 0.015 -33"><span class='ocrx_word' id='word_1_859' title='bbox 1846 4453 2132 4519; x_wconf 79' lang='lat' dir='ltr'><strong>agitatum;</strong></span> <span class='ocrx_word' id='word_1_860' title='bbox 2188 4472 2285 4510; x_wconf 90' lang='lat' dir='ltr'><strong>nec</strong></span> <span class='ocrx_word' id='word_1_861' title='bbox 2344 4457 2462 4511; x_wconf 88' lang='lat' dir='ltr'><strong>fons</strong></span> <span class='ocrx_word' id='word_1_862' title='bbox 2509 4475 2725 4515; x_wconf 87' lang='lat' dir='ltr'><strong>manere</strong></span> <span class='ocrx_word' id='word_1_863' title='bbox 2776 4479 2939 4533; x_wconf 90' lang='lat' dir='ltr'><strong>purus</strong></span> <span class='ocrx_word' id='word_1_864' title='bbox 2992 4477 3187 4536; x_wconf 89' lang='lat' dir='ltr'><strong>potest,</strong></span> <span class='ocrx_word' id='word_1_865' title='bbox 3223 4470 3332 4525; x_wconf 91' lang='lat' dir='ltr'><strong>luto</strong></span> <span class='ocrx_word' id='word_1_866' title='bbox 3371 4473 3422 4526; x_wconf 93' lang='lat' dir='ltr'><strong>in</strong></span> 
     </span>
    </p>
   </div>
   <div class='ocr_carea' id='block_1_106' title="bbox 1850 4539 3428 4621">
    <p class='ocr_par' dir='ltr' id='par_1_106' title="bbox 1850 4539 3428 4621">
     <span class='ocr_line' id='line_1_106' title="bbox 1850 4539 3428 4621; baseline 0.015 -27"><span class='ocrx_word' id='word_1_867' title='bbox 1850 4539 1997 4595; x_wconf 86' lang='lat' dir='ltr'><strong>illum</strong></span> <span class='ocrx_word' id='word_1_868' title='bbox 2030 4543 2293 4600; x_wconf 86' lang='lat' dir='ltr'><strong>incidente</strong></span> <span class='ocrx_word' id='word_1_869' title='bbox 2321 4564 2333 4600; x_wconf 93' lang='lat'><strong>:</strong></span> <span class='ocrx_word' id='word_1_870' title='bbox 2363 4549 2442 4603; x_wconf 89' lang='lat' dir='ltr'><strong>sic</strong></span> <span class='ocrx_word' id='word_1_871' title='bbox 2471 4551 2645 4603; x_wconf 91' lang='lat' dir='ltr'><strong>omnia</strong></span> <span class='ocrx_word' id='word_1_872' title='bbox 2676 4553 2992 4621; x_wconf 87' lang='lat' dir='ltr'><strong>miscentur;</strong></span> <span class='ocrx_word' id='word_1_873' title='bbox 3023 4559 3130 4612; x_wconf 90' lang='lat' dir='ltr'><strong>imo</strong></span> <span class='ocrx_word' id='word_1_874' title='bbox 3149 4563 3227 4615; x_wconf 88' lang='lat' dir='ltr'><strong>sic</strong></span> <span class='ocrx_word' id='word_1_875' title='bbox 3249 4564 3428 4617; x_wconf 87' lang='lat' dir='ltr'><strong>omnia</strong></span> 
     </span>
    </p>
   </div>
   <div class='ocr_carea' id='block_1_107' title="bbox 1848 4635 3430 4711">
    <p class='ocr_par' dir='ltr' id='par_1_107' title="bbox 1848 4635 3430 4711">
     <span class='ocr_line' id='line_1_107' title="bbox 1848 4635 3430 4711; baseline 0.015 -27"><span class='ocrx_word' id='word_1_876' title='bbox 1848 4646 1941 4687; x_wconf 91' lang='lat' dir='ltr'><strong>sus</strong></span> <span class='ocrx_word' id='word_1_877' title='bbox 1967 4635 2140 4703; x_wconf 89' lang='lat' dir='ltr'><strong>deque</strong></span> <span class='ocrx_word' id='word_1_878' title='bbox 2169 4647 2470 4694; x_wconf 88' lang='lat' dir='ltr'><strong>vertuntur.</strong></span> <span class='ocrx_word' id='word_1_879' title='bbox 2504 4643 2559 4696; x_wconf 85' lang='lat' dir='ltr'><strong>Si</strong></span> <span class='ocrx_word' id='word_1_880' title='bbox 2594 4644 2866 4711; x_wconf 85' lang='lat' dir='ltr'><strong>verberes,</strong></span> <span class='ocrx_word' id='word_1_881' title='bbox 2896 4648 2940 4703; x_wconf 84' lang='lat' dir='ltr'><strong>si</strong></span> <span class='ocrx_word' id='word_1_882' title='bbox 2975 4650 3206 4705; x_wconf 87' lang='lat' dir='ltr'><strong>tunicam</strong></span> <span class='ocrx_word' id='word_1_883' title='bbox 3227 4654 3430 4709; x_wconf 85' lang='lat' dir='ltr'><strong>discin-</strong></span> 
     </span>
    </p>
   </div>
   <div class='ocr_carea' id='block_1_108' title="bbox 1849 4724 3431 4814">
    <p class='ocr_par' dir='ltr' id='par_1_108' title="bbox 1849 4724 3431 4814">
     <span class='ocr_line' id='line_1_108' title="bbox 1849 4724 3431 4814; baseline 0.015 -37"><span class='ocrx_word' id='word_1_884' title='bbox 1849 4724 1966 4790; x_wconf 90' lang='lat' dir='ltr'><strong>das,</strong></span> <span class='ocrx_word' id='word_1_885' title='bbox 2022 4736 2076 4779; x_wconf 89' lang='lat' dir='ltr'><strong>tu</strong></span> <span class='ocrx_word' id='word_1_886' title='bbox 2127 4728 2298 4797; x_wconf 85' lang='lat' dir='ltr'><strong>majus</strong></span> <span class='ocrx_word' id='word_1_887' title='bbox 2339 4731 2596 4796; x_wconf 83' lang='lat' dir='ltr'><strong>ilainntitn</strong></span> <span class='ocrx_word' id='word_1_888' title='bbox 2639 4739 2926 4809; x_wconf 78' lang='lat' dir='ltr'><strong>accepisti;</strong></span> <span class='ocrx_word' id='word_1_889' title='bbox 2976 4742 3049 4796; x_wconf 92' lang='lat' dir='ltr'><strong>illi</strong></span> <span class='ocrx_word' id='word_1_890' title='bbox 3100 4759 3329 4814; x_wconf 84' lang='lat' dir='ltr'><strong>namque</strong></span> <span class='ocrx_word' id='word_1_891' title='bbox 3373 4748 3431 4801; x_wconf 89' lang='lat' dir='ltr'><strong>in</strong></span> 
     </span>
    </p>
   </div>
   <div class='ocr_carea' id='block_1_109' title="bbox 1849 4821 3425 4896">
    <p class='ocr_par' dir='ltr' id='par_1_109' title="bbox 1849 4821 3425 4896">
     <span class='ocr_line' id='line_1_109' title="bbox 1849 4821 3425 4896; baseline 0.013 -26"><span class='ocrx_word' id='word_1_892' title='bbox 1849 4833 2076 4886; x_wconf 86' lang='lat' dir='ltr'><strong>corpore</strong></span> <span class='ocrx_word' id='word_1_893' title='bbox 2119 4831 2173 4873; x_wconf 91' lang='lat' dir='ltr'><strong>et</strong></span> <span class='ocrx_word' id='word_1_894' title='bbox 2221 4821 2274 4874; x_wconf 92' lang='lat' dir='ltr'><strong>in</strong></span> <span class='ocrx_word' id='word_1_895' title='bbox 2325 4834 2470 4877; x_wconf 84' lang='lat' dir='ltr'><strong>veste</strong></span> <span class='ocrx_word' id='word_1_896' title='bbox 2516 4826 2663 4896; x_wconf 84' lang='lat' dir='ltr'><strong>plaga</strong></span> <span class='ocrx_word' id='word_1_897' title='bbox 2701 4841 2815 4894; x_wconf 89' lang='lat' dir='ltr'><strong>cst,</strong></span> <span class='ocrx_word' id='word_1_898' title='bbox 2865 4831 2956 4884; x_wconf 92' lang='lat' dir='ltr'><strong>tibi</strong></span> <span class='ocrx_word' id='word_1_899' title='bbox 2994 4849 3119 4887; x_wconf 89' lang='lat' dir='ltr'><strong>vero</strong></span> <span class='ocrx_word' id='word_1_900' title='bbox 3146 4837 3196 4888; x_wconf 91' lang='lat' dir='ltr'><strong>in</strong></span> <span class='ocrx_word' id='word_1_901' title='bbox 3224 4837 3425 4891; x_wconf 71' lang='lat' dir='ltr'><strong>anima.</strong></span> 
     </span>
    </p>
   </div>
   <div class='ocr_carea' id='block_1_110' title="bbox 1850 4910 3427 4997">
    <p class='ocr_par' dir='ltr' id='par_1_110' title="bbox 1850 4910 3427 4997">
     <span class='ocr_line' id='line_1_110' title="bbox 1850 4910 3427 4997; baseline 0.012 -34"><span class='ocrx_word' id='word_1_902' title='bbox 1850 4910 1995 4963; x_wconf 88' lang='lat' dir='ltr'><strong>Illam</strong></span> <span class='ocrx_word' id='word_1_903' title='bbox 2041 4914 2265 4975; x_wconf 87' lang='lat' dir='ltr'><strong>scidisti,</strong></span> <span class='ocrx_word' id='word_1_904' title='bbox 2300 4917 2441 4970; x_wconf 88' lang='lat' dir='ltr'><strong>illam</strong></span> <span class='ocrx_word' id='word_1_905' title='bbox 2484 4921 2807 4983; x_wconf 80' lang='lat' dir='ltr'><strong>vulnerasti;</strong></span> <span class='ocrx_word' id='word_1_906' title='bbox 2838 4926 3073 4994; x_wconf 79' lang='lat' dir='ltr'><strong>aurigam</strong></span> <span class='ocrx_word' id='word_1_907' title='bbox 3102 4928 3254 4997; x_wconf 89' lang='lat' dir='ltr'><strong>equis</strong></span> <span class='ocrx_word' id='word_1_908' title='bbox 3293 4930 3427 4982; x_wconf 72' lang='lat' dir='ltr'><strong>sub-</strong></span> 
     </span>
    </p>
   </div>
   <div class='ocr_carea' id='block_1_111' title="bbox 1842 4999 3427 5087">
    <p class='ocr_par' dir='ltr' id='par_1_111' title="bbox 1842 4999 3427 5087">
     <span class='ocr_line' id='line_1_111' title="bbox 1842 4999 3427 5087; baseline 0.013 -32"><span class='ocrx_word' id='word_1_909' title='bbox 1842 4999 2020 5068; x_wconf 88' lang='lat' dir='ltr'><strong>jecisli</strong></span> <span class='ocrx_word' id='word_1_910' title='bbox 2044 5046 2056 5064; x_wconf 89' lang='lat'><strong>,</strong></span> <span class='ocrx_word' id='word_1_911' title='bbox 2102 5007 2351 5072; x_wconf 88' lang='lat' dir='ltr'><strong>supinum</strong></span> <span class='ocrx_word' id='word_1_912' title='bbox 2386 5010 2517 5061; x_wconf 86' lang='lat' dir='ltr'><strong>trahi</strong></span> <span class='ocrx_word' id='word_1_913' title='bbox 2550 5014 2743 5064; x_wconf 81' lang='lat' dir='ltr'><strong>curasti</strong></span> <span class='ocrx_word' id='word_1_914' title='bbox 2778 5030 2790 5063; x_wconf 89' lang='lat'><strong>:</strong></span> <span class='ocrx_word' id='word_1_915' title='bbox 2830 5025 2990 5082; x_wconf 86' lang='lat' dir='ltr'><strong>atque</strong></span> <span class='ocrx_word' id='word_1_916' title='bbox 3020 5016 3250 5087; x_wconf 87' lang='lat' dir='ltr'><strong>idipsum</strong></span> <span class='ocrx_word' id='word_1_917' title='bbox 3281 5021 3336 5073; x_wconf 88' lang='lat' dir='ltr'><strong>lit</strong></span> <span class='ocrx_word' id='word_1_918' title='bbox 3363 5036 3427 5076; x_wconf 83' lang='lat' dir='ltr'><strong>ao</strong></span> 
     </span>
    </p>
   </div>
   <div class='ocr_carea' id='block_1_112' title="bbox 1849 5096 3429 5178">
    <p class='ocr_par' dir='ltr' id='par_1_112' title="bbox 1849 5096 3429 5178">
     <span class='ocr_line' id='line_1_112' title="bbox 1849 5096 3429 5178; baseline 0.014 -31"><span class='ocrx_word' id='word_1_919' title='bbox 1849 5096 1890 5148; x_wconf 92' lang='lat' dir='ltr'><strong>si</strong></span> <span class='ocrx_word' id='word_1_920' title='bbox 1934 5096 2113 5165; x_wconf 84' lang='lat' dir='ltr'><strong>auriga</strong></span> <span class='ocrx_word' id='word_1_921' title='bbox 2156 5098 2307 5152; x_wconf 77' lang='lat' dir='ltr'><strong>alteri</strong></span> <span class='ocrx_word' id='word_1_922' title='bbox 2336 5116 2693 5166; x_wconf 74' lang='lat' dir='ltr'><strong>snccensons,</strong></span> <span class='ocrx_word' id='word_1_923' title='bbox 2729 5105 2860 5157; x_wconf 89' lang='lat' dir='ltr'><strong>trahi</strong></span> <span class='ocrx_word' id='word_1_924' title='bbox 2905 5121 2961 5161; x_wconf 88' lang='lat' dir='ltr'><strong>se</strong></span> <span class='ocrx_word' id='word_1_925' title='bbox 3009 5111 3258 5178; x_wconf 86' lang='lat' dir='ltr'><strong>patiatur.</strong></span> <span class='ocrx_word' id='word_1_926' title='bbox 3304 5112 3429 5169; x_wconf 86' lang='lat' dir='ltr'><strong>Sive</strong></span> 
     </span>
    </p>
   </div>
   <div class='ocr_carea' id='block_1_113' title="bbox 1850 5185 3425 5269">
    <p class='ocr_par' dir='ltr' id='par_1_113' title="bbox 1850 5185 3425 5269">
     <span class='ocr_line' id='line_1_113' title="bbox 1850 5185 3425 5269; baseline 0.015 -31"><span class='ocrx_word' id='word_1_927' title='bbox 1850 5185 2094 5253; x_wconf 80' lang='lat' dir='ltr'><strong>increpcs</strong></span> <span class='ocrx_word' id='word_1_928' title='bbox 2114 5229 2129 5253; x_wconf 88' lang='lat'><strong>,</strong></span> <span class='ocrx_word' id='word_1_929' title='bbox 2179 5206 2291 5242; x_wconf 75' lang='lat' dir='ltr'><strong>sive</strong></span> <span class='ocrx_word' id='word_1_930' title='bbox 2339 5208 2554 5243; x_wconf 84' lang='lat' dir='ltr'><strong>moneas</strong></span> <span class='ocrx_word' id='word_1_931' title='bbox 2575 5235 2588 5257; x_wconf 86' lang='lat'><strong>,</strong></span> <span class='ocrx_word' id='word_1_932' title='bbox 2622 5195 2734 5248; x_wconf 77' lang='lat' dir='ltr'><strong>sive</strong></span> <span class='ocrx_word' id='word_1_933' title='bbox 2765 5197 2887 5266; x_wconf 81' lang='lat' dir='ltr'><strong>quid</strong></span> <span class='ocrx_word' id='word_1_934' title='bbox 2918 5199 3058 5252; x_wconf 87' lang='lat' dir='ltr'><strong>aliud</strong></span> <span class='ocrx_word' id='word_1_935' title='bbox 3091 5201 3272 5269; x_wconf 82' lang='lat' dir='ltr'><strong>facias,</strong></span> <span class='ocrx_word' id='word_1_936' title='bbox 3299 5206 3425 5260; x_wconf 68' lang='lat' dir='ltr'><strong>abso</strong></span> 
     </span>
    </p>
   </div>
   <div class='ocr_carea' id='block_1_114' title="bbox 1848 5277 3426 5361">
    <p class='ocr_par' dir='ltr' id='par_1_114' title="bbox 1848 5277 3426 5361">
     <span class='ocr_line' id='line_1_114' title="bbox 1848 5277 3426 5361; baseline 0.015 -34"><span class='ocrx_word' id='word_1_937' title='bbox 1848 5292 1950 5344; x_wconf 84' lang='lat' dir='ltr'><strong>que</strong></span> <span class='ocrx_word' id='word_1_938' title='bbox 1992 5277 2065 5331; x_wconf 83' lang='lat' dir='ltr'><strong>ira</strong></span> <span class='ocrx_word' id='word_1_939' title='bbox 2107 5289 2159 5332; x_wconf 87' lang='lat' dir='ltr'><strong>et</strong></span> <span class='ocrx_word' id='word_1_940' title='bbox 2200 5280 2379 5333; x_wconf 82' lang='lat' dir='ltr'><strong>furore</strong></span> <span class='ocrx_word' id='word_1_941' title='bbox 2419 5281 2593 5337; x_wconf 74' lang='lat' dir='ltr'><strong>facito.</strong></span> <span class='ocrx_word' id='word_1_942' title='bbox 2638 5285 2764 5339; x_wconf 83' lang='lat' dir='ltr'><strong>Nam</strong></span> <span class='ocrx_word' id='word_1_943' title='bbox 2806 5290 2847 5341; x_wconf 79' lang='lat' dir='ltr'><strong>si</strong></span> <span class='ocrx_word' id='word_1_944' title='bbox 2888 5290 2932 5342; x_wconf 90' lang='lat' dir='ltr'><strong>is</strong></span> <span class='ocrx_word' id='word_1_945' title='bbox 2958 5331 2972 5355; x_wconf 85' lang='lat'><strong>,</strong></span> <span class='ocrx_word' id='word_1_946' title='bbox 3021 5292 3109 5360; x_wconf 87' lang='lat' dir='ltr'><strong>qui</strong></span> <span class='ocrx_word' id='word_1_947' title='bbox 3152 5294 3426 5361; x_wconf 84' lang='lat' dir='ltr'><strong>incrcnat,</strong></span> 
     </span>
    </p>
   </div>
   <div class='ocr_carea' id='block_1_115' title="bbox 1909 5413 3422 5490">
    <p class='ocr_par' dir='ltr' id='par_1_115' title="bbox 1909 5413 3422 5490">
     <span class='ocr_line' id='line_1_115' title="bbox 1909 5413 3422 5490; baseline 0.014 -32"><span class='ocrx_word' id='word_1_948' title='bbox 1909 5413 2105 5490; x_wconf 58' lang='lat' dir='ltr'><strong>(inille</strong></span> <span class='ocrx_word' id='word_1_949' title='bbox 2132 5429 2467 5490; x_wconf 75' lang='lat' dir='ltr'><strong>porro,_qiiein_</strong></span> <span class='ocrx_word' id='word_1_950' title='bbox 2488 5418 2562 5489; x_wconf 78' lang='lat' dir='ltr'><strong>hic</strong></span> <span class='ocrx_word' id='word_1_951' title='bbox 2587 5430 2721 5490; x_wconf 60' lang='lat' dir='ltr'><strong>vocat</strong></span> <span class='ocrx_word' id='word_1_952' title='bbox 2756 5426 3094 5489; x_wconf 80' lang='lat' dir='ltr'><strong>Mempliibaal,</strong></span> <span class='ocrx_word' id='word_1_953' title='bbox 3121 5428 3162 5476; x_wconf 90' lang='lat' dir='ltr'><strong>is</strong></span> <span class='ocrx_word' id='word_1_954' title='bbox 3194 5443 3298 5490; x_wconf 82' lang='lat' dir='ltr'><strong>ipse</strong></span> <span class='ocrx_word' id='word_1_955' title='bbox 3324 5442 3422 5488; x_wconf 87' lang='lat' dir='ltr'><strong>est.</strong></span> 
     </span>
    </p>
   </div>
   <div class='ocr_carea' id='block_1_116' title="bbox 1846 5478 3425 5551">
    <p class='ocr_par' dir='ltr' id='par_1_116' title="bbox 1846 5478 3425 5551">
     <span class='ocr_line' id='line_1_116' title="bbox 1846 5478 3425 5551; baseline 0.007 -28"><span class='ocrx_word' id='word_1_956' title='bbox 1846 5478 1927 5551; x_wconf 76' lang='lat' dir='ltr'><strong>qui</strong></span> <span class='ocrx_word' id='word_1_957' title='bbox 1955 5484 2149 5551; x_wconf 78' lang='lat' dir='ltr'><strong>vocatur</strong></span> <span class='ocrx_word' id='word_1_958' title='bbox 2174 5478 2485 5551; x_wconf 45' lang='lat' dir='ltr'><strong>M&#39;i‘phibosetli</strong></span> <span class='ocrx_word' id='word_1_959' title='bbox 2522 5481 2569 5529; x_wconf 92' lang='lat' dir='ltr'><strong>in</strong></span> <span class='ocrx_word' id='word_1_960' title='bbox 2603 5481 2808 5551; x_wconf 61' lang='lat' dir='ltr'><strong>Vulgata</strong></span> <span class='ocrx_word' id='word_1_961' title='bbox 2828 5478 2888 5551; x_wconf 69' lang='grc' dir='ltr'><strong>ρι’</strong></span> <span class='ocrx_word' id='word_1_962' title='bbox 2912 5478 3285 5551; x_wconf 59' lang='grc' dir='ltr'><strong>ωεμᾳεωζοιεᾴυι]</strong></span> <span class='ocrx_word' id='word_1_963' title='bbox 3318 5478 3425 5540; x_wconf 62' lang='grc' dir='ltr'><strong>ι,χὶ</strong></span> 
     </span>
    </p>
   </div>
   <div class='ocr_carea' id='block_1_117' title="bbox 1848 5537 3428 5613">
    <p class='ocr_par' dir='ltr' id='par_1_117' title="bbox 1848 5537 3428 5613">
     <span class='ocr_line' id='line_1_117' title="bbox 1848 5537 3428 5613; baseline 0.012 -30"><span class='ocrx_word' id='word_1_964' title='bbox 1848 5537 2169 5613; x_wconf 56' lang='lat' dir='ltr'><strong>interpretes.</strong></span> <span class='ocrx_word' id='word_1_965' title='bbox 2194 5537 2384 5613; x_wconf 49' lang='lat' dir='ltr'><strong>I&#39;)icitnr</strong></span> <span class='ocrx_word' id='word_1_966' title='bbox 2407 5548 2572 5613; x_wconf 82' lang='lat' dir='ltr'><strong>autem</strong></span> <span class='ocrx_word' id='word_1_967' title='bbox 2616 5537 2891 5613; x_wconf 56' lang='lat' dir='ltr'><strong>btpﬁhliaal,</strong></span> <span class='ocrx_word' id='word_1_968' title='bbox 2915 5537 2977 5598; x_wconf 13' lang='lat' dir='ltr'><strong>l7.&quot;</strong></span> <span class='ocrx_word' id='word_1_969' title='bbox 2995 5537 3283 5613; x_wconf 14' lang='lat' dir='ltr'><strong>liii’ai&#39;ali&#39;p:</strong></span> <span class='ocrx_word' id='word_1_970' title='bbox 3306 5537 3428 5613; x_wconf 24' lang='lat' dir='ltr'><strong>citi,</strong></span> 
     </span>
    </p>
   </div>
   <div class='ocr_carea' id='block_1_118' title="bbox 1847 5598 3428 5673">
    <p class='ocr_par' dir='ltr' id='par_1_118' title="bbox 1847 5598 3428 5673">
     <span class='ocr_line' id='line_1_118' title="bbox 1847 5598 3428 5673; baseline 0.011 -28"><span class='ocrx_word' id='word_1_971' title='bbox 1847 5612 1893 5673; x_wconf 69' lang='grc' dir='ltr'><strong>ιιΣ</strong></span> <span class='ocrx_word' id='word_1_972' title='bbox 2021 5598 2091 5647; x_wconf 79' lang='lat' dir='ltr'><strong>Ex</strong></span> <span class='ocrx_word' id='word_1_973' title='bbox 2107 5598 2305 5673; x_wconf 65' lang='lat' dir='ltr'><strong>duobus</strong></span> <span class='ocrx_word' id='word_1_974' title='bbox 2340 5611 2515 5673; x_wconf 39' lang='lat' dir='ltr'><strong>autem.</strong></span> <span class='ocrx_word' id='word_1_975' title='bbox 2537 5606 2814 5673; x_wconf 77' lang='lat' dir='ltr'><strong>nominibus</strong></span> <span class='ocrx_word' id='word_1_976' title='bbox 2838 5598 2983 5659; x_wconf 81' lang='lat' dir='ltr'><strong>unum</strong></span> <span class='ocrx_word' id='word_1_977' title='bbox 2999 5598 3327 5673; x_wconf 39' lang='lat' dir='ltr'><strong>&#39;factinn‘e&#39;sl,</strong></span> <span class='ocrx_word' id='word_1_978' title='bbox 3342 5598 3428 5663; x_wconf 65' lang='grc' dir='ltr'><strong>⁷ίρυὲ</strong></span> 
     </span>
    </p>
   </div>
   <div class='ocr_carea' id='block_1_119' title="bbox 1847 5659 3427 5734">
    <p class='ocr_par' dir='ltr' id='par_1_119' title="bbox 1847 5659 3427 5734">
     <span class='ocr_line' id='line_1_119' title="bbox 1847 5659 3427 5734; baseline 0.013 -27"><span class='ocrx_word' id='word_1_979' title='bbox 1847 5666 1902 5734; x_wconf 75' lang='lat' dir='ltr'><strong>tit</strong></span> <span class='ocrx_word' id='word_1_980' title='bbox 1938 5659 2151 5730; x_wconf 78' lang='lat' dir='ltr'><strong>Memphi</strong></span> <span class='ocrx_word' id='word_1_981' title='bbox 2175 5674 2242 5734; x_wconf 10' lang='lat' dir='ltr'><strong>exi</strong></span> <span class='ocrx_word' id='word_1_982' title='bbox 2256 5676 2369 5722; x_wconf 91' lang='lat' dir='ltr'><strong>uno,</strong></span> <span class='ocrx_word' id='word_1_983' title='bbox 2386 5664 2515 5734; x_wconf 40' lang='lat' dir='ltr'><strong>.b&#39;aal</strong></span> <span class='ocrx_word' id='word_1_984' title='bbox 2541 5680 2601 5715; x_wconf 84' lang='lat' dir='ltr'><strong>ex</strong></span> <span class='ocrx_word' id='word_1_985' title='bbox 2629 5667 2784 5734; x_wconf 79' lang='lat' dir='ltr'><strong>altero</strong></span> <span class='ocrx_word' id='word_1_986' title='bbox 2803 5675 2993 5734; x_wconf 86' lang='lat' dir='ltr'><strong>nomine</strong></span> <span class='ocrx_word' id='word_1_987' title='bbox 3014 5659 3325 5734; x_wconf 73' lang='lat' dir='ltr'><strong>desumptuiii</strong></span> <span class='ocrx_word' id='word_1_988' title='bbox 3343 5659 3427 5727; x_wconf 50' lang='lat' dir='ltr'><strong>si:</strong></span> 
     </span>
    </p>
   </div>
   <div class='ocr_carea' id='block_1_120' title="bbox 1849 5722 3431 5803">
    <p class='ocr_par' dir='ltr' id='par_1_120' title="bbox 1849 5722 3431 5803">
     <span class='ocr_line' id='line_1_120' title="bbox 1849 5722 3431 5803; baseline 0.011 -34"><span class='ocrx_word' id='word_1_989' title='bbox 1849 5729 1992 5803; x_wconf 45' lang='lat' dir='ltr'><strong>lloqro</strong></span> <span class='ocrx_word' id='word_1_990' title='bbox 2007 5722 2081 5803; x_wconf 81' lang='lat' dir='ltr'><strong>sic|</strong></span> <span class='ocrx_word' id='word_1_991' title='bbox 2115 5733 2310 5803; x_wconf 43' lang='lat' dir='ltr'><strong>uitiatur</strong></span> <span class='ocrx_word' id='word_1_992' title='bbox 2332 5726 2477 5803; x_wconf 67' lang='lat' dir='ltr'><strong>etiam</strong></span> <span class='ocrx_word' id='word_1_993' title='bbox 2511 5742 2656 5791; x_wconf 88' lang='lat' dir='ltr'><strong>supra</strong></span> <span class='ocrx_word' id='word_1_994' title='bbox 2690 5731 2738 5778; x_wconf 90' lang='lat' dir='ltr'><strong>in</strong></span> <span class='ocrx_word' id='word_1_995' title='bbox 2759 5732 2957 5794; x_wconf 77' lang='lat' dir='ltr'><strong>SynOpsi</strong></span> <span class='ocrx_word' id='word_1_996' title='bbox 2983 5722 3240 5803; x_wconf 58' lang='lat' dir='ltr'><strong>Scriptur&#39;ge</strong></span> <span class='ocrx_word' id='word_1_997' title='bbox 3252 5722 3431 5797; x_wconf 51' lang='lat' dir='ltr'><strong>Sacra&quot;,</strong></span> 
     </span>
    </p>
   </div>
   <div class='ocr_carea' id='block_1_121' title="bbox 1847 5782 3423 5857">
    <p class='ocr_par' dir='ltr' id='par_1_121' title="bbox 1847 5782 3423 5857">
     <span class='ocr_line' id='line_1_121' title="bbox 1847 5782 3423 5857; baseline 0.012 -28"><span class='ocrx_word' id='word_1_998' title='bbox 1847 5790 1899 5830; x_wconf 79' lang='lat' dir='ltr'><strong>&#39;r.</strong></span> <span class='ocrx_word' id='word_1_999' title='bbox 1923 5784 1955 5830; x_wconf 74' lang='grc' dir='ltr'>ὃ</span> <span class='ocrx_word' id='word_1_1000' title='bbox 1973 5782 2101 5857; x_wconf 29' lang='lat' dir='ltr'><strong>,‘cql:</strong></span> <span class='ocrx_word' id='word_1_1001' title='bbox 2130 5787 2257 5857; x_wconf 59' lang='grc' dir='ltr'><strong>βψ.</strong></span> <span class='ocrx_word' id='word_1_1002' title='bbox 2301 5782 2633 5857; x_wconf 69' lang='lat' dir='ltr'><strong>&#39;t‘lieodoretiis</strong></span> <span class='ocrx_word' id='word_1_1003' title='bbox 2664 5782 2862 5856; x_wconf 70' lang='lat' dir='ltr'><strong>quoque</strong></span> <span class='ocrx_word' id='word_1_1004' title='bbox 2883 5782 3236 5857; x_wconf 47' lang='lat' dir='ltr'><strong>lueittpltibaal—</strong></span> 
     </span>
    </p>
   </div>
   <div class='ocr_carea' id='block_1_122' title="bbox 1849 5846 2658 5914">
    <p class='ocr_par' dir='ltr' id='par_1_122' title="bbox 1849 5846 2658 5914">
     <span class='ocr_line' id='line_1_122' title="bbox 1849 5846 2658 5914; baseline 0.011 -22"><span class='ocrx_word' id='word_1_1005' title='bbox 1849 5853 2019 5908; x_wconf 70' lang='lat' dir='ltr'><strong>quiest.</strong></span> <span class='ocrx_word' id='word_1_1006' title='bbox 2045 5846 2100 5897; x_wconf 75' lang='lat' dir='ltr'><strong>3i</strong></span> <span class='ocrx_word' id='word_1_1007' title='bbox 2128 5848 2175 5896; x_wconf 90' lang='lat' dir='ltr'><strong>in</strong></span> <span class='ocrx_word' id='word_1_1008' title='bbox 2210 5848 2385 5899; x_wconf 77' lang='lat' dir='ltr'><strong>horum</strong></span> <span class='ocrx_word' id='word_1_1009' title='bbox 2407 5851 2438 5898; x_wconf 72' lang='lat'><strong>‘2</strong></span> <span class='ocrx_word' id='word_1_1010' title='bbox 2462 5859 2658 5914; x_wconf 81' lang='lat' dir='ltr'><strong>tteguin.</strong></span> 
     </span>
    </p>
   </div>
  </div>
