3978 6506
512 371 615 428 127

513 485 756 542 medicus
775 493 859 538 est
885 480 1179 554 peccantis,
1206 479 1475 552 quomodo
1503 480 1668 549 possit
1696 480 1855 533 alium
1883 495 2092 543 curare,

510 594 633 633 cum
663 576 763 631 sibi
794 575 892 645 ipsi
921 574 1069 645 prius
1091 573 1287 628 malum
1315 570 1572 635 intulerit,
1604 585 1702 625 nec
1730 569 1965 639 seipsum
2001 585 2095 624 cu-
2124 628 2127 629 ν

510 671 628 727 ret?
656 670 711 726 Si
736 670 890 740 quis,
923 681 1140 738 qumso,
1170 664 1408 721 medicus
1433 664 1595 718 alium
1636 673 1919 719 curaturus
1957 663 2058 719 iret
2078 705 2093 727 ,

511 774 788 835 postquam
817 762 966 833 prius
1004 774 1223 815 manum
1253 772 1403 814 suam
1443 756 1739 813 saueiasset
1762 798 1777 821 ,
1808 766 2092 827 postquam

518 858 665 928 prius
697 857 887 911 oculos
912 861 1258 915 excaecasset,
1290 866 1416 905 num
1440 851 1516 904 sic
1548 851 1695 905 illum
1722 851 1972 905 curaret?
2001 850 2096 903 Mi-

514 950 678 1016 nime,
710 946 936 1018 inquies.
967 944 1058 1000 Sic
1086 952 1136 998 et
1167 952 1218 997 tu
1250 942 1376 998 licet
1403 942 1666 1010 increpes,
1704 940 1827 996 licet
1853 955 2092 1007 moneas,

511 1055 645 1111 pura
672 1038 887 1093 videant
919 1035 1057 1090 oeuli
1098 1035 1195 1089 tui.
1238 1033 1315 1087 Ne
1357 1034 1540 1087 turbes
1572 1048 1825 1099 mentem,
1858 1032 2093 1103 alioquin

508 1128 778 1201 quomodo
826 1126 1032 1182 medela
1077 1126 1216 1182 erit?
1260 1124 1373 1180 Non
1414 1132 1635 1193 possunt
1674 1124 1727 1178 in
1761 1123 1947 1180 eadem
1974 1139 2095 1180 esse

514 1220 900 1292 tranquillitate
937 1219 1028 1289 qui
1060 1233 1166 1272 non
1197 1217 1445 1271 irascitur
1471 1226 1525 1269 et
1555 1215 1643 1285 qui
1673 1215 1939 1271 irascitur.
1984 1214 2094 1270 Cur

508 1312 729 1367 doctore
758 1312 989 1367 decusso
1018 1309 1085 1364 de
1120 1309 1333 1373 throno,
1367 1307 1513 1361 humi
1536 1306 1805 1376 jacentem
1847 1307 2092 1377 alloque-

506 1403 618 1459 ris?
659 1402 774 1457 Non
822 1402 972 1455 vides
994 1401 1221 1468 judices,
1254 1400 1491 1468 quicum
1526 1397 1814 1465 judicaturi
1850 1407 1969 1451 sunt
1993 1440 2007 1457 .
2039 1398 2089 1451 in

1118 1540 1265 1547 σ-...έ-δ

542 1544 993 1556 “Humi—Mm
1008 1542 1111 1547 ’φο-ο

1696 1535 2901 1560 Ἥ

1240 365 1299 423 s.
1337 364 1613 422 massas
1649 363 2126 421 cumsosrout
2164 365 2483 423 ARCiitEP.
2518 368 3047 431 CONSTANTINOP.
3631 348 3713 453 ηε

2209 479 2402 561 throno
2445 484 2665 551 sedent,
2700 489 2751 542 in
2784 488 2963 544 habitu
3005 493 3255 549 decenti?
3291 495 3375 553 Sic
3412 510 3459 555 et
3483 513 3531 557 tu
3558 507 3718 577 facit".

2203 590 2333 628 orna
2385 575 2617 632 animam
2665 589 2807 636 tuam
2858 589 3051 639 vestitu
3088 585 3360 654 judiciali;
3399 591 3503 649 hare
3528 613 3633 655 vera
3657 575 3719 664 est

2201 667 2424 735 :equitas
2476 685 2489 721 :
2530 678 2585 724 et
2610 681 2734 727 tunc
2760 674 2811 727 in
2844 673 3039 730 throno
3080 676 3243 747 judex
3270 681 3409 738 sede.
3434 684 3529 741 Sed
3556 706 3646 747 non
3674 700 3727 751 ti-

2208 759 2394 821 mebit.
2428 763 2657 832 inquies.
2682 764 2792 821 lmo
2814 770 2982 837 magis
3003 770 3228 825 timebit.
3256 772 3400 830 Tune
3418 793 3534 835 vero
3552 785 3725 844 etiamsi

2200 851 2341 916 justa
2371 852 2590 920 dixeris,
2624 855 2674 910 id
2707 857 2869 913 furori
2893 876 3080 916 servus
3106 863 3408 935 impulabit;
3434 870 3475 924 si
3500 888 3613 930 vero
3630 893 3728 934 cum

2203 947 2647 1016 mansuetudine,
2678 952 2913 1021 seipsum
2962 954 3234 1011 damnabit
3263 974 3277 1008 :
3308 961 3539 1031 quodque
3565 973 3724 1036 parci-

2201 1048 2361 1103 pnnm
2394 1045 2509 1101 est.
2545 1047 2595 1095 te
2622 1040 2761 1097 Deus
2802 1054 3079 1114 acceptum
3117 1046 3367 1116 habebit,
3395 1061 3446 1107 et
3470 1055 3542 1109 sic
3567 1063 3734 1126 puteris

2201 1136 2402 1181 a-teraa
2422 1127 2559 1184 bona
2576 1134 2851 1204 consequi,
2869 1138 3059 1206 gratia,
3090 1140 3425 1199 miseratione
3452 1157 3502 1201 et
3527 1148 3735 1221 benigni-

2202 1230 2307 1316 tﬂate
2340 1222 2547 1279 Domini
2571 1229 2738 1282 nostri
2766 1228 2892 1285 Jesu
2913 1230 3135 1305 Christi,
3161 1236 3374 1305 quicum
3403 1239 3539 1296 Patri
3559 1260 3739 1316 unaque

2202 1310 2426 1379 Spiritui
2467 1326 2653 1372 sancto
2693 1320 2864 1389 gloria
2889 1363 2904 1388 ,
2951 1324 3230 1393 imperium
3255 1366 3272 1391 ,
3316 1330 3481 1386 honor
3504 1373 3520 1399 ,
3549 1310 3679 1391 nunc
3696 1348 3739 1392 et

2202 1416 2415 1473 semper
2433 1446 2450 1475 ,
2481 1416 2536 1462 et
2563 1412 2616 1463 in
2644 1413 2836 1467 sazcula
2868 1416 3206 1474 steculorum.
3232 1424 3422 1477 Amen.

2906 1555 3133 1563 _______._,

3338 1561 3507 1570 Μ

3510 1566 3730 1579 *ιτ-..-

1881 1605 2229 1669 HOMILIA
2274 1613 2441 1676 XVI.

510 1769 637 1821 (Lar.
667 1768 719 1821 7.
750 1783 800 1819 v.
833 1764 884 1820 6.
912 1763 1170 1833 Loqttutus
1191 1768 1444 1834 estautent
1464 1774 1536 1811 sic
1568 1756 1705 1810 Deus
1736 1753 2089 1817 dicens:Quia

579 1859 670 1911 erit
700 1873 865 1911 semen
897 1858 1007 1926 ejus
1035 1855 1207 1906 accola
1245 1853 1294 1903 in
1343 1861 1474 1904 terra
1523 1852 1689 1903 aliena
1723 1890 1738 1913 ,
1779 1857 1825 1900 et
1866 1843 2091 1900 servituti

579 1969 661 2005 eos
691 1944 979 2019 subjicient,
1012 1955 1059 2001 et
1087 1948 1220 2000 male
1241 1944 1525 2000 tractabunl
1554 1960 1637 1996 eos
1664 1941 1813 1994 annis
1842 1938 2086 2009 quadrin-

577 2047 771 2114 gentis;
803 2044 854 2095 7.
888 2052 932 2095 et
970 2051 1167 2111 gentem
1205 2039 1289 2093 cui
1331 2039 1591 2094 servierint
1622 2079 1637 2098 ,
1677 2034 1924 2104 judicabo
1953 2048 2043 2099 ego
2070 2072 2084 2094 ,

578 2140 701 2192 dicit
729 2137 904 2200 Deus;
934 2147 980 2189 et
1009 2145 1119 2205 post
1150 2135 1256 2187 hazc
1277 2134 1503 2193 exibunt,
1537 2141 1579 2183 et
1606 2130 1819 2184 servient
1869 2127 1992 2179 mihi
2036 2127 2087 2176 in

578 2233 689 2284 loco
714 2230 830 2283 isto.

580 2328 630 2378 1.
669 2320 796 2375 Vide
822 2329 946 2374 ante
975 2328 1105 2389 quot
1125 2334 1298 2372 annos
1327 2316 1610 2385 promissio
1636 2324 1689 2368 ct
1717 2311 2089 2381 promissionis

507 2414 729 2479 modus;
761 2423 815 2468 et
845 2426 1105 2481 nusquam
1136 2408 1485 2472 Sacriﬁcium,
1517 2421 1777 2474 nusquam
1805 2403 2089 2458 circumci-

504 2508 606 2561 sio.
636 2505 731 2559 llic
758 2503 1029 2567 ostendit,
1063 2503 1225 2556 Deum
1261 2501 1572 2569 permisisse
1596 2508 1652 2551 ut
1679 2498 1750 2550 illi
1780 2496 2086 2565 afﬂigeren—

507 2610 612 2662 tur,
648 2612 747 2652 uec
792 2599 1008 2666 impune
1051 2596 1164 2650 fore
1212 2610 1306 2648 cus
1339 2634 1354 2657 ,
1404 2594 1492 2663 qui
1526 2593 1846 2644 al‘llixerant.
1881 2587 2089 2642 Gentem

505 2702 697 2758 autem,
726 2691 808 2745 cui
836 2689 1092 2744 servierint
1118 2731 1132 2753 ,
1147 2687 1391 2758 judicabo
1421 2702 1539 2756 ego,
1571 2686 1691 2737 dicit
1714 2683 1871 2737 Deus.
1906 2682 2090 2736 Videu‘

505 2786 596 2856 qui
618 2784 881 2855 promisit,
909 2783 996 2853 qui
1026 2782 1173 2836 dedit
1200 2791 1419 2845 terram,
1458 2778 1604 2847 prius
1630 2777 1764 2831 mala
1792 2776 2045 2847 permittit
2073 2794 2084 2823 :

506 2881 587 2933 sic
629 2885 684 2931 et
721 2893 861 2930 nunc
893 2878 1019 2931 licet
1063 2889 1283 2943 regnum
1327 2872 1626 2942 promiserit
1662 2911 1676 2935 ,
1709 2869 2090 2924 tcntationihus

507 2971 746 3026 exerceri
789 2969 934 3023 sinit.
984 2969 1040 3023 Si
1082 2967 1169 3021 hic
1209 2976 1331 3035 post
1368 2964 1786 3035 quadringentos
1815 2977 1983 3016 annos
2021 2962 2111 3020 li«,

505 3064 707 3128 bertas,
740 3061 865 3131 quid
896 3060 1087 3114 mirum
1112 3101 1126 3124 ,
1157 3058 1201 3113 si
1232 3057 1458 3128 idipsum
1491 3057 1541 3110 in
1577 3070 1742 3125 regno
1769 3054 1857 3108 ﬁat
1882 3053 1905 3108 ?
1935 3056 2086 3108 Atta-

508 3173 630 3212 men
664 3156 765 3210 hoc
793 3154 920 3209 fecit
950 3194 964 3218 ,
1015 3168 1113 3207 nec
1144 3163 1353 3221 tempus
1390 3150 1565 3220 potuit
1606 3149 1799 3203 falsum
1827 3162 1946 3203 esse
1976 3162 2106 3202 ser-

511 3263 726 3304 munem
757 3246 1108 3316 comprobare
1136 3286 1149 3307 ,
1181 3245 1282 3299 etsi
1320 3258 1426 3298 non
1474 3242 1679 3296 modica
1706 3240 1948 3310 Oppressi
1982 3240 2091 3293 sint

507 3341 782 3396 servitute.
816 3339 1000 3408 Neque
1028 3336 1163 3392 satis
1189 3336 1288 3406 ipsi
1318 3333 1417 3390 fuit
1443 3334 1563 3389 illos
1594 3332 1885 3404 punivissc,
1914 3333 2005 3387 sed
2035 3343 2088 3387 et

510 3431 596 3488 his
649 3432 787 3486 bona
828 3429 1114 3500 promittit.
1149 3428 1371 3484 Videtur
1415 3437 1595 3482 autem
1637 3428 1767 3481 mihi
1822 3427 1906 3480 hic
1952 3426 2090 3480 velle

507 3526 638 3596 ipsis
660 3526 915 3580 henelicia
948 3524 1002 3578 in
1028 3522 1341 3577 memoriam
1372 3536 1646 3576 revocare.
1673 3520 1726 3575 8.
1757 3518 1824 3573 Et
1853 3520 1989 3573 dedit
2014 3520 2090 3573 illi

510 3626 863 3669 testamentmn
893 3614 1290 3668 circttntcisionis
1324 3656 1339 3678 ,
1381 3624 1428 3667 et
1471 3615 1542 3666 sic
1587 3614 1757 3683 genuit
1789 3611 1958 3665 Isaac.
1995 3612 2089 3665 llic

503 3709 612 3779 jam
642 3708 921 3762 demissius
953 3707 1200 3777 ioquitur.
1229 3705 1293 3760 Et
1314 3706 1621 3759 circumcidit
1643 3722 1753 3759 eum
1773 3705 1855 3759 die
1877 3716 2052 3759 octavo
2070 3719 2090 3758 :

506 3810 553 3854 et
580 3800 732 3854 Isaac
758 3798 918 3853 Iacob
941 3842 957 3863 ,
984 3810 1030 3853 et
1059 3799 1220 3853 Jacob
1244 3800 1508 3853 duodecim
1534 3800 1870 3870 patriarchas.
1902 3798 1969 3852 Et
1998 3814 2090 3868 pa-

508 3892 743 3947 triarcha:
779 3893 1094 3956 wmulantes.
1121 3891 1311 3961 Joseph
1338 3891 1667 3945 vendiderunt
1697 3893 1747 3944 in
1776 3888 2084 3961 Egi/ptum.

507 3985 620 4043 Hoc
644 3996 698 4040 et
725 3985 776 4039 in
805 3985 1017 4039 Christo
1064 3988 1257 4038 factum
1286 3993 1403 4039 est:
1436 4000 1558 4037 nam
1601 3984 1742 4037 illius
1775 3984 1941 4053 ligura
1970 3991 2089 4036 erat

506 4078 731 4148 Joseph;
762 4079 990 4147 idecque
1019 4078 1360 4132 subindieans
1388 4078 1537 4135 illud.
1570 4087 1730 4130 totam
1759 4078 1888 4131 texit
1919 4076 2087 4130 histo-

509 4174 666 4227 riam.
704 4170 835 4226 Cum
877 4174 1018 4227 enim
1069 4172 1199 4227 nihil
1244 4183 1427 4226 contra
1471 4173 1615 4225 illum
1669 4172 1927 4226 haberent
1956 4174 2087 4238 ,μθ-Ι

510 4266 716 4319 veniret
749 4265 836 4320 ille
864 4276 915 4319 ut
936 4265 1365 4330 cihumaﬂ'erret,
1384 4266 1519 4319 male
1543 4267 1713 4333 ipsum
1741 4276 2085 4335 exceperunt.

512 4359 581 4413 Et
622 4359 740 4412 vide
770 4357 855 4411 hic
887 4359 1074 4411 iterum
1102 4358 1504 4426 promissionem
1532 4358 1619 4410 diu
1648 4358 2085 4426 exSpectandam,

510 4466 629 4520 qua:
674 4462 847 4503 tamen
898 4452 1056 4503 linem
1090 4450 1303 4518 accipit.
1347 4449 1411 4501 Et
1448 4461 1552 4502 erat
1600 4449 1737 4505 Deus
1762 4468 1873 4503 cum
1905 4467 1962 4504 eo
1992 4466 2011 4505 :
2037 4463 2090 4505 et

513 4544 615 4599 hoc
645 4544 1067 4613 illorum‘gratia.
1098 4542 1275 4597 10.121
1303 4544 1488 4609 eripuit
1518 4561 1629 4597 cum
1660 4561 1721 4598 ca:
1746 4546 1977 4599 omnibus
2000 4548 2091 4598 tri-

510 4637 846 4692 bulationibus
867 4639 996 4706 ejus.
1023 4637 1118 4690 l'lic
1145 4638 1377 4691 ostendit
1401 4638 1518 4691 illos
1550 4639 1744 4692 inscios
1768 4639 1839 4693 ad
1855 4640 2094 4710 prophe-

513 4736 598 4787 tiu!
626 4742 876 4787 eventum
908 4732 1234 4795 contulisse;
1266 4732 1513 4800 ipsosque
1539 4743 1785 4786 auctores
1816 4733 1977 4788 fuisse
2000 4775 2015 4793 .
2038 4743 2094 4787 et

510 4828 648 4880 mala
683 4827 733 4878 in
762 4826 905 4894 ipsos
934 4824 1209 4878 recidisse.
1255 4822 1323 4876 Et
1350 4823 1489 4876 dedit
1513 4824 1557 4876 ei
1582 4826 1799 4893 gratiam
1827 4836 1872 4877 et
1892 4826 2093 4896 sapien-

509 4920 632 4972 tiam
676 4919 727 4970 in
765 4925 1031 4986 conspectu
1078 4914 1366 4967 Pharaonis
1399 4915 1529 4985 regis
1573 4913 1810 4985 «Egypti.
1854 4916 2089 4971 Gratiam

512 5011 676 5068 dedit.
707 5010 863 5078 idque
892 5008 1030 5078 apud
1061 5007 1342 5060 barbarum
1367 5022 1546 5076 regem
1570 5050 1583 5070 ,
1612 5022 1767 5061 servo
1788 5050 1803 5067 .
1835 5008 2045 5077 captivo
2076 5026 2089 5063 :

512 5117 670 5172 quem
700 5100 889 5154 fratres
910 5098 1122 5170 quidem
1146 5099 1513 5163 vendiderant,
1531 5100 1615 5153 ille
1642 5116 1769 5153 vero
1792 5084 2089 5154 honoravit.

514 5196 602 5250 1|.
642 5193 786 5246 Venit
807 5203 974 5245 autent
997 5198 1155 5262 fames
1182 5194 1233 5245 in
1272 5193 1551 5245 universam
1579 5203 1761 5245 terram
1792 5191 2013 5262 Aigypti
2048 5204 2093 5245 et

515 5288 781 5351 Chanaan,
809 5296 855 5337 et
876 5284 1133 5337 tribulatio
1159 5300 1341 5353 magna
1368 5301 1387 5349 ;
1414 5293 1460 5336 et
1489 5300 1590 5337 non
1620 5285 1932 5337 inveniebant
1959 5286 2094 5339 cibos

519 5389 689 5449 patres
724 5378 901 5430 nostri.
935 5376 1019 5430 12.
1052 5375 1174 5428 Cum
1220 5376 1437 5429 audisset
1466 5388 1631 5429 autem
1656 5376 1816 5431 Jacob
1845 5395 1953 5431 esse
1977 5382 2093 5447 fru-

516 5482 685 5528 menta
721 5472 773 5524 in
821 5468 1054 5540 Egypto
1079 5508 1092 5530 ,
1125 5468 1257 5519 misit
1295 5478 1460 5534 patres
1493 5479 1688 5522 nostros
1732 5471 1969 5539 prinmm.
2006 5472 2091 5524 15.

518 5563 587 5622 Ει
618 5567 670 5619 in
698 5564 919 5618 secando
957 5562 1184 5631 cognitus
1209 5569 1278 5613 est
1297 5559 1487 5625 Joseph
1513 5576 1543 5612 a
1571 5562 1809 5629 fratribus
1831 5563 1954 5615 suis.
1989 5562 2092 5615 Dc-

519 5658 841 5714 sceuderunt
867 5652 1120 5722 emptori,
1150 5660 1204 5705 et
1231 5651 1319 5704 illo
1341 5665 1472 5718 opus
1495 5649 1747 5705 habuere.
1770 5652 1903 5719 Quid
1937 5654 2095 5721 igitur

511 5753 649 5809 ille?
679 5751 790 5805 Non
823 5764 883 5803 ea
908 5748 959 5801 in
984 5763 1040 5801 re
1060 5745 1231 5800 solmn
1262 5744 1637 5813 benignitatem
1665 5759 1813 5798 suam
1837 5746 2090 5813 ostendit;

518 5850 614 5915 sed
642 5848 800 5902 etiam
824 5840 1087 5901 i‘lt-traoai
1117 5839 1168 5895 id
1202 5838 1452 5895 indicavit
1500 5838 1728 5901 illosque
1746 5838 1989 5892 deduxit.
2026 5839 2092 5893 Et

2194 1758 2408 1814 innotuit
2440 1760 2703 1820 Pharaoni
2730 1785 2887 1835 genus
2907 1770 3121 1843 Ioseph.
3145 1774 3230 1829 M.
3266 1774 3469 1831 Mittens
3496 1791 3646 1835 autem
3669 1785 3744 1839 Jo-

2193 1855 2337 1920 reph,
2363 1859 2618 1911 accersivit
2662 1859 2822 1915 Jacob
2867 1874 3061 1933 patrem
3104 1883 3272 1931 suum,
3302 1878 3348 1922 et
3378 1886 3570 1925 omnem
3595 1892 3750 1947 regna-

2196 1949 2381 2000 tionem
2422 1966 2567 2002 suam
2608 1952 2660 2005 in
2677 1955 2943 2008 animabus
2980 1963 3301 2029 septuaginta
3330 1962 3562 2032 quinque.
3586 1967 3665 2022 15.
3695 1969 3748 2022 Ε(

2196 2038 2448 2092 descendit
2466 2040 2499 2093 J
2508 2042 2628 2095 acab
2643 2044 2693 2096 in
2710 2043 3020 2116 Egi/ptum,
3040 2049 3130 2118 def
3130 2060 3407 2121 unctusque
3422 2066 3493 2108 est
3509 2056 3611 2125 ipse
3626 2069 3666 2111 et
3681 2078 3755 2129 pa-

2198 2143 2293 2183 tres
2308 2134 2481 2186 nostri.
2507 2136 2594 2191 16.
2614 2136 2675 2190 Et
2690 2142 3046 2195 translatisunt
3061 2144 3110 2197 in
3131 2144 3362 2212 Sic/tem,
3383 2159 3428 2201 et
3446 2152 3698 2219 positisunt
3713 2158 3754 2209 in

2195 2228 2443 2295 sepulcro,
2462 2230 2598 2297 quod
2615 2231 2732 2283 emit
2749 2232 3003 2286 Abraham
3020 2238 3179 2305 pretio
3192 2240 3392 2308 argenti
3410 2258 3441 2292 a
3459 2243 3578 2308 ﬁliis
3600 2244 3760 2301 Mentor

2197 2318 2290 2384 lilii
2312 2316 2536 2372 Sic/tem.
2562 2320 2645 2375 17.
2666 2320 2792 2376 Cum
2814 2334 2980 2378 autem
3002 2332 3442 2397 appropinquaret
3460 2343 3648 2403 tempus
3660 2356 3758 2406 pro-

2198 2411 2485 2478 missionis,
2518 2416 2581 2465 de
2608 2429 2709 2480 qua
2724 2414 2990 2479 juraverat
3012 2416 3151 2471 Deus
3173 2419 3421 2485 Abrahte,
3451 2427 3600 2478 crevit
3628 2445 3766 2495 popa-

2194 2501 2273 2553 lus
2300 2543 2314 2562 .
2357 2512 2405 2555 et
2446 2504 2814 2574 multiplicatus
2843 2518 2915 2561 est
2946 2510 2999 2561 in
3025 2508 3263 2581 uEgypto
3294 2553 3310 2576 ,
3343 2513 3432 2568 18.
3458 2519 3759 2589 quoadusque

2194 2600 2414 2648 surrexit
2439 2612 2531 2650 rea:
2557 2597 2691 2652 alius
2715 2639 2732 2664 ,
2773 2601 2859 2670 qui
2905 2602 3154 2656 nesciebat
3182 2604 3410 2677 Joseplt.
3439 2607 3643 2666 Rursus
3683 2614 3767 2665 alia

2193 2685 2510 2753 desperandi
2542 2703 2702 2744 causa
2735 2708 2748 2744 :
2780 2692 2949 2761 prima
2984 2693 3079 2747 fuit
3100 2692 3276 2751 fames
3306 2713 3320 2762 ;
3356 2701 3617 2765 secunda,
3645 2704 3765 2769 quod

2197 2778 2481 2833 inciderint
2513 2781 2564 2834 in
2587 2796 2776 2837 manus
2806 2784 2985 2839 fratris
3013 2802 3027 2850 ;
3055 2787 3207 2841 tertia
3235 2830 3251 2855 ,
3286 2804 3414 2845 cum
3441 2791 3641 2847 datura
3668 2808 3774 2862 rego

2195 2873 2458 2926 sententia
2495 2882 2552 2927 ut
2585 2874 2970 2933 interliciantur
3002 2894 3015 2930 :
3043 2888 3283 2935 attamen
3327 2883 3383 2937 in
3434 2884 3521 2939 his
3551 2888 3773 2940 omnibus

2194 2966 2387 3019 servati
2420 2976 2565 3020 sunt.
2596 2967 2799 3023 Deinde
2829 2971 3143 3040 sapientiam
3172 2974 3269 3030 Dei
3302 2978 3608 3034 ostendens
3632 3022 3646 3045 ,
3675 2984 3777 3035 ait:

2191 3055 2283 3110 9.0.
2316 3055 2381 3109 1η
2420 3074 2518 3125 quo
2560 3068 2781 3131 tempore
2808 3070 2955 3115 natus
2980 3074 3053 3117 est
3085 3064 3297 3136 Moyses
3322 3108 3338 3132 ,
3391 3071 3484 3138 qui
3510 3072 3609 3139 fuit
3628 3084 3779 3141 gratus

2199 3150 2324 3205 Deo.
2353 3150 2407 3207 Si
2440 3151 2566 3207 illud
2594 3154 2839 3210 mirabile
2860 3155 2959 3209 fuit
2982 3198 2997 3225 ,
3020 3158 3161 3228 quod
3184 3175 3217 3214 a
3252 3161 3523 3218 fratribus
3558 3165 3783 3220 venditus

2192 3246 2262 3297 sit
2295 3264 2308 3298 :
2346 3245 2479 3300 illud
2507 3246 2824 3313 mirabilius,
2853 3249 2995 3317 quod
3022 3266 3112 3306 rex
3136 3266 3268 3307 eum
3308 3254 3629 3311 educaverit
3659 3297 3674 3322 ,
3709 3257 3783 3327 qui

2199 3337 2348 3391 illum
2379 3337 2446 3392 ab
2476 3339 2702 3410 imperio
2729 3339 3039 3407 deiecturus
3068 3353 3207 3399 erat.

2265 3427 2584 3484 Resurrectio
2621 3431 2675 3485 in
2701 3433 2853 3486 veteri
2904 3434 3013 3504 lege
3036 3436 3289 3505 figurata.
3319 3469 3400 3479 -—
3427 3440 3593 3497 Vides
3619 3442 3789 3511 ubique

2194 3522 2304 3577 fere
2342 3522 2618 3593 ﬁguratam
2663 3527 3151 3582 resurrectionem?
3202 3530 3380 3600 Atqui
3418 3548 3532 3587 non
3562 3544 3645 3589 est
3671 3534 3789 3588 idem

2196 3615 2359 3669 Deum
2393 3615 2562 3684 ipsum
2601 3614 2799 3685 aliquid
2829 3614 3033 3684 facere,
3056 3628 3109 3673 et
3140 3619 3400 3677 humano
3428 3625 3659 3679 arbitrio
3682 3624 3791 3693 quid

2194 3707 2332 3762 lieri.
2364 3706 2489 3761 llaec
2530 3706 2708 3777 itaque
2742 3722 2848 3761 non
2877 3723 2943 3762 ex
2988 3707 3227 3765 humano
3263 3714 3563 3784 proposito
3596 3714 3794 3771 ﬁehint.

2199 3800 2262 3854 Et
2288 3809 2393 3855 erat
2421 3809 2592 3870 potens
2609 3801 2662 3854 in
2681 3800 2826 3855 verba
2848 3811 2893 3855 et
2916 3817 3083 3871 apere.
3109 3802 3227 3859 Hoc
3250 3804 3425 3873 dixit,
3452 3817 3509 3861 et
3533 3807 3681 3861 illum
3702 3822 3799 3861 ser-

2192 3903 2429 3947 vatorem
2452 3934 2466 3955 .
2512 3901 2566 3947 et
2611 3893 2706 3948 hos
2735 3908 2859 3964 erga
2906 3894 3321 3953 henefactorem
3356 3899 3612 3970 ingratos
3636 3910 3799 3957 osten-

2193 3986 2343 4057 dens.
2379 3986 2446 4041 Ut
2484 4001 2610 4055 ergo
2639 3995 2763 4041 tunc
2809 4002 2837 4039 a
2880 3986 3076 4057 Joseph
3121 3990 3271 4044 mala
3319 3994 3581 4061 patiente
3625 3993 3803 4048 servati

2194 4091 2317 4134 sunt
2350 4099 2363 4134 :
2396 4080 2465 4134 ita
2493 4090 2547 4135 et
2573 4094 2712 4135 nunc
2739 4095 2768 4133 a
2796 4080 2981 4153 Moyse
3004 4081 3142 4137 male
3170 4094 3451 4154 excepto.
3483 4086 3629 4154 Quid
3654 4085 3802 4150 enim,

2195 4173 2237 4225 si
2267 4172 2413 4225 illum
2447 4186 2503 4226 re
2545 4187 2649 4224 non
2677 4170 3032 4226 occiderunt?
3072 4171 3366 4231 Sermone
3411 4187 3575 4231 certe
3620 4176 3807 4230 occide-

2197 4276 2352 4329 runt,
2385 4266 2521 4320 sient
2546 4275 2603 4319 et
2628 4265 2724 4319 illi.
2765 4266 2832 4319 Et
2875 4265 2949 4319 illi
2979 4264 3196 4335 quidem
3233 4282 3309 4321 ex
3368 4283 3474 4322 sua
3511 4270 3567 4323 in
3599 4269 3808 4323 alienant

2196 4369 2391 4413 tenam
2421 4357 2710 4426 Josephum
2743 4356 3119 4421 vendiderunt;
3166 4357 3227 4411 hi
3261 4375 3413 4415 vero
3443 4377 3516 4415 ex
3560 4362 3731 4416 aliena
3770 4360 3812 4411 in

2196 4453 2423 4506 alienam
2454 4450 2686 4521 Moysem
2711 4448 2997 4519 fugarunt:
3030 4449 3103 4504 illi
3130 4450 3491 4508 aﬂ‘erentem
3517 4455 3736 4518 cibum,
3770 4450 3813 4502 hi

2195 4542 2474 4599 consilium
2515 4542 2732 4597 dantem
2763 4541 3033 4611 quomodo
3080 4557 3211 4596 eum
3270 4544 3400 4601 Deo
3430 4561 3567 4609 esse
3595 4554 3818 4617 possent.

2195 4638 2283 4692 Sic
2306 4652 2489 4690 verum
2534 4635 2788 4703 probatur
2817 4649 2881 4688 ex
2921 4634 3015 4697 iis,
3045 4648 3163 4704 qua:
3201 4650 3370 4692 nunc
3403 4638 3819 4707 dispensautur,

2196 4730 2391 4785 dictum
2421 4728 2547 4783 illud
2574 4725 2917 4782 Gamalielis:
2956 4726 3019 4782 Si
3056 4742 3119 4781 ea:
3143 4725 3270 4782 Deo
3311 4730 3389 4784 sit
3414 4770 3435 4797 ,
3482 4749 3594 4785 non
3637 4728 3828 4800 potestis

2197 4823 2465 4876 dissolvere
2507 4819 2658 4873 illud.
2688 4818 2766 4873 Tu
2793 4833 2920 4873 vero
2949 4833 3069 4873 cum
3099 4817 3287 4874 discis
3318 4836 3467 4889 eos,
3503 4823 3599 4893 qui
3634 4820 3826 4875 insidiis

2197 4924 2514 4986 appetuntur
2534 4954 2549 4977 ,
2581 4912 2978 4967 insidiatoribus
3022 4912 3225 4967 salutis
3259 4929 3515 4971 causam
3569 4916 3722 4977 ﬁeri.
3750 4912 3834 4968 oh-

2197 5018 2441 5077 stupesce
2462 5007 2527 5061 de
2568 5006 2660 5061 Dei
2690 5004 2949 5075 sapientia
2977 5014 3031 5058 et
3060 5005 3337 5064 solertia.
3370 5009 3522 5064 Nam
3555 5011 3605 5065 si
3637 5010 3715 5063 illi
3740 5022 3832 5062 non

2199 5100 2405 5155 insidiis
2437 5099 2658 5167 impetiti
2681 5098 2924 5162 fuissent,
2950 5096 3002 5150 hi
3034 5111 3138 5150 non
3178 5096 3452 5156 fuissent
3485 5102 3722 5157 servati.
3749 5099 3840 5155 Fa—

2200 5206 2314 5247 mes
2338 5200 2474 5253 erat,
2492 5205 2587 5243 nec
2608 5188 2940 5257 consumpsit
2956 5186 3096 5241 illos.
3113 5185 3331 5258 Neque
3350 5191 3471 5247 hoc
3495 5201 3734 5254 tantum;
3756 5188 3839 5243 st'd

2199 5289 2357 5343 etiam
2386 5286 2453 5339 ah
2482 5286 2571 5339 illo
2596 5282 2793 5339 servati
2818 5290 2962 5345 sunt.
2987 5295 3144 5350 quem
3187 5284 3505 5351 perditum
3537 5284 3843 5356 sperabant.

2197 5381 2411 5436 Iussum
2434 5376 2636 5444 regium
2656 5375 2772 5437 fuit,
2798 5388 2896 5427 nec
2911 5370 3144 5442 perdidit
3173 5388 3329 5439 eos;
3371 5377 3498 5431 imo
3530 5386 3669 5431 tunc
3694 5374 3849 5443 magis

2199 5480 2352 5524 aucta
2382 5480 2464 5523 est
2495 5464 2797 5531 multitudo,
2828 5480 2948 5519 cum
2974 5463 3082 5528 ille,
3111 5464 3218 5531 qui
3258 5478 3527 5523 noverat
3556 5484 3686 5535 eos,
3705 5482 3852 5521 mor—

2202 5574 2322 5617 tuus
2348 5571 2451 5615 est.
2476 5560 2811 5614 Servatorem
2837 5570 2992 5611 suum
3020 5553 3301 5613 volebant
3335 5560 3647 5627 occidere,
3680 5572 3847 5625 neque

2201 5657 2279 5709 sic
2305 5659 2610 5722 potuerunt.

2268 5744 2325 5796 2.
2368 5741 2553 5796 Viden'
2574 5780 2592 5802 .
2618 5737 2885 5808 quomodo
2916 5752 3012 5805 per
3036 5752 3165 5805 ane
3211 5739 3509 5797 diabolus
3536 5737 3859 5815 promissio-

2201 5851 2322 5892 nem
2355 5832 2451 5889 Dei
2478 5832 2682 5886 irritam
2710 5830 2889 5886 facere
2917 5829 3237 5885 conabatur
3260 5870 3283 5900 ,
3319 5850 3434 5904 per
3466 5833 3570 5889 ilia
3601 5826 3859 5890 creverit!
