4076 6354
304 242 406 298 127

307 355 411 410 οὐκ
441 352 594 407 ἔστιν
627 355 689 408 ἐν
726 359 790 428 τῇ
824 358 962 429 αὐτῇ
993 360 1201 433 γαλήνῃ
1226 358 1399 427 εἶναι,
1433 364 1700 435 ἀόργητον
1742 366 1871 420 ὄντα

306 438 391 491 καὶ
426 438 801 509 ὀργιζόμενον.
834 442 899 494 Τί
944 442 1034 495 τὸν
1068 443 1383 499 διδάσκαλον
1423 448 1531 500 ἀπὸ
1556 448 1650 500 τοῦ
1681 448 1870 520 θρόνου

305 522 703 591 καταστρέψας,
736 523 878 577 οὕτω
900 525 1121 600 διαλέγῃ
1153 526 1230 597 τῷ
1259 530 1432 599 χαμαὶ
1461 530 1727 601 κειμένῳ;
1760 534 1871 602 Οὐχ

302 605 419 674 ὁρᾷς
446 605 575 667 τούς
606 606 949 672 δικάζοντας,
983 610 1032 662 οἳ
1060 610 1187 663 ὅταν
1211 611 1444 682 μέλλωσι
1470 611 1673 683 κρίνειν
1692 656 1707 680 ,
1741 613 1871 667 καθ-

302 684 540 749 έζονται·
591 689 687 741 ἐπί⁵
724 688 819 741 τοῦ
856 689 1069 760 θρόνου,
1108 694 1201 747 καὶ
1248 695 1305 746 ἐν
1340 695 1580 766 σχήματι
1598 695 1674 765 τῷ
1705 714 1867 767 προσ⁸

303 768 522 836 ήκοντι;
590 769 742 843 [127]
772 770 930 825 υῦτω
964 774 1057 826 καί
1092 776 1155 829 σὺ
1186 776 1437 848 ποίησον’
1464 777 1734 849 κόσμησον
1771 780 1870 849 τὴν

299 850 467 919 ψυχὴν
496 852 692 922 ἐσθῆτι
715 854 1006 926 δικαστικῇ
1036 856 1195 929 (αῦτη
1226 860 1283 912 δέ
1315 861 1463 914 ἐστιν
1492 862 1524 931 ή
1558 861 1867 927 ἐπιείκεια),

299 935 383 987 καὶ
405 934 528 987 τότε
571 936 671 989 ἐπὶ
716 937 811 990 τοῦ
842 938 1031 1009 θρόνου
1065 941 1324 1013 δικαστὴς
1353 942 1595 997 κάθισον.
1644 946 1780 998 Ἀλλ’
1808 944 1867 996 οὐ

354 1029 379 1055 ⁸
406 1025 542 1075 [dem
588 1030 763 1093 κρίνειν
780 1033 882 1086 πῶς
905 1034 1195 1087 καθέζονται.

323 1153 373 1165 υ..

406 1154 587 1166 ———_

724 1164 733 1167 _
758 1159 1263 1169 -.ς-...σισ--ι---ι--λμεη
1280 1162 1593 1172 ...ν-*εα-

1604 1163 1858 1173 ...μοι-

1278 248 1345 304 ΙΝ
1383 249 1564 306 ACTA
1602 252 2138 313 APOSTOLOBUM.
2179 254 2411 312 IIOMIL.
2452 254 2591 312 XVI.

1971 371 2360 442 φοϐηθήσεται,
2406 371 2559 440 φησί.
2609 369 2826 423 Μᾶλλον
2856 370 3239 442 φοόηθήσεται.
3277 372 3409 426 Τότε
3438 371 3541 427 κᾶν

1969 455 2152 507 δίκαια
2192 453 2355 524 λέγῃς
2375 495 2388 514 ,
2421 455 2498 523 τῷ
2528 452 2686 523 θυμῷ
2735 452 2996 520 λογιεῖται
3040 456 3068 506 ὁ
3109 454 3325 525 οἰκέτης
3345 471 3359 485 ο
3390 456 3456 509 ἂν
3482 454 3540 509 δέ

1973 536 2114 607 μετὰ
2139 537 2457 599 ἐπιεικείας,
2503 535 2695 589 ἐαυτοῦ
2728 534 3164 603 καταγνώσεται,
3195 536 3256 589 τὸ
3294 537 3350 590 δὲ
3411 555 3541 609 προ-

1969 619 2292 690 ηγούμενον,
2328 618 2641 682 ἀποδέξεταί
2684 635 2742 671 σε
2772 622 2799 672 6
2825 618 2977 682 Θεὸς,
3029 620 3125 673 καί
3151 618 3291 673 οὕτω
3337 621 3543 696 δυνήσῃ

1969 703 2079 754 τῶν
2114 702 2344 755 αἰωνίων
2383 702 2603 769 ἀγαθῶν
2646 701 2941 771 ἐπιτυχεῖν,
2977 702 3160 772 χάριτι
3205 704 3298 756 καὶ
3338 705 3541 771 οἰκτιρ-

1974 789 2095 856 μοῖς
2119 786 2212 839 καὶ
2246 784 2625 855 φιλανθρωπίᾳ
2652 784 2743 837 τοῦ
2782 786 2985 855 Κυρίου
3022 787 3178 855 ἡμῶν
3206 786 3383 857 Ἰησοῦ
3410 788 3543 853 Χρι-

1972 868 2119 933 στοῦ,
2153 868 2270 938 μεθ’
2294 862 2355 922 οῦ
2384 867 2460 936 τῷ
2484 868 2658 935 Πατρ“ι
2686 867 2800 937 ἅμα
2820 867 2897 937 τῷ
2925 869 3065 937 ἀγίῳ
3096 869 3366 938 Πνεύματι
3390 869 3539 935 δόξα,

1970 952 2189 1023 κράτος,
2233 952 2389 1022 τιμὴ,
2420 950 2513 1004 νῦν
2548 951 2641 1003 καὶ
2668 951 2778 1015 ἀεὶ,
2811 952 2905 1005 καὶ
2928 953 3008 1014 εἰς
3035 954 3161 1015 τοὺς
3194 954 3395 1017 αἰῶνας
3433 950 3543 1006 τῶν

1972 1031 2202 1085 αἰώνων.
2241 1031 2437 1099 Ἀμήν.

1865 1162 2231 1172 -----ο

1736 1259 1980 1313 υλιιΛιΑ
2011 1258 2127 1326 Iq'.

306 1370 610 1445 Ἐλάλησε
638 1370 707 1445 δέ
733 1372 989 1445 ούτωςᾼό
1023 1375 1167 1440 Θεὸς
1194 1378 1406 1445 λεγων,
1438 1377 1528 1430 ὅτι
1567 1378 1771 1430 Ἔσται
1802 1375 1868 1429 τὸ

356 1439 603 1515 σπέρμα
632 1443 821 1496 αὐτοῦ
871 1439 1159 1515 πάροικον
1204 1439 1287 1515 ἐν’
1313 1445 1390 1515 γῇ
1433 1448 1739 1514 ἀλλοτρίᾳ,
1770 1446 1869 1499 καὶ

356 1509 799 1583 δουλώσουσιν
815 1509 962 1583 αύτὸ
998 1515 1095 1583 καὶ
1122 1509 1510 1570 κακώσουσιν
1536 1509 1642 1576 ἐτη
1672 1509 1867 1583 τετρα-

356 1582 534 1652 κόσια
560 1597 588 1652 °_
614 1581 714 1633 καί
740 1581 808 1634 τὸ
838 1581 1033 1650 ἔθνος,
1055 1577 1104 1649 ᾧ
1130 1585 1238 1637 ἐὰν
1260 1584 1658 1648 δουλεύσωσι,
1690 1577 1869 1652 κρῖνῶ

354 1650 488 1717 ἐγὼ,
527 1645 708 1723 εἶπεν
737 1654 769 1704 ό
800 1652 943 1717 Θεός
964 1645 1105 1706 (καὶ
1127 1654 1277 1723 μετὰ
1314 1656 1499 1709 ταῦτα
1522 1645 1871 1718 ἐξελεύσον-

356 1736 464 1783 ται,
506 1720 613 1773 καὶ
647 1723 1055 1789 λατρεύσουσί
1076 1720 1176 1792 μοι
1201 1725 1271 1776 έν
1298 1724 1376 1790 τῷ
1412 1727 1569 1793 τόπῳ
1590 1727 1796 1792 τούτῳ.

354 1848 417 1895 α’.
442 1842 590 1912 Ὅρα
616 1843 725 1913 πρὸ
755 1845 935 1898 πόσων
968 1846 1103 1898 ἐτῶν
1130 1849 1160 1916 ἡ
1215 1848 1515 1917 ἐπαγγελία
1570 1850 1662 1903 καὶ
1708 1852 1738 1902 ὁ
1769 1850 1868 1920 τῆς

293 1926 622 1993 ἐπαγγελίας
667 1928 891 1997 τρόπος,
950 1930 1043 1982 καὶ
1098 1931 1332 2001 οὐδαμοῦ
1390 1932 1580 1995 θυσία,
1632 1932 1865 2001 οὐδαμοῦ

294 2012 581 2079 περιτομή.
640 2010 903 2064 Ἐνταῦθα
953 2012 1250 2077 δείκνυσιν,
1290 2015 1370 2067 ὅτι
1410 2015 1571 2078 αὐτὸς
1621 2016 1862 2077 αὐτοὺςυι

296 2091 433 2158 ὴφίει
457 2093 654 2155 κακῶς
693 2094 942 2163 πάσχειν,
977 2096 1069 2149 καὶ
1102 2098 1182 2149 ὅτι
1223 2099 1323 2150 οὐκ
1353 2099 1658 2169 ἀτιμωρητί
1694 2098 1865 2150 ταῦτα

292 2172 453 2227 ἔσται.
492 2178 566 2231 Τὸ
592 2176 663 2229 δὲ
686 2177 881 2243 ἔθνος,
909 2171 956 2245 ᾧ
976 2180 1084 2232 ἐὰν
1108 2179 1504 2246 δουλεύσωσι,
1532 2180 1709 2249 κρινῶ
1728 2180 1861 2250 ἐγὼ,

292 2255 448 2313 εἶπεν
484 2265 519 2316 ὀ
554 2266 724 2329 Θεός.
768 2264 961 2335 Ὀρᾷς;
992 2268 1020 2318 6
1051 2266 1534 2336 ἐπαγγειλάμενος,
1564 2269 1592 2320 6
1622 2267 1743 2330 δοὺς
1767 2267 1865 2337 τὴν

295 2350 407 2416 γῆν,
447 2353 726 2420 πρότερον
772 2354 840 2403 τά
872 2355 1016 2406 κακά
1047 2354 1343 2424 συγχωρεῖ·
1373 2354 1511 2407 οῦτω
1547 2355 1639 2407 καὶ
1670 2353 1783 2416 νῦν,
1816 2355 1865 2406 εἰ

293 2436 377 2486 καὶ
397 2434 685 2504 βασιλείαν
717 2439 1103 2507 ἐπηγγείλατο,
1134 2440 1247 2492 ἀλλ’
1278 2442 1499 2510 ἀφίησιν
1521 2441 1861 2509 ἐγγυμνάζεο

293 2516 404 2569 σθαι
434 2520 546 2582 τοῖς
584 2524 935 2590 πειρασμοῖς.
983 2522 1045 2573 Εἰ
1103 2522 1337 2575 ἐνταῦθα
1371 2522 1508 2593 μετά
1539 2524 1863 2595 τετρακόσια

290 2598 375 2669 ἔτη
408 2602 439 2670 ή
465 2599 781 2672 ἐλευθερία,
811 2605 861 2655 τί
892 2602 1224 2674 θαυμαστὸν,
1254 2605 1345 2658 ἐπὶ
1373 2605 1474 2675 τῆς
1515 2604 1787 2675 βασιλείας
1814 2607 1862 2659 εἰ

292 2681 346 2735 τὸ
372 2684 503 2737 αὐτο
528 2686 783 2752 γίνεται;
813 2687 1002 2757 Ὅμως
1037 2688 1168 2756 γοῦν
1200 2689 1444 2759 ἐποίησε,
1478 2689 1569 2742 καί
1594 2690 1693 2743 οὐκ
1713 2690 1863 2760 ἰσχυ-

293 2784 375 2819 σεν
405 2770 433 2820 6
462 2769 662 2838 χρόνος
703 2768 779 2832 ώς
804 2769 972 2842 ψευδῆ
1003 2772 1218 2839 ἐλέγξαι
1258 2773 1347 2825 τὸν
1379 2773 1555 2841 λόγον,
1590 2774 1766 2826 καίτοι
1799 2773 1861 2826 οὐ

289 2850 379 2920 τὴν
413 2852 688 2921 τυχοῦσαν
719 2850 961 2905 δουλείαν
985 2853 1300 2924 ὑπέμειναν.
1333 2855 1407 2907 Οὐ
1436 2856 1541 2925 μὴν
1560 2856 1682 2909 οὐδέ
1702 2855 1862 2925 μέχρι

291 2933 379 3001 τῆς
404 2934 688 3005 τιμωρίας
710 2938 809 3005 τῆς
832 2935 1054 2989 ἐκείνων
1075 2936 1229 3007 ἐστη,
1253 2937 1387 2991 ἀλλά
1419 2938 1513 2991 καὶ
1533 2938 1713 3001 αὐτοῖς
1732 2955 1863 3010 χρη·

292 3017 383 3070 στά
400 3017 823 3087 ἐπαγγέλλεται.
850 3018 1005 3086 Ἐμοὶ
1035 3019 1091 3072 δὲ
1120 3019 1264 3072 δοκεῖ
1294 3020 1382 3072 διὰ
1421 3018 1622 3073 τούτων
1668 3020 1863 3083 αὐτοὺς

291 3103 375 3154 καί
409 3103 857 3173 ἀναμιμνήσκειν
889 3105 988 3173 τῆς
1008 3103 1347 3175 εὐεργεσίας,
1382 3098 1450 3175 ἦς
1500 3102 1708 3174 ἔτυχον.
1749 3102 1863 3157 Καὶ

289 3183 500 3239 ἔδωκεν
518 3184 685 3250 αύτῷ
705 3185 1001 3254 διαθήκην
1025 3185 1366 3256 περιτομῆς,
1387 3185 1483 3240 καὶ
1502 3187 1691 3254 οὕτως
1705 3186 1863 3257 ἐγέν-

291 3283 429 3333 νησε
443 3268 553 3323 τὸν
581 3268 803 3324 Ἰσαάκ.
821 3268 1082 3323 Ἐνταῦθα
1103 3269 1284 3322 λοιπὸν
1302 3268 1617 3341 καθυφίησι.
1635 3272 1742 3325 Καὶ
1759 3287 1861 3323 πε-

285 3351 548 3418 ριέτεμεν
573 3351 764 3405 αὑτὸν
782 3350 856 3419 τῇ
881 3352 1069 3421 ἡμέρᾳ
1097 3351 1172 3420 τῇ
1201 3351 1383 3422 ὀγδόῃ
1404 3369 1419 3383 ’
1456 3354 1553 3406 καί
1576 3356 1609 3407 ό
1655 3353 1859 3410 Ἰσαὰκ

289 3433 385 3485 τὸν
408 3433 639 3495 Ἰακὼϐ,
664 3433 759 3489 καί
783 3436 815 3486 ὀ
831 3434 1040 3488 Ἰακὼϐ
1064 3434 1205 3502 τοὺς
1221 3433 1447 3489 δώδεκα
1470 3437 1856 3506 πατριάρχας.

288 3518 384 3571 Καὶ
400 3522 454 3571 οι
470 3516 833 3587 πατριάρχαι
848 3517 1222 3586 ζηλώσαντες
1236 3520 1343 3574 τὸν
1354 3521 1587 3590 Ἰωσὴφ.
1606 3522 1831 3577 άπέδον
1843 3555 1857 3564 -

288 3614 346 3651 το
360 3601 787 3667 εἰςΑτγυπτον.
804 3601 975 3655 Τοῦτο
1015 3604 1110 3655 καὶ
1134 3604 1228 3657 ἐπὶ
1254 3602 1348 3656 τοῦ
1369 3602 1605 3673 Χριστοῦ
1631 3606 1820 3674 γέγονε
1840 3624 1854 3637 ·

289 3683 372 3734 καὶ
398 3682 515 3753 γὰρ
542 3682 707 3735 αὐτοῦ
733 3682 903 3747 τύπος
922 3686 963 3737 ὁ
994 3683 1191 3755 Ἰωσήφ
1214 3701 1227 3715 ·
1251 3685 1332 3738 διὸ
1354 3686 1449 3739 καὶ
1471 3686 1854 3758 αἰνιττόμενος,

287 3766 374 3835 τήν
391 3766 639 3837 ἱστορίαν
663 3766 729 3819 δι’
748 3767 869 3820 ὅλου
893 3769 1179 3835 ἐπέξεισιν.
1203 3770 1369 3823 Οὐδὲν
1390 3770 1498 3841 γάρ
1519 3770 1732 3840 ἔχοντες
1764 3773 1858 3841 ἐγ-

290 3847 479 3913 καλεῖν,
518 3849 635 3902 ἀλλ⁹
659 3848 879 3902 ἐλθόντα
906 3851 997 3902 ἐπὶ
1018 3853 1221 3922 τροφὴν
1236 3852 1334 3921 τὴν
1350 3853 1547 3918 αὐτῶν,
1574 3855 1757 3919 κακῶς
1780 3856 1857 3909 δι-

293 3930 511 4002 έθηκαν.
566 3933 673 3985 Καὶ
699 3934 820 4003 ὅρα,
848 3934 928 3986 ὄτι
968 3936 1059 3986 καὶ
1087 3933 1319 3987 ἐνταῦθα
1353 3935 1512 3989 πάλιν
1556 3938 1855 4006 ἐπαγγελία

295 4016 466 4086 μακρά
496 4054 511 4076 ,
552 4016 646 4069 καὶ
690 4016 838 4085 ὅμως
882 4017 1031 4079 τέλος
1073 4017 1357 4087 λαμϐάνει.
1385 4019 1495 4072 Καὶ
1528 4015 1605 4088 ἦν
1651 4024 1683 4074 ὀ
1715 4022 1856 4088 Θεὸς

288 4101 399 4163 μετ’
430 4098 653 4152 αὐτοῦ’
709 4099 866 4151 τοῦτο
908 4101 1001 4152 καὶ
1041 4100 1179 4169 ὑπὲρ
1210 4100 1409 4154 αὐτῶν.
1452 4103 1559 4155 Καὶ
1588 4103 1854 4167 ἐξείλετο

292 4181 463 4235 αὑτὸν
502 4182 572 4236 ἐκ
628 4182 843 4235 πασῶν
890 4181 1008 4235 τῶν
1042 4183 1306 4251 θλίψεων
1343 4185 1547 4239 αὐτοῦ.
1593 4186 1853 4241 Ἐνταῦθα

293 4262 573 4327 δείκνυσιν,
617 4265 745 4318 «'51::b
776 4266 872 4317 οὐκ
912 4266 1111 4329 εἰδότες
1158 4267 1519 4337 συνέπραττον
1548 4272 1612 4341 τῇ
1645 4286 1854 4343 προφη-

290 4346 418 4417 τεία,
449 4350 545 4401 καὶ
577 4347 658 4400 ὅτι
683 4349 838 4400 αὐτοὶ
873 4350 1032 4400 αἴτιοι
1066 4348 1323 4415 ἐγίνοντο,
1373 4350 1465 4403 καὶ
1491 4350 1558 4404 τὰ
1600 4355 1743 4406 κακά
1773 4356 1852 4417 εἰς

291 4429 478 4494 αὐτοὺς
521 4431 931 4503 ιιπριετρέπετο.
974 4429 1083 4481 Καὶ
1112 4430 1332 4484 ἔδωκεν
1357 4434 1515 4499 αὐτῷ
1547 4434 1726 4502 χάριν
1753 4438 1848 4490 καί

290 4515 501 4581 σοφίαν
535 4512 686 4584 [128]
716 4514 915 4566 ἔναντι
959 4513 1167 4581 Φαραὼ
1198 4515 1504 4583 ,βασιλέως
1527 4520 1845 4587 Αἰγύπτου.

291 4595 449 4666 Χάριν
482 4597 682 4659 ἔδωκε,
717 4596 812 4649 καὶ
845 4595 1017 4649 ταῦτα
1062 4597 1154 4648 ἐπὶ
1206 4599 1478 4669 βαρϐάρου
1516 4601 1708 4672 ἀνδρὸς
1730 4642 1744 4666 ,
1773 4603 1850 4672 τῷ

291 4680 444 4754 δούλῳ
479 4682 572 4735 καὶ
600 4678 959 4750 αἰχμαλώτῳ·
1002 4680 1058 4733 ὃν
1096 4681 1146 4733 οί
1178 4682 1274 4751 μὲν
1314 4682 1531 4753 ἁδελφοί
1557 4686 1809 4739 ἀπέδοντο
1830 4726 1848 4752 ,

292 4763 483 4829 ἐκεῖνος
525 4764 582 4817 δὲ
623 4764 902 4832 ἐτίμησεν.
950 4763 1212 4832 Ἐγένετο
1249 4765 1317 4817 δὲ
1364 4767 1541 4835 λιμὸς
1574 4770 1665 4838 ἐφ’
1697 4770 1850 4837 ὅλην

293 4846 393 4913 τὴν
435 4847 553 4918 γῆν
596 4848 898 4915 Αἰγύπτου
930 4845 1027 4897 καί
1057 4844 1319 4909 Χαναὰν,
1355 4848 1451 4901 καί
1489 4850 1692 4919 θλῖψις
1740 4870 1847 4921 με-

293 4931 456 4999 γάλη,
501 4931 597 4984 καί
628 4932 739 4997 οὐχ
772 4928 1054 4996 εΐψισκον
1085 4930 1466 4999 χορτάσματα
1513 4937 1567 4987 οἱ
1598 4935 1847 5004 πατέρες

295 5011 463 5079 ἡμῶν.
492 5012 785 5075 Ἀκούσας
812 5009 879 5063 δὲ
910 5011 1118 5065 Ἰακὼϐ
1141 5011 1284 5064 ὄντα
1303 5012 1441 5071 σῖτα
1463 5015 1532 5068 ἐν
1550 5019 1842 5087 Αἰγύπτῳ,

292 5092 667 5157 ἐξαπέστειλε
692 5094 834 5158 τοὺς
858 5093 1116 5163 πατέρας
1144 5094 1315 5163 ἡμῶν
1356 5096 1607 5165 πρῶτον.
1636 5102 1743 5155 Καὶ
1776 5103 1846 5155 ἐν

291 5176 360 5242 τῷ
400 5178 656 5246 δευτέρῳ
683 5177 1090 5247 ἀνεγνωρίσθη
1143 5179 1363 5248 Ἰωσὴφ
1412 5181 1532 5248 τοῖς
1560 5184 1846 5254 ἀδελφοῖς

291 5264 479 5319 αὐτοῦ.
509 5262 791 5333 Κατῆλθον
816 5263 1145 5344 ώνησόμενοι
1166 5305 1180 5331 ,
1224 5266 1317 5318 καὶ
1356 5268 1562 5321 ἐκείνου
1601 5272 1658 5323 ἐν
1690 5272 1846 5344 χρείᾳ

292 5348 635 5419 κατέστησαν.
688 5346 754 5398 Τί
800 5342 892 5399 οὗν
937 5346 1127 5409 αὐτός;
1181 5348 1256 5400 Οὐ
1313 5349 1475 5420 μέχρι
1515 5342 1845 5424 τούτουτὴν

293 5430 681 5504 φιλανθρωπίαν
705 5428 1010 5493 ἐπεδείξατο
1030 5441 1078 5495 ο,
1096 5430 1228 5484 ἀλλά
1254 5434 1346 5485 καὶ
1369 5434 1443 5503 τῷ
1464 5436 1659 5507 Φαραὼ
1685 5438 1848 5506 ἐγνώ-

296 5528 427 5581 ρισε,
471 5516 563 5568 καὶ
618 5513 812 5574 αὐτοίς
842 5513 1142 5582 κατήγαγε.
1179 5515 1289 5568 Καὶ
1319 5520 1584 5586 φανερὸν
1607 5520 1845 5589 ἐγένετο

295 5594 361 5660 τῷ
389 5596 595 5667 Φαραὼ
632 5596 698 5650 τὸ
718 5595 892 5665 γένος
931 5595 1038 5649 τοῦ
1079 5595 1317 5667 Ἰωσήφ.
1360 5600 1739 5670 ’Λποστείλας
1775 5604 1843 5657 δέ

347 5766 493 5839 ⁴ξηᾹΙίἱ
518 5769 722 5841 δείκνυσι
746 5770 847 5841 πῶς
868 5768 1213 5841 ᾳιξτὸςμῦξούςι
1282 5772 1308 5811 ι’
1334 5774 1428 5823 Alii
1445 5776 1643 5837 θλίψεων
1676 5778 1837 5841 αὐτοῦ,

300 5832 463 5879 ngat."
539 5834 561 5860 ε
593 5831 690 5880 Alii
725 5831 808 5885 τήν
830 5830 982 5891 φιλίαν
1006 5831 1130 5878 ἐπιδ.

1984 1388 2224 1457 Ἰωσὴφ,
2244 1388 2690 1458 μετεκαλέσατο
2718 1390 2825 1441 τὸν
2850 1387 3075 1456 πατέρα
3100 1389 3288 1442 αὐτοῦ
3316 1390 3539 1452 Ἰακὼϐ,

1969 1474 2068 1527 καί
2107 1473 2312 1527 πᾶσαν
2343 1474 2456 1539 τὴν
2496 1471 2855 1541 συγγένειαν
2891 1472 2961 1524 έν
2994 1471 3398 1540 ἐϐδομήκοντα
3445 1473 3543 1526 καί

1969 1558 2149 1611 πέντε
2187 1556 2433 1625 ψυχαῖς.
2477 1556 2702 1623 Κατέϐη
2746 1555 2816 1607 δὲ
2846 1556 3060 1610 Ἰακὼϐ
3094 1557 3183 1620 είς
3205 1556 3540 1623 Αἴγυπτον,

1968 1641 2066 1694 καί
2101 1640 2499 1705 ἐτελεύτησεν
2525 1639 2707 1705 αὐτὸς
2730 1638 2827 1691 καί
2855 1641 2907 1692 οἰ
2942 1636 3192 1704 πατέρες
3221 1637 3406 1705 ἡμῶν.
3436 1637 3545 1691 Καί

1962 1722 2368 1792 μετετέθησαν
2391 1724 2476 1786 εἱς
2508 1722 2728 1790 Συχὲμ,
2761 1720 2859 1773 καί
2885 1720 3184 1787 ἐτέθησαν
3206 1721 3275 1772 ἐν
3293 1720 3371 1785 τῴ
3394 1718 3545 1789 μνή-

1961 1822 2120 1875 ματι,
2156 1804 2188 1857 ὃ
2238 1803 2512 1869 ὠνήσατο
2553 1802 2806 1872 Ἀϐραὰμ
2847 1802 3022 1871 τιμῆς
3051 1803 3335 1873 ἀργυρίου
3381 1802 3543 1869 παρὰ

1968 1888 2086 1941 τῶν
2131 1886 2275 1941 υἱῶν
2317 1885 2546 1954 Ἑμμὼρ
2577 1886 2680 1939 τοῦ
2712 1886 2931 1955 Συχέμ.
2968 1885 3172 1951 Καθὼς
3202 1885 3271 1937 δέ
3307 1884 3544 1954 ἤγγιζεν

1966 1958 2184 2027 χρόνος
2222 1956 2329 2023 τῆς
2373 1957 2762 2026 ἐπαγγελίας,
2806 1955 2881 2028 ἧς
2913 1956 3148 2025 ὤμοσεν
3193 1959 3225 2009 ό
3273 1956 3419 2020 Θεὸς
3465 1955 3545 2020 τῷ

1978 2040 2242 2109 Ἀϐραὰμ.
2272 2040 2546 2107 ηὔξησεν
2575 2043 2607 2093 ό
2630 2042 2800 2106 λαὸς,
2832 2041 2930 2094 καί
2959 2042 3307 2107 ἐπληθύνθη
3347 2040 3417 2092 έν
3442 2043 3543 2094 Αἰ·

1966 2124 2187 2192 τύπτω,
2218 2123 2389 2191 ἄχρις
2417 2118 2489 2177 οὗ
2519 2121 2746 2189 ἀνέστη
2764 2123 3067 2188 βασιλεὺς
3090 2124 3314 2191 ἕτερος,
3345 2123 3413 2187 ὃς
3432 2124 3544 2176 οὐκ

1966 2204 2095 2271 ᾔδει
2128 2204 2235 2257 τὸν
2296 2204 2527 2273 Ἰωσήφ.
2564 2204 2731 2257 Πάλιν
2784 2205 2916 2275 ἄλλη
2966 2206 3316 2258 ἀνελπιστία’
3350 2204 3541 2277 πρώτη

1968 2290 2066 2359 μὲν
2105 2289 2135 2340 6
2181 2288 2358 2359 λιμὸς,
2416 2288 2643 2358 δευτέρα
2695 2288 2756 2340 τὸ
2795 2290 3057 2358 ἐμπεσεῖν
3090 2290 3170 2351 εἰς
3211 2290 3397 2358 χεῖρας
3445 2287 3541 2340 τοῦ

1964 2372 2214 2441 ἀδελφοῦ,
2267 2371 2359 2423 καὶ
2413 2370 2569 2441 τρίτη
2620 2369 2678 2422 τὸ
2725 2371 3060 2440 ἀναιρεῖσθαι
3113 2370 3293 2440 ψῆφον
3324 2371 3541 2440 δοθῆναι

1965 2456 2069 2507 ὐπὸ
2098 2456 2193 2507 τοῦ
2241 2453 2533 2524 βασιλέως
2592 2454 2687 2506 καὶ
2738 2454 2885 2525 ὅμως
2943 2452 3277 2524 διεσώθησαν
3336 2453 3542 2507 τούτων

1963 2538 2236 2591 ἁπάντων.
2302 2532 2432 2590 Εἶτα
2491 2537 2554 2590 τὸ
2605 2538 2913 2607 εὐμήχανον
2964 2538 3179 2602 δεικνὺς
3232 2538 3327 2592 τοῦ
3382 2538 3541 2603 Θεοῦ,

1966 2621 2156 2690 φησίν·
2200 2621 2301 2675 Ἑν
2345 2619 2390 2685 ᾧ
2426 2618 2608 2687 καιρῷ
2647 2621 2941 2689 ἐγεννήθη
2992 2621 3288 2689 Μωῦσῆς,
3338 2621 3435 2676 καί
3463 2618 3543 2691 ἦν

1960 2703 2198 2769 ἀστεῖος
2230 2701 2309 2769 τῷ
2335 2702 2475 2768 Θεῷ.
2509 2704 2571 2755 Et
2595 2703 2772 2756 ἐκεῖνο
2793 2702 3124 2773 θαυμαστὸν,
3144 2705 3226 2756 ὅτι
3257 2703 3361 2757 ὑπὸ
3392 2704 3542 2756 ἐδελ-

1961 2786 2076 2855 φῶν
2108 2785 2344 2858 ἐπράθη,
2376 2786 2510 2839 ἀλλά
2544 2786 2702 2840 τοῦτο
2726 2786 3168 2859 θαυμαστότερον
3190 2785 3243 2851 ά,
3277 2789 3356 2841 ὅτι
3392 2787 3542 2858 βασι-

1960 2869 2084 2933 λεὺς
2108 2869 2330 2941 ἔτρεφεν
2355 2869 2515 2922 αὐτὸν
2542 2869 2634 2923 τὸν
2668 2870 2927 2941 μέλλοντα
2948 2870 3230 2942 καθαιρεῖν
3252 2870 3418 2925 αὐτοῦ
3443 2870 3541 2943 τὴν

1959 2953 2155 3024 ἀρχὴν,
2190 2952 2351 3017 αὐτὸς
2380 2955 2408 3006 ό
2441 2952 2649 3022 μέλλων
2682 2954 3034 3009 ἀπόλλυσθαι.

2045 3037 2207 3107 Ὁρᾷς
2243 3037 2517 3107 πανταχοῦ
2563 3037 2671 3090 τῶν
2701 3038 2910 3108 νεκρῶν
2943 3037 3128 3107 σχεδὸν
3174 3038 3540 3110 διατυπουμέ-

1960 3140 2058 3193 νην
2086 3123 2182 3193 τὴν
2230 3123 2559 3189 ἀνάστασιν;
2593 3124 2784 3177 Καίτοι
2809 3125 2909 3178 οὐκ
2950 3124 3099 3177 ἐστιν
3130 3123 3243 3176 ίσον
3282 3125 3443 3177 αὐτόν
3484 3142 3538 3178 τι

1959 3207 2049 3260 τὸν
2081 3207 2212 3261 Θεὸν
2261 3210 2435 3260 ποιεῖν
2459 3247 2474 3271 ,
2505 3210 2599 3261 καὶ
2636 3208 2743 3262 ἀπὸ
2773 3208 3145 3279 προαιρέσεως
3191 3206 3538 3278 ἀνθρωπίνης

1958 3310 2011 3345 τι
2034 3292 2307 3361 γενέσθαι.
2327 3291 2515 3345 Ταῦτα
2542 3292 2671 3361 γοῦν
2692 3293 2789 3345 οὐκ
2813 3292 2919 3345 ἀπὸ
2940 3291 3311 3362 προαιρέσεως
3331 3291 3538 3361 ἀνθρω-

1960 3375 2122 3445 πίνης
2146 3371 2233 3445 ἦν.
2268 3375 2373 3427 Καὶ
2408 3372 2487 3444 ἦν
2512 3374 2769 3441 δυνατὸς
2786 3376 2843 3429 ἐτι
2875 3376 3034 3444 λόγῳ
3054 3374 3153 3429 καί
3182 3375 3351 3443 ἔργῳ.
3371 3373 3538 3427 Τοῦτο

1958 3453 2100 3519 εἷπε,
2134 3458 2379 3511 κάκεῖνον
2412 3458 2634 3529 σωτῆρα
2659 3459 2752 3512 καὶ
2778 3457 2997 3522 τούτους
3022 3457 3151 3528 περὶ
3187 3456 3276 3511 τὸν
3311 3457 3537 3528 εὐεργέ-

1956 3559 2055 3611 την
2083 3541 2403 3611 ἀγνώμονας
2442 3542 2676 3606 δεικνύς.
2709 3541 2978 3611 Καθάπερ
3008 3536 3101 3595 οῦν
3138 3540 3258 3593 τότε
3297 3540 3401 3593 ὐπὸ
3439 3540 3535 3593 τοῦ

1958 3624 2142 3689 κακῶς
2172 3624 2432 3687 παθόντος
2462 3623 2554 3677 τοῦ
2589 3623 2783 3694 Ἰωσὴφ
2812 3622 3093 3694 ἐσώθησαν
3114 3639 3127 3652 ·
3158 3622 3300 3676 οὕτω
3325 3623 3417 3677 καὶ
3440 3622 3535 3675 νῦν

1958 3707 2062 3761 ὐπὸ
2109 3707 2203 3760 τοῦ
2247 3708 2434 3769 κακῶς
2473 3707 2736 3770 παθόντος
2778 3706 3085 3775 ἐσώθησαν,
3122 3706 3216 3760 τοῦ
3256 3707 3533 3770 Μωῦσέως

1957 3789 2116 3857 λέγω.
2148 3790 2213 3842 Τί
2260 3790 2390 3859 γὰρ,
2428 3790 2475 3841 εἰ
2525 3790 2599 3858 μὴ
2634 3790 2843 3842 ἀνεῖλον
2887 3789 3048 3841 αὐτὸν
3098 3789 3176 3859 τῷ
3213 3789 3529 3861 πράγματι;

1958 3875 2049 3944 Τῷ
2075 3874 2216 3943 λόγῳ
2244 3875 2449 3927 ἀνεῖλον
2479 3873 2665 3944 ὥσπερ
2697 3874 2956 3926 κάκεῖνοι.
2999 3874 3105 3927 Καὶ
3127 3875 3320 3926 ἐκεῖνοι
3350 3874 3448 3943 μὲν
3467 3875 3533 3925 ἐκ

1955 3958 2054 4026 τῆς
2078 3956 2256 4009 αὐτῶν
2290 3959 2367 4020 εἰς
2407 3955 2709 4024 ἀλλοδαπὴν
2736 3956 2830 4007 καί
2869 3955 3024 4024 ξένην
3058 3956 3341 4008 ἀπέδοντο’
3386 3949 3530 4008 οὗτοι

1953 4042 2009 4095 δὲ
2040 4044 2104 4095 ἐκ
2132 4042 2232 4112 τῆς
2257 4040 2540 4111 ἀλλοτρίας
2569 4042 2645 4103 εἰς
2680 4039 2967 4111 ἀλλοτρίαν
3002 4040 3396 4109 φυγαδεύουσι·
3436 4041 3531 4093 καί⁸

1954 4128 2068 4179 ἐκεῖ
2094 4126 2189 4197 μέν
2242 4125 2444 4195 τροφὴν
2496 4124 2859 4193 ἀποφέροντα,
2899 4124 3133 4176 ἐνταῦθα
3185 4124 3241 4176 δὲ
3294 4123 3529 4187 συμϐου-

1952 4208 2173 4263 λεύοντα
2201 4209 2267 4262 δι’
2301 4202 2374 4260 ὧν
2395 4208 2604 4263 ἔσονται
2633 4209 2770 4278 μετά
2795 4209 2949 4262 Θεοῦ.
2982 4208 3168 4271 Οὕτως
3207 4207 3404 4278 ἀληθὲς
3433 4208 3529 4260 καὶ

1951 4297 2015 4347 ἐκ
2039 4295 2146 4346 τῶν
2177 4294 2267 4346 νῦν
2303 4294 2767 4364 οἰκονομουμένων
2793 4295 2967 4347 ἐκεῖνο
2993 4294 3054 4347 τὸ
3078 4293 3182 4346 ὐπὸ
3210 4292 3303 4346 τοῦ
3342 4293 3529 4362 Γαμα-

1950 4376 2069 4448 λιήλ
2113 4376 2424 4448 εἰρημένον,
2479 4377 2559 4430 ὅτι
2609 4378 2743 4430 Ἐὰν
2793 4371 2833 4448 ᾖ
2865 4377 2933 4429 ἐκ
2984 4377 3090 4431 τοῦ
3118 4376 3286 4437 Θεοῦ,
3329 4377 3400 4429 οὐ
3426 4375 3528 4427 δύ-

1949 4463 2135 4513 νασθε
2161 4457 2499 4511 καταλῦσαι
2536 4460 2702 4513 αὐτό.
2741 4460 2813 4513 Σὺ
2846 4459 2903 4512 δὲ
2934 4462 3060 4523 τοὺς
3101 4459 3525 4527 ἐπιϐουλευομέ-

1949 4559 2074 4605 νους
2120 4540 2227 4593 τῶν
2257 4540 2712 4595 ἐπιϐουλευόντων
2759 4544 2966 4605 αἰτίους
3010 4542 3283 4612 σωτηρίας
3314 4542 3525 4609 γινομέ-

1949 4643 2070 4688 νους
2114 4625 2430 4695 μανθάνων,
2464 4625 2769 4696 ἐκπλάγηθι
2812 4624 2905 4677 τοῦ
2945 4625 3080 4677 Θεοῦ
3113 4626 3175 4678 τὸ
3218 4626 3523 4693 εὐμήχανον

1947 4711 2041 4762 καὶ
2075 4708 2171 4779 τὴν
2206 4709 2445 4761 σύνεσιν·
2476 4712 2523 4761 εἰ
2559 4710 2633 4779 μὴ
2667 4710 2775 4778 γάρ
2805 4709 3000 4760 ἐκεῖνοι
3035 4707 3520 4777 ἐπεϐουλεύθησαν,

1946 4794 2044 4846 οὐκ
2068 4792 2132 4845 ἂν
2158 4788 2301 4846 οῦτοι
2343 4791 2625 4854 ἐσώζοντο.
2662 4791 2829 4860 Λιμὸς
2862 4786 2950 4859 ἦν,
2985 4791 3078 4841 καὶ
3107 4790 3207 4841 οὐκ
3248 4790 3521 4842 ἀνάλωσεν

1946 4875 2161 4937 αὐτούς.
2196 4876 2303 4926 Καὶ
2332 4876 2391 4927 οὐ
2419 4874 2576 4926 τοῦτο
2611 4873 2791 4941 μόνον.
2816 4871 2949 4925 ἀλλά
2981 4874 3074 4924 καὶ
3105 4870 3521 4943 [1291-δι⁹ὲκεί-

1945 4976 2033 5011 νου
2066 4957 2345 5027 ἐσώθησαν
2368 4957 2460 5008 τοῦ
2492 4954 2949 5025 προσδοκηθέντος
2969 4954 3324 5007 ἀπολωλέναι.
3346 4955 3519 5026 Πρόσ-

1943 5059 2130 5113 ταγμα
2184 5040 2480 5111 βασιλικὸν,
2522 5041 2613 5092 καὶ
2641 5038 2740 5090 οὐκ
2772 5039 3033 5108 ἠφάνισεν
3073 5038 3342 5101 αὐτούςυ·
3381 5038 3519 5092 ἀλλά

1942 5125 2061 5178 τότε
2100 5124 2297 5195 μᾶλλον
2321 5121 2515 5193 ηῦξετο
2541 5121 2601 5174 τὸ
2644 5120 2867 5191 πλῆθος,
2898 5124 2985 5175 ὅτε
3016 5124 3218 5185 ἐκεῖνος
3248 5122 3518 5176 ἀπέθανεν

1940 5210 1968 5261 6
2006 5206 2158 5270 εἰδὼς
2207 5204 2423 5267 αὐτούς.
2475 5203 2579 5256 Τὸν
2633 5204 2854 5275 σωτῆρα
2904 5206 3084 5259 αὐτῶν
3138 5205 3518 5278 ἐβουλήθησαν

1941 5289 2163 5351 ἀνελεῖν,
2201 5288 2295 5340 καὶ
2324 5287 2444 5339 οὐδὲ
2473 5285 2643 5351 οὕτως
2674 5287 2917 5357 ἴσχυσαν.

2015 5372 2079 5441 β’.
2108 5372 2289 5441 Ὁρᾷς,
2321 5370 2403 5423 ὄτι
2435 5368 2502 5423 δι’
2534 5364 2608 5424 ὧν
2633 5372 2660 5423 6
2680 5371 2920 5434 διάϐολος
2938 5373 3207 5442 ἐπεχείρει
3228 5372 3515 5425 καταλύειν

1940 5455 2039 5526 τὴν
2063 5453 2391 5521 ἐπαγγελίαν
2416 5452 2508 5506 τοῦ
2542 5454 2699 5517 Θεοῦ,
2740 5453 2829 5507 διὰ
2862 5454 3066 5507 τούτων
3092 5454 3314 5522 ηὐξετο;
3344 5454 3514 5507 Τοῦτο

1945 5539 2036 5590 καὶ
2063 5536 2259 5599 αὐτοὺς
2301 5535 2539 5606 ἥρμοττε
2565 5537 2687 5591 τότε
2717 5538 2907 5601 εἰπεῖν,
2930 5537 3010 5590 ὅτι
3037 5537 3340 5605 εὐμήχανός
3365 5538 3513 5590 ἐστιν

1948 5622 1977 5674 6
2000 5620 2130 5683 Θεὸς
2150 5620 2244 5674 καί
2275 5621 2568 5691 ἀναγαγεῖν
2605 5623 2749 5692 ἡμᾶς
2768 5621 2988 5683 δυνατὸς
3015 5620 3283 5674 ἐντεῦθεν.
3314 5620 3387 5673 Τὸ
3406 5622 3511 5692 γὰρ

2009 5714 2034 5752 d
2064 5715 2198 5764 Unus
2243 5717 2417 5779 ἐπράθη

1948 5777 2135 5843 [Paulo
2153 5786 2267 5829 ante
2289 5777 2349 5828 Ι).
2371 5782 2447 5828 καὶ
2489 5781 2638 5829 ἐκεῖνο
2677 5778 2754 5845 8.]

2471 5718 2667 5767 ἐνταῦθα
2714 5718 2878 5773 πά)ιν;
2928 5716 3048 5765 ἀ).λά
3114 5716 3510 5778 θαυμαστότερον.

2841 5784 2860 5808 ε
2891 5780 2987 5827 Ald
3027 5778 3104 5823 καὶ
3140 5778 3228 5825 οὐκ
3269 5778 3512 5827 ἀνάλωσαν
