4076 6354
494 241 602 322 σεο

492 359 812 427 εὐμήχανον
846 359 942 413 τοῦ
989 362 1124 415 Θεοῦ
1181 361 1415 432 μάλιστα
1442 363 1601 417 τοῦτο
1765 376 1814 426 ι,
1849 363 1929 416 ετι
1971 363 2066 415 καὶ

491 441 550 492 ἐν
601 441 664 509 τῇ
705 440 1022 516 ἀποστροφῇ
1076 443 1268 516 ηὐξετο
1307 446 1370 498 τὸ
1429 448 1599 512 ἔθνος,
1668 446 2021 517 δουλούμενον
2047 484 2065 508 ,

493 524 588 577 καὶ
638 524 1007 596 κακούμενον,
1071 529 1164 582 καὶ
1211 529 1619 600 ἀναιρούμενον.
1664 531 1737 584 Τὸ
1779 532 1922 601 μέγα
1960 528 2060 598 τῆς

492 607 827 674 ἐπαγγελίας
846 609 1000 664 τοῦτό
1021 612 1182 665 ἐστιν.
1210 613 1271 665 Εἰ
1288 612 1395 683 γάρ
1414 613 1506 664 ἐπὶ
1529 613 1627 683 τῆς
1649 613 1827 666 αὐτῶν
1847 613 2061 685 ηὔξετο,

492 688 591 758 οὐχ
619 687 761 742 οὓτω
791 690 1097 762 θαυμαστὸν
1121 689 1209 764 ἦν.
1247 696 1356 748 Καὶ
1383 695 1502 749 οὐδὲ
1535 696 1728 767 μικρὸν
1755 696 1946 766 χρόνον
1971 695 2065 748 ἐπὶ

494 772 594 841 τῆς
621 773 904 845 ἀλλοτρίας
938 772 1100 847 ἦσαν,
1123 777 1257 832 ἀλλὰ
1283 780 1609 850 τετρακόσια
1635 779 1750 849 ἐτη.
1787 779 2066 833 Ἐντεῦθεν

498 857 843 929 μανθάνομεν
873 898 888 920 ,
945 859 1020 922 ὡς
1063 861 1380 930 φιλοσοφίαν
1427 863 1765 930 ἐπεδείξαντο
1801 862 2061 933 μεγάλην.

497 939 608 992 Καὶ
641 941 748 1010 γὰρ
787 942 884 1011 οὐχ
912 941 988 1005 ὡς
1017 942 1270 998 δεσπόται
1298 945 1324 984 δ
1351 945 1554 1010 δούλοις
1585 947 1764 1010 αὐτοῖς
1804 946 2061 1016 ἐχρῶντο.

496 1021 612 1074 ἀλλ’
638 1023 713 1086 ὡς
730 1023 916 1094 ἐχθροί
941 1027 1034 1078 καὶ
1062 1027 1334 1098 τύραννοι.
1366 1030 1456 1082 Διὸ
1476 1030 1569 1084 καὶ
1594 1033 1870 1101 προεῖπεν,
1898 1031 1980 1083 ὅτι
2005 1031 2064 1082 ὲν

495 1103 779 1177 ἐλευθερίᾳ
827 1107 1039 1163 ἔσονται
1069 1110 1276 1183 μεγάλῃ
1298 1125 1312 1140 ⁸
1351 1113 1506 1165 τοῦτο
1549 1114 1656 1184 γάρ
1691 1115 1808 1166 ἐστι
1833 1114 1916 1180 τὸ,
1951 1121 2064 1168 Λα-

493 1188 822 1255 τρεύσουσί
849 1207 951 1259 μοι
975 1208 988 1222 ο
1021 1191 1122 1244 καὶ
1147 1194 1230 1246 ὅτι
1251 1195 1509 1250 ἐνταῦθα
1536 1197 2066 1262 ἐπανελεύσονται,

495 1271 587 1322 καὶ
607 1270 706 1324 οὐκ
728 1273 1052 1344 ἀτιμωρητί.
1082 1277 1192 1329 Καὶ
1213 1279 1329 1348 ὅρα.
1362 1278 1477 1341 πῶς
1497 1279 1644 1332 δοκεῖ
1666 1280 1764 1350 μέν
1782 1296 1834 1333 τι
1852 1279 2069 1351 χαρίζε-

495 1351 620 1406 σθαι
666 1357 732 1424 τῇ
769 1361 1076 1428 περιτομῇ,
1124 1359 1276 1414 οὐδὲν
1309 1359 1365 1413 δὲ
1417 1361 1666 1415 δίδωσινο
1715 1361 1767 1414 εί
1797 1379 1860 1430 γε
1887 1365 1921 1433 ἠ
1969 1362 2068 1433 μὲν

495 1435 797 1504 ἐπαγγελία
839 1440 945 1510 πρὸ
975 1440 1198 1511 ταύτης,
1249 1443 1386 1512 αὐτη
1439 1444 1493 1497 δὲ
1543 1445 1682 1515 μετά
1721 1445 1912 1500 ταῦτα.
1961 1445 2069 1500 Kal

493 1521 548 1571 οὶ
617 1521 1002 1592 πατριάρχαι,
1077 1528 1211 1595 φησι
1239 1568 1254 1591 ,
1326 1527 1719 1596 ζηλώσαντες.
1781 1529 1951 1583 Ἔνθα
2006 1529 2068 1582 οὐ

497 1601 764 1670 βλάπτει,
818 1607 1096 1677 χαρίζεται
1145 1610 1348 1674 αὐτοῖς.
1420 1613 1771 1684 Πατριάρχας
1830 1613 1889 1666 δέ
1937 1629 2071 1681 φησι

494 1686 620 1748 τούς
690 1691 1022 1760 προγόνους,
1103 1693 1289 1764 ἐπειδὴ
1359 1695 1453 1748 καὶ
1518 1698 1576 1749 ἐν
1653 1697 1864 1760 τούτοις
1930 1696 2073 1768 μέγα

497 1770 778 1840 ἐφρόνουν.
817 1775 1024 1840 Ἄλλως
1075 1777 1132 1830 δὲ
1173 1779 1265 1832 καὶ
1313 1778 1605 1844 δείκνυσιν,
1657 1781 1786 1834 ὄτιο
1819 1782 1870 1834 οἰ
1925 1782 2073 1850 ἅγιοι

497 1854 618 1924 οὐχὶ
647 1855 800 1920 ἐκτὸς
833 1853 973 1928 ἦσαν
1015 1859 1246 1932 θλίψεως
1267 1901 1281 1923 .
1310 1862 1445 1916 ἀλλὰ
1487 1864 1580 1918 καὶ
1610 1865 1670 1918 ἐν
1699 1865 1890 1929 αὐταῖς
1922 1865 2074 1930 ὄντες

501 1935 698 2005 μέσαις
742 1943 864 2004 ταῖς
909 1943 1120 2013 θλίψεσι
1160 1943 1412 2015 βοηθείας
1454 1947 1770 2018 ἐτύγχανον.
1823 1949 1888 2001 Ol
1921 1949 1978 2002 δὲ
2011 1950 2072 2001 οὐ

502 2018 662 2088 μόνον
692 2023 791 2076 οὐκ
820 2025 992 2089 ἔλυον,
1023 2027 1157 2082 άλλά
1193 2029 1288 2082 καὶ
1320 2031 1688 2102 συνέπραττον
1729 2034 1842 2094 τοῖς
1864 2031 2075 2085 θλίϐου-

502 2118 606 2188 σιν,
635 2103 938 2174 ὀφείλοντες
965 2111 1164 2181 μᾶλλον
1192 2113 1361 2178 αὐτάς
1383 2114 1711 2170 διακόπτειν.
1741 2117 1952 2188 ’Ὠσπερ
1981 2113 2075 2170 οὐν

499 2181 643 2272 οῦτοι
677 2189 770 2243 τὸν
814 2193 1008 2266 Ἰωσὴφ
1045 2196 1377 2268 ἐνδοξότερον
1419 2199 1680 2270 ἐποίησαν
1715 2181 2034 2272 ἀποδόμενοι
2056 2241 2072 2263 ,

499 2268 673 2356 οὐτως
705 2274 734 2326 6
763 2275 1017 2344 βασιλεὺς
1048 2280 1139 2334 τὸν
1161 2282 1420 2352 Μωῡσῆν,
1452 2268 1715 2346 κελεύσας
1739 2268 2075 2356 ἀναιρεῖσθαι

500 2353 570 2407 τά
610 2358 830 2413 παιδία·
867 2365 916 2416 εἰ
953 2365 1027 2438 μὴ
1060 2364 1171 2437 γάρ
1208 2366 1494 2421 ἐκέλευσεν
1516 2407 1531 2432 ,
1559 2369 1660 2422 οὐκ
1689 2369 1756 2424 ἂν
1781 2353 1941 2424 τοῦτο
1964 2371 2078 2438 ἐγί-

503 2455 644 2494 νετο.

576 2525 683 2578 Καὶ
717 2529 907 2582 σκόπει
949 2531 1082 2584 Θεοῦ
1130 2533 1471 2603 κηδεμονίαν.
1514 2536 1749 2599 Ἐκεῖνος
1789 2535 2078 2604 φυγαδεύει

502 2605 598 2690 τὸν
624 2609 895 2680 Μωῦσῆν·
935 2614 965 2664 6
988 2613 1044 2666 δὲ
1074 2614 1135 2667 οὐ
1183 2615 1400 2680 κωλύει,
1439 2618 1499 2670 τὺ
1531 2617 1721 2688 μέλλον
1752 2619 2078 2690 οἰκονομῶν,

508 2688 598 2742 ἵνα
629 2691 746 2745 ἐκεῖ
783 2695 882 2764 τῆς
910 2697 1086 2764 ὅψεως
1112 2700 1250 2770 τύχη
1282 2701 1430 2766 ἄξιος
1452 2702 1763 2772 γενόμενος.
1805 2688 1961 2758 Οὕτω
1988 2707 2082 2758 καὶ

504 2773 600 2827 τὸν
628 2775 812 2830 δοῦλον
857 2779 949 2832 τὸν
996 2781 1273 2851 πραθέντα
1311 2787 1455 2838 ποιεῖ
1495 2786 1612 2838 ἐκεῖ
1657 2785 1912 2856 βασιλέα,
1953 2788 2083 2841 ἔνθα

505 2855 784 2940 ἐνομίζετο
829 2859 1013 2926 δοῦλος
1045 2863 1202 2918 εἶναι.
1237 2866 1444 2937 Ὥσπερ
1473 2867 1528 2920 δὲ
1556 2855 1708 2933 οὗτος
1758 2869 1876 2922 ἐκεῖ
1926 2869 2081 2940 βασι-

505 2939 672 3024 λεύει,
704 2943 832 2998 ἔνθα
865 2947 1027 3000 αὐτὸν
1053 2948 1371 3020 ἐπώλησαν·
1405 2949 1547 3005 οὕτω
1573 2953 1665 3005 καὶ
1701 2955 1730 3006 6
1762 2953 1995 3024 Χριστὸς
2024 2954 2083 3006 ὲν

505 3022 587 3096 τῷ
623 3025 837 3099 θανάτῳ
886 3029 984 3100 τὴν
1035 3031 1264 3103 δύναμιν
1317 3034 1704 3089 ἐπιδείκνυται.
1745 3022 1920 3089 Τοῦτο
1963 3037 2084 3107 οὐχὶ

507 3109 678 3181 τιμῆς
702 3110 860 3181 μόνον
887 3108 975 3184 ἦν,
1001 3115 1138 3169 ἀλλὰ
1161 3117 1254 3170 καὶ
1278 3116 1373 3170 τοῦ
1399 3117 1622 3189 θαρρεῖν
1643 3122 1711 3191 τῇ
1736 3119 1912 3191 οἰκείᾳ
1931 3120 2086 3173 δυνά-

513 3210 625 3263 μει.
673 3195 811 3247 Ἀλλ’
847 3196 1044 3268 ἴδωμεν
1085 3200 1290 3254 ἀνωθεν
1323 3200 1393 3254 τὰ
1441 3203 1734 3273 εἰρημένα.
1790 3204 1902 3258 Kal
1945 3221 2086 3256 κατ-

509 3279 775 3348 έστησεν
799 3283 987 3335 αὐτὸν
1005 3285 1340 3353 ἡγούμενον
1362 3285 1454 3339 ἐπ’
1480 3287 1784 3356 Αἴγυπτον
1817 3286 1916 3341 καὶ
1941 3288 2087 3342 ὅλον

512 3362 620 3416 τὸν
649 3363 816 3417 οἷκον
840 3366 1046 3420 αὐτοῦ.
1074 3368 1214 3438 Ὅρα
1244 3368 1333 3422 διά
1366 3369 1522 3440 λιμὸν
1549 3365 1638 3423 οἷα
1665 3372 2084 3436 κατασκευάζει.

525 3447 632 3501 Ἔν
642 3446 1047 3518 ἐϐδομήκοντα
1073 3453 1168 3505 καὶ
1190 3452 1370 3506 πέντε
1390 3452 1619 3522 ψυχαῖς
1637 3455 1878 3523 κατέϐη,
1901 3474 1974 3526 φη
1983 3458 2086 3519 σἰν,

527 3534 738 3588 Ἰακὼϐ
785 3541 875 3602 εις
929 3538 1253 3607 Λῖγυπτον.
1305 3540 1415 3593 Kal
1470 3542 1870 3609 ἐτελεύτησεν
1909 3545 2090 3609 αὐτὸς

517 3620 616 3673 καί
663 3623 717 3673 οι
762 3620 1012 3688 πατέρες
1044 3622 1233 3693 ἡμῶν.
1273 3627 1379 3680 Kal
1414 3626 1818 3696 μετετέθησαν
1861 3631 1947 3693 εἰς
1976 3632 2089 3682 Συ-

519 3700 632 3770 χὲμ
657 3741 672 3765 ,
711 3703 810 3756 καί
845 3704 1140 3772 ἐτέθησαν
1185 3707 1254 3761 ἐν
1294 3707 1372 3774 τῷ
1408 3707 1689 3778 μνήματι,
1737 3709 1770 3763 6
1815 3710 2092 3777 ὠνήσατο

533 3785 780 3856 Ἀϐραὰμ
825 3787 1000 3856 τιμῆς
1026 3789 1309 3860 ἀργυρίου
1351 3792 1510 3861 παρὰ
1536 3793 1654 3847 τῶν
1681 3792 1827 3848 υἱῶν
1865 3796 2092 3864 Ἑμμὼρ

520 3868 628 3949 τοῦ
658 3869 876 3937 Συχέμ.
911 3870 1211 3935 Δείκνυσιν,
1247 3875 1328 3927 ὅτι
1360 3875 1482 3928 οὐδὲ
1523 3876 1685 3946 μέχρι
1709 3879 1886 3949 ταφῆς
1915 3880 2092 3949 κύριοι

519 3947 678 4032 ἦσαν.
703 3953 907 4020 Καθὼς
933 3954 1002 4009 δὲ
1031 3957 1263 4025 ἤγγιζεν
1283 3963 1316 4013 ό
1342 3963 1557 4028 χρόνος
1576 3960 1684 4029 τῆς
1713 3947 2091 4032 ἐπαγγελίας,

521 4030 598 4105 ἧς
652 4035 889 4105 ὤμοσεν
947 4041 980 4092 ό
1046 4040 1191 4107 Θεὸς
1251 4041 1332 4107 τῷ
1400 4043 1677 4112 Ἀϐραὰμ,
1731 4030 2006 4113 ηὔξησεν
2049 4030 2095 4101 ό

524 4119 695 4184 λαὸς,
724 4119 821 4172 καί
849 4121 1196 4189 ἐπληθύνθη
1234 4123 1304 4176 ἐν
1325 4125 1592 4193 Αἰγύπτῳ
1612 4167 1626 4188 ,
1686 4127 1859 4196 ἄχρις
1889 4125 1961 4184 οὗ
1994 4130 2098 4183 ἀν·-

525 4201 674 4269 έστη
703 4204 1001 4269 ,βασιλεὺς
1052 4203 1199 4276 [150]
1258 4206 1479 4274 ἕτερος,
1531 4209 1599 4276 ὸς
1644 4213 1754 4264 οὐκ
1808 4212 1934 4280 ᾔδει
1990 4213 2098 4267 τὸν

541 4285 781 4354 Ἰωσήφ.
830 4286 990 4356 Ὅρα,
1035 4288 1116 4340 ὅτι
1162 4289 1283 4342 οὐδὲ
1321 4292 1377 4342 έν
1426 4293 1537 4354 τοῖς
1591 4293 1866 4358 τοσούτοις
1921 4296 2096 4350 ἔτεσιν

528 4371 724 4433 αὐτοὺς
757 4369 944 4436 αύξει,
985 4371 1098 4424 ἀλλ’
1151 4373 1237 4426 ὅτε
1276 4373 1497 4443 ἔμελλεν
1538 4375 1772 4444 ἐγγίζειν
1810 4379 1870 4430 τὸ
1911 4380 2094 4444 τέλος·

531 4453 704 4507 καίτοι
763 4453 861 4524 ἤδη
922 4455 1315 4526 τετταρακόσια
1361 4457 1453 4528 ἐτη
1501 4453 1570 4528 ἦν
1620 4459 1952 4530 παρελθόντα
2007 4466 2101 4517 καὶ

531 4535 750 4588 πλείονα
781 4538 837 4588 ἐν
861 4536 1139 4608 Αἰγύπτῳ.
1163 4538 1236 4590 Τὸ
1257 4540 1386 4607 γοῦν
1414 4541 1513 4593 θαυ
1522 4543 1724 4611 μαστὸν
1747 4543 1904 4598 τοῦτό
1929 4546 2095 4602 ἐστιν.

535 4617 742 4686 Οὗτος,
779 4623 944 4691 φησι,
995 4624 1558 4694 κατασοφισάμενος
1596 4625 1663 4679 τὸ
1698 4627 1869 4697 γένος
1899 4631 2098 4699 ἡμῶν,

529 4703 800 4758 ἐκάκωσε
838 4705 974 4772 τοὺς
1013 4706 1272 4776 πατέρας
1307 4707 1476 4776 ἡμῶν
1523 4709 1629 4762 τοῦ
1669 4711 1859 4764 ποιεῖν
1891 4713 2104 4768 ἔκθετα

532 4791 604 4843 τὰ
627 4789 826 4858 βρέφη
874 4788 1074 4844 αὐτῶν
1111 4793 1199 4858 εἰς
1225 4793 1288 4844 τὸ
1326 4791 1410 4860 μὴ
1449 4789 1876 4862 ζωογονεῖσθαι.
1913 4801 2103 4852 Κατα-

534 4873 945 4942 σορισάμενος
970 4873 1143 4938 εἶπεν,
1172 4877 1536 4946 αἰνιττόμενος
1563 4877 1660 4948 τὴν
1683 4877 1855 4950 λάθρα
1885 4881 2103 4952 ἀναίρε-

538 4974 621 5010 σιν
644 4973 659 4988 ·
695 4958 755 5009 οὐ
791 4958 898 5027 γὰρ
925 4958 1174 5013 ἐϐούλετο
1207 4960 1455 5032 φανερῶς
1485 4961 1679 5024 αὐτοὺς
1717 4963 1957 5034 ἀναιρεῖν
1977 4982 1990 4995 ·
2025 4966 2106 5020 διὸ

539 5041 629 5094 καὶ
662 5041 907 5110 ἐπήγαγε
954 5042 1110 5095 τοῦτο
1153 5043 1346 5114 δηλῶνι
1392 5045 1590 5098 Ποιεῖν
1614 5045 1827 5100 ἔκθετα
1862 5050 1933 5103 τὰ
1958 5049 2104 5118 ,ϐρέ-

539 5131 687 5193 ww“-
752 5126 854 5179 Ἓν
898 5118 946 5190 ᾧ
995 5126 1176 5194 καιρῷ
1223 5128 1511 5197 ἐγεννήθη
1561 5129 1842 5199 Μωῦσῆς,
1878 5133 1974 5186 καί
2027 5129 2109 5204 ἦν

539 5209 780 5274 ἀστεῖος
812 5207 892 5273 τῷ
938 5208 1078 5274 Θεῷ.
1111 5209 1280 5264 Τοῦτο
1319 5212 1380 5264 τὸ
1426 5212 1736 5281 θαυμαστὸν
1758 5255 1774 5278 ,
1805 5216 1884 5268 ὅτι
1915 5219 1944 5270 6
1974 5235 2103 5286 προ-

543 5293 744 5364 στάτης
797 5293 999 5363 μέλλων
1051 5294 1265 5348 ἔσεσθαι
1315 5297 1436 5348 οὐδὲ
1471 5299 1607 5366 μετά
1639 5297 1812 5351 ταῦτα
1845 5299 1964 5354 οὐδὲ
2001 5303 2108 5372 πρὸ

541 5377 754 5437 τούτου,
793 5377 906 5429 ἀλλ’
943 5380 1000 5430 ἐν
1031 5378 1177 5448 αὐτῷ
1226 5379 1373 5449 μέσῳ
1405 5379 1482 5448 τῷ
1521 5379 1674 5450 θυμῷ
1705 5383 1965 5436 τίκτεται.
1997 5385 2107 5439 Kal

544 5464 929 5532 ἀνατρέφεται
951 5462 1150 5531 μῆνας
1182 5463 1335 5529 τρεῖς
1369 5465 1437 5516 ἐν
1460 5464 1539 5530 τῷ
1566 5467 1711 5531 οῑκῳ
1738 5468 1844 5522 τοῦ
1867 5473 2108 5538 πατρός.

620 5582 643 5608 ⁴
673 5574 797 5646 [ᾚν
827 5575 987 5646 fabas}.
1013 5591 1038 5624 a
1066 5576 1145 5646 1)...
1159 5582 1220 5646 ,οι
1245 5577 1480 5646 Cnmm_el.
1508 5576 1881 5646 ur;cisinclg1_sit,
1924 5595 2110 5646 nosque

548 5641 760 5706 ξθωυ]
827 5639 1006 5706 “Alii.
1029 5640 1315 5706 μανθάγομξν
1351 5639 1627 5706 φιλοςεφίαν
1673 5641 1895 5706 μεγάλην.
1923 5639 2114 5706 ο·)κ“ὼς

550 5703 794 5748 δεσπόται.
863 5699 887 5727 °
917 5699 1121 5754 Quidam
1171 5699 1411 5760 ἐφρόνουν,
1453 5699 1774 5758 δείκνυσι’δέ,
1800 5703 1889 5750 ὅτι.
1964 5699 2113 5755 (Alii

552 5762 909 5831 ζωογονείσθριη
929 5760 1188 5831 Λίνίττιται
1219 5761 1387 5831 αὐτοὺ-ς
1410 5763 1473 5831 ῶς
1493 5763 1557 5822 μή
1583 5764 1891 5831 βουλομένους
1915 5771 2116 5830 φανερῶς

553 5823 775 5874 ἀναιρεῖν.
816 5823 915 5871 Τοῦ
955 5823 1122 5879 ποιεῖν,
1150 5823 1306 5882 φησὶν,
1354 5823 1517 5871 ἔκθετα
1561 5825 1618 5871 τὰ
1649 5825 1814 5887 βρέφη.

1201 243 1261 299 S.
1299 241 1584 302 JOANNIS
1618 242 2104 302 CHRYSOS'IOMI
2139 241 2457 300 ARCIIIEP.
2497 240 3040 300 CONSTANTINOP.

3627 242 3732 300 I30

2166 362 2296 416 Ὅτε
2341 363 2521 416 τοίνυν
2561 363 2629 415 τά
2671 361 2984 433 ἀνθρώπινα
3013 359 3326 432 ἀπηλπίσθη
3371 361 3466 414 καὶ
3502 360 3736 431 ἔρριψαν

2164 447 2346 510 αὐτὸν,
2379 447 2499 499 τότε
2550 445 2645 498 τοῦ
2696 443 2894 515 Θεοῦή
2936 445 3215 515 οἰκονομία
3247 445 3457 516 ἐδείχθη
3499 444 3736 515 διαλάμυ

2170 548 2366 584 πουσα.
2415 529 2754 584 Ἐκτεθέντα
2781 529 2849 582 δὲ
2867 529 3054 584 αὐτὸν
3089 530 3358 584 ἀνείλετο
3392 533 3429 599 ἡ
3475 529 3738 599 θυγάτηρ

2166 617 2276 682 dtu;
2290 616 2392 678 αὼ,
2449 615 2544 668 καὶ
2596 614 2963 680 ἀνεθρέψατο
3010 612 3198 667 αὐτὸν
3225 612 3408 681 ἑαυτῇ
3439 615 3525 679 εἰς
3578 615 3732 666 υἱόν.

2167 696 2415 767 οὐδαμοῦ
2446 697 2591 762 ναὸς,
2631 695 2865 766 οὐδαμοῦ
2899 695 3078 759 θυσία,
3107 696 3374 749 τοσούτων
3417 695 3737 766 οἰκονομιῶν

2167 780 2490 848 γενομένων.
2539 781 2646 834 Καὶ
2681 778 2957 849 ἀνετράφη
2995 781 3052 832 ἐν
3083 779 3215 850 οίκῳ
3255 779 3588 850 βαρϐαρικῷ.
3623 777 3736 832 Kal

2166 863 2484 930 ἐπαιδεύθη
2504 861 2762 930 Μωῠσῆς
2782 862 2950 930 πάσῃ
2973 864 3158 931 σοφίᾳ
3175 865 3512 932 Αἰγυπτίων
3527 879 3540 892 ·
3570 857 3648 930 ἦν
3667 861 3741 915 δὲ

2167 945 2425 1012 δυνατὸς
2473 947 2543 1000 ἐν
2593 947 2795 1016 λόγοις
2826 945 2923 999 καί
2957 946 3170 1014 ἔργοις.
3234 946 3386 1016 Ἐμοὶ
3436 945 3739 1016 θαυμάζειν

2169 1029 2456 1100 ἐπέρχεται
2482 1071 2496 1094 ,
2528 1029 2645 1094 πῶς
2675 1029 3076 1100 τεσσαράκοντα
3116 1029 3209 1100 ἐτη
3240 1024 3308 1100 ἦν
3341 1031 3476 1092 ἐκεῖ,
3507 1029 3600 1082 καὶ
3637 1029 3740 1099 οὐχ

2170 1114 2312 1167 ἑάλω
2339 1115 2404 1166 ἐκ
2431 1114 2528 1182 τῆς
2562 1113 2890 1184 περιτομῆςο
2935 1112 3135 1183 μᾶλλον
3165 1113 3244 1178 δὲ,
3291 1113 3407 1177 πῶς
3452 1115 3510 1166 ἐν
3555 1113 3739 1180 ἀσφα-

2170 1197 2288 1269 λείᾳ
2309 1196 2459 1260 ὄντες
2483 1197 2553 1248 τά
2571 1195 2748 1249 αὐτῶν
2769 1195 3050 1268 παρορῶσι
3067 1196 3158 1249 καὶ
3177 1190 3329 1258 οὗτος
3349 1196 3440 1250 καὶ
3459 1197 3487 1248 6
3519 1195 3739 1263 Ἰωσὴφ,

2171 1280 2257 1333 ἵνα
2288 1281 2384 1333 καὶ
2412 1279 2630 1350 ἐτέρους
2659 1279 2924 1333 σώσωσιν.
2959 1279 3053 1346 Ὠς
3094 1279 3163 1331 δὲ
3195 1277 3530 1345 ἐπληροῦτο
3578 1276 3743 1342 αὺτῷ

2169 1361 2761 1432 τεσσαρακονταετὴς
2797 1363 3044 1432 χρόνος,
3086 1361 3268 1428 ἀνέϐη
3309 1362 3407 1414 ἐπὶ
3448 1360 3564 1427 τὴν
3609 1377 3743 1429 καρ-

2170 1447 2309 1502 δίαν
2342 1448 2530 1502 αὐτοῦ
2558 1446 2999 1516 ἐπισκέψασθαι
3035 1446 3175 1513 τοὺς
3208 1445 3510 1514 ἀδελφοὺς
3552 1444 3744 1498 αὑτοῦ

2173 1531 2314 1595 τοὺς
2337 1531 2507 1596 υἱοὺς
2541 1529 2800 1597 Ἰσραήλ.
2832 1531 2939 1584 Kal
2971 1529 3109 1583 ἰδών
3147 1547 3276 1582 τινα
3299 1529 3703 1596 ἀδικούμενον
3724 1569 3741 1588 .

2173 1613 2458 1682 ἠμύνατο,
2491 1615 2586 1666 καὶ
2616 1613 2904 1680 ἐποίησεν
2924 1612 3242 1681 ἐκδίκησιν
3267 1611 3348 1677 τῷ
3372 1629 3747 1664 καταπονου-

2169 1696 2349 1766 μένῳ,
2373 1696 2642 1761 πατάξας
2668 1696 2774 1750 τὸν
2789 1697 3124 1764 Αίγύπτιον.
3177 1696 3427 1763 Ἐνόμιζε
3447 1694 3515 1746 δὲ
3541 1694 3747 1747 συνιέ-

2173 1797 2273 1834 ναι
2303 1779 2446 1845 τοὺς
2470 1778 2771 1847 ἀδελφοὺς
2797 1779 3002 1834 αὐτοῦ.
3040 1777 3129 1831 ὅτι
3176 1781 3208 1832 ό
3239 1778 3382 1842 Θεὸς
3417 1777 3512 1830 διὰ
3545 1776 3747 1844 χειρὸς

2174 1863 2359 1918 αὑτοῦ
2371 1862 2617 1916 δίδωσιν
2634 1861 2838 1927 αὐτοῖς
2857 1864 3174 1928 σωτηριάν’
3194 1864 3246 1913 οἱ
3267 1860 3333 1911 δὲ
3353 1863 3424 1912 ού
3440 1858 3746 1923 συνῆκαν.

2178 1947 2340 2018 Ὅρα,
2369 1946 2484 2009 πῶς
2498 1947 2634 2008 τέως
2655 1947 2714 1998 οὐ
2732 1945 2877 1998 δοκεῖ
2891 1945 3164 2017 φορτικὸς.
3191 1943 3325 1997 ἀλλὰ
3346 1943 3582 1994 τοσαῦτα
3609 1941 3673 2010 δη
3683 1959 3748 2010 μ·

2175 2033 2392 2103 ηγορεί,
2416 2031 2510 2084 καὶ
2537 2029 2754 2082 ἀκούειν
2780 2029 3091 2100 ἀνέχονται·
3122 2027 3294 2090 οὕτως
3320 2028 3518 2088 αὐτοὺς
3557 2030 3624 2097 τῇ
3651 2027 3748 2080 τοῦ

2177 2114 2468 2187 προσώπου
2504 2115 2686 2184 χάριτι
2727 2110 2888 2166 εἷλεν.
2944 2111 3227 2175 Ἐνόμιζε,
3276 2114 3440 2183 φησὶ,
3471 2112 3751 2167 συνιέναι

2176 2199 2319 2266 τοὺς
2349 2199 2670 2266 ἀδελφούς.
2703 2197 2892 2251 Καίτοι
2923 2197 3009 2250 διὰ
3035 2197 3144 2249 τῶν
3178 2196 3352 2266 ἔργων
3381 2204 3414 2268 η
3444 2197 3751 2268 προστασία

2177 2283 2424 2350 ἐγένετο,
2467 2282 2560 2334 καὶ
2589 2281 2691 2334 οὐκ
2727 2276 2796 2352 ἦν
2826 2280 3088 2342 συνέσεως
3121 2279 3352 2332 ἐνταῦθα
3391 2282 3577 2351 χρεία·
3631 2279 3749 2333 ἀλλ’

2177 2365 2326 2437 ὅμως
2361 2364 2478 2418 οὐδὲ
2499 2363 2670 2428 οὕτως
2700 2363 2968 2416 συνίεσαν.
3013 2363 3197 2434 Ὁρᾷς,
3236 2363 3354 2426 πῶς
3391 2363 3530 2432 μετά
3574 2365 3751 2415 ἐπιει-

2180 2449 2332 2510 κείας
2353 2446 2680 2514 διαλέγεται,
2709 2446 2940 2509 καὶπῶς
2963 2445 3139 2511 δείξας
3169 2447 3260 2498 τὸν
3291 2447 3462 2515 θυμὸν
3492 2448 3576 2499 ἐπ’
3607 2445 3752 2498 ἐκεί-

2179 2549 2294 2595 νου,
2321 2529 2559 2583 δείκνυσι
2588 2529 2648 2583 τὸ
2684 2530 2892 2601 ἥμερον
2918 2531 3008 2582 ἐπὶ
3033 2528 3253 2596 τούτου;
3288 2528 3363 2596 Τῇ
3403 2546 3466 2582 τε
3492 2529 3750 2596 ἐπιούσῃ

2181 2613 2371 2682 ἡμέρᾳ
2406 2613 2571 2682 ὤφθη
2598 2613 2801 2679 αὺτοῖς
2821 2612 3216 2682 μαχομένοις,
3260 2614 3355 2665 καὶ
3392 2612 3756 2678 συνήλασεν

2181 2695 2404 2762 αὐτοὺς
2455 2699 2542 2762 εἰς
2582 2698 2850 2763 εἰρήνην,
2901 2695 3120 2748 εἰπών’
3179 2696 3447 2762 Ἄνδρες.
3498 2695 3756 2763 ἀδελφοί

2181 2781 2341 2842 ἐστε,
2366 2781 2520 2834 ίνατί
2543 2779 2800 2834 ιίδικεῖτε
2823 2779 3168 2848 ἀλλήλουςς
3207 2779 3261 2830 Ὀ
3301 2779 3369 2831 δὲ
3393 2778 3614 2833 ἀδικῶν
3647 2778 3758 2832 τὸν

2184 2869 2451 2938 πλησίον
2480 2868 2762 2923 ἀπώσατο
2821 2867 3037 2931 αὐτὸν,
3075 2865 3290 2920 εἰπών’
3343 2866 3442 2932 Τίς
3483 2883 3557 2919 σε
3609 2881 3755 2918 κατ-

2184 2955 2446 3021 έστησεν
2465 2953 2726 3023 ἄρχοντα
2749 2952 2849 3010 καί
2877 2951 3174 3018 δικαστὴν
3199 2950 3290 3018 ἐφ’
3313 2949 3505 3019 ἡμᾶς;
3527 2955 3582 3004 Μ
3589 2949 3621 3015 η
3647 2949 3757 3002 ἁν-

2183 3037 2431 3106 ελεῖνμε
2453 3035 2532 3090 σὺ
2554 3036 2766 3100 θέλεις,
2788 3035 2859 3088 ὸν
2873 3035 3095 3101 τρόπον
3108 3033 3342 3099 ἀνεῖλες
3367 3033 3506 3102 χθὲς
3534 3033 3638 3084 τὸν
3655 3032 3758 3084 Al-

2186 3123 2468 3192 γύπτιον;
2507 3119 2638 3172 Ἀπὸ
2667 3119 2764 3189 τῆς
2791 3119 2958 3188 αὐτῆς
2983 3116 3208 3188 γνώμης
3239 3117 3306 3170 τὰ
3328 3115 3465 3169 αὐτά
3497 3115 3591 3169 καὶ
3620 3114 3759 3184 πρὸς

2185 3207 2276 3258 τὸν
2304 3203 2537 3275 Χριστὸν
2571 3202 2846 3272 φαίνονται
2870 3201 3118 3266 λέγοντες
3137 3217 3150 3230 ·
3185 3201 3303 3253 Οὐκ
3337 3199 3556 3268 ἔχομεν
3575 3199 3762 3262 βασι-

2187 3291 2318 3353 λέα,
2358 3291 2411 3342 εἰ
2438 3291 2522 3356 μὴ
2570 3287 2859 3352 Καίσαρα.
2894 3283 3079 3345 Οὕτως
3129 3282 3246 3345 ἔθος
3294 3283 3382 3336 ἀεί⁵
3427 3285 3597 3334 ποιεῖν
3625 3281 3762 3334 ’1ου-

2189 3373 2355 3437 δαίοις
2389 3373 2482 3424 καὶ
2514 3367 3009 3439 εὐεργετουμένοις.
3056 3363 3208 3430 Εἶδες
3247 3367 3470 3429 ἄνοια-η
3509 3367 3596 3419 τὸν
3626 3365 3764 3435 μέλ-

2189 3457 2348 3509 λοντα
2378 3455 2568 3519 σώζειν
2607 3454 2800 3514 αὐτοὺς
2821 3451 3160 3505 διαϐάλλουσι
3183 3490 3197 3510 .
3228 3450 3296 3502 δι’
3329 3445 3403 3504 ὧν
3430 3465 3614 3520 φασιν,
3647 3452 3763 3502 "Or

2192 3542 2411 3608 τρόπον
2456 3539 2690 3602 ἀνεῖλες
2731 3537 2870 3604 χθὲς
2893 3535 2999 3589 τὸν
3048 3537 3388 3604 Αἰγύπτιον.
3426 3534 3532 3588 Kal
3573 3533 3766 3603 ἔφυγε

2194 3623 2452 3690 Μωϋσῆς
2478 3622 2546 3674 έν
2563 3620 2640 3684 τῷ
2661 3624 2819 3688 λόγῳ
2844 3620 3060 3684 τούτῳ⁶
3089 3617 3189 3671 καὶ
3211 3617 3446 3688 ἐγένετο
3475 3617 3766 3685 πάροικος

2193 3708 2261 3760 ἐν
2287 3705 2360 3776 γῆ
2393 3705 2626 3772 Μαδιάμ
2649 3744 2664 3768 ,
2699 3699 2769 3756 οὖ
2825 3701 3158 3770 ἐγέννησεν
3183 3701 3352 3767 υἱοὺς
3378 3701 3506 3754 δύο.
3541 3701 3764 3769 Φεύγει,

2195 3793 2287 3844 καὶ
2309 3790 2428 3842 οὐδὲ
2457 3791 2491 3859 ἡ
2521 3787 2665 3857 φυγὴ
2686 3801 2707 3826 ε
2729 3787 2914 3839 ἔσϐεσε
2941 3787 3037 3856 τὴν
3061 3786 3367 3855 οἰκονομίαν
3387 3783 3767 3856 [131],ὦσπερ

2195 3873 2286 3930 οῦν
2313 3875 2432 3928 οὐδὲ
2459 3877 2485 3927 6
2519 3873 2763 3934 θάνατος.
2791 3872 2895 3925 Kal
2920 3871 3348 3937 πληρωθέντων
3373 3869 3522 3923 ἐτῶν
3543 3886 3767 3924 τεσσα-

2188 3957 2474 4028 ράκοντα,
2497 3957 2661 4025 ὤφθη
2696 3953 2856 4019 αὐτῷ
2886 3955 2956 4006 ἐν
2976 3953 3048 4022 τῇ
3067 3953 3262 4022 ἐρήμῳ
3284 3951 3389 4006 τοῦ
3415 3953 3591 4021 ὅρους
3618 3951 3770 4006 Σινᾶ

2197 4041 2448 4112 ἅγγελος
2468 4040 2688 4107 Κυρίου
2714 4039 2784 4091 ἐν
2809 4037 2986 4107 φλογί
3008 4039 3196 4104 πυρὸς
3212 4035 3428 4101 βάτου.

2267 4124 2534 4193 γ’.’ορᾷς,
2569 4123 2684 4185 πῶς
2712 4121 2828 4173 οὐδὲ
2858 4120 3031 4191 χρόνῳ
3046 4121 3392 4172 διακόπτεται
3415 4117 3767 4189 ήοίκονομίας

2200 4209 2328 4262 Ὅτε
2364 4209 2474 4278 γάρ
2499 4207 2674 4276 φυγὰς
2705 4201 2792 4275 ἦν,
2817 4205 2906 4257 ὅτε
2937 4203 3102 4269 ξένος,
3135 4204 3221 4256 ὅτε
3256 4203 3422 4255 πολὺν
3457 4202 3646 4273 χρόνον
3672 4205 3770 4255 ἐπὶ

2198 4291 2300 4360 τῆς
2326 4289 2609 4360 ἀλλοτρίας
2640 4287 2958 4357 πεποίηκεν,
2980 4285 3054 4348 ὡς
3075 4285 3166 4339 καὶ
3190 4286 3382 4348 παῖδας
3405 4286 3626 4354 ποιῆσαι
3649 4284 3768 4349 δύο,

2199 4375 2285 4428 ὅτε
2317 4373 2498 4426 οὐκέτι
2539 4370 2933 4444 προσεδόκησεν
2963 4370 3339 4438 ἀναστρέφειν,
3382 4370 3505 4422 τότε
3540 4369 3771 4437 ἅγγελος

2202 4457 2350 4528 αὐτῷ
2377 4455 2733 4524 ἐπιφαίνεται.
2757 4454 2860 4506 Τὸν
2891 4453 3018 4504 Υἱίιν
3047 4451 3137 4504 τοῦ
3162 4451 3294 4504 Θεοῦ
3328 4452 3552 4520 ἄγγελον
3580 4452 3770 4514 καλεῖ,

2203 4542 2453 4612 καθάπερ
2499 4542 2594 4593 καὶ
2624 4539 2926 4609 ἄνθρωπον.
2962 4539 3068 4590 Καὶ
3099 4538 3202 4590 ποῦ
3247 4537 3532 4606 φαίνεταις
3573 4539 3659 4590 Ἐν
3697 4542 3772 4610 τῇ

2203 4626 2418 4698 ἐρήμῳ,
2455 4623 2554 4677 οὐκ
2595 4624 2650 4675 ἐν
2681 4621 2810 4691 ναῷ.
2851 4621 3012 4691 Ὁρᾷς
3035 4660 3051 4683 ,
3078 4619 3218 4672 πόσα
3259 4620 3466 4686 γίνεται
3494 4619 3771 4690 θαύματα,

2205 4711 2296 4762 καὶ
2321 4707 2555 4778 οὐδαμοῦ
2595 4706 2738 4771 ναὸς,
2773 4704 3006 4774 οὐδαμοῦ
3035 4704 3230 4768 θυσίας
3260 4705 3368 4756 Καὶ
3394 4703 3514 4756 οὐδὲ
3543 4702 3775 4758 ἐνταῦθα

2205 4795 2263 4846 ἐν
2285 4795 2351 4864 τῇ
2386 4792 2576 4862 ἐρήμῳ
2613 4790 2827 4853 ἁπλῶς,
2854 4786 2969 4840 ἀλλ’
3000 4789 3057 4839 ἐν
3095 4789 3161 4857 τῇ
3193 4786 3359 4856 βάτῳ.
3408 4787 3470 4838 '0
3511 4785 3578 4838 δὲ
3608 4789 3776 4839 Μωῢ-

2206 4879 2326 4947 σῆς
2373 4878 2535 4944 ἰδὼν,
2575 4877 2876 4943 ἐθαύμασε
2924 4873 2991 4928 τὸ
3028 4873 3248 4942 ὅραμα·
3284 4871 3777 4942 προσερχομένου

2207 4963 2276 5017 δέ
2307 4961 2492 5017 αὑτοῦ
2516 4959 2908 5027 κατανοῆσαι.
2930 4958 3165 5027 ἐγένετο
3185 4955 3352 5026 φωνὴ
3377 4957 3615 5024 Κυρίου.
3639 4956 3778 5010 Ἰδοὺ

2209 5047 2303 5100 καὶ
2333 5048 2514 5117 φωνῆς
2537 5043 2763 5112 ἠξιώθη.
2799 5041 2944 5111 Ἐγὼ
2972 5043 3005 5095 ό
3029 5041 3171 5106 Θεὸς
3200 5039 3320 5092 τῶν
3343 5038 3612 5107 πατέρων
3633 5054 3776 5105 σου,

2207 5133 2240 5184 ό
2269 5131 2413 5196 Θεὸς
2447 5128 2733 5198 Ἀϐραὰμ,
2763 5126 2862 5180 καί
2900 5127 2932 5179 ό
2977 5123 3120 5190 Θεὸς
3154 5123 3392 5185 Ἰσαὰκ,
3429 5122 3523 5175 καὶ
3555 5125 3588 5176 ό
3629 5120 3780 5188 Θεὸς

2221 5215 2433 5269 Ἰακώϐ.
2465 5214 2538 5267 Οὐ
2583 5213 2743 5284 μόνον
2785 5207 3018 5263 ἐνταῦθα
3065 5207 3372 5265 δείκνυσιν.
3403 5207 3485 5260 ὅτι
3521 5207 3550 5258 6
3591 5203 3780 5273 ὀφθεὶς

2207 5298 2355 5369 αὐτῴ
2385 5297 2610 5365 ἀγγελος
2653 5292 2720 5366 ἦν
2767 5296 2795 5348 6
2831 5293 3069 5364 μεγάλης
3094 5291 3284 5362 βουλῆς
3314 5288 3610 5358 Ἀγγελοςο
3642 5288 3782 5342 ἀλλὰ

2210 5383 2446 5436 δείκνυσι
2478 5382 2571 5434 καὶ
2610 5381 2708 5448 τὴν
2739 5377 3144 5449 φιλανθρωπίαν
3181 5377 3312 5446 ὅσην
3334 5378 3564 5428 ποιεῖται
3593 5375 3621 5427 6
3645 5373 3779 5435 Θεὸς

2211 5466 2299 5519 διὰ
2329 5467 2424 5535 τῆς
2453 5463 2786 5531 ἐπιφανείας.
2827 5463 3149 5528 Ἔντρομος
3177 5459 3244 5512 δὲ
3267 5459 3588 5527 γενόμενος
3610 5459 3781 5509 Μωῦ-

2213 5548 2350 5616 (τῆς,
2397 5551 2508 5602 οὐκ
2547 5547 2767 5614 ἐτόλμα
2806 5543 3198 5610 κατανοῆσαι.
3243 5539 3393 5596 Εῖπε
3433 5541 3500 5596 δὲ
3538 5537 3698 5603 αὺτῷ
3745 5541 3781 5592 ό

2215 5637 2427 5702 Κύριος
2453 5649 2465 5662 ·
2501 5631 2705 5686 Λῦσον
2747 5629 2812 5683 τὸ
2842 5628 3118 5697 ὑπόδημα
3157 5626 3273 5680 τῶν
3309 5624 3510 5681 ποδῶν
3541 5642 3674 5678 σου.
3713 5622 3780 5675 '0

2217 5723 2326 5794 γὰρ
2357 5723 2536 5786 τόπος
2561 5759 2576 5782 ,
2601 5719 2670 5773 ἐν
2701 5711 2749 5784 ᾧ
2783 5717 3044 5783 ἕστηκας
3065 5756 3079 5776 ,
3113 5714 3187 5784 γῆ
3216 5717 3353 5783 ἁγία
3375 5715 3584 5767 ἐστίν.
3618 5711 3781 5766 υύδα-

2222 5806 2322 5876 μοῦ
2349 5805 2491 5868 ναὸς,
2526 5804 2616 5856 καὶ
2645 5805 2674 5856 6
2699 5803 2862 5864 τόπος
2897 5801 3050 5866 ἅγιος
3074 5803 3140 5868 τῇ
3171 5799 3458 5868 ἐπιφανείᾳ
3502 5798 3592 5851 καί
3623 5799 3775 5864 ἐνερ-

2289 5903 2310 5931 ε
2350 5889 2486 5940 L'nus
2500 5888 2606 5937 cod.
2628 5886 2754 5940 υἱοὺς
2779 5885 2878 5933 δύο.
2917 5883 3042 5933 Ἀλλ’
3066 5884 3171 5932 οὐδὲ
3212 5885 3239 5938 ἡ
3277 5885 3410 5944 φυγή.
