3978 6506
257 386 357 443 129

254 504 401 555 Tunc
418 513 516 567 par
542 506 658 553 erat
676 498 858 553 dicere
878 496 997 552 illos
1024 512 1039 551 :
1066 494 1291 564 Sapiens
1319 503 1402 549 est
1420 494 1592 559 Deus,
1623 505 1824 564 nosque

254 600 429 661 potest
451 591 576 645 hinc
595 590 870 645 reducere.
894 587 1163 657 Sapientia
1186 602 1414 656 namque
1443 587 1533 641 Dei
1556 587 1607 641 in
1630 600 1696 641 eo
1721 599 1826 639 ma-

254 686 391 737 xima
420 691 569 748 erat,
597 682 738 752 quod
768 682 818 734 in
845 681 1083 736 adversis
1107 694 1239 750 gens
1267 679 1356 733 illa
1384 686 1672 744 cresceret,
1701 693 1818 733 ser-

252 777 421 830 vitute
439 816 454 837 ,
486 776 741 829 :erumnis
768 782 824 829 et
848 772 1083 827 exedibus
1108 780 1318 827 vexata.
1364 770 1489 825 Hzec
1518 769 1824 841 magnitudo

254 869 626 937 promissionis
650 875 780 921 erat.
813 866 943 921 Nam
969 866 1013 919 si
1045 865 1099 919 in
1130 876 1269 919 terra
1297 878 1391 919 sua
1419 864 1696 926 crevisset,
1725 877 1829 915 non

254 966 324 1018 ita
354 962 599 1017 mirabile
642 960 846 1016 fuisset.
874 959 1056 1027 Neque
1098 973 1261 1027 parvo
1302 967 1542 1026 tempore
1571 956 1625 1010 in
1658 956 1829 1011 aliena

254 1066 397 1109 terra
445 1055 647 1108 fuerant
672 1095 689 1120 ,
736 1052 829 1107 sed
856 1050 1255 1121 quadringentis
1282 1050 1455 1104 annis.
1488 1049 1622 1104 llinc
1654 1049 1817 1103 disci-

256 1165 398 1209 mus,
433 1147 555 1201 illos
575 1160 817 1216 magnam
841 1144 1227 1215 philosophiam
1255 1158 1363 1213 pra:
1387 1158 1447 1197 se
1476 1143 1660 1198 tulisse
1684 1158 1697 1195 :
1722 1158 1828 1197 non

254 1242 401 1292 enim
455 1239 593 1292 sicut
631 1236 830 1291 domini
878 1236 1046 1291 servis
1075 1235 1177 1288 illis
1206 1235 1520 1298 utebantur,
1558 1231 1651 1288 sed
1696 1233 1835 1288 sicut

256 1331 461 1386 inimici
484 1341 535 1385 et
561 1328 789 1400 tyranni.
819 1327 943 1382 ldeo
967 1328 1210 1396 praulixit
1236 1326 1355 1380 illos
1378 1326 1428 1380 in
1453 1325 1695 1380 libertate
1722 1338 1836 1378 ma-

256 1438 360 1490 gna
407 1423 612 1475 l'utnros
650 1434 769 1475 esse
797 1437 810 1473 :
839 1418 891 1474 id
933 1419 1074 1473 enim
1116 1417 1214 1472 sibi
1244 1416 1357 1470 vult
1398 1415 1525 1470 illud
1549 1455 1565 1481 ,
1605 1414 1834 1469 Servient

257 1516 418 1579 mihi,
465 1522 510 1567 et
549 1513 645 1565 huc
682 1520 1022 1574 revertentur,
1056 1524 1155 1565 nec
1198 1509 1315 1563 sine
1340 1508 1560 1561 ultione.
1609 1508 1674 1561 Et
1713 1506 1833 1560 ani-

258 1606 572 1669 madverte,
600 1602 868 1669 quomodo
918 1601 1159 1657 videatur
1202 1598 1399 1669 aliquid
1442 1596 1833 1653 circumcisioni

258 1698 581 1763 concedere,
611 1711 732 1751 cum
773 1694 901 1749 nihil
926 1695 974 1748 ei
1005 1692 1238 1756 tribuat;
1265 1690 1524 1760 siquidem
1554 1686 1836 1758 promissio

262 1788 537 1859 prtecessit
583 1788 724 1842 illam
750 1829 765 1852 ,
796 1801 913 1856 qua:
942 1784 1206 1856 posterior
1247 1784 1361 1837 fuit.
1397 1782 1460 1835 Et
1498 1780 1834 1852 patriarchte,

259 1882 468 1951 inquit,
492 1879 805 1934 tentulantes.
835 1877 931 1931 llic
956 1890 1061 1931 non
1085 1875 1362 1940 laediteos,
1392 1873 1485 1928 sed
1511 1871 1837 1942 gratiﬁcatur

258 1975 414 2041 ipsis.
466 1971 802 2026 Patriarchas
843 1980 1019 2025 autem
1060 1976 1216 2023 vocat
1258 1967 1658 2038 progenitores;
1704 1980 1838 2035 quo-

260 2066 406 2120 niam
436 2065 503 2118 de
534 2065 618 2118 his
644 2062 808 2117 altum
835 2062 1128 2131 sapiebant.
1153 2060 1402 2131 Alioquin
1428 2073 1555 2113 vero
1582 2059 1835 2125 ostendit,

257 2167 479 2211 sanctos
506 2172 611 2209 non
640 2153 806 2210 fuisse
826 2168 1182 2209 aerumnarum
1212 2162 1478 2222 expertes,
1508 2150 1603 2207 sed
1627 2151 1679 2204 in
1710 2151 1838 2220 ipsis

258 2248 523 2302 a-rumnis
534 2261 688 2314 opem
708 2254 1019 2316 assequutos
1033 2259 1170 2299 esse.
1197 2244 1274 2299 llli
1290 2259 1419 2298 vero
1432 2258 1535 2297 non
1555 2243 1713 2298 modo
1730 2256 1835 2296 non

257 2340 550 2394 solvebant
569 2338 730 2408 ipsas,
764 2337 859 2391 sed
886 2337 1047 2392 etiam
1063 2351 1185 2389 cum
1199 2334 1555 2405 afﬂigentibus
1578 2350 1637 2390 se
1654 2350 1839 2404 coopeo

255 2431 664 2497 rabantur,cum
678 2429 984 2484 debuissent
998 2428 1174 2498 potius
1187 2426 1301 2481 illas
1314 2425 1839 2493 exscindere.Quem-

255 2522 551 2576 admodum
587 2536 715 2590 ergo
746 2519 822 2574 illi
867 2519 1157 2590 Josephum
1212 2516 1525 2579 vendentes,
1556 2517 1836 2572 clariorem

257 2615 410 2668 illum
435 2612 802 2677 reddiderunt,
829 2612 905 2666 sic
931 2626 1025 2666 rex
1057 2610 1312 2681 Moysem,
1343 2624 1460 2663 cum
1483 2609 1641 2676 jussit
1667 2608 1836 2665 occidi

259 2720 495 2775 pueros:
522 2705 621 2758 nisi
645 2704 786 2757 enim
814 2703 1216 2775 jussisset,_non
1248 2700 1347 2753 hoc
1360 2710 1670 2753 eventurum
1698 2709 1833 2754 erat.

332 2797 431 2851 Dei
493 2772 1101 2866 providentia.—Vide.
1137 2794 1518 2864 providentiam
1580 2792 1693 2845 Dei.
1746 2791 1837 2846 llle

260 2892 400 2960 [ngat
442 2886 721 2959 Moysem;
768 2902 865 2941 nec
908 2887 1046 2941 Deus
1092 2884 1373 2956 prohibet,
1418 2884 1559 2953 quod
1602 2884 1834 2938 futurum

259 2993 369 3039 erat
399 2981 754 3051 dispensans,
778 2988 836 3033 ut
856 2979 963 3033 illic
988 2978 1085 3033 Dei
1132 2978 1336 3031 visione
1383 2976 1709 3047 dignaretur.
1749 2975 1839 3030 Sic

265 3088 313 3129 et
340 3088 567 3129 servum
605 3071 876 3127 venditum
910 3070 979 3124 ibi
1013 3084 1187 3138 regem
1209 3068 1506 3133 constituit,
1535 3068 1623 3122 ubi
1648 3082 1839 3123 servus

270 3182 372 3221 esu:
390 3163 705 3234 putabatur.
722 3161 869 3217 Sicut
900 3170 1074 3216 autem
1099 3160 1187 3214 hic
1214 3160 1287 3215 ibi
1317 3169 1521 3229 regnat,
1552 3158 1638 3214 ubi
1665 3159 1838 3228 ipsum

271 3256 649 3311 vendiderunt:
668 3253 742 3309 sic
761 3265 815 3310 et
834 3250 1078 3307 Christus
1099 3252 1150 3305 in
1173 3261 1345 3307 morte
1360 3259 1671 3320 potestatem
1688 3250 1839 3305 exhi-

266 3348 391 3402 buit.
427 3347 545 3401 Iloc
578 3360 683 3399 non
721 3344 937 3400 honoris
972 3352 1171 3397 tantum
1191 3352 1324 3406 erat,
1344 3342 1591 3412 sedquod
1608 3342 1768 3396 etiam
1785 3342 1839 3396 in

260 3455 344 3494 Stin
365 3447 637 3509 potestate
665 3438 869 3491 lideret.
889 3435 997 3491 Sed
1021 3436 1129 3505 jam
1159 3450 1277 3504 qua:
1297 3434 1433 3489 dicta
1464 3442 1607 3501 sunt,
1625 3443 1841 3503 repeta-

260 3546 395 3585 mus.
443 3530 511 3584 Et
539 3531 797 3582 constituit
836 3545 948 3581 eum
984 3529 1312 3598 praepositum
1337 3543 1487 3598 super
1510 3525 1795 3597 ngyptum
1819 3567 1836 3594 ,

258 3634 304 3677 et
327 3638 487 3692 super
512 3637 712 3676 omnem
738 3621 943 3673 domum
965 3636 1129 3673 suam.
1158 3618 1286 3673 Vide
1307 3628 1501 3689 quanta
1531 3634 1625 3688 per
1646 3618 1839 3672 famem

261 3725 550 3787 praeparet.
588 3712 651 3767 In
682 3714 997 3783 septuaginta
1036 3714 1255 3784 quinque
1297 3713 1589 3776 animabus,
1641 3713 1837 3783 inquit,

259 3808 518 3863 descendit
539 3806 703 3859 Jacob
732 3808 783 3858 in
811 3803 1119 3874 Eyyptum,
1167 3814 1216 3858 et
1261 3803 1525 3874 defunctus
1553 3812 1625 3857 est
1653 3804 1761 3873 ipse
1795 3811 1841 3857 et

260 3916 430 3974 patres
456 3900 642 3954 nostri.
671 3897 735 3951 Et
762 3896 993 3951 translati
1013 3906 1129 3950 sunt
1151 3897 1202 3949 in
1235 3896 1464 3962 Sic/tem,
1488 3905 1534 3949 et
1560 3896 1707 3965 positi
1725 3904 1842 3949 sunt

258 3998 312 4049 in
340 3993 579 4065 sepulcro
604 4032 618 4056 ,
647 3989 780 4061 quod
807 3988 923 4042 emit
966 3987 1223 4041 Abraham
1257 3988 1414 4057 pretio
1434 3987 1630 4056 argenti
1665 4002 1697 4039 a
1720 3986 1842 4055 ﬁliis

263 4085 458 4139 Denter
485 4084 583 4152 ﬁlii
616 4083 841 4136 Sicltem.
872 4079 1116 4134 Ostendit
1147 4079 1268 4133 illos
1298 4093 1467 4147 neque
1492 4078 1721 4147 sepulcri
1748 4079 1845 4134 do-

258 4181 437 4235 minos
465 4178 655 4231 fuisse.
687 4174 753 4230 Ut
774 4183 942 4227 autem
964 4171 1382 4243 appropinquavit
1408 4180 1601 4239 tempus
1629 4173 1844 4240 promis-

258 4274 441 4335 sionis,
471 4287 626 4338 quam
644 4270 909 4339 juraverat
940 4265 1072 4319 Deus
1098 4266 1332 4329 Abrahae,
1360 4264 1510 4319 crevit
1533 4266 1770 4334 populus,
1799 4275 1843 4319 et

259 4364 635 4431 multiplicatus
658 4368 727 4413 est
753 4360 807 4411 in
830 4357 1057 4429 Egypto
1075 4398 1089 4421 ,
1113 4357 1434 4427 quoadusque
1470 4358 1684 4411 surrexit
1714 4357 1845 4411 alius

260 4472 355 4509 rea:
374 4498 387 4513 .
420 4455 510 4522 qui
541 4452 788 4505 nesciebat
810 4448 1023 4518 Ioseph.
1059 4448 1219 4514 Vide,
1248 4448 1514 4518 quomodo
1541 4465 1645 4502 non
1689 4448 1739 4502 in
1769 4457 1847 4503 tot

260 4550 422 4601 anuis
450 4546 603 4598 auxit
634 4558 728 4597 eos
749 4584 762 4605 ,
795 4542 887 4596 sed
914 4557 1035 4595 cum
1080 4541 1200 4595 linis
1229 4542 1669 4611 appropinquavit
1699 4558 1711 4591 :
1746 4544 1843 4597 etsi

257 4639 372 4708 jam
406 4635 785 4707 quadringenti
812 4634 932 4688 anni
954 4672 969 4695 .
1000 4634 1106 4686 imo
1134 4633 1310 4703 plures
1335 4674 1349 4698 ,
1381 4633 1765 4702 praetoriis-sent
1793 4634 1844 4687 in

262 4728 529 4800 Egypto.
556 4727 620 4780 Et
648 4725 749 4780 hoc
769 4723 1010 4779 mirabile
1031 4734 1131 4779 est.
1165 4723 1249 4779 19.
1278 4723 1395 4789 Hic,
1421 4726 1609 4794 inquit,
1632 4728 1847 4779 circum-

262 4824 473 4876 veniens
502 4835 663 4889 genus
686 4827 910 4871 nostrum
932 4858 947 4882 ,
976 4816 1148 4887 aﬂlixit
1180 4825 1343 4885 patres
1372 4826 1586 4881 nostros,
1614 4827 1665 4870 ut
1689 4834 1847 4888 expo-

263 4924 445 4967 nerent
475 4914 702 4981 infantes
720 4926 837 4963 suos
859 4951 874 4976 ,
903 4925 967 4963 ue
986 4910 1374 4976 vivificarentur.
1407 4908 1808 4963 Circumveniens
1829 4952 1843 4976 ,

263 5006 476 5075 inquit,
528 5002 872 5061 subindicans
922 5001 1305 5056 clandestinam
1354 5000 1553 5055 cmdem
1588 5019 1601 5054 :
1638 5002 1850 5055 nolehat

260 5101 412 5151 t‘ﬂllll
436 5105 624 5165 aperte
646 5093 767 5147 illos
782 5092 1055 5157 occidere;
1090 5093 1209 5147 ideo
1234 5092 1381 5146 addit
1408 5110 1421 5146 :
1450 5091 1517 5146 Ut
1545 5104 1849 5161 exponerent

258 5192 493 5259 infantes
527 5202 667 5239 suos.
690 5184 779 5239 20.
816 5182 877 5237 1η
905 5200 1003 5253 quo
1024 5192 1245 5253 tempore
1282 5193 1428 5237 natus
1449 5192 1521 5238 est
1552 5182 1775 5253 Moyses,
1805 5193 1851 5236 et

264 5284 366 5355 fuit
394 5292 573 5351 gratus
603 5278 731 5332 Deo.
766 5278 875 5333 Hoc
906 5277 1145 5331 mirabile
1170 5289 1289 5341 est,
1317 5278 1458 5348 quod
1488 5278 1531 5332 is
1550 5319 1565 5342 ,
1595 5279 1683 5347 qui
1714 5294 1851 5347 pra:-

260 5376 443 5430 lectus
481 5373 690 5426 futurus
715 5381 868 5435 erat,
921 5386 1026 5424 non
1054 5381 1179 5425 ante
1208 5370 1291 5424 vel
1318 5379 1474 5439 post,
1508 5370 1599 5425 sed
1633 5370 1686 5424 in
1735 5385 1849 5424 me-

257 5472 356 5525 ilio
392 5467 573 5522 furore
605 5474 875 5519 nascatur.
910 5463 975 5516 Et
1002 5464 1219 5516 nutritus
1248 5472 1319 5517 est
1343 5463 1502 5516 tribus
1523 5464 1772 5517 mensibus
1798 5467 1849 5517 in

263 5568 423 5619 aonio
461 5564 637 5630 patris.
674 5557 895 5625 Quando
924 5557 1080 5625 igitur
1102 5555 1331 5608 lmmana
1360 5555 1557 5608 nullam
1588 5570 1735 5625 spem
1766 5556 1827 5609 of

263 5658 551 5716 terebant,
596 5661 651 5705 et
688 5652 832 5703 illum
876 5649 1209 5718 ahjecerant,
1255 5657 1379 5701 tunc
1422 5646 1512 5700 Dei
1555 5647 1849 5701 oeconomia

263 5749 442 5801 luLsit.
471 5745 561 5799 21.
596 5745 894 5815 Expositum
931 5752 1097 5795 autem
1140 5739 1281 5794 illum
1312 5739 1513 5794 sustulit
1552 5738 1661 5805 [ilia
1704 5737 1847 5791 Plia-

268 5855 447 5899 ruom:
468 5880 483 5904 .
522 5850 569 5894 et
598 5840 799 5893 nutrivit
829 5854 941 5892 eum
985 5836 1078 5890 sibi
1124 5836 1174 5889 in
1207 5834 1384 5903 filium.
1413 5830 1678 5901 Nusquam
1712 5842 1846 5888 tem-

1205 379 1269 437 ΙΝ
1305 380 1487 436 ACTA
1524 373 2046 435 APOSTOLORUM.
2085 375 2310 433 llOMlL.
2354 377 2496 438 XVI.

3405 384 3508 440 130

1936 489 2102 561 plum,
2130 507 2389 563 nusquam
2410 490 2747 560 sacriﬁcium,
2772 492 2896 550 licet
2914 503 2992 551 tot
3017 505 3267 568 tantaque
3293 499 3505 569 dispen-

1934 592 2140 638 sentur.
2169 584 2237 639 Et
2264 584 2519 640 educatus
2546 596 2630 641 est
2653 587 2704 642 in
2730 588 2948 644 barbara
2977 590 3155 647 domo.
3184 592 3275 647 22.
3305 594 3369 648 Et
3387 612 3506 649 eru-

1936 674 2071 731 ditus
2092 687 2166 732 est
2194 676 2395 748 Moyses
2415 680 2467 731 in
2492 679 2629 732 omni
2653 680 2899 749 sapientia
2928 681 3312 753 .Egyptiorum,
3340 696 3386 739 ct
3402 692 3509 739 erat

1938 778 2111 835 potens
2138 769 2189 821 in
2215 770 2374 824 verbis
2402 781 2447 823 et
2474 771 2527 825 in
2553 770 2806 838 operibus.
2837 774 3010 828 Mirari
3041 776 3212 840 subit,
3242 780 3508 847 quomodo

1936 860 2282 929 quadraginta
2311 865 2464 916 annis
2493 863 2598 917 illic
2626 864 2801 929 fuerit,
2836 882 2933 921 nec
2962 867 3327 935 deprehensus
3352 871 3417 924 sit
3442 887 3507 925 ex

1937 949 2370 1014 circumcisione;
2414 952 2520 1004 imo
2565 955 2737 1022 potius
2763 956 3031 1024 quomodo
3067 974 3255 1014 secure
3293 972 3511 1031 agentes

1939 1054 2032 1093 sua
2063 1041 2361 1109 despiciunt
2385 1052 2438 1096 et
2471 1042 2553 1097 hic
2575 1052 2631 1098 et
2652 1044 2874 1115 Joseph,
2904 1058 2960 1101 ut
2984 1043 3119 1103 alios
3144 1060 3360 1105 servent
3382 1070 3394 1107 :
3417 1051 3511 1107 25.

1942 1128 2009 1184 Ut
2025 1142 2191 1183 autem
2216 1132 2474 1199 itnpletum
2490 1144 2563 1188 est
2581 1135 2659 1189 illi
2677 1138 3011 1208 quadraginta
3031 1157 3275 1195 annorum
3292 1151 3509 1212 tempus,

1936 1223 2159 1277 ascendit
2180 1224 2232 1277 in
2252 1240 2339 1277 cor
2363 1226 2492 1293 eius,
2518 1235 2572 1280 ut
2592 1228 2813 1283 visitaret
2832 1235 3012 1301 fratres
3032 1250 3149 1289 suos
3173 1236 3305 1303 ﬁlios
3324 1235 3509 1292 Israel.

1936 1313 2026 1368 24.
2061 1313 2127 1369 Et
2149 1332 2261 1369 cum
2287 1318 2490 1373 vidisset
2516 1321 2781 1385 quemdam
2807 1322 3046 1391 injuriam
3074 1330 3340 1395 patientem
3365 1370 3380 1392 ,
3404 1332 3514 1384 vin-

1937 1404 2123 1460 dicavit
2150 1407 2314 1472 illum,
2346 1418 2391 1463 et
2417 1410 2533 1479 fecit
2553 1412 2790 1466 ultionem
2816 1415 2879 1479 ei,
2911 1416 2998 1486 qui
3021 1418 3259 1486 injuriam
3294 1424 3510 1476 sustine-

1938 1495 2048 1560 bat,
2082 1514 2314 1566 percusso
2337 1498 2605 1571 zEgyptio.
2633 1501 2724 1557 25.
2768 1502 3101 1559 Existimabat
3125 1519 3291 1563 autent
3324 1513 3509 1566 intelli-

1938 1602 2054 1655 gere
2082 1588 2263 1655 fratres
2284 1605 2417 1652 suos,
2442 1592 2679 1661 quoniam
2705 1591 2838 1648 Deus
2864 1612 2952 1664 per
2971 1613 3175 1650 manum
3195 1601 3350 1667 ipsius
3372 1604 3514 1657 daret

1939 1678 2149 1732 salutem
2178 1679 2281 1733 illis
2310 1696 2329 1733 :
2356 1691 2408 1734 at
2432 1682 2514 1735 illi
2533 1699 2632 1737 non
2662 1684 3035 1741 intellexerunt.
3063 1687 3217 1756 Vide,
3245 1694 3513 1760 quomodo

1940 1771 2175 1825 nondum
2210 1773 2462 1827 molestus
2489 1774 2748 1837 videatur.
2781 1778 2874 1831 sed
2901 1794 3020 1832 cum
3050 1790 3191 1835 tanta
3228 1785 3513 1840 (ιυιιείυηε-

1941 1871 2046 1928 tur,
2082 1863 2229 1917 illum
2256 1865 2440 1919 audire
2461 1868 2790 1934 sustineant;
2824 1871 2891 1923 ita
2911 1870 3031 1925 illos
3053 1874 3227 1928 vultus
3246 1877 3325 1929 sui
3347 1880 3513 1946 gratia

1939 1965 2173 2024 ceperat.
2209 1955 2567 2024 Existimabat,
2598 1962 2799 2032 inquit,
2828 1964 3107 2034 intelligere
3127 1967 3327 2035 fratres.
3356 1972 3514 2042 Atqui

1940 2049 2189 2117 operibus
2216 2052 2563 2119 patrocinium
2587 2054 3075 2125 demonstrabatnr,
3106 2076 3276 2129 neque
3296 2074 3409 2117 erat
3431 2082 3517 2119 ra-

1942 2139 2157 2191 tiocinio
2178 2155 2313 2209 opus
2337 2159 2350 2194 :
2379 2158 2551 2212 neque
2577 2154 2752 2201 tamen
2775 2147 2853 2203 sic
2880 2147 3272 2207 intellexerunt.
3304 2154 3513 2223 Viden‘,

1939 2233 2209 2301 quomodo
2236 2251 2357 2291 cum
2389 2240 2795 2294 mansuetudine
2823 2243 3187 2310 concionetur,
3224 2258 3272 2302 el
3314 2263 3433 2303 cum
3462 2250 3514 2304 in

1941 2325 2033 2379 illo
2064 2326 2195 2380 iram
2235 2337 2604 2395 monstrasset,
2636 2332 2686 2384 in
2713 2331 2815 2387 hoc
2845 2336 3304 2393 mansuetudinem
3331 2350 3515 2394 osten-

1939 2417 2068 2471 dat?
2094 2418 2182 2473 26.
2210 2418 2451 2487 Sequenti
2470 2436 2584 2475 vero
2609 2422 2690 2475 die
2708 2426 2946 2493 apparuit
2973 2426 3076 2479 illis
3099 2427 3406 2499 litigantibus
3429 2448 3448 2485 :
3470 2442 3517 2486 et

1940 2510 2325 2563 reconcialiabat
2348 2512 2462 2565 illos
2483 2513 2533 2566 in
2561 2530 2683 2583 pace
2702 2556 2718 2579 ,
2750 2515 2919 2569 dicens
2946 2531 2965 2570 :
3002 2515 3131 2584 Viri,
3162 2521 3342 2588 fratres
3366 2522 3512 2589 estis,

1939 2612 1996 2657 ttt
2022 2603 2145 2670 quid
2165 2605 2352 2658 nucetis
2376 2604 2713 2660 alterutrum?
2737 2606 2827 2660 27.
2858 2608 2957 2674 Qui
2978 2620 3145 2663 autem
3170 2612 3412 2683 injuriam
3436 2619 3516 2686 fa-

1938 2693 2100 2746 ciebat
2137 2695 2393 2762 proximo,
2435 2697 2621 2765 repulit
2650 2713 2763 2750 eum
2796 2698 2999 2754 dicens:
3032 2701 3155 2766 Quis
3183 2711 3229 2755 te
3262 2706 3517 2759 constituit

1940 2783 2218 2854 principem
2246 2793 2291 2837 et
2312 2784 2536 2853 judicent
2567 2802 2720 2857 super
2745 2789 2877 2842 nos?
2911 2789 3001 2844 28.
3034 2789 3295 2863 Numquid
3321 2794 3514 2865 interﬁ-

1939 2890 2050 2928 cere
2069 2892 2146 2929 me
2169 2886 2223 2928 tu
2242 2876 2336 2940 vis,
2357 2876 2484 2930 sicut
2509 2877 2617 2931 heri
2642 2878 2932 2949 interfecisti
2954 2879 3293 2952 Egyptinm?
3316 2885 3516 2941 Eodem

1939 2967 2119 3021 animo
2151 2978 2334 3023 contra
2364 2967 2633 3024 Christum
2669 2971 2915 3026 videntur
2944 2973 3125 3029 dicere
3154 2992 3167 3027 :
3204 2972 3325 3030 Non
3360 2978 3517 3033 habe-

1939 3076 2052 3114 mus
2088 3077 2253 3132 regem
2276 3102 2294 3128 ,
2330 3061 2427 3114 nisi
2452 3060 2699 3116 Umorem
2725 3062 2904 3133 (Joan.
2930 3064 3016 3119 19.
3050 3066 3160 3136 15).
3192 3064 3281 3122 Sic
3307 3083 3519 3140 semper

1939 3152 2118 3211 facere
2140 3155 2382 3210 solebant
2408 3154 2574 3210 Judaei
2597 3196 2612 3221 ,
2640 3171 2763 3211 cum
2789 3156 3046 3212 beneﬁcia
3073 3160 3395 3229 acciperent.
3428 3162 3518 3217 Vi-

1940 3246 2117 3301 distin‘
2140 3246 2496 3314 insipientiam
2517 3249 2541 3299 ‘t
2559 3246 2717 3312 Eum,
2735 3248 2825 3319 qui
2853 3262 2911 3303 se
2935 3257 3242 3306 servaturus
3263 3261 3398 3315 erat,
3427 3267 3518 3307 ac-

1941 3346 2129 3391 cusant
2164 3352 2284 3391 cum
2319 3337 2531 3402 dicunt,
2566 3337 2713 3392 Sicut
2736 3339 2843 3392 heri
2871 3340 3161 3411 interfecisti
3186 3341 3515 3412 [Egyptian

1940 3432 2031 3487 29.
2067 3430 2220 3504 Fugit
2240 3442 2406 3486 autem
2429 3432 2629 3504 Moyses
2658 3434 2710 3487 in
2737 3434 2883 3489 verbo
2912 3436 3007 3490 ista
3029 3453 3047 3490 :
3078 3447 3123 3491 et
3143 3442 3307 3509 factus
3330 3450 3400 3493 est
3426 3440 3521 3493 ad-

1942 3539 2064 3578 vena
2089 3526 2141 3578 in
2170 3535 2304 3579 terra
2336 3525 2567 3592 Madian,
2598 3526 2683 3580 ubi
2715 3530 2968 3598 generavit
2992 3530 3125 3597 ﬁlios
3149 3532 3294 3585 duos.
3323 3531 3517 3604 Fugit,

1944 3633 2115 3688 neque
2143 3620 2261 3688 luga
2284 3620 2638 3673 oeconomiam
2665 3620 2938 3685 exstinxit,
2968 3632 3022 3675 ut
3049 3639 3221 3693 neque
3242 3640 3409 3680 mors.
3426 3627 3516 3681 50.

1943 3708 2010 3763 Et
2038 3712 2249 3776 expletis
2278 3714 2425 3766 annis
2462 3711 2828 3783 Quadraginta,
2856 3718 3094 3784 apparuit
3129 3716 3207 3771 illi
3244 3720 3294 3771 in
3326 3719 3520 3775 deserto

1944 3803 2128 3857 montis
2155 3802 2285 3857 Sina
2306 3806 2515 3873 angelus
2539 3803 2748 3859 Domini
2772 3807 2825 3860 in
2853 3807 2969 3878 igne
2988 3809 3209 3877 flamntte
3232 3812 3362 3866 rubi.

2015 3896 2068 3950 5.
2104 3895 2307 3962 Vidcn‘,
2336 3897 2603 3966 quomodo
2640 3900 2939 3954 teconomia
2967 3916 3071 3955 non
3112 3913 3350 3971 tempore
3375 3906 3519 3959 scin-

1944 3988 2127 4043 ditur?
2153 3988 2285 4043 Cum
2328 3990 2579 4060 profugus
2622 4002 2794 4057 esset,
2844 4008 2963 4047 cum
3009 3996 3352 4063 peregrinus,
3397 4012 3520 4054 cum

1946 4082 2114 4135 multo
2140 4090 2377 4150 tempore
2394 4082 2445 4134 in
2471 4082 2640 4136 aliena
2666 4092 2803 4137 terra
2828 4083 3129 4149 mansisset,
3151 4096 3205 4140 et
3229 4087 3363 4140 lilios
3386 4088 3523 4143 duos

1945 4176 2299 4246 suscepisset,
2329 4192 2448 4231 cum
2476 4192 2579 4230 non
2606 4177 2741 4230 ultra
2764 4176 2989 4231 reditum
3012 4188 3367 4249 ex3pectaret,
3393 4189 3521 4236 tunc

1947 4268 2170 4336 angelus
2203 4267 2299 4336 ipsi
2331 4278 2567 4335 apparet.
2613 4266 2807 4321 Filium
2848 4267 2941 4322 Dei
2969 4277 3123 4324 vocat
3150 4272 3429 4342 angelum,
3467 4281 3523 4328 ut

1947 4371 2002 4415 et
2028 4361 2321 4415 hominem.
2356 4360 2421 4414 Et
2446 4359 2533 4413 ubi
2560 4359 2817 4429 apparet?
2845 4361 2900 4416 In
2922 4362 3159 4429 deserto,
3187 4380 3290 4419 non
3314 4366 3364 4419 in
3392 4374 3525 4420 tem-

1953 4453 2059 4522 plo.
2100 4450 2309 4515 Viden',
2338 4461 2465 4519 quot
2496 4451 2621 4504 [lant
2664 4452 2950 4520 miracula,
2994 4462 3049 4508 et
3087 4469 3345 4525 nusquam
3386 4466 3524 4510 tem-

1951 4547 2124 4616 plum,
2160 4560 2420 4613 nusquam
2460 4545 2753 4599 sacriﬁcia?
2785 4544 2965 4615 Neque
3008 4546 3094 4600 hic
3130 4548 3444 4617 simpliciter
3473 4550 3523 4603 in

1949 4636 2181 4701 deserto,
2214 4636 2307 4690 scd
2340 4635 2391 4688 in
2424 4635 2574 4688 rnho.
2610 4636 2699 4691 3L
2734 4636 2934 4707 Moyses
2956 4648 3123 4691 autem
3143 4639 3332 4703 videns,
3357 4640 3523 4692 admi-

1951 4738 2089 4783 ratus
2115 4738 2185 4781 est
2216 4729 2409 4791 visum;
2438 4737 2482 4780 et
2509 4728 2770 4782 accedente
2800 4730 2887 4781 illo
2916 4738 2968 4782 ut
3000 4731 3359 4794 consideraret,
3393 4734 3529 4802 facta

1951 4832 2022 4875 est
2047 4838 2142 4875 vox
2167 4820 2396 4874 Domini.
2445 4821 2584 4874 Ecce
2632 4836 2761 4874 voce
2789 4837 2998 4889 quoque
3027 4820 3275 4890 dignatus
3308 4833 3407 4876 est.
3438 4823 3527 4877 52.

1953 4915 2064 4988 Ego
2093 4934 2200 4971 sum
2228 4916 2365 4971 Deus
2395 4926 2595 4987 patrum
2627 4926 2855 4979 tuorum,
2902 4914 3041 4968 Deus
3077 4915 3364 4981 Abraham,
3395 4916 3532 4972 Deus

1958 5008 2124 5071 Isaac,
2157 5018 2204 5060 et
2232 5008 2363 5060 Deus
2390 5005 2571 5060 Iacob.
2598 5004 2712 5059 Non
2734 5006 2890 5057 modo
2921 5005 3006 5059 hic
3028 5006 3263 5060 ostendit
3287 5008 3530 5075 angelum

1952 5102 2038 5169 qui
2090 5100 2334 5169 apparuit
2359 5100 2444 5165 ei,
2484 5113 2603 5151 esse
2650 5097 2821 5166 magni
2870 5098 3075 5150 consilii
3105 5098 3388 5166 angelum;
3435 5101 3529 5154 sed

1953 5192 2113 5244 etiam
2143 5190 2410 5254 ostendit,
2453 5199 2705 5257 quantam
2737 5188 3113 5258 benignitatem
3149 5190 3289 5243 Deus
3330 5205 3425 5259 per
3454 5192 3534 5245 vi-

1955 5297 2069 5336 sum
2095 5280 2359 5335 exhibeat.
2392 5279 2734 5351 Tremefactus
2767 5290 2933 5332 autem
2962 5279 3163 5352 Moyses
3193 5299 3293 5334 non
3317 5282 3535 5335 audebat

1955 5376 2287 5431 considerare.
2321 5373 2409 5426 55.
2447 5370 2589 5425 Dixit
2619 5382 2787 5424 autem
2816 5373 2892 5426 illi
2927 5372 3178 5427 Dominus
3202 5390 3219 5427 :
3247 5372 3399 5429 Solve
3425 5377 3535 5428 cal-

1955 5476 2260 5522 Ceatttettlttm
2309 5464 2492 5534 pedum
2531 5474 2768 5527 tuorum;
2812 5465 2952 5518 locus
2998 5466 3130 5518 enim
3169 5468 3221 5518 in
3257 5482 3355 5535 quo
3402 5477 3535 5523 stus.

1955 5571 2088 5613 terra
2113 5566 2286 5610 sancta
2327 5567 2418 5610 est.
2446 5555 2714 5626 Nusquam
2742 5557 2995 5626 templum
3018 5598 3033 5623 ,
3065 5566 3118 5610 et
3147 5557 3297 5610 locus
3320 5567 3539 5611 sanetus

1955 5658 2037 5700 est
2078 5664 2172 5717 per
2211 5647 2595 5717 apparitionem
2648 5658 2701 5701 et
2748 5648 3113 5717 operationem
3159 5644 3375 5700 Christi.
3432 5646 3540 5700 lloo

1958 5741 2125 5794 tnulto
2154 5740 2446 5794 mirabilius
2458 5749 2558 5799 est.
2582 5754 2738 5808 quam
2759 5740 2903 5792 locus
2928 5737 3014 5791 ille
3040 5738 3090 5789 in
3114 5739 3310 5791 sanctis
3331 5747 3541 5791 sancto.

1962 5851 2116 5889 rum:
2150 5834 2255 5890 illic
2284 5836 2425 5889 enim
2457 5848 2742 5903 numquam
2770 5832 2845 5886 sic
2884 5830 3127 5901 apparuit
3169 5831 3340 5896 Deus,
3380 5847 3535 5885 nutn‘
