3978 6482
482 365 579 422 131

479 493 637 550 quam
667 471 745 531 sic
770 473 1109 531 tremefactus
1129 482 1211 529 est
1236 472 1461 543 Moyses.
1486 469 1732 526 Vidistin’
1756 470 2057 525 misericor-

480 569 662 624 diam?
694 566 826 621 Vide
867 565 1077 620 tandem
1113 563 1544 619 sollicitudinem.
1575 563 1665 615 54.
1702 558 1887 616 Videas
1919 563 2057 626 vidi,

480 662 681 730 inquit,
711 660 1025 731 aﬂlictionem
1053 657 1227 727 populi
1255 656 1384 719 mei,
1416 654 1503 722 qui
1527 663 1598 708 est
1634 654 1685 706 in
1717 651 1982 724 IEgypto,
2014 662 2061 707 et

478 756 715 825 gemitum
742 768 914 804 eorum
938 750 1127 808 audivi.
1156 758 1202 801 et
1222 745 1455 800 descendi
1478 745 1688 799 liberare
1712 761 1813 798 eos.
1839 742 1906 797 Et
1927 760 2061 797 nunc

476 846 608 909 veni,
638 853 682 897 et
708 826 901 896 mittam
929 850 976 895 te
1006 841 1058 893 in
1079 838 1386 909 Δὲθμριιιηι.
1412 836 1565 902 Vide,
1594 836 1861 906 quomodo
1882 847 2062 891 osten-

478 936 567 988 dat
597 950 655 990 se
697 950 791 1003 per
820 931 1076 987 beneficia
1098 971 1112 993 ,
1144 945 1242 999 per
1284 927 1543 998 supplicia
1588 937 1644 983 et
1681 943 1778 997 per
1805 927 2058 982 miracula

476 1029 673 1081 ducere
702 1026 839 1086 illos,
866 1024 938 1077 illi
969 1037 1097 1076 vero
1119 1036 1333 1091 semper
1359 1017 1518 1075 iidem
1548 1029 1721 1074 erant.
1748 1020 1881 1074 llinc
1900 1018 2061 1073 disci-

478 1133 629 1183 mus,
663 1119 825 1170 Deum
856 1116 1053 1184 ubique
1079 1114 1398 1184 praesentem
1426 1128 1566 1168 esse.
1596 1112 1720 1166 Haec
1755 1121 1811 1167 et
1839 1126 1936 1167 nos
1961 1127 2058 1166 au-

476 1209 707 1274 dientes,
736 1207 788 1261 in
816 1205 1191 1260 afﬂictionibus
1215 1204 1283 1258 ad
1315 1219 1436 1259 eum
1464 1202 1851 1272 confugiamus.
1880 1202 1946 1256 Et
1974 1220 2059 1273 ge-

475 1301 689 1363 mitum,
722 1299 925 1369 inquit,
965 1313 1138 1351 eorum
1180 1296 1371 1349 audivi.
1408 1295 1523 1350 Non
1551 1295 1864 1365 simpliciter
1891 1294 2054 1358 dixit,

475 1390 692 1455 Audivi;
713 1391 827 1457 sed,
845 1392 1068 1459 PrOpter
1090 1387 1439 1444 calamitates.
1468 1386 1620 1453 Quod
1649 1387 1694 1441 si
1722 1386 1842 1456 quis
1869 1384 2012 1440 dicat
2040 1402 2054 1438 :

478 1484 542 1537 Et
570 1498 665 1537 cur
687 1484 804 1537 illos
829 1487 909 1537 sic
932 1482 1089 1550 afﬂigi
1114 1478 1393 1549 permisit?
1421 1478 1619 1540 audiat,
1643 1477 1788 1532 omni
1813 1478 1958 1547 justo
1980 1477 2059 1531 af-

474 1577 738 1630 ﬂictiones
767 1590 980 1628 causam
1013 1588 1133 1628 esse
1160 1571 1496 1642 prmmiorum
1531 1588 1545 1624 :
1576 1570 1660 1625 vel
1687 1570 1807 1626 ideo
1832 1570 1953 1625 illos
1979 1569 2057 1622 af—

476 1670 580 1737 ﬂigi
625 1668 899 1736 permisit,
950 1675 1008 1720 ut
1035 1667 1283 1719 virtutem
1326 1679 1475 1718 suam
1520 1663 1644 1717 hinc
1688 1662 2051 1733 splendentem

475 1759 788 1824 exhiberet,
834 1758 1058 1827 illosque
1092 1772 1187 1823 per
1217 1770 1481 1810 a'rumnas
1523 1754 1855 1821 institueret,
1902 1764 1958 1808 ut
2002 1755 2053 1808 in

473 1851 723 1904 omnibus
754 1849 1276 1919 philostmharentnr.
1311 1847 1445 1902 Vide
1486 1861 1613 1916 ergo
1641 1862 1760 1901 cum
1791 1857 1973 1902 essent
2002 1848 2054 1901 in

472 1943 719 2003 deserto,
764 1956 869 1993 nou
913 1939 1069 1992 tnodo
1100 1938 1445 2007 itnpinguati,
1493 1937 1805 2003 incrassati,
1851 1937 2052 1991 dilatati

473 2042 632 2097 sunt,
665 2031 757 2084 sed
804 2032 963 2086 etiam
995 2031 1393 2097 dereliquerunt
1440 2030 1618 2083 ticum.
1669 2028 1873 2098 Ubique
1914 2029 2053 2083 enim

473 2124 635 2177 animi
664 2123 908 2177 remissio
930 2122 1123 2177 malutn
1152 2133 1254 2188 est,
1282 2121 1493 2175 dilecte.
1520 2121 1644 2174 Ideo
1668 2121 1736 2175 ab
1757 2122 1906 2175 initio
1922 2121 2057 2175 dixit

473 2216 725 2271 Adamn:
774 2214 839 2267 In
885 2214 1069 2268 sudore
1112 2214 1276 2267 vultus
1314 2215 1387 2265 tui
1424 2213 1649 2265 camedes
1688 2228 1867 2280 panem
1914 2223 2053 2265 tuum

473 2306 626 2379 (Gen.
657 2306 843 2377 3.19).
872 2306 948 2360 Ne
976 2306 1131 2375 igitur
1151 2320 1215 2358 cx
1240 2304 1529 2357 afﬂiCtione
1548 2302 1710 2356 multa
1736 2304 1785 2355 iu
1809 2317 2049 2371 magnam

473 2399 909 2469 tranquillitatem
939 2397 1242 2463 venientes,
1274 2397 1646 2451 contumeliosi
1686 2407 1899 2462 essent,
1935 2397 2053 2451 illos

470 2492 630 2561 afﬂigi
665 2491 964 2561 permittit:
1009 2506 1254 2561 magumu
1291 2490 1431 2543 enim
1461 2489 1656 2543 bonum
1697 2499 1779 2543 est
1814 2490 2049 2544 afﬂictio.

546 2587 838 2657 Aﬁlictionis
867 2583 1282 2640 bonum—Audi
1329 2582 1576 2635 Davidem
1602 2582 1865 2637 dicentem
1901 2601 1912 2633 :
1945 2582 2052 2636 Bo-

473 2694 596 2734 num
624 2678 745 2730 milii
787 2677 905 2746 quia
945 2675 1219 2728 humiliasti
1250 2690 1326 2726 me
1368 2672 1550 2745 (Psal.
1582 2673 1705 2737 H8.
1738 2672 1861 2742 71).
1901 2672 2052 2740 Quod

475 2774 520 2825 si
552 2768 755 2839 magnis
783 2779 838 2822 et
863 2767 1186 2821 admirandis
1212 2768 1339 2819 viris
1367 2781 1553 2835 magna
1581 2779 1669 2820 res
1696 2776 1777 2821 est
1801 2765 2047 2831 afﬂictio,

477 2862 644 2918 multo
672 2862 840 2929 magis
864 2858 1036 2912 nobis.
1068 2857 1122 2912 Si
1155 2858 1313 2910 vultis
1334 2899 1347 2921 ,
1398 2858 1564 2926 ipsam
1608 2855 1947 2911 afﬂictionem
1999 2858 2053 2912 iu

480 2954 653 3025 seipse
682 2952 1069 3005 exatniucmus.
1105 2950 1185 3003 Sit
1210 2948 1329 3018 quis
1359 2949 1597 3018 gaudens
1617 2989 1632 3012 ,
1664 2949 1816 3004 Ianus
1840 2958 1894 3003 et
1921 2948 2053 3003 eﬂu-

477 3058 570 3101 sos
593 3063 607 3112 ;
639 3045 762 3115 quid
792 3044 1000 3113 turpius
1024 3079 1040 3109 ,
1066 3043 1190 3113 quid
1222 3041 1551 3112 insipientius
1578 3042 1703 3097 illo?
1723 3043 1801 3099 Sit
1819 3043 1938 3114 quis
1959 3043 2055 3099 do-

473 3139 590 3193 lens
646 3146 701 3190 ct
747 3149 1014 3199 maerens;
1063 3133 1187 3205 quid
1230 3133 1323 3187 illo
1369 3134 1535 3203 magis
1585 3134 2054 3204 philosophicum?

475 3230 675 3284 Idcirco
703 3226 928 3296 Sapiens
958 3225 1211 3281 admouet
1236 3266 1249 3289 ,
1283 3224 1466 3278 dicens
1499 3243 1512 3277 :
1548 3224 1735 3280 Melius
1758 3236 1828 3280 est
1850 3228 2049 3299 ingredi

471 3322 524 3374 in
553 3324 749 3373 domum
778 3321 942 3371 luctus
962 3358 974 3380 ,
1005 3334 1154 3388 quam
1184 3318 1235 3369 in
1261 3317 1464 3370 domum
1490 3318 1621 3371 risus
1650 3317 1849 3390 (Eccli.
1879 3322 1931 3375 7.
1960 3320 2048 3391 ὅ).

473 3412 634 3467 Forte
676 3412 816 3464 dicta
865 3409 1114 3463 irridetis.
1164 3409 1267 3464 Sed
1315 3408 1625 3473 videamus,
1675 3410 1846 3479 qualis
1893 3410 2053 3468 fuerit

473 3504 642 3559 Adam
694 3504 743 3555 in
792 3502 1073 3571 paradiso,
1121 3510 1175 3555 et
1217 3499 1389 3570 qualis
1434 3509 1614 3569 postea
1649 3516 1663 3553 :
1693 3504 1863 3570 qualis
1893 3502 2054 3558 fuerit

474 3596 603 3649 Cain
642 3604 800 3658 ante,
833 3593 1007 3662 qualis
1039 3601 1245 3662 postea.
1287 3591 1403 3646 Non
1429 3602 1535 3647 stat
1564 3593 1614 3647 in
1640 3610 1733 3649 sua
1765 3599 1891 3651 sede
1932 3598 2050 3650 ani-

473 3702 594 3741 mus
616 3726 632 3751 ,
674 3684 766 3739 sed
813 3685 962 3753 quasi
991 3700 1019 3736 a
1051 3683 1280 3754 quodam
1306 3694 1465 3737 vento
1494 3684 1697 3738 tollitur
1721 3703 1749 3738 a
1782 3688 2051 3756 voluptate

474 3789 529 3834 et
554 3777 684 3832 levis
729 3776 984 3842 efficitur,
1025 3776 1155 3830 nihil
1204 3775 1406 3829 habens
1447 3775 1679 3830 firmum.
1728 3777 1936 3832 Etenim
1982 3780 2048 3834 ad

476 3870 855 3941 promissiones
878 3878 960 3922 est
982 3867 1167 3934 facilis,
1195 3877 1249 3921 et
1280 3867 1344 3920 ad
1371 3867 1722 3935 pollicendum
1752 3882 2046 3940 promptus,

478 3974 533 4018 et
562 3978 750 4032 magna
773 3971 856 4015 est
880 3960 1280 4015 ratiociniorum
1311 3960 1600 4015 ﬂuctuatio.
1633 3962 1767 4017 llinc
1793 3966 1929 4017 risus
1970 3968 2049 4020 iu-

477 4055 826 4123 tempestivus
857 4093 871 4117 ,
926 4051 1107 4106 laetitia
1156 4052 1361 4105 ratione
1417 4051 1707 4118 destituta,
1764 4054 2046 4110 verborum

474 4160 666 4216 magna
693 4154 747 4198 et
775 4144 1036 4213 superﬂua
1059 4145 1350 4212 nugacitas.
1378 4142 1575 4212 Ecquid
1601 4144 1666 4197 de
1688 4144 1804 4199 aliis
1826 4146 2048 4215 loquor?

472 4242 549 4296 De
592 4250 894 4294 sanctorum
942 4237 1122 4305 aliqtto
1167 4252 1413 4303 agamus,
1462 4237 1838 4307 videamusque
1876 4240 2049 4309 qualis

471 4336 543 4388 sit
570 4336 619 4388 in
649 4333 920 4401 voluptate
944 4372 957 4393 ,
986 4340 1040 4383 et
1067 4329 1238 4399 qualis
1279 4330 1327 4381 in
1362 4343 1617 4384 mcerore.
1669 4330 1839 4386 Vultis
1887 4333 2045 4386 Davi-

470 4426 593 4480 dem
621 4420 1057 4479 consideremus?
1088 4419 1217 4472 Cum
1265 4435 1393 4488 ergo
1440 4421 1530 4474 ille
1574 4422 1628 4474 itt
1679 4423 1948 4491 voluptate
1993 4435 2048 4478 et

472 4518 653 4573 lzetitia
684 4522 990 4568 versaretur
1017 4527 1047 4564 a
1080 4511 1258 4565 multis
1290 4511 1504 4580 tropteis
1525 4552 1539 4575 ,
1570 4526 1597 4563 a
1627 4512 1867 4574 victoria,
1898 4529 1927 4564 a
1950 4530 2043 4567 Co-

472 4609 640 4673 ronis,
664 4623 692 4659 a
721 4605 956 4668 deliciis,
989 4619 1016 4655 a
1049 4602 1240 4656 fiducia
1268 4643 1281 4664 ,
1312 4601 1431 4655 vide
1457 4619 1574 4672 qua:
1600 4603 1797 4657 dixerit
1825 4613 1878 4657 et
1904 4603 2045 4659 fece-

466 4706 538 4760 rit
566 4721 579 4756 :
612 4702 721 4773 Ego
746 4710 912 4753 autem
933 4698 1038 4751 dixi
1062 4698 1112 4748 in
1140 4695 1450 4748 abundantia
1482 4712 1610 4759 mea,
1655 4694 1774 4749 Non
1817 4696 2046 4750 movebar

466 4798 519 4849 in
551 4805 792 4849 (sternunt
821 4790 1001 4863 (Psul.
1030 4788 1121 4843 9.9.
1154 4789 1183 4841 7
1211 4789 1249 4859 ).
1282 4787 1414 4839 Cum
1447 4798 1623 4839 autem
1658 4789 1708 4840 in
1754 4787 2043 4844 afﬂictione

467 4888 595 4949 fuit,
625 4884 745 4940 audi
772 4883 895 4953 quid
924 4882 1065 4936 dicat
1094 4899 1106 4934 :
1141 4880 1203 4933 It't
1230 4880 1273 4933 si
1300 4880 1481 4933 dixerit
1509 4880 1652 4939 milii.
1680 4879 1839 4932 Nolui
1855 4891 1916 4946 te,
1933 4896 2043 4934 ecce

464 4995 596 5049 ego;
625 4977 776 5047 faciat
804 4975 928 5028 mihi
955 4973 1088 5041 quod
1114 4973 1356 5043 placitum
1379 4981 1452 5025 est
1473 4987 1642 5024 coram
1663 4971 1772 5039 ipso
1797 4970 1884 5041 (2.
1910 4972 2037 5042 Reg.

467 5070 556 5124 15.
577 5068 650 5129 26
668 5069 709 5136 ).
731 5066 865 5133 Quid
889 5065 972 5119 his
999 5065 1176 5119 verbis
1196 5064 1362 5133 magis
1393 5062 1814 5132 philosophicum
1833 5062 1855 5113 ?
1877 5063 2040 5130 Quid-

466 5161 594 5228 quid
624 5158 732 5211 Deo
760 5159 925 5225 magis
969 5163 1177 5224 gratum
1228 5154 1417 5217 fuerit,
1467 5154 1674 5223 inquit,
1723 5153 1773 5208 id
1819 5154 1928 5208 ﬂat.
1973 5155 2039 5210 Et

467 5265 678 5308 rursum
721 5248 864 5302 Sauli
908 5246 1117 5300 dicebat
1144 5262 1157 5297 :
1188 5246 1246 5299 Si
1293 5257 1459 5299 autem
1499 5244 1637 5299 Deus
1678 5256 1950 5299 commovet
1992 5257 2040 5301 te

461 5353 642 5398 contra
672 5358 781 5406 me,
823 5338 1090 5392 odoratum
1131 5340 1195 5392 sit
1237 5339 1539 5406 sacri/icium
1576 5349 1715 5391 tuum
1763 5336 1853 5408 (1.
1903 5337 2031 5407 Reg.

465 5433 557 5487 26.
592 5431 720 5500 19).
753 5429 821 5483 Et
849 5438 974 5482 tunc
998 5469 1014 5493 ,
1043 5443 1166 5481 cum
1200 5439 1343 5481 esset
1395 5429 1446 5480 in
1495 5428 1781 5483 afﬂictione
1806 5470 1820 5493 ,
1874 5430 2033 5483 etiam

469 5525 697 5581 inimicis
722 5522 1006 5593 parcebat;
1036 5530 1216 5591 postea
1241 5535 1367 5574 vero
1396 5534 1564 5589 neque
1602 5522 1786 5574 amicis
1808 5562 1824 5587 ,
1861 5536 2034 5591 neque

466 5619 534 5672 iis
552 5617 711 5686 quise
735 5613 867 5668 nihil
886 5614 1151 5667 laeserant.
1174 5610 1379 5664 Rursus
1398 5610 1561 5665 Jacob
1579 5625 1700 5664 cum
1724 5613 1775 5665 in
1798 5626 2031 5666 mrnmua

460 5716 607 5764 esset
631 5746 646 5769 ,
674 5705 889 5760 dicebat
915 5722 926 5756 :
962 5703 1022 5757 Si
1058 5702 1249 5755 dederit
1278 5702 1401 5754 mihi
1425 5700 1559 5754 Deus
1587 5718 1764 5769 panem
1790 5701 1857 5753 nd
1888 5719 2033 5754 nian-

463 5806 748 5861 durandnm
804 5812 851 5858 et
877 5803 1217 5855 vestimentum
1239 5817 1336 5868 quo
1363 5799 1559 5869 operiar
1586 5801 1602 5866 (
1627 5797 1751 5853 Gen.
1778 5798 1866 5853 9.8.
1890 5798 1960 5851 20
1987 5798 2025 5859 l.

1212 356 1267 415 S.
1298 355 1575 415 JOANNIS
1611 353 2078 414 CIIRYSOSTOMI
2116 353 2431 414 ARClllEP.
2472 359 2999 433 (IONSTANTINOP.
3611 375 3696 434 132

2167 472 2231 526 Et
2259 472 2399 526 ﬁlius
2428 472 2538 529 Noe
2564 485 2717 530 antea
2746 476 2874 531 nihil
2908 478 3013 533 tale
3043 477 3277 548 fecerat;
3316 480 3403 536 ubi
3442 493 3604 545 autem
3645 500 3704 553 de

2164 562 2335 618 salute
2364 566 2598 620 conlisus
2625 577 2739 634 est,
2768 568 2920 623 audis
2942 585 3100 640 quam
3126 573 3529 634 contumeliosus
3555 580 3703 642 factus

2163 655 2254 709 sit.
2297 656 2365 710 Et
2408 657 2664 712 Ezechias
2698 674 2817 714 cum
2846 662 2898 715 in
2922 662 3179 718 aerumnis
3204 673 3377 727 esset,
3409 667 3524 724 vide
3550 677 3707 741 qualia

2163 760 2261 815 pro
2294 747 2467 801 salute
2492 748 2677 803 fecerit
2706 766 2717 801 :
2746 765 2957 806 saccum
2986 753 3128 807 enim
3160 754 3358 821 induit,
3399 766 3452 813 et
3491 760 3540 815 in
3585 772 3707 824 tetra

2162 836 2339 903 sedit;
2370 838 2455 892 ubi
2481 848 2658 895 autem
2686 841 2739 895 in
2762 841 3034 913 voluptate
3060 843 3187 908 fuit,
3220 848 3411 903 cecidit
3455 866 3559 920 prae
3602 858 3710 911 alti-

2162 929 2351 985 tudine
2394 932 2573 986 cordis
2617 933 2722 988 sui.
2775 934 2901 990 Ideo
2952 936 3161 1008 Moyses
3185 937 3471 1009 admouet,
3501 944 3708 1006 dicens:

2163 1019 2287 1076 Cum
2310 1023 2584 1079 comederis
2605 1034 2652 1079 et
2680 1026 2861 1081 biberis
2884 1036 2933 1083 et
2959 1038 3213 1084 saturatas
3242 1032 3397 1102 fueris
3413 1074 3431 1099 ,
3472 1040 3714 1098 recordare

2161 1110 2372 1167 Domini
2396 1113 2495 1170 Dei
2522 1118 2596 1169 tui
2624 1117 2641 1185 (
2667 1115 2817 1170 Deut.
2837 1119 2891 1173 6.
2922 1119 2990 1173 12
3007 1120 3045 1188 ).
3065 1120 3309 1191 Praeceps
3328 1132 3412 1176 est
3428 1126 3565 1182 enim
3582 1128 3714 1189 locus

2161 1204 2473 1261 deliciarum
2493 1250 2508 1274 ,
2560 1218 2615 1263 et
2642 1209 2965 1271 oblivionem
2992 1212 3082 1266 Dei
3116 1212 3335 1267 inducit.
3370 1214 3502 1271 Cum
3528 1219 3717 1292 afﬂige.

2161 1308 2349 1353 rentur
2383 1299 2638 1355 Israelita;
2664 1340 2681 1367 ,
2729 1302 2899 1356 multo
2942 1304 3122 1371 plures
3165 1313 3351 1369 erant;
3400 1322 3518 1362 cum
3556 1322 3715 1369 autem

2163 1390 2284 1444 illos
2310 1389 2631 1455 dimitteret,
2666 1400 2791 1447 tunc
2818 1408 3005 1448 omnes
3033 1393 3295 1461 peribant.
3324 1395 3391 1449 Et
3424 1412 3519 1452 cur
3554 1411 3717 1459 vetera

2160 1480 2403 1549 exempla
2431 1480 2633 1536 aﬂ'ero?
2656 1481 2735 1535 Ex
2761 1483 2915 1537 nobis
2945 1484 3075 1551 ipsis
3101 1485 3406 1551 videamus,
3449 1489 3493 1543 si
3543 1491 3716 1560 placet.

2162 1571 2237 1626 Ex
2267 1572 2464 1627 nostris
2496 1573 2708 1641 plurimi
2735 1574 2787 1627 in
2812 1574 2970 1628 rebus
2999 1576 3272 1646 prosperis
3300 1576 3583 1644 inﬂantur,
3610 1598 3717 1637 om-

2162 1661 2317 1716 nibus
2347 1663 2581 1728 inimici,
2610 1663 2883 1730 iracundi,
2913 1665 3035 1719 dum
3080 1676 3340 1735 potestate
3388 1669 3605 1738 valent;
3638 1690 3720 1728 su-

2159 1752 2300 1807 blata
2328 1769 2459 1808 vero
2490 1764 2751 1824 potestate
2770 1796 2787 1822 ,
2820 1759 3078 1813 mansueti
3107 1771 3250 1826 sunt,
3283 1759 3531 1825 humiles,
3560 1765 3720 1831 mites,

2160 1846 2213 1899 in
2239 1856 2441 1901 natura:
2471 1863 2578 1902 sua:
2603 1850 2975 1919 cogitationem
3003 1852 3240 1906 veniunt.
3269 1852 3425 1920 Quod
3461 1870 3548 1910 res
3576 1857 3644 1913 ita
3674 1875 3726 1916 se

2159 1938 2354 1994 habeat
2377 1981 2392 2001 ,
2419 1943 2652 1995 ostendit
2681 1942 2843 1997 David
2866 1983 2881 2009 ,
2912 1944 3099 1999 dicens
3126 1963 3138 1998 ε
3174 1944 3359 2000 Tenuit
3384 1964 3470 2001 eos
3508 1954 3725 2018 superbia

2159 2024 2211 2076 in
2264 2025 2415 2092 ﬁnem
2456 2041 2473 2078 :
2522 2026 2741 2095 prodibit
2785 2032 2930 2096 quasi
2975 2045 3037 2081 ea:
3082 2029 3238 2098 adipe
3282 2030 3523 2097 iniquitas
3572 2050 3729 2091 eorum

2160 2114 2345 2182 (Psal.
2377 2115 2463 2169 72.
2495 2116 2546 2170 6.
2582 2116 2674 2187 7).
2707 2117 2831 2172 [ltec
2852 2133 2885 2171 a
2913 2135 3000 2173 me
3028 2119 3167 2174 dicta
3195 2130 3320 2174 sunt
3345 2162 3361 2187 ,
3394 2130 3453 2176 ut
3481 2138 3549 2177 ne
3568 2128 3723 2180 omni-

2157 2206 2257 2261 bus
2281 2207 2451 2261 modis
2469 2209 2718 2276 gaudium
2745 2225 3066 2279 queramus.
3097 2213 3161 2265 Et
3184 2214 3480 2282 quomodo,
3510 2216 3729 2287 inquies,

2158 2299 2233 2352 ait
2268 2299 2464 2354 Paulus
2496 2319 2508 2353 :
2555 2301 2783 2354 Gaudete
2823 2319 3019 2373 semper
3059 2302 3334 2375 (Philipp.
3369 2306 3425 2360 4.
3457 2308 3491 2360 4
3520 2308 3578 2374 )?
3625 2310 3729 2364 Non

2158 2392 2471 2460 simpliciter
2496 2393 2667 2458 dixit,
2699 2394 2941 2450 Gaudete
2960 2436 2975 2460 ,
3009 2396 3105 2451 sed
3131 2396 3372 2462 addidit,
3404 2397 3473 2453 In
3503 2400 3729 2459 Domino.

2229 2486 2282 2539 4.
2306 2482 2557 2537 Gaudium
2575 2487 2828 2555 quodnam
2846 2488 2909 2542 sit
2931 2487 3331 2546 bonum—Hoc
3349 2495 3639 2549 maximum
3662 2510 3733 2551 est

2156 2576 2441 2644 gaudium;
2478 2580 2565 2631 tali
2607 2578 2904 2647 gaudebant
2949 2585 3209 2650 apostoli;
3242 2584 3510 2653 gaudium
3542 2588 3735 2643 lucrum

2157 2668 2384 2743 offerens
2421 2686 2433 2723 :
2466 2669 2604 2738 quod
2631 2684 2662 2723 a
2682 2672 3016 2739 carceribus,
3044 2688 3074 2727 a
3102 2673 3280 2745 ﬂagris
3302 2715 3320 2742 ,
3366 2692 3397 2730 a
3446 2692 3733 2749 persequu—

2159 2761 2391 2814 tionibus
2411 2803 2423 2824 ,
2459 2776 2489 2814 a
2522 2762 2656 2815 mala
2692 2762 2828 2816 fama
2859 2774 2913 2819 et
2941 2780 2970 2818 a
2999 2766 3239 2821 tristibus
3270 2771 3506 2824 omnino
3548 2773 3735 2841 princi-

2158 2851 2301 2920 pium
2330 2860 2384 2907 et
2426 2853 2658 2908 radicem
2697 2853 2856 2910 habet
2898 2866 2951 2910 et
2997 2858 3336 2914 occasionem
3372 2880 3386 2915 :
3421 2863 3565 2918 unde
3601 2874 3654 2919 et
3691 2866 3736 2920 in

2157 2944 2357 2998 bonum
2387 2944 2544 2999 linem
2576 2948 2835 3015 pervenit.
2867 2946 3129 3003 Gaudium
3159 2966 3287 3007 vero
3314 2954 3509 3013 mundi
3552 2970 3700 3011 secus
3726 2976 3739 3012 :

2158 3038 2345 3108 incipit
2393 3042 2535 3094 enim
2584 3057 2612 3094 a
2663 3042 2949 3109 suavibus,
2993 3043 3300 3115 desinitque
3352 3048 3411 3102 in
3459 3049 3738 3104 tristitiam.

2156 3127 2340 3198 Neque
2384 3146 2482 3199 ego
2533 3132 2789 3200 prohibeo
2834 3132 3068 3203 gaudere
3112 3137 3164 3189 in
3213 3136 3489 3205 Domino,
3544 3141 3651 3196 into
3688 3143 3740 3197 id

2155 3219 2311 3274 Valde
2338 3220 2623 3274 admoneo.
2658 3220 3089 3290 Flagellahantur
3125 3229 3397 3294 apostoli,
3446 3238 3505 3284 et
3549 3232 3742 3300 gaude-

2157 3309 2279 3364 bant
2306 3327 2319 3375 ;
2354 3312 2736 3377 vinciebantur,
2758 3325 2809 3369 et
2833 3315 3030 3385 gratias
3056 3317 3315 3385 agebant;
3351 3320 3744 3391 lapidahantur,

2156 3417 2208 3458 et
2234 3404 2613 3485 praedicabant.
2640 3405 2753 3461 Hoc
2781 3417 2834 3460 et
2862 3423 2961 3477 ego
2997 3408 3157 3463 velim
3203 3412 3472 3481 gaudium
3505 3431 3518 3467 :
3552 3417 3688 3485 quod
3719 3434 3747 3471 a

2157 3498 2305 3553 nullo
2334 3498 2602 3566 corporali
2646 3500 2851 3553 initium
2894 3501 3120 3567 habeat,
3162 3502 3259 3558 sed
3303 3518 3334 3557 a
3385 3506 3749 3575 spiritualibus

2157 3595 2338 3649 rebus.
2368 3594 2484 3649 Non
2527 3603 2696 3664 potest
2741 3596 2830 3665 qui
2871 3596 3161 3651 secundum
3209 3598 3486 3654 mundum
3530 3601 3747 3672 gaudet,

2158 3686 2315 3740 simul
2339 3697 2393 3739 et
2421 3687 2712 3741 secundum
2746 3687 2910 3742 Deum
2937 3687 3169 3758 gaudere
3202 3706 3217 3742 :
3250 3692 3441 3747 omnis
3465 3693 3610 3748 enim
3631 3736 3646 3760 ,
3667 3694 3750 3761 qui

2154 3778 2442 3833 secundum
2467 3778 2719 3834 mundum
2749 3778 2979 3848 gaudet,
3022 3779 3091 3835 de
3129 3779 3342 3836 divitiis
3391 3784 3638 3853 gaudet,
3688 3785 3752 3840 de

2156 3872 2466 3942 voluptate,
2498 3872 2565 3926 de
2609 3872 2809 3942 gloria,
2854 3873 2920 3928 de
2968 3875 3236 3943 potentia,
3288 3875 3364 3930 de
3413 3879 3750 3950 arrogantia;

2153 3963 2241 4033 qui
2291 3978 2419 4018 vero
2460 3964 2750 4018 secundum
2799 3963 3002 4030 Deum,
3058 3964 3127 4020 de
3178 3966 3490 4036 ignominia
3544 3979 3755 4040 propter

2154 4054 2339 4118 illum,
2391 4053 2459 4109 de
2503 4062 2852 4123 paupertate,
2898 4055 2965 4109 de
3014 4055 3223 4124 inopia,
3279 4056 3357 4113 de
3399 4059 3649 4129 jejunio,
3692 4061 3754 4118 de

2154 4146 2470 4202 humilitate.
2500 4147 2684 4203 Viden‘
2707 4164 2864 4218 quam
2891 4151 3154 4203 contraria
3186 4156 3571 4221 argumenta?
3599 4156 3758 4222 Quot-

2151 4249 2281 4310 quot
2312 4239 2399 4293 hic
2427 4249 2574 4293 extra
2602 4240 2852 4310 gaudium
2875 4250 2998 4294 sunt
3020 4282 3035 4305 ,
3061 4252 3211 4294 extra
3246 4258 3565 4299 "terrorem
3598 4254 3752 4308 sunt;

2149 4342 2205 4387 et
2232 4340 2491 4402 quotquot
2520 4341 2666 4387 extra
2694 4347 3001 4398 mterorem,
3030 4342 3154 4386 sunt
3177 4334 3355 4390 etiam
3411 4346 3571 4391 extra
3612 4336 3755 4391 volu-

2151 4437 2372 4497 ptatem.
2403 4424 2469 4479 Et
2492 4440 2676 4479 revera
2705 4423 2819 4478 hzec
2847 4434 2992 4489 sunt,
3022 4440 3141 4493 qua)
3165 4441 3369 4480 verum
3401 4429 3663 4497 gaudium
3683 4429 3753 4482 fa-

2149 4517 2335 4581 ciunt,
2367 4516 2615 4585 quoniam
2649 4514 2735 4568 illa
2769 4530 2960 4569 nomen
3012 4523 3217 4568 tantum
3273 4518 3471 4585 gaudii
3520 4519 3755 4583 habent,

2152 4617 2319 4662 totum
2340 4616 2515 4661 autem
2542 4607 2593 4659 in
2619 4620 2849 4660 interere
2872 4608 3029 4659 situm
3057 4615 3158 4660 est.
3188 4606 3486 4674 Quantum
3517 4612 3759 4665 mceroris

2150 4700 2311 4755 habet
2337 4699 2635 4769 arrogans?
2665 4707 2917 4768 quantum
2949 4698 3282 4769 praepeditur
3312 4702 3454 4757 dum
3503 4720 3761 4773 arrogatio

2150 4804 2230 4847 ter
2276 4793 2427 4863 agit?
2476 4792 2618 4845 Mille
2668 4792 2768 4845 sibi
2822 4800 2973 4860 parat
3020 4793 3446 4860 contumelias,
3509 4811 3758 4865 magnum

2146 4886 2370 4950 odium,
2412 4900 2657 4954 magnam
2707 4883 3071 4948 inimicitiam,
3125 4882 3411 4940 invidiam
3462 4886 3758 4957 ingentem.

2146 4978 2277 5033 Nam
2308 4978 2352 5031 si
2385 4991 2411 5029 a
2442 4976 2731 5046 majoribus
2761 4975 3079 5032 contumelia
3109 4974 3668 5056 afficiaturtdolet:
3718 4979 3760 5032 si

2147 5085 2252 5123 non
2280 5077 2462 5124 contra
2494 5082 2682 5121 omnes
2711 5068 2985 5137 insurgat,
3013 5066 3326 5123 mordetur.
3362 5069 3607 5126 llumilis
3639 5087 3763 5127 vero

2146 5161 2197 5214 in
2226 5162 2391 5213 multa
2419 5172 2502 5214 est
2528 5159 2819 5228 voluptate,
2842 5174 2872 5213 a
2906 5159 3051 5213 nullo
3079 5158 3361 5214 honorem
3393 5174 3763 5232 exspectans:

2144 5251 2190 5307 si
2218 5251 2529 5316 honoretur,
2559 5250 2787 5320 gaudet;
2815 5250 2859 5303 si
2886 5265 2991 5304 non
3023 5250 3339 5306 honoretur
3359 5295 3376 5318 ,
3411 5269 3529 5309 non
3582 5253 3761 5321 dolet,

2142 5344 2251 5398 imo
2275 5342 2467 5413 gaudet
2504 5342 2644 5413 quod
2675 5358 2779 5396 non
2812 5341 3098 5396 honoratus
3143 5342 3221 5396 sit
3256 5344 3302 5396 ⁸.
3342 5346 3543 5415 Itaque
3592 5348 3764 5401 hono-

2142 5449 2256 5488 rem
2302 5450 2407 5488 non
2446 5450 2684 5503 qua-rere
2717 5443 2770 5489 ct
2799 5433 3085 5496 honorari,
3116 5432 3168 5487 id
3206 5450 3487 5507 magnam
3519 5439 3767 5510 volupta-

2142 5534 2247 5579 tem
2280 5525 2435 5594 parit.
2464 5525 2573 5579 lllic
2604 5540 2731 5580 vero
2758 5527 3082 5579 contrarium
3110 5527 3366 5592 accidit;
3416 5532 3624 5601 qumrit
3665 5531 3763 5585 ho-

2203 5682 2222 5752 *_
2257 5679 2477 5753 Βορυωο
2501 5681 2890 5753 ξωγριιδξοηειῐι-
2910 5678 3244 5753 Grazcamliic
3273 5682 3561 5753 immutare
3587 5686 3762 5753 placet.

2136 5744 2260 5855 :u/in
2284 5744 2686 5854 intfrpretatione
2712 5740 2977 5805 legendum
2999 5743 3097 5801 sit,
3122 5740 3231 5793 imo
3256 5746 3389 5798 satis
3414 5749 3566 5799 habet
3588 5740 3652 5798 ’δή
3673 5760 3763 5795 ηοω

2156 5818 2188 5853 n
2205 5816 2360 5853 tortore
2382 5817 2457 5854 nr.
