4076 6354
555 217 657 272 133

506 381 508 384 ,
535 327 702 393 Οὗτος
723 331 844 384 ὅσον
874 329 939 383 ἂν
968 330 1126 402 λάϐη.
1158 331 1310 383 οὐδὲν
1339 333 1553 400 ἡγεῖται
1598 329 1873 400 εἰληφέναι
1895 346 1908 361 ο
1949 331 2094 382 ἐκεῖ-

536 432 623 479 νος
649 414 750 468 κᾶν
773 415 836 466 τὺ
879 416 1070 485 μικρὸν
1099 414 1222 482 δῷς,
1257 415 1331 478 ὡς
1357 414 1417 466 τὸ
1449 416 1555 466 πᾶν
1584 413 1817 483 εἰληφὼς
1860 413 2092 482 δέχεται.

537 499 704 552 Πάλιν
729 500 758 551 ό
780 497 997 568 τρυφῶν
1033 497 1200 567 μυρία
1234 498 1528 566 πράγματα
1574 495 1706 566 ἔχει,
1737 495 1839 549 κᾶν
1857 495 1913 559 ἐξ
1945 496 2097 548 εὐκο-

535 580 656 642 λίας
708 581 800 632 καὶ
825 579 1011 650 ὥσπερ
1059 577 1165 631 ἀπὸ
1195 579 1384 646 πηγῶν
1413 577 1560 647 αὑτῷ
1591 579 1661 631 τὰ
1687 579 1795 631 τῶν
1823 578 2096 649 προσόδων

537 663 786 734 ἐπιρρέῃ,
833 663 900 714 τά
926 661 1034 714 ἀπὸ
1062 662 1156 732 τῆς
1189 661 1397 732 τρυφῆς
1429 660 1575 712 δεινὰ
1606 659 1831 725 δέδοικε,
1885 660 1980 713 καὶ
2033 659 2095 712 τὸ

536 746 726 816 ἄδηλον
781 746 873 798 τοῦ
936 744 1246 812 μέλλοντος·
1301 739 1452 806 οὗτος
1487 743 1543 796 δὲ
1589 743 1676 796 ἀεὶ
1723 745 1780 795 ἐν
1829 741 2094 813 ἀσφαλείᾳ

535 830 656 882 ἐστί
683 830 776 882 καὶ
804 831 861 881 ἐν
888 829 1067 898 ἡδονῇ,
1094 827 1274 886 ἐθίσας
1299 827 1487 880 ἑαυτὸν
1512 829 1568 880 ἐν
1595 825 1837 895 λιτότητι
1863 825 2091 896 διαίτης.

537 913 610 963 Οὐ
635 914 738 983 γὰρ
767 910 935 972 οὕτως
964 910 1148 962 ἑαυτὸν
1171 909 1464 972 ταλανίζει,
1496 909 1576 961 ὅτι
1607 910 1680 979 μὴ
1713 909 1925 979 μετέχει
1963 926 2093 979 τραο

535 993 705 1062 πέζης
770 993 1108 1055 πολυτελοῦς,
1162 993 1236 1054 ὼς
1289 994 1486 1062 τρυφᾷ,
1536 992 1597 1045 τὸ
1663 992 1754 1045 τοῦ
1812 993 2094 1061 μέλλοντος

534 1079 725 1146 ἄδηλον
750 1076 823 1146 μὴ
850 1075 1118 1138 δεδοικώς.
1147 1076 1225 1127 Τὰ
1258 1075 1312 1127 δὲ
1351 1078 1414 1128 ἐκ
1439 1076 1537 1142 τῆς
1559 1077 1768 1146 τρυφῆς
1795 1077 1894 1128 ὅσα
1922 1076 2089 1142 δεινὰ,

531 1159 701 1220 οὐδεὶς
723 1161 927 1226 ἀγνοεῖ·
971 1161 1263 1226 ἀναγκαῖον
1295 1158 1350 1210 δὲ
1393 1159 1484 1210 καὶ
1516 1158 1608 1210 νῦν
1634 1160 1824 1211 εἰπεῖν.
1863 1158 2091 1222 Διπλοῦς

529 1243 559 1293 ό
591 1241 840 1311 πόλεμος,
862 1238 955 1293 τοῦ
991 1238 1138 1311 [134]
1168 1239 1436 1309 σώματος,
1462 1239 1624 1306 λέγω,
1647 1242 1741 1293 καὶ
1767 1241 1863 1308 τῆς
1877 1241 2051 1310 ψυχῆς
2072 1255 2088 1268 ο

529 1323 746 1385 διπλοῦς
784 1325 812 1376 ό
847 1323 1074 1392 χειμὼν,
1105 1321 1268 1375 διπλᾶ
1296 1324 1362 1374 τὰ
1386 1323 1669 1392 νοσήματα
1690 1341 1702 1354 ·
1726 1324 1818 1376 καὶ
1844 1325 1904 1376 οὑ
1933 1323 2090 1376 τοῦτο

531 1407 711 1477 μόνον,
760 1406 873 1460 ἀλλ’
901 1407 983 1459 ὅτι
1013 1406 1107 1458 καὶ
1161 1405 1386 1459 ἀνίατασ
1441 1406 1536 1458 καὶ
1575 1405 1811 1475 μεγάλας
1866 1405 2088 1477 φέρουσι

527 1489 698 1542 ταῦτα
742 1489 838 1553 τὰς
874 1488 1174 1558 συμφοράς.
1219 1488 1355 1540 Ἀλλ’
1394 1488 1550 1559 ούχή
1587 1489 1826 1541 εὐτέλεια
1856 1497 1879 1522 ⁸
1922 1489 2088 1542 τοιοῦ·

526 1589 639 1636 τον,
677 1573 810 1627 ἀλλὰ
837 1573 998 1641 διπλῆ
1031 1575 1063 1641 ἡ
1114 1573 1291 1640 ὑγεία,
1329 1573 1489 1626 διπλᾶ
1518 1573 1588 1626 τὰ
1635 1573 1834 1641 ἀγαθά.
1873 1574 2087 1639 Ὕπνος

527 1656 751 1724 ὑγείας,
791 1655 974 1726 φησὶν,
1025 1655 1094 1708 ἑν
1125 1655 1325 1725 ἐντέρῳ
1367 1656 1595 1722 μετρίῳ.
1647 1655 1923 1724 Πανταχυῦ
1985 1656 2091 1725 γὰρ

527 1740 588 1792 τὸ
643 1739 741 1809 μὲν
786 1739 1094 1810 σύμμετρον
1125 1738 1386 1797 ποθεινὸν,
1422 1739 1482 1790 τὸ
1527 1739 1581 1790 δὲ
1624 1738 1856 1808 ἄμετρον
1888 1739 2087 1790 ούκέτι.

530 1823 671 1893 Ὅρα
701 1822 835 1892 γάρ·
883 1822 1143 1892 Σπινθῆρι
1180 1821 1356 1892 μικρῷ
1385 1821 1544 1873 πολὺν
1581 1820 1750 1884 ξύλων
1785 1821 1964 1881 ἐπίθες
1993 1838 2090 1888 φο-

534 1906 712 1975 ρυτδν,
744 1905 838 1958 καὶ
871 1905 1052 1958 οὐκέτι
1080 1903 1190 1975 πῦρ
1223 1902 1282 1954 τὸ
1307 1905 1538 1973 λάμπον,
1569 1904 1703 1957 ἀλλὰ
1740 1903 1944 1955 καπνὸν
1972 1902 2089 1970 ὕψει

530 1989 732 2058 σφόδρα
759 1988 898 2060 ἀηδῆ
933 1989 979 2040 ιι.

610 2071 784 2140 Ἀνδρὶ
817 2071 937 2124 λίαν
995 2069 1198 2140 ἰσχυρῷ
1233 2068 1325 2123 καὶ
1384 2068 1603 2140 μεγάλῳ
1641 2069 1856 2140 φορτίον
1906 2069 2090 2134 ἐπίθες

526 2154 589 2206 τὸ
621 2155 718 2222 τὴν
752 2155 902 2223 ἰσχὺν
933 2153 1273 2223 ὑπερϐσῖνον,
1305 2153 1396 2205 καὶ
1424 2152 1543 2220 διζρει
1576 2152 1712 2220 μετά
1735 2152 1828 2204 τοῦ
1871 2153 2086 2222 φορτίου

530 2237 700 2307 χαμαὶ
731 2236 980 2305 κείμενον
1028 2235 1120 2288 καὶ
1150 2235 1501 2306 ἐρριμμένον.
1545 2234 1716 2287 Πολὺν
1761 2235 1850 2287 τὸν
1895 2235 2087 2305 φόρτον

527 2318 728 2387 ἔμϐαλε
759 2317 835 2387 τῷ
861 2317 1048 2388 πλοίῳ.
1085 2318 1177 2370 καὶ
1200 2317 1430 2387 χαλεπὸν
1453 2317 1694 2387 εἰργάσω
1721 2317 1782 2369 τὸ
1810 2319 2083 2386 ναυάγιον.

527 2400 745 2453 Τοιοῦτο
805 2400 869 2470 δή
938 2417 989 2452 τι
1044 2401 1200 2470 καὶὴ
1250 2401 1426 2470 τρυφὴ
1473 2401 1606 2452 ἐστι.
1669 2399 1929 2470 Καθάπερ
1981 2401 2089 2471 γὰρ

527 2485 618 2536 ἐπὶ
662 2483 769 2535 τῶν
816 2482 1164 2555 ὑπεράντλων
1211 2483 1429 2544 πλοίων,
1463 2482 1627 2544 πολὺς
1661 2483 1689 2533 ὁ
1726 2481 1948 2552 θόρυϐος
1980 2484 2088 2536 τῶν

527 2565 756 2627 ναυτῶν,
795 2565 888 2617 τοῦ
919 2565 1271 2634 κυϐερνήτου,
1313 2563 1403 2616 τοῦ
1445 2564 1726 2635 πρωρέως,
1755 2565 1862 2616 τῶν
1895 2564 2087 2617 ἐπιϐα-

526 2648 655 2709 τῶν,
686 2647 754 2700 τὰ
783 2647 879 2716 μὲν
905 2647 1107 2700 ἄνωθεν
1145 2644 1476 2716 ῥιπτούντων
1522 2648 1601 2707 εἰς
1631 2645 1691 2697 τὸ
1720 2645 1971 2714 πέλαγος,
2020 2648 2089 2701 τὰ

527 2729 583 2781 δὲ
614 2728 883 2781 κάτωθεν·
917 2726 1058 2779 οὕτω
1083 2727 1146 2796 δὴ
1196 2729 1289 2780 καὶ
1339 2726 1593 2790 ἐνταῦθα,
1640 2728 1708 2780 τὰ
1764 2728 1861 2797 μὲν
1886 2729 2089 2784 ἄνωθεν

527 2813 806 2883 ἐμοῦντες,
831 2813 898 2865 τὰ
918 2813 972 2864 δὲ
994 2813 1251 2877 κάτωθεν,
1281 2816 1376 2868 καὶ
1405 2814 1629 2877 ἑαυτοὺς
1669 2815 2086 2886 διαφθείροντες,

527 2896 846 2951 ἀπόλλυνται
881 2905 926 2947 ο.
984 2897 1092 2949 Καὶ
1136 2897 1195 2948 τὸ
1229 2896 1293 2967 δὴ
1344 2896 1559 2950 πάντων
1590 2898 1961 2969 αἰσχρότερον,
2009 2900 2090 2953 ὃτι

527 2981 656 3033 αὐτὸ
683 2980 744 3032 τὸ
773 2979 944 3049 στόμα
975 2979 1071 3048 τὴν
1107 2981 1302 3050 χρῆσιν
1341 2979 1712 3050 ἀναλαμϐάνει
1740 2981 1848 3033 τῶν
1870 2982 2090 3036 ὄπισθεν

531 3061 749 3133 μορίων,
782 3063 876 3115 καὶ
909 3061 1117 3134 γίνεται
1149 3062 1372 3115 ἐκείνων
1428 3063 1766 3134 ἀτιμότερον.
1828 3065 1888 3117 Et
1931 3065 1987 3117 δὲ
2031 3066 2089 3116 ἐν

525 3147 605 3215 τῷ
659 3147 886 3213 στόματι
931 3145 1168 3216 τοσαύτη
1215 3147 1589 3218 ἀσχημοσύνη,
1624 3148 1870 3218 ἐννόησον
1919 3149 1976 3200 ἐν
2019 3151 2086 3219 τῇ

524 3233 690 3301 ψυχῇ,
747 3231 854 3282 Καὶ
901 3229 1006 3299 γὰρ
1052 3230 1168 3283 ἐκεῖ
1199 3231 1376 3283 πάντα
1412 3231 1630 3300 γνόφος,
1662 3232 1838 3284 πάντα
1867 3230 2084 3298 θύελλα,

524 3315 702 3367 πάντα
730 3316 937 3376 σκότος,
973 3313 1140 3385 πολλὴ
1184 3315 1291 3367 τῶν
1331 3314 1608 3384 λογισμῶν
1641 3314 1916 3383 σύγχυσις,
1967 3331 2088 3366 πιε-

525 3396 789 3466 ζομένων,
825 3395 1172 3465 θλιϐομένων.
1197 3397 1294 3465 τῆς
1321 3397 1494 3467 ψυχῆς
1514 3396 1680 3466 αὐτῆς
1705 3396 1801 3467 τὴν
1825 3398 2087 3466 ἐπήρειαν

525 3479 755 3549 βοώσης,
806 3478 1081 3531 Ἐντεῦθεν
1119 3479 1211 3532 καλ⁸
1240 3479 1394 3531 αὐτοὶ
1442 3479 1492 3531 οἱ
1543 3479 1954 3549 γαστριζόμενοι
1990 3479 2087 3531 ἀλ-

525 3560 715 3630 λήλους
739 3560 1036 3621 αἰτιῶνται,
1068 3561 1500 3629 δυσχεραίνουσι,
1551 3560 1836 3613 σπεύδουσι
1878 3561 1976 3629 τὴν
2004 3559 2088 3612 ἔν-

521 3643 611 3696 δον
655 3642 1061 3715 ἀπορρίψασθαι
1113 3645 1336 3713 κόπρον.
1372 3645 1560 3713 Ὅμως
1610 3644 1704 3697 καὶ
1739 3644 1873 3714 μετὰ
1913 3643 1972 3694 τὸ
2005 3647 2085 3715 ῥι-

524 3729 709 3796 φῆναι,
731 3727 850 3778 οὐδὲ
884 3725 1055 3790 οὕτως
1082 3729 1110 3780 ὁ
1137 3728 1294 3791 σάλος
1328 3728 1557 3780 παύεται
1579 3744 1593 3757 ·
1644 3727 1779 3780 ἀλλὰ
1800 3725 1892 3778 καὶ
1915 3743 2085 3795 πυρε-

521 3811 605 3862 τοὶ
632 3809 878 3862 ἐντεῦθεν
906 3809 1000 3862 καὶ
1028 3809 1193 3864 νόσοι.
1221 3811 1349 3867 Ναὶ,
1383 3810 1536 3880 φησὶ,
1559 3808 1771 3864 νοσοῦσι
1799 3810 1893 3861 καὶ
1915 3811 2086 3877 ἀσχη-

524 3893 742 3962 μονοῦσι
763 3909 777 3922 ο
812 3892 968 3960 λόγος
996 3893 1118 3962 εἰκῆ
1146 3891 1322 3947 ταῦτα
1348 3892 1577 3958 διεξιὼν,
1612 3892 1705 3945 καὶ
1737 3891 1922 3952 νόσους
1954 3894 2084 3962 ἡμῖν

521 3975 868 4043 καταλέγων·
914 3975 1053 4028 νοσῶ
1105 3975 1212 4046 γὰρ
1239 3974 1368 4042 ἐγὼ,
1405 3975 1499 4028 καὶ
1550 3974 1769 4044 σπῶμαι
1810 3973 1939 4041 ἐγὼ,
1989 3975 2084 4027 καὶ

520 4059 812 4128 ἀσχημονῶ
849 4057 977 4126 ἐγὼ,
1006 4060 1033 4110 ὁ
1069 4059 1144 4127 μὴ
1189 4058 1324 4126 ἔχων
1360 4060 1584 4126 φαγείνο
1620 4056 1838 4119 τούτους
1868 4056 1923 4108 δὲ
1957 4057 2082 4119 τοὺς

519 4142 837 4210 τρυφῶντας
883 4141 1028 4193 ἔστιν
1083 4139 1452 4202 εὑπαθοῦντας
1510 4139 1655 4200 ἰδεῖν,
1715 4139 2079 4207 σφριγῶντας,

520 4224 827 4292 χαίροντας,
877 4224 1206 4293 φερομένους
1257 4223 1342 4292 ἐφ’
1375 4223 1576 4275 ἵππων.
1627 4221 1818 4290 Οῖμοιί
1872 4221 2082 4291 θρήνων

519 4308 627 4376 γὰρ
675 4307 799 4372 ἀξια
832 4306 1004 4360 ταῦτα
1029 4307 1095 4360 τὰ
1130 4309 1367 4376 ῥήματα.
1401 4307 1538 4370 Τοὺς
1577 4307 1633 4359 δὲ
1664 4305 2080 4373 ποδαλγοῦντας,

519 4390 644 4453 τοὺς
698 4392 788 4441 ἐπὶ
841 4390 1042 4458 δίφρων
1082 4391 1432 4461 φερομένους,
1487 4391 1611 4452 τοὺς
1643 4388 2080 4458 καταδεσμουμέ-

519 4490 662 4535 νους,
709 4473 868 4526 πόθεν
899 4473 1133 4544 ὁρῶμεν,
1163 4474 1281 4526 εἰπέ
1326 4489 1447 4544 μοις
1509 4472 1618 4525 Καὶ
1665 4473 1714 4524 εἰ
1746 4472 1820 4542 μὴ
1851 4472 1912 4525 τὸ
1945 4473 2080 4541 πρᾶ-

518 4572 636 4625 γμα
699 4555 856 4626 ῦϐριν
904 4555 1172 4626 ἐνόμιζον,
1231 4558 1325 4610 καὶ
1357 4555 1716 4617 ὀνειδιστικῶς
1779 4571 1843 4623 με
1904 4555 2076 4607 ταῦτα

578 4714 604 4739 ⁸
633 4711 834 4769 Quidam
888 4712 1090 4774 μεγάλας
1133 4713 1324 4773 φέρουσι
1365 4711 1446 4774 τᾲς
1486 4709 1724 4774 συμφοράς
1753 4708 1918 4774 η’Λλλ’
1965 4709 2070 4771 ούχί

517 4773 738 4821 εύτέλεια.
809 4774 835 4812 b
873 4770 1006 4822 [unis
1028 4774 1114 4820 md
1143 4770 1267 4835 ’ὁψει
1301 4773 1446 4835 πολὺν
1483 4770 1656 4828 (mea;
1713 4770 1918 4818 cMorel.
1959 4770 2068 4818 eum

517 4849 614 4884 uno
632 4836 736 4883 cod.
773 4836 1106 4899 διαφθείροντες
1129 4833 1518 4882 ἀπαλλάττονται.

1283 214 1341 268 S.
1377 211 1662 266 .OANNIS
1697 207 2184 271 CHRYSOSTOMI.
2219 210 2536 268 ARCHIEP.
2583 213 3126 270 CONSTANTINOP.
3648 214 3734 273 1⁸54

2195 329 2372 397 λέγειν
2427 329 2675 400 ἡγοῦντο,
2708 331 2809 401 ῆδη
2859 333 2925 384 ἂν
2956 335 2980 372 5
3012 334 3106 386 καὶ
3137 330 3394 403 ὀνομαστὶ
3434 345 3738 398 παρηγαγον

2194 413 2409 475 αὐτούς.
2462 411 2598 464 Ἀλλ’
2633 413 2739 465 εἰσί
2770 430 2934 477 τινες,
2972 417 3022 467 οἳ
3073 418 3166 468 καὶ
3204 415 3524 484 ὑγιαίνουσι,
3565 418 3740 484 φησίν.

2209 494 2425 565 Ἐπειδὴ
2463 495 2537 565 μὴ
2570 495 2728 565 μόνον
2774 500 2952 566 τρυφῇ
2987 499 3430 567 προσανέχουσιν,
3469 496 3602 549 ἀλλὰ
3656 501 3749 551 καὶ

2195 579 2394 640 πόνοις.
2437 578 2586 630 Ἐπεὶ
2620 578 2708 641 δός
2746 595 2835 646 μοι
2881 578 3167 644 ἄνθρωπον
3223 579 3511 642 διαπαντὸς
3547 581 3749 634 πιαινό-

2197 678 2391 728 μενον,
2453 661 2814 732 άνενέργητον
2867 662 3115 730 κείμενον
3142 703 3155 722 ,
3224 663 3386 734 μηδὲν
3441 661 3745 724 πονοῦντα.

2197 744 2322 797 ἰδεῖν
2361 745 2688 812 ὑγιαίνοντα.
2726 745 2860 798 Ἀλλ’
2899 746 2998 797 οὑκ
3022 744 3086 798 ἂν
3121 745 3318 817 εὕροις.
3365 748 3480 799 Κᾶν
3515 747 3623 819 γὰρ
3653 766 3751 818 μυσ

2195 826 2324 895 ρίων
2365 827 2562 897 ἰατρῶν
2587 827 2786 897 πλῆθος
2819 829 3064 898 συνέλθῃ,
3095 828 3290 893 ἐξελεῖν
3345 830 3504 882 αὑτὸν
3557 833 3616 883 ού
3675 832 3751 902 μὴ

2191 907 2390 979 δυνηθῇ
2435 909 2542 960 τῶν
2595 910 2933 979 νοσημάτων,
2986 911 3246 979 διηνεκῶς
3295 911 3752 983 γαστριζόμενον·

2191 992 2307 1044 οὐδὲ
2331 993 2438 1062 γὰρ
2470 993 2579 1061 ἔχει
2602 995 2663 1044 τὸ
2685 995 2915 1062 πρᾶγμα
2943 993 3121 1062 φύσιν.
3153 993 3293 1060 Ἐγὼ
3313 994 3367 1046 δὲ
3397 997 3489 1047 καὶ
3511 997 3755 1066 ἰατρικὸν

2191 1074 2320 1142 ὑμῖν
2346 1074 2452 1143 ἐρῶ
2481 1076 2654 1142 λόγον’
2685 1076 2806 1128 Τῶν
2837 1078 2915 1139 εἰς
2951 1075 3047 1146 τὴν
3077 1077 3315 1145 γαστέρα
3349 1076 3752 1148 καταϐαλλομέ-

2189 1176 2315 1219 νων,
2340 1160 2400 1211 ού
2430 1159 2489 1210 τὸ
2516 1162 2620 1211 πᾶν
2648 1160 2856 1225 γίνεται
2883 1161 3053 1228 τροφή
3071 1175 3085 1188 ο
3121 1160 3242 1211 ἐπεὶ
3279 1162 3409 1229 μηδὲ
3440 1163 3496 1211 ἐν
3523 1163 3656 1230 αὐτῇ
3686 1166 3753 1232 τῇ

2187 1240 2287 1309 τῆς
2332 1241 2535 1311 τροφῆς
2565 1239 2723 1308 φύσει
2771 1241 2832 1293 τὸ
2887 1242 2996 1295 πᾶν
3029 1245 3142 1294 ἐστι
3190 1241 3472 1312 τρόφιμον,
3505 1243 3756 1296 ἀλλ’ἕστι

2186 1322 2248 1374 τὸ
2296 1322 2392 1391 μὲν
2429 1323 2599 1391 αὑτῆς
2621 1326 2701 1384 εἰς
2728 1323 3052 1395 διαχώρησιν
3091 1325 3463 1396 μεριζόμενον,
3505 1327 3562 1379 τὸ
3591 1327 3646 1379 δὲ
3676 1331 3757 1391 εἰς

2187 1405 2408 1473 τροφήν.
2443 1405 2537 1458 ’Ἂν
2571 1405 2668 1474 μὲν
2699 1402 2791 1458 οὖν
2822 1405 3106 1477 σύμμετρα
3133 1406 3256 1469 δοὺς
3284 1407 3463 1460 τέλεον
3486 1426 3758 1479 κατεργα-

2190 1486 2312 1556 σθῇ,
2347 1483 2503 1538 τοῦτο
2532 1488 2759 1554 γίνεται,
2796 1489 2888 1542 καὶ
2937 1489 3033 1558 τὴν
3081 1488 3284 1542 οἰκείαν
3337 1490 3494 1543 ἔλαϐε
3549 1490 3755 1561 χώραν,

2191 1570 2284 1621 καὶ
2329 1569 2390 1622 τὸ
2420 1570 2516 1638 μὲν
2549 1571 2697 1639 ὑγιὲς
2748 1572 2837 1624 καὶ
2874 1572 3104 1642 χρηστὸν
3162 1574 3240 1634 εἰς
3289 1573 3376 1625 τὸν
3417 1575 3610 1626 οἰκεῖον
3661 1576 3759 1627 άν-

2190 1651 2391 1722 έδραμε
2421 1653 2602 1717 τόπον,
2625 1653 2686 1706 τὸ
2716 1654 2773 1707 δὲ
2806 1654 3056 1723 περιττὸν
3078 1653 3170 1706 καὶ
3198 1654 3466 1724 ἄχρηστον
3487 1655 3758 1724 ὑπεξῆλθε

2190 1734 2282 1786 καὶ
2301 1733 2450 1805 [155]
2472 1734 2803 1806 ἐξεχώρησεν
2827 1752 2842 1766 ’
2873 1737 2938 1790 ἂν
2959 1736 3016 1788 δὲ
3045 1735 3270 1802 πλῆθος,
3290 1737 3516 1789 κα“ιόσον
3541 1748 3565 1775 θ
3587 1737 3757 1790 αὑτοῦ

2187 1816 2470 1885 τρόφιμον,
2501 1819 2594 1870 καὶ
2620 1817 2778 1870 τοῦτο
2800 1817 3006 1886 γίνεται
3032 1817 3311 1888 βλαϐερόν.
3357 1819 3442 1880 Ὠς
3487 1819 3580 1870 ἐπὶ
3624 1821 3760 1872 ὑπο-

2187 1898 2477 1967 δείγματος
2511 1899 2568 1951 δέ
2596 1899 2832 1953 τοιοῦτον
2865 1901 2996 1971 ἐρῶ,
3037 1903 3124 1954 ἵνα
3154 1902 3502 1972 σαφέστερον,
3533 1900 3562 1954 ὃ
3589 1901 3763 1970 λέγω,

2190 1980 2316 2049 ὑμῖν
2345 1981 2585 2051 γένηταιο
2619 1980 2725 2034 Τοῦ
2749 1981 2897 2036 σίτου
2926 1983 2988 2036 τὸ
3019 1984 3116 2053 μέν
3140 1985 3254 2036 ἐστι
3297 1983 3591 2052 σεμίδαλις,
3612 1984 3676 2036 τὸ
3698 1985 3762 2037 δὲ

2187 2062 2434 2134 ἄλευρον,
2455 2063 2517 2116 τὸ
2540 2064 2598 2117 δέ
2619 2065 2864 2134 πίτυρον.
2896 2067 2992 2118 Ἂν
3024 2065 3123 2134 μὲν
3148 2061 3242 2118 οῦν
3271 2067 3304 2134 ἡ
3334 2065 3475 2136 μύλη
3505 2064 3662 2138 λάϐῃ,
3721 2067 3762 2121 ἃ

2189 2143 2408 2198 δύναται
2452 2146 2618 2208 ἀλεῖν,
2661 2148 2920 2216 ἀπέκρινε
2961 2146 3130 2200 ταῦτα
3159 2149 3334 2202 πάντα
3355 2165 3368 2180 ⁸
3407 2148 3473 2202 ἂν
3508 2149 3563 2202 δὲ
3592 2150 3762 2203 πλέον

2190 2227 2470 2299 ἐπιϐάλῃς,
2497 2231 2672 2284 πάντα
2703 2232 3046 2299 συγκέχυται.
3081 2231 3247 2283 Πάλιν
3296 2235 3324 2284 ὁ
3362 2228 3502 2294 οἶνος
3541 2233 3606 2286 ἂν
3654 2234 3762 2304 τῆς

2189 2313 2572 2384 προσηκούσης
2609 2316 2970 2387 κατεργασίας
3000 2313 3155 2387 τύχῃ.
3207 2318 3299 2368 καὶ
3321 2317 3419 2386 τῆς
3458 2317 3564 2370 τῶν
3595 2317 3762 2388 ὡρῶν

2188 2397 2453 2464 κράσεως,
2486 2398 2750 2468 πρότερον
2779 2399 2876 2468 μὲν
2903 2399 3079 2450 πάντα
3112 2399 3245 2467 ὁμοῦ
3275 2400 3500 2466 γίνεται.
3531 2404 3666 2470 μετὰ
3699 2403 3761 2456 δὲ

2187 2480 2356 2534 ταῦτα
2404 2483 2464 2534 τὸ
2521 2483 2618 2551 μὲν
2677 2483 2841 2534 αὐτοῦ
2873 2484 2950 2542 εἰς
2987 2481 3160 2552 τρύγα
3191 2482 3454 2550 ὑφιζάνει.
3486 2487 3545 2536 τὸ
3588 2485 3642 2537 δὲ
3671 2487 3762 2549 εἰς

2187 2563 2358 2632 ἀφρὸν
2381 2565 2683 2634 ἀνατρέχει,
2715 2565 2774 2616 τὸ
2795 2565 2850 2616 δὲ
2871 2565 3016 2632 μένει
3034 2565 3322 2628 ἀπόλαυσις
3353 2567 3460 2619 τῶν
3499 2569 3762 2637 μετεχόν-

2187 2645 2358 2708 τωνι,
2391 2646 2481 2698 καὶ
2499 2645 2655 2698 τοῦτό
2676 2646 2792 2699 ἐστι
2849 2647 2911 2698 τὸ
2961 2648 3212 2717 χρηστὸν,
3243 2650 3336 2700 καὶ
3385 2651 3482 2702 ούκ
3529 2649 3594 2703 ἄν
3624 2668 3760 2704 ποτε

2192 2727 2394 2795 ταχέως
2416 2727 2572 2781 τοῦτο
2608 2728 2840 2799 τραπείη
2864 2746 2876 2758 ·
2913 2731 3175 2802 πρότερον
3190 2731 3247 2796 δὲ
3270 2729 3391 2782 οῦτε
3413 2727 3550 2794 οἶνός
3583 2733 3758 2794 ἐστιν,

2189 2810 2309 2861 οὔτε
2328 2810 2484 2880 τρὺξ,
2512 2812 2724 2864 πάντων
2761 2811 3075 2881 μιχθέντων.
3107 2812 3274 2865 Τοῦτο
3291 2815 3382 2867 καὶ
3405 2815 3497 2867 ἐπὶ
3528 2815 3625 2884 τῆς
3659 2817 3760 2871 θα-

2195 2891 2390 2962 λάττης
2421 2895 2518 2946 ῐδοι
2548 2912 2631 2956 τις
2651 2894 2736 2956 ἂν,
2767 2897 2894 2948 ὅταν
2922 2895 3192 2966 ὑπερϐολὴ
3221 2897 3482 2966 χειμῶνος
3505 2898 3756 2968 γένηται.

2192 2975 2458 3046 Καθάπερ
2486 2973 2577 3030 οὖν
2599 2977 2716 3030 τότε
2742 2980 2864 3041 τοὺς
2904 2979 3088 3048 ἰχθύας
3113 2980 3327 3050 ὁρῶμεν
3369 2984 3589 3052 νεκροὺς
3627 2983 3758 3036 ἐπι-

2191 3057 2447 3122 πλέοντας
2488 3062 2612 3122 τοὺς
2634 3060 2738 3112 ὑπὸ
2767 3061 2860 3113 τοῦ
2885 3061 3087 3130 ψύχους
3124 3065 3202 3125 εἰς
3249 3063 3337 3117 τὸν
3402 3064 3560 3133 βυθὸν
3596 3064 3754 3119 δῦναι

2193 3143 2267 3212 μὴ
2297 3142 2620 3212 δυνηθέντας
2642 3160 2655 3173 ·
2688 3143 2828 3197 οὕτω
2859 3145 2923 3215 δὴ
2941 3147 3034 3198 καὶ
3059 3148 3141 3214 ἐφ’
3167 3148 3322 3218 ἡμῶν
3348 3149 3759 3216 γίνεται.Ὃταν

2189 3225 2296 3294 γὰρ
2330 3227 2494 3289 πολὺς
2516 3226 2720 3280 ἄνωθεν
2750 3229 3048 3301 ἐπιρρεύσῃ
3072 3230 3170 3293 τῆς
3201 3230 3531 3302 λαιμαργιας
3573 3236 3601 3286 ὀ
3661 3236 3759 3287 ὑε-

2187 3309 2297 3371 τὸς,
2329 3310 2501 3362 πάντα
2532 3311 2878 3380 ἀνακινήσας,
2917 3315 3140 3382 νεκροὺς
3162 3315 3436 3368 ἐπιπλέειν
3458 3319 3602 3368 ποιεῖ
3624 3319 3758 3382 τοὺς

2186 3388 2478 3458 λογισμοὺς
2511 3393 2636 3453 τοὺς
2659 3394 2793 3456 τέως
2828 3394 3186 3459 ὑγιαίνοντας,
3219 3396 3312 3449 καὶ
3351 3398 3402 3448 ἐι
3439 3398 3568 3467 ἡμῖν
3615 3401 3757 3468 ἡρε-

2189 3472 2442 3541 μοῦντας.
2477 3475 2628 3527 Ἐπεὶ
2653 3468 2746 3528 οὖν
2776 3478 2838 3528 ἐκ
2866 3476 3131 3529 τοσούτων
3173 3478 3580 3549 ὑποδειγμάτων
3616 3484 3759 3552 ἡμῖν

2186 3557 2556 3610 ἀποδέδεικται
2587 3558 2821 3629 πολλὴὴ
2874 3559 3063 3630 βλάϐη,
3119 3561 3454 3632 παυσώμεθα
3509 3567 3754 3636 μακαρί-

2186 3638 2369 3704 ζοντες
2388 3640 2627 3704 τούτους,
2657 3641 2742 3711 ἐφ’
2763 3637 2843 3706 οἷς
2865 3644 3166 3709 ταλανίζειν
3191 3647 3376 3718 ἐχρῆν,
3425 3647 3757 3719 δακρύοντες

2185 3722 2239 3775 δὲ
2283 3724 2496 3788 αὐτοὺς,
2524 3725 2606 3793 ἐφ’
2640 3720 2722 3788 οἷς
2752 3727 3073 3797 μακαρίζειν
3102 3727 3229 3792 ἔδει,
3271 3730 3366 3782 καὶ
3412 3731 3509 3800 τὴν
3543 3732 3725 3805 αὐτάρ
3745 3767 3756 3776 ο

2184 3821 2335 3858 κειαν
2359 3805 2679 3877 ἀγαπῶμεν.
2714 3808 2786 3860 Ἢ
2816 3809 2914 3861 οὑκ
2934 3809 3156 3863 ἀκούετε
3183 3811 3276 3865 καὶ
3307 3811 3507 3883 ἰατρῶν
3555 3814 3755 3885 λεγόν-

2183 3903 2313 3951 των,
2345 3888 2425 3940 ὃτι
2456 3888 2632 3941 ἔνδεια
2659 3890 2842 3961 μήτηρ
2876 3891 3059 3958 ὑγείας
3084 3909 3098 3958 ;
3139 3893 3276 3962 Ἐγὼ
3301 3894 3356 3948 δὲ
3380 3897 3499 3968 ούχί.
3517 3898 3613 3968 τῆς
3637 3916 3750 3953 σω-

2186 3972 2422 4042 ματικῆς
2449 3972 2638 4039 ὑγείας
2664 3973 2873 4042 μητέρα
2895 3973 2991 4042 τὴν
3028 3975 3232 4028 ἔνδειαν
3270 3973 3427 4043 εἶναι,
3475 3980 3608 4033 ἀλλὰ
3651 3983 3750 4036 καὶ

2186 4054 2283 4124 τῆς
2319 4053 2554 4124 ψυχικῆς
2593 4055 2755 4123 λέγω.
2787 4056 2970 4111 Ταῦτα
3019 4060 3110 4111 καὶ
3153 4059 3363 4126 Παῦλος
3409 4062 3504 4134 βοᾷ
3527 4066 3554 4118 ό
3576 4065 3752 4131 ὅντως

2191 4136 2389 4206 ἰατρὸς,
2427 4138 2724 4206 Ἔχοντες,
2753 4139 2945 4208 λέγων,
2987 4139 3306 4211 διατροφὰς
3357 4147 3452 4198 καὶ
3522 4150 3752 4203 σκεπά-

2186 4236 2402 4287 σματα,
2435 4221 2665 4287 τούτοις
2697 4223 3206 4292 ἀρκεσθησόμεθα.
3268 4226 3584 4296 Πειθὼμεθα
3635 4232 3749 4284 τοί-

2186 4318 2282 4355 νυν
2327 4302 2493 4373 αύτῷ,
2523 4303 2608 4356 ἵνα
2631 4304 2960 4368 ὑγιαίνοντες
2995 4306 3336 4377 πράττωμεν,
3381 4310 3415 4363 ἃ
3443 4311 3522 4363 δεῖ
3553 4316 3745 4378 ποιεῖν,

2186 4385 2246 4437 ἐν
2301 4385 2518 4454 Χριστῷ
2573 4386 2744 4456 Ἰησοῦ
2791 4387 2868 4458 τῷ
2918 4389 3104 4460 Κυρίῳ
3149 4391 3338 4460 ⁴ἡμῶν,
3390 4395 3508 4462 μεθ’
3559 4389 3620 4448 οῦ
3665 4398 3749 4466 τῷ

2187 4469 2362 4552 Πατρὶ
2391 4470 2506 4538 ἅμα
2540 4470 2618 4540 τῷ
2643 4472 2780 4539 ἁγίῳ
2804 4471 3076 4542 Πνεύματι
3102 4513 3117 4534 ,
3147 4473 3292 4540 δόξα,
3342 4477 3558 4547 κράτος,
3587 4481 3746 4552 τιμὴ,

2182 4551 2278 4606 νῦν
2305 4553 2398 4605 καὶ
2421 4553 2528 4617 ἀεὶ,
2558 4555 2650 4606 καὶ
2680 4556 2758 4615 εἰς
2782 4555 2906 4617 τοὺς
2941 4553 3137 4617 αἰῶνας
3154 4557 3261 4608 τῶν
3289 4559 3516 4614 αἰώνων.
3548 4562 3743 4632 Ἀμήν.

2241 4644 2268 4684 ἀ
2311 4645 2408 4696 Alii
2429 4649 2508 4695 καὶ
2531 4648 2814 4716 ῥνειδιστικα
2840 4650 3026 4712 ῥήματα
3051 4650 3273 4716 ἡγοῦντο,
3294 4655 3384 4710 ἠδη
3407 4654 3480 4702 ἄν,
3576 4667 3600 4693 e
3627 4658 3746 4716 Qui-

2177 4709 2291 4775 gem
2334 4722 2447 4775 τηεσε
2470 4711 2550 4756 καί
2590 4709 3036 4775 παρεχώρησεν-αν
3073 4709 3122 4760 δὲ
3155 4709 3326 4770 πλῆθος
3365 4709 3742 4775 ἐγγένηταιδκαὶ

2175 4772 2303 4838 ὅσον.
2378 4768 2395 4807 ί
2432 4768 2738 4832 Ἀνατρὲχειῖ
2769 4768 2824 4819 τὸ
2843 4772 2894 4819 δὲ
2923 4773 2987 4827 εἰς
3017 4768 3277 4822 ἀπόλαυσιν
3315 4768 3408 4824 τῶν
3427 4768 3743 4839 μετεχόντων,

2173 4845 2244 4879 διο
2267 4843 2406 4878 unus.

549 4931 3721 4959 W

1950 4990 2192 5046 ΟΜΙΛΙΑ
2232 4987 2328 5041 lZ'.

523 5055 737 5109 Τοῦτον
779 5057 882 5109 τὸν
931 5056 1209 5122 Μωίπσῆν,
1245 5059 1316 5109 ὃν
1365 5058 1726 5125 ἠρνήσαντο,
1791 5060 2075 5124 simia-78¢},

591 5128 698 5195 Τίς
738 5143 811 5178 σε
854 5127 1223 5189 κατέστησε-ν
1252 5130 1509 5195 ἄρχοντα
1541 5130 1635 5180 κιιί
1661 5129 1960 5194 δικαστὴν
1986 5130 2078 5195 ἐρ’

585 5192 760 5262 ’ἡμᾶς
780 5195 990 5247 τοῦτον
1013 5199 1043 5247 ό
1068 5197 1203 5266 Θεὸς
1231 5192 1492 5266 ἀρχηγὸν
1515 5201 1607 5250 καὶ
1631 5192 1941 5266 ,λυτρωτὴν
1968 5192 2079 5252 ἀάτ-

583 5266 816 5317 ἐστειλε
839 5267 960 5316 σὺν
983 5265 1131 5333 χειρί
1176 5265 1431 5335 ἀγγέλου
1462 5270 1566 5323 τοῦ
1594 5265 1878 5337 ὀφθέντος
1904 5270 2062 5334 αὐτῷ

582 5334 654 5387 ἐν
682 5333 755 5395 τῇ
783 5335 963 5395 βάτῳ.

682 5351 753 5401 tu
783 5351 963 5399 ρατφυ

582 5423 651 5470 α’.
687 5416 896 5485 Σφόδρα
921 5416 1074 5469 τοῦτο
1099 5419 1424 5488 κατάλληλον
1441 5421 1570 5491 πρὸς
1599 5421 1695 5490 τὴν
1717 5421 2085 5491 προκειμένην.

514 5497 785 5551 ὑπόθεσιν.
839 5497 1060 5553 Τοῦτον
1102 5503 1208 5554 τὸν
1270 5503 1566 5570 Μωῦσῆν,
1626 5505 1776 5574 φησί.
1839 5504 2074 5568 Τοῦτον,

511 5581 680 5645 ποῖον;
712 5579 814 5634 Τὸν
837 5582 1258 5637 κινδυνεύσαντα
1287 5586 1604 5646 ἀπολέσθαι,
1631 5588 1718 5638 τὸν
1743 5589 1830 5639 ὑπ’
1855 5589 2029 5641 αὐτῶν
2050 5594 2075 5632 ε

572 5731 598 5801 ξ
647 5731 736 5801 ῌίο
779 5746 902 5801 imus
921 5735 978 5784 ad
1001 5747 1174 5801 novem
1207 5737 1441 5801 deconn'e
1472 5751 1640 5788 versus
1670 5740 1866 5790 omnino
1902 5743 2070 5801 variat,

507 5795 596 5846 sed
624 5792 732 5843 siue
745 5797 845 5843 ullo
867 5810 1042 5846 sensus
1074 5800 1373 5850 discrimine.

2183 5057 2621 5128 ἐξουθενηθέντα,
2649 5059 2707 5112 ὃν
2731 5062 3035 5132 ἠρνήσαντο
3062 5065 3325 5129 εἰπόντες·
3358 5069 3449 5131 Τίς
3487 5086 3559 5121 σε
3611 5090 3744 5127 κητ-

2180 5142 2442 5206 ἐστησεν
2469 5141 2762 5207 ἀρχοντα;
2794 5145 3042 5212 καθάπερ
3072 5148 3166 5199 καὶ
3190 5149 3268 5218 τῷ
3295 5151 3509 5219 Χριστῷ
3535 5154 3739 5221 ἔλεγονο

2176 5226 2294 5276 Οὐκ
2329 5225 2545 5292 ἔχομεν
2565 5227 2846 5288 βασιλέα,
2875 5230 2927 5280 εὶ
2974 5229 3058 5297 μὴ
3098 5234 3386 5299 Καίσαρα.
3441 5236 3658 5290 Τοῦτον
3709 5245 3744 5294 ό

2184 5306 2326 5371 Θεὸς
2353 5308 2618 5374 ἀρχηγὸν
2638 5308 2734 5360 καί
2762 5311 3068 5378 λυτρωτὴν
3088 5313 3404 5369 ἀπέστειλε
3444 5318 3566 5371 σὺν
3592 5325 3741 5389 χειρὶ

2180 5390 2436 5458 ἀγγέλου
2463 5390 2555 5442 τοῦ
2587 5389 2828 5453 εἰπόντος
2853 5391 3031 5460 αὐτῷ·
3077 5395 3214 5460 Ἐγώ
3242 5399 3357 5466 εἰμι
3389 5403 3422 5453 ό
3463 5401 3604 5466 Θεὸς
3652 5405 3746 5456 Ἀ-

2181 5473 2388 5541 ϐραὰμ.
2421 5474 2679 5556 Ἐνταῦθα
2717 5476 2808 5527 καί
2834 5476 2901 5528 τὰ
2917 5478 3178 5548 γενόμενα
3205 5479 3474 5552 θαύματα,
3498 5486 3584 5539 διὰ
3611 5488 3745 5556 Χρι-

2181 5556 2305 5609 στοῦ
2335 5557 2599 5609 δείκνυσιν
2631 5555 2779 5630 [156]
2805 5559 3146 5628 γεγενῆσθαι.
3169 5559 3376 5630 Οὗτος,
3401 5555 3694 5633 τουτέστιν,
3717 5575 3745 5624 ὁ

2176 5639 2414 5723 Μωῦσῆς
2443 5641 2557 5708 (καὶ
2607 5641 2728 5711 ὅρα,
2781 5642 2905 5705 πῶς,
2942 5642 3208 5698 δείκνυσιν
3241 5647 3402 5701 αὑτὸν
3454 5649 3743 5723 λαμπρὸν),

2175 5720 2468 5790 ἐξήγαγεν
2493 5724 2714 5788 αὐτοὺς
2740 5725 2998 5792 ποιήσας
3025 5729 3236 5796 τέρατα
3288 5731 3385 5785 καὶ
3437 5720 3652 5801 σημεῖα
3676 5720 3746 5788 ἐν

2173 5802 2250 5872 γῇ
2279 5806 2570 5874 Αἰγύπτῳ,
2603 5809 2698 5861 καὶ
2722 5808 2792 5861 ἐν
2832 5807 3076 5878 Ἐρυθρᾷ
3106 5813 3407 5884 θαλάσσῃ,
3431 5818 3525 5870 καί
3555 5818 3622 5871 ἐν
3670 5818 3747 5889 τῇ
