3978 6488
225 283 326 340 153

220 410 446 462 norem,
478 407 534 451 et
562 413 665 450 non
699 400 1005 455 ltcttut‘alltt‘.
1053 402 1167 459 Non
1212 407 1460 463 similiter
1501 420 1677 465 autem
1724 412 1793 466 de

222 486 423 542 honore
450 491 646 558 gaudet
674 492 764 560 qui
795 496 982 561 quaerit
1008 510 1127 549 eum
1150 537 1166 562 ,
1212 508 1262 550 et
1299 500 1389 567 qui
1430 516 1534 554 non
1583 503 1790 572 ψιςιξΐίι.

221 576 311 634 llic
338 590 829 654 quantumcumque
856 588 1160 656 acceperit,
1197 590 1327 644 nihil
1356 606 1416 646 se
1445 603 1592 662 putat
1639 610 1794 650 accc-

216 671 352 739 pisse
377 691 392 724 :
421 673 514 728 ille
538 690 665 730 vero
694 676 737 730 si
766 678 850 732 vel
880 679 1142 734 tantillum
1186 681 1397 738 dederis
1416 726 1431 750 ,
1480 686 1551 741 ita
1595 689 1789 759 accipit

216 777 277 817 ac
298 764 342 817 si
373 773 545 821 totum
574 777 771 824 teneat.
805 770 1007 825 Rursus
1031 775 1119 839 qui
1168 774 1217 828 in
1263 776 1468 832 deliciis
1517 792 1789 850 versatur,

216 855 356 909 mille
385 860 599 927 negotia
629 859 789 915 habet
816 877 829 912 :
859 861 1069 917 etiamsi
1099 864 1276 919 faciles
1300 878 1352 922 et
1380 871 1530 939 quasi
1561 886 1624 925 ex
1676 871 1793 928 fon-

212 947 348 1002 tibus
378 950 588 1004 reditus
617 952 713 1020 ipsi
740 951 1002 1020 affluant,
1052 965 1285 1012 attamen
1330 962 1505 1026 mala,
1555 978 1674 1033 qua:
1722 981 1789 1020 ex

211 1036 417 1093 deliciis
443 1041 742 1106 accedunt,
778 1044 1061 1107 formidat.
1093 1064 1299 1103 necnon
1330 1050 1490 1106 futuri
1536 1054 1788 1111 incertam

208 1130 574 1186 conditionem
605 1148 620 1187 :
652 1133 738 1187 hic
760 1150 888 1188 vero
913 1151 1128 1207 semper
1157 1139 1208 1193 in
1238 1152 1351 1197 tuto
1379 1154 1460 1199 est
1509 1155 1563 1199 et
1598 1148 1649 1201 in
1691 1164 1788 1204 vo-

207 1217 407 1289 luptate
426 1263 443 1285 ,
471 1222 617 1290 quod
648 1225 891 1278 tenuitati
920 1228 1090 1282 vietus
1118 1231 1187 1284 sit
1214 1245 1479 1289 assuetus.
1506 1236 1621 1292 Non
1644 1240 1786 1293 enim

203 1310 270 1361 ita
292 1326 351 1364 se
382 1313 637 1366 miserum
666 1325 831 1383 putat,
865 1319 1003 1387 quod
1035 1321 1170 1374 lauta
1201 1340 1382 1379 mensa
1416 1343 1519 1383 non
1560 1330 1782 1397 fruatur,

204 1409 256 1452 ut
283 1401 603 1469 deiiciatur,
634 1404 758 1458 dum
789 1407 945 1461 futuri
980 1412 1233 1466 ineermin
1265 1418 1622 1474 conditionem
1680 1439 1784 1478 nou

202 1491 369 1544 timet.
411 1493 542 1557 Quae
568 1510 787 1549 veroex
833 1497 1039 1553 deliciis
1082 1504 1215 1555 mala
1260 1508 1537 1571 oriantur,
1583 1513 1789 1581 ignorat

201 1596 359 1634 nemo
392 1601 405 1635 :
439 1600 661 1641 necesse
689 1599 771 1641 est
796 1599 973 1645 autem
1008 1594 1130 1647 illml
1172 1596 1283 1664 jam
1333 1600 1532 1657 dicere.
1585 1605 1784 1674 Duplex

199 1682 280 1727 est
327 1674 530 1728 bellum
551 1718 565 1737 .
613 1680 854 1749 corporis
875 1722 890 1745 ,
943 1684 1156 1753 inquam
1185 1729 1198 1750 ,
1248 1700 1301 1742 et
1326 1694 1517 1746 anima:
1548 1713 1561 1748 :
1590 1696 1785 1766 duplex

202 1762 406 1827 hiems,
442 1765 686 1836 duplices
732 1772 900 1826 morbi
938 1791 1155 1846 :neque
1202 1780 1251 1833 id
1302 1792 1539 1852 tantum,
1729 1800 1784 1845 et

200 1854 526 1912 insanabiles
545 1900 560 1923 ,
589 1861 679 1928 qui
711 1878 928 1932 magnas
955 1867 1178 1923 aﬂ'eraut
1203 1873 1559 1932 calamitates.
1588 1881 1653 1933 At
1677 1897 1780 1936 non

199 1947 316 2000 talis
342 1960 429 2002 est
454 1948 764 2020 frugalitas;
794 1956 886 2009 sed
917 1957 1113 2027 duplex
1143 1973 1225 2015 cst
1267 1968 1497 2029 sanitas,
1548 1970 1780 2040 duplicia

197 2038 356 2095 bona.
387 2040 616 2098 Somnus
642 2049 895 2113 sanitatis,
928 2050 1186 2120 iuquit,in
1218 2068 1399 2113 ventre
1420 2079 1571 2128 parco
1592 2062 1778 2133 (Eccli.

198 2130 283 2183 5|.
315 2131 390 2185 24
411 2135 453 2200 ).
487 2131 692 2205 Ubique
722 2139 864 2191 enim
896 2142 1237 2201 mediocritas
1259 2130 1631 2207 desiderabilis
1659 2166 1741 2210 est
1763 2198 1780 2221 ,

195 2223 334 2292 quod
386 2240 517 2281 vero
563 2229 779 2283 modmn
821 2248 926 2287 non
971 2247 1189 2301 servat,
1234 2240 1599 2309 injueuudum.
1651 2246 1783 2303 Vide

196 2316 338 2369 enim
367 2334 383 2369 :
417 2318 664 2373 scintillae
700 2336 875 2390 parvm
906 2341 1147 2395 magnam
1178 2330 1438 2399 lignorum
1474 2338 1779 2405 congeriem

196 2408 452 2477 impone,
485 2422 671 2466 etnon
700 2414 834 2469 ultra
884 2416 1060 2487 ignem
1104 2423 1505 2492 splendentem,
1554 2431 1648 2484 sed
1695 2433 1781 2488 fu-

196 2514 336 2551 nium
367 2500 579 2556 videbis
608 2504 760 2559 Valde
787 2507 1084 2565 insuavem.

258 2592 478 2649 Deficiat:
496 2613 625 2651 onus
645 2610 762 2653 sunt
780 2602 1187 2660 animm—Viro
1215 2608 1332 2663 forti
1359 2621 1412 2666 et
1433 2628 1626 2683 magno
1645 2632 1781 2675 onus

198 2687 411 2755 impone
453 2688 591 2742 vires
625 2697 919 2760 Superatis,
963 2706 1017 2749 et
1048 2698 1251 2753 videbis
1290 2718 1410 2756 eum
1441 2720 1605 2761 onere
1635 2710 1780 2766 humi

196 2778 482 2844 iacentem.
512 2779 755 2850 Magnum
787 2798 922 2837 onus
945 2787 1101 2852 iniice
1126 2790 1179 2842 in
1207 2793 1378 2846 navim
1399 2836 1415 2859 ,
1444 2806 1496 2850 et
1523 2814 1683 2867 grave
1704 2800 1783 2856 fa-

199 2871 300 2924 cies
326 2870 687 2941 naufragium.
729 2875 886 2931 Tales
922 2882 1311 2938 suntdeliciai.
1354 2888 1501 2943 Sicut
1542 2894 1683 2947 enim
1725 2896 1779 2950 in

205 2966 412 3017 Itavibus
440 2980 598 3034 supra
633 2968 845 3022 moduni
877 2972 1112 3027 oneratis
1143 2992 1363 3047 magnus
1390 2992 1474 3035 est
1500 2995 1777 3042 nautarum

208 3057 467 3116 tumultus,
504 3060 863 3125 gubernatore
882 3077 967 3125 eo,
994 3065 1083 3132 qui
1130 3067 1180 3120 in
1226 3085 1379 3137 prora
1408 3075 1576 3141 sedet,
1608 3092 1670 3131 ac
1693 3095 1782 3135 ve-

214 3148 425 3200 ctoribus
451 3152 727 3215 superiora
741 3161 795 3204 et
818 3153 1069 3210 inferiora
1091 3158 1141 3211 in
1166 3176 1313 3215 mare
1343 3166 1777 3232 proﬁcientibus:

213 3239 279 3292 sic
302 3249 349 3291 et
376 3240 477 3292 hoc
505 3240 653 3304 loco,
677 3245 949 3311 superiora
981 3261 1289 3305 evomentes
1325 3264 1378 3308 et
1415 3257 1686 3325 inferiora,
1715 3278 1779 3317 ac

206 3331 391 3399 seipSos
448 3346 881 3404 corrumpeutes,
936 3353 1179 3408 pereunt.
1233 3346 1490 3415 Quodque
1539 3355 1776 3411 omnium

199 3425 554 3491 turpissimum
577 3436 689 3488 est.
719 3445 779 3482 ος
810 3434 1159 3497 posteriorum
1192 3439 1417 3506 partimn
1449 3458 1598 3497 usum
1629 3462 1779 3502 assu-

195 3515 302 3580 mit,
334 3519 500 3583 litque
534 3518 637 3570 illis
666 3519 1087 3587 ignominiosius.
1112 3526 1260 3593 Quod
1286 3530 1328 3582 si
1362 3532 1524 3587 inore
1546 3537 1613 3589 sit
1636 3548 1775 3595 tanta

191 3606 478 3673 turpitudo,
513 3610 686 3677 Cogita
718 3621 911 3679 quanta
944 3614 1012 3667 sit
1039 3616 1088 3668 in
1120 3618 1313 3673 anima.
1341 3621 1470 3676 Nam
1499 3626 1567 3678 ibi
1597 3632 1773 3685 oniuia

188 3700 374 3769 Caligo,
408 3703 589 3755 ouiuia
624 3706 869 3772 procellte
890 3748 904 3769 ,
946 3709 1122 3761 omnia
1151 3713 1417 3778 tenebrae,
1448 3718 1610 3772 multa
1644 3738 1775 3777 rou-

184 3796 319 3850 fusio
365 3798 751 3867 cogitationum
805 3802 857 3855 in
898 3806 1136 3871 angustia
1188 3812 1549 3875 vensantium,
1597 3816 1773 3871 anima

185 3886 291 3953 ipsa
312 3888 571 3941 domuum
594 3890 943 3946 exclamante.
973 3893 1104 3950 llinc
1128 3898 1222 3965 ipsi
1244 3903 1413 3954 ventri
1440 3902 1626 3970 dediti,
1652 3923 1771 3964 sese

181 3988 365 4031 mutuo
397 3979 742 4049 reﬂat-guunt,
766 3999 906 4051 argre
934 3986 1139 4052 l'cruut,
1164 3999 1368 4045 stercus
1390 3993 1653 4050 internum
1678 3999 1771 4054 de-

178 4068 337 4136 jicere
358 4071 616 4125 festinant
656 4074 901 4129 Attamen
922 4088 1194 4147 postquam
1216 4084 1571 4151 projeceruut,
1599 4104 1770 4160 neque

177 4160 253 4213 sic
295 4162 522 4229 agitatio
562 4163 811 4228 sedatur;
859 4168 951 4221 sed
992 4179 1046 4222 et
1088 4168 1263 4227 febres
1307 4174 1429 4229 hinc
1472 4188 1526 4232 et
1572 4182 1766 4239 morbi.

178 4248 387 4313 Etiam,
423 4253 630 4322 inquit,
663 4256 857 4312 infirmi
896 4271 1018 4314 sunt
1056 4272 1110 4316 et
1150 4267 1373 4334 turpiter
1398 4280 1559 4339 agunt
1598 4289 1611 4325 :
1656 4273 1768 4330 bzec

173 4340 371 4397 frustra
407 4345 563 4399 nobis
584 4357 890 4414 narrantur,
916 4350 1107 4407 frustra
1140 4356 1311 4410 morbi
1340 4373 1763 4422 enumerantur:

172 4433 421 4488 int‘irmor
448 4451 567 4505 ego,
606 4438 811 4494 laceror
838 4452 893 4495 et
925 4444 1147 4512 turpiter
1173 4463 1292 4517 ago,
1321 4452 1407 4519 qui
1445 4469 1550 4507 non
1593 4456 1764 4513 habeo

169 4526 307 4592 quod
343 4529 502 4580 edam
535 4547 547 4581 :
584 4530 680 4582 hos
709 4542 886 4586 autem
922 4534 971 4587 in
1000 4536 1205 4591 deliciis
1232 4553 1449 4609 agentes
1476 4547 1657 4604 videre
1682 4562 1765 4607 est

172 4618 305 4674 bene
336 4622 564 4675 affectos
584 4665 599 4688 ,
633 4625 887 4695 pingues,
925 4631 1232 4697 gaudentes,
1263 4638 1415 4706 equis
1443 4652 1640 4697 vectos.
1676 4645 1761 4701 Va:

167 4710 332 4763 mihi!
375 4713 629 4783 taeiymis
656 4718 797 4771 enim
830 4720 983 4787 digna
1018 4721 1128 4775 luee
1161 4725 1317 4779 verba
1348 4740 1491 4783 sunt.
1531 4734 1633 4789 Eos
1659 4752 1756 4791 au-

164 4808 272 4855 tem
302 4808 397 4873 qui
432 4807 658 4875 podagra
688 4809 960 4873 laborant,
994 4814 1141 4867 sellis
1169 4828 1434 4887 gestatas,
1475 4824 1717 4889 alligatos
1737 4870 1753 4893 ,

1209 290 1275 347 IN
1314 291 1492 348 ACTA
1530 293 2049 356 APOSTOLORUM.
2094 301 2321 362 ΗΟΜΙΙ..
2362 307 2524 365 XVII.

3370 336 3473 396 154

1899 429 2001 485 qua
2041 433 2102 471 ex
2147 433 2314 489 parte,
2353 441 2554 495 quzrso,
2588 433 2972 501 respiciamus?
3013 440 3073 492 lat
3113 442 3212 497 nisi
3252 461 3361 502 rem
3402 448 3478 502 illi

1907 515 2151 574 putarent
2178 519 2615 574 contumeliosam
2644 538 2706 575 ac
2736 527 3067 593 probrosam,
3103 533 3218 585 illos
3243 534 3349 603 jam
3382 555 3478 595 no-

1904 599 2047 655 mine
2074 617 2173 657 suo
2197 610 2622 676 compellassem.
2657 615 2761 669 Sed
2790 628 2915 672 sunt
2942 621 3154 690 quidam
3180 667 3195 689 ,
3241 628 3444 697 inquies
3464 674 3479 698 ,

1901 692 1991 759 qui
2035 692 2169 748 bene
2197 697 2372 753 valent
2394 742 2409 765 ,
2456 703 2576 770 quia
2617 721 2720 759 nou
2753 710 2926 764 solum
2957 713 3159 769 deliciis
3189 717 3315 772 dant
3351 737 3483 791 ope-

1900 798 2035 849 ram,
2076 788 2170 841 sed
2210 791 2367 844 etiam
2413 793 2670 852 laborant.
2706 799 2896 855 Verum
2938 804 3002 859 da
3042 808 3168 861 mihi
3212 810 3480 869 hominem

1900 890 2113 947 semper
2144 880 2607 953 pinguesceatem,
2640 892 2898 957 Otiosum.
2934 896 3158 953 inertem
3181 943 3195 965 ,
3227 905 3313 972 qui
3350 906 3483 963 bene

1900 967 2089 1022 valeat.
2114 969 2217 1025 Sed
2243 990 2348 1028 non
2380 976 2635 1034 invenies.
2670 983 2883 1039 Etiamsi
2909 990 3048 1042 enim
3074 992 3346 1049 innumera
3372 1014 3483 1051 ine-

1898 1055 2139 1114 dicorum
2184 1065 2333 1119 turba
2381 1069 2554 1135 adsit,
2608 1073 2751 1127 illum
2802 1082 2969 1132 ventri
3011 1096 3224 1153 semper
3265 1102 3479 1156 operam

1898 1149 2113 1206 dantem
2137 1169 2165 1207 a
2198 1158 2394 1211 morbis
2424 1176 2612 1217 eruere
2641 1181 2747 1219 non
2778 1180 3025 1237 poterunt
3072 1196 3083 1229 :
3129 1194 3301 1248 neque
3340 1185 3481 1237 enim

1899 1239 1950 1293 id
1982 1253 2166 1297 natura
2197 1248 2272 1300 rei
2308 1253 2581 1317 permittit.
2617 1255 2730 1323 Ego
2770 1276 2893 1313 vero
2924 1266 3247 1322 medicorum
3279 1272 3478 1327 dictmn

1898 1332 2048 1388 vobis
2073 1336 2315 1394 afferam.
2351 1341 2428 1396 Ex
2456 1344 2537 1405 iis,
2568 1362 2686 1415 qua:
2716 1347 2766 1403 in
2790 1363 3026 1408 ventrem
3054 1361 3349 1425 mittuntur,
3377 1383 3478 1419 nott

1897 1428 2073 1479 omnia
2106 1429 2239 1484 fiunt
2267 1434 2578 1490 alimeutttm
2617 1457 2629 1491 :
2661 1459 2780 1495 nam
2805 1446 2853 1497 in
2886 1449 2993 1515 ipsa
3023 1452 3260 1508 ciborum
3294 1472 3478 1515 natura

1897 1533 2001 1571 non
2033 1529 2196 1574 totum
2227 1526 2399 1579 alendi
2441 1533 2543 1582 vim
2578 1530 2776 1599 habet,
2820 1539 2912 1591 sed
2957 1554 3075 1608 pars
3116 1545 3166 1596 iu
3208 1561 3476 1603 secessum

1894 1615 2211 1676 secernitur,
2246 1632 2366 1686 pars
2410 1623 2460 1675 in
2490 1624 2800 1681 alimentqu
2840 1632 2999 1687 cedit.
3042 1635 3096 1689 Si
3134 1653 3262 1709 ergo
3292 1644 3474 1699 mode-

1898 1712 2010 1758 rate
2041 1706 2214 1760 cibum
2245 1725 2463 1769 sumens
2494 1722 2659 1771 totmn
2693 1722 2956 1789 perficies,
2990 1726 3191 1795 singula
3223 1733 3273 1785 in
3302 1733 3475 1790 locum

1892 1806 2048 1847 suum
2078 1808 2328 1867 pergunt,
2361 1812 2416 1856 et
2443 1807 2583 1873 quod
2626 1823 2812 1864 sanum
2852 1815 3086 1883 utileque
3106 1830 3208 1884 est,
3240 1823 3293 1876 in
3324 1839 3478 1880 suum

1891 1898 1952 1937 se
1982 1884 2151 1940 locum
2178 1890 2419 1959 confert;
2448 1897 2587 1963 quod
2619 1911 2795 1955 autem
2830 1908 3156 1974 superlluum
3179 1926 3258 1967 est
3279 1927 3331 1968 et
3356 1918 3475 1971 iuu-

1893 1974 2002 2038 tile,
2033 1982 2235 2034 secedit
2263 1994 2317 2037 et
2346 1988 2611 2055 egeritur:
2644 1994 2724 2046 sin
2770 2011 2897 2051 vero
2933 2000 3093 2056 nimia
3130 2005 3200 2059 sit
3238 2008 3477 2065 ciborum

1891 2070 2042 2137 copia
2065 2113 2080 2134 ,
2112 2075 2271 2129 etiam
2302 2077 2352 2132 id
2372 2119 2387 2144 ,
2417 2082 2556 2149 quod
2586 2085 2763 2140 alendi
2790 2090 2896 2144 vim
2924 2091 3104 2161 habet,
3134 2100 3348 2156 noxium
3371 2116 3473 2169 est,

1893 2160 2051 2231 idque
2091 2170 2483 2237 perstricuitatis
2511 2192 2668 2232 causa
2699 2186 2946 2255 exemplo
2978 2189 3266 2257 proferam.
3290 2198 3471 2254 Infru-

1892 2262 2073 2306 mento
2100 2257 2238 2311 aliud
2269 2271 2353 2315 est
2378 2264 2548 2320 simila
2572 2310 2586 2335 ,
2616 2270 2757 2325 aliud
2788 2273 2951 2330 farina
2973 2319 2988 2344 ,
3032 2280 3171 2335 aliud
3207 2284 3390 2341 furfur.
3419 2290 3473 2344 Si

1891 2358 2020 2413 ergo
2057 2348 2196 2402 mola
2227 2352 2448 2422 accipiet
2477 2372 2538 2411 ea
2561 2399 2576 2421 ,
2605 2375 2723 2429 qua:
2754 2375 2928 2431 potest
2957 2369 3178 2439 molere,
3214 2374 3324 2429 haec
3355 2394 3471 2432 om-

1891 2436 1976 2488 nia
2005 2436 2290 2505 discernit;
2328 2445 2409 2497 sin
2442 2448 2589 2515 plura
2622 2453 2899 2522 conjicias,
2932 2460 3107 2515 omnia
3136 2467 3472 2524 confundun-

1893 2532 1979 2577 tur
2030 2527 2234 2583 Rursus
2261 2532 2463 2599 vinum,
2494 2539 2537 2591 si
2569 2555 2946 2612 congruentem
2984 2555 3206 2623 accipiat
3231 2572 3470 2628 operam,

1888 2616 1933 2669 si
1972 2630 2070 2670 suo
2107 2629 2348 2689 tempore
2384 2630 2714 2693 conficiatur,
2760 2637 2930 2705 primo
2959 2643 3137 2698 omnia
3178 2647 3331 2704 simul
3368 2654 3468 2706 tui-

1889 2717 2124 2773 sceutur,
2160 2723 2338 2779 postea
2384 2734 2509 2771 vero
2551 2722 2692 2777 aliud
2739 2727 2789 2779 iu
2836 2729 3018 2785 ficeeiu
3050 2736 3192 2804 abit,
3237 2741 3377 2796 aliud
3419 2746 3469 2799 in

1888 2812 2163 2868 Spumant,
2212 2807 2354 2861 aliud
2400 2822 2577 2867 manet
2605 2815 2671 2867 ad
2713 2832 2865 2874 usum
2910 2822 3194 2882 fruentium
3230 2849 3241 2884 :
3274 2843 3328 2888 et
3357 2836 3471 2891 ha-c

1886 2890 2025 2946 hooa
2057 2910 2177 2962 pars
2204 2907 2319 2964 est,
2354 2915 2452 2956 nec
2483 2903 2632 2961 facile
2672 2919 2923 2967 munitur.
2966 2914 3095 2970 Nam
3137 2929 3260 2976 aute
3299 2940 3472 2996 neque

1887 2985 2065 3037 vinum
2098 3002 2269 3057 neque
2299 2993 2394 3046 farx
2422 3004 2535 3055 est,
2566 3014 2685 3052 eum
2716 3003 2920 3059 scilicet
2950 3011 3123 3063 omnia
3158 3014 3467 3074 miscentur.

1888 3071 2002 3127 Hoc
2024 3074 2081 3128 in
2109 3081 2238 3131 mari
2270 3097 2479 3151 quoque
2504 3087 2688 3144 videre
2712 3103 2793 3145 est
2822 3094 2872 3147 in
2903 3112 3089 3168 magna
3135 3114 3467 3174 tempestate.

1887 3164 1956 3221 Ut
1983 3183 2113 3240 ergo
2144 3182 2266 3225 tunc
2297 3175 2465 3241 pisces
2504 3179 2744 3237 videmus
2788 3196 3027 3246 mortuos
3065 3199 3466 3269 superﬂuitare,

1884 3260 1973 3326 qui
2005 3276 2112 3329 pra:
2138 3261 2333 3333 [ﬁgure
2362 3285 2463 3322 non
2492 3286 2709 3339 possunt
2745 3278 2794 3330 iu
2828 3279 3042 3339 fumium
3075 3260 3310 3362 tletnet‘gi
3341 3312 3356 3347 :
3398 3260 3466 3352 ita

1882 3361 1939 3405 et
1968 3355 2119 3409 nobis
2147 3360 2356 3413 accidit.
2387 3362 2609 3431 Quando
2640 3372 2780 3425 enim
2812 3390 3040 3444 superne
3063 3355 3468 3458 ingensingruit

1883 3447 2186 3502 voracitatis
2234 3451 2423 3517 imber,
2475 3461 2652 3514 omnia
2706 3478 3070 3537 commovens,
3120 3479 3467 3546 cogitationes

1880 3546 2034 3591 antea
2062 3554 2240 3607 sanas,
2270 3553 2319 3596 et
2350 3546 2576 3615 quietas,
2605 3565 2700 3605 ceu
2732 3566 2966 3614 mortuas
2992 3576 3340 3631 supernatare
3366 3587 3460 3625 co-

1878 3631 1973 3699 git.
2005 3631 2137 3685 Cum
2170 3635 2329 3704 igitur
2348 3654 2411 3692 ex
2441 3639 2740 3710 hujnsmodi
2764 3653 3020 3721 exemplis
3043 3656 3463 3719 demonstratum

1881 3724 2032 3777 nobis
2063 3724 2220 3779 fuerit
2259 3741 2514 3797 quantum
2559 3736 2628 3788 sit
2664 3737 2938 3809 tlutltllum,
2969 3758 3241 3804 cessemus
3281 3753 3463 3809 beatas

1879 3813 2055 3869 dicere
2080 3817 2219 3883 illos,
2238 3835 2371 3888 quos
2393 3822 2617 3878 miseros
2635 3828 2923 3895 prtrdiCare
2945 3847 3235 3903 op0rteret,
3263 3860 3461 3912 nosqu

1878 3905 2158 3972 deplorare
2186 3924 2252 3963 ex
2283 3910 2367 3975 iis,
2400 3914 2470 3966 ob
2499 3931 2616 3984 qua:
2644 3920 2825 3975 beatos
2853 3922 3033 3979 dicere
3072 3941 3343 3997 oporteret
3363 3977 3375 3995 ,
3407 3946 3460 3990 rt

1877 3993 2230 4064 frugalitatem
2279 4002 2582 4073 diligatnus.
2630 4012 2819 4067 Annon
2865 4017 3062 4073 auditis
3109 3993 3341 4079 medicos
3379 4030 3445 4081 di-

1875 4096 2086 4149 centes,
2118 4087 2404 4160 ludigentia
2433 4105 2515 4149 est
2545 4109 2713 4154 mater
2741 4104 3020 4161 sanitatis?
3048 4111 3156 4181 Ego
3197 4131 3322 4171 \eio
3351 4137 3454 4174 non

1874 4180 2168 4248 corporalis
2205 4183 2364 4237 modo
2401 4188 2645 4244 sanitatis
2688 4192 3027 4265 indigentiam
3069 4180 3292 4260 matrem
3338 4228 3456 4265 esse

1874 4271 2014 4338 dico,
2048 4274 2140 4329 sed
2169 4278 2328 4331 etiam
2360 4281 2669 4349 spiritualis.
2706 4286 2815 4342 lloe
2855 4300 2908 4343 et
2939 4292 3129 4348 Paulus
3158 4314 3315 4353 verus
3346 4320 3454 4358 tne-

1872 4365 2023 4420 dicus
2043 4368 2255 4433 clamat,
2281 4371 2463 4427 dicens
2495 4392 2507 4428 :
2537 4374 2791 4434 [labentes
2810 4383 3051 4440 alimenta
3079 4402 3125 4442 et
3150 4402 3451 4462 tegumenta.

1872 4459 1951 4511 Itis
1977 4462 2193 4514 contenti
2219 4464 2373 4518 simus
2406 4467 2489 4534 (1.
2522 4467 2651 4521 Tim.
2675 4471 2725 4525 6.
2752 4473 2836 4543 8).
2861 4459 3300 4548 Obzempercmus
3326 4502 3455 4557 ergo

1871 4551 1980 4617 illi,
2012 4563 2068 4607 ut
2095 4557 2208 4609 sani
2235 4573 2295 4609 ea
2317 4600 2332 4624 ,
2365 4577 2483 4628 quae
2512 4564 2712 4631 agenda
2743 4579 2885 4630 sunt,
2906 4588 3190 4639 operemur
3219 4579 3269 4631 in
3296 4579 3450 4636 Chri-

1868 4655 1953 4698 sto
1991 4646 2117 4701 Jesu
2168 4650 2388 4704 Domino
2427 4665 2645 4720 nostro,
2689 4660 2899 4727 quicum
2953 4664 3092 4719 Patri
3137 4677 3191 4722 et
3232 4671 3445 4741 Spiritui

1867 4748 2051 4793 saneto
2079 4742 2244 4811 gloria
2268 4786 2283 4809 ,
2315 4746 2627 4816 imperium,
2660 4751 2852 4819 honor,
2886 4773 3023 4811 mmc
3049 4771 3098 4813 et
3132 4778 3363 4834 semper,
3395 4778 3449 4820 et

1871 4832 1920 4884 iu
1950 4835 2140 4887 atecula
2172 4839 2510 4895 saeculorum.
2544 4846 2733 4898 Amen.

168 4940 3421 5008 MM

1495 5037 1835 5103 HOMlLlA
1878 5044 2080 5107 XVII.

159 5167 286 5222 CAP.
324 5170 381 5223 7.
429 5185 480 5223 ν.
525 5172 613 5225 55.
658 5171 811 5226 Ilunc
853 5173 1098 5245 Moysem,
1149 5196 1291 5243 qttem
1332 5197 1649 5252 negaverunt,
1674 5189 1754 5241 di-

230 5272 408 5314 centes
438 5280 455 5314 :
484 5263 607 5327 Quis
643 5274 690 5316 te
715 5267 967 5319 constituit
992 5271 1269 5339 principem
1295 5285 1337 5327 et
1359 5277 1580 5343 judicent
1601 5297 1753 5349 super

227 5372 323 5406 nos
340 5355 368 5406 ?
398 5355 529 5406 hunc
554 5355 695 5410 Deus
717 5359 993 5428 principem
1014 5372 1059 5414 et
1081 5363 1440 5433 redemptorem
1468 5372 1599 5424 misit
1635 5389 1750 5427 cum

229 5462 393 5497 ntanu
419 5448 606 5516 angeli,
635 5449 722 5515 qui
746 5451 984 5517 apparuit
1012 5452 1092 5505 illi
1117 5456 1169 5507 in
1198 5457 1342 5511 rubo.

231 5537 282 5589 1.
315 5536 543 5590 Mullum
565 5553 867 5609 congruens
894 5540 995 5597 hoc
1014 5553 1095 5598 est
1122 5559 1431 5617 argumento
1456 5556 1743 5622 proposito.

169 5624 316 5679 [tunc
369 5626 619 5697 Moysem,
674 5632 863 5699 inquit.
908 5633 1127 5701 Qualem
1174 5637 1355 5694 hunc?
1399 5643 1528 5697 Eum
1564 5648 1649 5715 qui
1692 5649 1742 5702 in

168 5720 462 5785 periculum
484 5720 631 5774 exitii
660 5727 821 5789 venit,
841 5739 962 5779 eum
985 5742 1143 5797 quem
1175 5729 1271 5801 ipsi
1289 5741 1741 5808 contempserant,

1859 5207 2016 5261 quem
2061 5206 2384 5263 negaverant
2418 5196 2673 5260 dicentes.
2707 5201 2830 5268 Quis
2873 5216 2920 5259 te
2955 5211 3214 5265 constituit
3247 5218 3437 5285 princi-

1858 5283 2180 5351 pmt(E.rod.
2212 5287 2264 5338 ‘1.
2296 5289 2378 5355 14)
2403 5288 2426 5339 ἷ²
2449 5293 2897 5358 quentadmmlum
2943 5311 2996 5353 et
3040 5283 3253 5359 (Ibristo
3282 5308 3431 5367 dice-

1855 5374 2000 5434 quit,
2036 5376 2153 5430 Non
2199 5378 2436 5433 habemus
2465 5398 2664 5452 regem,
2711 5388 2809 5440 nisi
2848 5388 3095 5448 Cazsarem
3126 5395 3301 5467 (Joan.
3337 5404 3423 5458 19.

1859 5466 1966 5529 15).
2007 5466 2152 5521 "unc
2181 5469 2317 5524 Deus
2354 5473 2627 5544 principem
2671 5488 2716 5532 et
2753 5480 3115 5551 redemptorem
3154 5490 3286 5544 misit
3318 5509 3434 5549 cum

1854 5575 2006 5611 manu
2037 5563 2235 5631 angeli;
2264 5564 2353 5632 qui
2377 5564 2584 5621 dixerat
2612 5569 2683 5634 ei,
2723 5568 2836 5642 Ego
2865 5590 2974 5627 sum
3020 5576 3153 5633 Deus
3178 5580 3435 5639 Abraham

1854 5650 2045 5721 (Exod.
2077 5655 2231 5724 5.6).
2264 5656 2358 5711 llic
2391 5668 2445 5712 et
2485 5662 2759 5727 miracula,
2803 5681 2921 5735 quze
2967 5667 3103 5724 facta
3145 5685 3287 5737 sunt,
3331 5693 3430 5746 per

1851 5742 2120 5798 Christum
2148 5745 2282 5801 facta
2311 5762 2428 5804 esse
2455 5752 2707 5809 ostendit.
2738 5755 2824 5813 56.
2861 5755 2981 5825 llic,
3011 5758 3060 5813 id
3089 5772 3184 5830 est,
3222 5742 3425 5833 Moyses
