  <div class='ocr_page' id='page_1' title='image "/cluster/home/n/w/nwhite01/storage/ocr_20150623/60/hvd.32044019207810/139.png"; bbox 0 0 3978 6508; ppageno 0'>
   <div class='ocr_carea' id='block_1_1' title="bbox 482 362 584 420">
    <p class='ocr_par' dir='ltr' id='par_1_1' title="bbox 482 362 584 420">
     <span class='ocr_line' id='line_1_1' title="bbox 482 362 584 420; baseline -0.01 0"><span class='ocrx_word' id='word_1_1' title='bbox 482 362 584 420; x_wconf 65' lang='grc'><strong><em>135</em></strong></span> 
     </span>
    </p>
   </div>
   <div class='ocr_carea' id='block_1_2' title="bbox 480 444 2055 547">
    <p class='ocr_par' dir='ltr' id='par_1_2' title="bbox 480 444 2055 547">
     <span class='ocr_line' id='line_1_2' title="bbox 480 444 2055 547; baseline -0.025 -14"><span class='ocrx_word' id='word_1_2' title='bbox 480 484 561 547; x_wconf 85' lang='lat' dir='ltr'><strong><em>(et</em></strong></span> <span class='ocrx_word' id='word_1_3' title='bbox 588 473 726 536; x_wconf 84' lang='lat' dir='ltr'><strong><em>vide,</em></strong></span> <span class='ocrx_word' id='word_1_4' title='bbox 761 466 1030 541; x_wconf 89' lang='lat' dir='ltr'><strong><em>quomodo</em></strong></span> <span class='ocrx_word' id='word_1_5' title='bbox 1062 465 1206 519; x_wconf 90' lang='lat' dir='ltr'><strong><em>illum</em></strong></span> <span class='ocrx_word' id='word_1_6' title='bbox 1234 456 1568 530; x_wconf 88' lang='lat' dir='ltr'><strong><em>splendidmn</em></strong></span> <span class='ocrx_word' id='word_1_7' title='bbox 1605 446 1875 514; x_wconf 85' lang='lat' dir='ltr'><strong><em>exhibeat)</em></strong></span> <span class='ocrx_word' id='word_1_8' title='bbox 1929 444 2055 496; x_wconf 89' lang='lat' dir='ltr'><strong><em>edu-</em></strong></span> 
     </span>
    </p>
   </div>
   <div class='ocr_carea' id='block_1_3' title="bbox 480 535 2059 637">
    <p class='ocr_par' dir='ltr' id='par_1_3' title="bbox 480 535 2059 637">
     <span class='ocr_line' id='line_1_3' title="bbox 480 535 2059 637; baseline -0.027 -10"><span class='ocrx_word' id='word_1_9' title='bbox 480 575 553 629; x_wconf 72' lang='lat' dir='ltr'><strong><em>xit</em></strong></span> <span class='ocrx_word' id='word_1_10' title='bbox 581 570 717 630; x_wconf 84' lang='lat' dir='ltr'><strong><em>illos,</em></strong></span> <span class='ocrx_word' id='word_1_11' title='bbox 754 566 942 637; x_wconf 75' lang='lat' dir='ltr'><strong><em>faciens</em></strong></span> <span class='ocrx_word' id='word_1_12' title='bbox 968 557 1198 632; x_wconf 86' lang='lat' dir='ltr'><strong><em>prodigia</em></strong></span> <span class='ocrx_word' id='word_1_13' title='bbox 1233 564 1278 606; x_wconf 86' lang='lat' dir='ltr'><strong><em>et</em></strong></span> <span class='ocrx_word' id='word_1_14' title='bbox 1303 552 1447 621; x_wconf 89' lang='lat' dir='ltr'><strong><em>signa</em></strong></span> <span class='ocrx_word' id='word_1_15' title='bbox 1486 547 1538 598; x_wconf 90' lang='lat' dir='ltr'><strong><em>in</em></strong></span> <span class='ocrx_word' id='word_1_16' title='bbox 1575 554 1705 596; x_wconf 83' lang='lat' dir='ltr'><strong><em>terra</em></strong></span> <span class='ocrx_word' id='word_1_17' title='bbox 1743 535 1983 608; x_wconf 67' lang='lat' dir='ltr'><strong><em>Afgypti,</em></strong></span> <span class='ocrx_word' id='word_1_18' title='bbox 2013 543 2059 586; x_wconf 91' lang='lat' dir='ltr'><strong><em>et</em></strong></span> 
     </span>
    </p>
   </div>
   <div class='ocr_carea' id='block_1_4' title="bbox 482 623 2060 719">
    <p class='ocr_par' dir='ltr' id='par_1_4' title="bbox 482 623 2060 719">
     <span class='ocr_line' id='line_1_4' title="bbox 482 623 2060 719; baseline -0.027 0"><span class='ocrx_word' id='word_1_19' title='bbox 482 668 532 719; x_wconf 87' lang='lat' dir='ltr'><strong><em>in</em></strong></span> <span class='ocrx_word' id='word_1_20' title='bbox 562 662 690 717; x_wconf 84' lang='lat' dir='ltr'><strong><em>mari</em></strong></span> <span class='ocrx_word' id='word_1_21' title='bbox 707 623 897 717; x_wconf 65' lang='lat' dir='ltr'><strong><em>Rubro,</em></strong></span> <span class='ocrx_word' id='word_1_22' title='bbox 924 623 1045 708; x_wconf 49' lang='lat' dir='ltr'><strong><em>et-in</em></strong></span> <span class='ocrx_word' id='word_1_23' title='bbox 1070 623 1262 702; x_wconf 74' lang='lat' dir='ltr'><strong><em>deserto</em></strong></span> <span class='ocrx_word' id='word_1_24' title='bbox 1282 641 1428 695; x_wconf 88' lang='lat' dir='ltr'><strong><em>annis</em></strong></span> <span class='ocrx_word' id='word_1_25' title='bbox 1455 634 1814 708; x_wconf 84' lang='lat' dir='ltr'><strong><em>quadraginta.</em></strong></span> <span class='ocrx_word' id='word_1_26' title='bbox 1840 630 1929 684; x_wconf 82' lang='grc'>57.</span> <span class='ocrx_word' id='word_1_27' title='bbox 1961 623 2060 679; x_wconf 80' lang='lat' dir='ltr'><strong><em>llic</em></strong></span> 
     </span>
    </p>
   </div>
   <div class='ocr_carea' id='block_1_5' title="bbox 483 719 2061 825">
    <p class='ocr_par' dir='ltr' id='par_1_5' title="bbox 483 719 2061 825">
     <span class='ocr_line' id='line_1_5' title="bbox 483 719 2061 825; baseline -0.029 -12"><span class='ocrx_word' id='word_1_28' title='bbox 483 768 557 815; x_wconf 82' lang='lat' dir='ltr'><strong><em>est</em></strong></span> <span class='ocrx_word' id='word_1_29' title='bbox 588 755 808 825; x_wconf 81' lang='lat' dir='ltr'><strong><em>Moyses,</em></strong></span> <span class='ocrx_word' id='word_1_30' title='bbox 833 748 919 820; x_wconf 89' lang='lat' dir='ltr'><strong><em>qui</em></strong></span> <span class='ocrx_word' id='word_1_31' title='bbox 943 745 1070 799; x_wconf 68' lang='lat' dir='ltr'><strong><em>dixit</em></strong></span> <span class='ocrx_word' id='word_1_32' title='bbox 1096 740 1217 809; x_wconf 83' lang='lat' dir='ltr'><strong><em>ﬁliis</em></strong></span> <span class='ocrx_word' id='word_1_33' title='bbox 1246 732 1409 788; x_wconf 85' lang='lat' dir='ltr'><strong><em>Israel</em></strong></span> <span class='ocrx_word' id='word_1_34' title='bbox 1433 748 1450 784; x_wconf 91' lang='lat'><strong><em>:</em></strong></span> <span class='ocrx_word' id='word_1_35' title='bbox 1476 727 1787 798; x_wconf 79' lang='lat' dir='ltr'><strong><em>Prop/telam</em></strong></span> <span class='ocrx_word' id='word_1_36' title='bbox 1807 719 1940 775; x_wconf 90' lang='lat' dir='ltr'><strong><em>vobis</em></strong></span> <span class='ocrx_word' id='word_1_37' title='bbox 1971 733 2061 771; x_wconf 85' lang='lat' dir='ltr'><strong><em>su-</em></strong></span> 
     </span>
    </p>
   </div>
   <div class='ocr_carea' id='block_1_6' title="bbox 486 818 2063 907">
    <p class='ocr_par' dir='ltr' id='par_1_6' title="bbox 486 818 2063 907">
     <span class='ocr_line' id='line_1_6' title="bbox 486 818 2063 907; baseline -0.03 -1"><span class='ocrx_word' id='word_1_38' title='bbox 486 818 698 907; x_wconf 41' lang='lat' dir='ltr'><strong><em>scitabit&#39;</em></strong></span> <span class='ocrx_word' id='word_1_39' title='bbox 710 818 951 898; x_wconf 88' lang='lat' dir='ltr'><strong><em>Dominus</em></strong></span> <span class='ocrx_word' id='word_1_40' title='bbox 976 836 1110 888; x_wconf 88' lang='lat' dir='ltr'><strong><em>Deus</em></strong></span> <span class='ocrx_word' id='word_1_41' title='bbox 1135 846 1196 884; x_wconf 78' lang='lat' dir='ltr'><strong><em>ea:</em></strong></span> <span class='ocrx_word' id='word_1_42' title='bbox 1225 824 1462 899; x_wconf 68' lang='lat' dir='ltr'><strong><em>fratribus</em></strong></span> <span class='ocrx_word' id='word_1_43' title='bbox 1498 818 1670 874; x_wconf 89' lang='lat' dir='ltr'><strong><em>vestris</em></strong></span> <span class='ocrx_word' id='word_1_44' title='bbox 1704 826 1956 882; x_wconf 89' lang='lat' dir='ltr'><strong><em>tamquam</em></strong></span> <span class='ocrx_word' id='word_1_45' title='bbox 1987 824 2063 860; x_wconf 89' lang='lat' dir='ltr'><strong><em>me</em></strong></span> 
     </span>
    </p>
   </div>
   <div class='ocr_carea' id='block_1_7' title="bbox 486 898 2063 1018">
    <p class='ocr_par' dir='ltr' id='par_1_7' title="bbox 486 898 2063 1018">
     <span class='ocr_line' id='line_1_7' title="bbox 486 898 2063 1018; baseline -0.031 -19"><span class='ocrx_word' id='word_1_46' title='bbox 486 898 780 1018; x_wconf 28' lang='grc' dir='ltr'><strong><em>ἱῦξῐινιῖίὸ.</em></strong></span> <span class='ocrx_word' id='word_1_47' title='bbox 822 930 949 1003; x_wconf 78' lang='grc'><strong><em>18);</em></strong></span> <span class='ocrx_word' id='word_1_48' title='bbox 984 926 1035 981; x_wconf 92' lang='lat' dir='ltr'><strong><em>id</em></strong></span> <span class='ocrx_word' id='word_1_49' title='bbox 1077 932 1179 985; x_wconf 91' lang='lat' dir='ltr'><strong><em>est,</em></strong></span> <span class='ocrx_word' id='word_1_50' title='bbox 1205 898 1589 983; x_wconf 83' lang='lat' dir='ltr'><strong><em>contemptum,</em></strong></span> <span class='ocrx_word' id='word_1_51' title='bbox 1624 905 1829 961; x_wconf 84' lang='lat' dir='ltr'><strong><em>insidiis</em></strong></span> <span class='ocrx_word' id='word_1_52' title='bbox 1860 898 2063 971; x_wconf 86' lang='lat' dir='ltr'><strong><em>appeti-</em></strong></span> 
     </span>
    </p>
   </div>
   <div class='ocr_carea' id='block_1_8' title="bbox 489 990 2063 1093">
    <p class='ocr_par' dir='ltr' id='par_1_8' title="bbox 489 990 2063 1093">
     <span class='ocr_line' id='line_1_8' title="bbox 489 990 2063 1093; baseline -0.033 1"><span class='ocrx_word' id='word_1_53' title='bbox 489 990 620 1093; x_wconf 66' lang='lat' dir='ltr'><strong><em>ium.</em></strong></span> <span class='ocrx_word' id='word_1_54' title='bbox 651 1029 858 1087; x_wconf 88' lang='lat' dir='ltr'><strong><em>Etenim</em></strong></span> <span class='ocrx_word' id='word_1_55' title='bbox 887 1022 1129 1076; x_wconf 86' lang='lat' dir='ltr'><strong><em>voluerat</em></strong></span> <span class='ocrx_word' id='word_1_56' title='bbox 1160 1016 1331 1083; x_wconf 86' lang='lat' dir='ltr'><strong><em>ipsum</em></strong></span> <span class='ocrx_word' id='word_1_57' title='bbox 1370 1005 1617 1062; x_wconf 89' lang='lat' dir='ltr'><strong><em>occidere</em></strong></span> <span class='ocrx_word' id='word_1_58' title='bbox 1642 996 1901 1059; x_wconf 85' lang='lat' dir='ltr'><strong><em>Herodes,</em></strong></span> <span class='ocrx_word' id='word_1_59' title='bbox 1930 1000 1981 1046; x_wconf 93' lang='lat' dir='ltr'><strong><em>et</em></strong></span> <span class='ocrx_word' id='word_1_60' title='bbox 2010 990 2063 1043; x_wconf 90' lang='lat' dir='ltr'><strong><em>in</em></strong></span> 
     </span>
    </p>
   </div>
   <div class='ocr_carea' id='block_1_9' title="bbox 492 1085 2066 1198">
    <p class='ocr_par' dir='ltr' id='par_1_9' title="bbox 492 1085 2066 1198">
     <span class='ocr_line' id='line_1_9' title="bbox 492 1085 2066 1198; baseline -0.034 -11"><span class='ocrx_word' id='word_1_61' title='bbox 492 1129 719 1198; x_wconf 68' lang='lat' dir='ltr'><strong><em>Egypto</em></strong></span> <span class='ocrx_word' id='word_1_62' title='bbox 748 1128 989 1175; x_wconf 82' lang='lat' dir='ltr'><strong><em>servatus</em></strong></span> <span class='ocrx_word' id='word_1_63' title='bbox 1010 1121 1111 1167; x_wconf 90' lang='lat' dir='ltr'><strong><em>est.</em></strong></span> <span class='ocrx_word' id='word_1_64' title='bbox 1136 1110 1269 1161; x_wconf 90' lang='lat' dir='ltr'><strong><em>sicut</em></strong></span> <span class='ocrx_word' id='word_1_65' title='bbox 1297 1112 1349 1156; x_wconf 90' lang='lat' dir='ltr'><strong><em>et</em></strong></span> <span class='ocrx_word' id='word_1_66' title='bbox 1376 1102 1461 1155; x_wconf 88' lang='lat' dir='ltr'><strong><em>ille</em></strong></span> <span class='ocrx_word' id='word_1_67' title='bbox 1494 1111 1622 1167; x_wconf 87' lang='lat' dir='ltr'><strong><em>puer</em></strong></span> <span class='ocrx_word' id='word_1_68' title='bbox 1646 1108 1763 1146; x_wconf 90' lang='lat' dir='ltr'><strong><em>cum</em></strong></span> <span class='ocrx_word' id='word_1_69' title='bbox 1792 1094 1954 1151; x_wconf 86' lang='lat' dir='ltr'><strong><em>esset,</em></strong></span> <span class='ocrx_word' id='word_1_70' title='bbox 1982 1085 2031 1136; x_wconf 90' lang='lat' dir='ltr'><strong><em>in</em></strong></span> <span class='ocrx_word' id='word_1_71' title='bbox 2052 1109 2066 1120; x_wconf 85' lang='lat'><strong>-</strong></span> 
     </span>
    </p>
   </div>
   <div class='ocr_carea' id='block_1_10' title="bbox 492 1177 2067 1283">
    <p class='ocr_par' dir='ltr' id='par_1_10' title="bbox 492 1177 2067 1283">
     <span class='ocr_line' id='line_1_10' title="bbox 492 1177 2067 1283; baseline -0.032 -5"><span class='ocrx_word' id='word_1_72' title='bbox 492 1177 745 1279; x_wconf 50' lang='lat' dir='ltr'><strong><em>sidiis&#39;cst</em></strong></span> <span class='ocrx_word' id='word_1_73' title='bbox 768 1209 1053 1283; x_wconf 84' lang='lat' dir='ltr'><strong><em>appetitus.</em></strong></span> <span class='ocrx_word' id='word_1_74' title='bbox 1085 1202 1172 1258; x_wconf 82' lang='lat'><strong><em>&#39;58.</em></strong></span> <span class='ocrx_word' id='word_1_75' title='bbox 1210 1197 1307 1251; x_wconf 82' lang='lat' dir='ltr'><strong><em>llic</em></strong></span> <span class='ocrx_word' id='word_1_76' title='bbox 1339 1204 1429 1257; x_wconf 82' lang='lat' dir='ltr'><strong><em>est,</em></strong></span> <span class='ocrx_word' id='word_1_77' title='bbox 1460 1191 1543 1261; x_wconf 86' lang='lat' dir='ltr'><strong><em>qui</em></strong></span> <span class='ocrx_word' id='word_1_78' title='bbox 1565 1187 1659 1258; x_wconf 78' lang='lat' dir='ltr'><strong><em>fuit</em></strong></span> <span class='ocrx_word' id='word_1_79' title='bbox 1698 1186 1750 1236; x_wconf 87' lang='lat' dir='ltr'><strong><em>in</em></strong></span> <span class='ocrx_word' id='word_1_80' title='bbox 1784 1179 1991 1234; x_wconf 72' lang='lat' dir='ltr'><strong><em>ecclesia</em></strong></span> <span class='ocrx_word' id='word_1_81' title='bbox 2014 1177 2067 1228; x_wconf 89' lang='lat' dir='ltr'><strong><em>in</em></strong></span> 
     </span>
    </p>
   </div>
   <div class='ocr_carea' id='block_1_11' title="bbox 491 1269 2063 1370">
    <p class='ocr_par' dir='ltr' id='par_1_11' title="bbox 491 1269 2063 1370">
     <span class='ocr_line' id='line_1_11' title="bbox 491 1269 2063 1370; baseline -0.034 -1"><span class='ocrx_word' id='word_1_82' title='bbox 491 1309 779 1370; x_wconf 81' lang='lat' dir='ltr'><strong><em>solitudine,</em></strong></span> <span class='ocrx_word' id='word_1_83' title='bbox 803 1269 915 1357; x_wconf 65' lang='lat' dir='ltr'><strong><em>cum</em></strong></span> <span class='ocrx_word' id='word_1_84' title='bbox 941 1296 1139 1368; x_wconf 82' lang='lat' dir='ltr'><strong><em>angelo.</em></strong></span> <span class='ocrx_word' id='word_1_85' title='bbox 1169 1290 1252 1361; x_wconf 89' lang='lat' dir='ltr'><strong><em>qui</em></strong></span> <span class='ocrx_word' id='word_1_86' title='bbox 1273 1286 1567 1357; x_wconf 88' lang='lat' dir='ltr'><strong><em>loquebatur</em></strong></span> <span class='ocrx_word' id='word_1_87' title='bbox 1587 1279 1631 1332; x_wconf 90' lang='lat' dir='ltr'><strong><em>ei</em></strong></span> <span class='ocrx_word' id='word_1_88' title='bbox 1653 1278 1703 1329; x_wconf 88' lang='lat' dir='ltr'><strong><em>iu</em></strong></span> <span class='ocrx_word' id='word_1_89' title='bbox 1726 1281 1892 1326; x_wconf 86' lang='lat' dir='ltr'><strong><em>monte</em></strong></span> <span class='ocrx_word' id='word_1_90' title='bbox 1913 1269 2063 1331; x_wconf 75' lang='lat' dir='ltr'><strong><em>Sina,</em></strong></span> 
     </span>
    </p>
   </div>
   <div class='ocr_carea' id='block_1_12' title="bbox 490 1364 2068 1469">
    <p class='ocr_par' dir='ltr' id='par_1_12' title="bbox 490 1364 2068 1469">
     <span class='ocr_line' id='line_1_12' title="bbox 490 1364 2068 1469; baseline -0.035 -7"><span class='ocrx_word' id='word_1_91' title='bbox 490 1422 536 1463; x_wconf 89' lang='lat' dir='ltr'><strong><em>et</em></strong></span> <span class='ocrx_word' id='word_1_92' title='bbox 565 1422 676 1461; x_wconf 88' lang='lat' dir='ltr'><strong><em>cum</em></strong></span> <span class='ocrx_word' id='word_1_93' title='bbox 710 1398 934 1469; x_wconf 81' lang='lat' dir='ltr'><strong><em>patribus</em></strong></span> <span class='ocrx_word' id='word_1_94' title='bbox 965 1388 1145 1444; x_wconf 89' lang='lat' dir='ltr'><strong><em>nostris</em></strong></span> <span class='ocrx_word' id='word_1_95' title='bbox 1161 1401 1178 1448; x_wconf 80' lang='lat'><strong><em>,&#39;</em></strong></span> <span class='ocrx_word' id='word_1_96' title='bbox 1207 1382 1291 1453; x_wconf 85' lang='lat' dir='ltr'><strong><em>qui</em></strong></span> <span class='ocrx_word' id='word_1_97' title='bbox 1317 1376 1504 1447; x_wconf 86' lang='lat' dir='ltr'><strong><em>accepit</em></strong></span> <span class='ocrx_word' id='word_1_98' title='bbox 1527 1371 1671 1425; x_wconf 86' lang='lat' dir='ltr'><strong><em>verba</em></strong></span> <span class='ocrx_word' id='word_1_99' title='bbox 1692 1367 1802 1421; x_wconf 69' lang='lat' dir='ltr'><strong><em>vita:</em></strong></span> <span class='ocrx_word' id='word_1_100' title='bbox 1826 1364 1948 1415; x_wconf 88' lang='lat' dir='ltr'><strong><em>dare</em></strong></span> <span class='ocrx_word' id='word_1_101' title='bbox 1973 1377 2068 1411; x_wconf 86' lang='lat' dir='ltr'><strong><em>uo-</em></strong></span> 
     </span>
    </p>
   </div>
   <div class='ocr_carea' id='block_1_13' title="bbox 493 1452 2066 1555">
    <p class='ocr_par' dir='ltr' id='par_1_13' title="bbox 493 1452 2066 1555">
     <span class='ocr_line' id='line_1_13' title="bbox 493 1452 2066 1555; baseline -0.034 0"><span class='ocrx_word' id='word_1_102' title='bbox 493 1501 585 1555; x_wconf 91' lang='lat' dir='ltr'><strong><em>bis.</em></strong></span> <span class='ocrx_word' id='word_1_103' title='bbox 611 1498 816 1550; x_wconf 74' lang='lat' dir='ltr'><strong><em>Rursus</em></strong></span> <span class='ocrx_word' id='word_1_104' title='bbox 844 1498 1101 1553; x_wconf 85' lang='lat' dir='ltr'><strong><em>nusquam</em></strong></span> <span class='ocrx_word' id='word_1_105' title='bbox 1131 1473 1407 1543; x_wconf 83' lang='lat' dir='ltr'><strong><em>templum,</em></strong></span> <span class='ocrx_word' id='word_1_106' title='bbox 1442 1476 1702 1532; x_wconf 79' lang='lat' dir='ltr'><strong><em>nusquam</em></strong></span> <span class='ocrx_word' id='word_1_107' title='bbox 1730 1452 2066 1511; x_wconf 90' lang='lat' dir='ltr'><strong><em>sacriﬁcium.</em></strong></span> 
     </span>
    </p>
   </div>
   <div class='ocr_carea' id='block_1_14' title="bbox 492 1541 2072 1655">
    <p class='ocr_par' dir='ltr' id='par_1_14' title="bbox 492 1541 2072 1655">
     <span class='ocr_line' id='line_1_14' title="bbox 492 1541 2072 1655; baseline -0.034 -9"><span class='ocrx_word' id='word_1_108' title='bbox 492 1592 620 1647; x_wconf 88' lang='lat' dir='ltr'><strong><em>Cum</em></strong></span> <span class='ocrx_word' id='word_1_109' title='bbox 663 1584 861 1655; x_wconf 83' lang='lat' dir='ltr'><strong><em>angelo,</em></strong></span> <span class='ocrx_word' id='word_1_110' title='bbox 917 1573 1104 1643; x_wconf 88' lang='lat' dir='ltr'><strong><em>inquit,</em></strong></span> <span class='ocrx_word' id='word_1_111' title='bbox 1160 1568 1211 1620; x_wconf 88' lang='lat' dir='ltr'><strong><em>ut</em></strong></span> <span class='ocrx_word' id='word_1_112' title='bbox 1256 1566 1397 1616; x_wconf 87' lang='lat' dir='ltr'><strong><em>daret</em></strong></span> <span class='ocrx_word' id='word_1_113' title='bbox 1443 1555 1585 1611; x_wconf 88' lang='lat' dir='ltr'><strong><em>nobis</em></strong></span> <span class='ocrx_word' id='word_1_114' title='bbox 1627 1550 1773 1604; x_wconf 90' lang='lat' dir='ltr'><strong><em>verba</em></strong></span> <span class='ocrx_word' id='word_1_115' title='bbox 1799 1547 1929 1599; x_wconf 68' lang='lat' dir='ltr'><strong><em>vitaz.</em></strong></span> <span class='ocrx_word' id='word_1_116' title='bbox 1978 1541 2072 1594; x_wconf 81' lang='lat' dir='ltr'><strong><em>llic</em></strong></span> 
     </span>
     <span class='ocr_line' id='line_1_15' title="bbox 1402 1634 2069 1655; baseline -0.033 0"><span class='ocrx_word' id='word_1_117' title='bbox 1402 1652 1412 1655; x_wconf 85' lang='lat'><strong><em>_</em></strong></span> <span class='ocrx_word' id='word_1_118' title='bbox 1554 1646 1572 1655; x_wconf 75' lang='grc'><em>,</em></span> <span class='ocrx_word' id='word_1_119' title='bbox 1636 1644 1645 1655; x_wconf 87' lang='grc'><em>,</em></span> <span class='ocrx_word' id='word_1_120' title='bbox 1796 1652 1841 1655; x_wconf 83' lang='lat'><strong><em>__</em></strong></span> <span class='ocrx_word' id='word_1_121' title='bbox 1869 1636 1880 1655; x_wconf 70' lang='grc'><em>,</em></span> <span class='ocrx_word' id='word_1_122' title='bbox 1918 1634 2069 1655; x_wconf 40' lang='lat' dir='ltr'><strong><em>“Lm</em></strong></span> 
     </span>
    </p>
   </div>
   <div class='ocr_carea' id='block_1_15' title="bbox 494 1634 2071 1741">
    <p class='ocr_par' dir='ltr' id='par_1_15' title="bbox 494 1634 2071 1741">
     <span class='ocr_line' id='line_1_16' title="bbox 494 1634 2071 1741; baseline -0.035 -4"><span class='ocrx_word' id='word_1_123' title='bbox 494 1634 756 1737; x_wconf 54' lang='lat' dir='ltr'><strong><em>ostendit:</em></strong></span> <span class='ocrx_word' id='word_1_124' title='bbox 783 1675 952 1741; x_wconf 89' lang='lat' dir='ltr'><strong><em>ipsum</em></strong></span> <span class='ocrx_word' id='word_1_125' title='bbox 986 1679 1091 1719; x_wconf 91' lang='lat' dir='ltr'><strong><em>non</em></strong></span> <span class='ocrx_word' id='word_1_126' title='bbox 1125 1666 1328 1714; x_wconf 88' lang='lat' dir='ltr'><strong><em>tantum</em></strong></span> <span class='ocrx_word' id='word_1_127' title='bbox 1372 1652 1520 1720; x_wconf 85' lang='lat' dir='ltr'><strong><em>signa</em></strong></span> <span class='ocrx_word' id='word_1_128' title='bbox 1553 1644 1760 1704; x_wconf 82' lang='lat' dir='ltr'><strong><em>fecisse,</em></strong></span> <span class='ocrx_word' id='word_1_129' title='bbox 1791 1636 1883 1691; x_wconf 87' lang='lat' dir='ltr'><strong><em>sed</em></strong></span> <span class='ocrx_word' id='word_1_130' title='bbox 1911 1634 2071 1689; x_wconf 86' lang='lat' dir='ltr'><strong><em>etiam</em></strong></span> 
     </span>
    </p>
   </div>
   <div class='ocr_carea' id='block_1_16' title="bbox 497 1729 2075 1846">
    <p class='ocr_par' dir='ltr' id='par_1_16' title="bbox 497 1729 2075 1846">
     <span class='ocr_line' id='line_1_17' title="bbox 497 1729 2075 1846; baseline -0.037 -15"><span class='ocrx_word' id='word_1_131' title='bbox 497 1778 668 1846; x_wconf 84' lang='lat' dir='ltr'><strong><em>legem</em></strong></span> <span class='ocrx_word' id='word_1_132' title='bbox 694 1767 924 1824; x_wconf 57' lang='lat' dir='ltr'><strong><em>dedisse,</em></strong></span> <span class='ocrx_word' id='word_1_133' title='bbox 956 1766 1012 1811; x_wconf 90' lang='lat' dir='ltr'><strong><em>ut</em></strong></span> <span class='ocrx_word' id='word_1_134' title='bbox 1039 1752 1281 1809; x_wconf 78' lang='lat' dir='ltr'><strong><em>Christus</em></strong></span> <span class='ocrx_word' id='word_1_135' title='bbox 1303 1744 1442 1800; x_wconf 84' lang='lat' dir='ltr'><strong><em>fecit.</em></strong></span> <span class='ocrx_word' id='word_1_136' title='bbox 1467 1729 1923 1805; x_wconf 82' lang='lat' dir='ltr'><strong><em>Quemadmodum</em></strong></span> <span class='ocrx_word' id='word_1_137' title='bbox 1948 1737 2075 1791; x_wconf 83' lang='lat' dir='ltr'><strong><em>ergo</em></strong></span> 
     </span>
     <span class='ocr_line' id='line_1_18' title="bbox 1385 1815 2075 1846; baseline -0.022 15"><span class='ocrx_word' id='word_1_138' title='bbox 1385 1834 1397 1846; x_wconf 89' lang='grc'><strong>·</strong></span> <span class='ocrx_word' id='word_1_139' title='bbox 1597 1827 1629 1846; x_wconf 46' lang='grc' dir='ltr'><strong><em>ιν</em></strong></span> <span class='ocrx_word' id='word_1_140' title='bbox 1656 1836 1667 1846; x_wconf 74' lang='grc' dir='ltr'>ι</span> <span class='ocrx_word' id='word_1_141' title='bbox 1703 1840 1714 1846; x_wconf 85' lang='grc'><strong><em>-</em></strong></span> <span class='ocrx_word' id='word_1_142' title='bbox 1744 1823 1817 1846; x_wconf 62' lang='grc' dir='ltr'><strong><em>,τη</em></strong></span> <span class='ocrx_word' id='word_1_143' title='bbox 1847 1828 1892 1846; x_wconf 75' lang='grc' dir='ltr'>..ι</span> <span class='ocrx_word' id='word_1_144' title='bbox 1923 1815 2075 1846; x_wconf 74' lang='lat' dir='ltr'><strong><em>l‘l...:_</em></strong></span> 
     </span>
    </p>
   </div>
   <div class='ocr_carea' id='block_1_17' title="bbox 502 1815 2076 1933">
    <p class='ocr_par' dir='ltr' id='par_1_17' title="bbox 502 1815 2076 1933">
     <span class='ocr_line' id='line_1_19' title="bbox 502 1815 2076 1933; baseline -0.035 -12"><span class='ocrx_word' id='word_1_145' title='bbox 502 1816 586 1921; x_wconf 61' lang='lat' dir='ltr'><strong><em>hi:</em></strong></span> <span class='ocrx_word' id='word_1_146' title='bbox 614 1861 784 1933; x_wconf 90' lang='lat' dir='ltr'><strong><em>primo</em></strong></span> <span class='ocrx_word' id='word_1_147' title='bbox 813 1856 957 1923; x_wconf 87' lang='lat' dir='ltr'><strong><em>signa</em></strong></span> <span class='ocrx_word' id='word_1_148' title='bbox 986 1846 1128 1910; x_wconf 80' lang='lat' dir='ltr'><strong><em>facit,</em></strong></span> <span class='ocrx_word' id='word_1_149' title='bbox 1157 1853 1211 1897; x_wconf 91' lang='lat' dir='ltr'><strong><em>et</em></strong></span> <span class='ocrx_word' id='word_1_150' title='bbox 1237 1851 1360 1892; x_wconf 89' lang='lat' dir='ltr'><strong><em>tunc</em></strong></span> <span class='ocrx_word' id='word_1_151' title='bbox 1385 1834 1553 1902; x_wconf 82' lang='lat' dir='ltr'><strong><em>legem</em></strong></span> <span class='ocrx_word' id='word_1_152' title='bbox 1583 1827 1673 1881; x_wconf 88' lang='lat' dir='ltr'><strong><em>dat</em></strong></span> <span class='ocrx_word' id='word_1_153' title='bbox 1703 1840 1715 1875; x_wconf 86' lang='lat'><strong>:</strong></span> <span class='ocrx_word' id='word_1_154' title='bbox 1742 1823 1817 1877; x_wconf 90' lang='lat' dir='ltr'><strong><em>sic</em></strong></span> <span class='ocrx_word' id='word_1_155' title='bbox 1845 1828 1897 1871; x_wconf 87' lang='lat' dir='ltr'><strong><em>et</em></strong></span> <span class='ocrx_word' id='word_1_156' title='bbox 1923 1815 2076 1871; x_wconf 87' lang='lat' dir='ltr'><strong><em>Chri-</em></strong></span> 
     </span>
    </p>
   </div>
   <div class='ocr_carea' id='block_1_18' title="bbox 502 1920 2077 2015">
    <p class='ocr_par' dir='ltr' id='par_1_18' title="bbox 502 1920 2077 2015">
     <span class='ocr_line' id='line_1_20' title="bbox 502 1920 2077 2015; baseline -0.037 1"><span class='ocrx_word' id='word_1_157' title='bbox 502 1920 636 2015; x_wconf 51' lang='lat' dir='ltr'><strong><em>stus:</em></strong></span> <span class='ocrx_word' id='word_1_158' title='bbox 680 1950 784 2007; x_wconf 82' lang='lat' dir='ltr'><strong><em>Sed</em></strong></span> <span class='ocrx_word' id='word_1_159' title='bbox 831 1920 934 2002; x_wconf 76' lang='lat' dir='ltr'><strong><em>non</em></strong></span> <span class='ocrx_word' id='word_1_160' title='bbox 986 1938 1269 1993; x_wconf 68' lang='lat' dir='ltr'><strong><em>audit-runt</em></strong></span> <span class='ocrx_word' id='word_1_161' title='bbox 1308 1929 1489 1987; x_wconf 87' lang='lat' dir='ltr'><strong><em>illmn,</em></strong></span> <span class='ocrx_word' id='word_1_162' title='bbox 1529 1932 1740 1987; x_wconf 79' lang='lat' dir='ltr'><strong><em>semper</em></strong></span> <span class='ocrx_word' id='word_1_163' title='bbox 1782 1920 2077 1979; x_wconf 82' lang='lat' dir='ltr'><strong><em>repugnare</em></strong></span> 
     </span>
    </p>
   </div>
   <div class='ocr_carea' id='block_1_19' title="bbox 500 2000 2077 2116">
    <p class='ocr_par' dir='ltr' id='par_1_19' title="bbox 500 2000 2077 2116">
     <span class='ocr_line' id='line_1_21' title="bbox 500 2000 2077 2116; baseline -0.037 -9"><span class='ocrx_word' id='word_1_164' title='bbox 500 2050 665 2113; x_wconf 87' lang='lat' dir='ltr'><strong><em>docti,</em></strong></span> <span class='ocrx_word' id='word_1_165' title='bbox 696 2052 816 2116; x_wconf 74' lang='lat' dir='ltr'><strong><em>post</em></strong></span> <span class='ocrx_word' id='word_1_166' title='bbox 859 2040 1007 2106; x_wconf 87' lang='lat' dir='ltr'><strong><em>signa</em></strong></span> <span class='ocrx_word' id='word_1_167' title='bbox 1056 2031 1163 2093; x_wconf 85' lang='lat' dir='ltr'><strong><em>illa,</em></strong></span> <span class='ocrx_word' id='word_1_168' title='bbox 1198 2033 1317 2095; x_wconf 85' lang='lat' dir='ltr'><strong><em>post</em></strong></span> <span class='ocrx_word' id='word_1_169' title='bbox 1346 2016 1577 2089; x_wconf 86' lang='lat' dir='ltr'><strong><em>prodigia</em></strong></span> <span class='ocrx_word' id='word_1_170' title='bbox 1614 2026 1705 2081; x_wconf 89' lang='lat' dir='ltr'><strong><em>per</em></strong></span> <span class='ocrx_word' id='word_1_171' title='bbox 1730 2000 2077 2076; x_wconf 86' lang='lat' dir='ltr'><strong><em>quadraginta</em></strong></span> 
     </span>
    </p>
   </div>
   <div class='ocr_carea' id='block_1_20' title="bbox 500 2091 2076 2200">
    <p class='ocr_par' dir='ltr' id='par_1_20' title="bbox 500 2091 2076 2200">
     <span class='ocr_line' id='line_1_22' title="bbox 501 2091 1214 2113; baseline -0.038 -6"><span class='ocrx_word' id='word_1_172' title='bbox 501 2091 665 2113; x_wconf 61' lang='grc' dir='ltr'>νυν...</span> <span class='ocrx_word' id='word_1_173' title='bbox 738 2091 816 2097; x_wconf 82' lang='lat'><strong><em>.--</em></strong></span> <span class='ocrx_word' id='word_1_174' title='bbox 907 2091 934 2106; x_wconf 64' lang='grc' dir='ltr'>υ</span> <span class='ocrx_word' id='word_1_175' title='bbox 1152 2091 1158 2093; x_wconf 95' lang='lat'>_</span> <span class='ocrx_word' id='word_1_176' title='bbox 1200 2091 1214 2095; x_wconf 93' lang='lat'>_</span> 
     </span>
     <span class='ocr_line' id='line_1_23' title="bbox 500 2091 2076 2200; baseline -0.038 -1"><span class='ocrx_word' id='word_1_177' title='bbox 500 2157 669 2200; x_wconf 75' lang='lat' dir='ltr'><strong><em>annm</em></strong></span> <span class='ocrx_word' id='word_1_178' title='bbox 697 2091 861 2191; x_wconf 50' lang='lat' dir='ltr'><strong><em>Edita.</em></strong></span> <span class='ocrx_word' id='word_1_179' title='bbox 899 2128 1080 2194; x_wconf 82' lang='lat' dir='ltr'><strong><em>Neque</em></strong></span> <span class='ocrx_word' id='word_1_180' title='bbox 1121 2122 1220 2173; x_wconf 88' lang='lat' dir='ltr'><strong><em>hoc</em></strong></span> <span class='ocrx_word' id='word_1_181' title='bbox 1264 2123 1501 2169; x_wconf 86' lang='lat' dir='ltr'><strong><em>tantum,</em></strong></span> <span class='ocrx_word' id='word_1_182' title='bbox 1540 2103 1633 2158; x_wconf 87' lang='lat' dir='ltr'><strong><em>sed</em></strong></span> <span class='ocrx_word' id='word_1_183' title='bbox 1673 2111 1725 2153; x_wconf 90' lang='lat' dir='ltr'><strong><em>ct</em></strong></span> <span class='ocrx_word' id='word_1_184' title='bbox 1753 2091 2076 2152; x_wconf 90' lang='lat' dir='ltr'><strong><em>contrarium</em></strong></span> 
     </span>
    </p>
   </div>
   <div class='ocr_carea' id='block_1_21' title="bbox 501 2182 2081 2291">
    <p class='ocr_par' dir='ltr' id='par_1_21' title="bbox 501 2182 2081 2291">
     <span class='ocr_line' id='line_1_24' title="bbox 501 2182 2081 2291; baseline -0.039 0"><span class='ocrx_word' id='word_1_185' title='bbox 501 2232 863 2291; x_wconf 81' lang='lat' dir='ltr'><strong><em>exhibuerunt</em></strong></span> <span class='ocrx_word' id='word_1_186' title='bbox 886 2238 900 2281; x_wconf 85' lang='lat'><strong>;</strong></span> <span class='ocrx_word' id='word_1_187' title='bbox 928 2182 1065 2287; x_wconf 73' lang='lat' dir='ltr'><strong><em>quod</em></strong></span> <span class='ocrx_word' id='word_1_188' title='bbox 1090 2208 1388 2265; x_wconf 70' lang='lat' dir='ltr'><strong><em>declarans,</em></strong></span> <span class='ocrx_word' id='word_1_189' title='bbox 1414 2196 1605 2266; x_wconf 78' lang='lat' dir='ltr'><strong><em>adjecit</em></strong></span> <span class='ocrx_word' id='word_1_190' title='bbox 1628 2210 1640 2246; x_wconf 91' lang='lat'>:</span> <span class='ocrx_word' id='word_1_191' title='bbox 1662 2191 1754 2244; x_wconf 76' lang='lat'><strong><em>&#39;59.</em></strong></span> <span class='ocrx_word' id='word_1_192' title='bbox 1786 2186 1876 2239; x_wconf 86' lang='lat' dir='ltr'><strong><em>Cui</em></strong></span> <span class='ocrx_word' id='word_1_193' title='bbox 1906 2182 2081 2235; x_wconf 85' lang='lat' dir='ltr'><strong><em>nolue-</em></strong></span> 
     </span>
    </p>
   </div>
   <div class='ocr_carea' id='block_1_22' title="bbox 503 2276 2081 2381">
    <p class='ocr_par' dir='ltr' id='par_1_22' title="bbox 503 2276 2081 2381">
     <span class='ocr_line' id='line_1_25' title="bbox 503 2276 2081 2381; baseline -0.039 0"><span class='ocrx_word' id='word_1_194' title='bbox 503 2335 618 2381; x_wconf 88' lang='lat' dir='ltr'><strong><em>runt</em></strong></span> <span class='ocrx_word' id='word_1_195' title='bbox 641 2317 839 2374; x_wconf 86' lang='lat' dir='ltr'><strong><em>obedire</em></strong></span> <span class='ocrx_word' id='word_1_196' title='bbox 861 2320 1025 2379; x_wconf 77' lang='lat' dir='ltr'><strong><em>putres</em></strong></span> <span class='ocrx_word' id='word_1_197' title='bbox 1046 2300 1237 2361; x_wconf 88' lang='lat' dir='ltr'><strong><em>nostri;</em></strong></span> <span class='ocrx_word' id='word_1_198' title='bbox 1263 2295 1351 2351; x_wconf 87' lang='lat' dir='ltr'><strong><em>sed</em></strong></span> <span class='ocrx_word' id='word_1_199' title='bbox 1373 2290 1683 2359; x_wconf 77' lang='lat' dir='ltr'><strong><em>repulerunt,</em></strong></span> <span class='ocrx_word' id='word_1_200' title='bbox 1708 2291 1752 2334; x_wconf 84' lang='lat' dir='ltr'><strong><em>et</em></strong></span> <span class='ocrx_word' id='word_1_201' title='bbox 1774 2276 1934 2330; x_wconf 82' lang='lat' dir='ltr'><strong><em>aversi</em></strong></span> <span class='ocrx_word' id='word_1_202' title='bbox 1966 2280 2081 2325; x_wconf 80' lang='lat' dir='ltr'><strong><em>sunt</em></strong></span> 
     </span>
    </p>
   </div>
   <div class='ocr_carea' id='block_1_23' title="bbox 502 2363 2082 2474">
    <p class='ocr_par' dir='ltr' id='par_1_23' title="bbox 502 2363 2082 2474">
     <span class='ocr_line' id='line_1_26' title="bbox 502 2363 2082 2474; baseline -0.039 0"><span class='ocrx_word' id='word_1_203' title='bbox 502 2416 735 2474; x_wconf 87' lang='lat' dir='ltr'><strong><em>cordibus</em></strong></span> <span class='ocrx_word' id='word_1_204' title='bbox 763 2407 868 2462; x_wconf 84' lang='lat' dir='ltr'><strong><em>suis</em></strong></span> <span class='ocrx_word' id='word_1_205' title='bbox 895 2404 944 2455; x_wconf 88' lang='lat' dir='ltr'><strong><em>in</em></strong></span> <span class='ocrx_word' id='word_1_206' title='bbox 972 2397 1278 2466; x_wconf 54' lang='lat' dir='ltr'><strong><em>.‘Eyyptum,</em></strong></span> <span class='ocrx_word' id='word_1_207' title='bbox 1306 2387 1395 2442; x_wconf 74' lang='grc'><strong><em>40.</em></strong></span> <span class='ocrx_word' id='word_1_208' title='bbox 1414 2384 1632 2437; x_wconf 83' lang='lat' dir='ltr'><strong><em>dicentes</em></strong></span> <span class='ocrx_word' id='word_1_209' title='bbox 1650 2375 1716 2428; x_wconf 91' lang='lat' dir='ltr'><strong><em>ad</em></strong></span> <span class='ocrx_word' id='word_1_210' title='bbox 1740 2373 1907 2425; x_wconf 77' lang='lat' dir='ltr'><strong><em>Aaron</em></strong></span> <span class='ocrx_word' id='word_1_211' title='bbox 1934 2382 1951 2419; x_wconf 89' lang='lat'><strong><em>:</em></strong></span> <span class='ocrx_word' id='word_1_212' title='bbox 1978 2363 2082 2417; x_wconf 76' lang='lat' dir='ltr'><strong><em>Fac</em></strong></span> 
     </span>
    </p>
   </div>
   <div class='ocr_carea' id='block_1_24' title="bbox 505 2455 2075 2565">
    <p class='ocr_par' dir='ltr' id='par_1_24' title="bbox 505 2455 2075 2565">
     <span class='ocr_line' id='line_1_27' title="bbox 505 2455 1126 2474; baseline -0.04 0"><span class='ocrx_word' id='word_1_213' title='bbox 505 2455 734 2474; x_wconf 52' lang='lat' dir='ltr'><strong><em>cum.-.&quot;</em></strong></span> <span class='ocrx_word' id='word_1_214' title='bbox 763 2455 864 2462; x_wconf 59' lang='grc' dir='ltr'><strong><em>---η</em></strong></span> <span class='ocrx_word' id='word_1_215' title='bbox 1050 2455 1126 2466; x_wconf 48' lang='grc' dir='ltr'><strong><em>ην,</em></strong></span> 
     </span>
     <span class='ocr_line' id='line_1_28' title="bbox 505 2455 2075 2565; baseline -0.039 0"><span class='ocrx_word' id='word_1_216' title='bbox 505 2510 643 2564; x_wconf 84' lang='lat' dir='ltr'><strong><em>nobis</em></strong></span> <span class='ocrx_word' id='word_1_217' title='bbox 685 2504 822 2562; x_wconf 84' lang='lat' dir='ltr'><strong><em>deos,</em></strong></span> <span class='ocrx_word' id='word_1_218' title='bbox 859 2496 941 2565; x_wconf 86' lang='lat' dir='ltr'><strong><em>qui</em></strong></span> <span class='ocrx_word' id='word_1_219' title='bbox 986 2488 1267 2560; x_wconf 82' lang='lat' dir='ltr'><strong><em>prwcedant</em></strong></span> <span class='ocrx_word' id='word_1_220' title='bbox 1295 2494 1386 2533; x_wconf 92' lang='lat' dir='ltr'><strong><em>nos</em></strong></span> <span class='ocrx_word' id='word_1_221' title='bbox 1420 2491 1437 2530; x_wconf 92' lang='lat'><strong><em>:</em></strong></span> <span class='ocrx_word' id='word_1_222' title='bbox 1471 2472 1670 2541; x_wconf 83' lang='lat' dir='ltr'><strong><em>Moyses</em></strong></span> <span class='ocrx_word' id='word_1_223' title='bbox 1697 2476 1827 2519; x_wconf 73' lang='lat' dir='ltr'><strong><em>enim</em></strong></span> <span class='ocrx_word' id='word_1_224' title='bbox 1857 2460 1957 2521; x_wconf 83' lang='lat' dir='ltr'><strong><em>hic,</em></strong></span> <span class='ocrx_word' id='word_1_225' title='bbox 1986 2455 2075 2524; x_wconf 88' lang='lat' dir='ltr'><strong><em>qui</em></strong></span> 
     </span>
    </p>
   </div>
   <div class='ocr_carea' id='block_1_25' title="bbox 506 2547 2085 2658">
    <p class='ocr_par' dir='ltr' id='par_1_25' title="bbox 506 2547 2085 2658">
     <span class='ocr_line' id='line_1_29' title="bbox 506 2547 2085 2658; baseline -0.039 0"><span class='ocrx_word' id='word_1_226' title='bbox 506 2601 678 2658; x_wconf 59' lang='lat' dir='ltr'><strong><em>eduxit</em></strong></span> <span class='ocrx_word' id='word_1_227' title='bbox 712 2611 803 2649; x_wconf 89' lang='lat' dir='ltr'><strong><em>nos</em></strong></span> <span class='ocrx_word' id='word_1_228' title='bbox 826 2547 888 2643; x_wconf 70' lang='lat' dir='ltr'><strong><em>de</em></strong></span> <span class='ocrx_word' id='word_1_229' title='bbox 920 2599 1052 2640; x_wconf 88' lang='lat' dir='ltr'><strong><em>terra</em></strong></span> <span class='ocrx_word' id='word_1_230' title='bbox 1087 2573 1325 2648; x_wconf 61' lang='lat' dir='ltr'><strong><em>nggpti,</em></strong></span> <span class='ocrx_word' id='word_1_231' title='bbox 1359 2566 1606 2623; x_wconf 85' lang='lat' dir='ltr'><strong><em>nescimus</em></strong></span> <span class='ocrx_word' id='word_1_232' title='bbox 1642 2557 1761 2626; x_wconf 91' lang='lat' dir='ltr'><strong><em>quid</em></strong></span> <span class='ocrx_word' id='word_1_233' title='bbox 1801 2558 1988 2624; x_wconf 78' lang='lat' dir='ltr'><strong><em>{actum</em></strong></span> <span class='ocrx_word' id='word_1_234' title='bbox 2022 2547 2085 2599; x_wconf 85' lang='lat' dir='ltr'><strong><em>sit</em></strong></span> 
     </span>
    </p>
   </div>
   <div class='ocr_carea' id='block_1_26' title="bbox 507 2638 2083 2765">
    <p class='ocr_par' dir='ltr' id='par_1_26' title="bbox 507 2638 2083 2765">
     <span class='ocr_line' id='line_1_30' title="bbox 507 2638 2083 2765; baseline -0.04 -15"><span class='ocrx_word' id='word_1_235' title='bbox 1012 2676 1099 2729; x_wconf 67' lang='grc'>41.</span> <span class='ocrx_word' id='word_1_236' title='bbox 1124 2638 1425 2724; x_wconf 51' lang='grc' dir='ltr'><strong><em>Εἵιέὶιιιιιιηι</em></strong></span> <span class='ocrx_word' id='word_1_237' title='bbox 1446 2659 1666 2729; x_wconf 75' lang='lat' dir='ltr'><strong><em>fecerunt</em></strong></span> <span class='ocrx_word' id='word_1_238' title='bbox 1692 2650 1743 2701; x_wconf 90' lang='lat' dir='ltr'><strong><em>in</em></strong></span> <span class='ocrx_word' id='word_1_239' title='bbox 1768 2643 1939 2699; x_wconf 88' lang='lat' dir='ltr'><strong><em>diebus</em></strong></span> <span class='ocrx_word' id='word_1_240' title='bbox 1962 2638 2083 2739; x_wconf 83' lang='lat' dir='ltr'><strong><em>illis,</em></strong></span> 
     </span>
    </p>
   </div>
   <div class='ocr_carea' id='block_1_27' title="bbox 509 2732 2085 2843">
    <p class='ocr_par' dir='ltr' id='par_1_27' title="bbox 509 2732 2085 2843">
     <span class='ocr_line' id='line_1_31' title="bbox 509 2732 2085 2843; baseline -0.04 0"><span class='ocrx_word' id='word_1_241' title='bbox 509 2799 556 2843; x_wconf 83' lang='lat' dir='ltr'><strong><em>et</em></strong></span> <span class='ocrx_word' id='word_1_242' title='bbox 569 2732 863 2841; x_wconf 60' lang='lat' dir='ltr'><strong><em>\obtulerunt</em></strong></span> <span class='ocrx_word' id='word_1_243' title='bbox 891 2770 1103 2824; x_wconf 83' lang='lat' dir='ltr'><strong><em>hostiam</em></strong></span> <span class='ocrx_word' id='word_1_244' title='bbox 1127 2758 1418 2818; x_wconf 90' lang='lat' dir='ltr'><strong><em>simulacro,</em></strong></span> <span class='ocrx_word' id='word_1_245' title='bbox 1450 2759 1493 2804; x_wconf 91' lang='lat' dir='ltr'><strong><em>et</em></strong></span> <span class='ocrx_word' id='word_1_246' title='bbox 1516 2743 1816 2802; x_wconf 65' lang='lat' dir='ltr'><strong><em>laetabantur</em></strong></span> <span class='ocrx_word' id='word_1_247' title='bbox 1841 2738 1893 2788; x_wconf 87' lang='lat' dir='ltr'><strong><em>in</em></strong></span> <span class='ocrx_word' id='word_1_248' title='bbox 1916 2732 2085 2801; x_wconf 86' lang='lat' dir='ltr'><strong><em>operi-</em></strong></span> 
     </span>
    </p>
   </div>
   <div class='ocr_carea' id='block_1_28' title="bbox 513 2831 2089 2932">
    <p class='ocr_par' dir='ltr' id='par_1_28' title="bbox 513 2831 2089 2932">
     <span class='ocr_line' id='line_1_32' title="bbox 513 2831 2089 2932; baseline -0.039 1"><span class='ocrx_word' id='word_1_249' title='bbox 513 2882 604 2932; x_wconf 86' lang='lat' dir='ltr'><strong><em>bus</em></strong></span> <span class='ocrx_word' id='word_1_250' title='bbox 633 2883 875 2928; x_wconf 87' lang='lat' dir='ltr'><strong><em>ntanuum</em></strong></span> <span class='ocrx_word' id='word_1_251' title='bbox 896 2875 1121 2917; x_wconf 87' lang='lat' dir='ltr'><strong><em>suarum.</em></strong></span> <span class='ocrx_word' id='word_1_252' title='bbox 1147 2851 1234 2907; x_wconf 68' lang='grc'><strong><em>42.</em></strong></span> <span class='ocrx_word' id='word_1_253' title='bbox 1265 2841 1517 2902; x_wconf 82' lang='lat' dir='ltr'><strong><em>Convertit</em></strong></span> <span class='ocrx_word' id='word_1_254' title='bbox 1542 2846 1709 2891; x_wconf 91' lang='lat' dir='ltr'><strong><em>autem</em></strong></span> <span class='ocrx_word' id='word_1_255' title='bbox 1730 2831 1885 2889; x_wconf 82' lang='lat' dir='ltr'><strong><em>Deus,</em></strong></span> <span class='ocrx_word' id='word_1_256' title='bbox 1914 2834 1958 2878; x_wconf 92' lang='lat' dir='ltr'><strong><em>et</em></strong></span> <span class='ocrx_word' id='word_1_257' title='bbox 1980 2834 2089 2875; x_wconf 88' lang='lat' dir='ltr'><strong><em>tra-</em></strong></span> 
     </span>
     <span class='ocr_line' id='line_1_33' title="bbox 1649 2913 2066 2932; baseline -0.038 0"><span class='ocrx_word' id='word_1_258' title='bbox 1649 2927 1659 2932; x_wconf 87' lang='lat'><strong><em>-</em></strong></span> <span class='ocrx_word' id='word_1_259' title='bbox 1907 2929 1914 2932; x_wconf 89' lang='lat'><em>_</em></span> <span class='ocrx_word' id='word_1_260' title='bbox 1952 2918 1991 2932; x_wconf 18' lang='grc' dir='ltr'><em>,ν</em></span> <span class='ocrx_word' id='word_1_261' title='bbox 2035 2913 2066 2932; x_wconf 58' lang='grc' dir='ltr'>η</span> 
     </span>
    </p>
   </div>
   <div class='ocr_carea' id='block_1_29' title="bbox 514 2913 2093 3025">
    <p class='ocr_par' dir='ltr' id='par_1_29' title="bbox 514 2913 2093 3025">
     <span class='ocr_line' id='line_1_34' title="bbox 514 2913 2093 3025; baseline -0.04 0"><span class='ocrx_word' id='word_1_262' title='bbox 514 2969 640 3025; x_wconf 87' lang='lat' dir='ltr'><strong><em>didit</em></strong></span> <span class='ocrx_word' id='word_1_263' title='bbox 670 2964 784 3018; x_wconf 87' lang='lat' dir='ltr'><strong><em>illos</em></strong></span> <span class='ocrx_word' id='word_1_264' title='bbox 813 2955 995 3012; x_wconf 83' lang='lat' dir='ltr'><strong><em>servire</em></strong></span> <span class='ocrx_word' id='word_1_265' title='bbox 1026 2946 1218 3002; x_wconf 79' lang='lat' dir='ltr'><strong><em>militia:</em></strong></span> <span class='ocrx_word' id='word_1_266' title='bbox 1246 2939 1377 3002; x_wconf 78' lang='lat' dir='ltr'><strong><em>cccli,</em></strong></span> <span class='ocrx_word' id='word_1_267' title='bbox 1412 2935 1538 2988; x_wconf 90' lang='lat' dir='ltr'><strong><em>sicut</em></strong></span> <span class='ocrx_word' id='word_1_268' title='bbox 1563 2927 1805 2997; x_wconf 85' lang='lat' dir='ltr'><strong><em>scriptum</em></strong></span> <span class='ocrx_word' id='word_1_269' title='bbox 1846 2929 1916 2972; x_wconf 84' lang='lat' dir='ltr'><strong><em>est</em></strong></span> <span class='ocrx_word' id='word_1_270' title='bbox 1947 2918 1997 2967; x_wconf 88' lang='lat' dir='ltr'><strong><em>in</em></strong></span> <span class='ocrx_word' id='word_1_271' title='bbox 2030 2913 2093 2965; x_wconf 82' lang='lat' dir='ltr'><strong><em>li-</em></strong></span> 
     </span>
    </p>
   </div>
   <div class='ocr_carea' id='block_1_30' title="bbox 1062 3007 2092 3103">
    <p class='ocr_par' dir='ltr' id='par_1_30' title="bbox 1062 3007 2092 3103">
     <span class='ocr_line' id='line_1_35' title="bbox 1062 3007 2092 3103; baseline -0.037 -10"><span class='ocrx_word' id='word_1_272' title='bbox 1062 3033 1322 3103; x_wconf 63' lang='lat' dir='ltr'><strong><em>.\&#39;umquid</em></strong></span> <span class='ocrx_word' id='word_1_273' title='bbox 1347 3026 1569 3082; x_wconf 87' lang='lat' dir='ltr'><strong><em>victimas</em></strong></span> <span class='ocrx_word' id='word_1_274' title='bbox 1594 3029 1641 3074; x_wconf 91' lang='lat' dir='ltr'><strong><em>et</em></strong></span> <span class='ocrx_word' id='word_1_275' title='bbox 1668 3012 1918 3081; x_wconf 77' lang='lat' dir='ltr'><strong><em>sacriﬁcia</em></strong></span> <span class='ocrx_word' id='word_1_276' title='bbox 1945 3007 2092 3061; x_wconf 89' lang='lat' dir='ltr'><strong><em>obtu-</em></strong></span> 
     </span>
    </p>
   </div>
   <div class='ocr_carea' id='block_1_31' title="bbox 518 3093 2096 3209">
    <p class='ocr_par' dir='ltr' id='par_1_31' title="bbox 518 3093 2096 3209">
     <span class='ocr_line' id='line_1_36' title="bbox 518 3093 1224 3117; baseline -0.045 1"><span class='ocrx_word' id='word_1_277' title='bbox 518 3093 606 3117; x_wconf 82' lang='grc' dir='ltr'><strong><em>υΙυ</em></strong></span> <span class='ocrx_word' id='word_1_278' title='bbox 668 3093 721 3110; x_wconf 79' lang='lat' dir='ltr'><strong><em>IV</em></strong></span> <span class='ocrx_word' id='word_1_279' title='bbox 765 3093 889 3106; x_wconf 70' lang='grc' dir='ltr'><strong><em>ειν-ην</em></strong></span> <span class='ocrx_word' id='word_1_280' title='bbox 907 3093 986 3100; x_wconf 64' lang='grc' dir='ltr'>.-.η</span> <span class='ocrx_word' id='word_1_281' title='bbox 1011 3093 1022 3097; x_wconf 77' lang='grc'>,</span> <span class='ocrx_word' id='word_1_282' title='bbox 1215 3093 1224 3103; x_wconf 49' lang='grc' dir='ltr'>ι</span> 
     </span>
     <span class='ocr_line' id='line_1_37' title="bbox 518 3093 2096 3209; baseline -0.041 -1"><span class='ocrx_word' id='word_1_283' title='bbox 518 3093 791 3209; x_wconf 51' lang='grc' dir='ltr'><strong><em>ιὶειὶδμηιῧιὶ</em></strong></span> <span class='ocrx_word' id='word_1_284' title='bbox 817 3139 962 3194; x_wconf 87' lang='lat' dir='ltr'><strong><em>annis</em></strong></span> <span class='ocrx_word' id='word_1_285' title='bbox 1000 3126 1335 3203; x_wconf 84' lang='lat' dir='ltr'><strong><em>quadraginta</em></strong></span> <span class='ocrx_word' id='word_1_286' title='bbox 1370 3119 1422 3171; x_wconf 87' lang='lat' dir='ltr'><strong><em>in</em></strong></span> <span class='ocrx_word' id='word_1_287' title='bbox 1456 3115 1675 3171; x_wconf 85' lang='lat' dir='ltr'><strong><em>deserto,</em></strong></span> <span class='ocrx_word' id='word_1_288' title='bbox 1720 3106 1896 3158; x_wconf 86' lang='lat' dir='ltr'><strong><em>domus</em></strong></span> <span class='ocrx_word' id='word_1_289' title='bbox 1931 3093 2096 3150; x_wconf 89' lang='lat' dir='ltr'><strong><em>Israel</em></strong></span> 
     </span>
     <span class='ocr_line' id='line_1_38' title="bbox 1626 3186 2069 3209; baseline -0.043 17"><span class='ocrx_word' id='word_1_290' title='bbox 1626 3202 1635 3209; x_wconf 80' lang='grc'><strong><em>⁸</em></strong></span> <span class='ocrx_word' id='word_1_291' title='bbox 1845 3196 1854 3209; x_wconf 79' lang='grc' dir='ltr'>ί</span> <span class='ocrx_word' id='word_1_292' title='bbox 1994 3186 2069 3209; x_wconf 63' lang='grc' dir='ltr'><strong><em>ΙΙ,</em></strong></span> 
     </span>
    </p>
   </div>
   <div class='ocr_carea' id='block_1_32' title="bbox 526 3186 2098 3316">
    <p class='ocr_par' dir='ltr' id='par_1_32' title="bbox 526 3186 2098 3316">
     <span class='ocr_line' id='line_1_39' title="bbox 526 3186 2098 3316; baseline -0.043 -14"><span class='ocrx_word' id='word_1_293' title='bbox 1008 3186 1097 3280; x_wconf 60' lang='lat'><strong><em>:55.</em></strong></span> <span class='ocrx_word' id='word_1_294' title='bbox 1245 3212 1537 3309; x_wconf 42' lang='lat' dir='ltr'><strong><em>suscepistis.</em></strong></span> <span class='ocrx_word' id='word_1_295' title='bbox 1569 3196 1940 3316; x_wconf 56' lang='lat' dir='ltr'><strong><em>tabernaculum</em></strong></span> <span class='ocrx_word' id='word_1_296' title='bbox 1972 3186 2098 3291; x_wconf 61' lang='lat' dir='ltr'><strong><em>illo-</em></strong></span> 
     </span>
    </p>
   </div>
   <div class='ocr_carea' id='block_1_33' title="bbox 522 3281 2095 3398">
    <p class='ocr_par' dir='ltr' id='par_1_33' title="bbox 522 3281 2095 3398">
     <span class='ocr_line' id='line_1_40' title="bbox 553 3281 960 3301; baseline -0.044 0"><span class='ocrx_word' id='word_1_297' title='bbox 553 3281 701 3301; x_wconf 72' lang='grc' dir='ltr'><strong><em>ιἸΙΙουν</em></strong></span> <span class='ocrx_word' id='word_1_298' title='bbox 748 3281 799 3293; x_wconf 80' lang='grc' dir='ltr'><strong><em>ν-</em></strong></span> <span class='ocrx_word' id='word_1_299' title='bbox 839 3281 924 3300; x_wconf 72' lang='grc'><strong><em>--¹</em></strong></span> <span class='ocrx_word' id='word_1_300' title='bbox 954 3281 960 3283; x_wconf 74' lang='lat'><strong><em>.</em></strong></span> 
     </span>
     <span class='ocr_line' id='line_1_41' title="bbox 522 3281 2095 3398; baseline -0.044 -1"><span class='ocrx_word' id='word_1_301' title='bbox 522 3281 655 3398; x_wconf 74' lang='lat' dir='ltr'><strong><em>loclt.</em></strong></span> <span class='ocrx_word' id='word_1_302' title='bbox 686 3344 731 3389; x_wconf 87' lang='lat' dir='ltr'><strong><em>et</em></strong></span> <span class='ocrx_word' id='word_1_303' title='bbox 753 3330 891 3385; x_wconf 87' lang='lat' dir='ltr'><strong><em>sidus</em></strong></span> <span class='ocrx_word' id='word_1_304' title='bbox 913 3322 991 3377; x_wconf 88' lang='lat' dir='ltr'><strong><em>dei</em></strong></span> <span class='ocrx_word' id='word_1_305' title='bbox 1012 3315 1157 3373; x_wconf 88' lang='lat' dir='ltr'><strong><em>vestri</em></strong></span> <span class='ocrx_word' id='word_1_306' title='bbox 1184 3305 1469 3376; x_wconf 83' lang='lat' dir='ltr'><strong><em>Rempltan,</em></strong></span> <span class='ocrx_word' id='word_1_307' title='bbox 1504 3298 1714 3367; x_wconf 75' lang='lat' dir='ltr'><strong><em>figuras,</em></strong></span> <span class='ocrx_word' id='word_1_308' title='bbox 1737 3303 1860 3359; x_wconf 89' lang='lat' dir='ltr'><strong><em>quas</em></strong></span> <span class='ocrx_word' id='word_1_309' title='bbox 1888 3281 2095 3351; x_wconf 72' lang='lat' dir='ltr'><strong><em>fecistis,</em></strong></span> 
     </span>
     <span class='ocr_line' id='line_1_42' title="bbox 1606 3376 2073 3398; baseline -0.041 19"><span class='ocrx_word' id='word_1_310' title='bbox 1606 3396 1613 3398; x_wconf 83' lang='grc'>·</span> <span class='ocrx_word' id='word_1_311' title='bbox 1776 3376 2073 3398; x_wconf 45' lang='grc' dir='ltr'><strong><em>ημλΙ---Ιι---ηη-</em></strong></span> 
     </span>
    </p>
   </div>
   <div class='ocr_carea' id='block_1_34' title="bbox 521 3376 2096 3488">
    <p class='ocr_par' dir='ltr' id='par_1_34' title="bbox 521 3376 2096 3488">
     <span class='ocr_line' id='line_1_43' title="bbox 522 3376 923 3398; baseline -0.052 0"><span class='ocrx_word' id='word_1_312' title='bbox 522 3376 655 3398; x_wconf 70' lang='grc' dir='ltr'><strong><em>ουιη.</em></strong></span> <span class='ocrx_word' id='word_1_313' title='bbox 686 3376 731 3389; x_wconf 67' lang='lat' dir='ltr'><strong><em>vv</em></strong></span> <span class='ocrx_word' id='word_1_314' title='bbox 753 3376 888 3385; x_wconf 59' lang='grc' dir='ltr'><strong><em>ν-νν--ν</em></strong></span> <span class='ocrx_word' id='word_1_315' title='bbox 918 3376 923 3377; x_wconf 60' lang='lat'><strong><em>,</em></strong></span> 
     </span>
     <span class='ocr_line' id='line_1_44' title="bbox 521 3376 2096 3488; baseline -0.04 -3"><span class='ocrx_word' id='word_1_316' title='bbox 521 3444 580 3488; x_wconf 90' lang='lat' dir='ltr'><strong><em>ut</em></strong></span> <span class='ocrx_word' id='word_1_317' title='bbox 603 3421 880 3485; x_wconf 88' lang='lat' dir='ltr'><strong><em>adorarctis</em></strong></span> <span class='ocrx_word' id='word_1_318' title='bbox 908 3431 1012 3470; x_wconf 90' lang='lat' dir='ltr'><strong><em>eas.</em></strong></span> <span class='ocrx_word' id='word_1_319' title='bbox 1051 3408 1113 3461; x_wconf 85' lang='lat' dir='ltr'><strong><em>Et</em></strong></span> <span class='ocrx_word' id='word_1_320' title='bbox 1143 3399 1445 3468; x_wconf 78' lang='lat' dir='ltr'><strong><em>transferam</em></strong></span> <span class='ocrx_word' id='word_1_321' title='bbox 1486 3406 1571 3444; x_wconf 90' lang='lat' dir='ltr'><strong><em>vos</em></strong></span> <span class='ocrx_word' id='word_1_322' title='bbox 1598 3396 1736 3439; x_wconf 88' lang='lat' dir='ltr'><strong><em>trans</em></strong></span> <span class='ocrx_word' id='word_1_323' title='bbox 1768 3376 2096 3446; x_wconf 83' lang='lat' dir='ltr'><strong><em>Babylonem.</em></strong></span> 
     </span>
     <span class='ocr_line' id='line_1_45' title="bbox 1453 3463 2096 3488; baseline -0.042 14"><span class='ocrx_word' id='word_1_324' title='bbox 1453 3483 1462 3488; x_wconf 85' lang='lat'><em>‘</em></span> <span class='ocrx_word' id='word_1_325' title='bbox 1500 3480 1511 3488; x_wconf 74' lang='lat'><strong><em>‘</em></strong></span> <span class='ocrx_word' id='word_1_326' title='bbox 1602 3476 1649 3488; x_wconf 82' lang='grc' dir='ltr'><strong><em>ι·</em></strong></span> <span class='ocrx_word' id='word_1_327' title='bbox 1700 3470 1742 3488; x_wconf 70' lang='grc' dir='ltr'><strong><em>ην</em></strong></span> <span class='ocrx_word' id='word_1_328' title='bbox 1785 3470 1803 3488; x_wconf 63' lang='lat'><strong><em>1,</em></strong></span> <span class='ocrx_word' id='word_1_329' title='bbox 1826 3463 2096 3488; x_wconf 37' lang='lat' dir='ltr'><strong><em>“,HHAHLH“</em></strong></span> 
     </span>
    </p>
   </div>
   <div class='ocr_carea' id='block_1_35' title="bbox 528 3463 2102 3579">
    <p class='ocr_par' dir='ltr' id='par_1_35' title="bbox 528 3463 2102 3579">
     <span class='ocr_line' id='line_1_46' title="bbox 528 3463 1295 3488; baseline -0.055 2"><span class='ocrx_word' id='word_1_330' title='bbox 528 3463 580 3488; x_wconf 68' lang='grc' dir='ltr'><strong><em>ιιι</em></strong></span> <span class='ocrx_word' id='word_1_331' title='bbox 603 3463 715 3485; x_wconf 63' lang='lat' dir='ltr'><strong><em>unus</em></strong></span> <span class='ocrx_word' id='word_1_332' title='bbox 730 3463 774 3477; x_wconf 70' lang='grc' dir='ltr'><strong><em>υσ-</em></strong></span> <span class='ocrx_word' id='word_1_333' title='bbox 791 3463 879 3475; x_wconf 74' lang='grc' dir='ltr'>νν...</span> <span class='ocrx_word' id='word_1_334' title='bbox 909 3463 1009 3470; x_wconf 25' lang='grc' dir='ltr'><strong><em>-.ὴ-ν</em></strong></span> <span class='ocrx_word' id='word_1_335' title='bbox 1285 3463 1295 3468; x_wconf 50' lang='lat'>&#39;</span> 
     </span>
     <span class='ocr_line' id='line_1_47' title="bbox 528 3463 2102 3579; baseline -0.043 0"><span class='ocrx_word' id='word_1_336' title='bbox 528 3518 784 3579; x_wconf 77' lang='lat' dir='ltr'><strong><em>Tradidit;</em></strong></span> <span class='ocrx_word' id='word_1_337' title='bbox 809 3514 908 3564; x_wconf 90' lang='lat' dir='ltr'><strong><em>hoc</em></strong></span> <span class='ocrx_word' id='word_1_338' title='bbox 933 3506 1070 3560; x_wconf 87' lang='lat' dir='ltr'><strong><em>idem</em></strong></span> <span class='ocrx_word' id='word_1_339' title='bbox 1092 3505 1174 3552; x_wconf 88' lang='lat' dir='ltr'><strong><em>est</em></strong></span> <span class='ocrx_word' id='word_1_340' title='bbox 1201 3506 1284 3557; x_wconf 88' lang='lat' dir='ltr'><strong><em>ac,</em></strong></span> <span class='ocrx_word' id='word_1_341' title='bbox 1303 3480 1559 3557; x_wconf 75' lang='lat' dir='ltr'><strong><em>permisit.</em></strong></span> <span class='ocrx_word' id='word_1_342' title='bbox 1589 3476 1677 3531; x_wconf 70' lang='grc'><strong><em>44.</em></strong></span> <span class='ocrx_word' id='word_1_343' title='bbox 1700 3463 2102 3526; x_wconf 82' lang='lat' dir='ltr'><strong><em>Tuberaaculum</em></strong></span> 
     </span>
    </p>
   </div>
   <div class='ocr_carea' id='block_1_36' title="bbox 528 3562 2106 3669">
    <p class='ocr_par' dir='ltr' id='par_1_36' title="bbox 528 3562 2106 3669">
     <span class='ocr_line' id='line_1_48' title="bbox 528 3562 2106 3669; baseline -0.042 0"><span class='ocrx_word' id='word_1_344' title='bbox 528 3605 794 3669; x_wconf 82' lang='lat' dir='ltr'><strong><em>testimonii</em></strong></span> <span class='ocrx_word' id='word_1_345' title='bbox 821 3607 926 3654; x_wconf 83' lang='lat' dir='ltr'><strong><em>erat</em></strong></span> <span class='ocrx_word' id='word_1_346' title='bbox 954 3590 1179 3666; x_wconf 86' lang='lat' dir='ltr'><strong><em>patribus</em></strong></span> <span class='ocrx_word' id='word_1_347' title='bbox 1207 3579 1390 3636; x_wconf 88' lang='lat' dir='ltr'><strong><em>nostris</em></strong></span> <span class='ocrx_word' id='word_1_348' title='bbox 1429 3575 1483 3627; x_wconf 91' lang='lat' dir='ltr'><strong><em>in</em></strong></span> <span class='ocrx_word' id='word_1_349' title='bbox 1520 3572 1733 3627; x_wconf 89' lang='lat' dir='ltr'><strong><em>deserto,</em></strong></span> <span class='ocrx_word' id='word_1_350' title='bbox 1766 3562 1891 3616; x_wconf 90' lang='lat' dir='ltr'><strong><em>sicut</em></strong></span> <span class='ocrx_word' id='word_1_351' title='bbox 1917 3564 2106 3610; x_wconf 59' lang='lat' dir='ltr'><strong><em>statue»-</em></strong></span> 
     </span>
     <span class='ocr_line' id='line_1_49' title="bbox 1682 3649 2103 3669; baseline -0.036 0"><span class='ocrx_word' id='word_1_352' title='bbox 1794 3658 1804 3669; x_wconf 92' lang='lat'><strong><em>.</em></strong></span> <span class='ocrx_word' id='word_1_353' title='bbox 1956 3668 1976 3669; x_wconf 24' lang='grc' dir='ltr'><em>η</em></span> <span class='ocrx_word' id='word_1_354' title='bbox 1995 3649 2103 3669; x_wconf 43' lang='grc' dir='ltr'><strong><em>λω-</em></strong></span> 
     </span>
    </p>
   </div>
   <div class='ocr_carea' id='block_1_37' title="bbox 528 3649 2106 3764">
    <p class='ocr_par' dir='ltr' id='par_1_37' title="bbox 528 3649 2106 3764">
     <span class='ocr_line' id='line_1_50' title="bbox 528 3649 2106 3764; baseline -0.041 -1"><span class='ocrx_word' id='word_1_355' title='bbox 1000 3686 1064 3739; x_wconf 87' lang='lat' dir='ltr'><strong><em>ad</em></strong></span> <span class='ocrx_word' id='word_1_356' title='bbox 1104 3680 1350 3750; x_wconf 85' lang='lat' dir='ltr'><strong><em>Moysem,</em></strong></span> <span class='ocrx_word' id='word_1_357' title='bbox 1384 3680 1439 3725; x_wconf 90' lang='lat' dir='ltr'><strong><em>ut</em></strong></span> <span class='ocrx_word' id='word_1_358' title='bbox 1467 3671 1647 3740; x_wconf 81' lang='lat' dir='ltr'><strong><em>faceret</em></strong></span> <span class='ocrx_word' id='word_1_359' title='bbox 1675 3658 1805 3713; x_wconf 88' lang='lat' dir='ltr'><strong><em>illud</em></strong></span> <span class='ocrx_word' id='word_1_360' title='bbox 1834 3649 2106 3709; x_wconf 84' lang='lat' dir='ltr'><strong><em>secundum</em></strong></span> 
     </span>
    </p>
   </div>
   <div class='ocr_carea' id='block_1_38' title="bbox 530 3747 2106 3872">
    <p class='ocr_par' dir='ltr' id='par_1_38' title="bbox 530 3747 2106 3872">
     <span class='ocr_line' id='line_1_51' title="bbox 530 3747 2106 3872; baseline -0.04 -18"><span class='ocrx_word' id='word_1_361' title='bbox 530 3806 768 3872; x_wconf 77' lang='lat' dir='ltr'><strong><em>formum,</em></strong></span> <span class='ocrx_word' id='word_1_362' title='bbox 797 3747 945 3858; x_wconf 76' lang='lat' dir='ltr'><strong><em>quam</em></strong></span> <span class='ocrx_word' id='word_1_363' title='bbox 974 3779 1163 3834; x_wconf 79' lang='lat' dir='ltr'><strong><em>viderat</em></strong></span> <span class='ocrx_word' id='word_1_364' title='bbox 1196 3766 1387 3843; x_wconf 75' lang='lat' dir='ltr'><strong><em>(Exod.</em></strong></span> <span class='ocrx_word' id='word_1_365' title='bbox 1417 3761 1507 3817; x_wconf 69' lang='grc'>25.</span> <span class='ocrx_word' id='word_1_366' title='bbox 1538 3756 1651 3827; x_wconf 67' lang='grc'>40).</span> <span class='ocrx_word' id='word_1_367' title='bbox 1683 3754 1828 3808; x_wconf 83' lang='lat' dir='ltr'><strong><em>Licet</em></strong></span> <span class='ocrx_word' id='word_1_368' title='bbox 1855 3747 2106 3802; x_wconf 80' lang='lat' dir='ltr'><strong><em>taberna-</em></strong></span> 
     </span>
     <span class='ocr_line' id='line_1_52' title="bbox 1060 3847 2106 3872; baseline -0.033 23"><span class='ocrx_word' id='word_1_369' title='bbox 1060 3871 1064 3872; x_wconf 47' lang='grc' dir='ltr'><em>ν</em></span> <span class='ocrx_word' id='word_1_370' title='bbox 1092 3869 1102 3872; x_wconf 45' lang='grc' dir='ltr'>λ</span> <span class='ocrx_word' id='word_1_371' title='bbox 1147 3867 1156 3872; x_wconf 89' lang='grc'>·</span> <span class='ocrx_word' id='word_1_372' title='bbox 1411 3870 1439 3872; x_wconf 51' lang='grc' dir='ltr'><strong><em>ν-</em></strong></span> <span class='ocrx_word' id='word_1_373' title='bbox 1473 3862 1506 3872; x_wconf 38' lang='grc' dir='ltr'><strong><em>γι</em></strong></span> <span class='ocrx_word' id='word_1_374' title='bbox 1563 3847 1711 3872; x_wconf 75' lang='lat' dir='ltr'><strong><em>n.....t</em></strong></span> <span class='ocrx_word' id='word_1_375' title='bbox 1744 3856 1869 3872; x_wconf 55' lang='grc' dir='ltr'>...ψη</span> <span class='ocrx_word' id='word_1_376' title='bbox 1896 3854 1999 3872; x_wconf 72' lang='lat' dir='ltr'><strong><em>nm,</em></strong></span> <span class='ocrx_word' id='word_1_377' title='bbox 2025 3848 2106 3872; x_wconf 59' lang='grc' dir='ltr'><strong><em>ρε-</em></strong></span> 
     </span>
    </p>
   </div>
   <div class='ocr_carea' id='block_1_39' title="bbox 533 3847 2108 3946">
    <p class='ocr_par' dir='ltr' id='par_1_39' title="bbox 533 3847 2108 3946">
     <span class='ocr_line' id='line_1_53' title="bbox 533 3847 2108 3946; baseline -0.039 1"><span class='ocrx_word' id='word_1_378' title='bbox 533 3847 710 3946; x_wconf 60' lang='lat' dir='ltr'><strong><em>i-ulum</em></strong></span> <span class='ocrx_word' id='word_1_379' title='bbox 742 3889 905 3942; x_wconf 82' lang='lat' dir='ltr'><strong><em>esset,</em></strong></span> <span class='ocrx_word' id='word_1_380' title='bbox 934 3867 1191 3928; x_wconf 83' lang='lat' dir='ltr'><strong><em>sacriﬁcia</em></strong></span> <span class='ocrx_word' id='word_1_381' title='bbox 1223 3876 1327 3917; x_wconf 91' lang='lat' dir='ltr'><strong><em>non</em></strong></span> <span class='ocrx_word' id='word_1_382' title='bbox 1360 3862 1531 3911; x_wconf 88' lang='lat' dir='ltr'><strong><em>erant.</em></strong></span> <span class='ocrx_word' id='word_1_383' title='bbox 1562 3847 1715 3918; x_wconf 87' lang='lat' dir='ltr'><strong><em>Quod</em></strong></span> <span class='ocrx_word' id='word_1_384' title='bbox 1744 3856 1869 3897; x_wconf 86' lang='lat' dir='ltr'><strong><em>vero</em></strong></span> <span class='ocrx_word' id='word_1_385' title='bbox 1896 3854 2001 3892; x_wconf 90' lang='lat' dir='ltr'><strong><em>non</em></strong></span> <span class='ocrx_word' id='word_1_386' title='bbox 2025 3848 2108 3888; x_wconf 88' lang='lat' dir='ltr'><strong><em>cs-</em></strong></span> 
     </span>
    </p>
   </div>
   <div class='ocr_carea' id='block_1_40' title="bbox 534 3931 2110 4049">
    <p class='ocr_par' dir='ltr' id='par_1_40' title="bbox 534 3931 2110 4049">
     <span class='ocr_line' id='line_1_54' title="bbox 534 3931 2110 4049; baseline -0.037 -10"><span class='ocrx_word' id='word_1_387' title='bbox 534 3993 676 4047; x_wconf 73' lang='lat' dir='ltr'><strong><em>scnt,</em></strong></span> <span class='ocrx_word' id='word_1_388' title='bbox 710 3974 966 4049; x_wconf 89' lang='lat' dir='ltr'><strong><em>propheta</em></strong></span> <span class='ocrx_word' id='word_1_389' title='bbox 995 3963 1231 4020; x_wconf 72' lang='lat' dir='ltr'><strong><em>declarat</em></strong></span> <span class='ocrx_word' id='word_1_390' title='bbox 1259 3955 1341 4010; x_wconf 92' lang='lat' dir='ltr'><strong><em>his</em></strong></span> <span class='ocrx_word' id='word_1_391' title='bbox 1363 3948 1539 4004; x_wconf 84' lang='lat' dir='ltr'><strong><em>verbis</em></strong></span> <span class='ocrx_word' id='word_1_392' title='bbox 1564 3963 1577 3998; x_wconf 88' lang='lat'><strong>:</strong></span> <span class='ocrx_word' id='word_1_393' title='bbox 1604 3935 1865 4007; x_wconf 87' lang='lat' dir='ltr'><strong><em>Numquid</em></strong></span> <span class='ocrx_word' id='word_1_394' title='bbox 1888 3931 2110 3987; x_wconf 87' lang='lat' dir='ltr'><strong><em>victimas</em></strong></span> 
     </span>
    </p>
   </div>
   <div class='ocr_carea' id='block_1_41' title="bbox 537 4020 2111 4139">
    <p class='ocr_par' dir='ltr' id='par_1_41' title="bbox 537 4020 2111 4139">
     <span class='ocr_line' id='line_1_55' title="bbox 537 4020 947 4040; baseline -0.046 0"><span class='ocrx_word' id='word_1_395' title='bbox 537 4020 650 4040; x_wconf 65' lang='lat' dir='ltr'><strong>DDIII</strong></span> <span class='ocrx_word' id='word_1_396' title='bbox 749 4020 760 4031; x_wconf 84' lang='grc' dir='ltr'>ι</span> <span class='ocrx_word' id='word_1_397' title='bbox 778 4020 802 4027; x_wconf 76' lang='grc' dir='ltr'><strong><em>ιι</em></strong></span> <span class='ocrx_word' id='word_1_398' title='bbox 831 4020 947 4025; x_wconf 32' lang='grc' dir='ltr'><strong><em>νυ--.</em></strong></span> 
     </span>
     <span class='ocr_line' id='line_1_56' title="bbox 537 4020 2111 4139; baseline -0.039 -6"><span class='ocrx_word' id='word_1_399' title='bbox 537 4089 581 4133; x_wconf 91' lang='lat' dir='ltr'><strong><em>et</em></strong></span> <span class='ocrx_word' id='word_1_400' title='bbox 609 4020 857 4139; x_wconf 43' lang='lat' dir='ltr'><strong><em>sa’cifiﬁcia</em></strong></span> <span class='ocrx_word' id='word_1_401' title='bbox 880 4055 1130 4116; x_wconf 85' lang='lat' dir='ltr'><strong><em>obtulistis</em></strong></span> <span class='ocrx_word' id='word_1_402' title='bbox 1162 4045 1328 4103; x_wconf 83' lang='lat' dir='ltr'><strong><em>mihi?</em></strong></span> <span class='ocrx_word' id='word_1_403' title='bbox 1366 4033 1789 4097; x_wconf 88' lang='lat' dir='ltr'><strong><em>Tabernaculum</em></strong></span> <span class='ocrx_word' id='word_1_404' title='bbox 1823 4020 2111 4082; x_wconf 75' lang='lat' dir='ltr'><strong><em>testimonii</em></strong></span> 
     </span>
     <span class='ocr_line' id='line_1_57' title="bbox 1476 4113 2084 4139; baseline -0.035 21"><span class='ocrx_word' id='word_1_405' title='bbox 1476 4134 1486 4139; x_wconf 87' lang='grc'>·</span> <span class='ocrx_word' id='word_1_406' title='bbox 1768 4123 1779 4139; x_wconf 83' lang='grc' dir='ltr'><strong>ι</strong></span> <span class='ocrx_word' id='word_1_407' title='bbox 1810 4138 1822 4139; x_wconf 42' lang='grc' dir='ltr'><em>κ</em></span> <span class='ocrx_word' id='word_1_408' title='bbox 2011 4113 2084 4139; x_wconf 69' lang='grc' dir='ltr'>Μ..</span> 
     </span>
    </p>
   </div>
   <div class='ocr_carea' id='block_1_42' title="bbox 535 4113 2114 4231">
    <p class='ocr_par' dir='ltr' id='par_1_42' title="bbox 535 4113 2114 4231">
     <span class='ocr_line' id='line_1_58' title="bbox 537 4113 926 4139; baseline -0.049 -6"><span class='ocrx_word' id='word_1_409' title='bbox 537 4113 579 4133; x_wconf 75' lang='grc' dir='ltr'><strong><em>ιι</em></strong></span> <span class='ocrx_word' id='word_1_410' title='bbox 609 4113 857 4139; x_wconf 55' lang='lat' dir='ltr'><strong><em>Gut-ul.-.&quot;</em></strong></span> <span class='ocrx_word' id='word_1_411' title='bbox 885 4113 926 4116; x_wconf 32' lang='grc' dir='ltr'><strong><em>,κ</em></strong></span> 
     </span>
     <span class='ocr_line' id='line_1_59' title="bbox 535 4113 2114 4231; baseline -0.038 -6"><span class='ocrx_word' id='word_1_412' title='bbox 535 4177 671 4231; x_wconf 89' lang='lat' dir='ltr'><strong><em>erat,</em></strong></span> <span class='ocrx_word' id='word_1_413' title='bbox 694 4175 748 4218; x_wconf 90' lang='lat' dir='ltr'><strong><em>et</em></strong></span> <span class='ocrx_word' id='word_1_414' title='bbox 779 4156 908 4212; x_wconf 83' lang='lat' dir='ltr'><strong><em>nihil</em></strong></span> <span class='ocrx_word' id='word_1_415' title='bbox 940 4152 1066 4220; x_wconf 86' lang='lat' dir='ltr'><strong><em>ipsis</em></strong></span> <span class='ocrx_word' id='word_1_416' title='bbox 1095 4144 1363 4217; x_wconf 74' lang='lat' dir='ltr'><strong><em>proderat,</em></strong></span> <span class='ocrx_word' id='word_1_417' title='bbox 1397 4134 1489 4189; x_wconf 90' lang='lat' dir='ltr'><strong><em>sed</em></strong></span> <span class='ocrx_word' id='word_1_418' title='bbox 1512 4123 1981 4185; x_wconf 83' lang='lat' dir='ltr'><strong><em>consumebantur.</em></strong></span> <span class='ocrx_word' id='word_1_419' title='bbox 2010 4113 2114 4168; x_wconf 80' lang='lat' dir='ltr'><strong><em>Ne-</em></strong></span> 
     </span>
     <span class='ocr_line' id='line_1_60' title="bbox 1754 4206 2087 4231; baseline -0.021 7"><span class='ocrx_word' id='word_1_420' title='bbox 1754 4214 1795 4231; x_wconf 47' lang='grc' dir='ltr'><strong><em>ιιν</em></strong></span> <span class='ocrx_word' id='word_1_421' title='bbox 1825 4219 1958 4231; x_wconf 41' lang='grc' dir='ltr'><strong><em>ν-ημ.</em></strong></span> <span class='ocrx_word' id='word_1_422' title='bbox 1988 4206 2087 4231; x_wconf 84' lang='lat' dir='ltr'><strong><em>:n:.</em></strong></span> 
     </span>
    </p>
   </div>
   <div class='ocr_carea' id='block_1_43' title="bbox 1447 4206 2111 4294">
    <p class='ocr_par' dir='ltr' id='par_1_43' title="bbox 1447 4206 2111 4294">
     <span class='ocr_line' id='line_1_61' title="bbox 1447 4206 2111 4294; baseline -0.03 -18"><span class='ocrx_word' id='word_1_423' title='bbox 1447 4232 1624 4294; x_wconf 83' lang='lat' dir='ltr'><strong><em>postea</em></strong></span> <span class='ocrx_word' id='word_1_424' title='bbox 1652 4214 1964 4288; x_wconf 80' lang='lat' dir='ltr'><strong><em>profuerunt</em></strong></span> <span class='ocrx_word' id='word_1_425' title='bbox 1988 4206 2111 4261; x_wconf 81' lang='lat' dir='ltr'><strong><em>illis.</em></strong></span> 
     </span>
    </p>
   </div>
   <div class='ocr_carea' id='block_1_44' title="bbox 516 3056 1029 3130">
    <p class='ocr_par' dir='ltr' id='par_1_44' title="bbox 516 3056 1029 3130">
     <span class='ocr_line' id='line_1_62' title="bbox 516 3056 1029 3130; baseline -0.043 -12"><span class='ocrx_word' id='word_1_426' title='bbox 516 3065 606 3117; x_wconf 89' lang='lat' dir='ltr'><strong><em>bro</em></strong></span> <span class='ocrx_word' id='word_1_427' title='bbox 633 3056 988 3130; x_wconf 85' lang='lat' dir='ltr'><strong><em>prophetarum</em></strong></span> <span class='ocrx_word' id='word_1_428' title='bbox 1011 3061 1029 3097; x_wconf 91' lang='lat'><strong><em>:</em></strong></span> 
     </span>
    </p>
   </div>
   <div class='ocr_carea' id='block_1_45' title="bbox 537 4244 1417 4330">
    <p class='ocr_par' dir='ltr' id='par_1_45' title="bbox 537 4244 1417 4330">
     <span class='ocr_line' id='line_1_63' title="bbox 537 4244 1417 4330; baseline -0.041 -15"><span class='ocrx_word' id='word_1_429' title='bbox 537 4275 644 4330; x_wconf 89' lang='lat' dir='ltr'><strong><em>quc</em></strong></span> <span class='ocrx_word' id='word_1_430' title='bbox 672 4251 896 4308; x_wconf 80' lang='lat' dir='ltr'><strong><em>antehac</em></strong></span> <span class='ocrx_word' id='word_1_431' title='bbox 918 4245 1020 4299; x_wconf 82' lang='lat' dir='ltr'><strong><em>illis</em></strong></span> <span class='ocrx_word' id='word_1_432' title='bbox 1047 4251 1216 4308; x_wconf 78' lang='lat' dir='ltr'><strong><em>Signa,</em></strong></span> <span class='ocrx_word' id='word_1_433' title='bbox 1248 4244 1417 4299; x_wconf 87' lang='lat' dir='ltr'><strong><em>neque</em></strong></span> 
     </span>
    </p>
   </div>
   <div class='ocr_carea' id='block_1_46' title="bbox 540 4298 2117 4414">
    <p class='ocr_par' dir='ltr' id='par_1_46' title="bbox 540 4298 2117 4414">
     <span class='ocr_line' id='line_1_64' title="bbox 540 4298 2117 4414; baseline -0.038 -6"><span class='ocrx_word' id='word_1_434' title='bbox 540 4298 628 4408; x_wconf 56' lang='lat' dir='ltr'><strong><em>i5.</em></strong></span> <span class='ocrx_word' id='word_1_435' title='bbox 662 4344 807 4414; x_wconf 83' lang='lat' dir='ltr'><strong><em>Quod</em></strong></span> <span class='ocrx_word' id='word_1_436' title='bbox 833 4351 879 4395; x_wconf 87' lang='lat' dir='ltr'><strong><em>et</em></strong></span> <span class='ocrx_word' id='word_1_437' title='bbox 909 4335 1237 4390; x_wconf 79' lang='lat' dir='ltr'><strong><em>induxerunt,</em></strong></span> <span class='ocrx_word' id='word_1_438' title='bbox 1268 4319 1594 4389; x_wconf 86' lang='lat' dir='ltr'><strong><em>suscipientes</em></strong></span> <span class='ocrx_word' id='word_1_439' title='bbox 1622 4319 1788 4382; x_wconf 86' lang='lat' dir='ltr'><strong><em>patres</em></strong></span> <span class='ocrx_word' id='word_1_440' title='bbox 1816 4302 1994 4358; x_wconf 88' lang='lat' dir='ltr'><strong><em>nostri.</em></strong></span> <span class='ocrx_word' id='word_1_441' title='bbox 2031 4298 2117 4351; x_wconf 72' lang='lat' dir='ltr'><strong><em>Vi-</em></strong></span> 
     </span>
     <span class='ocr_line' id='line_1_65' title="bbox 1473 4389 2114 4414; baseline -0.036 23"><span class='ocrx_word' id='word_1_442' title='bbox 1473 4410 1482 4414; x_wconf 81' lang='lat'><em>‘</em></span> <span class='ocrx_word' id='word_1_443' title='bbox 1508 4409 1518 4414; x_wconf 91' lang='grc'>·</span> <span class='ocrx_word' id='word_1_444' title='bbox 1662 4403 1696 4414; x_wconf 63' lang='grc' dir='ltr'><strong>τι</strong></span> <span class='ocrx_word' id='word_1_445' title='bbox 1818 4397 1841 4414; x_wconf 75' lang='grc' dir='ltr'>α</span> <span class='ocrx_word' id='word_1_446' title='bbox 1872 4396 1887 4414; x_wconf 89' lang='lat' dir='ltr'><strong>I</strong></span> <span class='ocrx_word' id='word_1_447' title='bbox 1912 4396 1954 4414; x_wconf 66' lang='lat' dir='ltr'>L</span> <span class='ocrx_word' id='word_1_448' title='bbox 1983 4412 1988 4414; x_wconf 39' lang='grc' dir='ltr'>ν</span> <span class='ocrx_word' id='word_1_449' title='bbox 2061 4389 2114 4414; x_wconf 78' lang='grc' dir='ltr'>ι..</span> 
     </span>
    </p>
   </div>
   <div class='ocr_carea' id='block_1_47' title="bbox 543 4389 2118 4498">
    <p class='ocr_par' dir='ltr' id='par_1_47' title="bbox 543 4389 2118 4498">
     <span class='ocr_line' id='line_1_66' title="bbox 543 4389 920 4414; baseline -0.048 -6"><span class='ocrx_word' id='word_1_450' title='bbox 543 4389 628 4408; x_wconf 66' lang='grc' dir='ltr'><strong><em>τυ.</em></strong></span> <span class='ocrx_word' id='word_1_451' title='bbox 664 4389 806 4414; x_wconf 56' lang='grc' dir='ltr'><strong><em>κμη</em></strong></span> <span class='ocrx_word' id='word_1_452' title='bbox 835 4389 876 4395; x_wconf 73' lang='lat'><strong><em>_-</em></strong></span> <span class='ocrx_word' id='word_1_453' title='bbox 914 4389 920 4390; x_wconf 62' lang='lat'><strong><em>,</em></strong></span> 
     </span>
     <span class='ocr_line' id='line_1_67' title="bbox 543 4389 2118 4498; baseline -0.037 1"><span class='ocrx_word' id='word_1_454' title='bbox 543 4444 660 4498; x_wconf 75' lang='lat' dir='ltr'><strong><em>den‘</em></strong></span> <span class='ocrx_word' id='word_1_455' title='bbox 689 4439 758 4495; x_wconf 88' lang='lat' dir='ltr'><strong><em>ibi</em></strong></span> <span class='ocrx_word' id='word_1_456' title='bbox 789 4436 961 4489; x_wconf 87' lang='lat' dir='ltr'><strong><em>locum</em></strong></span> <span class='ocrx_word' id='word_1_457' title='bbox 988 4434 1230 4480; x_wconf 88' lang='lat' dir='ltr'><strong><em>sanctum</em></strong></span> <span class='ocrx_word' id='word_1_458' title='bbox 1267 4430 1407 4475; x_wconf 84' lang='lat' dir='ltr'><strong><em>esse.</em></strong></span> <span class='ocrx_word' id='word_1_459' title='bbox 1435 4409 1522 4464; x_wconf 89' lang='lat' dir='ltr'><strong><em>ubi</em></strong></span> <span class='ocrx_word' id='word_1_460' title='bbox 1549 4416 1631 4460; x_wconf 85' lang='lat' dir='ltr'><strong><em>est</em></strong></span> <span class='ocrx_word' id='word_1_461' title='bbox 1662 4397 1841 4457; x_wconf 84' lang='lat' dir='ltr'><strong><em>Deus?</em></strong></span> <span class='ocrx_word' id='word_1_462' title='bbox 1872 4396 2016 4457; x_wconf 83' lang='lat' dir='ltr'><strong><em>idco,</em></strong></span> <span class='ocrx_word' id='word_1_463' title='bbox 2051 4389 2118 4444; x_wconf 83' lang='lat' dir='ltr'><strong><em>In</em></strong></span> 
     </span>
    </p>
   </div>
   <div class='ocr_carea' id='block_1_48' title="bbox 541 4485 2118 4596">
    <p class='ocr_par' dir='ltr' id='par_1_48' title="bbox 541 4485 2118 4596">
     <span class='ocr_line' id='line_1_68' title="bbox 541 4485 2118 4596; baseline -0.036 -4"><span class='ocrx_word' id='word_1_464' title='bbox 541 4542 759 4596; x_wconf 85' lang='lat' dir='ltr'><strong><em>deserto,</em></strong></span> <span class='ocrx_word' id='word_1_465' title='bbox 789 4527 940 4588; x_wconf 82' lang='lat' dir='ltr'><strong><em>dixit,</em></strong></span> <span class='ocrx_word' id='word_1_466' title='bbox 964 4528 1021 4574; x_wconf 94' lang='lat' dir='ltr'><strong><em>ut</em></strong></span> <span class='ocrx_word' id='word_1_467' title='bbox 1047 4517 1217 4570; x_wconf 89' lang='lat' dir='ltr'><strong><em>locum</em></strong></span> <span class='ocrx_word' id='word_1_468' title='bbox 1250 4509 1365 4562; x_wconf 91' lang='lat' dir='ltr'><strong><em>loco</em></strong></span> <span class='ocrx_word' id='word_1_469' title='bbox 1395 4500 1655 4558; x_wconf 79' lang='lat' dir='ltr'><strong><em>conferat.</em></strong></span> <span class='ocrx_word' id='word_1_470' title='bbox 1687 4490 1885 4548; x_wconf 87' lang='lat' dir='ltr'><strong><em>Deinde</em></strong></span> <span class='ocrx_word' id='word_1_471' title='bbox 1914 4485 2118 4541; x_wconf 88' lang='lat' dir='ltr'><strong><em>bcneli-</em></strong></span> 
     </span>
    </p>
   </div>
   <div class='ocr_carea' id='block_1_49' title="bbox 543 4583 2119 4690">
    <p class='ocr_par' dir='ltr' id='par_1_49' title="bbox 543 4583 2119 4690">
     <span class='ocr_line' id='line_1_69' title="bbox 543 4583 2119 4690; baseline -0.036 -7"><span class='ocrx_word' id='word_1_472' title='bbox 543 4630 684 4681; x_wconf 86' lang='lat' dir='ltr'><strong><em>ciunt</em></strong></span> <span class='ocrx_word' id='word_1_473' title='bbox 713 4617 971 4690; x_wconf 77' lang='lat' dir='ltr'><strong><em>sequitur.</em></strong></span> <span class='ocrx_word' id='word_1_474' title='bbox 1008 4608 1070 4663; x_wconf 75' lang='lat' dir='ltr'><strong><em>Et</em></strong></span> <span class='ocrx_word' id='word_1_475' title='bbox 1094 4603 1420 4660; x_wconf 79' lang='lat' dir='ltr'><strong><em>induxerunt,</em></strong></span> <span class='ocrx_word' id='word_1_476' title='bbox 1462 4590 1650 4661; x_wconf 81' lang='lat' dir='ltr'><strong><em>inquit,</em></strong></span> <span class='ocrx_word' id='word_1_477' title='bbox 1684 4583 2009 4653; x_wconf 86' lang='lat' dir='ltr'><strong><em>suscipientes</em></strong></span> <span class='ocrx_word' id='word_1_478' title='bbox 2031 4592 2119 4647; x_wconf 82' lang='lat' dir='ltr'><strong><em>pa-</em></strong></span> 
     </span>
    </p>
   </div>
   <div class='ocr_carea' id='block_1_50' title="bbox 546 4680 2120 4778">
    <p class='ocr_par' dir='ltr' id='par_1_50' title="bbox 546 4680 2120 4778">
     <span class='ocr_line' id='line_1_70' title="bbox 546 4680 2120 4778; baseline -0.036 -1"><span class='ocrx_word' id='word_1_479' title='bbox 546 4735 646 4778; x_wconf 85' lang='lat' dir='ltr'><strong><em>tres</em></strong></span> <span class='ocrx_word' id='word_1_480' title='bbox 671 4714 827 4772; x_wconf 87' lang='lat' dir='ltr'><strong><em>nostri</em></strong></span> <span class='ocrx_word' id='word_1_481' title='bbox 857 4723 971 4764; x_wconf 90' lang='lat' dir='ltr'><strong><em>cum</em></strong></span> <span class='ocrx_word' id='word_1_482' title='bbox 998 4704 1029 4757; x_wconf 77' lang='grc' dir='ltr'><strong><em>,Ι</em></strong></span> <span class='ocrx_word' id='word_1_483' title='bbox 1037 4717 1123 4757; x_wconf 90' lang='lat' dir='ltr'><strong><em>esu</em></strong></span> <span class='ocrx_word' id='word_1_484' title='bbox 1146 4700 1200 4752; x_wconf 88' lang='lat' dir='ltr'><strong><em>in</em></strong></span> <span class='ocrx_word' id='word_1_485' title='bbox 1228 4690 1588 4765; x_wconf 86' lang='lat' dir='ltr'><strong><em>possessionem</em></strong></span> <span class='ocrx_word' id='word_1_486' title='bbox 1610 4680 1852 4753; x_wconf 86' lang='lat' dir='ltr'><strong><em>gentium,</em></strong></span> <span class='ocrx_word' id='word_1_487' title='bbox 1880 4690 2002 4744; x_wconf 89' lang='lat' dir='ltr'><strong><em>quas</em></strong></span> <span class='ocrx_word' id='word_1_488' title='bbox 2028 4686 2120 4724; x_wconf 74' lang='lat' dir='ltr'><strong><em>ea:-</em></strong></span> 
     </span>
    </p>
   </div>
   <div class='ocr_carea' id='block_1_51' title="bbox 549 4766 2124 4887">
    <p class='ocr_par' dir='ltr' id='par_1_51' title="bbox 549 4766 2124 4887">
     <span class='ocr_line' id='line_1_71' title="bbox 549 4766 2124 4887; baseline -0.034 -17"><span class='ocrx_word' id='word_1_489' title='bbox 549 4814 677 4887; x_wconf 83' lang='lat' dir='ltr'><strong><em>pulit</em></strong></span> <span class='ocrx_word' id='word_1_490' title='bbox 721 4810 853 4862; x_wconf 90' lang='lat' dir='ltr'><strong><em>Deus</em></strong></span> <span class='ocrx_word' id='word_1_491' title='bbox 894 4819 925 4855; x_wconf 91' lang='lat' dir='ltr'><strong><em>a</em></strong></span> <span class='ocrx_word' id='word_1_492' title='bbox 965 4797 1093 4870; x_wconf 78' lang='lat' dir='ltr'><strong><em>{acie</em></strong></span> <span class='ocrx_word' id='word_1_493' title='bbox 1140 4801 1343 4864; x_wconf 84' lang='lat' dir='ltr'><strong><em>patrum</em></strong></span> <span class='ocrx_word' id='word_1_494' title='bbox 1386 4790 1671 4836; x_wconf 88' lang='lat' dir='ltr'><strong><em>nostrorum</em></strong></span> <span class='ocrx_word' id='word_1_495' title='bbox 1714 4787 1873 4841; x_wconf 85' lang='lat' dir='ltr'><strong><em>usque</em></strong></span> <span class='ocrx_word' id='word_1_496' title='bbox 1909 4768 1975 4820; x_wconf 89' lang='lat' dir='ltr'><strong><em>ad</em></strong></span> <span class='ocrx_word' id='word_1_497' title='bbox 2017 4766 2124 4818; x_wconf 87' lang='lat' dir='ltr'><strong><em>dies</em></strong></span> 
     </span>
    </p>
   </div>
   <div class='ocr_carea' id='block_1_52' title="bbox 552 4862 2125 4967">
    <p class='ocr_par' dir='ltr' id='par_1_52' title="bbox 552 4862 2125 4967">
     <span class='ocr_line' id='line_1_72' title="bbox 552 4862 2125 4967; baseline -0.034 -4"><span class='ocrx_word' id='word_1_498' title='bbox 552 4862 734 4967; x_wconf 55' lang='lat' dir='ltr'><strong><em>&#39;David,</em></strong></span> <span class='ocrx_word' id='word_1_499' title='bbox 766 4902 855 4956; x_wconf 64' lang='grc' dir='ltr'><strong><em>ιϐ.</em></strong></span> <span class='ocrx_word' id='word_1_500' title='bbox 887 4862 976 4966; x_wconf 79' lang='lat' dir='ltr'><strong><em>qui</em></strong></span> <span class='ocrx_word' id='word_1_501' title='bbox 1000 4862 1184 4945; x_wconf 86' lang='lat' dir='ltr'><strong><em>invenit</em></strong></span> <span class='ocrx_word' id='word_1_502' title='bbox 1211 4880 1429 4955; x_wconf 85' lang='lat' dir='ltr'><strong><em>gratiam</em></strong></span> <span class='ocrx_word' id='word_1_503' title='bbox 1466 4884 1583 4927; x_wconf 90' lang='lat' dir='ltr'><strong><em>ante</em></strong></span> <span class='ocrx_word' id='word_1_504' title='bbox 1610 4868 1795 4930; x_wconf 89' lang='lat' dir='ltr'><strong><em>Deum,</em></strong></span> <span class='ocrx_word' id='word_1_505' title='bbox 1833 4873 1881 4919; x_wconf 87' lang='lat' dir='ltr'><strong><em>et</em></strong></span> <span class='ocrx_word' id='word_1_506' title='bbox 1909 4862 2044 4931; x_wconf 84' lang='lat' dir='ltr'><strong><em>petiit</em></strong></span> <span class='ocrx_word' id='word_1_507' title='bbox 2069 4868 2125 4911; x_wconf 91' lang='lat' dir='ltr'><strong><em>ut</em></strong></span> 
     </span>
    </p>
   </div>
   <div class='ocr_carea' id='block_1_53' title="bbox 551 4953 2128 5056">
    <p class='ocr_par' dir='ltr' id='par_1_53' title="bbox 551 4953 2128 5056">
     <span class='ocr_line' id='line_1_73' title="bbox 551 4953 2128 5056; baseline -0.034 1"><span class='ocrx_word' id='word_1_508' title='bbox 810 4953 1187 5046; x_wconf 72' lang='lat' dir='ltr'><strong><em>tabernaculum</em></strong></span> <span class='ocrx_word' id='word_1_509' title='bbox 1214 4953 1307 5030; x_wconf 70' lang='lat' dir='ltr'><strong><em>Dei</em></strong></span> <span class='ocrx_word' id='word_1_510' title='bbox 1335 4970 1495 5026; x_wconf 89' lang='lat' dir='ltr'><strong><em>Jacob</em></strong></span> <span class='ocrx_word' id='word_1_511' title='bbox 1526 4963 1696 5035; x_wconf 87' lang='lat' dir='ltr'><strong><em>(Psal.</em></strong></span> <span class='ocrx_word' id='word_1_512' title='bbox 1730 4960 1851 5014; x_wconf 75' lang='grc'><strong><em>151.</em></strong></span> <span class='ocrx_word' id='word_1_513' title='bbox 1871 4957 1951 5024; x_wconf 87' lang='grc'>5).</span> <span class='ocrx_word' id='word_1_514' title='bbox 1974 4953 2128 5056; x_wconf 47' lang='lat' dir='ltr'><strong><em>Pet-iit</em></strong></span> 
     </span>
    </p>
   </div>
   <div class='ocr_carea' id='block_1_54' title="bbox 554 5044 2128 5149">
    <p class='ocr_par' dir='ltr' id='par_1_54' title="bbox 554 5044 2128 5149">
     <span class='ocr_line' id='line_1_74' title="bbox 554 5044 2128 5149; baseline -0.036 1"><span class='ocrx_word' id='word_1_515' title='bbox 554 5090 818 5149; x_wconf 66' lang='lat' dir='ltr'><strong><em>aediﬁcare</em></strong></span> <span class='ocrx_word' id='word_1_516' title='bbox 843 5079 1028 5145; x_wconf 81' lang='lat' dir='ltr'><strong><em>David,</em></strong></span> <span class='ocrx_word' id='word_1_517' title='bbox 1053 5085 1107 5131; x_wconf 91' lang='lat' dir='ltr'><strong><em>et</em></strong></span> <span class='ocrx_word' id='word_1_518' title='bbox 1136 5086 1242 5127; x_wconf 88' lang='lat' dir='ltr'><strong><em>non</em></strong></span> <span class='ocrx_word' id='word_1_519' title='bbox 1271 5072 1587 5121; x_wconf 87' lang='lat' dir='ltr'><strong><em>concessum</em></strong></span> <span class='ocrx_word' id='word_1_520' title='bbox 1618 5061 1701 5109; x_wconf 89' lang='lat' dir='ltr'><strong><em>est</em></strong></span> <span class='ocrx_word' id='word_1_521' title='bbox 1731 5052 1802 5115; x_wconf 90' lang='lat' dir='ltr'><strong><em>ei,</em></strong></span> <span class='ocrx_word' id='word_1_522' title='bbox 1842 5059 2032 5115; x_wconf 81' lang='lat' dir='ltr'><strong><em>magno</em></strong></span> <span class='ocrx_word' id='word_1_523' title='bbox 2061 5044 2128 5096; x_wconf 89' lang='lat' dir='ltr'><strong><em>li-</em></strong></span> 
     </span>
    </p>
   </div>
   <div class='ocr_carea' id='block_1_55' title="bbox 556 5140 2125 5241">
    <p class='ocr_par' dir='ltr' id='par_1_55' title="bbox 556 5140 2125 5241">
     <span class='ocr_line' id='line_1_75' title="bbox 556 5140 2125 5241; baseline -0.035 0"><span class='ocrx_word' id='word_1_524' title='bbox 556 5194 643 5241; x_wconf 86' lang='lat' dir='ltr'><strong><em>cet</em></strong></span> <span class='ocrx_word' id='word_1_525' title='bbox 663 5192 717 5238; x_wconf 87' lang='lat' dir='ltr'><strong><em>et</em></strong></span> <span class='ocrx_word' id='word_1_526' title='bbox 742 5172 967 5233; x_wconf 76' lang='lat' dir='ltr'><strong><em>mirabili</em></strong></span> <span class='ocrx_word' id='word_1_527' title='bbox 992 5140 1025 5236; x_wconf 26' lang='lat'><strong><em>;&#39;</em></strong></span> <span class='ocrx_word' id='word_1_528' title='bbox 1050 5166 1143 5222; x_wconf 88' lang='lat' dir='ltr'><strong><em>sed</em></strong></span> <span class='ocrx_word' id='word_1_529' title='bbox 1188 5160 1411 5219; x_wconf 81' lang='lat' dir='ltr'><strong><em>aediﬁcat</em></strong></span> <span class='ocrx_word' id='word_1_530' title='bbox 1451 5150 1694 5221; x_wconf 86' lang='lat' dir='ltr'><strong><em>abjectus</em></strong></span> <span class='ocrx_word' id='word_1_531' title='bbox 1728 5144 1814 5198; x_wconf 89' lang='lat' dir='ltr'><strong><em>ille</em></strong></span> <span class='ocrx_word' id='word_1_532' title='bbox 1852 5140 2125 5195; x_wconf 87' lang='lat' dir='ltr'><strong><em>Salomon.</em></strong></span> 
     </span>
    </p>
   </div>
   <div class='ocr_carea' id='block_1_56' title="bbox 560 5234 2127 5335">
    <p class='ocr_par' dir='ltr' id='par_1_56' title="bbox 560 5234 2127 5335">
     <span class='ocr_line' id='line_1_76' title="bbox 560 5234 2127 5335; baseline -0.034 0"><span class='ocrx_word' id='word_1_533' title='bbox 560 5234 932 5335; x_wconf 57' lang='lat' dir='ltr'><strong><em>ailzl&#39;l.</em></strong></span> <span class='ocrx_word' id='word_1_534' title='bbox 982 5234 1229 5319; x_wconf 66' lang='lat' dir='ltr'><strong><em>Salomon</em></strong></span> <span class='ocrx_word' id='word_1_535' title='bbox 1267 5262 1431 5306; x_wconf 81' lang='lat' dir='ltr'><strong><em>autem</em></strong></span> <span class='ocrx_word' id='word_1_536' title='bbox 1476 5239 1745 5312; x_wconf 62' lang='lat' dir='ltr'><strong><em>aediﬁcavit</em></strong></span> <span class='ocrx_word' id='word_1_537' title='bbox 1781 5236 1857 5290; x_wconf 82' lang='lat' dir='ltr'><strong><em>illi</em></strong></span> <span class='ocrx_word' id='word_1_538' title='bbox 1901 5234 2127 5285; x_wconf 89' lang='lat' dir='ltr'><strong><em>domum.</em></strong></span> 
     </span>
    </p>
   </div>
   <div class='ocr_carea' id='block_1_57' title="bbox 559 5325 2129 5429">
    <p class='ocr_par' dir='ltr' id='par_1_57' title="bbox 559 5325 2129 5429">
     <span class='ocr_line' id='line_1_77' title="bbox 559 5325 2129 5429; baseline -0.034 -2"><span class='ocrx_word' id='word_1_539' title='bbox 559 5325 783 5429; x_wconf 41' lang='lat' dir='ltr'><strong><em>ivi—Sid</em></strong></span> <span class='ocrx_word' id='word_1_540' title='bbox 811 5377 913 5416; x_wconf 89' lang='lat' dir='ltr'><strong><em>non</em></strong></span> <span class='ocrx_word' id='word_1_541' title='bbox 937 5354 1221 5412; x_wconf 77' lang='lat' dir='ltr'><strong><em>Altissimus</em></strong></span> <span class='ocrx_word' id='word_1_542' title='bbox 1262 5348 1315 5401; x_wconf 91' lang='lat' dir='ltr'><strong><em>in</em></strong></span> <span class='ocrx_word' id='word_1_543' title='bbox 1352 5338 1654 5409; x_wconf 72' lang='lat' dir='ltr'><strong><em>manufactis</em></strong></span> <span class='ocrx_word' id='word_1_544' title='bbox 1681 5330 1879 5401; x_wconf 89' lang='lat' dir='ltr'><strong><em>templis</em></strong></span> <span class='ocrx_word' id='word_1_545' title='bbox 1918 5325 2129 5379; x_wconf 79' lang='lat' dir='ltr'><strong><em>habitat.</em></strong></span> 
     </span>
    </p>
   </div>
   <div class='ocr_carea' id='block_1_58' title="bbox 1227 319 3025 403">
    <p class='ocr_par' dir='ltr' id='par_1_58' title="bbox 1227 319 3025 403">
     <span class='ocr_line' id='line_1_78' title="bbox 1227 319 3025 403; baseline -0.017 0"><span class='ocrx_word' id='word_1_546' title='bbox 1227 348 1283 403; x_wconf 85' lang='lat' dir='ltr'><strong><em>S.</em></strong></span> <span class='ocrx_word' id='word_1_547' title='bbox 1323 341 1594 401; x_wconf 73' lang='lat' dir='ltr'><strong><em>JOANNlS</em></strong></span> <span class='ocrx_word' id='word_1_548' title='bbox 1631 330 2098 392; x_wconf 70' lang='lat' dir='ltr'><strong><em>CHRYSOSTOMI</em></strong></span> <span class='ocrx_word' id='word_1_549' title='bbox 2139 324 2456 383; x_wconf 76' lang='lat' dir='ltr'><strong><em>ARCHIEP.</em></strong></span> <span class='ocrx_word' id='word_1_550' title='bbox 2495 319 3025 379; x_wconf 77' lang='lat' dir='ltr'><strong><em>CONSTANTINOP.</em></strong></span> 
     </span>
    </p>
   </div>
   <div class='ocr_carea' id='block_1_59' title="bbox 3621 317 3721 376">
    <p class='ocr_par' dir='ltr' id='par_1_59' title="bbox 3621 317 3721 376">
     <span class='ocr_line' id='line_1_79' title="bbox 3621 317 3721 376; baseline 0.05 -6"><span class='ocrx_word' id='word_1_551' title='bbox 3621 317 3721 376; x_wconf 74' lang='grc'><strong><em>156</em></strong></span> 
     </span>
    </p>
   </div>
   <div class='ocr_carea' id='block_1_60' title="bbox 2165 422 3733 506">
    <p class='ocr_par' dir='ltr' id='par_1_60' title="bbox 2165 422 3733 506">
     <span class='ocr_line' id='line_1_80' title="bbox 2165 422 3733 506; baseline -0.014 -12"><span class='ocrx_word' id='word_1_552' title='bbox 2165 439 2303 494; x_wconf 82' lang='lat' dir='ltr'><strong><em>locus</em></strong></span> <span class='ocrx_word' id='word_1_553' title='bbox 2324 434 2643 506; x_wconf 86' lang='lat' dir='ltr'><strong><em>requietionis</em></strong></span> <span class='ocrx_word' id='word_1_554' title='bbox 2670 448 2795 486; x_wconf 83' lang='lat' dir='ltr'><strong><em>mea:</em></strong></span> <span class='ocrx_word' id='word_1_555' title='bbox 2818 431 2932 486; x_wconf 82' lang='lat' dir='ltr'><strong><em>est?</em></strong></span> <span class='ocrx_word' id='word_1_556' title='bbox 2961 429 3049 485; x_wconf 82' lang='grc'><strong><em>50.</em></strong></span> <span class='ocrx_word' id='word_1_557' title='bbox 3078 442 3245 481; x_wconf 87' lang='lat' dir='ltr'><strong><em>nonne</em></strong></span> <span class='ocrx_word' id='word_1_558' title='bbox 3269 439 3448 477; x_wconf 87' lang='lat' dir='ltr'><strong><em>manus</em></strong></span> <span class='ocrx_word' id='word_1_559' title='bbox 3483 437 3595 478; x_wconf 75' lang='lat' dir='ltr'><strong><em>mea</em></strong></span> <span class='ocrx_word' id='word_1_560' title='bbox 3613 422 3733 490; x_wconf 79' lang='lat' dir='ltr'><strong><em>fecit</em></strong></span> 
     </span>
    </p>
   </div>
   <div class='ocr_carea' id='block_1_61' title="bbox 2162 511 3740 597">
    <p class='ocr_par' dir='ltr' id='par_1_61' title="bbox 2162 511 3740 597">
     <span class='ocr_line' id='line_1_81' title="bbox 2162 511 3740 597; baseline -0.011 -13"><span class='ocrx_word' id='word_1_561' title='bbox 2162 533 2269 584; x_wconf 81' lang='lat' dir='ltr'><strong><em>ltwc</em></strong></span> <span class='ocrx_word' id='word_1_562' title='bbox 2290 528 2458 583; x_wconf 90' lang='lat' dir='ltr'><strong><em>omnia</em></strong></span> <span class='ocrx_word' id='word_1_563' title='bbox 2474 525 2625 597; x_wconf 86' lang='lat' dir='ltr'><strong><em>(Isai.</em></strong></span> <span class='ocrx_word' id='word_1_564' title='bbox 2649 523 2737 578; x_wconf 89' lang='lat'><strong><em>66.</em></strong></span> <span class='ocrx_word' id='word_1_565' title='bbox 2762 522 2856 591; x_wconf 72' lang='lat'><strong><em>1)?</em></strong></span> <span class='ocrx_word' id='word_1_566' title='bbox 2883 520 2963 576; x_wconf 87' lang='lat' dir='ltr'><strong><em>Nc</em></strong></span> <span class='ocrx_word' id='word_1_567' title='bbox 2989 518 3271 582; x_wconf 86' lang='lat' dir='ltr'><strong><em>miremini,</em></strong></span> <span class='ocrx_word' id='word_1_568' title='bbox 3302 514 3492 584; x_wconf 84' lang='lat' dir='ltr'><strong><em>inquit,</em></strong></span> <span class='ocrx_word' id='word_1_569' title='bbox 3521 514 3565 567; x_wconf 90' lang='lat' dir='ltr'><strong><em>si</em></strong></span> <span class='ocrx_word' id='word_1_570' title='bbox 3586 511 3740 567; x_wconf 87' lang='lat' dir='ltr'><strong><em>Chri-</em></strong></span> 
     </span>
    </p>
   </div>
   <div class='ocr_carea' id='block_1_62' title="bbox 2162 606 3740 689">
    <p class='ocr_par' dir='ltr' id='par_1_62' title="bbox 2162 606 3740 689">
     <span class='ocr_line' id='line_1_82' title="bbox 2162 606 3740 689; baseline -0.012 -13"><span class='ocrx_word' id='word_1_571' title='bbox 2162 634 2276 677; x_wconf 88' lang='lat' dir='ltr'><strong><em>stus</em></strong></span> <span class='ocrx_word' id='word_1_572' title='bbox 2306 622 2390 684; x_wconf 90' lang='lat' dir='ltr'><strong><em>iis,</em></strong></span> <span class='ocrx_word' id='word_1_573' title='bbox 2418 620 2508 689; x_wconf 90' lang='lat' dir='ltr'><strong><em>qui</em></strong></span> <span class='ocrx_word' id='word_1_574' title='bbox 2530 632 2749 688; x_wconf 78' lang='lat' dir='ltr'><strong><em>regnum</em></strong></span> <span class='ocrx_word' id='word_1_575' title='bbox 2774 614 2938 684; x_wconf 91' lang='lat' dir='ltr'><strong><em>ipsius</em></strong></span> <span class='ocrx_word' id='word_1_576' title='bbox 2956 612 3218 681; x_wconf 83' lang='lat' dir='ltr'><strong><em>rejiciunt,</em></strong></span> <span class='ocrx_word' id='word_1_577' title='bbox 3243 611 3379 665; x_wconf 86' lang='lat' dir='ltr'><strong><em>bene</em></strong></span> <span class='ocrx_word' id='word_1_578' title='bbox 3405 606 3548 666; x_wconf 80' lang='lat' dir='ltr'><strong><em>facit.</em></strong></span> <span class='ocrx_word' id='word_1_579' title='bbox 3570 618 3740 674; x_wconf 84' lang='lat' dir='ltr'><strong><em>quan-</em></strong></span> 
     </span>
    </p>
   </div>
   <div class='ocr_carea' id='block_1_63' title="bbox 2164 695 3741 781">
    <p class='ocr_par' dir='ltr' id='par_1_63' title="bbox 2164 695 3741 781">
     <span class='ocr_line' id='line_1_83' title="bbox 2164 695 3741 781; baseline -0.013 -14"><span class='ocrx_word' id='word_1_580' title='bbox 2164 710 2449 781; x_wconf 86' lang='lat' dir='ltr'><strong><em>doquidem</em></strong></span> <span class='ocrx_word' id='word_1_581' title='bbox 2475 720 2529 762; x_wconf 90' lang='lat' dir='ltr'><strong><em>et</em></strong></span> <span class='ocrx_word' id='word_1_582' title='bbox 2555 708 2606 762; x_wconf 92' lang='lat' dir='ltr'><strong><em>in</em></strong></span> <span class='ocrx_word' id='word_1_583' title='bbox 2645 706 2826 777; x_wconf 86' lang='lat' dir='ltr'><strong><em>Moyse</em></strong></span> <span class='ocrx_word' id='word_1_584' title='bbox 2862 703 2964 758; x_wconf 91' lang='lat' dir='ltr'><strong><em>hoc</em></strong></span> <span class='ocrx_word' id='word_1_585' title='bbox 3004 704 3198 756; x_wconf 75' lang='lat' dir='ltr'><strong><em>factum</em></strong></span> <span class='ocrx_word' id='word_1_586' title='bbox 3227 711 3329 755; x_wconf 90' lang='lat' dir='ltr'><strong><em>est.</em></strong></span> <span class='ocrx_word' id='word_1_587' title='bbox 3367 699 3435 753; x_wconf 90' lang='lat' dir='ltr'><strong><em>Et</em></strong></span> <span class='ocrx_word' id='word_1_588' title='bbox 3472 712 3580 752; x_wconf 89' lang='lat' dir='ltr'><strong><em>non</em></strong></span> <span class='ocrx_word' id='word_1_589' title='bbox 3607 695 3741 751; x_wconf 80' lang='lat' dir='ltr'><strong><em>sim-</em></strong></span> 
     </span>
    </p>
   </div>
   <div class='ocr_carea' id='block_1_64' title="bbox 2166 784 3743 872">
    <p class='ocr_par' dir='ltr' id='par_1_64' title="bbox 2166 784 3743 872">
     <span class='ocr_line' id='line_1_84' title="bbox 2166 784 3743 872; baseline -0.011 -17"><span class='ocrx_word' id='word_1_590' title='bbox 2166 803 2375 872; x_wconf 83' lang='lat' dir='ltr'><strong><em>pliciter</em></strong></span> <span class='ocrx_word' id='word_1_591' title='bbox 2401 799 2525 854; x_wconf 90' lang='lat' dir='ltr'><strong><em>illos</em></strong></span> <span class='ocrx_word' id='word_1_592' title='bbox 2569 798 2728 861; x_wconf 89' lang='lat' dir='ltr'><strong><em>eruit,</em></strong></span> <span class='ocrx_word' id='word_1_593' title='bbox 2773 793 2866 849; x_wconf 86' lang='lat' dir='ltr'><strong><em>sed</em></strong></span> <span class='ocrx_word' id='word_1_594' title='bbox 2910 794 2961 847; x_wconf 90' lang='lat' dir='ltr'><strong><em>in</em></strong></span> <span class='ocrx_word' id='word_1_595' title='bbox 3006 792 3218 846; x_wconf 86' lang='lat' dir='ltr'><strong><em>deserto</em></strong></span> <span class='ocrx_word' id='word_1_596' title='bbox 3263 799 3501 859; x_wconf 82' lang='lat' dir='ltr'><strong><em>agentes.</em></strong></span> <span class='ocrx_word' id='word_1_597' title='bbox 3533 784 3743 851; x_wconf 79' lang='lat' dir='ltr'><strong><em>Viden‘,</em></strong></span> 
     </span>
    </p>
   </div>
   <div class='ocr_carea' id='block_1_65' title="bbox 2166 876 3745 963">
    <p class='ocr_par' dir='ltr' id='par_1_65' title="bbox 2166 876 3745 963">
     <span class='ocr_line' id='line_1_85' title="bbox 2166 876 3745 963; baseline -0.012 -17"><span class='ocrx_word' id='word_1_598' title='bbox 2166 892 2305 963; x_wconf 91' lang='lat' dir='ltr'><strong><em>quod</em></strong></span> <span class='ocrx_word' id='word_1_599' title='bbox 2337 897 2553 960; x_wconf 88' lang='lat' dir='ltr'><strong><em>pr0pter</em></strong></span> <span class='ocrx_word' id='word_1_600' title='bbox 2595 887 2715 941; x_wconf 92' lang='lat' dir='ltr'><strong><em>illos</em></strong></span> <span class='ocrx_word' id='word_1_601' title='bbox 2756 885 2903 954; x_wconf 83' lang='lat' dir='ltr'><strong><em>signa</em></strong></span> <span class='ocrx_word' id='word_1_602' title='bbox 2953 882 3041 936; x_wconf 89' lang='lat' dir='ltr'><strong><em>illa</em></strong></span> <span class='ocrx_word' id='word_1_603' title='bbox 3079 881 3221 935; x_wconf 87' lang='lat' dir='ltr'><strong><em>edita</em></strong></span> <span class='ocrx_word' id='word_1_604' title='bbox 3261 878 3400 934; x_wconf 84' lang='lat' dir='ltr'><strong><em>sint?</em></strong></span> <span class='ocrx_word' id='word_1_605' title='bbox 3440 876 3623 946; x_wconf 83' lang='lat' dir='ltr'><strong><em>Itaque</em></strong></span> <span class='ocrx_word' id='word_1_606' title='bbox 3657 876 3745 945; x_wconf 87' lang='lat' dir='ltr'><strong><em>qui</em></strong></span> 
     </span>
    </p>
   </div>
   <div class='ocr_carea' id='block_1_66' title="bbox 2167 969 3745 1048">
    <p class='ocr_par' dir='ltr' id='par_1_66' title="bbox 2167 969 3745 1048">
     <span class='ocr_line' id='line_1_86' title="bbox 2167 969 3745 1048; baseline -0.011 -12"><span class='ocrx_word' id='word_1_607' title='bbox 2167 999 2287 1038; x_wconf 92' lang='lat' dir='ltr'><strong><em>cum</em></strong></span> <span class='ocrx_word' id='word_1_608' title='bbox 2316 982 2429 1036; x_wconf 92' lang='lat' dir='ltr'><strong><em>Deo</em></strong></span> <span class='ocrx_word' id='word_1_609' title='bbox 2464 980 2714 1048; x_wconf 80' lang='lat' dir='ltr'><strong><em>loquutus</em></strong></span> <span class='ocrx_word' id='word_1_610' title='bbox 2741 988 2843 1039; x_wconf 89' lang='lat' dir='ltr'><strong><em>est,</em></strong></span> <span class='ocrx_word' id='word_1_611' title='bbox 2877 974 2966 1044; x_wconf 90' lang='lat' dir='ltr'><strong><em>qui</em></strong></span> <span class='ocrx_word' id='word_1_612' title='bbox 2997 972 3131 1027; x_wconf 88' lang='lat' dir='ltr'><strong><em>mire</em></strong></span> <span class='ocrx_word' id='word_1_613' title='bbox 3162 979 3437 1035; x_wconf 80' lang='lat' dir='ltr'><strong><em>servatus,</em></strong></span> <span class='ocrx_word' id='word_1_614' title='bbox 3479 969 3569 1038; x_wconf 90' lang='lat' dir='ltr'><strong><em>qui</em></strong></span> <span class='ocrx_word' id='word_1_615' title='bbox 3604 975 3745 1021; x_wconf 82' lang='lat' dir='ltr'><strong><em>tanta</em></strong></span> 
     </span>
    </p>
   </div>
   <div class='ocr_carea' id='block_1_67' title="bbox 2172 1060 3749 1145">
    <p class='ocr_par' dir='ltr' id='par_1_67' title="bbox 2172 1060 3749 1145">
     <span class='ocr_line' id='line_1_87' title="bbox 2172 1060 3749 1145; baseline -0.012 -16"><span class='ocrx_word' id='word_1_616' title='bbox 2172 1076 2294 1130; x_wconf 80' lang='lat' dir='ltr'><strong><em>fecit</em></strong></span> <span class='ocrx_word' id='word_1_617' title='bbox 2321 1072 2591 1145; x_wconf 89' lang='lat' dir='ltr'><strong><em>ctpotuit;</em></strong></span> <span class='ocrx_word' id='word_1_618' title='bbox 2625 1069 2855 1124; x_wconf 89' lang='lat' dir='ltr'><strong><em>ostendit</em></strong></span> <span class='ocrx_word' id='word_1_619' title='bbox 2881 1066 3099 1121; x_wconf 89' lang='lat' dir='ltr'><strong><em>omnino</em></strong></span> <span class='ocrx_word' id='word_1_620' title='bbox 3120 1072 3369 1132; x_wconf 82' lang='lat' dir='ltr'><strong><em>Oportere</em></strong></span> <span class='ocrx_word' id='word_1_621' title='bbox 3395 1060 3599 1128; x_wconf 79' lang='lat' dir='ltr'><strong><em>impleri</em></strong></span> <span class='ocrx_word' id='word_1_622' title='bbox 3626 1074 3749 1126; x_wconf 83' lang='lat' dir='ltr'><strong><em>pro-</em></strong></span> 
     </span>
    </p>
   </div>
   <div class='ocr_carea' id='block_1_68' title="bbox 2173 1151 3751 1239">
    <p class='ocr_par' dir='ltr' id='par_1_68' title="bbox 2173 1151 3751 1239">
     <span class='ocr_line' id='line_1_88' title="bbox 2173 1151 3751 1239; baseline -0.012 -16"><span class='ocrx_word' id='word_1_623' title='bbox 2173 1170 2429 1239; x_wconf 86' lang='lat' dir='ltr'><strong><em>phetiam,</em></strong></span> <span class='ocrx_word' id='word_1_624' title='bbox 2459 1181 2561 1220; x_wconf 92' lang='lat' dir='ltr'><strong><em>nec</em></strong></span> <span class='ocrx_word' id='word_1_625' title='bbox 2589 1172 2864 1218; x_wconf 83' lang='lat' dir='ltr'><strong><em>aversatur</em></strong></span> <span class='ocrx_word' id='word_1_626' title='bbox 2890 1160 2991 1215; x_wconf 91' lang='lat' dir='ltr'><strong><em>sibi</em></strong></span> <span class='ocrx_word' id='word_1_627' title='bbox 3034 1158 3155 1227; x_wconf 90' lang='lat' dir='ltr'><strong><em>ipsi.</em></strong></span> <span class='ocrx_word' id='word_1_628' title='bbox 3195 1156 3299 1211; x_wconf 89' lang='lat' dir='ltr'><strong><em>Sed</em></strong></span> <span class='ocrx_word' id='word_1_629' title='bbox 3335 1153 3581 1223; x_wconf 87' lang='lat' dir='ltr'><strong><em>superius</em></strong></span> <span class='ocrx_word' id='word_1_630' title='bbox 3610 1151 3751 1206; x_wconf 84' lang='lat' dir='ltr'><strong><em>dicta</em></strong></span> 
     </span>
    </p>
   </div>
   <div class='ocr_carea' id='block_1_69' title="bbox 2171 1242 3755 1332">
    <p class='ocr_par' dir='ltr' id='par_1_69' title="bbox 2171 1242 3755 1332">
     <span class='ocr_line' id='line_1_89' title="bbox 2171 1242 3755 1332; baseline -0.014 -16"><span class='ocrx_word' id='word_1_631' title='bbox 2171 1270 2495 1332; x_wconf 86' lang='lat' dir='ltr'><strong><em>repetamus.</em></strong></span> <span class='ocrx_word' id='word_1_632' title='bbox 2529 1256 2626 1310; x_wconf 82' lang='lat' dir='ltr'><strong><em>llic</em></strong></span> <span class='ocrx_word' id='word_1_633' title='bbox 2646 1264 2735 1317; x_wconf 87' lang='lat' dir='ltr'><strong><em>est,</em></strong></span> <span class='ocrx_word' id='word_1_634' title='bbox 2768 1253 2955 1323; x_wconf 89' lang='lat' dir='ltr'><strong><em>inquit,</em></strong></span> <span class='ocrx_word' id='word_1_635' title='bbox 2992 1250 3191 1319; x_wconf 78' lang='lat' dir='ltr'><strong><em>Moyses</em></strong></span> <span class='ocrx_word' id='word_1_636' title='bbox 3214 1248 3298 1316; x_wconf 88' lang='lat' dir='ltr'><strong><em>qui</em></strong></span> <span class='ocrx_word' id='word_1_637' title='bbox 3326 1246 3453 1298; x_wconf 68' lang='lat' dir='ltr'><strong><em>dixit</em></strong></span> <span class='ocrx_word' id='word_1_638' title='bbox 3483 1260 3501 1298; x_wconf 90' lang='lat'><strong><em>:</em></strong></span> <span class='ocrx_word' id='word_1_639' title='bbox 3528 1242 3755 1311; x_wconf 42' lang='lat' dir='ltr'><strong><em>Propinas</em></strong></span> 
     </span>
    </p>
   </div>
   <div class='ocr_carea' id='block_1_70' title="bbox 2173 1336 3755 1409">
    <p class='ocr_par' dir='ltr' id='par_1_70' title="bbox 2173 1336 3755 1409">
     <span class='ocr_line' id='line_1_90' title="bbox 2173 1336 3755 1409; baseline -0.013 -2"><span class='ocrx_word' id='word_1_640' title='bbox 2173 1365 2275 1407; x_wconf 90' lang='lat' dir='ltr'><strong><em>tam</em></strong></span> <span class='ocrx_word' id='word_1_641' title='bbox 2315 1352 2449 1406; x_wconf 89' lang='lat' dir='ltr'><strong><em>vobis</em></strong></span> <span class='ocrx_word' id='word_1_642' title='bbox 2484 1348 2742 1404; x_wconf 90' lang='lat' dir='ltr'><strong><em>suscitabit</em></strong></span> <span class='ocrx_word' id='word_1_643' title='bbox 2785 1345 3032 1398; x_wconf 88' lang='lat' dir='ltr'><strong><em>Dominus</em></strong></span> <span class='ocrx_word' id='word_1_644' title='bbox 3063 1353 3318 1409; x_wconf 88' lang='lat' dir='ltr'><strong><em>tamquam</em></strong></span> <span class='ocrx_word' id='word_1_645' title='bbox 3346 1354 3445 1390; x_wconf 91' lang='lat' dir='ltr'><strong><em>me.</em></strong></span> <span class='ocrx_word' id='word_1_646' title='bbox 3486 1336 3597 1390; x_wconf 81' lang='lat' dir='ltr'><strong><em>[loc</em></strong></span> <span class='ocrx_word' id='word_1_647' title='bbox 3628 1342 3755 1405; x_wconf 90' lang='lat' dir='ltr'><strong><em>puto</em></strong></span> 
     </span>
    </p>
   </div>
   <div class='ocr_carea' id='block_1_71' title="bbox 2174 1428 3756 1511">
    <p class='ocr_par' dir='ltr' id='par_1_71' title="bbox 2174 1428 3756 1511">
     <span class='ocr_line' id='line_1_91' title="bbox 2174 1428 3756 1511; baseline -0.015 -9"><span class='ocrx_word' id='word_1_648' title='bbox 2174 1446 2441 1502; x_wconf 87' lang='lat' dir='ltr'><strong><em>Christum</em></strong></span> <span class='ocrx_word' id='word_1_649' title='bbox 2473 1442 2771 1511; x_wconf 79' lang='lat' dir='ltr'><strong><em>respexisse</em></strong></span> <span class='ocrx_word' id='word_1_650' title='bbox 2800 1454 2918 1492; x_wconf 91' lang='lat' dir='ltr'><strong><em>cum</em></strong></span> <span class='ocrx_word' id='word_1_651' title='bbox 2944 1435 3079 1490; x_wconf 80' lang='lat' dir='ltr'><strong><em>dixit</em></strong></span> <span class='ocrx_word' id='word_1_652' title='bbox 3115 1451 3127 1486; x_wconf 90' lang='lat'>:</span> <span class='ocrx_word' id='word_1_653' title='bbox 3159 1432 3242 1485; x_wconf 74' lang='lat' dir='ltr'><strong><em>Ea:</em></strong></span> <span class='ocrx_word' id='word_1_654' title='bbox 3264 1429 3462 1483; x_wconf 74' lang='lat' dir='ltr'><strong><em>Judreis</em></strong></span> <span class='ocrx_word' id='word_1_655' title='bbox 3503 1428 3643 1480; x_wconf 80' lang='lat' dir='ltr'><strong><em>salus</em></strong></span> <span class='ocrx_word' id='word_1_656' title='bbox 3684 1436 3756 1479; x_wconf 83' lang='lat' dir='ltr'><strong><em>est</em></strong></span> 
     </span>
    </p>
   </div>
   <div class='ocr_carea' id='block_1_72' title="bbox 2178 1517 3757 1607">
    <p class='ocr_par' dir='ltr' id='par_1_72' title="bbox 2178 1517 3757 1607">
     <span class='ocr_line' id='line_1_92' title="bbox 2178 1517 3757 1607; baseline -0.014 -17"><span class='ocrx_word' id='word_1_657' title='bbox 2178 1538 2351 1607; x_wconf 72' lang='lat' dir='ltr'><strong><em>(toan.</em></strong></span> <span class='ocrx_word' id='word_1_658' title='bbox 2378 1536 2431 1587; x_wconf 74' lang='grc'>4.</span> <span class='ocrx_word' id='word_1_659' title='bbox 2461 1532 2577 1602; x_wconf 71' lang='lat'><strong><em>22),</em></strong></span> <span class='ocrx_word' id='word_1_660' title='bbox 2602 1532 2836 1599; x_wconf 89' lang='lat' dir='ltr'><strong><em>seipsmn</em></strong></span> <span class='ocrx_word' id='word_1_661' title='bbox 2860 1524 3222 1580; x_wconf 89' lang='lat' dir='ltr'><strong><em>subindicans.</em></strong></span> <span class='ocrx_word' id='word_1_662' title='bbox 3249 1520 3347 1573; x_wconf 86' lang='lat' dir='ltr'><strong><em>llic</em></strong></span> <span class='ocrx_word' id='word_1_663' title='bbox 3368 1530 3458 1582; x_wconf 84' lang='lat' dir='ltr'><strong><em>est,</em></strong></span> <span class='ocrx_word' id='word_1_664' title='bbox 3479 1518 3564 1587; x_wconf 87' lang='lat' dir='ltr'><strong><em>qui</em></strong></span> <span class='ocrx_word' id='word_1_665' title='bbox 3590 1517 3757 1587; x_wconf 78' lang='lat' dir='ltr'><strong><em>fuitin</em></strong></span> 
     </span>
    </p>
   </div>
   <div class='ocr_carea' id='block_1_73' title="bbox 2177 1608 3758 1691">
    <p class='ocr_par' dir='ltr' id='par_1_73' title="bbox 2177 1608 3758 1691">
     <span class='ocr_line' id='line_1_93' title="bbox 2177 1608 3758 1691; baseline -0.014 -10"><span class='ocrx_word' id='word_1_666' title='bbox 2177 1628 2370 1681; x_wconf 88' lang='lat' dir='ltr'><strong><em>deserto</em></strong></span> <span class='ocrx_word' id='word_1_667' title='bbox 2399 1640 2513 1676; x_wconf 91' lang='lat' dir='ltr'><strong><em>cum</em></strong></span> <span class='ocrx_word' id='word_1_668' title='bbox 2546 1622 2746 1691; x_wconf 86' lang='lat' dir='ltr'><strong><em>angelo,</em></strong></span> <span class='ocrx_word' id='word_1_669' title='bbox 2785 1619 2870 1688; x_wconf 90' lang='lat' dir='ltr'><strong><em>qui</em></strong></span> <span class='ocrx_word' id='word_1_670' title='bbox 2900 1614 3194 1687; x_wconf 89' lang='lat' dir='ltr'><strong><em>loquebatur</em></strong></span> <span class='ocrx_word' id='word_1_671' title='bbox 3231 1610 3347 1680; x_wconf 89' lang='lat' dir='ltr'><strong><em>ipsi.</em></strong></span> <span class='ocrx_word' id='word_1_672' title='bbox 3388 1609 3527 1663; x_wconf 88' lang='lat' dir='ltr'><strong><em>Ecce</em></strong></span> <span class='ocrx_word' id='word_1_673' title='bbox 3568 1608 3758 1661; x_wconf 85' lang='lat' dir='ltr'><strong><em>iterum</em></strong></span> 
     </span>
    </p>
   </div>
   <div class='ocr_carea' id='block_1_74' title="bbox 2178 1700 3759 1784">
    <p class='ocr_par' dir='ltr' id='par_1_74' title="bbox 2178 1700 3759 1784">
     <span class='ocr_line' id='line_1_94' title="bbox 2178 1700 3759 1784; baseline -0.013 -14"><span class='ocrx_word' id='word_1_674' title='bbox 2178 1717 2412 1773; x_wconf 78' lang='lat' dir='ltr'><strong><em>ostendit</em></strong></span> <span class='ocrx_word' id='word_1_675' title='bbox 2438 1716 2608 1784; x_wconf 88' lang='lat' dir='ltr'><strong><em>ipsum</em></strong></span> <span class='ocrx_word' id='word_1_676' title='bbox 2631 1712 2842 1766; x_wconf 86' lang='lat' dir='ltr'><strong><em>dedisse</em></strong></span> <span class='ocrx_word' id='word_1_677' title='bbox 2864 1708 3055 1777; x_wconf 82' lang='lat' dir='ltr'><strong><em>legem,</em></strong></span> <span class='ocrx_word' id='word_1_678' title='bbox 3083 1702 3344 1773; x_wconf 86' lang='lat' dir='ltr'><strong><em>siquidem</em></strong></span> <span class='ocrx_word' id='word_1_679' title='bbox 3367 1715 3487 1757; x_wconf 88' lang='lat' dir='ltr'><strong><em>cum</em></strong></span> <span class='ocrx_word' id='word_1_680' title='bbox 3506 1700 3625 1767; x_wconf 89' lang='lat' dir='ltr'><strong><em>ipso</em></strong></span> <span class='ocrx_word' id='word_1_681' title='bbox 3646 1706 3759 1750; x_wconf 88' lang='lat' dir='ltr'><strong><em>erat</em></strong></span> 
     </span>
    </p>
   </div>
   <div class='ocr_carea' id='block_1_75' title="bbox 2181 1794 3757 1868">
    <p class='ocr_par' dir='ltr' id='par_1_75' title="bbox 2181 1794 3757 1868">
     <span class='ocr_line' id='line_1_95' title="bbox 2181 1794 3757 1868; baseline -0.015 0"><span class='ocrx_word' id='word_1_682' title='bbox 2181 1814 2232 1868; x_wconf 90' lang='lat' dir='ltr'><strong><em>in</em></strong></span> <span class='ocrx_word' id='word_1_683' title='bbox 2263 1821 2401 1867; x_wconf 66' lang='lat' dir='ltr'><strong><em>centu</em></strong></span> <span class='ocrx_word' id='word_1_684' title='bbox 2438 1809 2489 1863; x_wconf 92' lang='lat' dir='ltr'><strong><em>in</em></strong></span> <span class='ocrx_word' id='word_1_685' title='bbox 2533 1807 2766 1861; x_wconf 86' lang='lat' dir='ltr'><strong><em>deserto.</em></strong></span> <span class='ocrx_word' id='word_1_686' title='bbox 2819 1802 2917 1856; x_wconf 85' lang='lat' dir='ltr'><strong><em>llic</em></strong></span> <span class='ocrx_word' id='word_1_687' title='bbox 2962 1815 3091 1853; x_wconf 86' lang='lat' dir='ltr'><strong><em>vero</em></strong></span> <span class='ocrx_word' id='word_1_688' title='bbox 3140 1794 3455 1851; x_wconf 86' lang='lat' dir='ltr'><strong><em>miraculum</em></strong></span> <span class='ocrx_word' id='word_1_689' title='bbox 3509 1805 3757 1860; x_wconf 87' lang='lat' dir='ltr'><strong><em>magnum</em></strong></span> 
     </span>
    </p>
   </div>
   <div class='ocr_carea' id='block_1_76' title="bbox 2181 1884 3763 1961">
    <p class='ocr_par' dir='ltr' id='par_1_76' title="bbox 2181 1884 3763 1961">
     <span class='ocr_line' id='line_1_96' title="bbox 2181 1884 3763 1961; baseline -0.015 -2"><span class='ocrx_word' id='word_1_690' title='bbox 2181 1910 2339 1961; x_wconf 87' lang='lat' dir='ltr'><strong><em>etiam</em></strong></span> <span class='ocrx_word' id='word_1_691' title='bbox 2366 1907 2749 1957; x_wconf 84' lang='lat' dir='ltr'><strong><em>commemorat</em></strong></span> <span class='ocrx_word' id='word_1_692' title='bbox 2777 1898 2825 1949; x_wconf 93' lang='lat' dir='ltr'><strong><em>in</em></strong></span> <span class='ocrx_word' id='word_1_693' title='bbox 2855 1903 3035 1948; x_wconf 90' lang='lat' dir='ltr'><strong><em>monte</em></strong></span> <span class='ocrx_word' id='word_1_694' title='bbox 3064 1890 3280 1945; x_wconf 82' lang='lat' dir='ltr'><strong><em>factum.</em></strong></span> <span class='ocrx_word' id='word_1_695' title='bbox 3306 1887 3405 1955; x_wconf 84' lang='lat' dir='ltr'><strong><em>Qui</em></strong></span> <span class='ocrx_word' id='word_1_696' title='bbox 3438 1884 3629 1954; x_wconf 87' lang='lat' dir='ltr'><strong><em>accepit</em></strong></span> <span class='ocrx_word' id='word_1_697' title='bbox 3656 1899 3763 1937; x_wconf 79' lang='lat' dir='ltr'><strong><em>ver-</em></strong></span> 
     </span>
    </p>
   </div>
   <div class='ocr_carea' id='block_1_77' title="bbox 2182 1976 3759 2060">
    <p class='ocr_par' dir='ltr' id='par_1_77' title="bbox 2182 1976 3759 2060">
     <span class='ocr_line' id='line_1_97' title="bbox 2182 1976 3759 2060; baseline -0.015 -8"><span class='ocrx_word' id='word_1_698' title='bbox 2182 2004 2243 2053; x_wconf 85' lang='lat' dir='ltr'><strong><em>ba</em></strong></span> <span class='ocrx_word' id='word_1_699' title='bbox 2272 2000 2403 2060; x_wconf 65' lang='lat' dir='ltr'><strong><em>vita},</em></strong></span> <span class='ocrx_word' id='word_1_700' title='bbox 2432 2004 2487 2048; x_wconf 89' lang='lat' dir='ltr'><strong><em>ut</em></strong></span> <span class='ocrx_word' id='word_1_701' title='bbox 2520 1994 2664 2047; x_wconf 86' lang='lat' dir='ltr'><strong><em>daret</em></strong></span> <span class='ocrx_word' id='word_1_702' title='bbox 2700 1989 2860 2043; x_wconf 86' lang='lat' dir='ltr'><strong><em>nobis.</em></strong></span> <span class='ocrx_word' id='word_1_703' title='bbox 2887 1986 3095 2055; x_wconf 89' lang='lat' dir='ltr'><strong><em>Ubique</em></strong></span> <span class='ocrx_word' id='word_1_704' title='bbox 3135 1980 3395 2037; x_wconf 85' lang='lat' dir='ltr'><strong><em>mirabilis</em></strong></span> <span class='ocrx_word' id='word_1_705' title='bbox 3418 1989 3501 2034; x_wconf 85' lang='lat' dir='ltr'><strong><em>est</em></strong></span> <span class='ocrx_word' id='word_1_706' title='bbox 3528 1976 3759 2053; x_wconf 73' lang='lat' dir='ltr'><strong><em>Moyses,</em></strong></span> 
     </span>
    </p>
   </div>
   <div class='ocr_carea' id='block_1_78' title="bbox 2184 2069 3762 2156">
    <p class='ocr_par' dir='ltr' id='par_1_78' title="bbox 2184 2069 3762 2156">
     <span class='ocr_line' id='line_1_98' title="bbox 2184 2069 3762 2156; baseline -0.015 -10"><span class='ocrx_word' id='word_1_707' title='bbox 2184 2093 2413 2146; x_wconf 87' lang='lat' dir='ltr'><strong><em>maxime</em></strong></span> <span class='ocrx_word' id='word_1_708' title='bbox 2439 2102 2567 2142; x_wconf 81' lang='lat' dir='ltr'><strong><em>vero</em></strong></span> <span class='ocrx_word' id='word_1_709' title='bbox 2596 2084 2806 2156; x_wconf 85' lang='lat' dir='ltr'><strong><em>quando</em></strong></span> <span class='ocrx_word' id='word_1_710' title='bbox 2847 2082 2931 2136; x_wconf 90' lang='lat' dir='ltr'><strong><em>lex</em></strong></span> <span class='ocrx_word' id='word_1_711' title='bbox 2958 2077 3128 2133; x_wconf 85' lang='lat' dir='ltr'><strong><em>danda</em></strong></span> <span class='ocrx_word' id='word_1_712' title='bbox 3158 2084 3292 2130; x_wconf 89' lang='lat' dir='ltr'><strong><em>erat.</em></strong></span> <span class='ocrx_word' id='word_1_713' title='bbox 3338 2072 3472 2141; x_wconf 85' lang='lat' dir='ltr'><strong><em>Quid</em></strong></span> <span class='ocrx_word' id='word_1_714' title='bbox 3513 2070 3615 2125; x_wconf 92' lang='lat' dir='ltr'><strong><em>sibi</em></strong></span> <span class='ocrx_word' id='word_1_715' title='bbox 3654 2069 3762 2123; x_wconf 89' lang='lat' dir='ltr'><strong><em>vult</em></strong></span> 
     </span>
    </p>
   </div>
   <div class='ocr_carea' id='block_1_79' title="bbox 2186 2166 3762 2247">
    <p class='ocr_par' dir='ltr' id='par_1_79' title="bbox 2186 2166 3762 2247">
     <span class='ocr_line' id='line_1_99' title="bbox 2186 2166 3762 2247; baseline -0.016 -9"><span class='ocrx_word' id='word_1_716' title='bbox 2186 2182 2337 2247; x_wconf 90' lang='lat' dir='ltr'><strong><em>illud,</em></strong></span> <span class='ocrx_word' id='word_1_717' title='bbox 2377 2180 2539 2235; x_wconf 87' lang='lat' dir='ltr'><strong><em>Verba</em></strong></span> <span class='ocrx_word' id='word_1_718' title='bbox 2565 2176 2719 2232; x_wconf 76' lang='lat' dir='ltr'><strong><em>vita&#39;?</em></strong></span> <span class='ocrx_word' id='word_1_719' title='bbox 2746 2174 2840 2230; x_wconf 85' lang='lat' dir='ltr'><strong><em>Vel</em></strong></span> <span class='ocrx_word' id='word_1_720' title='bbox 2865 2188 2949 2238; x_wconf 76' lang='lat' dir='ltr'><strong><em>ea,</em></strong></span> <span class='ocrx_word' id='word_1_721' title='bbox 2980 2184 3204 2240; x_wconf 87' lang='lat' dir='ltr'><strong><em>quorum</em></strong></span> <span class='ocrx_word' id='word_1_722' title='bbox 3233 2166 3350 2220; x_wconf 86' lang='lat' dir='ltr'><strong><em>linis</em></strong></span> <span class='ocrx_word' id='word_1_723' title='bbox 3376 2181 3468 2234; x_wconf 89' lang='lat' dir='ltr'><strong><em>per</em></strong></span> <span class='ocrx_word' id='word_1_724' title='bbox 3486 2170 3762 2217; x_wconf 80' lang='lat' dir='ltr'><strong><em>sermones</em></strong></span> 
     </span>
    </p>
   </div>
   <div class='ocr_carea' id='block_1_80' title="bbox 2187 2254 3762 2337">
    <p class='ocr_par' dir='ltr' id='par_1_80' title="bbox 2187 2254 3762 2337">
     <span class='ocr_line' id='line_1_100' title="bbox 2187 2254 3762 2337; baseline -0.015 -7"><span class='ocrx_word' id='word_1_725' title='bbox 2187 2272 2603 2337; x_wconf 88' lang='lat' dir='ltr'><strong><em>monstrabatur,</em></strong></span> <span class='ocrx_word' id='word_1_726' title='bbox 2633 2268 2712 2323; x_wconf 86' lang='lat' dir='ltr'><strong><em>vel</em></strong></span> <span class='ocrx_word' id='word_1_727' title='bbox 2739 2264 3045 2336; x_wconf 84' lang='lat' dir='ltr'><strong><em>prOphetias</em></strong></span> <span class='ocrx_word' id='word_1_728' title='bbox 3072 2261 3218 2316; x_wconf 88' lang='lat' dir='ltr'><strong><em>dicit.</em></strong></span> <span class='ocrx_word' id='word_1_729' title='bbox 3249 2259 3380 2313; x_wconf 84' lang='lat' dir='ltr'><strong><em>Hinc</em></strong></span> <span class='ocrx_word' id='word_1_730' title='bbox 3406 2257 3646 2327; x_wconf 79' lang='lat' dir='ltr'><strong><em>sequitur</em></strong></span> <span class='ocrx_word' id='word_1_731' title='bbox 3666 2254 3762 2309; x_wconf 85' lang='lat' dir='ltr'><strong><em>cri-</em></strong></span> 
     </span>
    </p>
   </div>
   <div class='ocr_carea' id='block_1_81' title="bbox 2189 2347 3760 2433">
    <p class='ocr_par' dir='ltr' id='par_1_81' title="bbox 2189 2347 3760 2433">
     <span class='ocr_line' id='line_1_101' title="bbox 2189 2347 3760 2433; baseline -0.015 -11"><span class='ocrx_word' id='word_1_732' title='bbox 2189 2367 2408 2423; x_wconf 87' lang='lat' dir='ltr'><strong><em>minatio</em></strong></span> <span class='ocrx_word' id='word_1_733' title='bbox 2433 2366 2484 2419; x_wconf 91' lang='lat' dir='ltr'><strong><em>in</em></strong></span> <span class='ocrx_word' id='word_1_734' title='bbox 2534 2360 2884 2433; x_wconf 83' lang='lat' dir='ltr'><strong><em>patriarchas,</em></strong></span> <span class='ocrx_word' id='word_1_735' title='bbox 2914 2357 3001 2427; x_wconf 89' lang='lat' dir='ltr'><strong><em>qui</em></strong></span> <span class='ocrx_word' id='word_1_736' title='bbox 3045 2362 3160 2423; x_wconf 88' lang='lat' dir='ltr'><strong><em>post</em></strong></span> <span class='ocrx_word' id='word_1_737' title='bbox 3202 2353 3350 2421; x_wconf 85' lang='lat' dir='ltr'><strong><em>signa</em></strong></span> <span class='ocrx_word' id='word_1_738' title='bbox 3393 2359 3447 2405; x_wconf 91' lang='lat' dir='ltr'><strong><em>et</em></strong></span> <span class='ocrx_word' id='word_1_739' title='bbox 3484 2347 3760 2410; x_wconf 84' lang='lat' dir='ltr'><strong><em>miracula,</em></strong></span> 
     </span>
    </p>
   </div>
   <div class='ocr_carea' id='block_1_82' title="bbox 2190 2438 3763 2531">
    <p class='ocr_par' dir='ltr' id='par_1_82' title="bbox 2190 2438 3763 2531">
     <span class='ocr_line' id='line_1_102' title="bbox 2190 2438 3763 2531; baseline -0.017 -16"><span class='ocrx_word' id='word_1_740' title='bbox 2190 2471 2465 2531; x_wconf 89' lang='lat' dir='ltr'><strong><em>postquam</em></strong></span> <span class='ocrx_word' id='word_1_741' title='bbox 2496 2461 2811 2522; x_wconf 87' lang='lat' dir='ltr'><strong><em>acceperant</em></strong></span> <span class='ocrx_word' id='word_1_742' title='bbox 2832 2449 2988 2504; x_wconf 84' lang='lat' dir='ltr'><strong><em>verba</em></strong></span> <span class='ocrx_word' id='word_1_743' title='bbox 3010 2449 3150 2512; x_wconf 72' lang='lat' dir='ltr'><strong><em>vitaz,</em></strong></span> <span class='ocrx_word' id='word_1_744' title='bbox 3171 2444 3235 2497; x_wconf 86' lang='lat' dir='ltr'><strong><em>Ei</em></strong></span> <span class='ocrx_word' id='word_1_745' title='bbox 3260 2443 3548 2502; x_wconf 87' lang='lat' dir='ltr'><strong><em>notuerunt,</em></strong></span> <span class='ocrx_word' id='word_1_746' title='bbox 3573 2438 3763 2507; x_wconf 86' lang='lat' dir='ltr'><strong><em>inquit,</em></strong></span> 
     </span>
    </p>
   </div>
   <div class='ocr_carea' id='block_1_83' title="bbox 2189 2536 3765 2621">
    <p class='ocr_par' dir='ltr' id='par_1_83' title="bbox 2189 2536 3765 2621">
     <span class='ocr_line' id='line_1_103' title="bbox 2189 2536 3765 2621; baseline -0.016 -14"><span class='ocrx_word' id='word_1_747' title='bbox 2189 2553 2469 2621; x_wconf 86' lang='lat' dir='ltr'><strong><em>obedientes</em></strong></span> <span class='ocrx_word' id='word_1_748' title='bbox 2493 2565 2617 2602; x_wconf 73' lang='lat' dir='ltr'><strong><em>esse.</em></strong></span> <span class='ocrx_word' id='word_1_749' title='bbox 2637 2546 2798 2599; x_wconf 83' lang='lat' dir='ltr'><strong><em>Recte</em></strong></span> <span class='ocrx_word' id='word_1_750' title='bbox 2821 2552 2994 2597; x_wconf 87' lang='lat' dir='ltr'><strong><em>autem</em></strong></span> <span class='ocrx_word' id='word_1_751' title='bbox 3013 2540 3162 2603; x_wconf 86' lang='lat' dir='ltr'><strong><em>dixit,</em></strong></span> <span class='ocrx_word' id='word_1_752' title='bbox 3178 2536 3338 2590; x_wconf 78' lang='lat' dir='ltr'><strong><em>Verba</em></strong></span> <span class='ocrx_word' id='word_1_753' title='bbox 3358 2536 3490 2599; x_wconf 75' lang='lat' dir='ltr'><strong><em>vita&#39;,</em></strong></span> <span class='ocrx_word' id='word_1_754' title='bbox 3509 2542 3566 2587; x_wconf 91' lang='lat' dir='ltr'><strong><em>ut</em></strong></span> <span class='ocrx_word' id='word_1_755' title='bbox 3584 2542 3765 2586; x_wconf 84' lang='lat' dir='ltr'><strong><em>osten-</em></strong></span> 
     </span>
    </p>
   </div>
   <div class='ocr_carea' id='block_1_84' title="bbox 2191 2622 3770 2709">
    <p class='ocr_par' dir='ltr' id='par_1_84' title="bbox 2191 2622 3770 2709">
     <span class='ocr_line' id='line_1_104' title="bbox 2191 2622 3770 2709; baseline -0.018 -7"><span class='ocrx_word' id='word_1_756' title='bbox 2191 2648 2340 2702; x_wconf 89' lang='lat' dir='ltr'><strong><em>deret</em></strong></span> <span class='ocrx_word' id='word_1_757' title='bbox 2365 2657 2483 2697; x_wconf 87' lang='lat' dir='ltr'><strong><em>esse</em></strong></span> <span class='ocrx_word' id='word_1_758' title='bbox 2509 2654 2719 2709; x_wconf 86' lang='lat' dir='ltr'><strong><em>quoque</em></strong></span> <span class='ocrx_word' id='word_1_759' title='bbox 2748 2634 2907 2690; x_wconf 89' lang='lat' dir='ltr'><strong><em>verba</em></strong></span> <span class='ocrx_word' id='word_1_760' title='bbox 2932 2649 3033 2686; x_wconf 89' lang='lat' dir='ltr'><strong><em>non</em></strong></span> <span class='ocrx_word' id='word_1_761' title='bbox 3060 2629 3312 2692; x_wconf 73' lang='lat' dir='ltr'><strong><em>viventia,</em></strong></span> <span class='ocrx_word' id='word_1_762' title='bbox 3335 2626 3403 2679; x_wconf 89' lang='lat' dir='ltr'><strong><em>de</em></strong></span> <span class='ocrx_word' id='word_1_763' title='bbox 3425 2625 3617 2694; x_wconf 86' lang='lat' dir='ltr'><strong><em>quibus</em></strong></span> <span class='ocrx_word' id='word_1_764' title='bbox 3640 2622 3770 2676; x_wconf 76' lang='lat' dir='ltr'><strong><em>Eze-</em></strong></span> 
     </span>
    </p>
   </div>
   <div class='ocr_carea' id='block_1_85' title="bbox 2193 2712 3769 2797">
    <p class='ocr_par' dir='ltr' id='par_1_85' title="bbox 2193 2712 3769 2797">
     <span class='ocr_line' id='line_1_105' title="bbox 2193 2712 3769 2797; baseline -0.019 -4"><span class='ocrx_word' id='word_1_765' title='bbox 2193 2738 2331 2793; x_wconf 80' lang='lat' dir='ltr'><strong><em>chiel</em></strong></span> <span class='ocrx_word' id='word_1_766' title='bbox 2363 2737 2469 2789; x_wconf 88' lang='lat' dir='ltr'><strong><em>ait:</em></strong></span> <span class='ocrx_word' id='word_1_767' title='bbox 2499 2732 2563 2785; x_wconf 88' lang='lat' dir='ltr'><strong><em>Et</em></strong></span> <span class='ocrx_word' id='word_1_768' title='bbox 2586 2732 2701 2784; x_wconf 85' lang='lat' dir='ltr'><strong><em>dedi</em></strong></span> <span class='ocrx_word' id='word_1_769' title='bbox 2729 2728 2865 2782; x_wconf 88' lang='lat' dir='ltr'><strong><em>vobis</em></strong></span> <span class='ocrx_word' id='word_1_770' title='bbox 2895 2731 3145 2797; x_wconf 79' lang='lat' dir='ltr'><strong><em>prcecepta</em></strong></span> <span class='ocrx_word' id='word_1_771' title='bbox 3165 2736 3264 2773; x_wconf 92' lang='lat' dir='ltr'><strong><em>non</em></strong></span> <span class='ocrx_word' id='word_1_772' title='bbox 3286 2718 3416 2772; x_wconf 90' lang='lat' dir='ltr'><strong><em>bona</em></strong></span> <span class='ocrx_word' id='word_1_773' title='bbox 3436 2713 3650 2786; x_wconf 80' lang='lat' dir='ltr'><strong><em>(Ezech.</em></strong></span> <span class='ocrx_word' id='word_1_774' title='bbox 3675 2712 3769 2767; x_wconf 76' lang='lat'><strong><em>9.0.</em></strong></span> 
     </span>
    </p>
   </div>
   <div class='ocr_carea' id='block_1_86' title="bbox 2193 2808 3775 2903">
    <p class='ocr_par' dir='ltr' id='par_1_86' title="bbox 2193 2808 3775 2903">
     <span class='ocr_line' id='line_1_106' title="bbox 2193 2808 3775 2903; baseline -0.02 -16"><span class='ocrx_word' id='word_1_775' title='bbox 2193 2833 2307 2903; x_wconf 73' lang='lat'><strong><em>9.5).</em></strong></span> <span class='ocrx_word' id='word_1_776' title='bbox 2336 2829 2481 2884; x_wconf 85' lang='lat' dir='ltr'><strong><em>Talia</em></strong></span> <span class='ocrx_word' id='word_1_777' title='bbox 2501 2840 2629 2895; x_wconf 89' lang='lat' dir='ltr'><strong><em>ergo</em></strong></span> <span class='ocrx_word' id='word_1_778' title='bbox 2660 2820 2949 2890; x_wconf 87' lang='lat' dir='ltr'><strong><em>respiciens</em></strong></span> <span class='ocrx_word' id='word_1_779' title='bbox 2977 2816 3129 2880; x_wconf 85' lang='lat' dir='ltr'><strong><em>dixit,</em></strong></span> <span class='ocrx_word' id='word_1_780' title='bbox 3160 2810 3324 2866; x_wconf 84' lang='lat' dir='ltr'><strong><em>Verba</em></strong></span> <span class='ocrx_word' id='word_1_781' title='bbox 3344 2810 3475 2863; x_wconf 72' lang='lat' dir='ltr'><strong><em>vitaz.</em></strong></span> <span class='ocrx_word' id='word_1_782' title='bbox 3499 2808 3604 2862; x_wconf 88' lang='lat' dir='ltr'><strong><em>Sed</em></strong></span> <span class='ocrx_word' id='word_1_783' title='bbox 3622 2822 3775 2876; x_wconf 81' lang='lat' dir='ltr'><strong><em>repu-</em></strong></span> 
     </span>
    </p>
   </div>
   <div class='ocr_carea' id='block_1_87' title="bbox 2196 2900 3776 2985">
    <p class='ocr_par' dir='ltr' id='par_1_87' title="bbox 2196 2900 3776 2985">
     <span class='ocr_line' id='line_1_107' title="bbox 2196 2900 3776 2985; baseline -0.018 -6"><span class='ocrx_word' id='word_1_784' title='bbox 2196 2900 2384 2985; x_wconf 78' lang='lat' dir='ltr'><strong><em>lerunt,</em></strong></span> <span class='ocrx_word' id='word_1_785' title='bbox 2403 2930 2450 2975; x_wconf 89' lang='lat' dir='ltr'><strong><em>et</em></strong></span> <span class='ocrx_word' id='word_1_786' title='bbox 2469 2918 2627 2972; x_wconf 85' lang='lat' dir='ltr'><strong><em>aversi</em></strong></span> <span class='ocrx_word' id='word_1_787' title='bbox 2647 2924 2762 2971; x_wconf 87' lang='lat' dir='ltr'><strong><em>sunt</em></strong></span> <span class='ocrx_word' id='word_1_788' title='bbox 2780 2911 3011 2967; x_wconf 81' lang='lat' dir='ltr'><strong><em>cordibus</em></strong></span> <span class='ocrx_word' id='word_1_789' title='bbox 3031 2911 3135 2963; x_wconf 89' lang='lat' dir='ltr'><strong><em>suis</em></strong></span> <span class='ocrx_word' id='word_1_790' title='bbox 3153 2906 3204 2959; x_wconf 91' lang='lat' dir='ltr'><strong><em>in</em></strong></span> <span class='ocrx_word' id='word_1_791' title='bbox 3219 2902 3546 2975; x_wconf 68' lang='lat' dir='ltr'><strong><em>Egyptum;</em></strong></span> <span class='ocrx_word' id='word_1_792' title='bbox 3576 2900 3663 2955; x_wconf 92' lang='lat' dir='ltr'><strong><em>ubi</em></strong></span> <span class='ocrx_word' id='word_1_793' title='bbox 3694 2900 3776 2952; x_wconf 63' lang='lat' dir='ltr'><strong><em>in-</em></strong></span> 
     </span>
    </p>
   </div>
   <div class='ocr_carea' id='block_1_88' title="bbox 2198 2992 3772 3088">
    <p class='ocr_par' dir='ltr' id='par_1_88' title="bbox 2198 2992 3772 3088">
     <span class='ocr_line' id='line_1_108' title="bbox 2198 2992 3772 3088; baseline -0.018 -16"><span class='ocrx_word' id='word_1_794' title='bbox 2198 3013 2562 3088; x_wconf 85' lang='lat' dir='ltr'><strong><em>gemiscebant</em></strong></span> <span class='ocrx_word' id='word_1_795' title='bbox 2577 3012 2615 3075; x_wconf 84' lang='grc'><strong><em>¹,</em></strong></span> <span class='ocrx_word' id='word_1_796' title='bbox 2638 3009 2724 3063; x_wconf 90' lang='lat' dir='ltr'><strong><em>ubi</em></strong></span> <span class='ocrx_word' id='word_1_797' title='bbox 2742 3005 3058 3067; x_wconf 86' lang='lat' dir='ltr'><strong><em>clamabant,</em></strong></span> <span class='ocrx_word' id='word_1_798' title='bbox 3090 2999 3229 3054; x_wconf 89' lang='lat' dir='ltr'><strong><em>unde</em></strong></span> <span class='ocrx_word' id='word_1_799' title='bbox 3247 2998 3412 3052; x_wconf 91' lang='lat' dir='ltr'><strong><em>Deum</em></strong></span> <span class='ocrx_word' id='word_1_800' title='bbox 3433 2992 3772 3048; x_wconf 84' lang='lat' dir='ltr'><strong><em>invocabant.</em></strong></span> 
     </span>
    </p>
   </div>
   <div class='ocr_carea' id='block_1_89' title="bbox 2201 3086 3774 3163">
    <p class='ocr_par' dir='ltr' id='par_1_89' title="bbox 2201 3086 3774 3163">
     <span class='ocr_line' id='line_1_109' title="bbox 2201 3086 3774 3163; baseline -0.017 0"><span class='ocrx_word' id='word_1_801' title='bbox 2201 3086 2270 3163; x_wconf 60' lang='lat' dir='ltr'><strong><em>Et</em></strong></span> <span class='ocrx_word' id='word_1_802' title='bbox 2292 3108 2521 3161; x_wconf 87' lang='lat' dir='ltr'><strong><em>dicebant</em></strong></span> <span class='ocrx_word' id='word_1_803' title='bbox 2555 3100 2740 3157; x_wconf 86' lang='lat' dir='ltr'><strong><em>Aaroni</em></strong></span> <span class='ocrx_word' id='word_1_804' title='bbox 2762 3115 2780 3151; x_wconf 91' lang='lat'><strong><em>:</em></strong></span> <span class='ocrx_word' id='word_1_805' title='bbox 2809 3096 2917 3151; x_wconf 85' lang='lat' dir='ltr'><strong><em>Fac</em></strong></span> <span class='ocrx_word' id='word_1_806' title='bbox 2934 3094 3074 3149; x_wconf 88' lang='lat' dir='ltr'><strong><em>nobis</em></strong></span> <span class='ocrx_word' id='word_1_807' title='bbox 3095 3090 3335 3161; x_wconf 89' lang='lat' dir='ltr'><strong><em>deos,qui</em></strong></span> <span class='ocrx_word' id='word_1_808' title='bbox 3358 3086 3641 3158; x_wconf 79' lang='lat' dir='ltr'><strong><em>prtecedant</em></strong></span> <span class='ocrx_word' id='word_1_809' title='bbox 3660 3100 3774 3137; x_wconf 89' lang='lat' dir='ltr'><strong><em>nos.</em></strong></span> 
     </span>
    </p>
   </div>
   <div class='ocr_carea' id='block_1_90' title="bbox 2271 3174 3779 3260">
    <p class='ocr_par' dir='ltr' id='par_1_90' title="bbox 2271 3174 3779 3260">
     <span class='ocr_line' id='line_1_110' title="bbox 2271 3174 3779 3260; baseline -0.019 -5"><span class='ocrx_word' id='word_1_810' title='bbox 2271 3202 2325 3255; x_wconf 75' lang='grc'>2.</span> <span class='ocrx_word' id='word_1_811' title='bbox 2367 3200 2668 3255; x_wconf 76' lang='lat' dir='ltr'><strong><em>Judworum</em></strong></span> <span class='ocrx_word' id='word_1_812' title='bbox 2706 3184 3158 3260; x_wconf 88' lang='lat' dir='ltr'><strong><em>insipientia.-—0</em></strong></span> <span class='ocrx_word' id='word_1_813' title='bbox 3202 3179 3593 3251; x_wconf 84' lang='lat' dir='ltr'><strong><em>insipientiam!</em></strong></span> <span class='ocrx_word' id='word_1_814' title='bbox 3643 3174 3779 3237; x_wconf 82' lang='lat' dir='ltr'><strong><em>Fac,</em></strong></span> 
     </span>
    </p>
   </div>
   <div class='ocr_carea' id='block_1_91' title="bbox 2204 3265 3784 3365">
    <p class='ocr_par' dir='ltr' id='par_1_91' title="bbox 2204 3265 3784 3365">
     <span class='ocr_line' id='line_1_111' title="bbox 2204 3265 3784 3365; baseline -0.021 -15"><span class='ocrx_word' id='word_1_815' title='bbox 2204 3294 2465 3365; x_wconf 90' lang='lat' dir='ltr'><strong><em>inquiunt,</em></strong></span> <span class='ocrx_word' id='word_1_816' title='bbox 2513 3299 2567 3342; x_wconf 91' lang='lat' dir='ltr'><strong><em>ut</em></strong></span> <span class='ocrx_word' id='word_1_817' title='bbox 2607 3286 2890 3356; x_wconf 77' lang='lat' dir='ltr'><strong><em>prcecedant</em></strong></span> <span class='ocrx_word' id='word_1_818' title='bbox 2925 3294 3035 3333; x_wconf 90' lang='lat' dir='ltr'><strong><em>nos.</em></strong></span> <span class='ocrx_word' id='word_1_819' title='bbox 3074 3274 3225 3345; x_wconf 86' lang='lat' dir='ltr'><strong><em>Quo?</em></strong></span> <span class='ocrx_word' id='word_1_820' title='bbox 3252 3273 3306 3327; x_wconf 89' lang='lat' dir='ltr'><strong><em>In</em></strong></span> <span class='ocrx_word' id='word_1_821' title='bbox 3339 3271 3649 3340; x_wconf 63' lang='lat' dir='ltr'><strong><em>Egyptum.</em></strong></span> <span class='ocrx_word' id='word_1_822' title='bbox 3690 3265 3784 3320; x_wconf 75' lang='lat' dir='ltr'><strong><em>Vi-</em></strong></span> 
     </span>
    </p>
   </div>
   <div class='ocr_carea' id='block_1_92' title="bbox 2206 3359 3785 3454">
    <p class='ocr_par' dir='ltr' id='par_1_92' title="bbox 2206 3359 3785 3454">
     <span class='ocr_line' id='line_1_112' title="bbox 2206 3359 3785 3454; baseline -0.02 -12"><span class='ocrx_word' id='word_1_823' title='bbox 2206 3387 2348 3451; x_wconf 81' lang='lat' dir='ltr'><strong><em>den‘,</em></strong></span> <span class='ocrx_word' id='word_1_824' title='bbox 2375 3399 2531 3454; x_wconf 83' lang='lat' dir='ltr'><strong><em>quam</em></strong></span> <span class='ocrx_word' id='word_1_825' title='bbox 2558 3394 2698 3451; x_wconf 70' lang='lat' dir='ltr'><strong><em>tegre</em></strong></span> <span class='ocrx_word' id='word_1_826' title='bbox 2723 3373 3078 3430; x_wconf 80' lang='lat' dir='ltr'><strong><em>avellerentur</em></strong></span> <span class='ocrx_word' id='word_1_827' title='bbox 3103 3385 3131 3422; x_wconf 90' lang='lat' dir='ltr'><strong><em>a</em></strong></span> <span class='ocrx_word' id='word_1_828' title='bbox 3162 3365 3401 3422; x_wconf 89' lang='lat' dir='ltr'><strong><em>moribus</em></strong></span> <span class='ocrx_word' id='word_1_829' title='bbox 3420 3359 3785 3433; x_wconf 64' lang='lat' dir='ltr'><strong><em>Egyptiacis?</em></strong></span> 
     </span>
    </p>
   </div>
   <div class='ocr_carea' id='block_1_93' title="bbox 2206 3448 3787 3549">
    <p class='ocr_par' dir='ltr' id='par_1_93' title="bbox 2206 3448 3787 3549">
     <span class='ocr_line' id='line_1_113' title="bbox 2206 3448 3787 3549; baseline -0.02 -15"><span class='ocrx_word' id='word_1_830' title='bbox 2206 3478 2341 3549; x_wconf 86' lang='lat' dir='ltr'><strong><em>Quid</em></strong></span> <span class='ocrx_word' id='word_1_831' title='bbox 2373 3473 2549 3529; x_wconf 75' lang='lat' dir='ltr'><strong><em>dlt&#39;iS?</em></strong></span> <span class='ocrx_word' id='word_1_832' title='bbox 2584 3448 2691 3526; x_wconf 76' lang='lat' dir='ltr'><strong><em>non</em></strong></span> <span class='ocrx_word' id='word_1_833' title='bbox 2734 3474 3011 3536; x_wconf 86' lang='lat' dir='ltr'><strong><em>exspectas</em></strong></span> <span class='ocrx_word' id='word_1_834' title='bbox 3051 3475 3171 3515; x_wconf 90' lang='lat' dir='ltr'><strong><em>eum</em></strong></span> <span class='ocrx_word' id='word_1_835' title='bbox 3209 3457 3298 3529; x_wconf 88' lang='lat' dir='ltr'><strong><em>qui</em></strong></span> <span class='ocrx_word' id='word_1_836' title='bbox 3336 3463 3390 3511; x_wconf 91' lang='lat' dir='ltr'><strong><em>te</em></strong></span> <span class='ocrx_word' id='word_1_837' title='bbox 3427 3453 3647 3518; x_wconf 87' lang='lat' dir='ltr'><strong><em>eduxit;</em></strong></span> <span class='ocrx_word' id='word_1_838' title='bbox 3692 3448 3787 3505; x_wconf 87' lang='lat' dir='ltr'><strong><em>sed</em></strong></span> 
     </span>
    </p>
   </div>
   <div class='ocr_carea' id='block_1_94' title="bbox 2211 3542 3785 3640">
    <p class='ocr_par' dir='ltr' id='par_1_94' title="bbox 2211 3542 3785 3640">
     <span class='ocr_line' id='line_1_114' title="bbox 2211 3542 3785 3640; baseline -0.02 -14"><span class='ocrx_word' id='word_1_839' title='bbox 2211 3542 2372 3640; x_wconf 70' lang='lat' dir='ltr'><strong><em>negas</em></strong></span> <span class='ocrx_word' id='word_1_840' title='bbox 2411 3563 2747 3623; x_wconf 87' lang='lat' dir='ltr'><strong><em>beneﬁcium,</em></strong></span> <span class='ocrx_word' id='word_1_841' title='bbox 2779 3568 2831 3613; x_wconf 89' lang='lat' dir='ltr'><strong><em>et</em></strong></span> <span class='ocrx_word' id='word_1_842' title='bbox 2874 3570 2904 3610; x_wconf 89' lang='lat' dir='ltr'><strong><em>a</em></strong></span> <span class='ocrx_word' id='word_1_843' title='bbox 2952 3550 3292 3608; x_wconf 76' lang='lat' dir='ltr'><strong><em>benefactore</em></strong></span> <span class='ocrx_word' id='word_1_844' title='bbox 3329 3545 3502 3615; x_wconf 83' lang='lat' dir='ltr'><strong><em>fugis?</em></strong></span> <span class='ocrx_word' id='word_1_845' title='bbox 3540 3544 3604 3597; x_wconf 77' lang='lat' dir='ltr'><strong><em>Et</em></strong></span> <span class='ocrx_word' id='word_1_846' title='bbox 3646 3542 3785 3606; x_wconf 84' lang='lat' dir='ltr'><strong><em>vide,</em></strong></span> 
     </span>
    </p>
   </div>
   <div class='ocr_carea' id='block_1_95' title="bbox 2210 3634 3788 3736">
    <p class='ocr_par' dir='ltr' id='par_1_95' title="bbox 2210 3634 3788 3736">
     <span class='ocr_line' id='line_1_115' title="bbox 2210 3634 3788 3736; baseline -0.022 -17"><span class='ocrx_word' id='word_1_847' title='bbox 2210 3661 2479 3736; x_wconf 90' lang='lat' dir='ltr'><strong><em>quomodo</em></strong></span> <span class='ocrx_word' id='word_1_848' title='bbox 2521 3653 2839 3712; x_wconf 85' lang='lat' dir='ltr'><strong><em>contumelia</em></strong></span> <span class='ocrx_word' id='word_1_849' title='bbox 2871 3648 3127 3702; x_wconf 84' lang='lat' dir='ltr'><strong><em>afﬁciunt.</em></strong></span> <span class='ocrx_word' id='word_1_850' title='bbox 3172 3641 3375 3712; x_wconf 83' lang='lat' dir='ltr'><strong><em>Moyses</em></strong></span> <span class='ocrx_word' id='word_1_851' title='bbox 3400 3638 3533 3692; x_wconf 89' lang='lat' dir='ltr'><strong><em>enim</em></strong></span> <span class='ocrx_word' id='word_1_852' title='bbox 3567 3636 3671 3700; x_wconf 81' lang='lat' dir='ltr'><strong><em>hic,</em></strong></span> <span class='ocrx_word' id='word_1_853' title='bbox 3705 3634 3788 3685; x_wconf 52' lang='lat' dir='ltr'><strong><em>in.</em></strong></span> 
     </span>
    </p>
   </div>
   <div class='ocr_carea' id='block_1_96' title="bbox 2212 3724 3789 3826">
    <p class='ocr_par' dir='ltr' id='par_1_96' title="bbox 2212 3724 3789 3826">
     <span class='ocr_line' id='line_1_116' title="bbox 2212 3724 3789 3826; baseline -0.021 -16"><span class='ocrx_word' id='word_1_854' title='bbox 2212 3724 2419 3826; x_wconf 76' lang='lat' dir='ltr'><strong><em>quium,</em></strong></span> <span class='ocrx_word' id='word_1_855' title='bbox 2450 3751 2535 3822; x_wconf 86' lang='lat' dir='ltr'><strong><em>qui</em></strong></span> <span class='ocrx_word' id='word_1_856' title='bbox 2564 3746 2737 3802; x_wconf 74' lang='lat' dir='ltr'><strong><em>eduxit</em></strong></span> <span class='ocrx_word' id='word_1_857' title='bbox 2763 3759 2853 3797; x_wconf 94' lang='lat' dir='ltr'><strong><em>nos</em></strong></span> <span class='ocrx_word' id='word_1_858' title='bbox 2880 3741 2942 3793; x_wconf 88' lang='lat' dir='ltr'><strong><em>de</em></strong></span> <span class='ocrx_word' id='word_1_859' title='bbox 2967 3748 3099 3793; x_wconf 90' lang='lat' dir='ltr'><strong><em>terra</em></strong></span> <span class='ocrx_word' id='word_1_860' title='bbox 3126 3732 3363 3805; x_wconf 64' lang='lat' dir='ltr'><strong><em>Egypti.</em></strong></span> <span class='ocrx_word' id='word_1_861' title='bbox 3389 3728 3663 3796; x_wconf 85' lang='lat' dir='ltr'><strong><em>Nusquam</em></strong></span> <span class='ocrx_word' id='word_1_862' title='bbox 3697 3724 3789 3779; x_wconf 76' lang='lat' dir='ltr'><strong><em>Dei</em></strong></span> 
     </span>
    </p>
   </div>
   <div class='ocr_carea' id='block_1_97' title="bbox 2214 3819 3793 3910">
    <p class='ocr_par' dir='ltr' id='par_1_97' title="bbox 2214 3819 3793 3910">
     <span class='ocr_line' id='line_1_117' title="bbox 2214 3819 3793 3910; baseline -0.022 -7"><span class='ocrx_word' id='word_1_863' title='bbox 2214 3862 2430 3910; x_wconf 89' lang='lat' dir='ltr'><strong><em>nomen,</em></strong></span> <span class='ocrx_word' id='word_1_864' title='bbox 2462 3819 2554 3897; x_wconf 86' lang='lat' dir='ltr'><strong><em>sed</em></strong></span> <span class='ocrx_word' id='word_1_865' title='bbox 2583 3837 2759 3893; x_wconf 88' lang='lat' dir='ltr'><strong><em>omnia</em></strong></span> <span class='ocrx_word' id='word_1_866' title='bbox 2798 3834 2963 3905; x_wconf 82' lang='lat' dir='ltr'><strong><em>Moysi</em></strong></span> <span class='ocrx_word' id='word_1_867' title='bbox 2994 3828 3319 3884; x_wconf 87' lang='lat' dir='ltr'><strong><em>adscribunt.</em></strong></span> <span class='ocrx_word' id='word_1_868' title='bbox 3350 3823 3415 3877; x_wconf 83' lang='lat' dir='ltr'><strong><em>Et</em></strong></span> <span class='ocrx_word' id='word_1_869' title='bbox 3443 3836 3564 3876; x_wconf 89' lang='lat' dir='ltr'><strong><em>cum</em></strong></span> <span class='ocrx_word' id='word_1_870' title='bbox 3595 3819 3793 3889; x_wconf 79' lang='lat' dir='ltr'><strong><em>gratias</em></strong></span> 
     </span>
    </p>
   </div>
   <div class='ocr_carea' id='block_1_98' title="bbox 2217 3914 3793 4013">
    <p class='ocr_par' dir='ltr' id='par_1_98' title="bbox 2217 3914 3793 4013">
     <span class='ocr_line' id='line_1_118' title="bbox 2217 3914 3793 4013; baseline -0.023 -16"><span class='ocrx_word' id='word_1_871' title='bbox 2217 3956 2373 4013; x_wconf 85' lang='lat' dir='ltr'><strong><em>agere</em></strong></span> <span class='ocrx_word' id='word_1_872' title='bbox 2395 3943 2686 4007; x_wconf 88' lang='lat' dir='ltr'><strong><em>oporteret,</em></strong></span> <span class='ocrx_word' id='word_1_873' title='bbox 2719 3930 2953 3999; x_wconf 77' lang='lat' dir='ltr'><strong><em>llloyscm</em></strong></span> <span class='ocrx_word' id='word_1_874' title='bbox 2980 3924 3033 3978; x_wconf 91' lang='lat' dir='ltr'><strong><em>in</em></strong></span> <span class='ocrx_word' id='word_1_875' title='bbox 3065 3919 3298 3975; x_wconf 88' lang='lat' dir='ltr'><strong><em>medium</em></strong></span> <span class='ocrx_word' id='word_1_876' title='bbox 3328 3914 3600 3972; x_wconf 83' lang='lat' dir='ltr'><strong><em>adducunt</em></strong></span> <span class='ocrx_word' id='word_1_877' title='bbox 3627 3927 3641 3964; x_wconf 89' lang='lat'>:</span> <span class='ocrx_word' id='word_1_878' title='bbox 3676 3924 3793 3963; x_wconf 87' lang='lat' dir='ltr'><strong><em>cmn</em></strong></span> 
     </span>
    </p>
   </div>
   <div class='ocr_carea' id='block_1_99' title="bbox 2218 4005 3797 4096">
    <p class='ocr_par' dir='ltr' id='par_1_99' title="bbox 2218 4005 3797 4096">
     <span class='ocr_line' id='line_1_119' title="bbox 2218 4005 3797 4096; baseline -0.024 -7"><span class='ocrx_word' id='word_1_879' title='bbox 2218 4041 2394 4088; x_wconf 88' lang='lat' dir='ltr'><strong><em>autem</em></strong></span> <span class='ocrx_word' id='word_1_880' title='bbox 2422 4027 2525 4096; x_wconf 86' lang='lat' dir='ltr'><strong><em>legi</em></strong></span> <span class='ocrx_word' id='word_1_881' title='bbox 2543 4019 2897 4078; x_wconf 87' lang='lat' dir='ltr'><strong><em>ohediendum</em></strong></span> <span class='ocrx_word' id='word_1_882' title='bbox 2923 4023 3054 4073; x_wconf 85' lang='lat' dir='ltr'><strong><em>erat.</em></strong></span> <span class='ocrx_word' id='word_1_883' title='bbox 3078 4025 3182 4065; x_wconf 92' lang='lat' dir='ltr'><strong><em>non</em></strong></span> <span class='ocrx_word' id='word_1_884' title='bbox 3202 4010 3309 4078; x_wconf 88' lang='lat' dir='ltr'><strong><em>jam</em></strong></span> <span class='ocrx_word' id='word_1_885' title='bbox 3336 4005 3567 4075; x_wconf 83' lang='lat' dir='ltr'><strong><em>Moysem</em></strong></span> <span class='ocrx_word' id='word_1_886' title='bbox 3594 4014 3797 4055; x_wconf 82' lang='lat' dir='ltr'><strong><em>memo-</em></strong></span> 
     </span>
    </p>
   </div>
   <div class='ocr_carea' id='block_1_100' title="bbox 2219 4093 3798 4188">
    <p class='ocr_par' dir='ltr' id='par_1_100' title="bbox 2219 4093 3798 4188">
     <span class='ocr_line' id='line_1_120' title="bbox 2219 4093 3798 4188; baseline -0.023 -8"><span class='ocrx_word' id='word_1_887' title='bbox 2219 4134 2360 4181; x_wconf 89' lang='lat' dir='ltr'><strong><em>rant.</em></strong></span> <span class='ocrx_word' id='word_1_888' title='bbox 2392 4093 2551 4188; x_wconf 78' lang='lat' dir='ltr'><strong><em>Atqui</em></strong></span> <span class='ocrx_word' id='word_1_889' title='bbox 2586 4116 2811 4175; x_wconf 81' lang='lat' dir='ltr'><strong><em>dixerat,</em></strong></span> <span class='ocrx_word' id='word_1_890' title='bbox 2857 4124 2915 4164; x_wconf 91' lang='lat' dir='ltr'><strong><em>se</em></strong></span> <span class='ocrx_word' id='word_1_891' title='bbox 2950 4103 3262 4167; x_wconf 88' lang='lat' dir='ltr'><strong><em>ascendere,</em></strong></span> <span class='ocrx_word' id='word_1_892' title='bbox 3291 4106 3351 4153; x_wconf 93' lang='lat' dir='ltr'><strong><em>ut</em></strong></span> <span class='ocrx_word' id='word_1_893' title='bbox 3376 4096 3547 4166; x_wconf 84' lang='lat' dir='ltr'><strong><em>legem</em></strong></span> <span class='ocrx_word' id='word_1_894' title='bbox 3584 4093 3798 4163; x_wconf 78' lang='lat' dir='ltr'><strong><em>accipe-</em></strong></span> 
     </span>
    </p>
   </div>
   <div class='ocr_carea' id='block_1_101' title="bbox 2222 4188 3799 4282">
    <p class='ocr_par' dir='ltr' id='par_1_101' title="bbox 2222 4188 3799 4282">
     <span class='ocr_line' id='line_1_121' title="bbox 2222 4188 3799 4282; baseline -0.023 -9"><span class='ocrx_word' id='word_1_895' title='bbox 2222 4228 2303 4273; x_wconf 69' lang='lat' dir='ltr'><strong><em>rt-t</em></strong></span> <span class='ocrx_word' id='word_1_896' title='bbox 2327 4232 2341 4282; x_wconf 90' lang='lat'><strong>;</strong></span> <span class='ocrx_word' id='word_1_897' title='bbox 2372 4214 2448 4269; x_wconf 91' lang='lat' dir='ltr'><strong><em>illi</em></strong></span> <span class='ocrx_word' id='word_1_898' title='bbox 2480 4224 2606 4264; x_wconf 83' lang='lat' dir='ltr'><strong><em>vero</em></strong></span> <span class='ocrx_word' id='word_1_899' title='bbox 2628 4224 2695 4262; x_wconf 89' lang='lat' dir='ltr'><strong><em>ne</em></strong></span> <span class='ocrx_word' id='word_1_900' title='bbox 2723 4220 2818 4275; x_wconf 90' lang='lat' dir='ltr'><strong><em>per</em></strong></span> <span class='ocrx_word' id='word_1_901' title='bbox 2847 4197 3191 4272; x_wconf 85' lang='lat' dir='ltr'><strong><em>quadraginta</em></strong></span> <span class='ocrx_word' id='word_1_902' title='bbox 3222 4189 3433 4263; x_wconf 89' lang='lat' dir='ltr'><strong><em>quidem</em></strong></span> <span class='ocrx_word' id='word_1_903' title='bbox 3460 4188 3577 4242; x_wconf 84' lang='lat' dir='ltr'><strong><em>dies</em></strong></span> <span class='ocrx_word' id='word_1_904' title='bbox 3604 4198 3799 4255; x_wconf 86' lang='lat' dir='ltr'><strong><em>exspe-</em></strong></span> 
     </span>
    </p>
   </div>
   <div class='ocr_carea' id='block_1_102' title="bbox 2222 4276 3797 4363">
    <p class='ocr_par' dir='ltr' id='par_1_102' title="bbox 2222 4276 3797 4363">
     <span class='ocr_line' id='line_1_122' title="bbox 2222 4276 3797 4363; baseline -0.022 0"><span class='ocrx_word' id='word_1_905' title='bbox 2222 4315 2453 4363; x_wconf 87' lang='lat' dir='ltr'><strong><em>ctarunt.</em></strong></span> <span class='ocrx_word' id='word_1_906' title='bbox 2503 4300 2609 4354; x_wconf 81' lang='lat' dir='ltr'><strong><em>Fac</em></strong></span> <span class='ocrx_word' id='word_1_907' title='bbox 2643 4297 2784 4352; x_wconf 86' lang='lat' dir='ltr'><strong><em>nobis</em></strong></span> <span class='ocrx_word' id='word_1_908' title='bbox 2813 4294 2951 4347; x_wconf 85' lang='lat' dir='ltr'><strong><em>deos.</em></strong></span> <span class='ocrx_word' id='word_1_909' title='bbox 2986 4288 3103 4344; x_wconf 87' lang='lat' dir='ltr'><strong><em>Non</em></strong></span> <span class='ocrx_word' id='word_1_910' title='bbox 3144 4286 3411 4349; x_wconf 81' lang='lat' dir='ltr'><strong><em>dixerunt,</em></strong></span> <span class='ocrx_word' id='word_1_911' title='bbox 3449 4279 3644 4341; x_wconf 88' lang='lat' dir='ltr'><strong><em>Deum,</em></strong></span> <span class='ocrx_word' id='word_1_912' title='bbox 3686 4276 3797 4339; x_wconf 85' lang='lat' dir='ltr'><strong><em>sed,</em></strong></span> 
     </span>
    </p>
   </div>
   <div class='ocr_carea' id='block_1_103' title="bbox 2224 4370 3797 4455">
    <p class='ocr_par' dir='ltr' id='par_1_103' title="bbox 2224 4370 3797 4455">
     <span class='ocr_line' id='line_1_123' title="bbox 2224 4370 3797 4455; baseline -0.022 0"><span class='ocrx_word' id='word_1_913' title='bbox 2224 4400 2357 4455; x_wconf 89' lang='lat' dir='ltr'><strong><em>Deos</em></strong></span> <span class='ocrx_word' id='word_1_914' title='bbox 2384 4396 2502 4452; x_wconf 89' lang='lat' dir='ltr'><strong><em>:sic</em></strong></span> <span class='ocrx_word' id='word_1_915' title='bbox 2525 4386 3006 4447; x_wconf 83' lang='lat' dir='ltr'><strong><em>debaccbabantur,</em></strong></span> <span class='ocrx_word' id='word_1_916' title='bbox 3030 4390 3086 4433; x_wconf 91' lang='lat' dir='ltr'><strong><em>ut</em></strong></span> <span class='ocrx_word' id='word_1_917' title='bbox 3107 4375 3372 4432; x_wconf 90' lang='lat' dir='ltr'><strong><em>nescirent</em></strong></span> <span class='ocrx_word' id='word_1_918' title='bbox 3390 4370 3513 4442; x_wconf 90' lang='lat' dir='ltr'><strong><em>quid</em></strong></span> <span class='ocrx_word' id='word_1_919' title='bbox 3536 4370 3797 4424; x_wconf 88' lang='lat' dir='ltr'><strong><em>dicerent.</em></strong></span> 
     </span>
    </p>
   </div>
   <div class='ocr_carea' id='block_1_104' title="bbox 2226 4460 3804 4565">
    <p class='ocr_par' dir='ltr' id='par_1_104' title="bbox 2226 4460 3804 4565">
     <span class='ocr_line' id='line_1_124' title="bbox 2226 4460 3804 4565; baseline -0.025 -16"><span class='ocrx_word' id='word_1_920' title='bbox 2226 4494 2293 4548; x_wconf 85' lang='lat' dir='ltr'><strong><em>Et</em></strong></span> <span class='ocrx_word' id='word_1_921' title='bbox 2315 4498 2536 4565; x_wconf 76' lang='lat' dir='ltr'><strong><em>fecerunt</em></strong></span> <span class='ocrx_word' id='word_1_922' title='bbox 2556 4484 2769 4539; x_wconf 85' lang='lat' dir='ltr'><strong><em>vitulum</em></strong></span> <span class='ocrx_word' id='word_1_923' title='bbox 2789 4481 2840 4533; x_wconf 92' lang='lat' dir='ltr'><strong><em>in</em></strong></span> <span class='ocrx_word' id='word_1_924' title='bbox 2855 4476 3026 4531; x_wconf 89' lang='lat' dir='ltr'><strong><em>diebus</em></strong></span> <span class='ocrx_word' id='word_1_925' title='bbox 3048 4473 3168 4537; x_wconf 89' lang='lat' dir='ltr'><strong><em>illis,</em></strong></span> <span class='ocrx_word' id='word_1_926' title='bbox 3191 4480 3236 4523; x_wconf 90' lang='lat' dir='ltr'><strong><em>et</em></strong></span> <span class='ocrx_word' id='word_1_927' title='bbox 3252 4466 3532 4522; x_wconf 88' lang='lat' dir='ltr'><strong><em>obtulerunt</em></strong></span> <span class='ocrx_word' id='word_1_928' title='bbox 3551 4460 3804 4529; x_wconf 82' lang='lat' dir='ltr'><strong><em>sacriﬁcia</em></strong></span> 
     </span>
    </p>
   </div>
   <div class='ocr_carea' id='block_1_105' title="bbox 2226 4555 3806 4643">
    <p class='ocr_par' dir='ltr' id='par_1_105' title="bbox 2226 4555 3806 4643">
     <span class='ocr_line' id='line_1_125' title="bbox 2226 4555 3806 4643; baseline -0.025 0"><span class='ocrx_word' id='word_1_929' title='bbox 2226 4555 2383 4641; x_wconf 75' lang='lat' dir='ltr'><strong><em>idolo.</em></strong></span> <span class='ocrx_word' id='word_1_930' title='bbox 2418 4578 2659 4637; x_wconf 77' lang='lat' dir='ltr'><strong><em>Vidistin’</em></strong></span> <span class='ocrx_word' id='word_1_931' title='bbox 2687 4569 3040 4643; x_wconf 87' lang='lat' dir='ltr'><strong><em>insipientiam</em></strong></span> <span class='ocrx_word' id='word_1_932' title='bbox 3085 4559 3393 4634; x_wconf 78' lang='lat' dir='ltr'><strong><em>ingentem?</em></strong></span> <span class='ocrx_word' id='word_1_933' title='bbox 3420 4556 3520 4612; x_wconf 89' lang='lat' dir='ltr'><strong><em>Ubi</em></strong></span> <span class='ocrx_word' id='word_1_934' title='bbox 3559 4555 3806 4625; x_wconf 81' lang='lat' dir='ltr'><strong><em>apparuit</em></strong></span> 
     </span>
    </p>
   </div>
   <div class='ocr_carea' id='block_1_106' title="bbox 2232 4647 3805 4747">
    <p class='ocr_par' dir='ltr' id='par_1_106' title="bbox 2232 4647 3805 4747">
     <span class='ocr_line' id='line_1_126' title="bbox 2232 4647 3805 4747; baseline -0.026 -11"><span class='ocrx_word' id='word_1_935' title='bbox 2232 4681 2372 4736; x_wconf 87' lang='lat' dir='ltr'><strong><em>Deus</em></strong></span> <span class='ocrx_word' id='word_1_936' title='bbox 2395 4674 2578 4747; x_wconf 85' lang='lat' dir='ltr'><strong><em>Moysi,</em></strong></span> <span class='ocrx_word' id='word_1_937' title='bbox 2611 4673 2663 4725; x_wconf 86' lang='lat' dir='ltr'><strong><em>hi</em></strong></span> <span class='ocrx_word' id='word_1_938' title='bbox 2692 4667 2913 4723; x_wconf 86' lang='lat' dir='ltr'><strong><em>vitulum</em></strong></span> <span class='ocrx_word' id='word_1_939' title='bbox 2941 4661 3215 4717; x_wconf 80' lang='lat' dir='ltr'><strong><em>faciunt,et</em></strong></span> <span class='ocrx_word' id='word_1_940' title='bbox 3245 4651 3541 4709; x_wconf 89' lang='lat' dir='ltr'><strong><em>immolant.</em></strong></span> <span class='ocrx_word' id='word_1_941' title='bbox 3571 4647 3636 4701; x_wconf 87' lang='lat' dir='ltr'><strong><em>Et</em></strong></span> <span class='ocrx_word' id='word_1_942' title='bbox 3659 4648 3805 4702; x_wconf 69' lang='lat' dir='ltr'><strong><em>trcta-</em></strong></span> 
     </span>
    </p>
   </div>
   <div class='ocr_carea' id='block_1_107' title="bbox 2231 4739 3809 4837">
    <p class='ocr_par' dir='ltr' id='par_1_107' title="bbox 2231 4739 3809 4837">
     <span class='ocr_line' id='line_1_127' title="bbox 2231 4739 3809 4837; baseline -0.023 -10"><span class='ocrx_word' id='word_1_943' title='bbox 2231 4776 2433 4835; x_wconf 84' lang='lat' dir='ltr'><strong><em>bantur,</em></strong></span> <span class='ocrx_word' id='word_1_944' title='bbox 2458 4766 2646 4837; x_wconf 88' lang='lat' dir='ltr'><strong><em>inquit,</em></strong></span> <span class='ocrx_word' id='word_1_945' title='bbox 2670 4763 2722 4815; x_wconf 89' lang='lat' dir='ltr'><strong><em>in</em></strong></span> <span class='ocrx_word' id='word_1_946' title='bbox 2747 4757 2976 4829; x_wconf 86' lang='lat' dir='ltr'><strong><em>aperibus</em></strong></span> <span class='ocrx_word' id='word_1_947' title='bbox 2998 4765 3237 4806; x_wconf 88' lang='lat' dir='ltr'><strong><em>manuum</em></strong></span> <span class='ocrx_word' id='word_1_948' title='bbox 3262 4759 3490 4800; x_wconf 85' lang='lat' dir='ltr'><strong><em>suarum.</em></strong></span> <span class='ocrx_word' id='word_1_949' title='bbox 3521 4741 3596 4795; x_wconf 88' lang='lat' dir='ltr'><strong><em>De</em></strong></span> <span class='ocrx_word' id='word_1_950' title='bbox 3616 4739 3809 4809; x_wconf 90' lang='lat' dir='ltr'><strong><em>quibus</em></strong></span> 
     </span>
    </p>
   </div>
   <div class='ocr_carea' id='block_1_108' title="bbox 2231 4831 3808 4926">
    <p class='ocr_par' dir='ltr' id='par_1_108' title="bbox 2231 4831 3808 4926">
     <span class='ocr_line' id='line_1_128' title="bbox 2231 4831 3808 4926; baseline -0.025 -5"><span class='ocrx_word' id='word_1_951' title='bbox 2231 4831 2549 4922; x_wconf 70' lang='lat' dir='ltr'><strong><em>erubescere</em></strong></span> <span class='ocrx_word' id='word_1_952' title='bbox 2574 4852 2873 4926; x_wconf 86' lang='lat' dir='ltr'><strong><em>oportebat,</em></strong></span> <span class='ocrx_word' id='word_1_953' title='bbox 2900 4844 3234 4903; x_wconf 72' lang='lat' dir='ltr'><strong><em>laetabantur.</em></strong></span> <span class='ocrx_word' id='word_1_954' title='bbox 3267 4838 3335 4892; x_wconf 88' lang='lat' dir='ltr'><strong><em>Et</em></strong></span> <span class='ocrx_word' id='word_1_955' title='bbox 3359 4834 3482 4905; x_wconf 90' lang='lat' dir='ltr'><strong><em>quid</em></strong></span> <span class='ocrx_word' id='word_1_956' title='bbox 3516 4833 3734 4893; x_wconf 89' lang='lat' dir='ltr'><strong><em>mirum,</em></strong></span> <span class='ocrx_word' id='word_1_957' title='bbox 3764 4831 3808 4883; x_wconf 86' lang='lat' dir='ltr'><strong><em>si</em></strong></span> 
     </span>
    </p>
   </div>
   <div class='ocr_carea' id='block_1_109' title="bbox 2234 4925 3813 5030">
    <p class='ocr_par' dir='ltr' id='par_1_109' title="bbox 2234 4925 3813 5030">
     <span class='ocr_line' id='line_1_129' title="bbox 2234 4925 3813 5030; baseline -0.023 -17"><span class='ocrx_word' id='word_1_958' title='bbox 2234 4954 2490 5030; x_wconf 89' lang='lat' dir='ltr'><strong><em>ignoratis</em></strong></span> <span class='ocrx_word' id='word_1_959' title='bbox 2525 4925 2818 5007; x_wconf 82' lang='lat' dir='ltr'><strong><em>Christum,</em></strong></span> <span class='ocrx_word' id='word_1_960' title='bbox 2858 4939 3071 5011; x_wconf 90' lang='lat' dir='ltr'><strong><em>quando</em></strong></span> <span class='ocrx_word' id='word_1_961' title='bbox 3106 4945 3159 4990; x_wconf 86' lang='lat' dir='ltr'><strong><em>et</em></strong></span> <span class='ocrx_word' id='word_1_962' title='bbox 3197 4933 3430 5002; x_wconf 83' lang='lat' dir='ltr'><strong><em>Moysem</em></strong></span> <span class='ocrx_word' id='word_1_963' title='bbox 3476 4925 3737 4996; x_wconf 84' lang='lat' dir='ltr'><strong><em>ignoratis</em></strong></span> <span class='ocrx_word' id='word_1_964' title='bbox 3760 4934 3813 4978; x_wconf 88' lang='lat' dir='ltr'><strong><em>et</em></strong></span> 
     </span>
    </p>
   </div>
   <div class='ocr_carea' id='block_1_110' title="bbox 2236 5021 3814 5114">
    <p class='ocr_par' dir='ltr' id='par_1_110' title="bbox 2236 5021 3814 5114">
     <span class='ocr_line' id='line_1_130' title="bbox 2236 5021 3814 5114; baseline -0.025 -8"><span class='ocrx_word' id='word_1_965' title='bbox 2236 5052 2423 5114; x_wconf 88' lang='lat' dir='ltr'><strong><em>Deum,</em></strong></span> <span class='ocrx_word' id='word_1_966' title='bbox 2453 5054 2534 5101; x_wconf 86' lang='lat' dir='ltr'><strong><em>tot</em></strong></span> <span class='ocrx_word' id='word_1_967' title='bbox 2556 5040 2722 5108; x_wconf 75' lang='lat' dir='ltr'><strong><em>signis</em></strong></span> <span class='ocrx_word' id='word_1_968' title='bbox 2745 5030 3077 5092; x_wconf 84' lang='lat' dir='ltr'><strong><em>exhibitum?</em></strong></span> <span class='ocrx_word' id='word_1_969' title='bbox 3104 5026 3180 5081; x_wconf 89' lang='lat' dir='ltr'><strong><em>Illi</em></strong></span> <span class='ocrx_word' id='word_1_970' title='bbox 3209 5038 3338 5081; x_wconf 82' lang='lat' dir='ltr'><strong><em>vero</em></strong></span> <span class='ocrx_word' id='word_1_971' title='bbox 3367 5038 3469 5075; x_wconf 86' lang='lat' dir='ltr'><strong><em>non</em></strong></span> <span class='ocrx_word' id='word_1_972' title='bbox 3500 5021 3814 5085; x_wconf 70' lang='lat' dir='ltr'><strong><em>ignorarunt</em></strong></span> 
     </span>
    </p>
   </div>
   <div class='ocr_carea' id='block_1_111' title="bbox 2235 5108 3813 5204">
    <p class='ocr_par' dir='ltr' id='par_1_111' title="bbox 2235 5108 3813 5204">
     <span class='ocr_line' id='line_1_131' title="bbox 2235 5108 3813 5204; baseline -0.028 -3"><span class='ocrx_word' id='word_1_973' title='bbox 2235 5142 2416 5204; x_wconf 89' lang='lat' dir='ltr'><strong><em>modo,</em></strong></span> <span class='ocrx_word' id='word_1_974' title='bbox 2448 5136 2540 5192; x_wconf 89' lang='lat' dir='ltr'><strong><em>sed</em></strong></span> <span class='ocrx_word' id='word_1_975' title='bbox 2566 5143 2619 5190; x_wconf 89' lang='lat' dir='ltr'><strong><em>et</em></strong></span> <span class='ocrx_word' id='word_1_976' title='bbox 2643 5132 2747 5186; x_wconf 86' lang='lat' dir='ltr'><strong><em>alio</em></strong></span> <span class='ocrx_word' id='word_1_977' title='bbox 2774 5126 2932 5183; x_wconf 92' lang='lat' dir='ltr'><strong><em>modo</em></strong></span> <span class='ocrx_word' id='word_1_978' title='bbox 2969 5121 3288 5178; x_wconf 89' lang='lat' dir='ltr'><strong><em>contmnelia</em></strong></span> <span class='ocrx_word' id='word_1_979' title='bbox 3330 5116 3644 5169; x_wconf 78' lang='lat' dir='ltr'><strong><em>aﬁeccrunt,</em></strong></span> <span class='ocrx_word' id='word_1_980' title='bbox 3688 5108 3813 5161; x_wconf 86' lang='lat' dir='ltr'><strong><em>dum</em></strong></span> 
     </span>
    </p>
   </div>
   <div class='ocr_carea' id='block_1_112' title="bbox 2237 5203 3814 5293">
    <p class='ocr_par' dir='ltr' id='par_1_112' title="bbox 2237 5203 3814 5293">
     <span class='ocr_line' id='line_1_132' title="bbox 2237 5203 3814 5293; baseline -0.025 0"><span class='ocrx_word' id='word_1_981' title='bbox 2237 5238 2375 5293; x_wconf 89' lang='lat' dir='ltr'><strong><em>idola</em></strong></span> <span class='ocrx_word' id='word_1_982' title='bbox 2406 5233 2659 5288; x_wconf 82' lang='lat' dir='ltr'><strong><em>facerent.</em></strong></span> <span class='ocrx_word' id='word_1_983' title='bbox 2690 5221 2943 5280; x_wconf 81' lang='lat' dir='ltr'><strong><em>Convertit</em></strong></span> <span class='ocrx_word' id='word_1_984' title='bbox 2968 5227 3132 5270; x_wconf 85' lang='lat' dir='ltr'><strong><em>autem</em></strong></span> <span class='ocrx_word' id='word_1_985' title='bbox 3172 5212 3332 5275; x_wconf 83' lang='lat' dir='ltr'><strong><em>Deus,</em></strong></span> <span class='ocrx_word' id='word_1_986' title='bbox 3376 5218 3421 5262; x_wconf 92' lang='lat' dir='ltr'><strong><em>et</em></strong></span> <span class='ocrx_word' id='word_1_987' title='bbox 3449 5206 3661 5260; x_wconf 77' lang='lat' dir='ltr'><strong><em>tradidit</em></strong></span> <span class='ocrx_word' id='word_1_988' title='bbox 3700 5203 3814 5255; x_wconf 87' lang='lat' dir='ltr'><strong><em>illos</em></strong></span> 
     </span>
    </p>
   </div>
   <div class='ocr_carea' id='block_1_113' title="bbox 2236 5294 3813 5386">
    <p class='ocr_par' dir='ltr' id='par_1_113' title="bbox 2236 5294 3813 5386">
     <span class='ocr_line' id='line_1_133' title="bbox 2236 5294 3813 5386; baseline -0.025 -1"><span class='ocrx_word' id='word_1_989' title='bbox 2236 5328 2420 5386; x_wconf 86' lang='lat' dir='ltr'><strong><em>servire</em></strong></span> <span class='ocrx_word' id='word_1_990' title='bbox 2446 5321 2639 5378; x_wconf 73' lang='lat' dir='ltr'><strong><em>militia:</em></strong></span> <span class='ocrx_word' id='word_1_991' title='bbox 2666 5316 2795 5373; x_wconf 64' lang='lat' dir='ltr'><strong><em>caeli.</em></strong></span> <span class='ocrx_word' id='word_1_992' title='bbox 2836 5313 2969 5368; x_wconf 81' lang='lat' dir='ltr'><strong><em>illnc</em></strong></span> <span class='ocrx_word' id='word_1_993' title='bbox 3003 5322 3180 5362; x_wconf 88' lang='lat' dir='ltr'><strong><em>mores</em></strong></span> <span class='ocrx_word' id='word_1_994' title='bbox 3210 5303 3302 5367; x_wconf 88' lang='lat' dir='ltr'><strong><em>illi,</em></strong></span> <span class='ocrx_word' id='word_1_995' title='bbox 3346 5300 3469 5354; x_wconf 91' lang='lat' dir='ltr'><strong><em>hinc</em></strong></span> <span class='ocrx_word' id='word_1_996' title='bbox 3506 5294 3766 5350; x_wconf 66' lang='lat' dir='ltr'><strong><em>sacriﬁcia</em></strong></span> <span class='ocrx_word' id='word_1_997' title='bbox 3800 5318 3813 5346; x_wconf 82' lang='grc' dir='ltr'>ι</span> 
     </span>
    </p>
   </div>
   <div class='ocr_carea' id='block_1_114' title="bbox 2238 5383 3813 5496">
    <p class='ocr_par' dir='ltr' id='par_1_114' title="bbox 2238 5383 3813 5496">
     <span class='ocr_line' id='line_1_134' title="bbox 2238 5383 3813 5496; baseline -0.027 -16"><span class='ocrx_word' id='word_1_998' title='bbox 2238 5424 2335 5496; x_wconf 90' lang='lat' dir='ltr'><strong><em>ipsi</em></strong></span> <span class='ocrx_word' id='word_1_999' title='bbox 2364 5420 2590 5491; x_wconf 91' lang='lat' dir='ltr'><strong><em>primum</em></strong></span> <span class='ocrx_word' id='word_1_1000' title='bbox 2619 5410 2773 5467; x_wconf 91' lang='lat' dir='ltr'><strong><em>idolis</em></strong></span> <span class='ocrx_word' id='word_1_1001' title='bbox 2789 5403 3172 5463; x_wconf 87' lang='lat' dir='ltr'><strong><em>sacriﬁcarunt.</em></strong></span> <span class='ocrx_word' id='word_1_1002' title='bbox 3196 5396 3307 5450; x_wconf 88' lang='lat' dir='ltr'><strong><em>lloc</em></strong></span> <span class='ocrx_word' id='word_1_1003' title='bbox 3323 5389 3627 5463; x_wconf 87' lang='lat' dir='ltr'><strong><em>signiﬁcans</em></strong></span> <span class='ocrx_word' id='word_1_1004' title='bbox 3649 5383 3813 5441; x_wconf 85' lang='lat' dir='ltr'><strong><em>David</em></strong></span> 
     </span>
    </p>
   </div>
   <div class='ocr_carea' id='block_1_115' title="bbox 2239 5483 3816 5577">
    <p class='ocr_par' dir='ltr' id='par_1_115' title="bbox 2239 5483 3816 5577">
     <span class='ocr_line' id='line_1_135' title="bbox 2239 5483 3816 5577; baseline -0.027 -5"><span class='ocrx_word' id='word_1_1005' title='bbox 2239 5483 2411 5573; x_wconf 51' lang='lat' dir='ltr'><strong><em>dicit:</em></strong></span> <span class='ocrx_word' id='word_1_1006' title='bbox 2444 5510 2509 5565; x_wconf 81' lang='lat' dir='ltr'><strong><em>Et</em></strong></span> <span class='ocrx_word' id='word_1_1007' title='bbox 2552 5512 2774 5577; x_wconf 73' lang='lat' dir='ltr'><strong><em>fecerunt</em></strong></span> <span class='ocrx_word' id='word_1_1008' title='bbox 2815 5496 3026 5553; x_wconf 89' lang='lat' dir='ltr'><strong><em>vitulum</em></strong></span> <span class='ocrx_word' id='word_1_1009' title='bbox 3063 5494 3116 5546; x_wconf 90' lang='lat' dir='ltr'><strong><em>in</em></strong></span> <span class='ocrx_word' id='word_1_1010' title='bbox 3153 5486 3368 5553; x_wconf 81' lang='lat' dir='ltr'><strong><em>Cltoreb,</em></strong></span> <span class='ocrx_word' id='word_1_1011' title='bbox 3394 5495 3439 5538; x_wconf 86' lang='lat' dir='ltr'><strong><em>et</em></strong></span> <span class='ocrx_word' id='word_1_1012' title='bbox 3478 5483 3816 5536; x_wconf 81' lang='lat' dir='ltr'><strong><em>adoraverunt</em></strong></span> 
     </span>
    </p>
   </div>
   <div class='ocr_carea' id='block_1_116' title="bbox 2241 5578 3815 5677">
    <p class='ocr_par' dir='ltr' id='par_1_116' title="bbox 2241 5578 3815 5677">
     <span class='ocr_line' id='line_1_136' title="bbox 2241 5578 3815 5677; baseline -0.026 -14"><span class='ocrx_word' id='word_1_1013' title='bbox 2241 5603 2471 5677; x_wconf 85' lang='lat' dir='ltr'><strong><em>sculptile</em></strong></span> <span class='ocrx_word' id='word_1_1014' title='bbox 2501 5598 2671 5674; x_wconf 88' lang='lat' dir='ltr'><strong><em>(Psal.</em></strong></span> <span class='ocrx_word' id='word_1_1015' title='bbox 2702 5593 2824 5651; x_wconf 74' lang='lat'><strong><em>105.</em></strong></span> <span class='ocrx_word' id='word_1_1016' title='bbox 2855 5588 2966 5659; x_wconf 80' lang='lat' dir='ltr'><strong><em>l9).</em></strong></span> <span class='ocrx_word' id='word_1_1017' title='bbox 3002 5584 3137 5642; x_wconf 83' lang='lat' dir='ltr'><strong><em>Nam</em></strong></span> <span class='ocrx_word' id='word_1_1018' title='bbox 3168 5578 3395 5636; x_wconf 85' lang='lat' dir='ltr'><strong><em>antehac</em></strong></span> <span class='ocrx_word' id='word_1_1019' title='bbox 3433 5588 3696 5645; x_wconf 87' lang='lat' dir='ltr'><strong><em>nusquam</em></strong></span> <span class='ocrx_word' id='word_1_1020' title='bbox 3734 5584 3815 5623; x_wconf 78' lang='lat' dir='ltr'><strong><em>sa-</em></strong></span> 
     </span>
    </p>
   </div>
   <div class='ocr_carea' id='block_1_117' title="bbox 2308 5752 3533 5842">
    <p class='ocr_par' dir='ltr' id='par_1_117' title="bbox 2308 5752 3533 5842">
     <span class='ocr_line' id='line_1_137' title="bbox 2308 5752 3533 5842; baseline -0.027 -6"><span class='ocrx_word' id='word_1_1021' title='bbox 2308 5787 2325 5820; x_wconf 75' lang='grc'>⁸</span> <span class='ocrx_word' id='word_1_1022' title='bbox 2352 5783 2485 5842; x_wconf 75' lang='lat' dir='ltr'><strong><em>Haec,</em></strong></span> <span class='ocrx_word' id='word_1_1023' title='bbox 2511 5776 2590 5829; x_wconf 85' lang='lat' dir='ltr'><strong><em>ubi</em></strong></span> <span class='ocrx_word' id='word_1_1024' title='bbox 2611 5767 2996 5837; x_wconf 64' lang='lat' dir='ltr'><strong><em>ingemiscebant,</em></strong></span> <span class='ocrx_word' id='word_1_1025' title='bbox 3022 5762 3199 5814; x_wconf 84' lang='lat' dir='ltr'><strong><em>desunt</em></strong></span> <span class='ocrx_word' id='word_1_1026' title='bbox 3222 5759 3271 5808; x_wconf 84' lang='lat' dir='ltr'><strong><em>in</em></strong></span> <span class='ocrx_word' id='word_1_1027' title='bbox 3294 5768 3391 5806; x_wconf 86' lang='lat' dir='ltr'><strong><em>uno</em></strong></span> <span class='ocrx_word' id='word_1_1028' title='bbox 3414 5752 3533 5806; x_wconf 83' lang='lat' dir='ltr'><strong><em>Cod.</em></strong></span> 
     </span>
    </p>
   </div>
  </div>
