4076 6354
570 293 673 350 1⁵57

563 419 822 489 τάγματα
858 417 1060 484 ζῶντα,
1087 419 1182 473 καὶ
1199 419 1354 489 λόγια
1392 421 1590 484 ζῶντα·
1640 418 1878 490 οὐδαμοῦ
1919 418 2150 485 τελεταὶ,

567 503 702 556 ἀλλὰ
730 501 986 572 θαύματα
1019 504 1116 556 καὶ
1147 503 1389 574 σημείων
1419 501 1698 567 ἐπίδειξις.
1721 502 1925 567 Καθὼς
1946 502 2153 571 γέπρα-

566 603 709 640 πται
739 585 808 638 έν
840 586 1037 652 βίϐλῳ
1062 584 1181 639 τῶν
1213 584 1553 655 προφητῶν.
1591 584 1855 638 Ἐνταῦθα
1885 583 1981 655 τὴν
2008 601 2150 654 μαρ-

566 668 757 739 τυρίαν
787 669 885 737 οὐχ
912 667 1100 731 ἁπλῶς
1130 668 1474 738 παρήγαγεν,
1519 669 1632 722 ἀλλ’
1661 667 1748 722 ἵνα
1794 667 1942 739 δείξῃ
1982 667 2042 718 τὸ
2079 666 2155 738 μὴ

567 749 706 807 εἶναι
738 753 927 824 χρείαν
954 751 1175 808 θυσιῶν.
1220 752 1331 806 Καὶ
1374 754 1476 824 δρα
1519 754 1572 805 τί
1612 769 1765 824 φησι·
1791 752 1885 819 Μὴ
1931 749 2158 820 σφάγια

567 837 666 890 καί
703 837 922 901 θυσίας
948 834 1397 905 προσηνέγκατέ
1418 852 1516 904 μοι
1551 837 1653 903 ἐτη
1705 833 2156 902 τεσσαράκοντα

565 921 636 973 ἐν
671 919 746 986 τῇ
779 917 994 986 ἐρήμῳ.
1041 918 1151 972 Καὶ
1211 917 1532 973 ἀνελάϐετε
1580 917 1695 985 τὴν
1747 916 1992 986 σκηνὴν
2049 915 2156 970 τοῦ

567 1003 795 1071 Μολόχ,
830 1001 926 1054 καί
965 1003 1028 1054 τὸ
1054 1001 1282 1069 ἄστρον
1310 1001 1418 1055 τοῦ
1457 1000 1604 1055 Θεοῦ
1653 1001 1821 1068 ὑμῶν
1873 999 2152 1068 Ῥεμεοὰν,

567 1085 710 1150 τοὺς
735 1087 982 1146 τύπους,
1013 1084 1118 1150 οῦς
1145 1084 1469 1149 ἐποιήσατε
1517 1081 1883 1152 προσκυνεῖν
1929 1082 2150 1147 αὐτοῖς.

582 1169 958 1239 Ἑμφαντικῶς
985 1169 1260 1237 ἐχρήσατο
1289 1170 1357 1239 τῇ
1397 1167 1561 1234 λέξει.
1601 1168 1664 1220 ’Ὀ
1702 1166 1758 1219 δὲ
1805 1165 1970 1233 λέγει,
2000 1165 2156 1218 τοῦτό

567 1254 734 1306 ἐστιν·
761 1251 873 1305 Οὑκ
896 1251 1048 1320 ἔχετε
1070 1253 1262 1316 εἰπεῖν,
1291 1251 1374 1303 δτι
1408 1251 1514 1303 ἀπὸ
1545 1250 1640 1303 τοῦ
1686 1249 1810 1318 ἐμοὶ
1862 1249 2010 1302 θύειν
2055 1250 2155 1301 κά-

567 1336 763 1398 κείνοις
789 1336 972 1388 ἐθύετε
997 1352 1008 1364 ο
1042 1336 1137 1388 καὶ
1163 1335 1331 1388 ταῦτα
1353 1336 1410 1388 ἐν
1433 1337 1499 1405 τῇ
1524 1337 1733 1405 ἐρήμῳ,
1759 1333 1886 1387 ἔνθα
1924 1333 2155 1403 μάλιστα

567 1422 746 1474 αὐτῶν
776 1420 1148 1491 προειστήκει.
1171 1417 1281 1473 Καὶ
1310 1417 1630 1472 ἀνελάϐετε
1652 1417 1764 1485 τὴν
1787 1416 2029 1483 σκηνὴν
2047 1415 2153 1468 τοῦ

566 1506 794 1572 Μολόχ.
843 1504 906 1555 Ἠ
937 1503 1084 1555 αἰτία
1114 1502 1222 1554 τῶν
1262 1501 1461 1554 θυσιῶν
1505 1499 1667 1570 αῦτη.
1722 1499 1830 1553 Καὶ
1879 1497 2154 1568 μετοικιῶ

566 1588 722 1657 ὑμᾶς
759 1585 1039 1640 ἐπέκεινα
1071 1583 1452 1650 Βαϐυλῶνος.
1480 1583 1635 1636 Οῦτω
1691 1583 1783 1636 καὶ
1817 1583 1849 1653 ἡ
1880 1581 2153 1652 αἰχμαλω-

569 1671 663 1724 σία
694 1669 1000 1739 κατηγορία
1057 1668 1156 1738 τῆς
1211 1669 1428 1730 κακίας.
1491 1667 1600 1718 Καὶ
1639 1665 1758 1729 πῶς
1807 1665 1877 1718 Ἠ
1926 1664 2150 1732 σκηνὴ,

569 1754 754 1824 φησὶν,
783 1748 852 1824 ἦν
883 1752 987 1806 τοῦ
1003 1751 1352 1820 μαρτυρίου;
1389 1749 1552 1803 Ἀλλὰ
1580 1758 1600 1780 ·
1633 1749 1720 1802 διὰ
1771 1748 1928 1802 τοῦτο
1953 1743 2042 1820 ἧν,
2067 1748 2153 1801 ἵνα

571 1839 826 1909 μάρτυρα
861 1834 952 1888 τὸν
994 1835 1123 1887 Θεὸν
1158 1833 1376 1904 ἔχωσιν.
1423 1831 1634 1887 Οὐκοῦν
1675 1833 1755 1896 είς
1782 1829 1938 1884 τοῦτο
1993 1831 2152 1902 μόνον

565 1917 653 1992 ἦν.
685 1919 842 1974 Κατὰ
872 1917 978 1971 τὸν
994 1917 1188 1971 τύπον
1217 1916 1351 1986 γὰρ,
1389 1916 1544 1987 φησὶ,
1569 1915 1676 1970 τὸν
1698 1913 2006 1984 δειχθέντα
2054 1931 2152 1968 σοι

566 2005 636 2058 ἐν
668 2001 748 2067 τῷ
773 2002 914 2069 ὄρει⁶
956 2001 1096 2054 ὥστε
1129 2002 1186 2053 ἐν
1233 1999 1309 2068 τῷ
1361 1999 1478 2070 δρει
1523 2002 1556 2071 ή
1598 1998 1890 2069 ὑπογραφὴ
1938 1996 2148 2066 γέγονεο

566 2087 664 2142 καὶ
690 2084 826 2156 αὕτη
854 2084 910 2137 δὲ
940 2085 998 2136 ἐν
1026 2086 1092 2155 τῇ
1135 2083 1327 2154 ἐρήμῳ
1384 2081 1725 2154 περιφορητὴ
1772 2077 1858 2153 ἦν,
1909 2079 2006 2135 καὶ
2052 2079 2152 2132 οὑκ

568 2171 628 2224 ἐν
652 2169 805 2238 τόπῳ
827 2168 1072 2238 κειμένη.
1099 2165 1416 2236 Μαρτυρίου
1458 2166 1515 2219 δὲ
1571 2165 1794 2236 σκηνὴν,
1845 2164 1946 2218 οὐκ
1991 2162 2150 2217 ἄλλου

566 2252 710 2317 τινὸς
735 2251 917 2323 χάριν,
951 2250 986 2320 ἢ
1019 2249 1124 2304 τῶν
1179 2247 1474 2319 θαυμάτων
1505 2249 1598 2302 καὶ
1638 2247 1748 2302 τῶν
1795 2247 2151 2318 προσταγμά-

567 2353 675 2389 των
725 2335 900 2388 καλεῖ.
925 2334 1115 2403 Ὅμως
1144 2333 1274 2402 γοῦν
1296 2333 1390 2386 καὶ
1422 2331 1560 2400 αῦτη
1591 2332 1684 2386 καὶ
1717 2333 1913 2384 ἐκεῖνοι
1951 2331 2050 2384 οὑκ
2071 2325 2151 2383 εἷ-

565 2436 660 2489 χον
687 2419 832 2473 ναόν.
871 2420 1012 2489 Ἀρά
1038 2415 1132 2470 καὶ
1158 2417 1250 2468 τὸν
1273 2415 1443 2469 τύπον
1463 2414 1624 2468 αὑτὸν
1653 2414 1816 2479 αὐτὸς
1852 2417 1881 2467 ὁ
1923 2412 2151 2482 ἄγγελος

566 2503 788 2557 ἔδωκεν.
829 2503 983 2566 Ἕως
1007 2499 1127 2553 τῶν
1149 2499 1406 2568 ἡμερῶν,
1435 2499 1592 2569 φησὶ,
1621 2499 1826 2552 Δαυτδ.
1857 2498 2018 2550 Ὥστε
2051 2499 2151 2550 οὐκ

565 2583 636 2658 ἦν
657 2587 782 2649 ναὸς
817 2586 946 2656 ἄχρι
969 2583 1090 2636 τότε
1115 2598 1127 2614 ·
1157 2582 1334 2636 καίτοι
1361 2583 1455 2636 καὶ
1480 2582 1550 2634 τὰ
1571 2579 1696 2652 ἐθνη
1729 2581 1981 2647 ἐξέωστο,
2022 2581 2151 2650 περὶ

567 2664 642 2722 ῶν
673 2685 856 2740 φησιν’
880 2661 994 2721 ’Ὧν
1024 2666 1256 2731 ἐξωσεν
1278 2668 1310 2719 ό
1347 2664 1492 2730 Θεὸς
1521 2664 1637 2719 ἀπὸ
1668 2663 1992 2732 προσώπου
2032 2662 2154 2717 τῶν

563 2752 840 2821 πατέρων
868 2748 1060 2820 ἡμῶν.
1095 2747 1267 2800 Τοῦτο
1291 2747 1347 2800 δέ
1379 2742 1522 2814 εἷπε,
1565 2747 1780 2810 δεικνὺς
1831 2747 2014 2810 πάλιν,
2070 2747 2151 2799 δτι

566 2837 668 2890 οὑκ
707 2833 776 2908 ἦν
799 2836 920 2889 τότε
943 2833 1091 2898 ναός.
1123 2833 1188 2886 Τί
1232 2832 1404 2901 ).έγω;
1456 2831 1692 2886 τοσαῦτα
1738 2830 2010 2902 θαύματα,
2056 2831 2152 2884 καὶ

553 2917 805 2990 οὐδαμοῦ
832 2917 956 2982 ναός
979 2933 993 2982 ;
1030 2915 1186 2970 Οῦτω
1206 2915 1302 2970 καὶ
1327 2913 1518 2989 πρώτη
1565 2916 1599 2986 ή
1648 2914 1846 2986 σκηνὴ,
1871 2913 1966 2967 καὶ
1997 2914 2154 2968 οὐδα-

571 3002 674 3074 μοῦ
713 3001 860 3066 ναός.
891 3001 1000 3056 Καὶ
1022 3001 1190 3072 ⁴ᾔτησε
1218 2999 1397 3070 εὑρεῖν
1426 3000 1587 3069 χάριν
1612 2996 1839 3053 ἐνώπιον
1867 2997 1961 3051 τοῦ
1992 2997 2148 3051 Θεοῦ.

571 3089 801 3160 ’ᾙτησε,
836 3086 931 3140 καὶ
950 3086 1050 3138 οὐκ
1065 3084 1430 3155 ᾠκοδόμησεν-
1454 3082 1627 3147 οὕτως
1653 3082 1753 3160 οὑκ
1773 3077 1840 3153 ἦν
1875 3081 2016 3152 μέγα
2052 3099 2103 3134 τι
2124 3082 2152 3134 δ

565 3170 712 3236 ναὸς,
747 3171 796 3222 εί
830 3170 923 3224 καὶ
954 3167 1211 3239 ἐνόμισάν
1241 3183 1388 3230 τινες
1441 3166 1616 3237 μέγαν
1670 3159 1809 3218 εἶναι
1855 3164 1946 3217 τὸν
1993 3164 2150 3218 Σολο-

570 3253 757 3323 μῶντα
787 3253 864 3324 τῷ
894 3251 987 3306 τὸν
1009 3252 1135 3305 ναὸν
1169 3249 1542 3320 οἰκοδομῆσαι,
1605 3248 1654 3301 οἳ
1703 3248 1792 3302 διὰ
1844 3247 2003 3301 τοῦτο
2056 3251 2151 3302 καὶ

567 3338 662 3392 τοῦ
688 3337 893 3410 πατρὸς
923 3335 1085 3389 αὑτὸν
1117 3334 1499 3406 προετίθεσαν.
1538 3333 1660 3386 Ὅτι
1685 3332 1741 3385 δὲ
1768 3331 1887 3401 οὐχὶ
1929 3330 2151 3401 βελτίων

564 3419 636 3494 ἦν
657 3422 753 3476 τοῦ
788 3419 1013 3491 πατρὸς,
1046 3419 1162 3473 ἀλλ’
1183 3418 1305 3471 οὑδὲ
1343 3417 1476 3481 ἴσος,
1512 3417 1671 3487 μόνον
1693 3415 1750 3468 δὲ
1779 3415 1886 3468 ἀπὸ
1922 3415 2020 3483 τῆς
2044 3413 2151 3466 τῶν

568 3505 780 3560 πολλῶν
810 3503 1152 3574 ὑπολήψεως,
1192 3502 1350 3573 δῆλον
1373 3501 1504 3554 αὐτὸ
1533 3503 1786 3571 ἐποίησεν
1833 3497 2146 3566 ἐπαγαγώνο

581 3591 742 3644 Ἀλλ’
768 3590 880 3656 οὐχ
898 3590 930 3642 ὁ
947 3589 968 3606 "
984 3589 1247 3654 Υψιστος
1269 3584 1338 3638 ἐν
1367 3583 1803 3654 χειροποιήτοις
1825 3581 1988 3647 ναοῖς
2015 3597 2153 3634 κατ-

565 3669 1096 3744 οικεῖ,[159])ιαθὼς
1112 3672 1144 3722 ό
1160 3667 1473 3736 προφήτης
1487 3666 1696 3736 φησίν·
1717 3667 1768 3718 Ὀ
1787 3663 2042 3732 οὐρανός
2050 3680 2154 3732 μοι

567 3756 802 3823 θρόνος,
835 3755 874 3823 ἡ
897 3753 967 3806 δὲ
989 3751 1065 3823 γῆ
1096 3751 1435 3806 ὑποπόδιον
1468 3748 1586 3803 τῶν
1617 3747 1821 3803 ποδῶν
1842 3764 1981 3817 μου.
2017 3746 2151 3799 Οὑδέ

567 3839 678 3910 γάρ
703 3837 878 3893 ταῦτα
899 3838 926 3877 δ
959 3837 1083 3904 άξια
1115 3832 1271 3900 Θεοῦ,
1299 3835 1352 3888 εί
1379 3850 1441 3903 γε
1470 3831 1753 3904 ποιήματά
1781 3833 1948 3894 ἐστιν,
1992 3829 2045 3882 εί
2088 3846 2151 3898 γε

567 3923 668 3993 τῆς
700 3919 881 3994 χειρὸς
911 3919 1075 3974 αὑτοῦ
1098 3918 1256 3989 ἔργα.
1290 3917 1452 3988 Ὅρα,
1487 3915 1603 3980 πῶς
1655 3915 1852 3976 αὐτοὺς
1895 3911 2036 3966 κατά
2067 3930 2154 3983 μι-

567 4006 701 4076 κρὸν
744 4005 956 4072 ἀνάγει.
1012 4001 1261 4055 Δείκνυσι
1311 4000 1420 4073 γὰρ
1457 3999 1544 4052 διὰ
1591 3999 1684 4052 τοῦ
1731 3997 2032 4068 προφήτου,
2071 3996 2153 4048 ὅτι

568 4089 688 4143 ούδέ
715 4086 890 4142 ταῦτα
913 4084 1049 4138 Θεοῦ
1085 4084 1210 4150 ἄξια
1232 4083 1428 4153 λέγειν.
1463 4082 1572 4135 Καὶ
1615 4081 1759 4144 τίνος
1815 4081 2019 4145 ἕνεκεν,
2051 4095 2154 4147 φη-

572 4173 674 4234 σὶν,
699 4168 932 4224 ἐνταῦθα
967 4167 1353 4238 καταφορικῶς
1374 4164 1453 4235 τῷ
1491 4165 1634 4234 λόγῳ
1657 4164 1951 4234 κέχρηται;
1977 4161 2152 4233 Πολλὴ

568 4249 636 4324 ἦν
670 4254 704 4324 ή
733 4251 1016 4322 παρρησία
1071 4248 1351 4320 μέλλοντος
1387 4247 1553 4302 αὑτοῦ
1601 4246 1996 4304 ἀποθνήσκειν·
2060 4246 2154 4298 καὶ

570 4337 680 4406 γάρ
701 4336 973 4390 καὶτοῦτο
999 4327 1154 4404 οἶμαι
1180 4332 1342 4386 αὑτὸν
1382 4329 1442 4396 ἐξ
1488 4329 1884 4398 ἀποκαλύψεως
1933 4327 2150 4382 εἰδέναι.

569 4415 1102 4487 Σκληροτράχηλοι
1129 4414 1233 4469 καί
1282 4413 1667 4483 ἀπερίτμητοι
1714 4411 1843 4478 ταῖς
1888 4410 2156 4478 καρδίαις

571 4503 671 4558 καί
701 4502 825 4568 τοῖς
854 4501 988 4556 ὠσί.
1018 4501 1128 4553 Καὶ
1170 4498 1330 4553 τοῦτο
1365 4497 1703 4570 προφητικόν
1725 4513 1738 4527 ·
1794 4496 1945 4550 οὐδὲν
1989 4495 2153 4549 αὐτοῦ

575 4588 727 4643 ίδιον.
774 4584 969 4655 Ὑμεῖς
1012 4584 1105 4639 ἀεὶ
1156 4582 1238 4648 τῷ
1273 4583 1570 4651 Πνεύματι
1607 4579 1688 4646 τῷ
1719 4581 1864 4650 ἁγίῳ
1925 4579 2158 4634 ἀντιπί-

569 4684 768 4734 πτετε,
805 4671 884 4735 ὡς
909 4672 961 4723 οί
996 4665 1246 4736 πατέρες
1295 4665 1459 4733 ὑμῶν
1497 4664 1596 4717 καὶ
1652 4663 1838 4733 ὑμεῖς.
1874 4663 2004 4716 Ὅτε
2055 4662 2155 4728 οὑκ

569 4755 824 4810 ἐϐούλετο
858 4752 1049 4815 θυσίας
1083 4748 1244 4814 εἶναι,
1280 4751 1439 4821 ὑμεῖς
1491 4748 1708 4801 ἐθύετεο
1745 4750 1832 4801 ὅτε
1887 4746 2152 4818 βούλεται,

570 4839 736 4895 πάλιν
763 4839 823 4894 οὑ
846 4836 1000 4891 θύετε
1026 4853 1040 4866 ο
1071 4837 1160 4889 ὅτε
1201 4837 1301 4888 οὐκ
1350 4835 1508 4906 ήθελε
1552 4832 1733 4887 δοῦναι
1775 4832 1903 4903 ὑμῖν
1942 4847 2156 4903 παραγ-ο

570 4924 841 4994 γέλματα,
906 4919 1326 4975 ἐπεσπάσασθεο
1382 4920 1471 4972 ὅτε
1527 4915 1768 4978 ἐλάϐετε,
1819 4915 2152 4985 ἠμελήσατε.

571 5007 740 5061 Πάλιν
772 5008 861 5060 ὅτε
893 5007 1135 5076 εἱστήκει
1164 5006 1193 5057 ὁ
1223 5003 1374 5067 ναὸς,
1413 5001 1605 5056 εἴδωλα
1637 4999 1996 5071 ἐθεραπεύετε
2017 5014 2028 5025 ·
2067 4998 2154 5050 ὅτε

573 5090 822 5162 βούλεται
850 5089 1019 5160 χωρὶς
1042 5087 1170 5141 ναοῦ
1200 5085 1622 5156 θεραπεύεσθαι,
1653 5085 1714 5136 τὸ
1758 5083 1998 5136 ἐναντίον
2044 5099 2157 5134 ποι-

571 5178 699 5228 εῖτε.
739 5175 899 5244 Ὅρα,
927 5173 1028 5226 οὑκ
1047 5167 1188 5236 εἶπε,
1221 5169 1310 5240 Τῷ
1353 5168 1473 5240 Θεῷ
1525 5180 1546 5208 ε
1574 5167 1949 5226 ἀντιπίπτετε,
1998 5164 2155 5228 ἀλλὰ,

577 5257 661 5323 Τῷ
691 5258 991 5326 Πνεύματι
1011 5271 1025 5286 ο
1078 5252 1249 5317 οὕτως
1283 5251 1539 5323 οὐδεμίαν
1586 5246 1693 5305 οἶδε
1742 5248 2021 5321 διαφοράν.
2050 5249 2158 5301 Καὶ

570 5342 632 5395 τὸ
669 5339 874 5412 μεῖξον,
919 5340 1014 5405 Ὡς
1035 5341 1088 5392 οι
1113 5338 1365 5404 πατέρες
1393 5334 1584 5406 ὑμῶν,
1613 5335 1798 5405 φησὶν,
1837 5332 1935 5386 καὶ
1966 5331 2155 5400 ὑμεῖς.

543 5467 550 5478 ,
573 5425 732 5480 Οὕτω
757 5426 850 5480 καὶ
869 5425 898 5476 ὁ
927 5421 1162 5494 Χριστὸς
1191 5420 1483 5483 ὠνείδιζεν,
1515 5418 1702 5489 ἐπειδὴ
1727 5416 1937 5489 μεγάλα
1958 5417 2043 5468 ἀεὶ⁸
2064 5416 2157 5468 ἐπὶ

575 5515 688 5576 τοῖς
742 5510 1011 5581 πατράσιν
1064 5504 1284 5575 ηὔχουν.
1335 5505 1476 5558 Τίνα
1523 5501 1641 5556 τῶν
1689 5497 2009 5570 προφητῶν
2046 5500 2158 5552 οὐκ

542 5640 544 5644 τ
575 5595 832 5661 ἐδίωξαν
854 5597 907 5647 οί
941 5591 1195 5660 πατέρες
1221 5587 1419 5658 ὐμῶν;
1467 5587 1579 5642 Καὶ
1615 5585 1974 5641 ἀπέκτειναν
2017 5581 2159 5649 τοὺς

577 5677 1198 5750 προκαταγγείλαντας
1221 5671 1354 5741 περὶ
1413 5670 1526 5740 τῆς
1570 5671 1870 5735 ἐλεύσεως
1919 5667 2026 5722 τοῦ
2066 5671 2160 5720 Δι-

654 5910 679 5938 ⁸
715 5907 860 5959 Ἀλλά
885 5907 1031 5956 deest
1053 5908 1100 5954 in
1127 5903 1436 5966 quibusdam.
1559 5899 1700 5966 ᾼΙίιιε
1720 5898 1880 5966 ποδῶν
1907 5913 2011 5966 μου.

590 5971 701 6021 οὐδὲ
746 5968 916 6020 ταῦτα.
985 5970 1008 5998 ⁸
1040 5960 1178 6018 Ιόυὼ
1203 5967 1399 6022 ποιεῖτε,
1434 5962 1512 6009 καὶ
1535 5961 1620 6008 ούκ
1641 5962 1787 6018 εἶπεν,
1813 5961 1884 6005 ὅτι
1919 5961 1998 6018 ’ἴῳ
2025 5960 2150 6019 θεῷ.

1273 295 1330 350 S.
1371 294 1652 351 JOANNIS
1688 291 2168 350 CHRYSOSTOMI
2204 292 2526 352 ARCHIEP.
2563 299 3108 358 CONSTANTINOP.

3726 313 3827 368 138

2261 411 2455 466 καίου.
2491 413 2610 467 Ἔτι
2636 411 2751 467 Τοῦ
2795 413 3027 470 δικαίου
3068 416 3235 485 λέγει,
3273 417 3594 491 βουλόμενος
3634 428 3831 492 αὐτοὺς

2259 498 2626 553 καταστεῖλαι.
2660 495 2741 554 Οὗ
2773 499 2885 552 νῦν
2926 500 3093 569 ὑμεῖς
3137 501 3420 572 προδόται
3481 505 3579 559 καί
3626 511 3830 577 φονεῖς

2258 582 2601 649 γεγένησθε.
2680 582 2785 636 Δύο
2827 585 3008 646 αὐτοῖς
3061 586 3301 653 ἐγκαλεῖ,
3352 588 3433 641 ὅτι
3500 607 3557 643 τε
3626 594 3830 664 ήγνόη-

2258 680 2376 728 σαν,
2435 667 2528 718 καὶ
2582 666 2664 720 ὅτι
2721 667 3036 735 ἐφόνευσαν.
3099 671 3326 736 Οίτινες
3403 670 3645 726 ἐλάϐετε
3709 678 3833 729 ’τὸν

2255 737 2441 816 νόμόν
2458 752 2545 816 είς
2573 749 2855 820 διαταγὰς
2872 751 3158 821 ἀγγέλων,
3200 753 3298 806 καὶ
3321 755 3432 807 οὐκ
3465 755 3827 824 ἐφυλάξατε.

2328 838 2396 900 γ’.
2419 833 2483 885 Τί
2511 834 2625 886 ἐστι
2649 831 2844 887 τοῦτοά
2864 851 2876 899 ;
2897 835 3055 898 Τινές
3076 853 3228 903 φασι,
3254 835 3348 889 τδν
3372 837 3462 889 ὑπ’
3478 839 3722 906 ἀγγέλων
3754 843 3832 895 λέ-

2255 930 2373 982 γειν
2392 915 2767 987 διαταχθέντα.
2799 917 2912 970 υὺκ
2930 916 3043 970 ἐστι
3065 919 3121 972 δέ
3141 936 3153 950 ·
3180 919 3282 972 ποῦ
3308 920 3418 991 γάρ
3471 922 3690 989 ἄγγελοι
3742 926 3833 978 νό-

2258 1015 2356 1068 μον
2391 998 2671 1071 ἐφάνησαν
2706 1000 3112 1068 διατάττοντες;
3161 1003 3294 1056 ἀλλὰ
3350 1005 3705 1074 διαταχθέντα
3741 1009 3831 1062 νό-

2258 1099 2358 1151 μον
2382 1082 2548 1150 λέγει,
2577 1083 2670 1135 τὸν
2713 1084 3122 1155 ἐγχειρισθέντα
3167 1085 3318 1157 αὐτῷ
3365 1087 3432 1140 δι’
3465 1088 3700 1156 ἀγγέλου
3733 1092 3830 1146 τοῦ

2254 1166 2509 1235 ὀφθέντος
2551 1167 2698 1238 αὑτῷ
2730 1170 2786 1221 ἐν
2809 1171 2874 1238 τῇ
2917 1168 3081 1239 βάτῳ·
3137 1171 3210 1240 μὴ
3251 1171 3359 1240 γὰρ
3398 1171 3682 1242 ἄνθρωπος
3725 1171 3830 1246 ἧν;

2255 1250 2420 1303 Οὐδὲν
2444 1246 2535 1303 οὖν
2565 1250 2876 1321 θαυμαστὸν
2917 1251 3141 1315 τούτους
3187 1253 3372 1305 ἐκεῖνα
3420 1255 3752 1324 ποιήσαντας
3785 1269 3831 1324 ε,

2255 1336 2406 1404 φησὶ.
2441 1335 2534 1388 καὶ
2566 1335 2738 1389 ταῦτα
2773 1336 3014 1404 ποιῆσαι.
3075 1337 3135 1389 Εἰ
3176 1338 3302 1398 τοὺς
3361 1340 3834 1407 καταγγείλαντας

2214 1448 2220 1454 -
2254 1417 2510 1480 ἀνείλετε.
2553 1418 2732 1490 πολλῷ
2776 1419 2974 1490 μᾶλλον
3015 1419 3194 1474 αὐτόν.
3246 1421 3510 1474 Ἐνταῦθα
3564 1424 3658 1477 καὶ
3689 1425 3831 1495 Θεῷ,

2253 1501 2346 1554 καὶ
2377 1501 2647 1570 ἀγγέλοις,
2676 1502 2770 1554 καὶ
2795 1503 2907 1565 τοῖς
2941 1503 3266 1573 προφήταις,
3295 1505 3389 1557 καὶ
3418 1503 3493 1575 τῷ
3525 1507 3833 1576 Πνεύματι,

2254 1584 2348 1638 καὶ
2371 1587 2503 1638 πᾶσι
2529 1585 2798 1638 δείκνυσιν
2837 1585 3217 1650 ἀπειθοῦντας,
3268 1587 3449 1651 καθὼς
3481 1590 3570 1642 καὶ
3605 1591 3835 1662 ἑτέρωθί

2254 1686 2416 1740 φησιν
2459 1669 2492 1740 ή
2535 1669 2747 1741 Γραφή·
2783 1670 2978 1736 Κύριε,
3031 1669 3171 1735 τοὺς
3217 1671 3525 1740 προφήτας
3556 1689 3672 1727 σου
3720 1675 3836 1728 ἀπ-

2251 1752 2544 1816 έκτειναν,
2593 1752 2690 1805 καί
2728 1752 2801 1806 τὰ
2831 1753 3228 1821 θυσιαστήριά
3266 1770 3382 1809 σου
3414 1755 3833 1825 κατέσκαψαν.

2251 1834 2314 1888 Οἱ
2342 1837 2518 1888 τοίνυν
2547 1833 2982 1905 ἀντιποιούμενοι
3030 1835 3175 1906 λόγῳ
3213 1835 3307 1889 τοῦ
3363 1837 3550 1907 νόμου,
3618 1840 3833 1909 ἐλεγον’

2248 1918 2349 1984 Είς
2385 1916 2650 1986 Μωῢσῆν
2673 1917 3044 1986 βλασφημεῖ.
3089 1918 3148 1971 '0
3175 1917 3231 1970 δὲ
3262 1918 3556 1983 δείκνυσιν,
3603 1922 3684 1975 ὅτι
3734 1923 3837 1976 αὐ-

2250 2000 2331 2052 τοὶ
2362 1998 2740 2071 βλασφημοῦσι
2772 2001 2990 2070 μᾶλλον,
3025 2000 3085 2054 οὑ
3117 2000 3273 2071 μόνον
3298 2003 3378 2065 είς
3409 2004 3670 2075 Μωῦσῆν,
3693 2004 3837 2060 ἀλλὰ

2251 2082 2346 2134 καὶ
2369 2082 2450 2146 είς
2478 2081 2632 2145 Θεὸν,
2674 2083 2769 2136 καὶ
2791 2083 2872 2136 ὅτι
2906 2084 3063 2136 αὐτοὶ
3093 2084 3298 2137 ἀνωθεν
3317 2086 3544 2139 τοιαῦτα
3593 2087 3835 2152 ποιοῦσι,

2204 2224 2213 2233 ,
2251 2169 2345 2222 καὶ
2376 2169 2457 2222 ὅτι
2487 2169 2640 2222 αὐτοὶ
2678 2168 2746 2221 τά
2792 2167 2886 2239 ἔθη
2939 2169 3264 2228 κατέλυσαν,
3300 2170 3394 2224 καὶ⁷
3445 2170 3525 2224 δτι
3565 2171 3626 2223 οὐ
3671 2171 3838 2243 χρεία

2250 2252 2455 2306 τούτων
2490 2251 2704 2306 λοιπόν·
2737 2252 2830 2305 καὶ
2882 2252 2963 2304 δτι
3021 2251 3375 2320 ἐγκαλοῦντες
3434 2254 3526 2306 καὶ
3579 2252 3838 2321 λέγοντες

2250 2337 2456 2408 Μωῦσῇ
2487 2334 2856 2389 ἐναντιοῦσθαι
2877 2333 3058 2398 αὑτὸν,
3091 2334 3243 2388 αὑτοὶ
3265 2334 3339 2406 τῷ
3361 2335 3633 2407 Πνεύματι
3660 2338 3835 2407 ἠναν-

2251 2419 2487 2472 τιοῦντο·
2520 2419 2614 2472 καὶ
2647 2418 2744 2488 οὐχ
2775 2417 2983 2480 ἁπλῶς,
3007 2417 3142 2471 ἀλλὰ
3168 2417 3262 2470 καὶ
3309 2418 3448 2488 μετὰ
3499 2420 3658 2487 φόνου
3685 2434 3698 2449 ·
3733 2420 3835 2474 καὶ

2252 2501 2455 2558 ἄνωθεν
2486 2497 2630 2572 εἶχον
2656 2501 2754 2572 τὴν
2785 2500 3000 2572 ἔχθραν.
3042 2502 3221 2572 Ὁρᾷς,
3247 2502 3327 2555 ὅτι
3362 2503 3455 2557 καὶ
3495 2503 3700 2573 Μωῦσῇ
3729 2506 3835 2557 καὶ

2253 2588 2386 2640 πᾶσι
2415 2586 2686 2640 δείκνυσιν
2713 2585 3156 2654 ἐναντιουμένους
3192 2584 3408 2647 αὐτοὺς,
3446 2587 3539 2638 καὶ
3601 2585 3694 2638 τὸν
3740 2586 3836 2638 v6-

2255 2687 2352 2741 μον
2383 2671 2455 2740 μὴ
2493 2668 2880 2739 φυλάττοντας;
2909 2667 3099 2721 Καίτοι
3127 2683 3190 2736 γε
3224 2668 3460 2737 Μωῦσῆς
3486 2664 3604 2720 εἶπε
3628 2681 3646 2699 θ
3677 2671 3836 2736 Προ-

2251 2754 2452 2825 φήτην
2487 2753 2631 2822 ὑμῖν
2666 2753 2998 2819 ἀναστήσει
3032 2753 3272 2819 Κύριος·
3333 2753 3427 2805 καὶ
3481 2753 3529 2805 οδ
3583 2751 3730 2806 ἄλλοι
3774 2754 3835 2807 δὲ

2250 2837 2438 2892 τοῦτον
2452 2834 2766 2888 ἐλεύσεσθαι
2786 2833 3107 2906 προῦλεγον,
3130 2835 3222 2887 καὶ
3243 2834 3273 2887 6
3298 2835 3599 2905 προφήτης,
3631 2834 3833 2903 λέγων·

2250 2919 2429 2974 Ποῖον
2450 2915 2616 2972 οἷκον
2630 2916 3052 2986 οἰκοδομήσετέ
3070 2935 3170 2986 μοι
3189 2932 3207 2980 ;
3236 2917 3329 2970 καὶ
3352 2917 3512 2971 πάλιν
3530 2933 3544 2947 ·
3562 2916 3657 2983 Μὴ
3673 2917 3837 2986 σφά-

2249 3021 2347 3072 για
2367 3002 2466 3056 καὶ
2481 3000 2700 3065 θυσίας
2713 3000 3164 3070 προσηνέγκατέ
3175 3018 3276 3069 μοι
3307 2998 3458 3072 [MO]
3476 3001 3579 3068 ἐτη
3610 3017 3837 3055 τεσσαο

2241 3086 2544 3154 ράκοντιη
2577 3083 2747 3138 Τοῦτο
2773 3083 3054 3155 παρρησία
3080 3085 3270 3154 ἀνδρὸς
3297 3084 3388 3138 τὸν
3419 3085 3647 3156 σταυρὸν
3682 3085 3835 3155 ἔχονι

2250 3190 2360 3235 τος.
2390 3168 2703 3240 Μιμώμεθα
2735 3167 2913 3220 τοίνυν
2944 3167 3038 3220 καὶ
3067 3168 3227 3238 ἡμεῖς
3251 3167 3475 3237 ταύτην,
3504 3169 3549 3220 εί
3589 3169 3679 3222 καὶ
3726 3185 3832 3222 πο-

2250 3256 2418 3326 λέμου
2444 3256 2542 3306 οὐκ
2575 3251 2687 3304 ἐστι
2722 3250 2933 3322 καιρὸς,
2967 3248 3101 3302 ἀλλά
3130 3251 3444 3322 παρρησίας
3501 3250 3585 3302 ἀεὶ
3635 3252 3834 3322 καιρός

2252 3344 2421 3395 ἐστιν.
2469 3338 2767 3392 Ἐλάλουν
2797 3337 2924 3405 γὰρ,
2958 3335 3142 3406 φησὶν,
3189 3335 3260 3388 ἐν
3311 3333 3434 3400 τοῖς
3481 3337 3835 3402 μαρτυρίοις

2251 3441 2368 3479 σου
2410 3421 2686 3476 ἐναντίον
2707 3419 3033 3483 βασιλέων,
3065 3417 3162 3470 καί
3185 3419 3296 3471 οὐκ
3317 3417 3696 3486 ᾐσχυνόμην.
3731 3419 3838 3471 Ἂν

2251 3509 2433 3564 τοίνυν
2453 3505 2676 3576 Ἕλλησι
2726 3501 3190 3574 συμπλεκώμεθα,
3236 3501 3404 3565 οὑτως
3427 3500 3448 3539 ί
3494 3502 3689 3564 αὐτοὺς
3713 3503 3839 3556 ἐπι-

2255 3591 2596 3660 στομίςωμεν
2611 3588 2778 3658 χωρὶς
2795 3584 2992 3655 θυμοῦ,
3025 3585 3189 3655 χωρὶς
3219 3586 3575 3656 τραχύτητος.
3614 3586 3713 3638 Ἂν
3732 3585 3839 3655 μὲν

2251 3677 2360 3748 γὰρ
2392 3675 2530 3746 μετά
2555 3670 2726 3742 θυμοῦ
2758 3669 2916 3723 τοῦτο
2942 3669 3204 3740 ποιῶμεν,
3242 3670 3342 3722 οὑκ
3393 3669 3473 3721 ἔτι
3527 3669 3834 3740 παρρησία,

2252 3758 2388 3814 ἀλλὰ
2413 3758 2580 3820 πάθος
2603 3753 2739 3808 εἶναι
2776 3753 2950 3807 δοκεῖ⁹
2986 3753 3050 3806 ἃν
3077 3753 3132 3806 δέ
3159 3751 3439 3814 ἐπιεικῶς,
3475 3751 3640 3807 ὅντως
3683 3753 3837 3806 ἐστὶν

2253 3842 2393 3914 αὕτη
2427 3840 2730 3912 παρρησία.
2768 3839 2842 3890 Οὐ
2873 3836 2980 3905 γάρ
3003 3835 3226 3887 δυνατὸν
3257 3834 3392 3905 ὁμοῦ
3430 3833 3569 3887 κατὰ
3635 3835 3836 3886 ταυτὸν

2253 3927 2348 3981 καὶ
2394 3924 2724 3996 κατόρθωμα
2772 3917 2908 3974 εἶναι
2951 3919 3044 3972 καὶ
3083 3917 3389 3988 ἐλάττωμα.
3421 3917 3484 3970 Ἦ
3530 3918 3832 3988 παρρησία,

2254 4009 2586 4082 κατόρθωμα
2603 4023 2618 4039 ο
2641 4007 2668 4059 ὁ
2690 4003 2879 4075 θυμὸς,
2906 4003 3208 4072 ἐλάττωμα.
3232 4003 3323 4053 Δεῖ
3370 3999 3543 4082 τοίνυν
3577 4001 3747 4082 ἡμᾶς,
3780 4002 3832 4082 εί

2259 4077 2523 4165 μέλλομεν
2547 4087 2857 4160 παρρησίαν
2881 4085 3041 4156 ἔχειν,
3061 4084 3334 4155 καθαροὺς
3359 4077 3604 4137 εἶναιτοῦ
3628 4081 3823 4152 θυμοῦ,

2257 4178 2342 4231 ἵνα
2367 4176 2441 4247 μὴ
2474 4173 2664 4241 ἐκείνῳ
2702 4187 2785 4232 τις
2808 4169 3091 4238 λογίσηται
3119 4166 3189 4218 τὰ
3219 4168 3456 4237 ῥήματα.
3491 4165 3609 4218 Κᾶν
3648 4165 3829 4217 δίκαια

2255 4262 2420 4333 λέγῃς
2446 4256 2584 4329 μετὰ
2605 4253 2798 4326 θυμοῦ,
2819 4253 2879 4306 τὸ
2893 4253 3000 4304 πᾶν
3017 4249 3324 4312 ἀπώλεσας,
3345 4248 3444 4302 κᾶν
3458 4249 3830 4333 παρῤησιάζῃ,

2255 4332 2660 4411 κᾶννουθετῇς,
2698 4339 2800 4391 κᾶν
2828 4336 3003 4390 ὁτιοῦν
3031 4335 3299 4407 πράττῃς.
3329 4333 3468 4403 Ὅρα
3515 4332 3608 4384 τὸν
3664 4332 3834 4401 ἄνδρα

2255 4429 2442 4484 τοῦτον
2462 4426 2522 4480 οὐ
2547 4423 2682 4496 μετὰ
2709 4419 2885 4491 θυμοῦ
2913 4418 3311 4489 διαλεγόμενον·
3345 4416 3405 4467 οὐ
3433 4415 3541 4484 γὰρ
3591 4413 3652 4482 δὴ
3682 4414 3835 4482 ὓϐρι-

2257 4531 2367 4576 σεν,
2395 4509 2532 4565 ἀλλὰ
2545 4503 2882 4579 προφητικοῦ
2899 4503 3094 4564 αὐτοὺς
3109 4501 3378 4570 ἀνέμνησε
3397 4497 3706 4564 λόγου.Ὅτι
3726 4497 3835 4567 γάρ

2255 4600 2352 4650 οὐκ
2373 4591 2441 4668 ἦν
2468 4590 2640 4664 θυμοῦ
2655 4595 2703 4652 8,
2727 4587 2944 4652 ἔδειξεν.
2974 4587 3062 4639 ὅτε
3097 4583 3281 4646 κακῶς
3301 4582 3525 4651 ἔπασχε,
3550 4581 3669 4633 τότε
3694 4581 3834 4650 ὑπὲρ

2255 4665 2436 4736 αὑτῶν
2464 4678 2753 4749 εὐχόμενος
2791 4673 2885 4726 καὶ
2925 4671 3132 4738 λέγων’
3178 4667 3276 4734 Μὴ
3334 4667 3574 4734 στήσῃς
3630 4665 3835 4729 αὐτοῖς

2254 4766 2369 4827 τὴν
2379 4763 2670 4833 ἁμαρτίαν
2684 4759 2926 4823 ταύτην.
2942 4754 3127 4817 Οῦτως
3142 4754 3240 4806 οὐκ
3262 4751 3613 4833 ὀργιζόμενος
3629 4750 3832 4833 αὐτοῖς,

2255 4847 2392 4905 ἀλλά
2413 4831 2592 4915 ἀλγῶν
2617 4844 2758 4913 ὑπὲρ
2773 4839 2946 4894 αὐτῶν
2964 4839 3056 4891 καὶ
3077 4836 3424 4905 δακνόμενος.
3451 4831 3624 4915 ταῦτα
3644 4831 3839 4900 ἐφθέγ⁹

2254 4949 2382 5002 γετο
2407 4949 2418 4959 ·
2463 4909 2586 4984 ἐπεὶ
2627 4909 2738 4980 καὶ⁷
2756 4925 2882 4994 περὶ
2907 4925 3006 4994 τῆς
3034 4921 3208 4989 ὅψεως
3234 4917 3321 4971 διὰ
3358 4915 3514 4970 τοῦτο
3544 4909 3721 4975 εἶπεν,
3760 4916 3840 4967 ὅτι

2252 4997 2432 5069 Εἶδον
2444 5013 2506 5067 τὸ
2521 5011 2844 5080 πρόσωπον
2855 5005 3039 5060 αὑτοῦ
3055 5003 3196 5057 ὡσεί
3212 5002 3536 5069 πρόσωπον
3555 4997 3839 5080 ἀγγέλου,

2259 5100 2324 5153 ἵν’
2348 5098 2544 5158 αὐτοὺς
2559 5075 2943 5163 ἐφελκύσηται.
2967 5086 3214 5157 Καθαροί
3233 5081 3260 5120 h
3275 5081 3454 5138 τοίνυν
3477 5081 3649 5152 θυμοῦ
3663 5075 3838 5150 ὦμεν.

2258 5183 2333 5236 Οὑ
2356 5180 2599 5235 κατοικεῖ
2634 5177 2692 5228 τὸ
2731 5173 2954 5242 Πνεῦμα
2996 5169 3056 5222 τὸ
3109 5170 3285 5235 ἅγιον,
3315 5165 3442 5218 ἔνθα
3485 5164 3675 5233 θυμός·
3715 5165 3841 5214 ἐπι-

2258 5266 2564 5335 κατάρατος
2594 5264 2622 5315 ὁ
2650 5257 2924 5331 θυμώδης.
2956 5254 3068 5307 Οὐκ
3100 5251 3246 5305 ἐστιν
3275 5249 3427 5335 οῦδὲν
3457 5247 3604 5315 ὑγιὲς
3637 5244 3844 5335 προελ·

2260 5349 2392 5414 θεῖν,
2407 5326 2540 5401 ’ὅθεν
2567 5326 2736 5414 θυμὸς
2766 5336 3238 5407 ἐξεισι.Καθάπερ
3269 5332 3380 5402 γὰρ
3407 5332 3464 5384 ἐν
3495 5327 3725 5414 χειμῶνι
3746 5326 3848 5414 θα-

2258 5409 2456 5501 λαττίῳ
2489 5409 2654 5490 πολὺς
2678 5427 2706 5476 ὁ
2736 5423 2980 5495 θόρυϐος,
3015 5417 3223 5490 μεγάλη
3311 5415 3564 5501 κραυγή,-
3599 5409 3692 5501 ac}
3740 5410 3846 5501 οὑκ

2259 5517 2324 5570 ἂν
2351 5492 2463 5584 ἔχοι
2492 5529 2577 5574 τις
2609 5492 2812 5579 καιρὸν
2832 5505 3141 5576 φιλοσοφεῖν
3168 5517 3180 5530 ο
3211 5498 3383 5559 οὕτως
3406 5495 3523 5548 οὐδέ
3549 5497 3606 5546 ἐν
3654 5492 3840 5562 θυμῷ,

2273 5577 2410 5656 Ἀ).λῖ
2448 5600 2497 5652 εί
2533 5577 2722 5668 μέλλειή
2749 5611 2800 5646 τι
2830 5591 3116 5660 φιλόσοφον
3147 5585 3180 5656 ἢ
3210 5584 3386 5650 λέγειν
3420 5579 3454 5650 ἦ
3484 5577 3844 5631 παιδεύεσθαι

2322 5766 2349 5807 ⁸1
2372 5767 2540 5816 Τίέστι
2563 5762 2722 5820 τοῦτο,
2745 5761 2886 5808 deos!
2914 5759 2961 5807 in
2985 5769 3082 5804 uno
3105 5751 3233 5822 md;
3264 5751 3444 5822 fulgan
3467 5746 3736 5817 θαυμαστὸν
3754 5745 3846 5792 τὸν

2261 5832 2418 5880 ἐκεῖνα
2434 5813 2722 5886 ποιήσανταξ
2782 5823 2810 5886 Af
2840 5824 2977 5886 idem,
2996 5837 3056 5886 αν
3077 5816 3246 5886 μεταξὺ
3267 5813 3504 5886 Ἑλλήνων
3531 5813 3844 5886 ἐμπέσωμεν,

2263 5874 2685 5946 nus
2706 5883 2810 5932 cod.
2837 5885 2924 5932 οὐκ
2958 5885 3016 5941 ἡν
3039 5880 3195 5940 θυμὸς.
3287 5874 3460 5924 bidem
3483 5874 3699 5930 αγγελου.
3727 5874 3844 5916 Ἵνα

2264 5955 2559 6004 πιστεύσωσί
2575 5968 2584 5978 ·
2610 5948 2822 6008 καθαροί.
