3978 6478
206 384 302 440 137

205 497 381 553 criﬁcii
422 511 641 561 nomen,
686 493 783 552 sed
812 504 1074 566 prmcepta
1103 495 1242 561 viva,
1273 501 1327 548 et
1361 492 1567 562 eloquia
1605 491 1723 545 viva
1754 507 1768 543 :

205 604 458 660 nusquam
488 589 840 651 initiationes,
865 588 958 642 sed
981 587 1235 641 miracula
1264 596 1318 641 et
1341 586 1491 655 signa
1517 584 1771 639 exhibita.

204 681 342 736 Sicut
368 684 615 751 scriptum
645 692 720 734 est
754 683 803 735 in
847 681 973 733 libro
1003 680 1379 749 praphetarum.
1415 678 1510 732 Hic
1540 677 1775 731 testimo-

202 773 336 826 nium
371 788 479 826 non
516 773 634 828 sine
676 787 833 826 causa
870 772 1102 835 adducit,
1146 770 1242 825 sed
1283 780 1338 823 ut
1376 769 1620 823 ostendat
1669 784 1771 821 non

201 881 310 921 esse
342 866 625 921 sacriﬁciis
659 881 815 936 opus.
844 867 908 920 Et
939 866 1074 929 vide,
1107 864 1229 933 quid
1258 864 1419 917 dicat.
1458 862 1599 915 Num
1636 862 1775 915 victi-

200 976 298 1013 mas
323 971 370 1013 et
401 960 658 1028 sacriﬁcia
687 960 934 1013 obtulistis
963 958 1086 1011 mihi
1124 958 1177 1010 in
1207 957 1399 1010 deserto
1440 955 1776 1026 quadraginta

196 1053 337 1105 annis
353 1053 380 1105 ἱ)
407 1050 477 1105 Et
502 1052 766 1119 accepistis
797 1051 1176 1105 tabernaculum
1197 1048 1419 1115 Moloch,
1446 1059 1491 1102 et
1514 1048 1652 1102 sidus
1678 1045 1775 1102 Dei

195 1147 337 1200 vestri
384 1144 691 1216 Remﬂran,
736 1144 924 1213 ﬁguras
966 1157 1091 1211 quas
1133 1140 1355 1214 fecistis,
1397 1149 1452 1193 ut
1498 1139 1774 1195 adoraretis

196 1258 295 1296 eas.
323 1241 463 1296 Cum
488 1241 728 1310 emphasi
760 1241 1025 1311 loquitur;
1053 1241 1154 1294 hoc
1176 1253 1304 1294 vero
1331 1237 1594 1308 signiﬁcat
1621 1253 1633 1289 :
1657 1235 1772 1290 Non

194 1335 419 1405 potestis
469 1333 673 1400 dicere,
722 1347 818 1387 vos
871 1331 1009 1402 quod
1054 1330 1179 1385 mihi
1230 1328 1619 1392 sacriﬁcaretis,
1667 1325 1775 1382 illis

194 1428 351 1482 etiam
382 1426 803 1490 sacriﬁcavisse;
847 1435 903 1480 et
940 1425 1040 1479 hoc
1066 1426 1117 1479 in
1161 1422 1393 1489 deserto,
1433 1422 1520 1476 ubi
1546 1420 1775 1475 maxime

194 1522 295 1576 illis
334 1521 678 1590 praesidebat.
721 1518 790 1573 Et
833 1519 1092 1588 accepistis
1127 1516 1502 1571 tabernaculum
1548 1512 1771 1567 Moloch.

193 1613 261 1669 Et
301 1612 420 1667 haec
461 1612 561 1666 fuit
602 1625 762 1667 causa
805 1610 1207 1665 sacriﬁciorum.
1248 1607 1312 1661 Et
1355 1610 1653 1677 transferant
1690 1621 1775 1659 vos

192 1706 328 1758 ultra
352 1703 685 1775 Babylonem.
719 1702 808 1758 Sic
846 1710 900 1756 et
935 1701 1213 1772 captivitas
1254 1699 1521 1757 accusatio
1559 1696 1775 1751 malitia:

193 1805 295 1852 cst.
327 1795 395 1850 Et
435 1795 724 1865 quomodo,
765 1794 1002 1863 inquies,
1043 1801 1158 1846 erat
1200 1789 1599 1844 Tabernaculum
1638 1788 1777 1841 testi-

192 1890 352 1942 monii
370 1889 395 1941 1’
415 1889 538 1943 Ideo
567 1896 701 1951 erat,
725 1896 779 1941 ut
810 1896 996 1942 testem
1026 1885 1283 1940 haberent
1309 1885 1499 1939 Deum.
1532 1883 1691 1952 Igitur
1708 1880 1775 1936 ad

193 1981 297 2037 hoc
322 1982 498 2041 mlum
531 1992 664 2034 erat.
703 1980 996 2035 Secundum
1034 1982 1270 2049 formam,
1318 1977 1499 2045 inquit,
1542 1990 1654 2045 qua:
1688 1974 1774 2028 tibi

191 2084 473 2129 monstrata
517 2075 612 2146 fuit
652 2074 704 2127 in
743 2082 928 2127 monte.
976 2070 1156 2140 Itaque
1185 2072 1236 2124 in
1274 2080 1455 2124 monte
1489 2067 1775 2137 descriptio

192 2170 329 2225 facta
356 2178 444 2224 est
471 2187 484 2222 :
516 2179 573 2223 et
601 2168 703 2222 hoc
731 2169 782 2222 in
812 2166 1022 2221 deserto
1063 2163 1556 2225 circutnl’erebatur,
1595 2176 1693 2216 nec
1720 2160 1771 2215 in

191 2262 446 2332 quopiam
481 2262 596 2314 loco
622 2258 891 2313 manebat.
922 2254 1341 2310 Tabernaculum
1369 2269 1496 2307 vero
1528 2252 1771 2306 testimo-

192 2355 264 2408 nii
295 2362 478 2419 vocat,
526 2367 631 2406 non
672 2351 773 2404 alia
814 2351 880 2404 de
916 2364 1094 2411 causa,
1138 2362 1298 2418 quam
1330 2347 1401 2400 ob
1439 2343 1691 2399 miracula
1720 2352 1774 2398 et

192 2457 486 2517 praecepta.
520 2445 767 2500 Attamen
796 2457 895 2497 nec
924 2442 1073 2507 illud,
1106 2455 1202 2495 nec
1228 2440 1301 2493 illi
1327 2438 1577 2506 templum
1607 2435 1773 2489 hahe-

192 2541 339 2593 bant.
374 2539 517 2607 Ergo
547 2535 763 2607 ﬁguram
806 2535 948 2589 illam
977 2533 1192 2603 angelus
1233 2531 1471 2587 dederat.
1515 2527 1684 2599 Usque
1707 2526 1775 2579 ad

193 2632 297 2683 dies
325 2630 512 2695 David,
538 2630 723 2698 inquit.
754 2627 935 2697 Itaque
965 2640 1133 2695 usque
1153 2624 1219 2678 ad
1251 2632 1458 2691 tempus
1487 2620 1613 2676 illud
1642 2629 1775 2675 tem-

195 2724 338 2792 plum
368 2738 476 2775 nun
520 2730 655 2784 erat,
698 2718 906 2774 etiamsi
932 2725 1116 2787 gentes
1152 2715 1391 2785 expulsae
1436 2714 1675 2776 fuissent,
1707 2710 1775 2766 de

197 2814 385 2884 quibus
414 2814 490 2866 ait
518 2830 531 2867 :
569 2814 708 2879 Quas
736 2811 924 2880 expulit
962 2808 1097 2863 Deus
1121 2824 1154 2862 a
1189 2807 1317 2880 facie
1344 2816 1545 2876 patrum
1580 2812 1775 2857 nostro-

198 2923 326 2959 runt.
352 2906 466 2959 Hoc
492 2919 620 2957 vero
636 2902 787 2965 dixit,
811 2901 1000 2956 iterum
1020 2899 1329 2963 ostendens,
1358 2895 1590 2952 nondum
1613 2894 1776 2949 fuisse

205 3003 473 3063 templum.
502 2994 640 3061 Quid
665 2993 820 3048 dico?
846 3002 921 3047 tot
951 2991 1223 3056 miracula,
1256 2999 1311 3045 et
1347 3004 1604 3059 nusquam
1637 2996 1775 3041 tem-

209 3089 387 3157 plum?
423 3088 511 3142 Sic
564 3097 618 3140 et
662 3088 889 3155 primum
939 3083 1357 3146 tabernaculum,
1409 3092 1463 3136 et
1511 3094 1772 3147 nuSquam

216 3182 473 3248 templum.
510 3178 578 3233 Et
601 3179 773 3248 petiit,
805 3188 860 3231 ut
890 3177 1151 3232 inveniret
1184 3175 1407 3245 gratiam
1434 3187 1611 3227 coram
1643 3170 1772 3225 Deo.

214 3270 380 3335 Petiit,
409 3280 590 3325 etnon
617 3269 938 3325 aediﬁcavit:
972 3270 1041 3324 ita
1069 3283 1175 3322 non
1216 3281 1463 3336 magnum
1508 3261 1773 3334 quidpiam

207 3374 318 3419 erat
353 3365 608 3433 templum
631 3405 645 3429 ,
686 3363 895 3418 etiamsi
936 3362 1149 3433 quidam
1192 3375 1440 3431 magnum
1478 3357 1777 3429 putaverint

198 3472 315 3512 esse
335 3457 701 3518 Salomonem,
724 3454 862 3525 quod
887 3454 1139 3523 templum
1163 3451 1517 3515 ardiﬁcaverit,
1542 3449 1631 3517 qui
1655 3448 1775 3502 ideo

192 3548 342 3603 illum
374 3549 515 3618 patri
540 3547 906 3617 praetulerunt.
934 3544 1086 3612 Quod
1113 3553 1289 3599 autem
1321 3557 1425 3597 non
1451 3541 1608 3596 fuerit
1627 3550 1777 3610 patre

189 3642 406 3707 melior,
437 3642 548 3694 imo
568 3655 740 3709 neque
761 3653 856 3709 par
884 3638 977 3703 illi,
1004 3636 1095 3692 sed
1123 3646 1321 3691 tantum
1341 3651 1404 3691 ex
1426 3633 1774 3705 quorumdam

186 3733 471 3802 opinione,
503 3731 557 3787 id
593 3732 831 3786 declarat
855 3730 934 3786 sic
956 3745 1179 3801 pergens
1208 3746 1221 3782 :
1253 3728 1357 3783 Sed
1397 3728 1682 3781 Altissimus
1724 3726 1778 3779 in

184 3826 506 3897 manufactis
548 3842 648 3879 non
684 3825 896 3889 habitat,
943 3825 1070 3877 sicut
1114 3824 1359 3894 praplteta
1393 3822 1513 3876 dicit
1543 3838 1561 3875 :
1589 3820 1778 3875 Cwlum

182 3919 317 3970 mihi
342 3916 493 3970 sedes
524 3925 633 3980 est;
663 3924 798 3969 terra
821 3923 987 3968 autem
1010 3914 1281 3968 scubellum
1320 3912 1506 3983 pedum
1530 3927 1773 3965 meorum.

176 4008 376 4078 Neque
407 4008 558 4062 enim
587 4006 701 4062 haec
731 4006 842 4062 Deo
858 4006 1013 4076 digna
1040 4016 1182 4071 sunt,
1212 4013 1393 4075 utpote
1418 4005 1572 4069 facta,
1598 4012 1778 4073 utpote

180 4117 385 4157 manus
416 4101 536 4170 ejus
553 4116 735 4171 opera.
765 4099 920 4166 Vide,
951 4098 1219 4169 quomodo
1249 4099 1367 4153 illos
1392 4097 1644 4167 paulatim
1669 4096 1778 4151 eri-

177 4204 294 4263 gat.
315 4191 730 4248 Ostenditenim
746 4207 845 4262 per
862 4190 1197 4261 prophetam,
1226 4190 1497 4259 indignum
1522 4203 1641 4243 esse
1666 4190 1781 4243 hac

180 4285 252 4337 de
282 4285 402 4338 Deo
433 4283 637 4338 dicere.
666 4283 734 4338 Et
757 4298 858 4354 qua
884 4283 951 4337 de
990 4296 1169 4343 causa,
1209 4281 1438 4351 inquies,
1471 4280 1558 4335 hic
1585 4279 1781 4335 acriter

175 4375 474 4443 loquitur?
518 4374 677 4429 Multa
715 4375 888 4430 inerat
931 4374 1179 4443 loquendi
1231 4373 1421 4428 liducia
1462 4373 1724 4427 morituro
1762 4390 1779 4429 :

175 4484 309 4520 nam
333 4476 475 4538 puto
488 4466 633 4521 illum
652 4466 753 4521 hoc
774 4481 985 4537 quoque
1008 4481 1075 4521 ex
1093 4465 1414 4521 revelatione
1432 4465 1667 4519 solvisse.
1688 4464 1777 4519 51.

172 4560 335 4614 Dura
371 4560 589 4623 cervice,
623 4570 669 4614 et
694 4559 1055 4613 incircumcisis
1085 4559 1317 4612 cordibus
1344 4567 1389 4612 et
1413 4559 1637 4611 auribus.
1672 4558 1782 4612 lloc

171 4669 410 4724 quoque
432 4652 799 4722 propheticum
820 4664 922 4719 est,
944 4668 1113 4723 neque
1135 4653 1204 4707 illi
1224 4652 1516 4722 proprium.
1539 4650 1637 4707 Vos
1652 4669 1782 4708 sem-

168 4764 269 4817 per
305 4746 545 4814 Spiritui
570 4756 746 4798 sancto
778 4744 1028 4810 resistitis,
1069 4747 1196 4797 sicut
1236 4730 1402 4813 patres
1428 4746 1597 4811 vestri,
1626 4745 1699 4799 ita
1734 4754 1783 4799 et

169 4855 288 4893 vos.
320 4837 565 4906 Quando
605 4837 819 4892 uolebat
852 4851 972 4892 esse
1005 4837 1285 4907 sacriﬁcia,
1315 4852 1410 4892 vos
1440 4836 1779 4892 sacriﬁcaba-

166 4933 242 4985 tis
291 4949 309 4995 ;
376 4928 603 5001 quando
655 4929 889 4995 volebat,
920 4945 1133 4985 rursum
1196 4945 1303 4983 non
1363 4929 1780 4997 sacriﬁcabatis;

164 5022 417 5092 quando
464 5021 680 5076 nolebat
717 5022 846 5076 dare
888 5021 1038 5075 vobis
1068 5030 1353 5091 prtecepta,
1402 5020 1780 5091 requirebatis;

162 5115 413 5184 quando
464 5115 781 5185 accepistis,
825 5115 1154 5185 neglexistis.
1196 5115 1402 5170 Rursus
1446 5130 1565 5169 cum
1619 5127 1783 5173 staret

167 5209 488 5278 templum,
533 5207 671 5262 idola
710 5206 997 5272 colebatis;
1029 5206 1240 5277 quando
1278 5207 1389 5262 vult
1430 5208 1547 5263 siue
1584 5210 1784 5278 templo

160 5302 302 5365 coli,
346 5300 694 5355 contrarium
736 5298 928 5354 facitis.
973 5298 1250 5370 Perpende
1280 5317 1295 5354 :
1326 5314 1432 5353 non
1474 5299 1640 5367 dixit,
1672 5300 1784 5356 Deo

163 5394 474 5456 resistitis,
503 5392 619 5455 sed,
647 5391 865 5461 Spiritui
893 5408 913 5446 :
939 5392 1016 5447 sic
1041 5393 1237 5447 nullam
1270 5403 1492 5449 noverat
1529 5393 1783 5449 diﬁ'ereu-

164 5488 329 5541 tiam.
369 5484 643 5554 Quodque
680 5486 850 5549 maius
889 5494 987 5549 est,
1031 5485 1176 5541 Sicut
1211 5497 1377 5555 patres
1420 5488 1586 5551 vestri,
1617 5488 1690 5541 ita
1736 5497 1783 5541 et

162 5598 279 5644 ros,
316 5578 530 5648 inquit.
563 5577 638 5632 ιω
659 5586 714 5632 et
740 5578 984 5632 Christus
1006 5578 1380 5648 exprobrabat,
1410 5578 1531 5648 quia
1557 5578 1780 5632 multum

165 5686 413 5743 semper
444 5668 513 5724 de
546 5669 783 5737 patribus
824 5670 1204 5739 gloriabantur.
1237 5668 1325 5724 52.
1360 5669 1521 5735 Quem
1558 5670 1772 5738 prophe-

168 5766 355 5817 mrm'n
393 5778 501 5815 non
527 5772 643 5815 sunt
673 5765 959 5832 persequuti
982 5771 1146 5832 patres
1172 5763 1365 5816 vestri?
1393 5762 1461 5815 Et
1493 5762 1783 5816 occiderunt

167 5874 278 5924 eas,
316 5856 419 5928 qui
451 5855 857 5924 prccnuntiabant
890 5856 952 5909 de
976 5856 1192 5910 adventu
1229 5854 1386 5911 Iusti.
1418 5852 1606 5912 Adhuc
1641 5853 1779 5909 Justi

1150 376 1213 436 IN
1252 379 1429 434 ACTA
1471 375 1987 436 APOSTOLORUM.
2031 377 2255 434 IIOMIL.
2296 377 2457 435 XVII.

3348 395 3450 455 138

1883 490 2030 556 dicit,
2060 492 2242 548 volens
2271 493 2390 550 illos
2416 496 2789 567 comprimere.
2815 500 2981 574 Cujus
3009 523 3094 562 vos
3120 526 3256 567 nunc
3279 517 3453 583 prodi-

1879 591 2010 676 tores
2030 593 2077 636 et
2097 582 2362 640 homicida:
2381 587 2569 655 fuistis.
2594 590 2707 645 Duo
2728 593 2835 649 illis
2859 596 3203 670 improperat,
3233 582 3451 676 etquod

1879 674 2189 743 ignorarint,
2240 685 2296 732 et
2340 679 2481 747 quod
2532 682 2844 740 occiderint.
2895 688 2985 745 55.
3044 691 3147 758 Qui
3190 674 3453 767 accepistis

1879 766 2035 837 legem
2078 785 2165 836 per
2203 770 2553 841 dispositiones
2578 778 2888 847 angelorum,
2929 792 2976 836 et
3015 801 3116 840 non
3144 766 3447 851 custodistis.

1950 859 2005 914 3.
2044 859 2181 926 Quid
2205 872 2288 917 est
2332 864 2510 920 hoc“!
2559 868 2784 936 Quidam
2827 885 3016 944 putant
3060 880 3233 950 ipsum
3275 884 3451 942 dicere

1881 948 2050 1019 legem
2077 952 2144 1006 ab
2172 954 2374 1023 angelis
2402 955 2567 1013 fuisse
2587 961 2923 1031 dispositam.
2951 969 3020 1024 At
3050 948 3137 1028 res
3162 989 3269 1030 non
3300 978 3373 1032 ita
3393 993 3452 1035 se

1881 1040 2039 1133 habet
2069 1062 2083 1097 :
2117 1045 2203 1100 ubi
2231 1062 2456 1118 namque
2481 1053 2656 1121 angeli
2684 1056 2781 1110 visi
2810 1070 2937 1115 sunt
2964 1061 3133 1133 legem
3164 1068 3453 1126 ordinare?

1881 1132 1975 1187 sed
1999 1133 2309 1233 dispositam
2340 1140 2510 1211 legem
2537 1143 2701 1213 dicit;
2750 1148 2803 1203 id
2833 1160 2934 1216 est,
2964 1132 3208 1214 traditam
3253 1160 3329 1216 illi
3360 1178 3455 1233 per

1878 1228 2147 1298 angelum,
2171 1232 2260 1301 qui
2285 1236 2530 1303 apparuit
2557 1237 2633 1293 illi
2654 1241 2706 1294 in
2735 1243 2888 1301 rubo.
2912 1245 3098 1306 Nonne
3122 1250 3283 1310 homo
3304 1228 3451 1314 erat?

1879 1319 2020 1375 Nihil
2044 1337 2171 1393 ergo
2214 1326 2406 1382 mirum
2434 1340 2537 1392 est,
2563 1346 2658 1386 eos
2699 1336 2789 1404 qui
2838 1337 2926 1392 illa
2972 1339 3228 1411 fecerant,
3258 1358 3309 1404 et
3338 1350 3453 1409 haec

1880 1413 2090 1516 iecisse.
2117 1417 2174 1471 Si
2198 1423 2574 1479 annuntiantes
2601 1426 2748 1482 illum
2777 1430 3066 1501 occidistis,
3098 1441 3263 1497 multo
3284 1447 3455 1517 magis

1882 1503 2078 1601 ipsum.
2110 1507 2206 1563 Hic
2250 1510 2373 1565 illos
2403 1523 2456 1566 et
2489 1515 2617 1581 Deo,
2647 1528 2701 1572 et
2746 1523 2971 1590 angelis,
2996 1536 3051 1580 et
3081 1503 3456 1601 prophetisfet

1880 1596 2130 1668 Spiritui,
2180 1610 2235 1657 et
2277 1606 2524 1661 omnibus
2574 1610 2942 1672 inobedientes
2983 1596 3261 1681 ostendit:
3306 1596 3366 1682 ut
3399 1642 3455 1686 et

1880 1690 2004 1746 alibi
2034 1692 2109 1746 ait
2151 1692 2464 1765 Scriptura:
2506 1699 2743 1770 Domine,
2786 1710 3058 1777 prop/tetas
3104 1722 3218 1770 tuos
3254 1720 3454 1776 occide-

1880 1792 2018 1881 runt,
2047 1793 2095 1838 et
2122 1784 2306 1881 altaria
2331 1799 2420 1842 tua
2446 1793 2791 1850 sabaei-terunt
2832 1800 2908 1868 (5.
2951 1802 3077 1874 Reg.
3107 1805 3194 1862 19.
3236 1810 3347 1881 10).
3374 1813 3454 1869 1111

1880 1874 2040 1945 igitur
2065 1879 2245 1947 specie
2295 1889 2497 1937 tantum
2548 1885 2716 1956 legem
2758 1902 3026 1961 curantes,
3055 1874 3343 1959 dicebant:
3388 1905 3457 1962 In

1881 1965 2109 2069 ilict/sem
2157 1970 2486 2042 blaspltemat.
2518 1977 2611 2033 Ille
2652 1995 2781 2036 vero
2819 1986 3053 2043 ostendit
3098 1990 3242 2061 ipsos
3288 1998 3455 2069 magis

1881 2060 2268 2130 blasphemare,
2300 2081 2403 2121 non
2455 2070 2628 2125 solum
2678 2073 2731 2127 in
2758 2074 3014 2147 Moysem,
3048 2060 3142 2137 sed
3191 2085 3353 2142 etiam
3374 2060 3453 2146 vin

1882 2151 2073 2221 Deum,
2100 2165 2154 2209 et
2175 2156 2284 2224 jam
2312 2159 2438 2214 olim
2464 2160 2585 2217 illos
2607 2165 2730 2220 talia
2756 2167 2967 2235 fecisse,
2998 2180 3055 2229 et
3079 2175 3317 2234 instituta
3345 2183 3454 2236 sol-

1880 2246 2056 2310 visse;
2100 2263 2273 2319 neque
2298 2251 2403 2306 illis
2427 2253 2560 2309 ultra
2591 2271 2726 2326 opus
2765 2274 2925 2318 esse:
2961 2263 3106 2333 ipsos
3145 2268 3291 2336 item,
3325 2272 3453 2330 dum

1879 2351 1939 2392 se
1962 2350 2297 2432 accusarent,
2327 2344 2468 2412 quod
2496 2345 2662 2418 Moysi
2689 2360 2832 2405 esset
2878 2358 3203 2424 contrarius,
3233 2361 3452 2432 Spiritui

1879 2438 2065 2483 sancto
2105 2430 2400 2500 obsistere;
2459 2451 2635 2506 neque
2675 2440 2727 2494 id
2772 2443 3102 2516 simpliciter,
3153 2452 3248 2508 sed
3274 2430 3453 2512 etiam

1878 2536 1999 2575 cum
2016 2522 2192 2589 cunde;
2218 2534 2271 2578 et
2292 2525 2383 2580 diu
2408 2537 2563 2583 antea
2590 2530 2892 2592 inimicitias
2912 2553 3221 2600 exercuere.
3242 2546 3452 2618 Viden’,

1878 2616 2146 2683 quomodo
2174 2618 2294 2673 illus
2318 2622 2562 2676 ostendat
2591 2634 2646 2678 et
2674 2625 2841 2698 Moysi
2883 2640 2938 2685 et
2985 2635 3234 2693 omnibus
3258 2616 3453 2696 advers

1878 2719 2079 2801 santes,
2105 2711 2382 2782 legemque
2412 2730 2514 2770 non
2543 2721 2854 2775 servantes?
2884 2726 3043 2794 Atqui
3065 2728 3278 2801 Moyses
3303 2732 3455 2791 dixe-

1878 2806 2004 2891 rat:
2050 2799 2359 2871 Prop/letam
2396 2806 2533 2860 vobis
2574 2811 2830 2865 suscitabit
2862 2812 3109 2873 Dominus
3156 2799 3330 2891 (θεία.
3362 2826 3452 2883 18.

1881 2890 1970 2961 18)
1994 2908 2008 2945 :
2036 2900 2089 2947 et
2117 2893 2205 2949 alii
2237 2897 2377 2951 hunc
2398 2910 2680 2955 venturum
2710 2904 3090 2973 praedixerunt,
3116 2890 3171 2966 et
3198 2917 3453 2986 propheta

1879 2998 2091 3052 quoque
2116 2987 2206 3053 qui
2236 2987 2365 3041 dicit
2399 3006 2413 3043 :
2460 2990 2674 3056 Qualem
2700 2995 2905 3049 domum
2943 3000 3255 3068 wdiﬂcabitis
3292 3008 3457 3062 mihi!

1880 3073 1947 3128 Et
1991 3076 2202 3142 iterutn,
2254 3077 2520 3150 Numquid
2560 3083 2784 3140 victimas
2823 3096 2869 3141 et
2913 3091 3166 3161 sacriﬁcia
3210 3096 3458 3153 obtulistis

1881 3167 2005 3221 mihi
2027 3170 2367 3240 quadraginta
2392 3174 2579 3229 annis?
2608 3175 2733 3233 Haec
2757 3189 2871 3234 erat
2899 3181 3086 3239 ﬁducia
3118 3187 3217 3242 viri
3241 3203 3454 3246 crucem

1882 3260 2149 3317 habentis.
2174 3263 2321 3319 Hanc
2347 3274 2403 3320 et
2427 3280 2526 3322 nos
2550 3283 2765 3340 quoque
2793 3271 3082 3342 imitemur,
3113 3279 3321 3335 etiamsi
3352 3299 3456 3336 non

1881 3354 1951 3409 sit
1973 3353 2096 3410 belli
2125 3364 2354 3427 tempus,
2381 3360 2475 3415 sed
2502 3360 2709 3418 ﬁducia:
2732 3378 2948 3436 semper
2987 3377 3193 3440 tempus
3227 3384 3327 3428 est.
3356 3374 3457 3429 Lo-

1879 3446 2084 3516 quebar,
2114 3447 2304 3517 inquit,
2333 3449 2396 3504 de
2418 3452 2715 3509 testimoniis
2750 3456 2848 3509 tuis
2877 3459 2930 3510 in
2956 3473 3222 3530 conspectu
3259 3482 3456 3534 regum,

1880 3547 1928 3592 et
1963 3556 2062 3592 non
2083 3541 2430 3611 confandebar
2462 3541 2633 3615 (Psal.
2664 3546 2786 3601 118.
2808 3548 2924 3617 46).
2949 3550 3003 3604 Si
3031 3567 3158 3622 ergo
3186 3569 3305 3609 cum
3325 3571 3458 3626 gen-

1884 3630 2061 3685 tilibus
2103 3634 2534 3703 congrediamur,
2578 3637 2657 3693 sic
2698 3638 2820 3695 illos
2862 3642 3217 3712 reprimamus
3258 3648 3462 3720 absque

1882 3721 1980 3781 ira.
2013 3722 2213 3792 absque
2232 3726 2541 3794 aSperitate.
2568 3727 2703 3783 Nam
2732 3730 2775 3785 si
2804 3746 2928 3787 cum
2959 3735 3033 3788 ira
3057 3735 3160 3792 hoc
3184 3736 3459 3808 faciamus,

1883 3832 1988 3870 non
2016 3817 2126 3885 jam
2158 3818 2369 3887 ﬁducia,
2396 3821 2489 3877 sed
2524 3824 2701 3892 passio
2746 3840 2867 3882 esse
2908 3829 3148 3896 videtur;
3180 3835 3262 3888 sin
3311 3852 3463 3890 man-

1882 3918 2053 3975 suete,
2073 3924 2197 3965 vere
2218 3910 2409 3966 ﬁducia
2435 3924 2539 3968 est.
2554 3912 2735 3986 Neque
2755 3919 2897 3974 enim
2926 3923 3181 3991 possibile
3201 3934 3285 3981 est
3305 3929 3460 3984 simul

1883 3999 2175 4054 secundum
2226 4003 2467 4058 eamdem
2515 4006 2777 4062 rationem
2826 4009 3053 4080 itlipsum
3098 4028 3218 4070 esse
3262 4017 3460 4073 bonum

1883 4103 2018 4159 Opus
2038 4099 2092 4145 et
2113 4090 2388 4148 delictum.
2421 4094 2637 4150 Fiducia
2669 4098 2869 4153 bonum
2916 4116 3052 4171 Opus
3078 4114 3179 4171 est,
3206 4105 3283 4161 ira
3329 4108 3462 4163 deli-

1883 4188 2051 4238 ctum.
2080 4184 2303 4254 Oportet
2334 4201 2463 4255 ergo
2492 4202 2612 4241 cum
2646 4189 2837 4245 ﬁducia
2867 4192 3199 4264 loquuturos,
3226 4214 3257 4252 a
3284 4198 3464 4256 furore

1884 4272 2085 4328 liberos
2112 4289 2254 4342 esse,
2284 4286 2341 4330 ut
2379 4292 2447 4333 ne
2472 4278 2593 4348 quis
2625 4279 2749 4336 hinc
2777 4284 2939 4339 verba
2992 4286 3256 4355 proﬁcisci
3290 4301 3458 4359 putet.

1884 4366 2106 4422 Etiamsi
2135 4368 2276 4438 iusta
2300 4369 2506 4426 dixeris
2542 4387 2663 4427 cum
2711 4372 2913 4442 furore,
2946 4387 3113 4434 totum
3163 4382 3458 4451 perdidisti,

1886 4457 2012 4514 licet
2034 4458 2201 4515 libere
2232 4460 2486 4532 loquaris,
2513 4463 2640 4520 licet
2666 4481 2907 4535 moneas,
2934 4470 3056 4527 licet
3077 4474 3289 4542 quidvis
3316 4477 3457 4532 aliud

1886 4551 2069 4607 facias.
2102 4553 2254 4609 Hunc
2282 4556 2491 4625 respice
2518 4557 2690 4613 virum
2719 4574 2826 4615 non
2853 4576 2977 4617 cum
3016 4563 3199 4622 furore
3237 4567 3459 4638 loquen-

1888 4654 1995 4701 tem
2029 4664 2042 4700 :
2074 4662 2246 4717 neque
2284 4649 2428 4703 enim
2471 4652 2796 4708 contumelia
2825 4654 3022 4722 aﬁ‘ecit,
3050 4657 3144 4713 sed
3189 4659 3297 4713 illis
3341 4676 3465 4731 pro-

1887 4737 2155 4808 pheticum
2201 4754 2503 4797 sermonem
2554 4746 2889 4799 memoravit.
2921 4745 3075 4813 Quod
3119 4750 3259 4803 enim
3311 4752 3463 4806 nullo

1888 4828 2067 4883 furore
2118 4840 2450 4898 moveretur,
2516 4834 2750 4890 ostendit
2796 4835 3010 4905 quando
3077 4853 3174 4907 pro
3236 4840 3337 4895 illis
3402 4857 3462 4898 se

1887 4921 2028 4978 male
2056 4922 2436 4993 impetentibus
2481 4936 2748 4995 precatus,
2778 4927 2915 4982 dixit
2956 4946 2969 4981 :
3015 4928 3099 4983 Ne
3135 4941 3328 4988 statuas
3358 4935 3462 4990 illis

1889 5015 1984 5070 hoc
2020 5027 2296 5087 peccatum.
2336 5018 2426 5074 Sic
2452 5034 2558 5073 non
2588 5021 2772 5085 iratus,
2800 5021 2894 5075 sed
2934 5037 3031 5093 pro
3059 5024 3164 5080 illis
3190 5026 3378 5083 dolens
3402 5044 3465 5084 ac

1889 5123 2123 5164 mmreus
2166 5109 2482 5180 loquebatur
2507 5110 2617 5167 ille.
2661 5110 2789 5167 Ideo
2827 5127 3056 5184 namque
3084 5114 3153 5171 de
3175 5115 3311 5175 facie
3346 5120 3464 5189 ejus

1888 5199 2065 5255 dixit:
2103 5199 2349 5255 Viderunt
2393 5201 2573 5272 faciam
2599 5202 2712 5272 ejus
2743 5213 2997 5274 tamquam
3046 5209 3227 5279 faciem
3269 5212 3459 5283 angeli,

1888 5300 1948 5347 ut
1976 5292 2094 5347 illos
2122 5292 2468 5348 attraheret'.
2520 5292 2646 5348 Puri
2697 5294 2858 5365 igitur
2884 5296 2954 5352 ab
2985 5298 3064 5353 ira
3108 5299 3294 5356 simus.
3343 5302 3461 5357 Non

1888 5382 2091 5438 habitat
2115 5383 2343 5453 Spiritus
2370 5394 2586 5438 sanctus
2628 5385 2715 5441 ubi
2742 5387 2816 5440 ira
2843 5396 2927 5442 est
2954 5405 2968 5443 :
2996 5390 3311 5447 maledictus
3332 5393 3463 5448 furi-

1884 5466 2118 5529 bundus.
2165 5473 2284 5529 Non
2309 5484 2483 5544 potest
2507 5490 2697 5532 sanum
2721 5477 2849 5548 quid
2895 5482 3131 5549 prodire,
3160 5498 3281 5538 cum
3312 5482 3462 5539 furor

1887 5568 2179 5639 egreditur.
2202 5568 2335 5624 Nam
2362 5570 2500 5624 sicut
2542 5572 2593 5624 in
2626 5573 2831 5626 marina
2874 5582 3189 5642 tempestate
3237 5591 3462 5646 magnus

1888 5672 1970 5718 est
2007 5662 2286 5731 tumultus,
2317 5678 2540 5736 magnus
2577 5666 2803 5734 clamor,
2832 5683 2931 5722 nec
2966 5670 3088 5740 quis
3129 5679 3339 5740 tempus
3367 5670 3464 5728 ha-

1953 5804 1974 5876 *_
2002 5800 2120 5876 llaec
2140 5802 2457 5876 ipterrpgatio
2489 5803 2631 5876 tle-est
2737 5817 2834 5876 uno
3057 5864 3069 5875 θ

1955 5866 1974 5895 ³
2009 5871 2135 5914 Unus
2157 5865 2269 5914 Cod.
2298 5866 2463 5925 habet,
2484 5865 2556 5915 illi
2579 5868 2858 5926 crederent,
2894 5866 3025 5927 loco,
3050 5865 3158 5919 illos
3177 5867 3439 5922 attralteret
