3978 6534
596 430 700 487 139

591 544 765 599 interit
788 541 852 595 ad
896 536 1374 610 philosophandum
1404 553 1414 586 :
1448 536 1514 586 ita
1545 546 1715 602 neque
1745 532 1794 584 in
1826 531 2021 584 furore.
2050 529 2153 583 Sed

590 639 636 693 si
665 637 839 692 anima
880 632 1005 703 quid
1052 629 1473 701 pliilosoplticum
1506 626 1587 679 vel
1636 625 1775 692 loqui
1824 623 1905 678 vel
1952 622 2157 677 discere

589 731 733 791 velit,
760 727 906 796 quasi
931 725 980 777 in
1012 733 1161 792 porto
1190 722 1258 775 sit
1287 729 1513 789 Oportet.
1544 717 1659 771 Non
1695 716 1859 777 vides,
1892 714 2156 784 quomodo

587 824 654 877 de
687 818 1006 874 necessariis
1051 815 1209 868 rebus
1261 810 1553 881 loquuturi,
1584 810 1696 863 loca
1727 808 1951 861 tumultu
1992 820 2153 859 vacua

579 912 903 983 quierimus,
936 907 1020 961 ubi
1062 906 1211 975 quies
1259 908 1365 965 sit,
1409 902 1497 955 ubi
1548 899 1933 969 tranquillitas,
1985 907 2041 951 ut
2086 912 2153 951 ne

585 1002 936 1074 repellantur?
951 999 1099 1067 Quod
1123 999 1165 1051 si
1184 1005 1436 1051 externus
1454 993 1708 1047 tumultus
1731 991 1970 1059 repellat,
1987 990 2153 1044 multo

583 1098 749 1165 magis
780 1097 983 1148 interna
1036 1090 1287 1145 turbatio.
1322 1088 1431 1142 Etsi
1482 1095 1727 1156 precetur
1772 1083 1909 1154 quis,
1961 1082 2151 1137 frustra

582 1196 849 1250 precatur,
876 1186 920 1238 si
944 1199 1070 1239 cum
1105 1184 1181 1236 ira
1212 1192 1266 1235 et
1298 1180 1477 1234 furore
1507 1179 1559 1233 id
1590 1178 1741 1231 faciat
1767 1197 1780 1231 :
1812 1176 1855 1230 si
1885 1176 2148 1244 loquatur,

580 1278 831 1331 ridiculus
862 1277 995 1337 erit;
1028 1275 1072 1328 si
1104 1282 1292 1337 taceat,
1326 1270 1606 1334 similiter;
1640 1269 1682 1323 si
1710 1267 1973 1330 comedat,
1992 1268 2149 1322 etiam

575 1386 651 1424 sic
673 1368 919 1431 latditur;
951 1369 1181 1434 itemque
1209 1365 1251 1417 si
1286 1364 1449 1423 bibat,
1474 1363 1515 1416 si
1546 1377 1649 1416 non
1676 1361 1836 1421 bibat,
1861 1361 1905 1414 si
1944 1359 2145 1423 sedeat,

577 1465 619 1512 si
667 1471 790 1521 stet,
832 1461 876 1514 si
923 1459 1186 1523 ambulet,
1243 1456 1285 1509 si
1334 1455 1596 1515 dormiat;
1648 1468 1767 1507 nam
1817 1460 1872 1505 et
1916 1451 1965 1505 in
2007 1464 2151 1505 sout-

578 1552 679 1605 niis
711 1552 829 1605 talia
862 1550 1236 1618 imaginantur.
1269 1547 1403 1616 Quid
1436 1548 1487 1600 in
1532 1545 1800 1599 iracundis
1824 1558 1927 1596 non
1957 1542 2147 1611 turpe?

575 1643 725 1696 Oculi
787 1642 1094 1713 injucuudi,
1150 1656 1211 1695 os
1261 1641 1580 1699 distortum,
1625 1636 1863 1690 membra
1922 1634 2146 1689 tremula

573 1745 629 1789 et
674 1734 875 1799 inﬂata,
918 1734 1091 1802 lingua
1122 1731 1342 1785 infrenis
1379 1740 1435 1785 et
1481 1728 1679 1784 nemini
1724 1742 1963 1797 parcens,
1998 1740 2147 1779 mens

577 1828 630 1880 in
660 1841 900 1888 excessu,
937 1825 1145 1878 habitus
1177 1823 1447 1888 indecens,
1472 1822 1631 1875 multa
1682 1820 1985 1873 insuavitas.
2016 1818 2147 1873 Vide

575 1919 703 1972 mihi
734 1919 1184 1972 daemoniacorum
1233 1915 1440 1978 oculos,
1484 1921 1540 1967 et
1580 1912 1871 1973 ebriorum,
1899 1921 1953 1965 et
1998 1910 2144 1963 insa-

575 2013 853 2075 nientium,
877 2010 1001 2079 quid
1032 2013 1169 2063 inter
1196 2023 1254 2064 se
1283 2005 1574 2062 dili‘erunt?
1611 2020 1789 2059 nonne
1812 2014 1976 2057 totum
2000 2002 2145 2057 l‘uror

570 2107 691 2160 est?
720 2104 858 2173 Quid
889 2106 1030 2158 enim
1058 2103 1157 2158 etsi
1186 2102 1253 2156 ad
1285 2112 1495 2171 tempus
1539 2100 1639 2154 hoc
1667 2099 1789 2152 (int?
1815 2098 1945 2152 Nam
1975 2107 2028 2152 et
2056 2098 2140 2151 in-

568 2199 786 2253 saniens
811 2198 877 2251 ad
904 2206 1112 2265 tempus
1140 2196 1447 2250 detinetur:
1480 2194 1581 2248 hoc
1616 2202 1793 2247 autem
1821 2192 1949 2260 quid
1989 2192 2140 2246 dete-

567 2289 717 2342 rius?
745 2287 927 2357 Neque
954 2288 1120 2357 pudet
1149 2287 1269 2341 illos
1297 2287 1364 2341 ad
1408 2286 1772 2341 defensionem
1795 2285 2005 2340 dicere:
2036 2284 2139 2340 Nc-

563 2381 797 2436 sciebam
842 2380 968 2451 quid
1014 2379 1281 2445 dicebam,
1308 2379 1534 2434 aientes.
1587 2378 1656 2433 Et
1697 2393 1793 2432 cur
1840 2377 2137 2444 nesciebas,

562 2473 838 2528 rationalis
880 2482 934 2529 et
963 2473 1174 2528 ratione
1221 2471 1478 2543 praeditus
1525 2471 1724 2526 homo?
1751 2485 1847 2526 cur
1890 2486 1989 2535 ea,
2020 2485 2140 2540 quae

565 2566 840 2621 brutorum
872 2577 1017 2633 sunt,
1050 2566 1201 2633 facis,
1234 2567 1370 2621 sicut
1399 2581 1566 2636 equus
1597 2565 1743 2620 ferox
1776 2566 1849 2620 ira
1882 2574 1935 2620 et
1962 2564 2140 2621 furore

558 2658 880 2727 correptus?
920 2658 1044 2713 Haec
1072 2669 1219 2714 certe
1238 2658 1481 2714 defensio
1508 2659 1663 2726 culpa
1693 2674 1797 2712 non
1820 2667 1989 2713 vacat.
2023 2658 2136 2714 Uti-

560 2766 684 2805 nam
713 2751 985 2817 scivisscs,
1005 2767 1124 2820 qum
1144 2751 1388 2807 dicebas!
1409 2750 1527 2816 Ine,
1560 2751 1787 2821 inquies,
1804 2751 1966 2806 verba
1990 2760 2133 2819 sunt,

561 2859 666 2897 non
697 2858 836 2897 mea.
882 2841 1162 2910 Quomodo
1206 2843 1297 2897 ira:
1344 2851 1488 2908 sunt,
1528 2857 1648 2896 cum
1681 2843 1756 2896 ira
1788 2842 1983 2896 nullam
2013 2842 2136 2929 .vim

564 2936 776 3002 habeat,
809 2936 909 2990 nisi
938 2952 968 2989 a
1002 2945 1053 2990 te
1078 2937 1345 3005 accipiat?
1390 2938 1467 2990 Ac
1504 2937 1550 2991 si
1588 2936 1707 3006 quis
1734 2934 1974 2990 diceret:
2005 2934 2136 2990 Vul-

559 3043 688 3081 nera
718 3042 823 3083 non
856 3043 995 3094 mea,
1023 3027 1118 3083 sed
1162 3042 1351 3081 manus
1380 3042 1513 3083 mete
1539 3038 1683 3082 sunt.
1711 3027 1807 3083 Cui
1853 3028 1927 3083 rei
1980 3038 2134 3098 putas

559 3120 790 3174 maxime
829 3136 964 3188 opus
1011 3135 1130 3174 esse
1158 3119 1272 3173 ira?
1314 3134 1492 3175 nonne
1530 3120 1669 3174 bello
1709 3130 1764 3174 et
1792 3122 2019 3190 pugnae?
2066 3121 2135 3176 At

558 3213 626 3265 ibi
652 3214 831 3276 etiam,
854 3213 896 3265 si
918 3212 1044 3282 quid
1073 3228 1194 3267 cum
1224 3213 1296 3267 ira
1326 3212 1437 3278 fiat,
1467 3221 1632 3266 totum
1659 3212 1813 3281 periit
1837 3222 1890 3267 et
1918 3227 2129 3283 pessum

554 3304 705 3359 abiit.
736 3305 868 3359 Nam
898 3305 1254 3375 pugnantibus
1284 3309 1514 3360 maxime
1538 3306 1787 3360 convenit
1816 3320 1920 3360 non
1948 3306 2126 3374 irasci,

555 3397 662 3450 imo
682 3412 783 3452 nec
808 3398 892 3463 iis,
913 3399 1001 3467 qui
1022 3397 1398 3453 contumeliam
1427 3396 1661 3453 inferunt
1679 3399 1929 3453 convenit
1949 3399 2124 3454 irasci.

556 3489 624 3543 Et
673 3490 942 3559 quomodo
993 3490 1334 3561 pugnandum
1396 3499 1519 3554 est,
1580 3490 1831 3559 inquies?
1878 3490 2123 3559 Ratione,

552 3579 963 3634 mansuetudine
993 3600 1007 3633 :
1035 3590 1306 3634 certamen
1333 3580 1476 3635 enim
1505 3590 1587 3634 est
1615 3596 1680 3636 ex
1709 3581 1935 3636 adverso
1960 3592 2120 3637 stare.

548 3669 742 3725 Annon
786 3671 936 3725 vides
962 3671 1079 3726 huic
1121 3672 1256 3726 bella
1304 3672 1450 3742 lege,
1479 3672 1666 3727 ordine
1694 3682 1750 3727 et
1797 3674 2126 3743 temporibus

549 3762 807 3818 definita?
852 3763 930 3819 lra
974 3766 1116 3819 enim
1158 3765 1288 3819 nihil
1318 3765 1462 3820 aliud
1489 3775 1571 3820 est
1611 3781 1769 3836 quam
1804 3767 2124 3822 irrationalis

551 3856 810 3925 impetus;
864 3857 1186 3913 irrationalis
1241 3867 1418 3914 autem
1466 3856 1599 3914 nihil
1648 3869 1823 3928 potest
1865 3861 2121 3916 rationale

545 3949 744 4006 facere.

553 4076 567 4091 ι
615 4046 668 4100 4.
709 4045 863 4101 Certe
893 4045 978 4100 hic
1008 4046 1129 4100 talia
1156 4047 1485 4117 loquebatur,
1521 4059 1617 4101 nec
1640 4046 1987 4101 irascebatur.
2015 4045 2119 4100 He-

544 4140 642 4194 lias
665 4154 794 4194 vero
819 4140 1027 4193 dicebat
1048 4158 1061 4193 :
1090 4139 1361 4209 Quousque
1383 4138 1679 4192 claudicatio
1700 4149 1910 4208 utroque
1930 4138 2121 4208 poplite

541 4240 702 4286 vestro
719 4232 794 4302 (5.
826 4232 950 4301 Reg.
973 4231 1059 4286 18.
1088 4231 1215 4301 2t)?
1239 4246 1335 4285 nec
1360 4232 1706 4286 irascebatur.
1735 4231 1963 4289 Pliinees
1990 4232 2117 4287 item

542 4322 819 4378 occidebat
848 4323 1034 4395 (Nunt.
1064 4323 1179 4393 ‘25),
1225 4334 1279 4378 et
1321 4339 1429 4377 non
1472 4324 1818 4380 irascebatur.
1863 4325 1942 4379 lra
1973 4324 2114 4379 enim

541 4432 649 4471 non
679 4417 807 4471 sinit
835 4417 1037 4482 videre,
1068 4417 1160 4471 sed
1192 4418 1438 4471 omnibus
1465 4419 1615 4487 quasi
1643 4419 1694 4471 in
1724 4426 1981 4473 nocturna
2013 4433 2113 4488 pu-

541 4524 641 4579 gna
673 4509 868 4581 ligatis,
901 4510 1082 4562 oculos
1111 4518 1164 4563 et
1192 4523 1349 4563 aures
1390 4509 1552 4563 trahit
1593 4524 1699 4579 quo
1740 4510 1991 4565 voluerit.
2032 4511 2114 4566 Ab

541 4601 642 4656 hoc
671 4588 800 4671 ergo
825 4601 1067 4655 daemone
1100 4601 1412 4665 liberemur;
1444 4600 1781 4670 incipientem
1802 4601 1949 4655 illum
1966 4616 2112 4656 com-

537 4708 846 4763 pescamus;
872 4694 1102 4763 sigillum
1126 4695 1323 4763 pectori
1353 4708 1679 4763 apponamus
1703 4695 1850 4764 quasi
1877 4694 2109 4750 frenum.

534 4786 695 4841 Canis
725 4787 1007 4857 impudens
1036 4797 1118 4841 est
1153 4788 1270 4841 ira:
1303 4787 1395 4841 sed
1422 4786 1593 4841 discat
1618 4786 1802 4841 audire
1834 4787 2025 4857 legem.
2053 4787 2107 4842 Si

534 4884 604 4936 sit
626 4882 774 4936 canis
803 4882 853 4936 in
881 4890 1127 4936 armento
1156 4882 1232 4934 ira
1278 4881 1447 4944 ferox,
1483 4890 1538 4933 ut
1568 4880 1798 4935 bubulco
1827 4880 2107 4948 imperanti

534 4991 637 5029 non
668 4984 871 5045 pareat,
892 4990 989 5030 nec
1017 4976 1133 5044 ejus
1157 4991 1339 5029 vocent
1365 4984 1637 5044 agnoscat,
1656 4975 1831 5028 omnia
1863 4984 2106 5044 pereunt.

531 5067 664 5121 Cum
696 5067 825 5136 ipsis
851 5069 1037 5121 ovibus
1067 5068 1329 5137 pascitur;
1378 5066 1469 5121 sed
1524 5066 1566 5120 si
1618 5067 1758 5135 ipsas
1796 5080 1925 5120 oves
1962 5065 2102 5127 edat,

533 5160 737 5214 inutilis
763 5170 846 5213 est
871 5170 924 5214 et
950 5159 1229 5213 occiditur.
1257 5159 1312 5215 Si
1334 5158 1579 5214 didicerit
1607 5166 1660 5213 te
1679 5156 1884 5220 audire,
1915 5157 1998 5211 ale
2019 5173 2105 5211 ra-

532 5265 690 5305 nem:
714 5250 859 5304 utilis
886 5259 969 5304 est
994 5260 1177 5304 contra
1205 5251 1379 5320 lupos,
1411 5260 1596 5305 contra
1628 5248 1885 5317 latrones,
1915 5258 2102 5303 contra

530 5342 703 5396 furum
732 5342 1023 5410 principem
1046 5342 1263 5404 latrans,
1292 5357 1395 5396 non
1422 5351 1609 5396 contra
1631 5356 1757 5396 oves
1780 5356 1955 5411 neque
1977 5357 2104 5395 con-

527 5446 606 5489 tra
637 5434 943 5490 familiares.
967 5434 1023 5490 Si
1054 5451 1158 5488 non
1191 5434 1389 5498 audiat,
1421 5436 1597 5489 omnia
1630 5433 1836 5503 perdit:
1879 5434 1922 5487 si
1968 5448 2099 5488 cono

525 5536 769 5583 temnere
796 5526 989 5592 discat,
1018 5526 1194 5579 omnia
1219 5525 1549 5594 pessumdet.
1596 5524 1945 5580 Mansuetudo
1972 5538 2101 5594 ergo

524 5624 577 5677 in
600 5631 653 5677 te
674 5637 777 5676 non
800 5628 1162 5686 consumatur,
1190 5618 1284 5673 sed
1305 5633 1421 5674 eam
1443 5619 1705 5673 custodiat
1725 5618 1800 5672 ira
1826 5626 1880 5672 et
1899 5616 2096 5684 foveat;

511 5716 789 5775 .custodiet
806 5724 1006 5778 autem,
1029 5724 1084 5767 et
1111 5713 1162 5766 in
1191 5710 1478 5767 securitate
1506 5709 1669 5764 multa
1696 5724 1915 5779 pascere
1933 5709 2095 5774 sinet,

524 5812 568 5863 si
599 5808 765 5863 malas
807 5821 1101 5878 pravasque
1128 5802 1479 5873 cogitationes
1502 5811 1800 5864 consumat,
1836 5801 1881 5855 si
1910 5799 2096 5854 diabo-

521 5899 631 5955 lum
661 5900 893 5970 undique
922 5907 1293 5970 persequatur.
1334 5897 1422 5953 Sic
1449 5894 1797 5950 mansuetudo
1834 5903 2095 5960 servatur,

1334 420 1389 474 S.
1436 418 1708 473 JOANNIS
1743 415 2203 471 Clllli'SOSTllMl
2246 412 2555 471 ARClllEP.
2598 414 3123 475 CONSTANTINOP.
3705 421 3786 477 Nl)

2264 542 2385 581 cum
2421 528 2549 582 nihil
2580 530 2776 585 malum
2803 530 2870 585 de
2896 533 3139 601 proximo
3158 533 3483 605 cogitamus:
3512 534 3587 591 sic
3610 550 3789 592 venera-

2264 617 2396 673 biles
2422 620 2706 688 efficimur,
2736 624 2947 691 quando
2983 625 3322 694 impudentcr
3345 639 3507 697 agere
3536 644 3633 683 non
3660 628 3791 684 disci-

2263 728 2399 769 mus.
2424 712 2565 768 Nihil
2596 718 2737 771 enim
2760 718 2832 772 ita
2857 719 3215 788 impudentem
3246 721 3423 776 reddit
3458 732 3515 776 ut
3544 723 3669 778 mala
3689 739 3793 778 con-

2259 807 2422 859 scient
2433 807 2501 861 ia.
2519 808 2626 863 Cur
2642 812 2950 867 meretrices
2967 812 3298 882 impudentes
3317 815 3474 870 sunt?
3488 830 3584 871 cur
3597 817 3793 887 viigincs

2262 898 2615 968 pudibundre?
2657 917 2834 958 nonne
2874 904 2976 959 illa:
3017 920 3046 959 a
3093 918 3329 975 peccato,
3377 908 3457 961 liae
3484 923 3515 961 a
3542 909 3794 964 castitate?

2258 993 2399 1047 Niltil
2428 995 2570 1050 enim
2604 997 2672 1050 ita
2701 998 3059 1067 impudentem
3089 1000 3287 1066 reddit,
3316 1011 3373 1054 ttt
3401 1010 3687 1069 peccatum.
3706 1001 3793 1055 lino

2256 1097 2462 1151 contra,
2497 1089 2723 1159 inquies,
2754 1090 2807 1153 in
2841 1091 3094 1159 pudorem
3123 1092 3309 1161 injicit.
3340 1094 3509 1148 Etiam
3534 1105 3671 1147 certe
3696 1108 3793 1148 sese

2256 1180 2628 1246 damnantem;
2652 1184 2815 1237 alium
2849 1198 2975 1239 vero
3002 1184 3444 1253 impudentioretn
3478 1183 3646 1240 reddit
3671 1195 3794 1254 petu-

2258 1273 2535 1329 lautiorem
2578 1296 2592 1332 :
2638 1290 2760 1331 nam
2786 1276 2873 1347 qui
2899 1276 2966 1331 de
2993 1291 3052 1333 se
3080 1278 3347 1348 deSperat,
3380 1278 3554 1332 audax
3578 1278 3791 1332 efﬁcitur.

2258 1363 2453 1436 Impius
2480 1367 2643 1432 enim,
2672 1368 2861 1438 inquit,
2908 1384 3021 1423 cum
3060 1370 3127 1426 in.
3158 1370 3466 1440 profundum
3511 1379 3793 1438 peccatorum

2254 1460 2457 1524 venerit,
2482 1462 2751 1515 contemnit
2771 1460 2954 1533 (Prov.
2981 1463 3066 1521 l8.
3096 1463 3172 1533 5).
3212 1462 3495 1533 [mpudens
3526 1479 3647 1519 vero
3670 1473 3795 1534 petu-

2254 1551 2369 1606 lans
2413 1553 2603 1618 fuerit;
2648 1554 2888 1623 petulans
2914 1564 3091 1611 autem
3117 1555 3286 1611 audax
3318 1567 3420 1611 est.
3456 1556 3549 1611 Vis
3592 1556 3793 1622 discere,

2251 1643 2588 1713 quandonam
2619 1647 2973 1701 mansuetudo
2996 1649 3375 1703 consumatur?
3401 1648 3530 1703 Cum
3562 1649 3703 1703 mala:
3721 1664 3796 1703 eo-

2250 1734 2530 1804 gitationes
2547 1737 2690 1791 illam
2709 1738 3037 1806 pertrahunt.
3059 1739 3162 1795 Sed
3182 1741 3388 1795 etiamsi
3409 1740 3509 1796 hoc
3532 1746 3795 1813 contingat,

2249 1825 2371 1895 quia
2404 1826 2637 1884 nondum
2681 1829 2828 1883 canis
2856 1839 2962 1885 stat
3002 1832 3222 1885 multum
3255 1832 3475 1897 latrans,
3528 1849 3693 1903 neque
3728 1834 3794 1888 sic

2250 1917 2635 1986 desperandum
2673 1932 2775 1974 est.
2811 1920 2907 1976 Est
2936 1923 3130 1991 quippe
3174 1923 3325 1976 nobis
3376 1922 3536 1977 funda
3588 1932 3640 1977 et
3684 1922 3798 1993 lapis

2249 2009 2421 2078 (scitis
2449 2010 2589 2081 quod
2610 2011 2776 2081 dico),
2807 2024 2888 2067 est
2909 2013 3060 2068 nobis
3084 2013 3257 2080 hasta,
3279 2015 3429 2068 caula
3453 2026 3505 2069 et
3528 2015 3796 2103 stabplum,

2250 2102 2301 2155 in
2331 2117 2437 2172 quo
2462 2104 2811 2173 cogitationes
2844 2106 3036 2160 ill:esas
3066 2120 3357 2160 servemus.
3392 2108 3444 2162 Si
3475 2108 3622 2161 canis
3642 2102 3803 2161 adole

2250 2203 2336 2247 tur
2360 2194 2568 2259 ovibus,
2599 2194 2845 2265 iuratque
2872 2205 2925 2250 et
2950 2197 3129 2266 vigilet
3166 2207 3350 2252 contra
3396 2208 3670 2260 externos;
3703 2197 3804 2252 hic

2248 2285 2414 2340 virtus
2440 2295 2524 2341 est
2542 2288 2721 2342 canis:
2748 2288 2867 2342 licet
2892 2290 3110 2352 esuriat,
3145 2305 3211 2342 ne
3239 2290 3481 2344 comedat
3506 2306 3663 2353 oves;
3697 2290 3805 2344 licet

2246 2388 2393 2434 satur
2416 2381 2506 2447 sit,
2534 2396 2603 2436 ne
2630 2391 2811 2451 parcat
2839 2381 2995 2451 lupis.
3030 2381 3173 2436 Talis
3203 2392 3257 2436 et
3284 2383 3358 2435 ira
3400 2383 3503 2438 sit:
3528 2383 3651 2437 licet
3676 2399 3805 2436 mor-

2244 2472 2453 2538 deatur,
2484 2489 2514 2527 a
2550 2474 2955 2529 mansuetudine
2997 2491 3062 2529 ne
3089 2474 3356 2538 discedat;
3392 2476 3515 2531 licet
3553 2476 3801 2544 quiescat,

2243 2570 2496 2624 adversus
2526 2569 2694 2623 malas
2721 2570 3069 2639 cogitationes
3095 2570 3385 2624 excitetur:
3409 2582 3473 2623 ac
3493 2569 3631 2638 quod
3662 2583 3804 2623 suum

2243 2670 2346 2723 est,
2381 2661 2500 2717 licet
2549 2672 2765 2731 pungat,
2811 2678 2877 2717 ne
2921 2662 3152 2727 deserat,
3197 2661 3293 2716 sed
3344 2672 3626 2731 agnoscat;
3674 2660 3806 2730 quod

2241 2764 2417 2807 autem
2447 2753 2675 2807 alienum
2717 2763 2819 2817 est,
2852 2753 2973 2809 licet
2999 2753 3268 2819 aduletur,
3300 2752 3628 2823 pessumdet.
3659 2751 3807 2819 Same

2240 2844 2483 2899 diabolus
2534 2846 2684 2915 quasi
2734 2846 2883 2899 canis
2932 2845 3210 2908 adulatur,
3265 2844 3359 2899 sed
3412 2844 3583 2899 sciant
3630 2857 3807 2897 omnes

2239 2936 2468 2990 alienum
2498 2951 2637 2992 esse.
2686 2936 2775 2992 Sic
2817 2946 2871 2992 et
2919 2951 3015 2991 nos
3063 2936 3264 2999 virtuti,
3312 2937 3412 2990 etsi
3462 2935 3687 2989 molesta
3721 2936 3801 2997 sit,

2237 3030 2543 3097 adulemur;
2591 3038 2644 3084 et
2689 3029 2967 3094 malitiam,
3020 3029 3121 3084 etsi
3177 3027 3428 3087 laitilicet,
3480 3043 3803 3081 aversemur.

2236 3120 2314 3176 Ne
2340 3123 2507 3175 simus
2532 3120 2753 3176 canibus
2783 3120 3100 3186 deteriores,
3148 3119 3235 3190 qui
3283 3117 3531 3188 llagellati
3582 3127 3641 3172 et
3686 3133 3807 3171 con-

2235 3212 2427 3279 stricti,
2468 3227 2571 3267 non
2599 3212 2882 3267 absistunt.
2912 3210 2968 3267 Si
3009 3212 3128 3266 illos
3154 3219 3331 3266 autem
3364 3220 3546 3278 pascat
3573 3209 3805 3271 alienus,

2234 3305 2503 3376 quomodo
2551 3321 2656 3361 non
2701 3309 2868 3377 magis
2898 3305 3200 3360 nocebunt?
3231 3306 3322 3359 Est
3348 3303 3635 3373 aliquando
3667 3305 3806 3357 utilis

2234 3398 2443 3464 ira,sed
2464 3413 2585 3453 cum
2607 3398 2764 3453 latrat
2785 3406 2971 3452 contra
3003 3397 3226 3451 alienos.
3255 3396 3387 3463 Quid
3413 3404 3493 3449 est
3518 3395 3674 3461 illud,
3712 3396 3806 3461 Qui

2231 3492 2461 3546 irascitur
2480 3492 2627 3563 fratri
2642 3507 2734 3546 suo
2752 3502 2929 3547 temere
2945 3489 3158 3560 (Matth.
3178 3489 3231 3546 5.
3249 3488 3376 3559 92)?
3394 3488 3446 3543 ld
3466 3498 3566 3551 est,
3588 3487 3668 3543 Ne
3686 3489 3810 3542 ulci-

2230 3600 2383 3640 scere
2404 3600 2501 3639 nec
2519 3584 2724 3638 vindica
2742 3584 2969 3653 teipsum
2989 3601 3002 3637 :
3021 3583 3063 3637 si
3085 3583 3244 3636 alium
3272 3590 3581 3651 pereuntem
3603 3580 3808 3642 videas,

2230 3678 2440 3748 porrige
2470 3692 2704 3732 manum.
2737 3677 2851 3731 Non
2886 3677 2990 3732 erit
3041 3677 3179 3729 ultra
3210 3676 3308 3739 ira,
3361 3690 3480 3730 cum
3511 3690 3541 3727 a
3594 3674 3811 3742 proprio

2229 3781 2374 3825 motu
2399 3779 2453 3825 et
2479 3769 2668 3825 ali‘ectu
2717 3769 2849 3827 liber
2890 3768 3017 3824 eris.
3057 3767 3416 3837 Apprehendit
3450 3764 3614 3819 David
3669 3766 3809 3818 Sail-

2228 3862 2329 3917 lem
2362 3862 2435 3933 (l.
2462 3861 2588 3933 Reg.
2616 3861 2702 3916 26.
2737 3861 2791 3931 7)
2818 3901 2832 3923 ,
2867 3874 2965 3915 nec
2995 3860 3069 3913 ira
3099 3867 3397 3913 commotus
3425 3866 3539 3922 est,
3573 3872 3680 3910 nec
3724 3872 3811 3909 ca-

2226 3965 2372 4027 ptum
2396 3954 2661 4009 inimicum
2682 3955 2827 4008 hasta
2844 3952 3109 4015 confodit;
3127 3951 3219 4006 sed
3240 3951 3383 4005 ultus
3403 3960 3479 4005 est
3506 3949 3808 4003 diabolum.

2225 4048 2435 4113 Moyses
2464 4063 2583 4102 cum
2611 4047 2839 4101 alienum
2874 4044 3155 4099 laedentem
3195 4043 3344 4106 vidit,
3372 4042 3567 4096 occidit
3595 4041 3807 4113 (Exod.

2222 4140 2276 4194 2.
2302 4139 2393 4207 l2)
2414 4156 2428 4203 ;
2453 4154 2573 4193 cum
2595 4151 2973 4208 congenerem,
3006 4151 3111 4191 non
3141 4136 3265 4189 item
3293 4150 3307 4199 ;
3340 4132 3431 4187 sed
3465 4135 3660 4188 fratres
3687 4135 3807 4203 qui-

2221 4231 2343 4287 dem
2371 4230 2749 4286 reconciliabat
2771 4271 2787 4295 ,
2818 4227 3022 4282 alienos
3050 4242 3178 4282 vero
3210 4226 3459 4296 pellebat.
3491 4225 3645 4279 Licet
3683 4240 3808 4279 eum

2222 4323 2561 4378 mitissimum
2608 4322 2772 4377 fuisse
2818 4320 3092 4390 Scriptura
3138 4318 3680 4390 testiﬁcetur(Num.
3718 4318 3805 4371 12.

2221 4417 2286 4487 3)
2319 4432 2335 4480 ;
2366 4424 2599 4469 attamen
2641 4413 2860 4482 pervigil
2886 4422 3022 4467 erat.
3063 4411 3171 4466 Nos
3200 4420 3376 4467 autem
3408 4427 3513 4465 non
3560 4412 3636 4465 ita
3671 4429 3685 4464 :
3712 4412 3809 4464 sed

2220 4509 2308 4563 ubi
2339 4506 2799 4562 mansuetudinem
2823 4504 3080 4560 exhibere
3101 4512 3350 4572 oportet,
3388 4501 3516 4558 feris
3545 4503 3807 4556 omnibus

2219 4599 2506 4655 ferociores
2533 4614 2752 4661 sumus;
2799 4597 2886 4651 ubi
2913 4606 3088 4651 autem
3116 4596 3336 4651 excitari
3368 4610 3465 4666 par
3486 4605 3641 4651 esset
3660 4638 3677 4661 ,
3710 4595 3812 4649 ad-

2217 4691 2432 4747 modum
2460 4692 2633 4762 ignavi
2655 4702 2708 4745 et
2735 4688 2930 4759 supini.
2958 4690 3088 4755 Quia
3117 4688 3277 4759 igitur
3302 4688 3387 4754 iis,
3417 4705 3535 4757 qua:
3559 4692 3612 4742 in
3646 4691 3809 4742 nobis

2215 4793 2376 4853 sunt,
2406 4800 2509 4840 non
2541 4794 2598 4839 ut
2633 4800 2726 4854 par
2750 4795 2892 4840 esset
2920 4784 3119 4837 utimur
3144 4824 3157 4847 ,
3188 4783 3308 4837 ideo
3334 4783 3384 4836 in
3428 4783 3664 4837 nihilum
3698 4786 3810 4836 vita

2214 4889 2396 4934 nostra
2422 4878 2773 4933 consumitur.
2802 4876 2874 4931 lta
2903 4884 2958 4930 et
2984 4876 3035 4929 in
3066 4875 3203 4929 vasis
3227 4874 3404 4929 evenit
3428 4891 3443 4927 :
3471 4875 3514 4927 si
3544 4875 3703 4927 aliud
3740 4876 3809 4925 ait

2212 4964 2376 5017 alium
2407 4978 2556 5017 usum
2588 4960 2935 5017 adhibeamus
2959 5000 2974 5024 ,
3005 4958 3181 5014 omnia
3217 4958 3508 5028 perdimus.
3540 4957 3813 5026 Exempli

2211 5056 2578 5126 causa,siquis
2599 5054 2830 5126 gladium
2852 5061 3043 5117 sumat,
3069 5066 3167 5108 nec
3193 5052 3339 5107 illum
3365 5051 3429 5106 ad
3450 5066 3612 5107 suum
3641 5068 3813 5107 usuin

2210 5149 2499 5213 adhibeat,
2535 5148 2627 5203 sed
2672 5163 2828 5201 manu
2861 5146 2914 5200 id
2956 5144 3130 5200 facere
3161 5155 3362 5209 tentet,
3393 5145 3522 5199 nihil
3550 5147 3816 5215 amplius

2208 5242 2365 5296 et'lieit
2397 5257 2411 5304 ;
2440 5241 2576 5294 sicut
2594 5248 2648 5295 et
2670 5240 2759 5308 qui
2784 5280 2798 5303 ,
2831 5236 2919 5292 ubi
2948 5252 3104 5291 manu
3133 5237 3241 5306 ipsa
3284 5238 3621 5307 operandnm
3662 5245 3764 5292 est
3798 5278 3817 5301 ,

2207 5333 2382 5402 gladio
2414 5334 2600 5396 utitur,
2631 5330 2811 5386 omnia
2842 5329 3046 5399 perdet.
3080 5328 3168 5383 Sic
3195 5337 3249 5382 et
3276 5328 3533 5388 medicos,
3568 5330 3670 5398 qui
3708 5330 3817 5381 ubi

2205 5440 2391 5481 secare
2417 5432 2627 5493 oportet
2650 5439 2755 5476 non
2786 5429 2969 5487 secat,
2998 5429 3054 5475 et
3083 5420 3169 5474 ubi
3203 5434 3306 5473 non
3338 5429 3547 5487 oportet
3592 5430 3767 5472 secat
3798 5457 3822 5482 ,

2206 5518 2382 5572 omnia
2410 5514 2737 5587 pessumdat.
2759 5512 3114 5581 Quamobrem
3156 5527 3284 5581 rogo
3306 5552 3321 5573 ,
3350 5526 3447 5565 nos
3474 5523 3823 5581 Opportune

2206 5610 2308 5665 hac
2336 5625 2393 5664 re
2425 5618 2653 5663 utamur.
2698 5605 2794 5661 Ira:
2837 5614 3045 5673 tempus
3090 5618 3194 5657 non
3223 5610 3343 5667 est,
3377 5600 3462 5655 ubi
3509 5616 3614 5656 nos
3646 5602 3826 5672 ipsos

2200 5717 2445 5773 iuvamus
2474 5715 2486 5759 :
2511 5701 2556 5755 si
2583 5714 2709 5755 vero
2728 5697 2861 5753 alios
2885 5697 3149 5767 corrigere
3169 5700 3431 5762 oporteat,
3458 5704 3587 5748 tunc
3618 5696 3828 5747 maxi-

2204 5812 2292 5851 me
2317 5797 2403 5850 illa
2426 5792 2681 5849 utendum
2710 5800 2791 5847 est
2815 5832 2830 5856 ,
2870 5798 2928 5845 ut
2954 5789 3087 5844 alios
3128 5800 3398 5842 eruamus.
3450 5787 3520 5842 fta
3566 5797 3635 5844 et
3682 5787 3830 5842 Deo

2206 5888 2434 5958 aequales
2456 5888 2657 5941 erimus
2682 5924 2697 5951 ,
2743 5884 2786 5939 si
2831 5896 2931 5939 nos
2974 5884 3041 5937 ab
3069 5880 3145 5937 ira
3170 5894 3384 5951 semper
3412 5889 3671 5935 tueamur
3697 5918 3724 5940 .
3759 5890 3833 5935 et
