4076 6354
487 408 582 467 ιιι

484 525 788 581 μελλόντων
821 524 1213 597 ἐπιτευεομεθα
1238 526 1476 595 ἀγαθῶν,
1507 526 1687 597 χάριτι
1708 527 1800 580 καὶ
1828 525 2132 599 φιλανθρω-

481 615 586 687 πίᾳ
608 614 701 668 τοῦ
728 614 933 686 Κυρίου
966 614 1122 685 ἡμῶν
1149 614 1319 683 Ἰησοῦ
1352 615 1607 685 Χριστοῦ,
1643 614 1760 684 μεθ’
1778 610 1839 669 οὗ
1858 614 1935 685 τῷ
1958 614 2132 685 Πατρὶ

1254 408 1312 466 S.
1349 408 1634 467 JOANNIS
1668 406 2151 466 CIIRYSOSTOMI
2176 405 2494 466 ARCHIEP.
2517 409 3059 469 CONSTANTINOP.

3779 415 3883 472 112

2237 526 2353 597 ἅμα
2378 526 2457 598 τῷ
2494 527 2633 599 ἁγίῳ
2684 530 2983 599 Πνεύματι,
3016 527 3163 595 δόξα.
3190 529 3409 601 κράτος,
3433 527 3585 599 τιμὴ,
3642 527 3738 583 νῦν
3790 532 3888 585 καὶ

2236 614 2346 681 ἀεὶ,
2376 617 2472 669 καὶ
2497 619 2575 680 εἰς
2602 618 2727 680 τοὺς
2759 618 2957 681 αἰῶνας
2992 619 3100 670 τῶν
3124 618 3353 671 αἰώνων.
3395 618 3585 689 ’Ᾱμήν.

1931 805 2082 881 [ιισ]
2131 807 2370 861 omnm
2410 809 2514 863 IH'.

568 907 904 970 Ἀκούοντες
934 902 1000 957 δὲ
1023 903 1227 968 ταῦτα,
1266 903 1599 972 διεπρίοντο
1626 902 1754 967 ταῖς
1796 902 2064 970 καρδίαις

618 977 834 1034 αὐτῶν.
862 976 957 1028 καὶ
981 976 1233 1042 ἔϐρυχον
1256 973 1395 1040 τοὺς
1417 973 1665 1038 ὀδόντας
1685 974 1775 1027 ἐπ’
1791 975 1991 1027 αὐτόν.

550 1070 620 1116 α’.
661 1063 786 1126 Πῶς
836 1063 934 1114 οὐκ
985 1060 1175 1114 ἔλαϐον
1206 1062 1271 1114 ἐκ
1302 1062 1410 1114 τῶν
1448 1062 1747 1130 εἰρημένων
1779 1058 2027 1129 ἀφορμὴν
2055 1060 2133 1122 εἰς

479 1151 542 1205 τὸ
563 1150 768 1204 ἀνελεῖν
795 1162 819 1190 α
844 1149 1024 1212 αὑτὸν,
1065 1149 1180 1202 ἀλλ’
1209 1147 1289 1200 ἔτι
1317 1148 1593 1218 μαίνονται
1640 1148 1733 1201 καὶ
1767 1146 2017 1217 ζητοῦσιν
2050 1146 2132 1199 αἰ-

477 1239 619 1305 τίαν,
662 1238 940 1308 Θαυμάσαι
990 1237 1156 1302 ἀξιον.
1209 1237 1393 1300 Οὕτως
1436 1237 1519 1290 ἀεὶ
1556 1238 1615 1289 ἐν
1669 1240 1856 1298 κακοῖς
1900 1238 2034 1288 εἰσιν
2083 1236 2131 1288 οἰ

477 1328 805 1388 ἀδικοῦντες.
835 1327 1102 1398 Καθάπερ
1136 1322 1230 1381 οὖν
1258 1327 1307 1380 οί
1339 1328 1615 1398 ἀρχιερεῖς
1661 1326 1988 1397 ἀποροῦντες
2018 1327 2132 1378 ἐλε-

477 1433 594 1485 γον·
633 1417 696 1470 Τί
728 1416 1060 1482 ποιήσομεν
1088 1415 1211 1482 τοῖς
1244 1415 1572 1483 ἀνθρώποις
1601 1416 1868 1479 τούτοις;
1898 1414 2038 1467 οὕτω
2068 1413 2131 1484 δὴ

477 1505 574 1560 καὶ
621 1498 767 1557 οὗτοι
813 1503 1169 1574 διαπρίονται.
1202 1503 1311 1557 Καὶ
1356 1503 1461 1573 μὴν
1486 1503 1515 1554 6
1543 1502 1858 1572 θυμωθῆναι
1902 1502 2130 1572 ὀφείλων

477 1595 685 1655 ἐκεῖνος
712 1588 801 1663 ἦν,
832 1594 860 1645 6
892 1591 1054 1661 μηδὲν
1107 1591 1205 1662 μὲν
1254 1590 1542 1661 ἀδικήσας,
1581 1591 1651 1643 τά
1699 1590 1755 1644 δὲ
1803 1591 1909 1641 τῶν
1944 1590 2131 1659 ἠδικη-

478 1682 651 1736 κότων
682 1679 871 1733 παθὼν
895 1678 989 1732 καὶ
1018 1676 1533 1747 συκοφαντούμενος.
1573 1676 1709 1730 Ἀλλ’
1731 1679 1779 1731 οἰ
1801 1677 2128 1745 συκοφάνται

482 1770 681 1840 μᾶλλον
704 1767 1015 1837 ἐλέγχονται
1045 1767 1141 1819 καὶ
1168 1764 1360 1837 ταύτῃ·
1402 1766 1572 1828 οὕτως
1604 1765 1819 1835 ἀληθὲς,
1876 1767 2011 1835 ὅπερ
2044 1764 2131 1817 ἀεὶ

477 1858 680 1927 ελεγον,
727 1858 811 1910 δτι
849 1855 923 1908 Τὸ
970 1858 1145 1908 ποιεῖν
1177 1855 1381 1919 κακῶς,
1436 1855 1594 1907 τοῦτό
1623 1857 1736 1907 ἐστι
1789 1854 1850 1906 τὸ
1905 1858 2130 1921 πάσχειν

478 1945 685 2009 κακῶς.
716 1943 907 1997 Καίτοι
929 1943 1089 2006 αὐτὸς
1111 1942 1262 1996 οὐδὲν
1290 1944 1750 2012 ἐσυκοφάντησεν,
1780 1941 1894 1994 ἀλλ’
1922 1941 2131 1994 ἀπέδει-

480 2034 588 2099 ξεν.
620 2031 824 2095 Οὕτως,
874 2032 1001 2084 ὃταν
1032 2029 1380 2101 ὑϐριζώμεθα
1439 2033 1495 2081 ὲν
1527 2024 1608 2093 οἷς
1636 2030 1696 2082 οὐ
1728 2030 2042 2099 συνοίδαμεν
2077 2029 2129 2093 1³,

477 2121 628 2175 οὐδὲν
658 2120 956 2190 πάσχομεν.
1008 2118 1316 2172 Ἐϐούλοντο
1358 2118 1455 2189 μὲν
1505 2114 1597 2171 οὖν
1625 2117 1853 2171 ἀνελεῖν·
1913 2117 2025 2170 ἀλλ’
2067 2117 2127 2170 οὐ

478 2209 689 2263 ποιοῦσι
711 2208 887 2271 τοῦτο,
949 2206 1124 2259 αἰτίαν
1149 2205 1389 2268 θέλοντες
1435 2204 1652 2274 εὔλογον
1708 2205 2009 2277 περιθεῖναι
2054 2203 2131 2275 τῷ

475 2296 799 2367 τολμήματι.
834 2294 899 2349 Τί
928 2290 1054 2357 οῦνς
1104 2295 1138 2364 ἡ
1185 2293 1340 2365 ὕϐρις
1372 2295 1470 2347 οὐκ
1510 2291 1577 2365 ἦν
1609 2294 1861 2363 εὖλογος;
1900 2294 2015 2348 Οὐκ
2064 2290 2131 2365 ἦν

476 2383 640 2438 αὑτοῦ
672 2387 704 2454 ὴ
739 2383 914 2453 ὕϐρις,
946 2382 1081 2435 ἀλλά
1104 2380 1198 2434 τοῦ
1234 2386 1511 2452 προφήτου
1562 2383 1882 2454 κατηγορία·
1921 2383 1953 2454 ἢ
1981 2382 2133 2436 ἐκόν-

472 2490 565 2538 τες
592 2474 686 2527 καὶ
710 2471 1082 2537 ἀνεϐάλλοντο,
1141 2469 1282 2523 ὥστε
1314 2472 1387 2540 μὴ
1420 2471 1564 2535 δόξαι
1593 2471 1679 2524 διά
1707 2471 1775 2525 τὰ
1826 2471 1906 2534 εἰς
1936 2471 2132 2533 αὐτοὺς

472 2563 634 2615 αὐτὸν
664 2560 893 2619 ἀνελεῖν,
950 2558 1139 2627 ὥσπερ
1192 2553 1284 2611 οὖν
1318 2559 1410 2610 καὶ
1448 2559 1538 2610 τὸν
1593 2560 1847 2628 Χριστὸν,
1878 2557 2015 2611 ἀλλὰ
2063 2559 2130 2610 δι’

473 2649 746 2704 ἀσέϐειαν.
780 2647 948 2700 Τοῦτο
974 2646 1031 2698 δὲ
1061 2645 1341 2708 εὐσεϐείας
1363 2641 1430 2714 ἦν
1461 2644 1521 2697 τὸ
1560 2645 1728 2716 ῥῆμα.
1758 2645 1847 2696 Διὸ
1876 2645 2011 2714 μετά
2037 2645 2130 2698 τοῦ

472 2738 681 2792 ἀνελεῖν
750 2732 1159 2803 ἐπιχειροῦντες
1212 2732 1305 2784 καὶ
1332 2732 1429 2802 τὴν
1484 2731 1641 2797 δόξαν
1693 2731 1858 2785 αὑτοῦ
1909 2731 2127 2801 βλάψαι,

472 2823 828 2891 διεπρίοντο.
873 2818 1194 2887 Ἐφοϐοῦντο
1242 2818 1370 2889 γὰρ,
1407 2818 1481 2889 μὴ
1512 2818 1669 2871 πάλιν
1698 2818 1884 2872 καινόν
1913 2836 1967 2871 τι
2002 2819 2131 2891 περὶ

473 2910 637 2965 αὑτὸν
658 2908 785 2962 ἄλλο
811 2908 1056 2977 γένηται.
1084 2903 1239 2968 Εἶτα,
1261 2906 1396 2975 ὅπερ
1418 2907 1511 2959 ἐπὶ
1525 2905 1620 2958 τοῦ
1644 2905 1874 2977 Χριστοῦ
1896 2907 2129 2971 ποιοῦσι,

471 2998 630 3052 τοῦτο
658 2998 753 3050 καὶ
781 2997 873 3049 ἐπὶ
900 2993 994 3047 τοῦ
1028 2994 1323 3061 Στεφάνου·
1362 2994 1456 3047 καὶ
1490 2994 1737 3066 καθάπερ
1784 2996 1919 3067 ἐκεῖ.
1944 2996 2129 3067 ἐπειδὴ

472 3080 645 3151 εἶπεν,
671 3086 925 3152 Ὀψεσθε
954 3082 1023 3135 ἐκ
1049 3080 1261 3145 δεξιῶν
1289 3079 1394 3147 τῆς
1413 3080 1716 3151 δυνάμεως
1734 3083 1839 3135 τὸν
1859 3066 2000 3135 ⁸Υίὸν
2025 3066 2130 3137 τοῦ

471 3173 785 3243 ἀνθρώπου
813 3169 1175 3239 καθήμενον,
1211 3168 1558 3239 βλασφημίαν
1578 3169 1638 3223 τὸ
1690 3171 1923 3239 πρᾶγμα
1946 3169 2131 3237 ἔλεγον

472 3263 567 3315 καὶ
601 3260 881 3331 μάρτυρας
910 3258 1036 3321 τοὺς
1062 3256 1249 3327 ὄχλους
1280 3256 1514 3309 ἐποίουν·
1568 3255 1708 3310 οῦτω
1731 3257 1793 3327 δὴ
1824 3258 1917 3309 καὶ
1938 3255 2130 3310 ἐνταῦ-

472 3351 562 3404 θα.
605 3348 752 3401 Ἐκεῖ
779 3345 1070 3418 διέρρηξαν
1100 3346 1167 3397 τὰ
1201 3343 1412 3414 ἰμάτια·
1449 3337 1551 3397 ὧδε
1601 3343 1669 3397 τά
1693 3338 1808 3397 ὦτα
1849 3344 2127 3414 συνέσχον.

482 3436 795 3504 ’Υπάρχων
834 3433 901 3487 δὲ
957 3431 1194 3500 πλήρης
1223 3432 1565 3500 Πνεύματος
1612 3432 1814 3501 ἁγίου,
1852 3432 2135 3495 ἀτενίσας

470 3527 556 3589 εις
609 3524 718 3575 τὸν
776 3520 1053 3587 οὐρανὸν,
1112 3515 1233 3573 εἶδε
1288 3520 1475 3583 δόξαν
1530 3519 1699 3582 Θεοῦ,
1756 3518 1855 3571 καί
1902 3518 2137 3585 Ἰησοῦν

475 3607 706 3661 ἑστῶτα
732 3608 799 3660 ἐκ
828 3605 1042 3669 δεξιῶν
1069 3606 1175 3660 τοῦ
1208 3605 1376 3671 Θεοῦ,
1404 3606 1502 3659 καὶ
1532 3602 1717 3660 εἶπεν·
1757 3605 1902 3659 Ἰδοὺ
1944 3604 2136 3673 θεωρῶ

470 3693 613 3759 τοὺς
631 3693 922 3761 οὐρανοὺς
949 3694 1379 3761 ἀνεῳγμένους,
1419 3694 1516 3747 καὶ
1547 3696 1655 3747 τὸν
1708 3695 1841 3748 Υίὸν
1875 3695 1980 3748 τοῦ
2031 3696 2136 3749 dr-

470 3782 705 3848 θρώπου
752 3781 819 3834 ἐκ
866 3779 1079 3844 δεξιῶν
1122 3779 1352 3833 ἑστῶτα
1413 3781 1519 3835 τοῦ
1576 3782 1743 3836 Θεοῦ.
1794 3782 2135 3849 Κράξαντες

469 3870 539 3922 δέ
584 3866 754 3938 φωνῇ
774 3868 1029 3937 μεγάλῃ,
1083 3868 1394 3936 συνέσχον
1449 3868 1521 3921 τὰ
1577 3864 1696 3923 ὦτα
1748 3869 1980 3932 αὐτῶν,
2034 3870 2131 3923 καὶ

468 3957 754 4026 ὥρμησαν
803 3955 1180 4025 ὁμοθυμαδὸν
1235 3956 1328 4007 ἐπ’
1376 3958 1583 4010 αὐτόν.
1622 3957 1731 4010 Καί
1776 3958 2133 4023 ἐκϐαλόντες

468 4047 586 4109 ἔξω
610 4043 719 4112 τῆς
745 4044 993 4109 πόλεως,
1030 4044 1436 4098 ἐλιθοϐόλουν.
1470 4045 1579 4099 Καὶ
1604 4046 1707 4116 μὴν
1758 4047 1806 4098 εἰ
1854 4046 2128 4115 ἐψεύδετο,

470 4133 547 4195 ώς
572 4132 895 4202 μαινόμενον
928 4130 1034 4182 ἔδει
1057 4131 1294 4199 ἀφεῖναι.
1337 4131 1395 4185 '0
1424 4132 1480 4185 δέ
1511 4132 1680 4197 οὕτως
1709 4129 1847 4194 εἷπε,
1871 4133 2130 4203 βουλόμε-

472 4237 560 4283 νος
596 4219 794 4281 αὐτοὺς
836 4217 1224 4285 ἐπαγαγέσθαι.
1278 4220 1389 4273 Καὶ
1415 4219 1604 4290 ἐπειδὴ
1650 4218 1819 4273 εἰπὼν
1850 4222 1978 4292 περὶ
2036 4221 2127 4274 τοῦ

472 4304 703 4359 θανάτου
747 4304 925 4373 μόνον,
968 4304 1097 4374 περὶ
1127 4304 1471 4368 ἀναστάσεως
1514 4306 1664 4359 οὐδὲν
1715 4306 1982 4378 διελέχθη,
2036 4308 2129 4360 καὶ

470 4389 628 4445 τοῦτο
654 4390 839 4443 λοιπὸν
868 4391 1135 4460 εὐκαίρως
1182 4391 1501 4464 προστίθησι
1548 4393 1610 4446 τὸ
1642 4394 1835 4464 δόγμα.
1866 4392 2024 4447 Οὕτω
2072 4393 2128 4448 δέ

471 4478 621 4548 αὐτῷ
648 4477 793 4545 λέγει
826 4477 1080 4547 φανῆναι,
1113 4478 1187 4541 ῶς
1250 4496 1352 4532 που
1400 4479 1669 4545 διέξεισιν,
1707 4481 1793 4533 ἵνα
1840 4481 1943 4534 κᾶν
1986 4480 2128 4535 οὕτω

471 4566 728 4630 δέξωνται
757 4566 846 4617 τὸν
869 4565 1046 4632 λόγον,
1079 4566 1159 4629 ὃς,
1199 4568 1319 4619 ἐπεὶ
1352 4568 1413 4620 τὸ
1440 4570 1613 4621 εἰπεῖν
1638 4568 1908 4638 καθῆσθαι
1938 4586 2127 4641 φορτι-

474 4654 568 4707 κὸν
604 4652 784 4716 αὐτοῖς
806 4648 893 4723 ἦν,
924 4652 1057 4714 τέως
1082 4653 1171 4705 τὸν
1222 4655 1346 4723 περὶ
1375 4654 1475 4724 τῆς
1506 4654 1848 4719 ἀναστάσεως
1881 4659 2020 4708 κινεῖ
2041 4656 2127 4709 λό-

470 4757 587 4809 γον,
617 4740 710 4793 καί
738 4757 900 4811 φησιν
938 4740 1098 4793 αὑτὸν
1149 4741 1418 4794 ἵστασθαι.
1456 4742 1586 4795 Ἀπὸ
1632 4742 1822 4795 τούτου
1870 4743 2125 4813 στοχάζο-

473 4846 569 4899 μαι
604 4829 699 4882 καὶ
729 4829 789 4881 τὸ
828 4828 1115 4899 πρόσωπον
1147 4829 1311 4882 αὑτοῦ
1343 4829 1674 4894 δεδοξάσθαι.
1721 4832 1778 4884 '0
1808 4833 1914 4902 γάρ
1944 4844 1965 4872 ε
1998 4833 2128 4895 Θεὸς

472 4915 848 4987 φιλάνθρωπος
879 4915 975 4981 ὣν,
1004 4916 1068 4969 δι’
1089 4910 1163 4969 ὧν
1194 4916 1607 4971 ἐπεϐουλεύοντο
1637 4917 1784 4990 [144]
1819 4922 2033 4977 ἐκεῖνοι.
2064 4920 2130 4973 δι’

472 5005 651 5058 αὐτῶν
700 5005 948 5059 ἐϐούλετο
996 5007 1192 5067 αὐτοὺς
1244 5004 1658 5067 ἐκκαλέσασθαι,
1708 5009 1755 5059 εἰ
1810 5008 1902 5060 καὶ
1967 5010 2129 5079 μηδὲν

473 5090 634 5147 πλέον
665 5090 901 5157 ἐγένετο,
936 5092 1040 5145 Kal
1062 5090 1420 5158 ἐκϐαλόντες
1452 5093 1567 5156 ἔξω
1595 5092 1705 5160 τῆς
1733 5096 1981 5161 πόλεως,
2006 5096 2128 5149 ἐλι-

473 5178 785 5233 θοϐόλουν.
839 5178 1006 5230 Πάλιν
1064 5178 1170 5242 ἐξω
1220 5181 1318 5248 τῆς
1356 5183 1563 5244 πόλεως
1593 5185 1621 5235 6
1655 5183 1900 5246 θάνατος,
1942 5183 2128 5257 ῶσπερ

473 5262 565 5312 ἐπὶ
600 5259 695 5312 τοῦ
730 5261 987 5331 Χριστοῦ,
1040 5265 1132 5315 καὶ
1179 5264 1236 5316 ἐν
1269 5266 1416 5334 αὐτῴ
1454 5267 1532 5336 τῷ
1560 5267 1772 5337 θανάτῳ
1807 5270 1838 5338 ή
1874 5269 2128 5337 ὁμολογία

475 5349 569 5401 καὶ
631 5348 691 5400 τὸ
748 5349 1008 5419 κήρυγμα
1061 5350 1527 5422 διαγγελλόμενον.
1580 5357 1689 5410 Καὶ
1740 5360 1793 5409 οἱ
1837 5358 2125 5425 μάρτυρες

473 5436 761 5491 ἀπέθεντο
790 5436 863 5489 τὰ
891 5438 1086 5505 Ιμάτια
1106 5438 1305 5493 αὐτῶν
1330 5441 1487 5508 παρὰ
1513 5444 1651 5509 τοὺς
1671 5445 1859 5509 πόδας
1890 5447 2129 5499 νεανίου

473 5522 845 5593 καλουμένου
866 5526 1125 5591 Σαύλου,
1152 5528 1247 5580 καὶ
1273 5527 1663 5582 ἐλιθοϐόλουν
1693 5530 1800 5583 τὸν
1823 5531 2131 5600 Στέφανον

535 5697 563 5768 ἒ
597 5695 737 5768 υιιηε
764 5704 831 5768 ,εἰς
867 5699 921 5747 τὸ
962 5701 1025 5761 μή
1064 5701 1278 5768 ἀνελεῖν.-
1303 5702 1350 5768 _b
1386 5702 1480 5768 Hic
1528 5710 1784 5765 perpetuae
1820 5715 1937 5755 sunt
1972 5708 2130 5756 varie-

476 5761 606 5827 tates
648 5761 697 5827 i_n
736 5763 831 5809 mu
859 5775 1065 5827 meum,
1092 5766 1139 5810 in
1164 5764 1342 5827 rverbis
1364 5766 1510 5827 etiam
1532 5761 1682 5827 'ipsis.
1707 5770 1771 5816 At
1807 5782 1981 5815 sensus
2004 5784 2131 5818 unus

475 5826 570 5876 est,
592 5822 676 5889 se_d
701 5834 831 5889 saepe
855 5824 1205 5889 intricaliurjn
1222 5822 1589 5889 #manuscriptis'.
1622 5888 1625 5889 ν
1657 5832 1679 5858 ο
1706 5830 1876 5889 Λόγον.
1910 5832 1998 5878 Διὰ
2019 5832 2130 5879 τοῦ·

474 5882 659 5953 τονκαί
698 5882 1244 5953 τόςπρόσωπονλαὺτοῦ
1290 5882 1563 5953 δεδόξαστο.
1606 5888 1674 5953 7⁸0
1719 5882 1827 5953 γάρ.
1874 5894 1945 5940 sic
1984 5908 2125 5942 unus.

474 5941 795 6055 Lyra?»
833 5941 953 5996 em
994 5941 1491 6001 inclusimus.Absilnt
1536 5952 1667 6000 enim
1691 5941 1751 6001 al)
1787 5941 1885 6001 ὶιόο
1928 5955 2034 6004 cod.
2078 5962 2130 6005 et

2232 900 2705 973 ἐπικαλούμενον
2735 903 2849 977 [τὸν
2873 905 3004 959 Θεὸν
3036 904 3063 943 ἀ
3084 902 3105 977 ]
3127 946 3141 969 ,
3174 906 3267 959 καὶ
3286 905 3532 975 λέγοντα·
3564 910 3738 978 Κύριε
3775 912 3894 970 ’1η-

2232 990 2348 1043 σοῦ
2376 991 2609 1060 Χριστέ,
2649 993 2813 1058 δέξαι
2851 993 2917 1047 τὸ
2955 993 3187 1063 πνεῦμά
3210 1013 3348 1064 μου.
3385 997 3726 1061 Δεικνύοντος
3749 1002 3892 1069 ὁμοῦ

2232 1078 2386 1132 τοῦτο
2417 1082 2508 1133 καὶ
2543 1081 2883 1144 διδάσκοντος
2905 1082 3103 1144 αὐτούς
3129 1085 3294 1144 ἐστιν,
3324 1084 3403 1135 δτι
3433 1085 3530 1137 οὐκ
3558 1087 3887 1141 ἀπόλλυται.

2230 1166 2339 1220 Kal
2374 1168 2498 1235 θεὶς
2540 1170 2611 1224 τὰ
2661 1170 2901 1238 γόνατα,
2928 1170 3145 1238 ἕκραξε
3192 1169 3362 1238 φωνῇ
3396 1172 3647 1241 μεγάλῃ·
3684 1176 3888 1242 Κύριε,

2230 1252 2312 1322 μὴ
2347 1254 2582 1323 στήσῃς
2625 1255 2827 1323 αὐτοῖς
2881 1256 2995 1323 τὴν
3042 1258 3330 1325 ἁμαρτίαν
3385 1260 3628 1325 ταύτην.
3676 1260 3893 1333 Ὥσπερ

2230 1339 2680 1412 ἀπολογούμενος,
2730 1343 2812 1395 ὅτι
2840 1343 2959 1395 ούδέ
2982 1342 3051 1396 τά
3078 1346 3318 1414 πρότερα
3374 1344 3546 1414 θυμοῦ
3576 1342 3664 1415 ἦν,
3728 1349 3890 1417 φησί·

2234 1428 2428 1496 Κύριε·
2464 1428 2614 1499 ἢκαί
2642 1429 2965 1500 βουλόμενος
3002 1431 3195 1493 αὐτοὺς
3224 1432 3397 1502 ταύτῃ
3451 1434 3889 1491 ἐπισπάσασθαι.

2232 1512 2304 1566 Τὸ
2328 1515 2436 1587 γὰρ
2466 1518 2682 1585 ἀφεῖναι
2704 1518 2804 1587 μὲν
2828 1517 2916 1571 τὸν
2943 1517 3112 1588 θυμὸν
3135 1520 3228 1571 καὶ
3266 1518 3363 1590 τὴν
3386 1520 3554 1590 ὀργὴν
3586 1522 3664 1591 τῷ
3718 1522 3892 1594 φόνῳ,

2230 1602 2477 1672 καθαράν
2524 1604 2684 1669 δεῖξαι
2717 1606 2773 1659 δέ
2801 1605 2901 1677 τὴν
2924 1606 3099 1676 ψυχὴν
3132 1618 3155 1645 θ
3190 1605 3283 1658 τοῦ
3318 1607 3542 1671 πάθους,
3581 1610 3895 1680 εὐπαράδε-

2230 1707 2357 1743 κτον
2390 1692 2564 1744 ἐποίει
2594 1693 2880 1762 τὸνλόγον.
2922 1692 3153 1759 Σαῦλος
3179 1693 3248 1746 δὲ
3273 1691 3339 1764 ἦν
3403 1696 3789 1751 συνευδοκῶν
3816 1697 3896 1767 τῇ

2229 1780 2531 1848 ἀναιρέσει
2581 1782 2786 1835 αὑτοῦ.
2833 1783 3087 1851 Ἐγίνετο
3135 1782 3203 1835 δὲ
3230 1784 3299 1836 ἐν
3351 1784 3552 1851 ἐκείνῃ
3576 1784 3649 1851 τῇ
3700 1785 3897 1854 ἡμέρᾳ

2229 1867 2481 1936 διωγμὸς
2508 1869 2686 1939 μέγας
2732 1870 2830 1922 ἐπὶ
2858 1870 2973 1938 τὴν
3006 1871 3375 1938 Ἐκκλησίαν
3396 1871 3510 1939 τὴν
3536 1873 3605 1925 ἐν
3637 1874 3897 1940 Ἰεροσο-

2229 1956 2462 2024 λύμοις.
2501 1958 2611 2028 Οὐχ
2630 1958 2816 2021 ἁπλῶς
2843 1953 2999 2023 οὗτος
3024 1960 3053 2012 6
3079 1959 3337 2030 διωγμὸς,
3374 1960 3487 2013 ἀλλ’
3526 1962 3894 2031 οἰκονομικῶς

2230 2044 2379 2097 δοκεῖ
2429 2064 2516 2117 μοι
2551 2049 2840 2119 συμϐῆναι.
2872 2050 2979 2104 Kal
3011 2049 3233 2116 πάντες
3273 2050 3690 2118 διεσπάρησαν
3738 2054 3895 2108 κατὰ

2230 2130 2345 2199 τὴν
2368 2132 2564 2201 χώραν
2588 2134 2697 2203 τῆς
2742 2135 3038 2203 Ἰουδαίας
3063 2138 3158 2191 καί
3192 2139 3540 2207 Σαμαρείας,
3577 2137 3742 2205 πλὴν
3768 2138 3897 2191 τῶν

2229 2222 2605 2276 ἀποστόλων.
2645 2224 2826 2295 ὐρᾷς,
2855 2224 2972 2288 πῶς
3005 2224 3164 2279 πάλιν
3193 2226 3529 2295 πειρασμοὺς
3560 2229 3840 2296 συγχωρεῖ
3862 2227 3894 2279 6

2229 2308 2359 2372 Θεὸς
2386 2310 2664 2378 γίνεσθαι;
2710 2312 2848 2365 Ἀλλ’
2878 2312 2949 2366 ἴδε
2977 2330 3065 2383 μοι
3096 2312 3363 2376 ἐντεῦθεν,
3392 2314 3483 2367 καὶ
3508 2315 3654 2377 ὅπως
3678 2317 3894 2368 οἰκονο-

2232 2397 2411 2465 μεῖται
2444 2396 2511 2450 τά
2545 2399 2863 2468 πράγματα.
2911 2398 3363 2469 Ἐθαυμάσθησαν
3407 2398 3495 2451 διά
3545 2400 3613 2451 τά
3662 2403 3890 2469 σημεῖα,

2233 2482 2618 2553 μαστιχθέντες
2640 2486 2791 2538 οὐδὲν
2821 2486 3042 2550 ἔπαθον,
3066 2487 3407 2557 κατέστησαν
3427 2486 3640 2540 ἐπὶτῶν
3668 2489 3893 2554 χωρῶν,

2228 2568 2419 2638 ηὔξετο
2442 2573 2471 2623 6
2501 2572 2676 2641 λόγος·
2707 2573 2891 2627 λοιπὸν
2920 2579 3190 2645 συγχωρεί
3216 2575 3233 2613 τ
3263 2575 3489 2640 κώλυμα
3518 2578 3768 2645 γενέσθαι
3791 2580 3893 2645 μέ-

2229 2673 2319 2723 γα.
2347 2658 2458 2711 Kal
2486 2659 2694 2727 γίνεται
2726 2660 2962 2731 διωγμὸς
3005 2663 3103 2732 οὐχ
3142 2664 3169 2716 6
3209 2662 3406 2733 τυχὼν,
3439 2662 3578 2716 ῶστε
3627 2663 3763 2733 ὁμοῦ
3796 2665 3895 2718 καὶ

2228 2745 2451 2807 τούτους
2510 2749 2702 2815 φυγεῖν
2741 2748 3052 2817 (ἐφοϐοῦντο
3105 2748 3215 2820 γάρ
3272 2749 3638 2820 θρασυτέρους
3688 2752 3893 2813 αὐτοὺς

2230 2834 2596 2903 γενομένους),
2646 2836 2743 2887 καὶ
2773 2838 2908 2888 πᾶσι
2964 2836 3120 2907 δῆλον
3158 2838 3416 2906 ὑπάρξαι,
3473 2840 3554 2891 ὃτι
3608 2839 3893 2909 ἂνθρωποι

2228 2916 2367 2991 ἦσαν
2403 2923 2449 2973 οἰ
2472 2922 2793 2992 φοϐούμενοι
2827 2924 2921 2976 καὶ
2954 2926 3266 2993 φεύγοντες.
3301 2926 3418 2979 Ἵνα
3442 2926 3550 2997 γάρ
3582 2926 3655 2997 μὴ
3685 2928 3751 2979 σὺ
3791 2944 3896 2997 με·

2228 3010 2297 3062 τά
2355 3010 2528 3063 ταῦτα
2580 3010 2766 3083 λέγῃς,
2814 3012 2896 3064 ὅτι
2948 3013 3128 3083 χάριτι
3174 3014 3332 3082 μόνον
3381 3014 3720 3085 κατώρθουν,
3781 3016 3894 3069 κᾶν

2230 3093 2531 3147 ἐδιώκοντο·
2592 3096 2684 3147 καὶ
2714 3095 2866 3149 αύτοί
2901 3095 3189 3169 δειλότεροι
3241 3100 3514 3165 γεγόνασι,
3546 3101 3635 3152 καῖ
3689 3102 3894 3153 ἐκεῖνοι

2232 3180 2464 3254 θρασύτε
2474 3201 2571 3254 ροι.
2594 3184 2697 3238 Kal
2717 3184 2937 3251 πάντες
2956 3184 3388 3255 διεσπάρησαν,
3417 3186 3583 3253 πλὴν
3606 3186 3724 3239 τῶν
3740 3188 3896 3241 ἀπο-

2230 3273 2489 3334 στόλων,
2528 3272 2681 3341 φησί.
2712 3273 2824 3325 Οὐκ
2850 3273 2955 3343 ἄρα
2985 3273 3161 3343 μάτην
3213 3273 3416 3341 ἔλεγον.
3448 3275 3529 3326 ὅτι
3571 3276 3886 3344 οἰκονομίας

2230 3357 2259 3408 6
2307 3359 2546 3429 διωγμὸς
2571 3356 2657 3431 ἧν·
2714 3362 2760 3413 εἰ
2793 3361 2868 3431 μὴ
2898 3365 3004 3433 γάρ
3036 3362 3280 3429 γέγονεν,
3336 3362 3437 3414 οὐκ
3470 3363 3535 3415 ἂν
3565 3363 3612 3415 οἰ
3651 3362 3895 3432 μαθηταὶ

2235 3444 2626 3517 διεσπάρησαν.
2666 3451 3081 3517 Συνεκόμισαν
3103 3448 3171 3501 δὲ
3208 3448 3313 3501 τὸν
3343 3448 3645 3517 Στέφανον
3671 3450 3894 3517 ἄνδρες

2234 3535 2529 3601 εὐλαϐεῖς,
2558 3536 2654 3589 καί
2687 3536 3055 3604 ἐποιήσαντο
3085 3537 3340 3591 κοπετὸν
3369 3539 3556 3607 μέγαν
3585 3538 3677 3590 ἐπ’
3707 3538 3891 3603 αὐτῷ.

2239 3624 2308 3675 Ἣ
2336 3622 2487 3676 οὖπω
2514 3618 2654 3693 ἦσαν
2680 3624 2892 3687 τέλειοι,
2935 3624 2967 3695 ἢ
2996 3626 3076 3678 ὅτι
3097 3624 3349 3694 ἐπίχαρις
3372 3620 3438 3693 ἦν
3465 3626 3555 3677 καί
3586 3625 3893 3695 αἰδέσιμος·

2233 3713 2313 3765 διὸ
2339 3714 2433 3766 καὶ
2483 3714 2771 3767 κόπτονται
2819 3714 3001 3768 αὐτόν.
3043 3715 3193 3783 ’Ἅμα
3226 3714 3281 3766 δέ
3328 3713 3487 3766 τοῦτο
3525 3714 3765 3766 δείκνυσι
3799 3715 3897 3768 καὶ

2232 3799 2551 3870 ἀνθρώπους
2582 3802 2777 3863 αὐτοὺς
2814 3801 2993 3867 ὄντας,
3021 3802 3141 3872 οὐχὶ
3176 3803 3204 3854 ὁ
3228 3800 3389 3869 φόϐος
3423 3802 3599 3872 μόνον,
3628 3801 3769 3855 ἀλλά
3796 3804 3896 3857 καὶ

2232 3891 2266 3959 ὴ
2290 3888 2430 3959 λύπη
2461 3891 2553 3942 καὶ
2581 3890 2608 3941 6
2642 3889 2887 3953 κοπετός.

2305 3976 2369 4046 β’.
2395 3978 2490 4040 Τίς
2524 3979 2631 4048 γὰρ
2653 3978 2752 4031 οὐκ
2785 3978 2849 4031 ἂν
2876 3977 3136 4031 ἔκλαυσεν
3166 3978 3308 4049 ὁρῶν
3328 3978 3416 4030 τὸν
3436 3978 3640 4047 ἥμερον
3661 3978 3887 4043 ἐκεῖνον,

2229 4064 2290 4117 τὸ
2314 4065 2495 4135 ἀρνίον
2519 4068 2564 4127 ε,
2582 4064 2918 4118 λιθόλευστον
2939 4066 3227 4136 γενόμενον
3261 4067 3352 4119 καὶ
3382 4066 3631 4136 κείμενον
3656 4066 3883 4136 νεκρόν;

2240 4150 2442 4204 Ἱκανὸν
2497 4152 2661 4206 αὑτοῦ
2723 4154 3007 4221 ἐπιτάφιον
3080 4153 3356 4221 διεξῆλθεν
3404 4154 3433 4205 6
3474 4152 3882 4222 εὑαγγελιστὴς,

2228 4238 2337 4292 Καί
2366 4238 2489 4303 θείς
2508 4240 2581 4293 τὰ
2604 4241 2843 4307 γόνατα,
2869 4241 3057 4304 εἰπὼν,
3082 4242 3179 4293 καί
3202 4239 3426 4308 κράξας
3448 4238 3885 4308 φωνῇμεγάλῃ.

2227 4326 2335 4380 Kal
2361 4327 2655 4390 ἐποίησαν
2682 4329 2937 4382 κοπετὸν
2958 4328 3148 4397 μέγαν
3173 4327 3265 4379 ἐπ’
3303 4326 3480 4391 αὐτῷ.
3522 4326 3660 4379 Ἀλλ’
3691 4326 3889 4398 ἴδωμεν

2227 4416 2433 4470 ἀνωθεν
2464 4416 2531 4469 τὰ
2555 4417 2840 4487 εἰρημένα.
2896 4417 3209 4485 ’Υπάρχων
3257 4416 3495 4483 πλήρης
3543 4416 3891 4484 Πνεύμοτος

2226 4504 2418 4573 ἁγίου,
2452 4505 2732 4572 ἀτενίσας
2756 4508 2843 4571 εἰς
2874 4506 2978 4559 τὸν
3004 4505 3283 4572 οὐρανὸν,
3318 4500 3438 4557 εἶδε
3480 4505 3667 4567 δόξαν
3714 4504 3885 4567 Θεοῦ.

2228 4591 2328 4644 καί
2367 4592 2611 4657 Ἰησοῦν
2639 4592 2867 4647 ἑστῶτα
2892 4594 2960 4645 ἐκ
2983 4591 3197 4657 δεξιῶν
3224 4592 3329 4645 τοῦ
3377 4590 3544 4653 Θεοῦ,
3572 4591 3667 4643 καί
3694 4586 3881 4643 εἶπεν·

2242 4680 2388 4735 Ἰδοὺ
2419 4680 2609 4751 θεωρῶ
2632 4681 2771 4747 τοὺς
2807 4682 3098 4750 οὐρανοὺς
3122 4681 3549 4749 ἀνεῳγμένους.
3599 4679 3704 4732 Kal
3739 4694 3887 4732 συν-

2232 4766 2423 4838 έσχον
2449 4769 2521 4822 τὰ
2551 4766 2670 4824 ὦτα
2690 4768 2907 4833 αὐτῶν,
2945 4771 3041 4822 καί
3071 4768 3356 4837 ὥρμησαν
3384 4766 3759 4836 ὁμοθυμαδὸν
3790 4767 3882 4821 ἐπ’

2232 4858 2435 4911 αὐτόν.
2466 4858 2658 4912 Καίτοι
2683 4856 2833 4929 [145]
2861 4857 2962 4910 ποῦ
2985 4857 3157 4910 ταῦτα
3186 4856 3516 4927 κατηγορίας
3544 4856 3701 4919 agna;
3746 4854 3883 4907 Ἀλλ’

2228 4944 2376 5013 ὅμως
2399 4946 2487 4997 τὸν
2526 4948 2727 5014 σημεῖα
2782 4946 3007 4997 τοιαῦτα
3059 4944 3137 5014 τῷ
3163 4944 3306 5015 λόγῳ
3340 4943 3736 5014 ἐργασάμενον,
3794 4941 3886 4995 τὸν

2231 5032 2447 5086 πάντων
2478 5033 2780 5103 κρατοῦντα
2813 5034 2890 5104 τῷ
2922 5034 3085 5103 λόγῳ.
3113 5033 3202 5086 τὸν
3240 5031 3464 5085 τοιαῦτα
3483 5029 3886 5099 διαλεγόμενον,

2230 5120 2483 5183 λαϐόντες
2532 5120 2719 5191 ὥσπερ
2752 5121 3052 5182 ἐϐούλοντο,
3082 5120 3224 5173 οὕτω
3270 5119 3359 5172 τὸν
3392 5117 3561 5188 θυμὸν
3590 5118 3615 5157 ιι
3641 5118 3732 5170 τὸν
3759 5118 3891 5172 ἐαυ-

2228 5208 2336 5259 τῶν
2365 5208 2656 5279 ἐπλήρουν.
2706 5210 2771 5261 Ol
2800 5207 2867 5260 δὲ
2910 5207 3206 5276 μάρτυρες
3233 5206 3523 5261 ἀπέθεντο
3570 5204 3641 5257 τὰ
3691 5203 3893 5272 ίμάτια

2230 5295 2427 5349 αὐτῶν
2449 5296 2605 5363 παρὰ
2636 5296 2775 5361 τοὺς
2802 5295 2990 5361 πόδας
3018 5295 3261 5347 νεανίου
3306 5292 3682 5361 καλουμένου
3735 5292 3893 5345 Σαύ-

2228 5387 2364 5438 λου.
2391 5385 2551 5452 Ὄρα,
2585 5383 2701 5445 πῶς
2724 5382 2964 5445 ἀκριϐῶς
2992 5382 3057 5434 τά
3082 5381 3320 5451 περὶτοῦ
3354 5380 3565 5433 Παύλου
3595 5379 3891 5449 διηγεῖται,

2233 5473 2316 5524 ἵνα
2367 5489 2447 5523 σοι
2494 5471 2641 5541 δείξῃ
2671 5471 2731 5522 τὸ
2760 5470 2845 5522 ἐπ’
2876 5468 3024 5539 αὐτῷ
3076 5470 3235 5539 ἔργον
3267 5468 3398 5520 Θεοῦ
3432 5468 3718 5537 γενόμενον
3752 5467 3895 5537 μετὰ

2228 5558 2419 5610 ταῦτα.
2461 5558 2606 5619 Τέως
2637 5558 2691 5609 δέ
2714 5559 2774 5610 οὐ
2811 5558 2968 5627 μόνον
2994 5560 3196 5619 ἐκεῖνος
3241 5558 3299 5609 ού
3324 5555 3587 5617 πιστεύει,
3620 5554 3757 5606 ἀλλὰ
3796 5556 3895 5606 καὶ

2233 5646 2453 5718 μυρίαις
2478 5646 2637 5698 αὑτὸν
2678 5646 2831 5715 χερσί
2873 5644 3053 5713 βάλλει
3096 5644 3203 5697 τῶν
3237 5646 3459 5713 φονέων·
3485 5643 3564 5695 διὸ
3592 5642 3686 5694 καὶ
3731 5640 3895 5694 τοῦτο

2230 5734 2399 5805 δηλῶν
2427 5734 2592 5801 λέγει·
2626 5733 2857 5797 Σαῦλος
2881 5732 2948 5784 δὲ
2970 5730 3047 5802 ἦν
3075 5730 3459 5785 συνευδοκῶν
3488 5729 3560 5797 τῇ
3585 5729 3894 5797 ἀναιρέσει

2296 5904 2319 5930 θ
2344 5891 2479 5940 Ullus
2524 5891 2669 5953 φόνῳ,
2712 5890 3066 5953 καθαρθῆναι
3097 5890 3181 5945 τήν
3202 5889 3369 5953 ψυχήν.
3445 5886 3464 5923 Υ
3514 5887 3659 5953 Ιᾴθῐιι⁸
3681 5887 3707 5933 ὁ
3749 5885 3894 5953 λόγος

2229 5956 2367 6003 πάλιν
2389 5947 2663 6015 συγχωρεῖί
2708 5953 2747 6015 δέ
2774 5947 2907 6015 Ulius
2948 5951 3124 6015 ἐκεῖνον
3166 5947 3509 6015 τδνξᾶρνειονλ
3542 5948 3568 5985 h
3611 5949 3743 6015 Iden}
3786 5947 3893 6015 δια-

2229 6009 2510 6079 λεγόμενον,⁷
2527 6009 2689 6077 ῶσπερ
2714 6013 2969 6076 εἰληφότες,
3010 6014 3125 6076 ὅπερ
3166 6009 3432 6075 ἐϐούλοντο,
3456 6012 3581 6060 οῦτω
3618 6011 3697 6057 τὸν
3719 6009 3883 6071 θυμὸν.
