3978 6492
188 433 267 487 HI
1122 420 1190 477 IN
1226 418 1400 476 ACTA
1444 416 1745 473 APOSTOL

1853 415 1969 473 ost.
2011 413 2240 475 noun.
2281 412 2473 529 xvrttt.

176 545 341 601 futura
371 557 768 613 consequemur
794 539 962 607 bona,
1003 538 1171 611 gratia
1195 546 1250 593 et
1282 536 1610 606 benignitate
1636 537 1741 590 Do-

176 636 296 689 mini
331 633 508 690 nostri
550 633 678 688 Jesu
703 632 941 692 Christi.
983 630 1193 699 quicum
1232 628 1372 683 Patri
1417 638 1470 683 et
1517 628 1734 698 Spirittti

3323 415 3424 472 ΗΞ

1853 548 2040 593 sancto
2064 539 2252 609 gloria,
2295 522 2595 608 imperium,
2627 536 2836 612 honor,
2865 551 3003 592 nunc
3027 546 3083 593 et
3108 551 3431 610 semper,.et

1853 629 1905 683 in
1930 631 2121 684 srecula
2152 628 2484 683 saeculorum.
2527 630 2715 682 Amen.

3312 765 3424 780 -—-

1514 841 1846 902 HOMILIA
1902 841 2129 903 XVIII.

177 990 300 1047 Cn.
337 990 393 1047 Ἰ.
434 1006 489 1045 v.
532 990 621 1046 54.
664 988 933 1042 Audientes
971 996 1136 1040 autem
1181 988 1286 1040 haec
1310 1028 1325 1050 ,
1366 984 1744 1047 dissecabantur

244 1086 487 1139 cordibus
513 1084 638 1146 suis,
670 1093 717 1137 et
747 1082 1021 1138 stridebant
1049 1079 1280 1133 dentibus
1308 1080 1360 1131 in
1389 1095 1520 1132 eum.

243 1180 295 1233 i.
341 1178 534 1232 Mirum
579 1191 747 1237 sane,
794 1173 1062 1245 quomodo
1101 1173 1435 1228 occasionem
1475 1169 1749 1226 occidendi

173 1285 231 1323 ex
263 1268 427 1322 dictis
469 1284 573 1322 non
618 1276 975 1336 acceperunt,
1019 1265 1112 1321 sed
1142 1264 1313 1318 adhuc
1356 1264 1666 1327 insaniunt,
1697 1271 1751 1317 et

173 1379 387 1415 causam
426 1369 691 1431 quturunt.
737 1360 810 1413 Ita
842 1374 1054 1428 semper
1093 1358 1144 1411 in
1188 1357 1338 1411 tualis
1368 1367 1490 1409 sunt
1534 1357 1621 1425 qui
1664 1356 1747 1409 in-

174 1455 316 1523 juste
361 1461 548 1522 agunt.
582 1452 761 1519 itaque
809 1457 866 1502 ut
917 1448 1183 1518 principes
1226 1448 1561 1500 sacerdotum
1606 1446 1747 1499 anxii

174 1546 424 1600 dicebant
445 1562 460 1597 ζ
488 1543 623 1610 Quid
655 1544 897 1612 faciemus
932 1540 1212 1594 hominibus
1237 1539 1348 1593 istis
1373 1537 1511 1607 (Act.
1535 1537 1588 1590 4.
1614 1539 1701 1605 16)
1726 1538 1749 1591 2’

178 1640 247 1693 lta
280 1649 337 1693 et
364 1638 420 1692 hi
446 1637 798 1691 diss-cantur.
830 1635 984 1704 Atqui
1017 1633 1107 1687 ille
1127 1640 1242 1686 erat
1268 1673 1284 1697 ,
1314 1631 1402 1701 qui
1430 1643 1749 1685 succensere

175 1730 407 1782 debebat
426 1767 440 1789 ,
491 1728 579 1796 qui
608 1726 741 1780 nihil
787 1726 993 1779 lwserat
1014 1766 1029 1790 ,
1059 1734 1113 1779 et
1137 1739 1199 1777 ac
1228 1723 1270 1777 si
1312 1722 1536 1776 hesisset
1565 1735 1750 1791 passus

174 1831 220 1874 et
247 1818 534 1871 calumniis
571 1817 844 1884 impetitus
881 1815 999 1868 fuit.
1028 1813 1133 1869 Sed
1178 1814 1301 1868 hinc
1342 1813 1750 1867 calumniatores

174 1911 343 1977 magis
370 1911 727 1963 evincuntur:
759 1909 837 1962 sic
862 1922 1042 1962 verum
1083 1917 1167 1962 est
1203 1905 1340 1977 quod
1369 1920 1580 1975 semper
1602 1905 1748 1960 dice-

174 2002 291 2055 bam
318 2018 335 2056 :
371 2002 507 2055 Male
537 2001 708 2054 facere
732 2040 748 2064 ,
782 2008 863 2054 est
892 2000 1030 2053 male
1058 1999 1183 2068 pati.
1214 1998 1370 2053 Certe
1395 1997 1481 2052 ille
1508 1997 1635 2051 nihil
1658 2011 1747 2051 ca«

173 2094 466 2147 lumniatus
495 2103 607 2156 est,
641 2091 733 2147 sed
774 2107 897 2146 vera
924 2091 1230 2145 declaravit.
1259 2091 1347 2145 Sic
1372 2133 1387 2157 ,
1414 2106 1532 2144 cum
1561 2101 1752 2145 contu-

175 2185 331 2239 melia
354 2185 644 2249 efficimur,
670 2184 795 2238 dum
825 2184 953 2238 nihil
982 2184 1131 2237 nobis
1156 2184 1353 2237 conscii
1382 2198 1584 2249 sumus,
1617 2183 1748 2237 nihil

173 2291 293 2330 rere
323 2277 575 2344 patimur.
608 2274 867 2328 Volebant
893 2290 1018 2344 ergo
1044 2274 1189 2327 illum
1215 2273 1457 2329 occidere
1482 2290 1496 2337 ;
1520 2273 1613 2327 sed
1646 2288 1750 2327 non

175 2371 352 2421 statim
393 2368 444 2421 id
488 2368 684 2421 faciunt
707 2410 721 2433 ,
751 2383 962 2421 causam
991 2369 1166 2438 specie
1192 2368 1387 2436 justam
1416 2366 1631 2422 facinori
1660 2382 1752 2419 vo-

174 2463 341 2516 lentes
371 2461 689 2517 obtendere.
716 2461 850 2529 Quid
882 2461 1038 2530 igitur
1060 2462 1084 2514 ?
1105 2476 1283 2515 annon
1313 2460 1633 2515 contumelia
1662 2460 1751 2513 illa

175 2553 502 2607 rationabilis
534 2568 689 2607 causa
727 2562 840 2607 erat
868 2552 891 2605 ?
922 2553 1035 2607 Non
1068 2563 1182 2607 erat
1212 2552 1353 2607 illius
1382 2552 1701 2607 contumelia
1729 2593 1745 2617 ,

174 2645 257 2698 sed
294 2644 579 2713 prophetzt’.
609 2644 915 2697 accusatio:
949 2644 1030 2697 vel
1074 2654 1261 2713 Sponte
1291 2644 1611 2699 differebant
1634 2686 1648 2708 ,
1682 2660 1749 2700 ne

178 2736 479 2789 riderentur
508 2735 655 2787 illum
681 2735 749 2789 ob
770 2735 1131 2788 accusationes
1158 2735 1253 2788 sibi
1285 2734 1457 2788 illatas
1477 2734 1739 2799 occidere,

180 2828 301 2881 sicut
328 2827 491 2881 etiam
530 2826 579 2878 in
609 2826 858 2889 Christo,
893 2825 983 2879 sed
1019 2835 1234 2894 propter
1259 2826 1608 2895 impietatem.
1635 2823 1746 2877 Hoc

184 2932 343 2973 autem
390 2918 535 2988 quod
578 2920 925 2988 loquebatur,
957 2918 1165 2987 pictatis
1195 2928 1308 2971 erat
1349 2917 1588 2971 verbum.
1623 2916 1747 2971 Ideo

186 3026 447 3080 postquam
480 3011 810 3075 occiderant,
845 3012 1036 3063 faniam
1070 3009 1184 3078 ejus
1221 3008 1413 3062 laedere
1451 3017 1705 3062 Conantes
1728 3048 1742 3073 ,

199 3100 563 3154 DisscCtibunlur
592 3116 611 3153 :
642 3100 896 3155 timebant
934 3100 1073 3154 enim
1120 3117 1185 3154 ne
1236 3116 1428 3153 novum
1476 3098 1744 3169 quidpiam

200 3196 323 3248 circa
352 3194 483 3246 illum
514 3192 803 3247 accideret.
834 3192 1050 3255 Deinde,
1084 3191 1223 3261 quod
1249 3190 1462 3244 Christo
1490 3190 1742 3253 fecerant,

198 3284 442 3353 Stephano
473 3285 713 3347 faciunt;
747 3294 799 3337 et
829 3284 967 3336 sicut
1006 3283 1114 3336 illic
1135 3324 1150 3347 ,
1181 3284 1300 3352 quia
1332 3283 1556 3345 dixerat,
1591 3281 1744 3336 Vide-

188 3375 290 3428 bitis
344 3375 537 3428 Filium
589 3376 805 3428 hominis
839 3394 869 3427 a
897 3374 1084 3428 destris
1122 3375 1316 3427 virtutis
1354 3375 1603 3427 sedentem
1625 3414 1642 3437 ,
1691 3372 1743 3427 id

184 3465 557 3534 blasphemiam
592 3479 713 3517 esse
753 3464 1039 3528 dicebant,
1083 3474 1137 3517 et
1164 3472 1324 3517 testes
1352 3464 1530 3517 turbas
1559 3477 1746 3517 evoca-

177 3556 297 3610 bant
328 3575 343 3611 :
376 3558 456 3610 sic
481 3565 537 3610 et
570 3572 707 3609 nunc
730 3557 944 3609 faciunt.
981 3556 1086 3609 Illic
1114 3557 1427 3610 vestimenta
1453 3555 1743 3622 sciderunt,

176 3645 257 3701 hic
287 3661 448 3700 aures
489 3648 890 3700 continuerunt.
939 3647 1028 3701 55’.
1072 3646 1196 3700 Cum
1225 3656 1389 3699 autem
1418 3648 1593 3716 plenus
1622 3657 1745 3701 esset

172 3738 366 3807 Spiritu
394 3748 589 3804 sancto,
626 3738 888 3792 intendens
915 3738 965 3789 in
994 3739 1171 3791 cazlum
1191 3780 1206 3801 ,
1235 3739 1359 3791 vidit
1383 3740 1596 3807 gloriam
1619 3737 1743 3806 Dei,

171 3842 215 3883 et
240 3830 421 3885 Iesum
448 3843 662 3885 stantem
700 3848 730 3882 a
757 3831 946 3884 dextris
976 3831 1088 3895 Dei,
1116 3841 1161 3885 et
1186 3834 1255 3884 ait
1286 3848 1303 3885 :
1329 3832 1460 3887 Ecce
1486 3834 1628 3886 video
1648 3849 1746 3887 ca:-

172 3922 245 3973 los
273 3934 481 3989 apertos
506 3962 522 3983 ,
558 3931 603 3973 et
646 3921 831 3974 Filium
859 3923 1072 3975 hominis
1111 3932 1321 3976 stantem
1359 3940 1390 3976 α
1419 3925 1607 3977 dextris
1629 3924 1741 3978 Dei.

168 4010 252 4065 56.
287 4012 650 4065 Exclumantes
673 4021 835 4065 autem
860 4028 972 4065 voce
993 4029 1193 4083 magna,
1222 4014 1572 4067 continuerunt
1600 4030 1746 4068 aures

169 4116 289 4152 suus
309 4143 323 4162 ,
368 4111 420 4153 et
454 4102 695 4168 impetum
730 4106 954 4170 fecerunt
984 4103 1288 4155 unanimiter
1326 4104 1377 4156 in
1404 4120 1534 4156 eum.
1566 4102 1635 4157 Et
1655 4106 1748 4174 eji-

170 4194 347 4244 cieutes
376 4208 495 4245 eum
523 4204 668 4245 extra
696 4193 964 4257 civitatem,
995 4194 1307 4263 lapidabant.
1339 4196 1495 4265 Atqui
1518 4195 1559 4248 si
1593 4212 1745 4251 mett-

170 4281 293 4335 titus
314 4292 479 4348 erat,
522 4296 582 4335 ut
624 4282 977 4338 insanientem
1014 4300 1136 4339 eum
1179 4286 1446 4341 dimisisse
1490 4288 1745 4356 oportuit.

169 4372 259 4426 Ille
288 4389 431 4427 vero
476 4372 556 4426 sic
584 4374 831 4438 dixerat,
865 4374 1050 4429 volens
1074 4390 1167 4431 eos
1206 4376 1487 4431 abducere.
1538 4378 1601 4431 Et
1625 4380 1747 4447 quia

165 4463 230 4517 de
260 4474 444 4517 morte
470 4464 669 4519 Christi
702 4474 901 4519 tantum
940 4467 1191 4537 loquutus
1216 4508 1230 4531 ,
1254 4467 1323 4522 de
1351 4472 1749 4527 resurrectione

164 4557 293 4610 nihil
323 4556 579 4619 dixerat,
609 4556 710 4611 hoc
733 4557 921 4628 dogma
949 4569 1245 4629 opportune
1287 4560 1501 4616 demum
1543 4562 1741 4632 adjicit.

164 4648 235 4703 Ita
280 4658 473 4704 autem
505 4650 605 4703 sibi
637 4652 944 4719 apparuisse
969 4652 1132 4717 dicit,
1168 4662 1224 4708 ut
1252 4664 1505 4721 enarrat,
1538 4671 1643 4727 quo
1669 4659 1753 4714 sic

161 4744 353 4797 saltem
409 4741 532 4811 ejus
578 4756 879 4797 sermonem
927 4745 1271 4814 acciperent,
1314 4748 1443 4816 qui,
1494 4749 1745 4817 quoniam

162 4834 376 4889 dixerat
409 4835 562 4889 illum
594 4834 781 4890 sedere
806 4878 820 4901 ,
851 4836 1105 4891 molestus
1134 4837 1239 4891 illis
1259 4849 1409 4904 erat,
1445 4841 1649 4895 interim
1678 4842 1749 4897 de

161 4928 570 4982 resurrectione
594 4941 895 4982 scrmOnem
925 4939 1140 4997 movet,
1170 4938 1223 4985 et
1259 4930 1405 4985 illum
1428 4942 1569 4987 stare
1595 4935 1744 4990 dicit.

162 5018 297 5073 llinc
323 5019 618 5088 conjecto,
651 5019 838 5073 faciem
875 5020 1017 5074 illius
1051 5021 1396 5090 gloriﬁcatam
1428 5040 1566 5080 esse.
1610 5026 1743 5081 Nam

160 5109 300 5165 Deus
321 5155 337 5177 ,
363 5111 635 5180 benignus
659 5125 778 5164 cum
814 5112 883 5164 sit
908 5153 921 5171 .
952 5127 1045 5179 per
1066 5130 1183 5181 qua:
1220 5114 1296 5167 illi
1344 5115 1561 5171 insidias
1586 5133 1745 5187 para-

160 5202 325 5266 bant,
383 5218 485 5273 per
530 5202 721 5257 eadem
766 5204 974 5257 volebat
1018 5205 1138 5258 illos
1179 5221 1442 5273 evocare;
1476 5210 1573 5263 etsi
1616 5211 1743 5266 nihil

159 5294 395 5365 amplius
430 5294 630 5348 laetum
658 5295 746 5348 sit.
776 5294 864 5348 57.
897 5292 966 5347 Et
1006 5296 1254 5364 ejicientes
1295 5314 1406 5351 eum
1446 5310 1587 5353 extra
1625 5304 1740 5355 civi—

161 5399 335 5451 tatem,
368 5388 692 5458 lapidabant.
723 5387 922 5441 Rursus
943 5397 1091 5442 extra
1117 5389 1382 5443 civitatem
1411 5406 1576 5458 mors,
1609 5396 1745 5449 sicut

160 5478 211 5532 in
236 5478 504 5535 Christo:
534 5487 590 5532 et
637 5479 686 5530 in
729 5477 840 5546 ipsa
871 5488 1042 5533 morte
1069 5482 1332 5535 confessio
1358 5489 1411 5536 et
1442 5485 1746 5552 praedicatio

161 5582 503 5629 enuntiatur.
534 5574 601 5628 Et
628 5582 771 5628 testes
794 5573 1130 5641 deposuerunt
1167 5578 1453 5630 vestimenta
1483 5595 1574 5631 sua
1605 5597 1745 5635 secus

165 5670 310 5735 pales
339 5666 708 5732 adolescentis,
739 5666 827 5734 qui
859 5665 1128 5719 vocabatur
1155 5666 1364 5721 Saulus.
1394 5668 1483 5723 58.
1514 5669 1577 5723 Et
1610 5670 1746 5740 lupi-

165 5766 347 5815 dabant
383 5762 713 5830 Stephanum
735 5802 751 5827 ,
791 5765 1102 5815 invocantem
1141 5761 1304 5817 Deum
1332 5805 1348 5828 ,
1388 5773 1434 5818 et
1457 5766 1699 5819 dicentem
1724 5780 1744 5819 :

166 5854 381 5911 Domine
412 5854 541 5909 Jcsu
571 5856 789 5923 Christe,
821 5859 992 5925 accipe
1020 5856 1250 5925 spiritum
1277 5874 1459 5911 meum.
1497 5858 1628 5915 Hinc
1657 5875 1744 5915 us-

1856 984 2025 1039 tendit
2053 994 2107 1039 et
2132 984 2288 1040 docet
2332 985 2491 1051 illos,
2536 1000 2594 1040 se
2637 1001 2742 1040 non
2775 988 2968 1055 perire.
2999 986 3086 1042 59'.
3140 985 3206 1039 Et
3254 984 3429 1055 positis

1861 1078 2067 1147 genibus
2096 1078 2327 1131 clamavit
2357 1095 2470 1132 voce
2498 1096 2679 1148 magna
2705 1095 2726 1132 :
2755 1079 2988 1145 Domine,
3023 1095 3084 1133 ne
3110 1088 3302 1132 statuas
3328 1077 3428 1131 illis

1857 1171 1950 1222 hoc
1976 1178 2251 1237 peccatum.
2294 1168 2453 1235 Quasi
2484 1184 2601 1222 sese
2630 1185 2861 1239 purgans
2885 1212 2897 1233 ,
2933 1170 3072 1239 quod
3115 1170 3291 1239 priora
3322 1183 3425 1221 non

1856 1274 1917 1312 ex
1951 1260 2025 1312 ira
2066 1259 2287 1325 dixerit,
2308 1261 2401 1323 ait,
2444 1258 2701 1324 Domine;
2730 1261 2813 1315 vel
2851 1262 2992 1331 quod
3018 1261 3175 1315 vellet
3218 1275 3311 1315 eos
3351 1260 3428 1313 sic

1854 1353 2140 1407 attrahere.
2173 1353 2300 1407 Nam
2340 1354 2479 1423 quod
2517 1353 2808 1409 dimitteret
2850 1354 2978 1423 ipsis
3022 1355 3151 1408 iram
3184 1363 3236 1409 et
3279 1353 3427 1408 furo-

1855 1460 1998 1509 rem,
2029 1460 2131 1513 quo
2160 1445 2357 1500 caedem
2390 1446 2663 1514 patrabant
2686 1487 2703 1511 ,
2744 1455 2797 1500 et
2828 1446 3060 1499 animum
3100 1462 3129 1498 a
3168 1447 3419 1514 passione

1856 1551 2042 1606 purum
2083 1538 2425 1602 ostenderet,
2469 1538 2519 1592 id
2566 1547 2711 1593 certe
2740 1540 3120 1607 acceptabilem
3170 1538 3429 1592 reddebat

1854 1642 2175 1685 sermonem.
2221 1630 2412 1683 Saulus
2448 1640 2614 1683 autent
2653 1641 2758 1683 erat
2795 1632 3106 1683 consentiens
3150 1629 3256 1682 neci
3295 1630 3420 1698 ejus.

1860 1717 2011 1788 (Cap.
2045 1720 2126 1783 8.)
2160 1721 2206 1772 1.
2242 1719 2397 1772 Facta
2448 1731 2520 1773 est
2563 1730 2728 1774 autent
2767 1721 2817 1774 in
2859 1721 2948 1773 illa
2985 1720 3065 1773 die
3114 1718 3427 1789 pcrsequutio

1854 1826 2037 1878 magna
2078 1811 2127 1862 in
2174 1809 2437 1873 Ecclesia,
2479 1827 2590 1881 qua:
2617 1822 2720 1864 erat
2749 1810 3100 1880 Jerosolymis.
3148 1811 3261 1864 Non
3310 1810 3426 1863 sine

1854 1916 2011 1955 causa
2043 1901 2167 1954 mihi
2194 1902 2304 1957 h:cc
2324 1903 2683 1971 persequutio,
2709 1902 2803 1957 sed
2825 1901 3002 1956 divina
3029 1900 3426 1971 dispensatione

1853 1995 2138 2064 contigisse
2168 1995 2394 2049 videtur.
2445 1993 2507 2047 Et
2533 2012 2703 2049 omnes
2741 1995 2954 2063 dispersi
2996 2003 3112 2049 sunt
3140 2010 3229 2064 per
3262 1993 3428 2064 regio-

1854 2102 1939 2139 nes
1962 2086 2158 2141 .Iudtco:
2193 2097 2240 2141 et
2282 2086 2536 2141 Samaria:
2562 2098 2747 2155 prater
2770 2086 3045 2158 apostolos.
3072 2085 3258 2139 Viden’
3287 2101 3425 2155 quo-

1853 2177 2012 2232 modo
2039 2194 2247 2231 rursum
2293 2181 2758 2248 persequutionem
2803 2194 2922 2235 esse
2953 2180 3091 2232 Deus
3120 2178 3376 2233 cencedat
3403 2179 3427 2233 ἲ

1854 2270 1957 2326 Sed
1986 2270 2105 2324 vide
2131 2272 2279 2338 mihi,
2306 2271 2571 2340 quomodo
2602 2287 2689 2325 res
2717 2272 3114 2340 dispensentur.
3145 2271 3245 2325 Per
3275 2271 3423 2340 signa

1854 2362 2125 2418 mirabiles
2155 2362 2274 2417 facti
2307 2372 2452 2427 sunt,
2488 2363 2733 2434 ﬂagellati
2773 2364 2901 2417 nihil
2934 2372 3056 2418 sunt
3084 2363 3224 2432 passi
3253 2403 3268 2425 ,
3296 2378 3424 2416 con—

1853 2455 2019 2508 stituti
2060 2465 2182 2508 sunt
2209 2471 2301 2524 per
2330 2456 2575 2526 regiones
2598 2497 2613 2520 ,
2646 2471 2822 2510 sermo
2846 2456 3139 2525 augebatur
3164 2472 3177 2507 :
3205 2454 3421 2509 demum

1853 2546 2109 2614 permittit
2136 2546 2567 2615 impedimentum
2595 2560 2713 2602 esse
2739 2562 3008 2617 magnum.
3044 2546 3109 2600 Et
3149 2546 3207 2599 lit
3237 2560 3421 2615 perse-

1854 2636 2037 2704 quutio
2067 2651 2169 2689 non
2200 2635 2430 2698 modica.
2466 2636 2533 2690 ita
2565 2647 2620 2691 ut
2661 2636 2736 2690 illi
2764 2637 2922 2691 simul
2966 2636 3208 2704 fingerent
3236 2637 3421 2704 (time-

1852 2725 1979 2779 bant
1999 2727 2137 2780 enitn
2169 2727 2287 2781 illos
2314 2727 2627 2782 audaciores
2657 2728 2871 2797 factos),
2899 2736 2953 2783 et
2980 2728 3224 2783 omnibus
3248 2729 3421 2798 palam

1850 2826 2025 2881 esset,
2061 2818 2300 2873 homines
2326 2834 2445 2874 esse
2477 2835 2603 2885 eos,
2636 2818 2729 2890 qui
2764 2819 3009 2873 timerent
3051 2830 3104 2873 et
3159 2819 3419 2889 fugerent.

1849 2909 1927 2965 Ne
1955 2911 2159 2965 diceres
2188 2912 2333 2967 enim
2353 2954 2367 2978 ,
2401 2911 2519 2966 illos
2554 2928 2649 2981 per
2675 2914 2894 2983 gratiam
2924 2921 3127 2967 tantum
3166 2911 3422 2983 przeclare

1849 3018 2046 3073 agere,
2089 2990 2553 3074 persequutionem
2601 3014 2747 3060 certe
2786 3004 3167 3075 patiebantur;
3217 3004 3423 3074 ipsique

1852 3094 2144 3151 timidiores
2184 3094 2306 3150 facti
2353 3106 2513 3162 sunt,
2558 3097 2631 3152 illi
2664 3098 2994 3152 audaciores.
3027 3097 3095 3150 Et
3142 3114 3313 3151 onmes
3341 3097 3422 3150 di-

1847 3187 2007 3255 spersi
2030 3197 2164 3250 sunt,
2199 3187 2386 3256 inquit,
2408 3199 2591 3257 prazter
2621 3188 2896 3257 apostolos.
2921 3186 3035 3241 Non
3067 3202 3194 3256 ergo
3226 3186 3421 3241 frustra

1849 3278 2091 3333 dicebam
2116 3318 2132 3344 ,
2163 3280 2630 3349 persequutionem
2661 3295 2726 3334 ex
2767 3279 3161 3348 dispensatione
3209 3277 3374 3334 fuisse
3404 3295 3418 3331 :

1848 3370 1951 3424 nisi
1973 3371 2115 3425 enim
2141 3371 2279 3426 facta
2308 3372 2490 3427 luisset
2509 3413 2523 3437 ,
2550 3371 2794 3441 discipuli
2827 3386 2929 3426 non
2959 3372 3182 3427 fuissent
3209 3371 3420 3440 disper-

1848 3463 1913 3517 si.
1944 3462 1999 3517 2.
2030 3462 2337 3517 ϐαναυενιιηε
2380 3474 2545 3518 autem
2589 3464 2905 3535 Stephanum
2947 3465 3039 3518 viri
3085 3465 3305 3535 religiosi
3329 3506 3344 3531 ,
3376 3473 3423 3519 et

1849 3558 2074 3624 fecerunt
2117 3554 2373 3621 planctum
2414 3570 2649 3624 magnum
2693 3571 2843 3622 super
2870 3571 3004 3607 eum.
3051 3553 3145 3609 Vel
3186 3554 3421 3609 nondum

1849 3655 2003 3700 erant
2041 3644 2302 3713 perfecti;
2341 3645 2565 3715 velqnia
2608 3644 2695 3700 ille
2724 3645 2987 3716 gratiosus
3015 3655 3129 3700 erat
3154 3655 3205 3700 et
3253 3662 3417 3701 νεηθ-

1848 3738 2051 3801 rabilis,
2080 3738 2199 3792 ideo
2242 3739 2493 3809 plangunt
2544 3739 2714 3792 illum.
2749 3738 2917 3794 Simul
2958 3749 3135 3795 autem
3188 3740 3274 3794 hic
3315 3756 3420 3793 non

1850 3829 2009 3882 timor
2032 3838 2257 3892 tantum,
2289 3829 2383 3884 sed
2404 3830 2562 3883 etiam
2586 3829 2739 3884 dolor
2762 3840 2816 3885 et
2844 3829 3105 3900 planctus,
3134 3830 3427 3886 ostendunt

1850 3923 1967 3978 illos
1996 3938 2114 3998 esse
2147 3922 2408 3976 homines.

1918 4014 1971 4068 2.
1999 4012 2127 4081 Quis
2148 4013 2286 4067 enim
2311 4028 2415 4068 non
2438 4014 2697 4082 plorasset
2715 4013 2899 4070 videns
2921 4015 3065 4070 illum
3087 4026 3420 4071 mansuetum

1848 4122 2042 4177 agnum
2069 4105 2376 4175 lapidatum,
2400 4107 2580 4176 jacere
2604 4108 2907 4161 mortuum?
2935 4107 3182 4162 Idoneum
3209 4108 3285 4162 illi
3311 4110 3425 4178 epi-

1851 4199 2085 4268 taphium
2126 4199 2370 4268 apposuit
2398 4198 2721 4268 evangelista
2745 4240 2758 4264 ,
2789 4214 2910 4254 cum
2939 4200 3069 4254 dixit
3098 4219 3111 4255 :
3144 4200 3207 4254 Et
3249 4202 3425 4271 positis

1849 4289 2087 4363 genibus,
2118 4290 2351 4343 clamavit
2391 4305 2508 4343 voce
2548 4306 2749 4361 magna.
2797 4290 2865 4344 Et
2905 4295 3130 4362 fecerunt
3163 4294 3423 4361 planctum

1850 4398 2087 4452 magnum
2110 4398 2260 4451 super
2284 4398 2413 4435 eum.
2442 4380 2544 4436 Sed
2572 4397 2689 4451 quae
2715 4382 2958 4451 superius
2985 4383 3122 4437 dicta
3148 4392 3290 4450 sunt,
3314 4387 3418 4449 jam

1850 4485 2171 4544 repetamus.
2204 4472 2328 4528 Cum
2358 4484 2481 4527 esset
2510 4474 2686 4543 plenus
2715 4473 2911 4542 Spiritu
2936 4485 3132 4541 saneto,
3162 4476 3423 4530 intendens

1850 4566 1903 4619 in
1936 4565 2114 4619 ctelum
2133 4606 2147 4631 ,
2174 4565 2296 4618 vidit
2319 4565 2531 4636 gloriam
2574 4564 2684 4631 Dei,
2714 4574 2760 4618 et
2796 4565 2971 4619 Jesum
3001 4577 3212 4619 stantem
3240 4584 3269 4618 a
3300 4568 3424 4620 (lca?-

1852 4657 1942 4711 tris
1991 4657 2105 4723 Dei,
2139 4667 2185 4710 et
2227 4657 2299 4709 ait
2326 4656 2500 4709 :Ecce
2538 4658 2676 4710 video
2720 4660 2868 4711 ctclos
2905 4670 3122 4726 apertos.
3150 4656 3217 4711 Et
3258 4661 3420 4712 conti-

1852 4757 2066 4801 nuerunt
2103 4764 2248 4802 aures
2274 4765 2390 4800 suas
2412 4791 2425 4811 ,
2457 4758 2505 4802 et
2529 4760 2767 4818 impetum
2795 4752 3017 4819 fecerunt
3046 4751 3347 4803 unanimiter
3372 4752 3427 4804 in

1853 4857 1985 4895 cunt.
2018 4841 2172 4910 Atqui
2217 4840 2482 4909 quomodo
2523 4841 2633 4895 hinc
2674 4841 3009 4894 accusatione
3042 4840 3194 4910 digna
3235 4844 3424 4896 erant?

1852 4934 2099 4987 Attamen
2147 4948 2264 4985 cum
2290 4972 2307 4997 ,
2336 4933 2422 5001 qui
2476 4934 2595 4986 talia
2639 4933 2785 5001 signa
2828 4943 3091 5000 p.’tll‘al‘:tl.,
3122 4934 3209 5000 qui
3238 4950 3423 4992 onmes

1852 5026 2017 5082 verbo
2062 5026 2295 5088 vicerat.
2351 5027 2439 5095 qui
2486 5026 2603 5079 talia
2654 5026 2898 5094 loquutus
2956 5036 3108 5092 erat,
3156 5028 3425 5097 rapientes

1854 5134 1950 5188 pro
1994 5117 2159 5172 lubito
2198 5118 2435 5172 furorem
2466 5133 2615 5170 suum
2649 5116 3017 5184 impleverunt.
3058 5117 3223 5174 Testes
3257 5130 3424 5174 autent

1853 5211 2186 5280 deposuerunt
2213 5211 2497 5262 vestimenta
2522 5224 2661 5263 secus
2686 5209 2834 5279 pedes
2859 5210 3204 5279 adolescentis,
3231 5215 3316 5283 qui
3340 5230 3423 5268 vo-

1853 5304 2060 5357 cabatur
2104 5302 2316 5357 Saulus.
2366 5301 2495 5355 Vide
2519 5343 2533 5365 ,
2574 5318 2729 5371 quam
2764 5313 3009 5359 accurate
3046 5321 3163 5375 qua:
3204 5305 3424 5362 Paulum

1853 5405 2092 5466 Spectant
2121 5403 2430 5459 recenseat,
2459 5403 2515 5447 ut
2545 5396 2787 5450 ostendat
2818 5396 2908 5450 tibi
2940 5413 3074 5467 opus
3104 5396 3196 5454 Dei
3224 5401 3273 5453 in
3307 5402 3422 5471 ipso

1854 5496 2037 5557 postea
2080 5495 2372 5555 peractum.
2423 5484 2637 5541 Interim
2676 5504 2802 5542 vero
2845 5489 2932 5543 ille
2973 5507 3075 5543 non
3115 5492 3272 5546 modo
3315 5509 3421 5549 non

1854 5577 2058 5641 credit,
2089 5576 2179 5631 sed
2208 5578 2364 5631 etiam
2394 5578 2539 5633 mille
2565 5578 2946 5635 homicidarum
2975 5583 3219 5637 manibus
3244 5588 3419 5652 ipsum

1853 5671 2058 5739 impetit
2085 5687 2097 5722 ε
2125 5671 2245 5726 ideo
2274 5671 2399 5725 illttd
2432 5673 2668 5729 indicans
2695 5677 2821 5730 dicit
2848 5692 2861 5730 :
2891 5676 3082 5731 Saulus
3110 5688 3274 5732 autem
3313 5689 3425 5734 erat

1851 5766 2160 5819 consentiens
2196 5767 2303 5819 neci
2326 5768 2450 5835 ejus.
2477 5768 2589 5823 Non
2627 5769 2936 5839 simpliciter
2954 5781 3166 5827 sanctus
3186 5772 3273 5829 hic
3293 5789 3419 5844 pre-

1851 5868 2001 5915 catur
2024 5901 2039 5926 ,
2066 5858 2158 5914 sed
2190 5874 2308 5913 cum
2354 5861 2657 5916 attentione.
2707 5859 2890 5916 Positis
2913 5902 2927 5927 ,
2960 5862 3159 5932 inquit,
3181 5866 3413 5936 genibus.
