3978 6506
530 462 633 520 ιω

531 576 685 636 Unde
711 588 856 630 mors
883 567 1025 628 illius
1051 567 1226 623 divina
1254 565 1386 619 facta
1413 567 1532 615 est:
1562 569 1682 610 nam
1711 553 1968 607 hactenus
1994 546 2108 601 ani—

531 673 721 727 manus
761 665 1190 726 concedebatur,
1234 665 1292 712 ut
1337 659 1388 711 in
1429 652 1636 708 inferno
1675 655 1875 704 essent.
1919 642 2110 696 Omnes

531 775 700 818 autem
739 760 952 830 dispersi
991 764 1107 811 sunt
1146 763 1234 821 per
1271 750 1496 820 regiones
1529 743 1726 797 Judtete
1757 749 1802 794 et
1838 733 2107 790 Samaria.

535 857 751 926 Absque
777 860 917 906 metu
943 864 1062 902 cum
1089 841 1326 899 Samaria
1353 854 1411 894 se
1435 834 1801 891 commiscent,
1824 827 1914 898 qui
1937 823 2114 879 audie-

534 913 708 1002 rant.:
749 943 816 998 In
855 945 984 997 uiam
1018 935 1240 1010 gentium
1278 948 1340 986 ne
1377 926 1600 983 abieritis
1638 920 1859 997 (Matth.
1894 916 1980 972 10.

542 1041 732 1095 I’rteter
769 1004 1064 1105 apostolos,
1093 1013 1295 1098 inquit;
1329 1019 1616 1078 ostendens
1646 1015 1764 1071 illos
1785 1052 1802 1077 ,
1833 1020 1892 1065 ut
1917 1010 1994 1064 sic
2021 1004 2114 1062 Ju-

537 1137 680 1188 daeos
700 1121 1325 1185 adducerent,civitatem
1349 1129 1451 1170 non
1475 1110 1784 1180 reliquisse;
1806 1104 1917 1158 sive
1931 1100 2110 1160 etiam,

540 1233 596 1277 ιιι
619 1222 738 1276 aliis
767 1218 970 1272 ﬁducia:
995 1224 1242 1269 auctores
1262 1214 1441 1263 essent
1484 1205 1536 1260 5.
1562 1199 1752 1256 Saulus
1775 1202 1942 1248 autem
1967 1190 2116 1244 deva-

537 1313 699 1368 stabat
727 1309 1004 1366 Ecclesium
1022 1349 1035 1372 ,
1064 1321 1153 1377 per
1177 1301 1353 1358 domos
1378 1299 1588 1357 intrans,
1615 1302 1663 1347 et
1690 1291 1890 1345 trahens
1915 1287 2046 1340 viros
2072 1291 2119 1335 et

540 1409 792 1471 mulieres,
816 1403 1041 1458 tradebat
1064 1375 1117 1454 in
1144 1395 1442 1452 custodiam.
1469 1385 1876 1459 Magnusfuror,
1901 1388 1956 1436 et
1977 1375 2118 1449 quod

544 1501 690 1554 solus
716 1506 894 1562 esset,
925 1505 980 1550 et
1007 1490 1149 1563 quod
1177 1491 1228 1544 in
1256 1488 1446 1542 domos
1484 1485 1706 1537 intraret
1733 1495 1746 1531 :
1776 1475 1845 1529 ita
1890 1471 2118 1525 animum

544 1609 694 1648 suam
728 1607 822 1659 pro
855 1589 970 1658 lege
998 1561 1176 1640 dabat.
1213 1577 1458 1640 Traliens,
1489 1571 1692 1643 inquit,
1717 1569 1849 1622 viros
1873 1575 1918 1618 ct
1944 1561 2122 1614 mulie-

546 1703 645 1740 res.
667 1684 801 1738 Vide
824 1679 1111 1741 licentiam,
1130 1669 1502 1730 cmitmneliam
1525 1676 1580 1720 et
1599 1661 1876 1718 insaniam.
1899 1655 2119 1718 Omnes,

547 1776 636 1847 qui
665 1776 716 1829 in
746 1786 935 1828 manus
963 1783 1088 1825 suas
1115 1764 1441 1827 incidebant,
1471 1757 1616 1813 mille
1643 1750 1907 1808 alliciebat
1935 1746 2084 1801 malis
2104 1783 2120 1808 ,

549 1836 731 1938 titpote
755 1866 824 1920 ab
864 1864 962 1919 hac
992 1875 1122 1916 nece
1158 1854 1407 1911 audacior
1439 1852 1624 1904 lactus.
1655 1847 1708 1900 4.
1741 1842 1906 1914 Igitur
1929 1837 2012 1910 qui
2042 1836 2119 1888 di-

549 1960 707 2031 spersi
755 1964 937 2021 erant,
984 1950 1300 2013 transibant,
1349 1941 1746 2013 evangeliaantes
1802 1932 2020 1987 verbum.
2067 1925 2121 1981 5.

552 2019 826 2121 Philippus
869 2019 1040 2101 autem
1091 2038 1392 2096 descendens
1435 2035 1489 2087 in
1537 2031 1783 2085 civitatem
1833 2019 2082 2078 Samaria:
2109 2059 2123 2081 ,

551 2113 856 2215 praedicabat
893 2139 994 2193 illis
1021 2137 1296 2190 Christum.
1333 2130 1386 2183 6.
1418 2122 1749 2180 Intendebant
1777 2126 1941 2170 autem
1972 2113 2129 2170 turba:

552 2211 854 2288 unanimiter
883 2232 962 2295 iis,
992 2244 1105 2300 qua:
1129 2244 1160 2279 a
1192 2223 1434 2292 Philippo
1461 2218 1771 2280 dicebantur,
1800 2211 2055 2264 audientes
2083 2215 2128 2258 et

552 2328 770 2381 uidentes
818 2324 963 2394 signa
1002 2335 1114 2390 qua:
1157 2316 1389 2388 faciebat.
1419 2314 1470 2365 7.
1495 2311 1536 2364 Α
1564 2308 1732 2362 multis
1761 2302 1892 2357 enim
1917 2315 2087 2354 eorum
2111 2338 2126 2360 ,

551 2419 638 2489 qui
662 2415 906 2470 habebant
936 2413 1142 2482 spiritus
1169 2404 1475 2470 immundos,
1503 2403 1776 2456 clamantes
1805 2409 1922 2448 voce
1946 2405 2131 2460 magna

553 2482 753 2564 exibant
799 2525 811 2560 :
861 2506 915 2561 8.
966 2503 1121 2557 Multi
1162 2503 1312 2555 etiam
1359 2493 1626 2568 paralytici
1666 2501 1711 2545 et
1756 2485 1925 2542 claudi
1969 2482 2130 2536 curati

555 2609 691 2654 sunt.
729 2598 782 2654 9.
827 2596 1140 2665 Factumque
1168 2601 1239 2646 est
1268 2589 1509 2659 gaudium
1548 2598 1784 2654 magnum
1813 2580 1865 2632 in
1895 2576 1984 2630 illa
2013 2574 2131 2626 civi-

555 2703 674 2746 tate.
705 2689 796 2745 Vir
823 2701 989 2743 autem
1011 2688 1218 2757 quidam
1247 2683 1445 2736 nomine
1475 2679 1671 2734 Simon.
1699 2674 1782 2743 qui
1809 2681 1925 2725 ante
1948 2679 2051 2722 erat
2080 2667 2132 2719 in

554 2785 754 2838 civitate
796 2797 972 2852 magus
995 2820 1011 2844 ,
1048 2779 1287 2832 seducens
1329 2783 1525 2841 gentem
1563 2767 1814 2823 Samaria:
1837 2807 1852 2827 ,
1885 2763 2053 2815 dicens
2081 2776 2135 2813 se

555 2891 663 2931 esse
699 2875 915 2944 aliquem
950 2886 1187 2939 magnum
1223 2882 1242 2921 :
1285 2865 1368 2919 10.
1401 2863 1483 2916 cui
1520 2858 1866 2914 auscultabunt
1906 2869 2074 2907 omnes
2103 2868 2134 2904 a

555 2943 943 3032 minimamque
962 2962 1029 3016 ad
1055 2964 1350 3017 maximum,
1375 2955 1614 3017 dicentes,
1639 2947 1739 3003 llic
1765 2957 1834 3002 est
1860 2945 2014 2999 uirtus
2041 2943 2135 2997 Dei

556 3076 763 3132 magna.
788 3057 920 3112 Vide
943 3055 1070 3110 mihi
1092 3054 1249 3109 aliam
1277 3048 1646 3109 tentationem,
1671 3056 1859 3107 nempe
1880 3037 2132 3094 Simonis.

558 3131 656 3210 Η.
672 3150 1002 3206 Attendebant
1023 3156 1186 3200 autent
1206 3145 1250 3199 ei
1277 3141 1448 3204 turbw,
1471 3147 1674 3210 pr0pter
1693 3137 1823 3204 quod
1845 3131 2001 3184 multo
2023 3141 2138 3183 tem-

562 3261 684 3316 pore
703 3243 882 3314 magiis
900 3241 1005 3296 suis
1028 3237 1354 3292 dementasset
1380 3249 1482 3286 eos.
1509 3230 1592 3283 12.
1618 3227 1742 3282 Cum
1763 3240 1875 3279 vero
1895 3222 2132 3277 credidis-

560 3312 669 3390 sent
707 3312 952 3404 Philippo
991 3325 1352 3400 euangelizanti
1379 3323 1440 3376 de
1469 3337 1620 3391 regno
1647 3317 1742 3371 Dei
1769 3326 1813 3370 et
1840 3316 1902 3368 de
1940 3312 2140 3366 nomine

560 3425 686 3481 Iesu
726 3401 912 3480 Christi
933 3464 948 3488 ,
979 3419 1365 3490 baptizabantur
1393 3414 1485 3468 uiri
1515 3423 1560 3464 et
1590 3409 1840 3462 mulieres.
1882 3406 1965 3460 15.
1996 3401 2141 3457 Tunc

565 3519 744 3573 Simon
770 3525 815 3570 et
839 3517 946 3584 ipse
970 3511 1203 3575 credidit,
1227 3518 1273 3562 et
1295 3522 1407 3559 cum
1431 3503 1709 3573 baptizatus
1735 3509 1876 3563 esset,
1905 3496 2138 3550 adliwre-

563 3611 646 3663 bat
680 3608 941 3676 Philippo.
987 3603 1175 3658 Videas
1213 3605 1363 3654 etiam
1403 3597 1548 3668 signa
1580 3605 1628 3649 et
1657 3594 1862 3648 virtutes
1897 3593 2142 3643 maximas

567 3702 678 3768 fieri
700 3740 718 3767 ,
757 3711 964 3769 stupens
996 3693 1360 3749 admirabatur.
1393 3690 1480 3745 M.
1522 3687 1649 3743 Cum
1686 3685 1938 3739 audissent
1978 3692 2142 3734 autem

567 3791 806 3861 apostoli,
827 3790 912 3860 qui
932 3797 1075 3844 erant
1093 3783 1443 3854 Jerosolymis,
1464 3779 1597 3851 quod
1618 3778 1882 3848 recepisset
1906 3773 2144 3828 Samaria

567 3883 768 3938 rerbum
797 3881 910 3947 Dei,
937 3882 1177 3934 miserunt
1203 3877 1271 3930 ad
1294 3875 1410 3928 illos
1437 3871 1642 3925 Petrum
1667 3879 1714 3922 et
1737 3863 1987 3921 Joannem
2011 3879 2029 3918 :
2055 3863 2142 3918 15.

567 3977 652 4044 qui
696 3991 811 4029 cum
853 3974 1134 4037 uenissent,
1176 3975 1443 4023 oraverunt
1481 3980 1573 4034 pro
1611 3961 1736 4030 ipsis
1775 3969 1828 4018 ut
1867 3960 2148 4031 acciperent

569 4067 818 4138 Spiritum
856 4073 1105 4119 sanctum.
1147 4061 1237 4115 16.
1285 4057 1531 4116 Nondum
1577 4055 1710 4112 enim
1755 4055 1807 4108 in
1847 4066 2147 4124 quemquam

569 4159 774 4216 illorum
808 4164 1042 4226 venerat,
1072 4156 1160 4212 sed
1194 4154 1431 4226 baptizati
1467 4159 1659 4204 tantum
1692 4156 1831 4201 erant
1864 4145 1915 4197 in
1950 4125 2151 4197 nomine

572 4255 778 4310 Domini
823 4253 967 4307 Jesu.
998 4253 1086 4306 i7.
1117 4250 1257 4304 Tunc
1285 4245 1606 4316 imponebant
1636 4257 1813 4294 manus
1841 4254 1991 4306 super
2020 4251 2105 4290 eos
2131 4277 2146 4302 ,

575 4357 621 4400 et
649 4345 959 4415 accipiebant
989 4342 1242 4412 Spiritum
1266 4346 1513 4392 sanctum.
1549 4333 1633 4387 i8.
1668 4331 1789 4384 Cum
1820 4328 2018 4382 vidisset
2054 4342 2150 4378 au-

579 4449 674 4490 tent
712 4437 889 4492 Simon
914 4475 928 4498 ,
959 4435 1079 4501 quia
1106 4448 1192 4502 per
1219 4428 1584 4498 impositionem
1607 4439 1784 4476 manus
1809 4419 2153 4490 apostolorum

580 4533 785 4582 daretur
811 4525 1036 4597 Spiritus
1067 4535 1265 4577 sanctus
1285 4563 1300 4588 ,
1331 4518 1502 4573 obtulit
1529 4516 1598 4570 eis
1627 4513 1924 4583 pecuniam,
1957 4508 2155 4565 19·άί-

579 4637 694 4673 cens
718 4636 736 4672 :
763 4617 894 4672 Date
921 4627 965 4670 et
996 4616 1120 4668 milii
1147 4617 1275 4667 hanc
1305 4619 1624 4682 potestatem,
1657 4615 1710 4658 ut
1739 4605 2029 4673 cuicumque
2057 4602 2154 4652 im-

582 4725 794 4781 posuero
820 4724 1020 4773 manus,
1049 4706 1265 4772 accipiat
1293 4701 1543 4771 Spiritum
1567 4709 1815 4752 sanctum.
1841 4693 2118 4763 Quomodo
2140 4734 2153 4759 ,

585 4801 811 4872 inquies,
846 4801 896 4855 hi
927 4800 1182 4869 Spiritum
1213 4812 1315 4850 non
1345 4791 1696 4862 accizperant?
1725 4788 1976 4858 Spiritum
2007 4800 2160 4838 art-e-

587 4903 772 4962 perant
799 4891 1145 4954 remissionis,
1172 4889 1423 4956 Spiritum
1452 4898 1577 4937 vero
1602 4882 1870 4952 signorum
1901 4877 2155 4930 nondum.

592 4983 742 5048 Vide,
769 4982 1038 5055 quomodo
1068 4982 1169 5036 hoc
1195 4993 1424 5034 cernens
1450 4975 1662 5036 Simon,
1690 4971 1913 5027 accessit
1939 4969 2040 5022 huc
2073 4985 2160 5036 pe-

591 5085 729 5130 tens.
764 5075 982 5128 Etiamsi
1011 5089 1136 5127 vero
1164 5083 1290 5126 tunc
1317 5069 1545 5123 maxime
1573 5062 1910 5134 persequutio
1938 5060 2159 5129 vigeret,

592 5177 825 5222 attamen
858 5167 998 5221 Deus
1034 5166 1179 5236 ipsos
1221 5179 1430 5219 rursum
1474 5157 1716 5214 liberavit
1755 5157 2023 5225 signorum
2065 5168 2164 5219 ope

595 5260 847 5313 munitos.
887 5257 1069 5328 Neque
1097 5258 1238 5312 enim
1270 5271 1413 5310 mors
1449 5251 1700 5321 Stephani
1734 5248 1941 5302 illorum
1975 5245 2167 5300 restin-

597 5353 674 5406 xit
704 5349 974 5416 furorem,
1003 5352 1109 5404 imo
1140 5348 1304 5418 magis
1329 5346 1508 5409 auxit;
1539 5345 1766 5413 ideoque
1791 5339 2168 5408 disperguntur

596 5444 845 5497 doctores
868 5482 884 5506 ,
919 5451 974 5495 ut
1014 5440 1255 5496 doctrina
1292 5438 1516 5508 amplius
1551 5441 1871 5504 propagetur
1920 5427 2024 5484 Sed
2053 5427 2170 5480 vide

599 5537 790 5590 iterum
831 5534 952 5588 illos
991 5533 1042 5586 in
1085 5532 1236 5585 bonis
1264 5536 1538 5584 versantes
1561 5567 1576 5591 ,
1608 5535 1662 5579 et
1693 5524 1743 5577 in
1783 5521 1978 5592 gaudio
2009 5537 2022 5572 :
2051 5532 2171 5570 nam

575 5621 671 5682 'ait
701 5645 713 5678 :
750 5626 966 5680 Factum
995 5639 1067 5679 est
1095 5624 1337 5694 gaudium
1366 5635 1600 5691 magnum
1629 5619 1680 5670 in
1707 5616 1937 5678 civitate;
1967 5611 2172 5667 etisnnsi

598 5719 776 5777 luctus
802 5733 1011 5792 quoque
1043 5731 1264 5785 magnus
1294 5712 1472 5767 fuerit.
1516 5709 1604 5762 Sic
1632 5707 1768 5760 solet
1795 5706 1937 5758 Deus
1968 5716 2177 5770 semper

604 5820 779 5875 facere
805 5857 818 5881 ,
848 5813 1084 5868 tristibus
1113 5821 1306 5876 nempe
1336 5805 1454 5859 lana
1481 5799 1773 5854 admiscere
1801 5837 1814 5860 ,
1845 5805 1902 5848 ut
1931 5793 2096 5861 magis
2127 5792 2176 5844 in

608 5909 954 5967 admiratione
982 5905 1068 5961 sit.
1098 5904 1143 5958 A
1171 5896 1338 5956 multo
1365 5905 1540 5951 autem
1575 5891 1686 5964 jam
1721 5897 1961 5958 tempore
1986 5882 2174 5940 morbo

1271 449 1328 504 S.
1355 441 1629 504 .lO.\NNlS
1655 426 2122 496 CIIRYSOSTOMI
2159 426 2477 484 ARCIIIEP.
2503 421 3033 485 CONSTANTISOP.

3653 427 3740 484 ιιι

2219 543 2492 599 laborabat
2514 541 2902 608 Simon;‘unde
2949 553 3121 610 neque
3161 537 3240 593 sic
3279 535 3348 592 ab
3385 536 3471 593 illo
3499 538 3736 602 liberatur.

2215 634 2493 702 Quomodo
2540 643 2715 689 autem
2759 633 2906 688 illum
2951 629 3278 701 baptizavit?
3316 629 3461 685 Sicut
3499 643 3550 689 et
3579 633 3742 693 ludam

2217 728 2457 782 Christus
2479 727 2656 799 elegit.
2680 727 2777 782 Hie
2799 727 2947 797 signa
2971 725 3180 788 videns,
3202 721 3520 791 obstupescit
3538 729 3742 796 quidem,

2219 831 2322 873 non
2348 819 2506 874 audet
2525 833 2652 873 vero
2675 819 2896 888 gratiam
2917 818 3188 886 signorum
3214 823 3412 886 petere,
3439 817 3554 885 quia
3575 820 3746 876 sciebat

2219 911 2377 963 etiam
2408 911 2542 964 alios
2568 911 2804 965 nondum
2831 908 3120 976 accepisse.
3149 905 3426 972 Quomodo
3454 906 3603 976 igitur
3621 909 3746 966 illum

2223 1018 2326 1057 non
2368 1001 2677 1058 occiderunt
2719 1002 2850 1055 sicut
2894 1001 3149 1055 Ananiam
3181 1007 3234 1054 et
3277 995 3749 1070 Sapphiram?Quia

2221 1097 2379 1149 etiam
2424 1096 2550 1149 olim
2595 1096 2639 1148 is
2661 1137 2676 1159 ,
2705 1092 2792 1165 qui
2838 1094 2973 1164 ligna
3015 1094 3301 1162 collegerat
3323 1133 3339 1158 ,
3373 1094 3572 1148 occisus
3607 1107 3677 1150 est
3707 1099 3749 1153 iu

2223 1189 2554 1256 exemplum;
2585 1201 2755 1257 neque
2785 1187 2921 1242 ultra
2949 1187 3083 1241 alius
3109 1185 3370 1256 quispiam
3398 1183 3446 1240 id
3476 1202 3647 1256 passus
3667 1201 3750 1244 est.

2225 1278 2314 1334 Sic
2341 1288 2395 1334 et
2420 1293 2561 1334 nunc
2597 1279 2782 1334 Petrus
2813 1277 2937 1334 facit
2967 1297 2980 1332 :
3008 1278 3215 1343 illisuue
3251 1277 3448 1348 punitis
3469 1321 3484 1344 ,
3515 1279 3642 1335 hunc
3667 1298 3753 1338 nou

2226 1373 2394 1440 punit,
2427 1371 2520 1427 sed
2552 1371 2625 1426 ait
2654 1371 2726 1427 illi
2757 1390 2771 1425 :
2796 1371 2885 1427 20.
2919 1371 3142 1424 Pecunia
3166 1379 3253 1424 tua
3277 1380 3435 1424 tecum
3457 1372 3516 1424 sit
3540 1371 3591 1425 in
3617 1375 3758 1440 perdi-

2227 1463 2430 1527 tionem,
2456 1465 2692 1528 quoniam
2725 1463 2911 1518 donum
2944 1463 3034 1516 Dei
3063 1462 3250 1529 putasti
3279 1462 3485 1531 pecunia
3510 1465 3700 1534 acquiri.

2299 1557 2351 1612 '5.
2385 1556 2486 1610 Cur
2510 1573 2541 1609 a
2571 1555 2812 1626 Philippo
2840 1555 3073 1624 baptizati
3101 1571 3199 1607 non
3227 1565 3520 1622 acceperunt
3546 1553 3761 1624 Spiritum

2228 1659 2474 1702 sanctum.
2508 1643 2735 1703 Historia
2762 1647 2985 1702 Simonis
3009 1647 3348 1701 continuatur.
3382 1641 3588 1700 Nullum
3616 1664 3762 1718 perca-

2231 1751 2334 1793 tum
2361 1758 2460 1794 non
2485 1741 2752 1794 remittitur
2776 1739 3126 1811 pmniteML—
3144 1737 3210 1792 Et
3229 1738 3322 1791 cur
3349 1737 3399 1791 hi
3425 1738 3655 1807 baptizati
3677 1757 3761 1796 non

2231 1842 2549 1900 acceperant
2586 1829 2840 1901 Spiritum
2888 1829 3167 1885 sanctum?
3212 1827 3309 1883 Vel
3363 1831 3482 1896 quia
3531 1829 3766 1900 Philippus

2232 1923 2359 1980 dare
2386 1942 2546 1980 ausus
2576 1941 2678 1980 non
2707 1934 2820 1979 erat
2839 1967 2853 1990 ,
2884 1922 3022 1978 hunc
3051 1938 3331 1978 reservans
3355 1921 3602 1992 apostolis
3629 1923 3767 1977 hono-

2234 2034 2380 2081 rem;
2413 2019 2522 2073 sive
2550 2019 2673 2088 quia
2703 2017 2804 2072 hoe
2828 2015 3088 2071 charisma
3118 2031 3223 2069 non
3245 2013 3474 2068 habebat
3499 2015 3626 2083 (erat
3651 2017 3768 2069 enim

2233 2128 2297 2165 ex
2331 2111 2432 2166 illis
2460 2108 2699 2182 septem)
2731 2129 2743 2166 :
2774 2109 2824 2164 id
2869 2109 3007 2180 quod
3049 2109 3212 2179 magis
3250 2105 3460 2162 videtur
3502 2106 3767 2162 dit-enthea.

2236 2204 2369 2258 Puto
2399 2213 2547 2259 certe
2578 2202 2719 2258 hunc
2745 2199 3046 2272 Philippum
3073 2215 3135 2254 ex
3168 2208 3372 2268 septem
3404 2197 3506 2252 illis
3531 2212 3641 2252 esse
3659 2239 3673 2262 ,
3701 2213 3773 2250 se.

2235 2298 2464 2353 cundum
2505 2311 2535 2351 a
2572 2295 2844 2366 Stephano
2865 2293 2906 2350 ¹.
2937 2293 3291 2362 Quamobrem
3321 2305 3444 2344 cum
3483 2289 3769 2359 baptizaret,

2237 2393 2490 2462 Spiritum
2520 2387 2795 2460 baptizatis
2825 2403 2929 2442 non
2959 2387 3120 2442 dabat
3159 2405 3172 2440 :
3212 2400 3384 2454 neque
3413 2383 3550 2437 enim
3581 2390 3776 2450 potestn-

2241 2497 2342 2540 tem
2387 2483 2646 2545 habebat;
2697 2483 2797 2537 hoc
2822 2481 3018 2550 quippe
3045 2478 3241 2532 donum
3281 2474 3558 2529 duodecim
3597 2473 3775 2526 illorum

2241 2587 2441 2631 tantum
2461 2583 2594 2631 erat.
2615 2571 2888 2642 Perpende
2917 2581 3092 2624 autem
3125 2587 3137 2622 :
3170 2567 3241 2622 illi
3271 2582 3378 2620 non
3411 2567 3670 2628 exierant;
3695 2564 3778 2617 dis-

2242 2683 2516 2739 pensatum
2570 2677 2672 2732 est,
2705 2675 2762 2720 ut
2815 2665 2845 2717 ii
2885 2664 3124 2724 exirent,
3165 2660 3251 2729 qui
3287 2660 3546 2713 minorem
3585 2657 3777 2727 gratiam

2242 2764 2536 2827 habebant,
2574 2761 2714 2832 quod
2751 2758 2982 2812 nondum
3023 2757 3356 2822 accepissent
3393 2751 3640 2822 Spiritum
3678 2764 3780 2802 sau-

2242 2869 2406 2912 ctum.
2438 2855 2760 2910 Potestatem
2789 2851 3001 2922 quidem
3032 2855 3350 2917 acceperant
3381 2843 3598 2898 faciendi
3627 2843 3780 2913 signa,

2243 2967 2346 3005 non
2373 2958 2552 3004 autem
2577 2945 2829 3016 Spiritum
2859 2942 2978 2997 aliis
3005 2939 3183 2995 dandi.
3215 2939 3381 3009 Igitur
3408 2936 3523 2991 luec
3547 2933 3784 3004 apostolu-

2245 3059 2361 3098 rum
2385 3050 2500 3097 erat
2537 3039 2916 3110 praerogativa;
2960 3035 3184 3103 ideoque
3224 3041 3279 3087 et
3319 3028 3665 3102 cory‘phmos,
3700 3041 3783 3080 non

2243 3138 2396 3201 alios,
2425 3133 2605 3188 videre
2629 3140 2712 3187 est
2739 3131 2838 3184 hoc
2865 3128 3061 3183 facere.
3100 3124 3283 3178 Videas
3313 3133 3485 3177 autem
3513 3119 3787 3179 Simonfln-

2244 3230 2386 3300 quit,
2408 3227 2543 3298 quod
2573 3242 2659 3296 per
2684 3222 3046 3293 impositionem
3081 3232 3323 3271 manuum
3352 3213 3682 3285 apostolorum
3714 3208 3788 3261 da-

2243 3333 2379 3378 retur
2406 3320 2629 3388 Spiritus
2655 3327 2880 3372 sanctus.
2912 3313 3022 3367 Non
3051 3312 3127 3366 sic
3151 3308 3410 3372 dixisset,
3440 3306 3537 3359 nisi
3575 3299 3790 3358 sensibile

2245 3415 2514 3486 quidpiam
2540 3412 2732 3467 factum
2760 3409 2961 3462 fuisset.
2992 3404 3101 3457 Hoc
3121 3413 3173 3455 et
3197 3400 3394 3456 Paulus
3423 3397 3542 3452 fecit
3565 3437 3579 3466 ,
3601 3409 3710 3452 cunt
3732 3395 3792 3448 Io-

2247 3515 2533 3580 querentur
2559 3502 2770 3573 linguis.
2801 3497 3041 3554 Vidistin‘
3067 3493 3300 3552 Simonis
3327 3492 3544 3551 seelus?
3570 3488 3792 3547 Pecunia-.5

2247 3601 2457 3654 obtulit.
2486 3596 2640 3666 Atqui
2666 3609 2768 3648 non
2790 3591 2990 3648 viderat
3021 3587 3166 3646 iilum
3191 3603 3287 3659 pro
3309 3585 3532 3657 pecunia
3557 3582 3604 3647 id
3632 3579 3792 3635 nicieu-

2253 3706 2358 3749 tem
2389 3713 2400 3746 :
2438 3690 2576 3745 unde
2606 3705 2710 3746 nan
2739 3688 3030 3761 ignorantis
3057 3702 3189 3754 opus
3218 3693 3334 3738 erat
3356 3722 3372 3747 ,
3414 3677 3508 3733 sed
3541 3671 3793 3731 tentantis.

2251 3798 2305 3842 et
2331 3784 2556 3844 volentis
2580 3759 2779 3839 crimen
2807 3781 3084 3836 intentare.
3113 3775 3342 3844 Ideoque
3369 3770 3519 3826 audit
3551 3787 3562 3821 :
3592 3766 3674 3820 9-1.
3703 3759 3796 3816 Non

2252 3894 2324 3939 est
2349 3881 2436 3937 tibi
2462 3895 2579 3946 pars
2605 3891 2763 3945 neque
2789 3889 2898 3928 sors
2925 3873 2978 3925 in
3003 3883 3229 3925 sermone
3255 3867 3354 3919 isto
3381 3879 3401 3917 :
3428 3878 3516 3915 cor
3540 3859 3662 3913 enim
3688 3866 3797 3907 tuum

2253 3992 2356 4029 non
2380 3982 2451 4027 est
2475 3980 2664 4025 rectum
2685 3982 2856 4022 coram
2877 3962 3004 4017 Deo.
3030 3961 3225 4016 lterum
3253 3972 3380 4028 quae
3409 3956 3461 4009 in
3490 3962 3659 4008 mente
3677 3952 3801 4002 erant

2254 4069 2408 4125 aii‘ert
2435 4068 2488 4122 in
2517 4064 2782 4125 medium,
2811 4060 2932 4130 quia
2963 4057 3050 4112 ille
3072 4071 3130 4111 se
3148 4054 3316 4108 latere
3339 4049 3580 4122 putabat.
3605 4040 3801 4099 22.1%:-

2256 4164 2516 4218 nitentiam
2539 4160 2705 4227 itaque
2729 4171 2820 4226 age
2844 4154 2907 4206 ab
2934 4153 3026 4205 Itac
3055 4148 3275 4216 nequitia
3301 4156 3393 4199 tua
3410 4183 3424 4208 ,
3451 4153 3497 4198 et
3523 4157 3643 4210 roga
3667 4133 3804 4190 Domi-

2256 4272 2376 4311 num
2398 4294 2414 4316 ,
2453 4253 2497 4307 si
2537 4224 2666 4322 forte
2703 4224 2984 4301 remittatur
3013 4241 3100 4296 tibi
3131 4241 3239 4295 Iuec
3267 4236 3512 4309 cogitatio
3537 4230 3694 4286 cordis
3729 4224 3802 4278 tui.

2255 4348 2347 4403 ‘25.
2375 4344 2442 4400 In
2473 4316 2590 4414 fel-le
2616 4339 2746 4395 enim
2781 4333 3163 4394 amaritudinis,
3193 4339 3239 4384 et
3262 4329 3317 4383 in
3344 4326 3546 4382 vinculo
3569 4316 3805 4392 iniquitatis

2258 4441 2400 4496 rideo
2427 4411 2482 4493 te.
2499 4453 2623 4492 esse.
2653 4435 2745 4488 24.
2769 4428 3095 4500 Respondeas
3121 4435 3289 4480 autem
3315 4422 3503 4479 Simon
3527 4418 3686 4472 dixit:
3711 4411 3806 4464 Pre-

2260 4533 2446 4588 camini
2475 4546 2560 4585 vos
2591 4545 2682 4598 pro
2711 4542 2790 4580 nte
2815 4524 2883 4576 ad
2911 4520 3183 4576 Dominum
3201 4557 3216 4582 ,
3250 4525 3303 4570 ut
3333 4515 3468 4569 nihil
3497 4511 3654 4566 veiiiat
3690 4518 3808 4574 super

2261 4643 2340 4680 me
2361 4627 2541 4679 horum
2558 4593 2671 4691 qua:
2688 4618 2903 4674 dixistis.
2925 4615 3058 4670 Cum
3079 4609 3408 4681 oportuisset
3431 4605 3578 4660 illum
3598 4617 3659 4655 ex
3679 4593 3808 4651 corde

2265 4714 2629 4788 paenitentiam
2667 4724 2827 4780 agere
2853 4717 2908 4762 et
2932 4705 3059 4760 ﬂere
3078 4741 3095 4770 ,
3136 4701 3226 4756 ille
3255 4694 3616 4768 perfunctorie
3644 4698 3810 4744 tantum

2267 4773 2366 4864 boc
2391 4807 2538 4862 facit.
2562 4805 2623 4859 Si
2644 4773 2774 4873 forte
2796 4799 3078 4854 remittatur
3099 4794 3204 4847 tibi.
3223 4791 3338 4846 Hoc
3365 4788 3560 4858 inquit,
3585 4799 3680 4837 non
3701 4773 3811 4847 quod

2268 4921 2371 4960 nun
2401 4900 2681 4955 remissum
2708 4896 2895 4950 fuisset
2934 4891 3043 4955 illi,
3086 4889 3132 4944 si
3161 4887 3464 4956 plorasset;
3505 4877 3598 4933 sed
3629 4887 3732 4928 mos
3755 4875 3817 4922 est

2267 4997 2427 5052 etiam
2455 4990 2728 5064 prophetis
2755 4987 2926 5043 solum
2955 4977 3218 5050 denegare
3237 5019 3253 5042 ,
3285 4991 3390 5031 nec
3417 4973 3596 5027 dicere
3627 4987 3640 5022 :
3668 4965 3718 5019 Si
3739 4975 3816 5014 auo

2271 5107 2380 5150 tem
2404 5055 2508 5143 hiic
2535 5055 2746 5147 feceris,
2772 5074 3158 5134 condonabitur
3179 5069 3309 5132 tibi;
3339 5065 3438 5122 sed
3470 5060 3685 5118 omnino
3710 5055 3821 5150 tutuo

2274 5199 2384 5237 ram
2418 5192 2626 5249 pinnam
2655 5168 2990 5228 denuntiare.
3031 5163 3112 5218 Tu
3152 5174 3277 5214 vero
3317 5157 3518 5211 mirare
3541 5193 3557 5217 ,
3588 5139 3820 5218 quomodo

2274 5278 2326 5330 in
2358 5235 2596 5341 tempore
2623 5260 2940 5322 calamitatis
2978 5271 3082 5312 non
3128 5251 3434 5323 negligant,
3475 5245 3569 5302 sed
3597 5235 3819 5312 pra-dica-

2341 5453 2356 5484 ¹
2391 5447 2533 5500 savii.
2563 5447 2638 5497 sic
2678 5441 2826 5493 habet
2844 5475 2858 5497 ,
2883 5436 3010 5486 unde
3039 5430 3159 5485 ηιώὶ
3180 5429 3371 5500 uidetur
3413 5417 3825 5500 hunc

2279 5515 2298 5576 (
2321 5485 2958 5576 «ιωξξιὶὶὶοἷίἇωῗιῖίίιὶιεὴι
2989 5485 3237 5576 convertit
3260 5494 3277 5554 )
3299 5498 3578 5576 uitant'csse
3600 5498 3625 5533 e
3641 5485 3822 5576 ι

2452 5573 2460 5576 “
2658 5575 2664 5576 ⁷
2737 5565 2747 5576 ¹
2882 5575 2889 5576 ί
2928 5559 3004 5576 ·-¹-²
3030 5568 3191 5576 ·------
3233 5561 3392 5576 «unum
3417 5565 3435 5576 ι
3481 5561 3558 5576 ...ιο
3580 5559 3638 5576 ην
3699 5558 3719 5576 ι,
3807 5557 3822 5569 .

2279 5549 2891 5630 illiniiiihiii'siéﬁhano;
2918 5558 3194 5630 philippum
3227 5549 3558 5630 autemfitlum
3579 5549 3824 5630 quih

2279 5605 3136 5695 :‘aat‘u'eaurézHaustanen;
3166 5629 3367 5667 ηυηιετο
3390 5612 3564 5695 ῖηίδδξί
3580 5605 3824 5695 ἒξέἳῗὲιῗζ

2279 5669 2728 5750 Eiitaiafsmﬁa
2735 5669 3075 5750 senatus
3082 5681 3225 5750 :nipsc
3255 5669 3472 5750 nanitu
3494 5669 3827 5750 9hry§0ﬁ°‘ﬂf{'

2748 5735 2835 5807 ait,
2861 5735 2974 5798 eum
2983 5735 3376 5818 tquiEunucbum

2284 5793 2972 5882 {iiiié‘ie‘ﬁié‘iiiiiiiédiioﬁa
2989 5793 3160 5859 fuisse.
3193 5812 3352 5864 Quare
3389 5793 3571 5852 διοέυυί
3599 5793 3829 5844 lectionem

2288 5897 2340 5938 ut
2363 5876 2622 5950 genuinam
2643 5876 2954 5927 retinnimus.
3147 5903 3154 5906 .
