  <div class='ocr_page' id='page_1' title='image "/cluster/home/n/w/nwhite01/storage/ocr_20150623/60/hvd.32044019207810/150.png"; bbox 0 0 3978 6470; ppageno 0'>
   <div class='ocr_carea' id='block_1_1' title="bbox 131 439 2404 539">
    <p class='ocr_par' dir='ltr' id='par_1_1' title="bbox 131 439 2404 539">
     <span class='ocr_line' id='line_1_1' title="bbox 131 439 2404 539; baseline -0.011 -21"><span class='ocrx_word' id='word_1_1' title='bbox 131 460 219 518; x_wconf 73' lang='lat' dir='ltr'><strong>HS</strong></span> <span class='ocrx_word' id='word_1_2' title='bbox 1049 450 1127 539; x_wconf 31' lang='grc' dir='ltr'><strong>,ΙΝ</strong></span> <span class='ocrx_word' id='word_1_3' title='bbox 1164 448 1345 505; x_wconf 86' lang='lat' dir='ltr'><strong>ACTA</strong></span> <span class='ocrx_word' id='word_1_4' title='bbox 1384 441 1902 503; x_wconf 73' lang='lat' dir='ltr'><strong>APOSTOLORUM.</strong></span> <span class='ocrx_word' id='word_1_5' title='bbox 1946 440 2171 498; x_wconf 80' lang='lat' dir='ltr'><strong>HOMIL.</strong></span> <span class='ocrx_word' id='word_1_6' title='bbox 2218 439 2404 497; x_wconf 79' lang='lat' dir='ltr'><strong>XVIII.</strong></span> 
     </span>
    </p>
   </div>
   <div class='ocr_carea' id='block_1_2' title="bbox 129 561 1685 640">
    <p class='ocr_par' dir='ltr' id='par_1_2' title="bbox 129 561 1685 640">
     <span class='ocr_line' id='line_1_2' title="bbox 129 561 1685 640; baseline -0.012 -10"><span class='ocrx_word' id='word_1_7' title='bbox 129 575 245 631; x_wconf 88' lang='lat' dir='ltr'><strong>tioni</strong></span> <span class='ocrx_word' id='word_1_8' title='bbox 283 570 622 639; x_wconf 75' lang='lat' dir='ltr'><strong>incumbant;</strong></span> <span class='ocrx_word' id='word_1_9' title='bbox 664 575 721 626; x_wconf 87' lang='lat' dir='ltr'><strong>et</strong></span> <span class='ocrx_word' id='word_1_10' title='bbox 756 566 1052 640; x_wconf 84' lang='lat' dir='ltr'><strong>quomodo,</strong></span> <span class='ocrx_word' id='word_1_11' title='bbox 1080 565 1218 621; x_wconf 89' lang='lat' dir='ltr'><strong>sicut</strong></span> <span class='ocrx_word' id='word_1_12' title='bbox 1257 562 1356 619; x_wconf 86' lang='lat' dir='ltr'><strong>sub</strong></span> <span class='ocrx_word' id='word_1_13' title='bbox 1384 561 1563 633; x_wconf 83' lang='lat' dir='ltr'><strong>Moyse</strong></span> <span class='ocrx_word' id='word_1_14' title='bbox 1592 574 1685 629; x_wconf 88' lang='lat' dir='ltr'><strong>per</strong></span> 
     </span>
    </p>
   </div>
   <div class='ocr_carea' id='block_1_3' title="bbox 125 657 1683 738">
    <p class='ocr_par' dir='ltr' id='par_1_3' title="bbox 125 657 1683 738">
     <span class='ocr_line' id='line_1_3' title="bbox 125 657 1683 738; baseline -0.012 -12"><span class='ocrx_word' id='word_1_15' title='bbox 125 668 564 738; x_wconf 85' lang='lat' dir='ltr'><strong>comparationem</strong></span> <span class='ocrx_word' id='word_1_16' title='bbox 603 663 799 721; x_wconf 89' lang='lat' dir='ltr'><strong>ﬁebant</strong></span> <span class='ocrx_word' id='word_1_17' title='bbox 828 661 1082 717; x_wconf 87' lang='lat' dir='ltr'><strong>miracula</strong></span> <span class='ocrx_word' id='word_1_18' title='bbox 1122 659 1200 729; x_wconf 83' lang='grc' dir='ltr'><strong>(α)</strong></span> <span class='ocrx_word' id='word_1_19' title='bbox 1245 674 1262 712; x_wconf 91' lang='lat'><strong>:</strong></span> <span class='ocrx_word' id='word_1_20' title='bbox 1308 657 1376 710; x_wconf 83' lang='lat' dir='ltr'><strong>ita</strong></span> <span class='ocrx_word' id='word_1_21' title='bbox 1424 663 1479 710; x_wconf 89' lang='lat' dir='ltr'><strong>et</strong></span> <span class='ocrx_word' id='word_1_22' title='bbox 1525 667 1683 707; x_wconf 91' lang='lat' dir='ltr'><strong>nunc.</strong></span> 
     </span>
    </p>
   </div>
   <div class='ocr_carea' id='block_1_4' title="bbox 125 747 1685 830">
    <p class='ocr_par' dir='ltr' id='par_1_4' title="bbox 125 747 1685 830">
     <span class='ocr_line' id='line_1_4' title="bbox 125 747 1685 830; baseline -0.012 -16"><span class='ocrx_word' id='word_1_23' title='bbox 125 759 281 830; x_wconf 76' lang='lat' dir='ltr'><strong>Magia</strong></span> <span class='ocrx_word' id='word_1_24' title='bbox 326 768 481 823; x_wconf 89' lang='lat' dir='ltr'><strong>erat,</strong></span> <span class='ocrx_word' id='word_1_25' title='bbox 528 765 583 812; x_wconf 89' lang='lat' dir='ltr'><strong>et</strong></span> <span class='ocrx_word' id='word_1_26' title='bbox 628 763 804 811; x_wconf 89' lang='lat' dir='ltr'><strong>tamen</strong></span> <span class='ocrx_word' id='word_1_27' title='bbox 847 754 960 808; x_wconf 68' lang='lat' dir='ltr'><strong>haec</strong></span> <span class='ocrx_word' id='word_1_28' title='bbox 996 752 1142 821; x_wconf 79' lang='lat' dir='ltr'><strong>signa</strong></span> <span class='ocrx_word' id='word_1_29' title='bbox 1188 747 1461 803; x_wconf 78' lang='lat' dir='ltr'><strong>manifesta</strong></span> <span class='ocrx_word' id='word_1_30' title='bbox 1505 751 1685 810; x_wconf 88' lang='lat' dir='ltr'><strong>erant,</strong></span> 
     </span>
    </p>
   </div>
   <div class='ocr_carea' id='block_1_5' title="bbox 124 839 1691 919">
    <p class='ocr_par' dir='ltr' id='par_1_5' title="bbox 124 839 1691 919">
     <span class='ocr_line' id='line_1_5' title="bbox 124 839 1691 919; baseline -0.01 -17"><span class='ocrx_word' id='word_1_31' title='bbox 124 848 353 919; x_wconf 81' lang='lat' dir='ltr'><strong>quamvis</strong></span> <span class='ocrx_word' id='word_1_32' title='bbox 373 848 574 902; x_wconf 90' lang='lat' dir='ltr'><strong>nullum</strong></span> <span class='ocrx_word' id='word_1_33' title='bbox 598 845 670 899; x_wconf 89' lang='lat' dir='ltr'><strong>ibi</strong></span> <span class='ocrx_word' id='word_1_34' title='bbox 689 851 960 914; x_wconf 88' lang='lat' dir='ltr'><strong>oporteret</strong></span> <span class='ocrx_word' id='word_1_35' title='bbox 976 857 1093 896; x_wconf 85' lang='lat' dir='ltr'><strong>esse</strong></span> <span class='ocrx_word' id='word_1_36' title='bbox 1110 839 1512 901; x_wconf 68' lang='lat' dir='ltr'><strong>diemoniacum,</strong></span> <span class='ocrx_word' id='word_1_37' title='bbox 1533 849 1691 904; x_wconf 88' lang='lat' dir='ltr'><strong>quan-</strong></span> 
     </span>
    </p>
   </div>
   <div class='ocr_carea' id='block_1_6' title="bbox 124 926 1694 1010">
    <p class='ocr_par' dir='ltr' id='par_1_6' title="bbox 124 926 1694 1010">
     <span class='ocr_line' id='line_1_6' title="bbox 124 926 1694 1010; baseline -0.008 -16"><span class='ocrx_word' id='word_1_38' title='bbox 124 941 398 1010; x_wconf 82' lang='lat' dir='ltr'><strong>doquidem</strong></span> <span class='ocrx_word' id='word_1_39' title='bbox 434 956 463 992; x_wconf 89' lang='lat' dir='ltr'><strong>a</strong></span> <span class='ocrx_word' id='word_1_40' title='bbox 495 939 664 994; x_wconf 90' lang='lat' dir='ltr'><strong>multo</strong></span> <span class='ocrx_word' id='word_1_41' title='bbox 700 939 809 1006; x_wconf 87' lang='lat' dir='ltr'><strong>jam</strong></span> <span class='ocrx_word' id='word_1_42' title='bbox 853 946 1091 1006; x_wconf 91' lang='lat' dir='ltr'><strong>tempore</strong></span> <span class='ocrx_word' id='word_1_43' title='bbox 1129 932 1315 1003; x_wconf 88' lang='lat' dir='ltr'><strong>magiis</strong></span> <span class='ocrx_word' id='word_1_44' title='bbox 1356 926 1694 985; x_wconf 88' lang='lat' dir='ltr'><strong>dementabat</strong></span> 
     </span>
    </p>
   </div>
   <div class='ocr_carea' id='block_1_7' title="bbox 124 1022 1689 1099">
    <p class='ocr_par' dir='ltr' id='par_1_7' title="bbox 124 1022 1689 1099">
     <span class='ocr_line' id='line_1_7' title="bbox 124 1022 1689 1099; baseline -0.008 -13"><span class='ocrx_word' id='word_1_45' title='bbox 124 1033 232 1087; x_wconf 81' lang='lat' dir='ltr'><strong>illos</strong></span> <span class='ocrx_word' id='word_1_46' title='bbox 263 1049 279 1086; x_wconf 89' lang='lat'><strong>:</strong></span> <span class='ocrx_word' id='word_1_47' title='bbox 309 1032 433 1099; x_wconf 82' lang='lat' dir='ltr'><strong>quia</strong></span> <span class='ocrx_word' id='word_1_48' title='bbox 465 1045 593 1086; x_wconf 82' lang='lat' dir='ltr'><strong>vero</strong></span> <span class='ocrx_word' id='word_1_49' title='bbox 616 1031 767 1085; x_wconf 91' lang='lat' dir='ltr'><strong>multi</strong></span> <span class='ocrx_word' id='word_1_50' title='bbox 793 1036 948 1084; x_wconf 88' lang='lat' dir='ltr'><strong>erant</strong></span> <span class='ocrx_word' id='word_1_51' title='bbox 973 1026 1282 1083; x_wconf 70' lang='lat' dir='ltr'><strong>dietnoniaci</strong></span> <span class='ocrx_word' id='word_1_52' title='bbox 1304 1065 1319 1091; x_wconf 92' lang='lat'><strong>,</strong></span> <span class='ocrx_word' id='word_1_53' title='bbox 1352 1022 1504 1077; x_wconf 91' lang='lat' dir='ltr'><strong>multi</strong></span> <span class='ocrx_word' id='word_1_54' title='bbox 1534 1034 1689 1090; x_wconf 89' lang='lat' dir='ltr'><strong>para-</strong></span> 
     </span>
    </p>
   </div>
   <div class='ocr_carea' id='block_1_8' title="bbox 126 1111 1691 1195">
    <p class='ocr_par' dir='ltr' id='par_1_8' title="bbox 126 1111 1691 1195">
     <span class='ocr_line' id='line_1_8' title="bbox 126 1111 1691 1195; baseline -0.008 -16"><span class='ocrx_word' id='word_1_55' title='bbox 126 1124 293 1195; x_wconf 85' lang='lat' dir='ltr'><strong>lytici;</strong></span> <span class='ocrx_word' id='word_1_56' title='bbox 336 1123 429 1177; x_wconf 90' lang='lat' dir='ltr'><strong>illa</strong></span> <span class='ocrx_word' id='word_1_57' title='bbox 474 1123 668 1178; x_wconf 84' lang='lat' dir='ltr'><strong>veritas</strong></span> <span class='ocrx_word' id='word_1_58' title='bbox 711 1137 814 1176; x_wconf 92' lang='lat' dir='ltr'><strong>non</strong></span> <span class='ocrx_word' id='word_1_59' title='bbox 858 1128 1030 1175; x_wconf 89' lang='lat' dir='ltr'><strong>erant.</strong></span> <span class='ocrx_word' id='word_1_60' title='bbox 1069 1118 1164 1173; x_wconf 87' lang='lat' dir='ltr'><strong>llic</strong></span> <span class='ocrx_word' id='word_1_61' title='bbox 1210 1130 1339 1170; x_wconf 86' lang='lat' dir='ltr'><strong>vero</strong></span> <span class='ocrx_word' id='word_1_62' title='bbox 1381 1129 1485 1169; x_wconf 93' lang='lat' dir='ltr'><strong>non</strong></span> <span class='ocrx_word' id='word_1_63' title='bbox 1527 1111 1691 1182; x_wconf 84' lang='lat' dir='ltr'><strong>signis</strong></span> 
     </span>
    </p>
   </div>
   <div class='ocr_carea' id='block_1_9' title="bbox 125 1203 1690 1277">
    <p class='ocr_par' dir='ltr' id='par_1_9' title="bbox 125 1203 1690 1277">
     <span class='ocr_line' id='line_1_9' title="bbox 125 1203 1690 1277; baseline -0.007 -10"><span class='ocrx_word' id='word_1_64' title='bbox 125 1212 293 1274; x_wconf 85' lang='lat' dir='ltr'><strong>modo,</strong></span> <span class='ocrx_word' id='word_1_65' title='bbox 324 1214 421 1268; x_wconf 88' lang='lat' dir='ltr'><strong>sed</strong></span> <span class='ocrx_word' id='word_1_66' title='bbox 456 1214 619 1267; x_wconf 87' lang='lat' dir='ltr'><strong>verbo</strong></span> <span class='ocrx_word' id='word_1_67' title='bbox 648 1213 768 1267; x_wconf 90' lang='lat' dir='ltr'><strong>illos</strong></span> <span class='ocrx_word' id='word_1_68' title='bbox 794 1210 1074 1266; x_wconf 78' lang='lat' dir='ltr'><strong>inducebat</strong></span> <span class='ocrx_word' id='word_1_69' title='bbox 1099 1209 1166 1263; x_wconf 87' lang='lat' dir='ltr'><strong>de</strong></span> <span class='ocrx_word' id='word_1_70' title='bbox 1194 1222 1356 1277; x_wconf 84' lang='lat' dir='ltr'><strong>regno</strong></span> <span class='ocrx_word' id='word_1_71' title='bbox 1382 1204 1577 1261; x_wconf 79' lang='lat' dir='ltr'><strong>Christi</strong></span> <span class='ocrx_word' id='word_1_72' title='bbox 1609 1203 1690 1257; x_wconf 88' lang='lat' dir='ltr'><strong>lo-</strong></span> 
     </span>
    </p>
   </div>
   <div class='ocr_carea' id='block_1_10' title="bbox 124 1295 1688 1375">
    <p class='ocr_par' dir='ltr' id='par_1_10' title="bbox 124 1295 1688 1375">
     <span class='ocr_line' id='line_1_10' title="bbox 124 1295 1688 1375; baseline -0.006 -15"><span class='ocrx_word' id='word_1_73' title='bbox 124 1320 301 1375; x_wconf 82' lang='lat' dir='ltr'><strong>quens.</strong></span> <span class='ocrx_word' id='word_1_74' title='bbox 332 1309 402 1359; x_wconf 81' lang='lat' dir='ltr'><strong>At</strong></span> <span class='ocrx_word' id='word_1_75' title='bbox 429 1307 643 1371; x_wconf 70' lang='lat' dir='ltr'><strong>Simon,</strong></span> <span class='ocrx_word' id='word_1_76' title='bbox 686 1304 888 1374; x_wconf 80' lang='lat' dir='ltr'><strong>inquit,</strong></span> <span class='ocrx_word' id='word_1_77' title='bbox 918 1304 1210 1371; x_wconf 83' lang='lat' dir='ltr'><strong>baptizatus</strong></span> <span class='ocrx_word' id='word_1_78' title='bbox 1230 1298 1536 1355; x_wconf 66' lang='lat' dir='ltr'><strong>adhmrebat</strong></span> <span class='ocrx_word' id='word_1_79' title='bbox 1567 1295 1688 1350; x_wconf 81' lang='lat' dir='ltr'><strong>Phi—</strong></span> 
     </span>
    </p>
   </div>
   <div class='ocr_carea' id='block_1_11' title="bbox 124 1390 1694 1464">
    <p class='ocr_par' dir='ltr' id='par_1_11' title="bbox 124 1390 1694 1464">
     <span class='ocr_line' id='line_1_11' title="bbox 124 1390 1694 1464; baseline -0.006 -15"><span class='ocrx_word' id='word_1_80' title='bbox 124 1396 278 1464; x_wconf 85' lang='lat' dir='ltr'><strong>lippo.</strong></span> <span class='ocrx_word' id='word_1_81' title='bbox 310 1396 428 1450; x_wconf 80' lang='lat' dir='ltr'><strong>Non</strong></span> <span class='ocrx_word' id='word_1_82' title='bbox 464 1396 581 1451; x_wconf 90' lang='lat' dir='ltr'><strong>ﬁdei</strong></span> <span class='ocrx_word' id='word_1_83' title='bbox 612 1411 790 1459; x_wconf 88' lang='lat' dir='ltr'><strong>causa,</strong></span> <span class='ocrx_word' id='word_1_84' title='bbox 817 1395 912 1450; x_wconf 91' lang='lat' dir='ltr'><strong>sed</strong></span> <span class='ocrx_word' id='word_1_85' title='bbox 940 1404 997 1448; x_wconf 92' lang='lat' dir='ltr'><strong>ut</strong></span> <span class='ocrx_word' id='word_1_86' title='bbox 1022 1394 1138 1448; x_wconf 90' lang='lat' dir='ltr'><strong>talis</strong></span> <span class='ocrx_word' id='word_1_87' title='bbox 1169 1394 1280 1463; x_wconf 87' lang='lat' dir='ltr'><strong>ipse</strong></span> <span class='ocrx_word' id='word_1_88' title='bbox 1307 1394 1476 1456; x_wconf 88' lang='lat' dir='ltr'><strong>ﬁeret,</strong></span> <span class='ocrx_word' id='word_1_89' title='bbox 1506 1390 1694 1443; x_wconf 77' lang='lat' dir='ltr'><strong>adlue-</strong></span> 
     </span>
    </p>
   </div>
   <div class='ocr_carea' id='block_1_12' title="bbox 122 1482 1695 1557">
    <p class='ocr_par' dir='ltr' id='par_1_12' title="bbox 122 1482 1695 1557">
     <span class='ocr_line' id='line_1_12' title="bbox 122 1482 1695 1557; baseline -0.007 -13"><span class='ocrx_word' id='word_1_90' title='bbox 122 1491 282 1544; x_wconf 84' lang='lat' dir='ltr'><strong>rebat.</strong></span> <span class='ocrx_word' id='word_1_91' title='bbox 320 1490 422 1556; x_wconf 83' lang='lat' dir='ltr'><strong>Qui</strong></span> <span class='ocrx_word' id='word_1_92' title='bbox 447 1507 559 1544; x_wconf 85' lang='lat' dir='ltr'><strong>cum</strong></span> <span class='ocrx_word' id='word_1_93' title='bbox 583 1490 827 1544; x_wconf 78' lang='lat' dir='ltr'><strong>venissent</strong></span> <span class='ocrx_word' id='word_1_94' title='bbox 853 1495 1116 1541; x_wconf 78' lang='lat' dir='ltr'><strong>arcuerunt</strong></span> <span class='ocrx_word' id='word_1_95' title='bbox 1151 1502 1243 1557; x_wconf 89' lang='lat' dir='ltr'><strong>pro</strong></span> <span class='ocrx_word' id='word_1_96' title='bbox 1278 1486 1436 1555; x_wconf 90' lang='lat' dir='ltr'><strong>ipsis,</strong></span> <span class='ocrx_word' id='word_1_97' title='bbox 1478 1492 1533 1536; x_wconf 89' lang='lat' dir='ltr'><strong>ut</strong></span> <span class='ocrx_word' id='word_1_98' title='bbox 1561 1482 1695 1534; x_wconf 79' lang='lat' dir='ltr'><strong>arci-</strong></span> 
     </span>
    </p>
   </div>
   <div class='ocr_carea' id='block_1_13' title="bbox 124 1578 1694 1651">
    <p class='ocr_par' dir='ltr' id='par_1_13' title="bbox 124 1578 1694 1651">
     <span class='ocr_line' id='line_1_13' title="bbox 124 1578 1694 1651; baseline -0.003 -20"><span class='ocrx_word' id='word_1_99' title='bbox 124 1591 286 1649; x_wconf 79' lang='lat' dir='ltr'><strong>perent</strong></span> <span class='ocrx_word' id='word_1_100' title='bbox 314 1581 567 1651; x_wconf 77' lang='lat' dir='ltr'><strong>Spiritum</strong></span> <span class='ocrx_word' id='word_1_101' title='bbox 591 1591 821 1635; x_wconf 86' lang='lat' dir='ltr'><strong>sanctum</strong></span> <span class='ocrx_word' id='word_1_102' title='bbox 847 1595 866 1634; x_wconf 90' lang='lat'><strong><em>:</em></strong></span> <span class='ocrx_word' id='word_1_103' title='bbox 894 1578 1117 1633; x_wconf 88' lang='lat' dir='ltr'><strong>nondum</strong></span> <span class='ocrx_word' id='word_1_104' title='bbox 1144 1578 1273 1633; x_wconf 85' lang='lat' dir='ltr'><strong>enim</strong></span> <span class='ocrx_word' id='word_1_105' title='bbox 1310 1579 1362 1631; x_wconf 91' lang='lat' dir='ltr'><strong>in</strong></span> <span class='ocrx_word' id='word_1_106' title='bbox 1401 1590 1694 1646; x_wconf 84' lang='lat' dir='ltr'><strong>quemquam</strong></span> 
     </span>
    </p>
   </div>
   <div class='ocr_carea' id='block_1_14' title="bbox 122 1666 1689 1741">
    <p class='ocr_par' dir='ltr' id='par_1_14' title="bbox 122 1666 1689 1741">
     <span class='ocr_line' id='line_1_14' title="bbox 122 1666 1689 1741; baseline -0.006 -15"><span class='ocrx_word' id='word_1_107' title='bbox 122 1676 318 1726; x_wconf 72' lang='lat' dir='ltr'><strong>illorum</strong></span> <span class='ocrx_word' id='word_1_108' title='bbox 357 1682 578 1727; x_wconf 70' lang='lat' dir='ltr'><strong>uenerat.</strong></span> <span class='ocrx_word' id='word_1_109' title='bbox 610 1671 753 1726; x_wconf 86' lang='lat' dir='ltr'><strong>Tunc</strong></span> <span class='ocrx_word' id='word_1_110' title='bbox 793 1671 1108 1741; x_wconf 87' lang='lat' dir='ltr'><strong>imponebant</strong></span> <span class='ocrx_word' id='word_1_111' title='bbox 1138 1686 1318 1722; x_wconf 87' lang='lat' dir='ltr'><strong>manus</strong></span> <span class='ocrx_word' id='word_1_112' title='bbox 1355 1684 1506 1732; x_wconf 82' lang='lat' dir='ltr'><strong>super</strong></span> <span class='ocrx_word' id='word_1_113' title='bbox 1541 1666 1689 1730; x_wconf 85' lang='lat' dir='ltr'><strong>illos,</strong></span> 
     </span>
    </p>
   </div>
   <div class='ocr_carea' id='block_1_15' title="bbox 123 1760 1693 1832">
    <p class='ocr_par' dir='ltr' id='par_1_15' title="bbox 123 1760 1693 1832">
     <span class='ocr_line' id='line_1_15' title="bbox 123 1760 1693 1832; baseline -0.006 -15"><span class='ocrx_word' id='word_1_114' title='bbox 123 1763 497 1832; x_wconf 74' lang='lat' dir='ltr'><strong>rtarcipiebant</strong></span> <span class='ocrx_word' id='word_1_115' title='bbox 537 1764 785 1831; x_wconf 78' lang='lat' dir='ltr'><strong>Spiritum</strong></span> <span class='ocrx_word' id='word_1_116' title='bbox 815 1772 1060 1815; x_wconf 89' lang='lat' dir='ltr'><strong>sanctunt.</strong></span> <span class='ocrx_word' id='word_1_117' title='bbox 1097 1761 1254 1814; x_wconf 84' lang='lat' dir='ltr'><strong>Vides</strong></span> <span class='ocrx_word' id='word_1_118' title='bbox 1296 1760 1407 1812; x_wconf 70' lang='lat' dir='ltr'><strong>lta‘c</strong></span> <span class='ocrx_word' id='word_1_119' title='bbox 1455 1772 1557 1810; x_wconf 90' lang='lat' dir='ltr'><strong>non</strong></span> <span class='ocrx_word' id='word_1_120' title='bbox 1608 1765 1693 1808; x_wconf 84' lang='grc' dir='ltr'><strong>ιιι-</strong></span> 
     </span>
    </p>
   </div>
   <div class='ocr_carea' id='block_1_16' title="bbox 121 1848 1694 1925">
    <p class='ocr_par' dir='ltr' id='par_1_16' title="bbox 121 1848 1694 1925">
     <span class='ocr_line' id='line_1_16' title="bbox 121 1848 1694 1925; baseline -0.008 -14"><span class='ocrx_word' id='word_1_121' title='bbox 121 1872 344 1925; x_wconf 80' lang='lat' dir='ltr'><strong>eiunque</strong></span> <span class='ocrx_word' id='word_1_122' title='bbox 374 1856 485 1909; x_wconf 88' lang='lat' dir='ltr'><strong>ﬁeri</strong></span> <span class='ocrx_word' id='word_1_123' title='bbox 510 1896 523 1919; x_wconf 91' lang='lat'><strong>,</strong></span> <span class='ocrx_word' id='word_1_124' title='bbox 554 1855 647 1910; x_wconf 87' lang='lat' dir='ltr'><strong>sed</strong></span> <span class='ocrx_word' id='word_1_125' title='bbox 678 1855 836 1909; x_wconf 88' lang='lat' dir='ltr'><strong>multa</strong></span> <span class='ocrx_word' id='word_1_126' title='bbox 869 1869 1003 1923; x_wconf 88' lang='lat' dir='ltr'><strong>opus</strong></span> <span class='ocrx_word' id='word_1_127' title='bbox 1033 1853 1195 1907; x_wconf 84' lang='lat' dir='ltr'><strong>fuisse</strong></span> <span class='ocrx_word' id='word_1_128' title='bbox 1229 1851 1419 1905; x_wconf 90' lang='lat' dir='ltr'><strong>virtute</strong></span> <span class='ocrx_word' id='word_1_129' title='bbox 1457 1849 1521 1902; x_wconf 85' lang='lat' dir='ltr'><strong>ad</strong></span> <span class='ocrx_word' id='word_1_130' title='bbox 1561 1848 1694 1901; x_wconf 88' lang='lat' dir='ltr'><strong>dan-</strong></span> 
     </span>
    </p>
   </div>
   <div class='ocr_carea' id='block_1_17' title="bbox 123 1939 1694 2015">
    <p class='ocr_par' dir='ltr' id='par_1_17' title="bbox 123 1939 1694 2015">
     <span class='ocr_line' id='line_1_17' title="bbox 123 1939 1694 2015; baseline -0.004 -16"><span class='ocrx_word' id='word_1_131' title='bbox 123 1948 235 2000; x_wconf 86' lang='lat' dir='ltr'><strong>dum</strong></span> <span class='ocrx_word' id='word_1_132' title='bbox 270 1946 532 2015; x_wconf 80' lang='lat' dir='ltr'><strong>Spiritum</strong></span> <span class='ocrx_word' id='word_1_133' title='bbox 564 1945 849 2000; x_wconf 86' lang='lat' dir='ltr'><strong>sanctum?</strong></span> <span class='ocrx_word' id='word_1_134' title='bbox 890 1944 1001 1999; x_wconf 84' lang='lat' dir='ltr'><strong>Non</strong></span> <span class='ocrx_word' id='word_1_135' title='bbox 1032 1943 1173 1999; x_wconf 89' lang='lat' dir='ltr'><strong>enim</strong></span> <span class='ocrx_word' id='word_1_136' title='bbox 1207 1942 1345 1996; x_wconf 92' lang='lat' dir='ltr'><strong>idem</strong></span> <span class='ocrx_word' id='word_1_137' title='bbox 1386 1949 1467 1996; x_wconf 88' lang='lat' dir='ltr'><strong>est</strong></span> <span class='ocrx_word' id='word_1_138' title='bbox 1501 1939 1694 1993; x_wconf 87' lang='lat' dir='ltr'><strong>remis-</strong></span> 
     </span>
    </p>
   </div>
   <div class='ocr_carea' id='block_1_18' title="bbox 122 2031 1697 2109">
    <p class='ocr_par' dir='ltr' id='par_1_18' title="bbox 122 2031 1697 2109">
     <span class='ocr_line' id='line_1_18' title="bbox 122 2031 1697 2109; baseline -0.004 -16"><span class='ocrx_word' id='word_1_139' title='bbox 122 2040 320 2093; x_wconf 80' lang='lat' dir='ltr'><strong>sionem</strong></span> <span class='ocrx_word' id='word_1_140' title='bbox 339 2038 619 2109; x_wconf 87' lang='lat' dir='ltr'><strong>consequi,</strong></span> <span class='ocrx_word' id='word_1_141' title='bbox 637 2046 691 2093; x_wconf 91' lang='lat' dir='ltr'><strong>et</strong></span> <span class='ocrx_word' id='word_1_142' title='bbox 708 2038 865 2093; x_wconf 82' lang='lat' dir='ltr'><strong>talem</strong></span> <span class='ocrx_word' id='word_1_143' title='bbox 889 2037 1129 2105; x_wconf 80' lang='lat' dir='ltr'><strong>accipere</strong></span> <span class='ocrx_word' id='word_1_144' title='bbox 1146 2043 1479 2105; x_wconf 81' lang='lat' dir='ltr'><strong>potestatem.</strong></span> <span class='ocrx_word' id='word_1_145' title='bbox 1510 2031 1697 2087; x_wconf 73' lang='lat' dir='ltr'><strong>Videas</strong></span> 
     </span>
    </p>
   </div>
   <div class='ocr_carea' id='block_1_19' title="bbox 124 2126 1695 2203">
    <p class='ocr_par' dir='ltr' id='par_1_19' title="bbox 124 2126 1695 2203">
     <span class='ocr_line' id='line_1_19' title="bbox 124 2126 1695 2203; baseline -0.003 -18"><span class='ocrx_word' id='word_1_146' title='bbox 124 2144 280 2186; x_wconf 83' lang='lat' dir='ltr'><strong>autem</strong></span> <span class='ocrx_word' id='word_1_147' title='bbox 308 2134 517 2199; x_wconf 82' lang='lat' dir='ltr'><strong>Simon,</strong></span> <span class='ocrx_word' id='word_1_148' title='bbox 545 2132 680 2201; x_wconf 87' lang='lat' dir='ltr'><strong>qttod</strong></span> <span class='ocrx_word' id='word_1_149' title='bbox 702 2148 788 2203; x_wconf 90' lang='lat' dir='ltr'><strong>per</strong></span> <span class='ocrx_word' id='word_1_150' title='bbox 805 2132 1171 2202; x_wconf 87' lang='lat' dir='ltr'><strong>impositionem</strong></span> <span class='ocrx_word' id='word_1_151' title='bbox 1186 2145 1422 2182; x_wconf 91' lang='lat' dir='ltr'><strong>manuum</strong></span> <span class='ocrx_word' id='word_1_152' title='bbox 1435 2126 1695 2197; x_wconf 86' lang='lat' dir='ltr'><strong>apostolo—</strong></span> 
     </span>
    </p>
   </div>
   <div class='ocr_carea' id='block_1_20' title="bbox 124 2219 1695 2295">
    <p class='ocr_par' dir='ltr' id='par_1_20' title="bbox 124 2219 1695 2295">
     <span class='ocr_line' id='line_1_20' title="bbox 124 2219 1695 2295; baseline -0.005 -16"><span class='ocrx_word' id='word_1_153' title='bbox 124 2244 223 2279; x_wconf 73' lang='lat' dir='ltr'><strong>rum</strong></span> <span class='ocrx_word' id='word_1_154' title='bbox 242 2228 457 2279; x_wconf 82' lang='lat' dir='ltr'><strong>daretur</strong></span> <span class='ocrx_word' id='word_1_155' title='bbox 477 2225 700 2295; x_wconf 76' lang='lat' dir='ltr'><strong>Spiritus</strong></span> <span class='ocrx_word' id='word_1_156' title='bbox 719 2235 940 2289; x_wconf 88' lang='lat' dir='ltr'><strong>sanctus,</strong></span> <span class='ocrx_word' id='word_1_157' title='bbox 956 2224 1133 2278; x_wconf 83' lang='lat' dir='ltr'><strong>obtulit</strong></span> <span class='ocrx_word' id='word_1_158' title='bbox 1149 2223 1272 2291; x_wconf 87' lang='lat' dir='ltr'><strong>ipsis</strong></span> <span class='ocrx_word' id='word_1_159' title='bbox 1284 2222 1542 2292; x_wconf 83' lang='lat' dir='ltr'><strong>pecunias.</strong></span> <span class='ocrx_word' id='word_1_160' title='bbox 1561 2219 1695 2274; x_wconf 86' lang='lat' dir='ltr'><strong>Num</strong></span> 
     </span>
    </p>
   </div>
   <div class='ocr_carea' id='block_1_21' title="bbox 124 2312 1699 2382">
    <p class='ocr_par' dir='ltr' id='par_1_21' title="bbox 124 2312 1699 2382">
     <span class='ocr_line' id='line_1_21' title="bbox 124 2312 1699 2382; baseline -0.004 -13"><span class='ocrx_word' id='word_1_161' title='bbox 124 2316 247 2369; x_wconf 85' lang='lat' dir='ltr'><strong>alios</strong></span> <span class='ocrx_word' id='word_1_162' title='bbox 278 2316 385 2369; x_wconf 89' lang='lat' dir='ltr'><strong>hoc</strong></span> <span class='ocrx_word' id='word_1_163' title='bbox 413 2314 668 2371; x_wconf 84' lang='lat' dir='ltr'><strong>iacientes</strong></span> <span class='ocrx_word' id='word_1_164' title='bbox 698 2314 862 2368; x_wconf 82' lang='lat' dir='ltr'><strong>vidit?</strong></span> <span class='ocrx_word' id='word_1_165' title='bbox 893 2329 1018 2367; x_wconf 91' lang='lat' dir='ltr'><strong>num</strong></span> <span class='ocrx_word' id='word_1_166' title='bbox 1058 2312 1395 2382; x_wconf 88' lang='lat' dir='ltr'><strong>Philippum?</strong></span> <span class='ocrx_word' id='word_1_167' title='bbox 1433 2325 1557 2364; x_wconf 92' lang='lat' dir='ltr'><strong>num</strong></span> <span class='ocrx_word' id='word_1_168' title='bbox 1603 2325 1699 2380; x_wconf 87' lang='lat' dir='ltr'><strong>pu-</strong></span> 
     </span>
    </p>
   </div>
   <div class='ocr_carea' id='block_1_22' title="bbox 127 2400 1699 2476">
    <p class='ocr_par' dir='ltr' id='par_1_22' title="bbox 127 2400 1699 2476">
     <span class='ocr_line' id='line_1_22' title="bbox 127 2400 1699 2476; baseline -0.004 -15"><span class='ocrx_word' id='word_1_169' title='bbox 127 2408 260 2461; x_wconf 84' lang='lat' dir='ltr'><strong>tabat</strong></span> <span class='ocrx_word' id='word_1_170' title='bbox 287 2407 438 2473; x_wconf 84' lang='lat' dir='ltr'><strong>ipsos</strong></span> <span class='ocrx_word' id='word_1_171' title='bbox 464 2423 569 2459; x_wconf 86' lang='lat' dir='ltr'><strong>non</strong></span> <span class='ocrx_word' id='word_1_172' title='bbox 602 2422 782 2471; x_wconf 90' lang='lat' dir='ltr'><strong>nosse,</strong></span> <span class='ocrx_word' id='word_1_173' title='bbox 809 2421 913 2476; x_wconf 85' lang='lat' dir='ltr'><strong>quo</strong></span> <span class='ocrx_word' id='word_1_174' title='bbox 940 2406 1025 2459; x_wconf 88' lang='lat' dir='ltr'><strong>ille</strong></span> <span class='ocrx_word' id='word_1_175' title='bbox 1046 2405 1221 2457; x_wconf 86' lang='lat' dir='ltr'><strong>animo</strong></span> <span class='ocrx_word' id='word_1_176' title='bbox 1242 2402 1551 2457; x_wconf 84' lang='lat' dir='ltr'><strong>accederet?</strong></span> <span class='ocrx_word' id='word_1_177' title='bbox 1575 2400 1699 2455; x_wconf 89' lang='lat' dir='ltr'><strong>ldco</strong></span> 
     </span>
    </p>
   </div>
   <div class='ocr_carea' id='block_1_23' title="bbox 129 2494 1699 2560">
    <p class='ocr_par' dir='ltr' id='par_1_23' title="bbox 129 2494 1699 2560">
     <span class='ocr_line' id='line_1_23' title="bbox 129 2494 1699 2560; baseline -0.008 -4"><span class='ocrx_word' id='word_1_178' title='bbox 129 2503 253 2556; x_wconf 86' lang='lat' dir='ltr'><strong>bene</strong></span> <span class='ocrx_word' id='word_1_179' title='bbox 286 2500 480 2554; x_wconf 86' lang='lat' dir='ltr'><strong>Petrus</strong></span> <span class='ocrx_word' id='word_1_180' title='bbox 510 2515 620 2554; x_wconf 89' lang='lat' dir='ltr'><strong>rem</strong></span> <span class='ocrx_word' id='word_1_181' title='bbox 652 2499 846 2552; x_wconf 85' lang='lat' dir='ltr'><strong>donum</strong></span> <span class='ocrx_word' id='word_1_182' title='bbox 878 2508 1063 2560; x_wconf 87' lang='lat' dir='ltr'><strong>vocat,</strong></span> <span class='ocrx_word' id='word_1_183' title='bbox 1090 2496 1272 2549; x_wconf 88' lang='lat' dir='ltr'><strong>dicens</strong></span> <span class='ocrx_word' id='word_1_184' title='bbox 1303 2512 1315 2547; x_wconf 90' lang='lat'>:</span> <span class='ocrx_word' id='word_1_185' title='bbox 1350 2494 1572 2547; x_wconf 85' lang='lat' dir='ltr'><strong>Pecunia</strong></span> <span class='ocrx_word' id='word_1_186' title='bbox 1614 2503 1699 2545; x_wconf 89' lang='lat' dir='ltr'><strong>tua</strong></span> 
     </span>
    </p>
   </div>
   <div class='ocr_carea' id='block_1_24' title="bbox 128 2586 1700 2662">
    <p class='ocr_par' dir='ltr' id='par_1_24' title="bbox 128 2586 1700 2662">
     <span class='ocr_line' id='line_1_24' title="bbox 128 2586 1700 2662; baseline -0.004 -16"><span class='ocrx_word' id='word_1_187' title='bbox 128 2604 276 2646; x_wconf 79' lang='lat' dir='ltr'><strong>tecum</strong></span> <span class='ocrx_word' id='word_1_188' title='bbox 320 2593 391 2645; x_wconf 87' lang='lat' dir='ltr'><strong>sit</strong></span> <span class='ocrx_word' id='word_1_189' title='bbox 430 2592 481 2644; x_wconf 88' lang='lat' dir='ltr'><strong>in</strong></span> <span class='ocrx_word' id='word_1_190' title='bbox 524 2591 851 2662; x_wconf 78' lang='lat' dir='ltr'><strong>perditionem</strong></span> <span class='ocrx_word' id='word_1_191' title='bbox 874 2631 888 2653; x_wconf 93' lang='lat'><strong>,</strong></span> <span class='ocrx_word' id='word_1_192' title='bbox 935 2591 1170 2660; x_wconf 86' lang='lat' dir='ltr'><strong>quoniam</strong></span> <span class='ocrx_word' id='word_1_193' title='bbox 1198 2588 1487 2642; x_wconf 73' lang='lat' dir='ltr'><strong>existimasti</strong></span> <span class='ocrx_word' id='word_1_194' title='bbox 1514 2586 1700 2639; x_wconf 85' lang='lat' dir='ltr'><strong>donum</strong></span> 
     </span>
    </p>
   </div>
   <div class='ocr_carea' id='block_1_25' title="bbox 136 2678 1699 2753">
    <p class='ocr_par' dir='ltr' id='par_1_25' title="bbox 136 2678 1699 2753">
     <span class='ocr_line' id='line_1_25' title="bbox 136 2678 1699 2753; baseline -0.003 -18"><span class='ocrx_word' id='word_1_195' title='bbox 136 2682 217 2737; x_wconf 79' lang='lat' dir='ltr'><strong>Dei</strong></span> <span class='ocrx_word' id='word_1_196' title='bbox 242 2683 475 2753; x_wconf 78' lang='lat' dir='ltr'><strong>pecuniis</strong></span> <span class='ocrx_word' id='word_1_197' title='bbox 502 2682 712 2751; x_wconf 85' lang='lat' dir='ltr'><strong>acquiri.</strong></span> <span class='ocrx_word' id='word_1_198' title='bbox 757 2680 941 2735; x_wconf 69' lang='lat' dir='ltr'><strong>Viden”</strong></span> <span class='ocrx_word' id='word_1_199' title='bbox 971 2680 1162 2750; x_wconf 89' lang='lat' dir='ltr'><strong>ubique</strong></span> <span class='ocrx_word' id='word_1_200' title='bbox 1189 2693 1352 2748; x_wconf 88' lang='lat' dir='ltr'><strong>puros</strong></span> <span class='ocrx_word' id='word_1_201' title='bbox 1384 2678 1500 2732; x_wconf 91' lang='lat' dir='ltr'><strong>illos</strong></span> <span class='ocrx_word' id='word_1_202' title='bbox 1537 2692 1567 2730; x_wconf 89' lang='lat' dir='ltr'><strong>a</strong></span> <span class='ocrx_word' id='word_1_203' title='bbox 1610 2692 1699 2747; x_wconf 86' lang='lat' dir='ltr'><strong>pe-</strong></span> 
     </span>
    </p>
   </div>
   <div class='ocr_carea' id='block_1_26' title="bbox 134 2770 1700 2845">
    <p class='ocr_par' dir='ltr' id='par_1_26' title="bbox 134 2770 1700 2845">
     <span class='ocr_line' id='line_1_26' title="bbox 134 2770 1700 2845; baseline -0.005 -14"><span class='ocrx_word' id='word_1_204' title='bbox 134 2777 325 2832; x_wconf 81' lang='lat' dir='ltr'><strong>cuniis?</strong></span> <span class='ocrx_word' id='word_1_205' title='bbox 355 2774 479 2829; x_wconf 84' lang='lat' dir='ltr'><strong>Non</strong></span> <span class='ocrx_word' id='word_1_206' title='bbox 509 2785 580 2830; x_wconf 83' lang='lat' dir='ltr'><strong>est</strong></span> <span class='ocrx_word' id='word_1_207' title='bbox 619 2775 705 2828; x_wconf 87' lang='lat' dir='ltr'><strong>tibi</strong></span> <span class='ocrx_word' id='word_1_208' title='bbox 730 2790 847 2845; x_wconf 88' lang='lat' dir='ltr'><strong>pars</strong></span> <span class='ocrx_word' id='word_1_209' title='bbox 888 2790 1044 2843; x_wconf 88' lang='lat' dir='ltr'><strong>neque</strong></span> <span class='ocrx_word' id='word_1_210' title='bbox 1075 2790 1184 2826; x_wconf 87' lang='lat' dir='ltr'><strong>sors</strong></span> <span class='ocrx_word' id='word_1_211' title='bbox 1218 2773 1268 2825; x_wconf 90' lang='lat' dir='ltr'><strong>in</strong></span> <span class='ocrx_word' id='word_1_212' title='bbox 1307 2786 1531 2825; x_wconf 83' lang='lat' dir='ltr'><strong>sermone</strong></span> <span class='ocrx_word' id='word_1_213' title='bbox 1557 2770 1651 2823; x_wconf 90' lang='lat' dir='ltr'><strong>isto</strong></span> <span class='ocrx_word' id='word_1_214' title='bbox 1680 2784 1700 2823; x_wconf 89' lang='lat'><strong><em>:</em></strong></span> 
     </span>
    </p>
   </div>
   <div class='ocr_carea' id='block_1_27' title="bbox 137 2864 1702 2933">
    <p class='ocr_par' dir='ltr' id='par_1_27' title="bbox 137 2864 1702 2933">
     <span class='ocr_line' id='line_1_27' title="bbox 137 2864 1702 2933; baseline -0.006 -9"><span class='ocrx_word' id='word_1_215' title='bbox 137 2886 212 2923; x_wconf 83' lang='lat' dir='ltr'><strong>cor</strong></span> <span class='ocrx_word' id='word_1_216' title='bbox 236 2872 362 2924; x_wconf 81' lang='lat' dir='ltr'><strong>enim</strong></span> <span class='ocrx_word' id='word_1_217' title='bbox 394 2879 540 2923; x_wconf 86' lang='lat' dir='ltr'><strong>tuum</strong></span> <span class='ocrx_word' id='word_1_218' title='bbox 568 2884 669 2922; x_wconf 91' lang='lat' dir='ltr'><strong>non</strong></span> <span class='ocrx_word' id='word_1_219' title='bbox 695 2878 766 2922; x_wconf 85' lang='lat' dir='ltr'><strong>est</strong></span> <span class='ocrx_word' id='word_1_220' title='bbox 791 2874 981 2921; x_wconf 90' lang='lat' dir='ltr'><strong>rectum</strong></span> <span class='ocrx_word' id='word_1_221' title='bbox 1006 2882 1175 2919; x_wconf 88' lang='lat' dir='ltr'><strong>coram</strong></span> <span class='ocrx_word' id='word_1_222' title='bbox 1221 2864 1341 2919; x_wconf 88' lang='lat' dir='ltr'><strong>Deo.</strong></span> <span class='ocrx_word' id='word_1_223' title='bbox 1386 2864 1568 2933; x_wconf 85' lang='lat' dir='ltr'><strong>Itaque</strong></span> <span class='ocrx_word' id='word_1_224' title='bbox 1608 2877 1702 2931; x_wconf 80' lang='lat' dir='ltr'><strong>per</strong></span> 
     </span>
    </p>
   </div>
   <div class='ocr_carea' id='block_1_28' title="bbox 145 2956 1703 3028">
    <p class='ocr_par' dir='ltr' id='par_1_28' title="bbox 145 2956 1703 3028">
     <span class='ocr_line' id='line_1_28' title="bbox 145 2956 1703 3028; baseline -0.005 -14"><span class='ocrx_word' id='word_1_225' title='bbox 145 2962 377 3015; x_wconf 78' lang='lat' dir='ltr'><strong>malitiam</strong></span> <span class='ocrx_word' id='word_1_226' title='bbox 405 2961 585 3015; x_wconf 88' lang='lat' dir='ltr'><strong>omnia</strong></span> <span class='ocrx_word' id='word_1_227' title='bbox 614 2958 842 3014; x_wconf 85' lang='lat' dir='ltr'><strong>faciebat</strong></span> <span class='ocrx_word' id='word_1_228' title='bbox 872 2975 885 3011; x_wconf 88' lang='lat'><strong>:</strong></span> <span class='ocrx_word' id='word_1_229' title='bbox 912 2958 1055 3028; x_wconf 87' lang='lat' dir='ltr'><strong>atqui</strong></span> <span class='ocrx_word' id='word_1_230' title='bbox 1080 2956 1377 3025; x_wconf 87' lang='lat' dir='ltr'><strong>simplicem</strong></span> <span class='ocrx_word' id='word_1_231' title='bbox 1400 2970 1520 3009; x_wconf 88' lang='lat' dir='ltr'><strong>esse</strong></span> <span class='ocrx_word' id='word_1_232' title='bbox 1544 2969 1703 3022; x_wconf 85' lang='lat' dir='ltr'><strong>opor-</strong></span> 
     </span>
    </p>
   </div>
   <div class='ocr_carea' id='block_1_29' title="bbox 148 3047 1699 3119">
    <p class='ocr_par' dir='ltr' id='par_1_29' title="bbox 148 3047 1699 3119">
     <span class='ocr_line' id='line_1_29' title="bbox 148 3047 1699 3119; baseline -0.006 -12"><span class='ocrx_word' id='word_1_233' title='bbox 148 3054 296 3107; x_wconf 85' lang='lat' dir='ltr'><strong>tebat.</strong></span> <span class='ocrx_word' id='word_1_234' title='bbox 327 3051 676 3107; x_wconf 68' lang='lat' dir='ltr'><strong>Paenitentiam</strong></span> <span class='ocrx_word' id='word_1_235' title='bbox 713 3051 878 3119; x_wconf 85' lang='lat' dir='ltr'><strong>itaque</strong></span> <span class='ocrx_word' id='word_1_236' title='bbox 902 3066 1012 3119; x_wconf 87' lang='lat' dir='ltr'><strong>age.</strong></span> <span class='ocrx_word' id='word_1_237' title='bbox 1048 3047 1112 3102; x_wconf 86' lang='lat' dir='ltr'><strong>In</strong></span> <span class='ocrx_word' id='word_1_238' title='bbox 1152 3047 1269 3118; x_wconf 81' lang='lat' dir='ltr'><strong>felle</strong></span> <span class='ocrx_word' id='word_1_239' title='bbox 1296 3047 1426 3100; x_wconf 86' lang='lat' dir='ltr'><strong>enim</strong></span> <span class='ocrx_word' id='word_1_240' title='bbox 1452 3048 1699 3099; x_wconf 85' lang='lat' dir='ltr'><strong>amaritu-</strong></span> 
     </span>
    </p>
   </div>
   <div class='ocr_carea' id='block_1_30' title="bbox 157 3138 1702 3211">
    <p class='ocr_par' dir='ltr' id='par_1_30' title="bbox 157 3138 1702 3211">
     <span class='ocr_line' id='line_1_30' title="bbox 157 3138 1702 3211; baseline -0.003 -16"><span class='ocrx_word' id='word_1_241' title='bbox 157 3143 297 3208; x_wconf 79' lang='lat' dir='ltr'><strong>dinis,</strong></span> <span class='ocrx_word' id='word_1_242' title='bbox 322 3154 365 3196; x_wconf 82' lang='lat' dir='ltr'><strong>et</strong></span> <span class='ocrx_word' id='word_1_243' title='bbox 388 3145 435 3197; x_wconf 78' lang='lat' dir='ltr'><strong>in</strong></span> <span class='ocrx_word' id='word_1_244' title='bbox 460 3144 665 3197; x_wconf 77' lang='lat' dir='ltr'><strong>vinculo</strong></span> <span class='ocrx_word' id='word_1_245' title='bbox 694 3142 968 3211; x_wconf 81' lang='lat' dir='ltr'><strong>iniquitatis</strong></span> <span class='ocrx_word' id='word_1_246' title='bbox 994 3140 1136 3194; x_wconf 81' lang='lat' dir='ltr'><strong>rideo</strong></span> <span class='ocrx_word' id='word_1_247' title='bbox 1164 3150 1208 3194; x_wconf 86' lang='lat' dir='ltr'><strong>te</strong></span> <span class='ocrx_word' id='word_1_248' title='bbox 1236 3155 1357 3194; x_wconf 89' lang='lat' dir='ltr'><strong>esse.</strong></span> <span class='ocrx_word' id='word_1_249' title='bbox 1386 3138 1586 3207; x_wconf 72' lang='lat' dir='ltr'><strong>Magnae</strong></span> <span class='ocrx_word' id='word_1_250' title='bbox 1611 3139 1702 3191; x_wconf 72' lang='lat' dir='ltr'><strong>irae</strong></span> 
     </span>
    </p>
   </div>
   <div class='ocr_carea' id='block_1_31' title="bbox 158 3230 1703 3303">
    <p class='ocr_par' dir='ltr' id='par_1_31' title="bbox 158 3230 1703 3303">
     <span class='ocr_line' id='line_1_31' title="bbox 158 3230 1703 3303; baseline -0.004 -14"><span class='ocrx_word' id='word_1_251' title='bbox 158 3236 303 3290; x_wconf 76' lang='lat' dir='ltr'><strong>verba</strong></span> <span class='ocrx_word' id='word_1_252' title='bbox 328 3244 457 3289; x_wconf 84' lang='lat' dir='ltr'><strong>sunt.</strong></span> <span class='ocrx_word' id='word_1_253' title='bbox 486 3235 606 3290; x_wconf 77' lang='lat' dir='ltr'><strong>Non</strong></span> <span class='ocrx_word' id='word_1_254' title='bbox 636 3234 785 3303; x_wconf 86' lang='lat' dir='ltr'><strong>punit</strong></span> <span class='ocrx_word' id='word_1_255' title='bbox 809 3242 987 3286; x_wconf 85' lang='lat' dir='ltr'><strong>autem</strong></span> <span class='ocrx_word' id='word_1_256' title='bbox 1019 3233 1223 3301; x_wconf 88' lang='lat' dir='ltr'><strong>ipsum,</strong></span> <span class='ocrx_word' id='word_1_257' title='bbox 1266 3239 1323 3284; x_wconf 94' lang='lat' dir='ltr'><strong>ut</strong></span> <span class='ocrx_word' id='word_1_258' title='bbox 1364 3246 1429 3283; x_wconf 93' lang='lat' dir='ltr'><strong>ne</strong></span> <span class='ocrx_word' id='word_1_259' title='bbox 1452 3230 1703 3299; x_wconf 87' lang='lat' dir='ltr'><strong>deinceps</strong></span> 
     </span>
    </p>
   </div>
   <div class='ocr_carea' id='block_1_32' title="bbox 152 3320 1706 3390">
    <p class='ocr_par' dir='ltr' id='par_1_32' title="bbox 152 3320 1706 3390">
     <span class='ocr_line' id='line_1_32' title="bbox 152 3320 1706 3390; baseline -0.002 -11"><span class='ocrx_word' id='word_1_260' title='bbox 152 3327 271 3382; x_wconf 83' lang='lat' dir='ltr'><strong>lides</strong></span> <span class='ocrx_word' id='word_1_261' title='bbox 297 3342 354 3381; x_wconf 78' lang='lat' dir='ltr'><strong>es</strong></span> <span class='ocrx_word' id='word_1_262' title='bbox 382 3326 705 3382; x_wconf 86' lang='lat' dir='ltr'><strong>necessitate</strong></span> <span class='ocrx_word' id='word_1_263' title='bbox 731 3334 901 3390; x_wconf 85' lang='lat' dir='ltr'><strong>esset,</strong></span> <span class='ocrx_word' id='word_1_264' title='bbox 930 3339 1030 3379; x_wconf 92' lang='lat' dir='ltr'><strong>nec</strong></span> <span class='ocrx_word' id='word_1_265' title='bbox 1055 3339 1142 3378; x_wconf 89' lang='lat' dir='ltr'><strong>res</strong></span> <span class='ocrx_word' id='word_1_266' title='bbox 1171 3321 1401 3378; x_wconf 87' lang='lat' dir='ltr'><strong>crudelis</strong></span> <span class='ocrx_word' id='word_1_267' title='bbox 1426 3335 1545 3376; x_wconf 90' lang='lat' dir='ltr'><strong>esse</strong></span> <span class='ocrx_word' id='word_1_268' title='bbox 1566 3320 1706 3376; x_wconf 82' lang='lat' dir='ltr'><strong>vide-</strong></span> 
     </span>
    </p>
   </div>
   <div class='ocr_carea' id='block_1_33' title="bbox 142 3412 1703 3489">
    <p class='ocr_par' dir='ltr' id='par_1_33' title="bbox 142 3412 1703 3489">
     <span class='ocr_line' id='line_1_33' title="bbox 142 3412 1703 3489; baseline -0.004 -16"><span class='ocrx_word' id='word_1_269' title='bbox 142 3429 305 3484; x_wconf 87' lang='lat' dir='ltr'><strong>retur;</strong></span> <span class='ocrx_word' id='word_1_270' title='bbox 339 3429 500 3489; x_wconf 87' lang='lat' dir='ltr'><strong>utque</strong></span> <span class='ocrx_word' id='word_1_271' title='bbox 539 3416 903 3488; x_wconf 70' lang='lat' dir='ltr'><strong>paenitentiam</strong></span> <span class='ocrx_word' id='word_1_272' title='bbox 949 3415 1223 3470; x_wconf 86' lang='lat' dir='ltr'><strong>induceret</strong></span> <span class='ocrx_word' id='word_1_273' title='bbox 1272 3432 1287 3468; x_wconf 91' lang='lat'><strong>:</strong></span> <span class='ocrx_word' id='word_1_274' title='bbox 1342 3414 1424 3469; x_wconf 87' lang='lat' dir='ltr'><strong>vel</strong></span> <span class='ocrx_word' id='word_1_275' title='bbox 1468 3412 1590 3484; x_wconf 88' lang='lat' dir='ltr'><strong>quia</strong></span> <span class='ocrx_word' id='word_1_276' title='bbox 1637 3413 1703 3467; x_wconf 90' lang='lat' dir='ltr'><strong>ad</strong></span> 
     </span>
    </p>
   </div>
   <div class='ocr_carea' id='block_1_34' title="bbox 135 3499 1707 3577">
    <p class='ocr_par' dir='ltr' id='par_1_34' title="bbox 135 3499 1707 3577">
     <span class='ocr_line' id='line_1_34' title="bbox 135 3499 1707 3577; baseline -0.003 -12"><span class='ocrx_word' id='word_1_277' title='bbox 135 3499 513 3567; x_wconf 84' lang='lat' dir='ltr'><strong>correctionem</strong></span> <span class='ocrx_word' id='word_1_278' title='bbox 552 3508 850 3565; x_wconf 81' lang='lat' dir='ltr'><strong>sufﬁciebat</strong></span> <span class='ocrx_word' id='word_1_279' title='bbox 887 3507 1164 3577; x_wconf 80' lang='lat' dir='ltr'><strong>arguisse,</strong></span> <span class='ocrx_word' id='word_1_280' title='bbox 1205 3514 1259 3560; x_wconf 89' lang='lat' dir='ltr'><strong>et</strong></span> <span class='ocrx_word' id='word_1_281' title='bbox 1295 3521 1412 3575; x_wconf 82' lang='lat' dir='ltr'><strong>qua:</strong></span> <span class='ocrx_word' id='word_1_282' title='bbox 1451 3504 1502 3559; x_wconf 91' lang='lat' dir='ltr'><strong>in</strong></span> <span class='ocrx_word' id='word_1_283' title='bbox 1543 3504 1707 3560; x_wconf 91' lang='lat' dir='ltr'><strong>corde</strong></span> 
     </span>
    </p>
   </div>
   <div class='ocr_carea' id='block_1_35' title="bbox 127 3600 1704 3667">
    <p class='ocr_par' dir='ltr' id='par_1_35' title="bbox 127 3600 1704 3667">
     <span class='ocr_line' id='line_1_35' title="bbox 127 3600 1704 3667; baseline -0.004 -10"><span class='ocrx_word' id='word_1_284' title='bbox 127 3615 275 3658; x_wconf 87' lang='lat' dir='ltr'><strong>erant</strong></span> <span class='ocrx_word' id='word_1_285' title='bbox 316 3604 556 3667; x_wconf 79' lang='lat' dir='ltr'><strong>dixisse,</strong></span> <span class='ocrx_word' id='word_1_286' title='bbox 598 3610 656 3657; x_wconf 93' lang='lat' dir='ltr'><strong>ut</strong></span> <span class='ocrx_word' id='word_1_287' title='bbox 699 3601 785 3656; x_wconf 89' lang='lat' dir='ltr'><strong>ille</strong></span> <span class='ocrx_word' id='word_1_288' title='bbox 826 3600 1172 3654; x_wconf 88' lang='lat' dir='ltr'><strong>conﬁteretur</strong></span> <span class='ocrx_word' id='word_1_289' title='bbox 1214 3612 1271 3653; x_wconf 90' lang='lat' dir='ltr'><strong>se</strong></span> <span class='ocrx_word' id='word_1_290' title='bbox 1306 3605 1516 3667; x_wconf 91' lang='lat' dir='ltr'><strong>captum</strong></span> <span class='ocrx_word' id='word_1_291' title='bbox 1564 3611 1704 3652; x_wconf 90' lang='lat' dir='ltr'><strong>esse.</strong></span> 
     </span>
    </p>
   </div>
   <div class='ocr_carea' id='block_1_36' title="bbox 125 3690 1710 3762">
    <p class='ocr_par' dir='ltr' id='par_1_36' title="bbox 125 3690 1710 3762">
     <span class='ocr_line' id='line_1_36' title="bbox 125 3690 1710 3762; baseline -0.004 -11"><span class='ocrx_word' id='word_1_292' title='bbox 125 3698 254 3751; x_wconf 77' lang='lat' dir='ltr'><strong>Cum</strong></span> <span class='ocrx_word' id='word_1_293' title='bbox 288 3698 436 3752; x_wconf 82' lang='lat' dir='ltr'><strong>enim</strong></span> <span class='ocrx_word' id='word_1_294' title='bbox 463 3698 622 3762; x_wconf 88' lang='lat' dir='ltr'><strong>dicit,</strong></span> <span class='ocrx_word' id='word_1_295' title='bbox 658 3693 942 3748; x_wconf 86' lang='lat' dir='ltr'><strong>Precamini</strong></span> <span class='ocrx_word' id='word_1_296' title='bbox 970 3707 1055 3746; x_wconf 82' lang='lat' dir='ltr'><strong>uos</strong></span> <span class='ocrx_word' id='word_1_297' title='bbox 1082 3708 1173 3762; x_wconf 87' lang='lat' dir='ltr'><strong>pro</strong></span> <span class='ocrx_word' id='word_1_298' title='bbox 1202 3708 1311 3756; x_wconf 89' lang='lat' dir='ltr'><strong>me,</strong></span> <span class='ocrx_word' id='word_1_299' title='bbox 1343 3691 1393 3746; x_wconf 92' lang='lat' dir='ltr'><strong>id</strong></span> <span class='ocrx_word' id='word_1_300' title='bbox 1425 3690 1710 3746; x_wconf 89' lang='lat' dir='ltr'><strong>conﬁtetur</strong></span> 
     </span>
    </p>
   </div>
   <div class='ocr_carea' id='block_1_37' title="bbox 120 3783 1705 3854">
    <p class='ocr_par' dir='ltr' id='par_1_37' title="bbox 120 3783 1705 3854">
     <span class='ocr_line' id='line_1_37' title="bbox 120 3783 1705 3854; baseline -0.004 -11"><span class='ocrx_word' id='word_1_301' title='bbox 120 3798 173 3843; x_wconf 88' lang='lat' dir='ltr'><strong>et</strong></span> <span class='ocrx_word' id='word_1_302' title='bbox 216 3789 446 3843; x_wconf 89' lang='lat' dir='ltr'><strong>indicat.</strong></span> <span class='ocrx_word' id='word_1_303' title='bbox 491 3785 628 3841; x_wconf 89' lang='lat' dir='ltr'><strong>Vide</strong></span> <span class='ocrx_word' id='word_1_304' title='bbox 669 3784 933 3854; x_wconf 88' lang='lat' dir='ltr'><strong>quomodo</strong></span> <span class='ocrx_word' id='word_1_305' title='bbox 961 3783 1201 3854; x_wconf 82' lang='lat' dir='ltr'><strong>quamvis</strong></span> <span class='ocrx_word' id='word_1_306' title='bbox 1241 3783 1496 3838; x_wconf 87' lang='lat' dir='ltr'><strong>scelestus</strong></span> <span class='ocrx_word' id='word_1_307' title='bbox 1531 3791 1705 3847; x_wconf 89' lang='lat' dir='ltr'><strong>esset,</strong></span> 
     </span>
    </p>
   </div>
   <div class='ocr_carea' id='block_1_38' title="bbox 120 3872 1705 3950">
    <p class='ocr_par' dir='ltr' id='par_1_38' title="bbox 120 3872 1705 3950">
     <span class='ocr_line' id='line_1_38' title="bbox 120 3872 1705 3950; baseline -0.004 -17"><span class='ocrx_word' id='word_1_308' title='bbox 120 3879 444 3950; x_wconf 83' lang='lat' dir='ltr'><strong>redargutus</strong></span> <span class='ocrx_word' id='word_1_309' title='bbox 474 3886 655 3931; x_wconf 90' lang='lat' dir='ltr'><strong>tamen</strong></span> <span class='ocrx_word' id='word_1_310' title='bbox 680 3875 938 3941; x_wconf 90' lang='lat' dir='ltr'><strong>credidit,</strong></span> <span class='ocrx_word' id='word_1_311' title='bbox 968 3885 1026 3928; x_wconf 91' lang='lat' dir='ltr'><strong>ut</strong></span> <span class='ocrx_word' id='word_1_312' title='bbox 1052 3884 1104 3929; x_wconf 91' lang='lat' dir='ltr'><strong>et</strong></span> <span class='ocrx_word' id='word_1_313' title='bbox 1143 3874 1354 3929; x_wconf 89' lang='lat' dir='ltr'><strong>humilis</strong></span> <span class='ocrx_word' id='word_1_314' title='bbox 1392 3872 1561 3928; x_wconf 82' lang='lat' dir='ltr'><strong>iactus</strong></span> <span class='ocrx_word' id='word_1_315' title='bbox 1590 3882 1670 3927; x_wconf 87' lang='lat' dir='ltr'><strong>est</strong></span> <span class='ocrx_word' id='word_1_316' title='bbox 1689 3914 1705 3941; x_wconf 93' lang='lat'><strong>,</strong></span> 
     </span>
    </p>
   </div>
   <div class='ocr_carea' id='block_1_39' title="bbox 116 3965 1708 4041">
    <p class='ocr_par' dir='ltr' id='par_1_39' title="bbox 116 3965 1708 4041">
     <span class='ocr_line' id='line_1_39' title="bbox 116 3965 1708 4041; baseline -0.003 -20"><span class='ocrx_word' id='word_1_317' title='bbox 116 3971 337 4041; x_wconf 82' lang='lat' dir='ltr'><strong>quando</strong></span> <span class='ocrx_word' id='word_1_318' title='bbox 362 3971 561 4024; x_wconf 90' lang='lat' dir='ltr'><strong>iterum</strong></span> <span class='ocrx_word' id='word_1_319' title='bbox 591 3967 907 4039; x_wconf 84' lang='lat' dir='ltr'><strong>redargutus</strong></span> <span class='ocrx_word' id='word_1_320' title='bbox 930 3976 1030 4021; x_wconf 91' lang='lat' dir='ltr'><strong>est.</strong></span> <span class='ocrx_word' id='word_1_321' title='bbox 1073 3966 1255 4020; x_wconf 82' lang='lat' dir='ltr'><strong>Videris</strong></span> <span class='ocrx_word' id='word_1_322' title='bbox 1282 3966 1446 4036; x_wconf 87' lang='lat' dir='ltr'><strong>signa,</strong></span> <span class='ocrx_word' id='word_1_323' title='bbox 1477 3980 1589 4036; x_wconf 80' lang='lat' dir='ltr'><strong>qua:</strong></span> <span class='ocrx_word' id='word_1_324' title='bbox 1617 3965 1708 4032; x_wconf 82' lang='lat' dir='ltr'><strong>ﬁe-</strong></span> 
     </span>
    </p>
   </div>
   <div class='ocr_carea' id='block_1_40' title="bbox 116 4053 1710 4132">
    <p class='ocr_par' dir='ltr' id='par_1_40' title="bbox 116 4053 1710 4132">
     <span class='ocr_line' id='line_1_40' title="bbox 116 4053 1710 4132; baseline -0.004 -16"><span class='ocrx_word' id='word_1_325' title='bbox 116 4065 256 4128; x_wconf 80' lang='lat' dir='ltr'><strong>bant,</strong></span> <span class='ocrx_word' id='word_1_326' title='bbox 281 4063 567 4132; x_wconf 82' lang='lat' dir='ltr'><strong>obstupuit,</strong></span> <span class='ocrx_word' id='word_1_327' title='bbox 588 4059 874 4115; x_wconf 91' lang='lat' dir='ltr'><strong>ostendens</strong></span> <span class='ocrx_word' id='word_1_328' title='bbox 897 4057 1225 4113; x_wconf 88' lang='lat' dir='ltr'><strong>mendacium</strong></span> <span class='ocrx_word' id='word_1_329' title='bbox 1253 4056 1434 4120; x_wconf 85' lang='lat' dir='ltr'><strong>fuisse,</strong></span> <span class='ocrx_word' id='word_1_330' title='bbox 1458 4053 1710 4125; x_wconf 82' lang='lat' dir='ltr'><strong>quidquid</strong></span> 
     </span>
    </p>
   </div>
   <div class='ocr_carea' id='block_1_41' title="bbox 112 4147 1707 4222">
    <p class='ocr_par' dir='ltr' id='par_1_41' title="bbox 112 4147 1707 4222">
     <span class='ocr_line' id='line_1_41' title="bbox 112 4147 1707 4222; baseline -0.004 -16"><span class='ocrx_word' id='word_1_331' title='bbox 112 4154 230 4222; x_wconf 77' lang='lat' dir='ltr'><strong>ipse</strong></span> <span class='ocrx_word' id='word_1_332' title='bbox 261 4154 519 4209; x_wconf 80' lang='lat' dir='ltr'><strong>faciebat.</strong></span> <span class='ocrx_word' id='word_1_333' title='bbox 562 4152 678 4208; x_wconf 83' lang='lat' dir='ltr'><strong>Non</strong></span> <span class='ocrx_word' id='word_1_334' title='bbox 721 4151 883 4217; x_wconf 81' lang='lat' dir='ltr'><strong>dixit,</strong></span> <span class='ocrx_word' id='word_1_335' title='bbox 930 4152 1200 4214; x_wconf 80' lang='lat' dir='ltr'><strong>Accessit;</strong></span> <span class='ocrx_word' id='word_1_336' title='bbox 1242 4149 1371 4213; x_wconf 88' lang='lat' dir='ltr'><strong>sed,</strong></span> <span class='ocrx_word' id='word_1_337' title='bbox 1421 4147 1707 4217; x_wconf 82' lang='lat' dir='ltr'><strong>Obstupuit.</strong></span> 
     </span>
    </p>
   </div>
   <div class='ocr_carea' id='block_1_42' title="bbox 116 4241 1708 4313">
    <p class='ocr_par' dir='ltr' id='par_1_42' title="bbox 116 4241 1708 4313">
     <span class='ocr_line' id='line_1_42' title="bbox 116 4241 1708 4313; baseline -0.003 -14"><span class='ocrx_word' id='word_1_338' title='bbox 116 4246 183 4299; x_wconf 81' lang='lat' dir='ltr'><strong>Et</strong></span> <span class='ocrx_word' id='word_1_339' title='bbox 209 4262 315 4300; x_wconf 87' lang='lat' dir='ltr'><strong>cur</strong></span> <span class='ocrx_word' id='word_1_340' title='bbox 343 4262 457 4301; x_wconf 90' lang='lat' dir='ltr'><strong>non</strong></span> <span class='ocrx_word' id='word_1_341' title='bbox 486 4246 589 4301; x_wconf 92' lang='lat' dir='ltr'><strong>hoc</strong></span> <span class='ocrx_word' id='word_1_342' title='bbox 616 4244 795 4299; x_wconf 85' lang='lat' dir='ltr'><strong>statim</strong></span> <span class='ocrx_word' id='word_1_343' title='bbox 825 4243 983 4299; x_wconf 78' lang='lat' dir='ltr'><strong>facit?</strong></span> <span class='ocrx_word' id='word_1_344' title='bbox 1013 4243 1237 4298; x_wconf 82' lang='lat' dir='ltr'><strong>Putabat</strong></span> <span class='ocrx_word' id='word_1_345' title='bbox 1255 4258 1313 4297; x_wconf 91' lang='lat' dir='ltr'><strong>se</strong></span> <span class='ocrx_word' id='word_1_346' title='bbox 1342 4257 1495 4313; x_wconf 90' lang='lat' dir='ltr'><strong>posse</strong></span> <span class='ocrx_word' id='word_1_347' title='bbox 1523 4241 1708 4309; x_wconf 87' lang='lat' dir='ltr'><strong>latere,</strong></span> 
     </span>
    </p>
   </div>
   <div class='ocr_carea' id='block_1_43' title="bbox 112 4336 1714 4408">
    <p class='ocr_par' dir='ltr' id='par_1_43' title="bbox 112 4336 1714 4408">
     <span class='ocr_line' id='line_1_43' title="bbox 112 4336 1714 4408; baseline -0.003 -15"><span class='ocrx_word' id='word_1_348' title='bbox 112 4340 343 4408; x_wconf 81' lang='lat' dir='ltr'><strong>putabat</strong></span> <span class='ocrx_word' id='word_1_349' title='bbox 370 4347 547 4394; x_wconf 87' lang='lat' dir='ltr'><strong>artem</strong></span> <span class='ocrx_word' id='word_1_350' title='bbox 572 4352 697 4393; x_wconf 87' lang='lat' dir='ltr'><strong>esse</strong></span> <span class='ocrx_word' id='word_1_351' title='bbox 723 4336 861 4407; x_wconf 91' lang='lat' dir='ltr'><strong>quod</strong></span> <span class='ocrx_word' id='word_1_352' title='bbox 895 4336 1052 4390; x_wconf 81' lang='lat' dir='ltr'><strong>fiebat</strong></span> <span class='ocrx_word' id='word_1_353' title='bbox 1084 4353 1097 4389; x_wconf 89' lang='lat'><strong>:</strong></span> <span class='ocrx_word' id='word_1_354' title='bbox 1129 4336 1218 4405; x_wconf 90' lang='lat' dir='ltr'><strong>qui</strong></span> <span class='ocrx_word' id='word_1_355' title='bbox 1258 4343 1433 4389; x_wconf 89' lang='lat' dir='ltr'><strong>autem</strong></span> <span class='ocrx_word' id='word_1_356' title='bbox 1473 4350 1578 4389; x_wconf 93' lang='lat' dir='ltr'><strong>non</strong></span> <span class='ocrx_word' id='word_1_357' title='bbox 1620 4348 1714 4402; x_wconf 83' lang='lat' dir='ltr'><strong>po-</strong></span> 
     </span>
    </p>
   </div>
   <div class='ocr_carea' id='block_1_44' title="bbox 111 4429 1713 4503">
    <p class='ocr_par' dir='ltr' id='par_1_44' title="bbox 111 4429 1713 4503">
     <span class='ocr_line' id='line_1_44' title="bbox 111 4429 1713 4503; baseline -0.001 -18"><span class='ocrx_word' id='word_1_358' title='bbox 111 4435 214 4487; x_wconf 86' lang='lat' dir='ltr'><strong>tuit</strong></span> <span class='ocrx_word' id='word_1_359' title='bbox 237 4433 530 4503; x_wconf 76' lang='lat' dir='ltr'><strong>apostolos</strong></span> <span class='ocrx_word' id='word_1_360' title='bbox 558 4432 723 4486; x_wconf 87' lang='lat' dir='ltr'><strong>latere</strong></span> <span class='ocrx_word' id='word_1_361' title='bbox 742 4472 757 4495; x_wconf 93' lang='lat'><strong>,</strong></span> <span class='ocrx_word' id='word_1_362' title='bbox 784 4432 1026 4485; x_wconf 81' lang='lat' dir='ltr'><strong>accessit.</strong></span> <span class='ocrx_word' id='word_1_363' title='bbox 1059 4429 1100 4483; x_wconf 87' lang='lat' dir='ltr'><strong><em>A</em></strong></span> <span class='ocrx_word' id='word_1_364' title='bbox 1129 4430 1300 4483; x_wconf 89' lang='lat' dir='ltr'><strong>multis</strong></span> <span class='ocrx_word' id='word_1_365' title='bbox 1326 4430 1477 4495; x_wconf 89' lang='lat' dir='ltr'><strong>enim,</strong></span> <span class='ocrx_word' id='word_1_366' title='bbox 1507 4430 1589 4499; x_wconf 82' lang='lat' dir='ltr'><strong>qui</strong></span> <span class='ocrx_word' id='word_1_367' title='bbox 1620 4430 1713 4484; x_wconf 81' lang='lat' dir='ltr'><strong>Ita-</strong></span> 
     </span>
    </p>
   </div>
   <div class='ocr_carea' id='block_1_45' title="bbox 108 4520 1713 4595">
    <p class='ocr_par' dir='ltr' id='par_1_45' title="bbox 108 4520 1713 4595">
     <span class='ocr_line' id='line_1_45' title="bbox 108 4520 1713 4595; baseline -0.003 -15"><span class='ocrx_word' id='word_1_368' title='bbox 108 4527 295 4580; x_wconf 74' lang='lat' dir='ltr'><strong>bebant</strong></span> <span class='ocrx_word' id='word_1_369' title='bbox 343 4527 559 4595; x_wconf 78' lang='lat' dir='ltr'><strong>spiritus</strong></span> <span class='ocrx_word' id='word_1_370' title='bbox 598 4522 916 4587; x_wconf 87' lang='lat' dir='ltr'><strong>immundos,</strong></span> <span class='ocrx_word' id='word_1_371' title='bbox 956 4520 1230 4575; x_wconf 87' lang='lat' dir='ltr'><strong>clamantes</strong></span> <span class='ocrx_word' id='word_1_372' title='bbox 1264 4521 1339 4574; x_wconf 89' lang='lat' dir='ltr'><strong>illi</strong></span> <span class='ocrx_word' id='word_1_373' title='bbox 1374 4537 1489 4575; x_wconf 82' lang='lat' dir='ltr'><strong>voce</strong></span> <span class='ocrx_word' id='word_1_374' title='bbox 1529 4538 1713 4593; x_wconf 87' lang='lat' dir='ltr'><strong>magna</strong></span> 
     </span>
    </p>
   </div>
   <div class='ocr_carea' id='block_1_46' title="bbox 108 4613 1708 4687">
    <p class='ocr_par' dir='ltr' id='par_1_46' title="bbox 108 4613 1708 4687">
     <span class='ocr_line' id='line_1_46' title="bbox 108 4613 1708 4687; baseline 0 -17"><span class='ocrx_word' id='word_1_375' title='bbox 108 4619 350 4672; x_wconf 71' lang='lat' dir='ltr'><strong>exibant.</strong></span> <span class='ocrx_word' id='word_1_376' title='bbox 404 4617 520 4672; x_wconf 86' lang='lat' dir='ltr'><strong>lloc</strong></span> <span class='ocrx_word' id='word_1_377' title='bbox 559 4615 863 4687; x_wconf 84' lang='lat' dir='ltr'><strong>egrediendi</strong></span> <span class='ocrx_word' id='word_1_378' title='bbox 907 4614 1113 4684; x_wconf 86' lang='lat' dir='ltr'><strong>signum</strong></span> <span class='ocrx_word' id='word_1_379' title='bbox 1158 4613 1497 4669; x_wconf 83' lang='lat' dir='ltr'><strong>manifestum</strong></span> <span class='ocrx_word' id='word_1_380' title='bbox 1562 4624 1708 4681; x_wconf 89' lang='lat' dir='ltr'><strong>erat;</strong></span> 
     </span>
    </p>
   </div>
   <div class='ocr_carea' id='block_1_47' title="bbox 107 4704 1713 4781">
    <p class='ocr_par' dir='ltr' id='par_1_47' title="bbox 107 4704 1713 4781">
     <span class='ocr_line' id='line_1_47' title="bbox 107 4704 1713 4781; baseline -0.001 -18"><span class='ocrx_word' id='word_1_381' title='bbox 107 4726 405 4781; x_wconf 78' lang='lat' dir='ltr'><strong>magorum</strong></span> <span class='ocrx_word' id='word_1_382' title='bbox 447 4724 580 4763; x_wconf 83' lang='lat' dir='ltr'><strong>vero</strong></span> <span class='ocrx_word' id='word_1_383' title='bbox 608 4709 757 4778; x_wconf 85' lang='lat' dir='ltr'><strong>signa</strong></span> <span class='ocrx_word' id='word_1_384' title='bbox 779 4722 811 4762; x_wconf 88' lang='lat' dir='ltr'><strong>e</strong></span> <span class='ocrx_word' id='word_1_385' title='bbox 839 4704 1106 4761; x_wconf 89' lang='lat' dir='ltr'><strong>contrario</strong></span> <span class='ocrx_word' id='word_1_386' title='bbox 1137 4721 1150 4758; x_wconf 90' lang='lat'><strong>:</strong></span> <span class='ocrx_word' id='word_1_387' title='bbox 1182 4704 1255 4760; x_wconf 92' lang='lat' dir='ltr'><strong>illi</strong></span> <span class='ocrx_word' id='word_1_388' title='bbox 1284 4722 1510 4777; x_wconf 87' lang='lat' dir='ltr'><strong>namque</strong></span> <span class='ocrx_word' id='word_1_389' title='bbox 1547 4709 1713 4777; x_wconf 88' lang='lat' dir='ltr'><strong>magis</strong></span> 
     </span>
    </p>
   </div>
   <div class='ocr_carea' id='block_1_48' title="bbox 104 4799 1712 4874">
    <p class='ocr_par' dir='ltr' id='par_1_48' title="bbox 104 4799 1712 4874">
     <span class='ocr_line' id='line_1_48' title="bbox 104 4799 1712 4874; baseline 0.001 -21"><span class='ocrx_word' id='word_1_390' title='bbox 104 4804 441 4874; x_wconf 67' lang='lat' dir='ltr'><strong>alligabunt.</strong></span> <span class='ocrx_word' id='word_1_391' title='bbox 474 4801 627 4856; x_wconf 76' lang='lat' dir='ltr'><strong>Multi</strong></span> <span class='ocrx_word' id='word_1_392' title='bbox 656 4800 919 4871; x_wconf 81' lang='lat' dir='ltr'><strong>paralytici</strong></span> <span class='ocrx_word' id='word_1_393' title='bbox 940 4810 984 4856; x_wconf 82' lang='lat' dir='ltr'><strong>et</strong></span> <span class='ocrx_word' id='word_1_394' title='bbox 1004 4802 1175 4857; x_wconf 87' lang='lat' dir='ltr'><strong>claudi</strong></span> <span class='ocrx_word' id='word_1_395' title='bbox 1203 4802 1367 4856; x_wconf 85' lang='lat' dir='ltr'><strong>sanati</strong></span> <span class='ocrx_word' id='word_1_396' title='bbox 1388 4809 1525 4855; x_wconf 88' lang='lat' dir='ltr'><strong>sunt.</strong></span> <span class='ocrx_word' id='word_1_397' title='bbox 1558 4799 1712 4855; x_wconf 82' lang='lat' dir='ltr'><strong>Nulla</strong></span> 
     </span>
    </p>
   </div>
   <div class='ocr_carea' id='block_1_49' title="bbox 106 4893 1710 4963">
    <p class='ocr_par' dir='ltr' id='par_1_49' title="bbox 106 4893 1710 4963">
     <span class='ocr_line' id='line_1_49' title="bbox 106 4893 1710 4963; baseline -0.001 -16"><span class='ocrx_word' id='word_1_398' title='bbox 106 4894 197 4948; x_wconf 89' lang='lat' dir='ltr'><strong>hic</strong></span> <span class='ocrx_word' id='word_1_399' title='bbox 228 4905 363 4950; x_wconf 81' lang='lat' dir='ltr'><strong>erat</strong></span> <span class='ocrx_word' id='word_1_400' title='bbox 396 4893 607 4947; x_wconf 80' lang='lat' dir='ltr'><strong>fallacia</strong></span> <span class='ocrx_word' id='word_1_401' title='bbox 634 4911 648 4948; x_wconf 88' lang='lat'><strong>:</strong></span> <span class='ocrx_word' id='word_1_402' title='bbox 672 4908 791 4947; x_wconf 90' lang='lat' dir='ltr'><strong>nam</strong></span> <span class='ocrx_word' id='word_1_403' title='bbox 814 4895 1095 4963; x_wconf 80' lang='lat' dir='ltr'><strong>Oportebat</strong></span> <span class='ocrx_word' id='word_1_404' title='bbox 1115 4893 1384 4947; x_wconf 83' lang='lat' dir='ltr'><strong>ambulare</strong></span> <span class='ocrx_word' id='word_1_405' title='bbox 1409 4902 1463 4947; x_wconf 91' lang='lat' dir='ltr'><strong>et</strong></span> <span class='ocrx_word' id='word_1_406' title='bbox 1482 4893 1710 4961; x_wconf 89' lang='lat' dir='ltr'><strong>operari.</strong></span> 
     </span>
    </p>
   </div>
   <div class='ocr_carea' id='block_1_50' title="bbox 104 4983 1714 5049">
    <p class='ocr_par' dir='ltr' id='par_1_50' title="bbox 104 4983 1714 5049">
     <span class='ocr_line' id='line_1_50' title="bbox 104 4983 1714 5049; baseline -0.003 -9"><span class='ocrx_word' id='word_1_407' title='bbox 104 4986 498 5041; x_wconf 69' lang='lat' dir='ltr'><strong>Auscultabant</strong></span> <span class='ocrx_word' id='word_1_408' title='bbox 524 4995 689 5039; x_wconf 84' lang='lat' dir='ltr'><strong>autem</strong></span> <span class='ocrx_word' id='word_1_409' title='bbox 712 4986 789 5040; x_wconf 88' lang='lat' dir='ltr'><strong>illi</strong></span> <span class='ocrx_word' id='word_1_410' title='bbox 824 5002 1012 5049; x_wconf 88' lang='lat' dir='ltr'><strong>omnes,</strong></span> <span class='ocrx_word' id='word_1_411' title='bbox 1040 4986 1256 5039; x_wconf 81' lang='lat' dir='ltr'><strong>dicentes</strong></span> <span class='ocrx_word' id='word_1_412' title='bbox 1288 5000 1306 5038; x_wconf 92' lang='lat'><em>:</em></span> <span class='ocrx_word' id='word_1_413' title='bbox 1335 4983 1433 5037; x_wconf 85' lang='lat' dir='ltr'><strong>Hic</strong></span> <span class='ocrx_word' id='word_1_414' title='bbox 1461 4993 1532 5037; x_wconf 89' lang='lat' dir='ltr'><strong>est</strong></span> <span class='ocrx_word' id='word_1_415' title='bbox 1559 4984 1714 5037; x_wconf 84' lang='lat' dir='ltr'><strong>virtus</strong></span> 
     </span>
    </p>
   </div>
   <div class='ocr_carea' id='block_1_51' title="bbox 105 5076 1715 5147">
    <p class='ocr_par' dir='ltr' id='par_1_51' title="bbox 105 5076 1715 5147">
     <span class='ocr_line' id='line_1_51' title="bbox 105 5076 1715 5147; baseline 0 -17"><span class='ocrx_word' id='word_1_416' title='bbox 105 5078 226 5133; x_wconf 86' lang='lat' dir='ltr'><strong>Dei.</strong></span> <span class='ocrx_word' id='word_1_417' title='bbox 262 5079 376 5133; x_wconf 86' lang='lat' dir='ltr'><strong>llic</strong></span> <span class='ocrx_word' id='word_1_418' title='bbox 406 5077 663 5147; x_wconf 88' lang='lat' dir='ltr'><strong>impletur</strong></span> <span class='ocrx_word' id='word_1_419' title='bbox 687 5077 815 5133; x_wconf 89' lang='lat' dir='ltr'><strong>illud</strong></span> <span class='ocrx_word' id='word_1_420' title='bbox 845 5078 1039 5133; x_wconf 86' lang='lat' dir='ltr'><strong>Christi</strong></span> <span class='ocrx_word' id='word_1_421' title='bbox 1069 5078 1268 5132; x_wconf 87' lang='lat' dir='ltr'><strong>dictum</strong></span> <span class='ocrx_word' id='word_1_422' title='bbox 1300 5094 1315 5132; x_wconf 89' lang='lat'><strong>:</strong></span> <span class='ocrx_word' id='word_1_423' title='bbox 1346 5076 1495 5131; x_wconf 78' lang='lat' dir='ltr'><strong>Multi</strong></span> <span class='ocrx_word' id='word_1_424' title='bbox 1525 5079 1715 5131; x_wconf 81' lang='lat' dir='ltr'><strong>venient</strong></span> 
     </span>
    </p>
   </div>
   <div class='ocr_carea' id='block_1_52' title="bbox 105 5168 1713 5241">
    <p class='ocr_par' dir='ltr' id='par_1_52' title="bbox 105 5168 1713 5241">
     <span class='ocr_line' id='line_1_52' title="bbox 105 5168 1713 5241; baseline -0.003 -15"><span class='ocrx_word' id='word_1_425' title='bbox 105 5171 506 5237; x_wconf 77' lang='lat' dir='ltr'><strong>pseudochristi</strong></span> <span class='ocrx_word' id='word_1_426' title='bbox 531 5178 576 5223; x_wconf 85' lang='lat' dir='ltr'><strong>et</strong></span> <span class='ocrx_word' id='word_1_427' title='bbox 598 5169 1042 5241; x_wconf 73' lang='lat' dir='ltr'><strong>pseudoprOplteta:</strong></span> <span class='ocrx_word' id='word_1_428' title='bbox 1088 5170 1141 5223; x_wconf 91' lang='lat' dir='ltr'><strong>in</strong></span> <span class='ocrx_word' id='word_1_429' title='bbox 1162 5169 1361 5223; x_wconf 87' lang='lat' dir='ltr'><strong>nomine</strong></span> <span class='ocrx_word' id='word_1_430' title='bbox 1385 5184 1493 5222; x_wconf 89' lang='lat' dir='ltr'><strong>meo</strong></span> <span class='ocrx_word' id='word_1_431' title='bbox 1524 5168 1713 5239; x_wconf 79' lang='lat' dir='ltr'><strong>(Marc.</strong></span> 
     </span>
    </p>
   </div>
   <div class='ocr_carea' id='block_1_53' title="bbox 108 5260 1715 5335">
    <p class='ocr_par' dir='ltr' id='par_1_53' title="bbox 108 5260 1715 5335">
     <span class='ocr_line' id='line_1_53' title="bbox 108 5260 1715 5335; baseline -0.002 -16"><span class='ocrx_word' id='word_1_432' title='bbox 108 5266 196 5319; x_wconf 78' lang='lat' dir='ltr'><strong>l3.</strong></span> <span class='ocrx_word' id='word_1_433' title='bbox 226 5264 309 5319; x_wconf 70' lang='lat'><strong>23</strong></span> <span class='ocrx_word' id='word_1_434' title='bbox 327 5263 380 5335; x_wconf 89' lang='lat'><strong>).</strong></span> <span class='ocrx_word' id='word_1_435' title='bbox 417 5263 594 5330; x_wconf 85' lang='lat' dir='ltr'><strong>Quare</strong></span> <span class='ocrx_word' id='word_1_436' title='bbox 618 5277 723 5317; x_wconf 90' lang='lat' dir='ltr'><strong>non</strong></span> <span class='ocrx_word' id='word_1_437' title='bbox 751 5262 925 5317; x_wconf 84' lang='lat' dir='ltr'><strong>statim</strong></span> <span class='ocrx_word' id='word_1_438' title='bbox 956 5262 1103 5316; x_wconf 92' lang='lat' dir='ltr'><strong>illum</strong></span> <span class='ocrx_word' id='word_1_439' title='bbox 1131 5261 1551 5331; x_wconf 86' lang='lat' dir='ltr'><strong>redarguerunt?</strong></span> <span class='ocrx_word' id='word_1_440' title='bbox 1576 5260 1715 5316; x_wconf 87' lang='lat' dir='ltr'><strong>Satis</strong></span> 
     </span>
    </p>
   </div>
   <div class='ocr_carea' id='block_1_54' title="bbox 108 5353 1712 5425">
    <p class='ocr_par' dir='ltr' id='par_1_54' title="bbox 108 5353 1712 5425">
     <span class='ocr_line' id='line_1_54' title="bbox 108 5353 1712 5425; baseline -0.001 -16"><span class='ocrx_word' id='word_1_441' title='bbox 108 5358 405 5414; x_wconf 76' lang='lat' dir='ltr'><strong>habebant</strong></span> <span class='ocrx_word' id='word_1_442' title='bbox 434 5354 578 5425; x_wconf 87' lang='lat' dir='ltr'><strong>quod</strong></span> <span class='ocrx_word' id='word_1_443' title='bbox 608 5370 727 5410; x_wconf 89' lang='lat' dir='ltr'><strong>sese</strong></span> <span class='ocrx_word' id='word_1_444' title='bbox 751 5354 1167 5409; x_wconf 86' lang='lat' dir='ltr'><strong>condemnaret:</strong></span> <span class='ocrx_word' id='word_1_445' title='bbox 1194 5353 1389 5409; x_wconf 89' lang='lat' dir='ltr'><strong>etenim</strong></span> <span class='ocrx_word' id='word_1_446' title='bbox 1416 5362 1471 5408; x_wconf 90' lang='lat' dir='ltr'><strong>et</strong></span> <span class='ocrx_word' id='word_1_447' title='bbox 1497 5353 1599 5408; x_wconf 93' lang='lat' dir='ltr'><strong>hoc</strong></span> <span class='ocrx_word' id='word_1_448' title='bbox 1622 5354 1712 5408; x_wconf 91' lang='lat' dir='ltr'><strong>do-</strong></span> 
     </span>
    </p>
   </div>
   <div class='ocr_carea' id='block_1_55' title="bbox 109 5448 1718 5517">
    <p class='ocr_par' dir='ltr' id='par_1_55' title="bbox 109 5448 1718 5517">
     <span class='ocr_line' id='line_1_55' title="bbox 109 5448 1718 5517; baseline -0.002 -12"><span class='ocrx_word' id='word_1_449' title='bbox 109 5455 304 5505; x_wconf 73' lang='lat' dir='ltr'><strong>ctrina:</strong></span> <span class='ocrx_word' id='word_1_450' title='bbox 333 5459 487 5505; x_wconf 84' lang='lat' dir='ltr'><strong>erat.</strong></span> <span class='ocrx_word' id='word_1_451' title='bbox 516 5449 647 5515; x_wconf 83' lang='lat' dir='ltr'><strong>Quia</strong></span> <span class='ocrx_word' id='word_1_452' title='bbox 674 5458 848 5503; x_wconf 91' lang='lat' dir='ltr'><strong>autem</strong></span> <span class='ocrx_word' id='word_1_453' title='bbox 877 5449 1125 5502; x_wconf 79' lang='lat' dir='ltr'><strong>resistere</strong></span> <span class='ocrx_word' id='word_1_454' title='bbox 1151 5462 1257 5501; x_wconf 90' lang='lat' dir='ltr'><strong>non</strong></span> <span class='ocrx_word' id='word_1_455' title='bbox 1286 5456 1523 5517; x_wconf 73' lang='lat' dir='ltr'><strong>porerat,</strong></span> <span class='ocrx_word' id='word_1_456' title='bbox 1552 5448 1718 5502; x_wconf 85' lang='lat' dir='ltr'><strong>simu-</strong></span> 
     </span>
    </p>
   </div>
   <div class='ocr_carea' id='block_1_56' title="bbox 112 5540 1716 5614">
    <p class='ocr_par' dir='ltr' id='par_1_56' title="bbox 112 5540 1716 5614">
     <span class='ocr_line' id='line_1_56' title="bbox 112 5540 1716 5614; baseline -0.002 -15"><span class='ocrx_word' id='word_1_457' title='bbox 112 5547 306 5609; x_wconf 88' lang='lat' dir='ltr'><strong>lat.ut</strong></span> <span class='ocrx_word' id='word_1_458' title='bbox 339 5544 495 5614; x_wconf 83' lang='lat' dir='ltr'><strong>magi</strong></span> <span class='ocrx_word' id='word_1_459' title='bbox 538 5542 613 5596; x_wconf 91' lang='lat' dir='ltr'><strong>illi</strong></span> <span class='ocrx_word' id='word_1_460' title='bbox 656 5542 744 5613; x_wconf 89' lang='lat' dir='ltr'><strong>qui</strong></span> <span class='ocrx_word' id='word_1_461' title='bbox 783 5542 1030 5597; x_wconf 87' lang='lat' dir='ltr'><strong>dicebant</strong></span> <span class='ocrx_word' id='word_1_462' title='bbox 1069 5558 1083 5596; x_wconf 90' lang='lat'><strong>:</strong></span> <span class='ocrx_word' id='word_1_463' title='bbox 1137 5540 1250 5595; x_wconf 82' lang='lat' dir='ltr'><strong>Hoc</strong></span> <span class='ocrx_word' id='word_1_464' title='bbox 1287 5541 1472 5612; x_wconf 85' lang='lat' dir='ltr'><strong>digitus</strong></span> <span class='ocrx_word' id='word_1_465' title='bbox 1514 5540 1608 5595; x_wconf 87' lang='lat' dir='ltr'><strong>Dei</strong></span> <span class='ocrx_word' id='word_1_466' title='bbox 1642 5551 1716 5595; x_wconf 87' lang='lat' dir='ltr'><strong>est</strong></span> 
     </span>
    </p>
   </div>
   <div class='ocr_carea' id='block_1_57' title="bbox 168 5735 1717 5807">
    <p class='ocr_par' dir='ltr' id='par_1_57' title="bbox 168 5735 1717 5807">
     <span class='ocr_line' id='line_1_57' title="bbox 168 5735 1717 5807; baseline -0.006 -13"><span class='ocrx_word' id='word_1_467' title='bbox 168 5745 245 5807; x_wconf 80' lang='grc' dir='ltr'><strong>(α)</strong></span> <span class='ocrx_word' id='word_1_468' title='bbox 282 5742 429 5794; x_wconf 84' lang='lat' dir='ltr'><strong>Cum</strong></span> <span class='ocrx_word' id='word_1_469' title='bbox 441 5741 519 5807; x_wconf 71' lang='lat' dir='ltr'><strong>ait</strong></span> <span class='ocrx_word' id='word_1_470' title='bbox 555 5738 648 5788; x_wconf 86' lang='lat' dir='ltr'><strong>sub</strong></span> <span class='ocrx_word' id='word_1_471' title='bbox 669 5745 828 5801; x_wconf 75' lang='lat' dir='ltr'><strong>Moyse</strong></span> <span class='ocrx_word' id='word_1_472' title='bbox 855 5735 1082 5807; x_wconf 82' lang='lat' dir='ltr'><strong>miracula</strong></span> <span class='ocrx_word' id='word_1_473' title='bbox 1107 5748 1196 5798; x_wconf 89' lang='lat' dir='ltr'><strong>per</strong></span> <span class='ocrx_word' id='word_1_474' title='bbox 1218 5738 1623 5807; x_wconf 67' lang='lat' dir='ltr'><strong>comparationem</strong></span> <span class='ocrx_word' id='word_1_475' title='bbox 1647 5735 1717 5786; x_wconf 82' lang='lat' dir='ltr'><strong>ia-</strong></span> 
     </span>
    </p>
   </div>
   <div class='ocr_carea' id='block_1_58' title="bbox 116 5797 1714 5864">
    <p class='ocr_par' dir='ltr' id='par_1_58' title="bbox 116 5797 1714 5864">
     <span class='ocr_line' id='line_1_58' title="bbox 116 5797 1714 5864; baseline -0.003 -13"><span class='ocrx_word' id='word_1_476' title='bbox 116 5797 189 5853; x_wconf 67' lang='lat' dir='ltr'><strong>rta&#39;</strong></span> <span class='ocrx_word' id='word_1_477' title='bbox 225 5797 363 5855; x_wconf 49' lang='lat' dir='ltr'><strong>esse</strong></span> <span class='ocrx_word' id='word_1_478' title='bbox 388 5838 405 5859; x_wconf 90' lang='lat'><strong>,</strong></span> <span class='ocrx_word' id='word_1_479' title='bbox 439 5802 486 5849; x_wconf 89' lang='lat' dir='ltr'><strong>id</strong></span> <span class='ocrx_word' id='word_1_480' title='bbox 528 5807 631 5862; x_wconf 86' lang='lat' dir='ltr'><strong>est,</strong></span> <span class='ocrx_word' id='word_1_481' title='bbox 657 5797 1178 5864; x_wconf 31' lang='lat' dir='ltr'><strong>pericomparationem</strong></span> <span class='ocrx_word' id='word_1_482' title='bbox 1211 5797 1599 5864; x_wconf 49' lang='lat' dir='ltr'><strong>curn&#39;tnir_aculis</strong></span> <span class='ocrx_word' id='word_1_483' title='bbox 1623 5812 1714 5864; x_wconf 68' lang='lat' dir='ltr'><strong>per</strong></span> 
     </span>
    </p>
   </div>
   <div class='ocr_carea' id='block_1_59' title="bbox 108 5858 1715 5939">
    <p class='ocr_par' dir='ltr' id='par_1_59' title="bbox 108 5858 1715 5939">
     <span class='ocr_line' id='line_1_59' title="bbox 108 5858 1715 5939; baseline -0.003 -24"><span class='ocrx_word' id='word_1_484' title='bbox 108 5880 270 5939; x_wconf 65' lang='lat' dir='ltr'><strong>uagos</strong></span> <span class='ocrx_word' id='word_1_485' title='bbox 298 5858 556 5932; x_wconf 75' lang='lat' dir='ltr'><strong>patratis,</strong></span> <span class='ocrx_word' id='word_1_486' title='bbox 583 5858 643 5914; x_wconf 83' lang='lat' dir='ltr'><strong>ea</strong></span> <span class='ocrx_word' id='word_1_487' title='bbox 659 5858 987 5927; x_wconf 71' lang='lat' dir='ltr'><strong>probabantur</strong></span> <span class='ocrx_word' id='word_1_488' title='bbox 1010 5874 1123 5911; x_wconf 88' lang='lat' dir='ltr'><strong>esse</strong></span> <span class='ocrx_word' id='word_1_489' title='bbox 1145 5873 1263 5913; x_wconf 85' lang='lat' dir='ltr'><strong>vera</strong></span> <span class='ocrx_word' id='word_1_490' title='bbox 1287 5866 1340 5912; x_wconf 87' lang='lat' dir='ltr'><strong>et</strong></span> <span class='ocrx_word' id='word_1_491' title='bbox 1369 5873 1396 5910; x_wconf 89' lang='lat' dir='ltr'><strong>a</strong></span> <span class='ocrx_word' id='word_1_492' title='bbox 1429 5858 1537 5910; x_wconf 91' lang='lat' dir='ltr'><strong>Deo</strong></span> <span class='ocrx_word' id='word_1_493' title='bbox 1571 5858 1715 5923; x_wconf 82' lang='lat' dir='ltr'><strong>proli-</strong></span> 
     </span>
    </p>
   </div>
   <div class='ocr_carea' id='block_1_60' title="bbox 113 5943 243 5981">
    <p class='ocr_par' dir='ltr' id='par_1_60' title="bbox 113 5943 243 5981">
     <span class='ocr_line' id='line_1_60' title="bbox 113 5943 243 5981; baseline 0 -2"><span class='ocrx_word' id='word_1_494' title='bbox 113 5943 243 5981; x_wconf 65' lang='grc' dir='ltr'><strong>ωα.</strong></span> 
     </span>
    </p>
   </div>
   <div class='ocr_carea' id='block_1_61' title="bbox 3241 442 3345 502">
    <p class='ocr_par' dir='ltr' id='par_1_61' title="bbox 3241 442 3345 502">
     <span class='ocr_line' id='line_1_61' title="bbox 3241 442 3345 502; baseline 0.048 -6"><span class='ocrx_word' id='word_1_495' title='bbox 3241 442 3345 502; x_wconf 72' lang='grc'><strong>146</strong></span> 
     </span>
    </p>
   </div>
   <div class='ocr_carea' id='block_1_62' title="bbox 1797 555 3358 631">
    <p class='ocr_par' dir='ltr' id='par_1_62' title="bbox 1797 555 3358 631">
     <span class='ocr_line' id='line_1_62' title="bbox 1797 555 3358 631; baseline 0.004 -22"><span class='ocrx_word' id='word_1_496' title='bbox 1797 555 1994 626; x_wconf 76' lang='lat' dir='ltr'><strong>(Exod.</strong></span> <span class='ocrx_word' id='word_1_497' title='bbox 2026 559 2078 615; x_wconf 89' lang='lat'><strong>8.</strong></span> <span class='ocrx_word' id='word_1_498' title='bbox 2111 558 2219 630; x_wconf 85' lang='lat' dir='ltr'><strong>l9).</strong></span> <span class='ocrx_word' id='word_1_499' title='bbox 2248 557 2323 613; x_wconf 83' lang='lat' dir='ltr'><strong>Ne</strong></span> <span class='ocrx_word' id='word_1_500' title='bbox 2348 572 2476 614; x_wconf 89' lang='lat' dir='ltr'><strong>vero</strong></span> <span class='ocrx_word' id='word_1_501' title='bbox 2501 574 2684 615; x_wconf 88' lang='lat' dir='ltr'><strong>rursus</strong></span> <span class='ocrx_word' id='word_1_502' title='bbox 2714 559 3091 631; x_wconf 82' lang='lat' dir='ltr'><strong>expelleretur,</strong></span> <span class='ocrx_word' id='word_1_503' title='bbox 3123 560 3245 617; x_wconf 90' lang='lat' dir='ltr'><strong>ideo</strong></span> <span class='ocrx_word' id='word_1_504' title='bbox 3274 565 3358 615; x_wconf 74' lang='lat' dir='ltr'><strong>ati-</strong></span> 
     </span>
    </p>
   </div>
   <div class='ocr_carea' id='block_1_63' title="bbox 1791 648 2772 722">
    <p class='ocr_par' dir='ltr' id='par_1_63' title="bbox 1791 648 2772 722">
     <span class='ocr_line' id='line_1_63' title="bbox 1791 648 2772 722; baseline 0.004 -18"><span class='ocrx_word' id='word_1_505' title='bbox 1791 648 2022 705; x_wconf 76' lang='lat' dir='ltr'><strong>haerebat</strong></span> <span class='ocrx_word' id='word_1_506' title='bbox 2051 651 2314 722; x_wconf 85' lang='lat' dir='ltr'><strong>Philippo,</strong></span> <span class='ocrx_word' id='word_1_507' title='bbox 2342 667 2443 707; x_wconf 88' lang='lat' dir='ltr'><strong>nec</strong></span> <span class='ocrx_word' id='word_1_508' title='bbox 2471 652 2772 708; x_wconf 85' lang='lat' dir='ltr'><strong>recedebat.</strong></span> 
     </span>
    </p>
   </div>
   <div class='ocr_carea' id='block_1_64' title="bbox 1861 744 3358 815">
    <p class='ocr_par' dir='ltr' id='par_1_64' title="bbox 1861 744 3358 815">
     <span class='ocr_line' id='line_1_64' title="bbox 1861 744 3358 815; baseline 0.003 -19"><span class='ocrx_word' id='word_1_509' title='bbox 1861 744 1913 797; x_wconf 71' lang='grc'><strong>4.</strong></span> <span class='ocrx_word' id='word_1_510' title='bbox 1942 744 2073 810; x_wconf 84' lang='lat' dir='ltr'><strong>Quot</strong></span> <span class='ocrx_word' id='word_1_511' title='bbox 2094 745 2222 798; x_wconf 90' lang='lat' dir='ltr'><strong>bona</strong></span> <span class='ocrx_word' id='word_1_512' title='bbox 2243 762 2375 799; x_wconf 86' lang='lat' dir='ltr'><strong>mors</strong></span> <span class='ocrx_word' id='word_1_513' title='bbox 2397 745 2642 815; x_wconf 81' lang='lat' dir='ltr'><strong>Stephani</strong></span> <span class='ocrx_word' id='word_1_514' title='bbox 2662 746 3058 802; x_wconf 79' lang='lat' dir='ltr'><strong>attulerit.-—&#39;l&#39;tt</strong></span> <span class='ocrx_word' id='word_1_515' title='bbox 3082 761 3211 801; x_wconf 83' lang='lat' dir='ltr'><strong>vero</strong></span> <span class='ocrx_word' id='word_1_516' title='bbox 3232 744 3358 801; x_wconf 81' lang='lat' dir='ltr'><strong>mihi</strong></span> 
     </span>
    </p>
   </div>
   <div class='ocr_carea' id='block_1_65' title="bbox 1793 834 3359 909">
    <p class='ocr_par' dir='ltr' id='par_1_65' title="bbox 1793 834 3359 909">
     <span class='ocr_line' id='line_1_65' title="bbox 1793 834 3359 909; baseline 0.003 -21"><span class='ocrx_word' id='word_1_517' title='bbox 1793 834 2094 903; x_wconf 84' lang='lat' dir='ltr'><strong>perpende,</strong></span> <span class='ocrx_word' id='word_1_518' title='bbox 2126 845 2254 903; x_wconf 91' lang='lat' dir='ltr'><strong>quot</strong></span> <span class='ocrx_word' id='word_1_519' title='bbox 2281 846 2579 907; x_wconf 86' lang='lat' dir='ltr'><strong>quantaque</strong></span> <span class='ocrx_word' id='word_1_520' title='bbox 2609 838 2983 908; x_wconf 89' lang='lat' dir='ltr'><strong>dispensentur</strong></span> <span class='ocrx_word' id='word_1_521' title='bbox 3014 855 3106 909; x_wconf 89' lang='lat' dir='ltr'><strong>per</strong></span> <span class='ocrx_word' id='word_1_522' title='bbox 3132 849 3359 893; x_wconf 88' lang='lat' dir='ltr'><strong>mortem</strong></span> 
     </span>
    </p>
   </div>
   <div class='ocr_carea' id='block_1_66' title="bbox 1795 925 3367 1000">
    <p class='ocr_par' dir='ltr' id='par_1_66' title="bbox 1795 925 3367 1000">
     <span class='ocr_line' id='line_1_66' title="bbox 1795 925 3367 1000; baseline 0.001 -21"><span class='ocrx_word' id='word_1_523' title='bbox 1795 925 2068 995; x_wconf 83' lang='lat' dir='ltr'><strong>Stephani.</strong></span> <span class='ocrx_word' id='word_1_524' title='bbox 2101 926 2485 997; x_wconf 80' lang='lat' dir='ltr'><strong>Disperguntur</strong></span> <span class='ocrx_word' id='word_1_525' title='bbox 2509 945 2602 999; x_wconf 89' lang='lat' dir='ltr'><strong>per</strong></span> <span class='ocrx_word' id='word_1_526' title='bbox 2627 931 2869 1000; x_wconf 88' lang='lat' dir='ltr'><strong>regiones</strong></span> <span class='ocrx_word' id='word_1_527' title='bbox 2892 930 3087 985; x_wconf 68' lang='lat' dir='ltr'><strong>Judanr.</strong></span> <span class='ocrx_word' id='word_1_528' title='bbox 3109 939 3162 984; x_wconf 90' lang='lat' dir='ltr'><strong>et</strong></span> <span class='ocrx_word' id='word_1_529' title='bbox 3180 929 3367 984; x_wconf 82' lang='lat' dir='ltr'><strong>Sama-</strong></span> 
     </span>
    </p>
   </div>
   <div class='ocr_carea' id='block_1_67' title="bbox 1734 1019 3361 1097">
    <p class='ocr_par' dir='ltr' id='par_1_67' title="bbox 1734 1019 3361 1097">
     <span class='ocr_line' id='line_1_67' title="bbox 1734 1019 3361 1097; baseline 0.002 -25"><span class='ocrx_word' id='word_1_530' title='bbox 1734 1096 1737 1097; x_wconf 13' lang='grc' dir='ltr'><em>ν</em></span> <span class='ocrx_word' id='word_1_531' title='bbox 1795 1019 1885 1073; x_wconf 64' lang='lat' dir='ltr'><strong>rite</strong></span> <span class='ocrx_word' id='word_1_532' title='bbox 1902 1061 1916 1084; x_wconf 90' lang='lat'><strong>,</strong></span> <span class='ocrx_word' id='word_1_533' title='bbox 1941 1021 2300 1091; x_wconf 85' lang='lat' dir='ltr'><strong>evangelizatit</strong></span> <span class='ocrx_word' id='word_1_534' title='bbox 2319 1022 2560 1087; x_wconf 87' lang='lat' dir='ltr'><strong>verbum,</strong></span> <span class='ocrx_word' id='word_1_535' title='bbox 2589 1024 2878 1092; x_wconf 62' lang='lat' dir='ltr'><strong>praedicant</strong></span> <span class='ocrx_word' id='word_1_536' title='bbox 2899 1022 3190 1088; x_wconf 87' lang='lat' dir='ltr'><strong>Christum,</strong></span> <span class='ocrx_word' id='word_1_537' title='bbox 3212 1023 3361 1091; x_wconf 86' lang='lat' dir='ltr'><strong>signa</strong></span> 
     </span>
    </p>
   </div>
   <div class='ocr_carea' id='block_1_68' title="bbox 1795 1110 3362 1185">
    <p class='ocr_par' dir='ltr' id='par_1_68' title="bbox 1795 1110 3362 1185">
     <span class='ocr_line' id='line_1_68' title="bbox 1795 1110 3362 1185; baseline 0.001 -20"><span class='ocrx_word' id='word_1_538' title='bbox 1795 1110 1989 1176; x_wconf 90' lang='lat' dir='ltr'><strong>edunt,</strong></span> <span class='ocrx_word' id='word_1_539' title='bbox 2022 1112 2272 1181; x_wconf 89' lang='lat' dir='ltr'><strong>paulatim</strong></span> <span class='ocrx_word' id='word_1_540' title='bbox 2306 1113 2353 1165; x_wconf 92' lang='lat' dir='ltr'><strong>hi</strong></span> <span class='ocrx_word' id='word_1_541' title='bbox 2382 1112 2577 1168; x_wconf 84' lang='lat' dir='ltr'><strong>donum</strong></span> <span class='ocrx_word' id='word_1_542' title='bbox 2606 1115 2888 1185; x_wconf 90' lang='lat' dir='ltr'><strong>accipiunt.</strong></span> <span class='ocrx_word' id='word_1_543' title='bbox 2924 1115 3033 1169; x_wconf 93' lang='lat' dir='ltr'><strong>lloc</strong></span> <span class='ocrx_word' id='word_1_544' title='bbox 3063 1116 3252 1184; x_wconf 81' lang='lat' dir='ltr'><strong>duplex</strong></span> <span class='ocrx_word' id='word_1_545' title='bbox 3286 1115 3362 1170; x_wconf 73' lang='lat' dir='ltr'><strong>si-</strong></span> 
     </span>
    </p>
   </div>
   <div class='ocr_carea' id='block_1_69' title="bbox 1795 1205 3363 1273">
    <p class='ocr_par' dir='ltr' id='par_1_69' title="bbox 1795 1205 3363 1273">
     <span class='ocr_line' id='line_1_69' title="bbox 1795 1205 3363 1273; baseline 0.003 -18"><span class='ocrx_word' id='word_1_546' title='bbox 1795 1218 1954 1273; x_wconf 87' lang='lat' dir='ltr'><strong>gnutn</strong></span> <span class='ocrx_word' id='word_1_547' title='bbox 1987 1214 2103 1258; x_wconf 90' lang='lat' dir='ltr'><strong>erat</strong></span> <span class='ocrx_word' id='word_1_548' title='bbox 2133 1224 2145 1260; x_wconf 87' lang='lat'><strong>:</strong></span> <span class='ocrx_word' id='word_1_549' title='bbox 2173 1220 2294 1258; x_wconf 90' lang='lat' dir='ltr'><strong>nam</strong></span> <span class='ocrx_word' id='word_1_550' title='bbox 2319 1214 2371 1259; x_wconf 90' lang='lat' dir='ltr'><strong>et</strong></span> <span class='ocrx_word' id='word_1_551' title='bbox 2400 1206 2502 1258; x_wconf 90' lang='lat' dir='ltr'><strong>illis</strong></span> <span class='ocrx_word' id='word_1_552' title='bbox 2531 1205 2656 1259; x_wconf 83' lang='lat' dir='ltr'><strong>dare</strong></span> <span class='ocrx_word' id='word_1_553' title='bbox 2686 1216 2735 1258; x_wconf 91' lang='lat' dir='ltr'><strong>ct</strong></span> <span class='ocrx_word' id='word_1_554' title='bbox 2768 1206 2889 1261; x_wconf 82' lang='lat' dir='ltr'><strong>huic</strong></span> <span class='ocrx_word' id='word_1_555' title='bbox 2914 1223 3017 1261; x_wconf 91' lang='lat' dir='ltr'><strong>non</strong></span> <span class='ocrx_word' id='word_1_556' title='bbox 3046 1206 3172 1261; x_wconf 70' lang='lat' dir='ltr'><strong>dare</strong></span> <span class='ocrx_word' id='word_1_557' title='bbox 3192 1247 3206 1270; x_wconf 90' lang='lat'><strong>,</strong></span> <span class='ocrx_word' id='word_1_558' title='bbox 3248 1222 3363 1260; x_wconf 89' lang='lat' dir='ltr'><strong>ma-</strong></span> 
     </span>
    </p>
   </div>
   <div class='ocr_carea' id='block_1_70' title="bbox 1796 1299 3365 1369">
    <p class='ocr_par' dir='ltr' id='par_1_70' title="bbox 1796 1299 3365 1369">
     <span class='ocr_line' id='line_1_70' title="bbox 1796 1299 3365 1369; baseline 0 -18"><span class='ocrx_word' id='word_1_559' title='bbox 1796 1314 1957 1368; x_wconf 87' lang='lat' dir='ltr'><strong>gnum</strong></span> <span class='ocrx_word' id='word_1_560' title='bbox 1986 1308 2101 1354; x_wconf 86' lang='lat' dir='ltr'><strong>erat</strong></span> <span class='ocrx_word' id='word_1_561' title='bbox 2138 1301 2366 1369; x_wconf 87' lang='lat' dir='ltr'><strong>signum.</strong></span> <span class='ocrx_word' id='word_1_562' title='bbox 2402 1299 2490 1352; x_wconf 76' lang='grc'><strong>25.</strong></span> <span class='ocrx_word' id='word_1_563' title='bbox 2522 1299 2585 1353; x_wconf 82' lang='lat' dir='ltr'><strong>Et</strong></span> <span class='ocrx_word' id='word_1_564' title='bbox 2613 1300 2689 1352; x_wconf 87' lang='lat' dir='ltr'><strong>illi</strong></span> <span class='ocrx_word' id='word_1_565' title='bbox 2716 1300 2911 1369; x_wconf 82' lang='lat' dir='ltr'><strong>quidem</strong></span> <span class='ocrx_word' id='word_1_566' title='bbox 2940 1301 3186 1368; x_wconf 79' lang='lat' dir='ltr'><strong>testiﬁcati</strong></span> <span class='ocrx_word' id='word_1_567' title='bbox 3214 1312 3258 1352; x_wconf 90' lang='lat' dir='ltr'><strong>et</strong></span> <span class='ocrx_word' id='word_1_568' title='bbox 3286 1301 3365 1353; x_wconf 90' lang='lat' dir='ltr'><strong>lo-</strong></span> 
     </span>
    </p>
   </div>
   <div class='ocr_carea' id='block_1_71' title="bbox 1796 1391 3370 1458">
    <p class='ocr_par' dir='ltr' id='par_1_71' title="bbox 1796 1391 3370 1458">
     <span class='ocr_line' id='line_1_71' title="bbox 1796 1391 3370 1458; baseline 0.001 -16"><span class='ocrx_word' id='word_1_569' title='bbox 1796 1391 1937 1458; x_wconf 88' lang='lat' dir='ltr'><strong>quuti</strong></span> <span class='ocrx_word' id='word_1_570' title='bbox 1960 1391 2159 1444; x_wconf 84' lang='lat' dir='ltr'><strong>verbum</strong></span> <span class='ocrx_word' id='word_1_571' title='bbox 2188 1391 2407 1455; x_wconf 86' lang='lat' dir='ltr'><strong>Domini,</strong></span> <span class='ocrx_word' id='word_1_572' title='bbox 2430 1392 2609 1445; x_wconf 81' lang='lat' dir='ltr'><strong>reversi</strong></span> <span class='ocrx_word' id='word_1_573' title='bbox 2629 1402 2744 1446; x_wconf 88' lang='lat' dir='ltr'><strong>sunt</strong></span> <span class='ocrx_word' id='word_1_574' title='bbox 2770 1393 2819 1446; x_wconf 89' lang='lat' dir='ltr'><strong>in</strong></span> <span class='ocrx_word' id='word_1_575' title='bbox 2840 1391 3139 1457; x_wconf 78' lang='lat' dir='ltr'><strong>Jerusalem,</strong></span> <span class='ocrx_word' id='word_1_576' title='bbox 3167 1402 3212 1444; x_wconf 85' lang='lat' dir='ltr'><strong>et</strong></span> <span class='ocrx_word' id='word_1_577' title='bbox 3238 1393 3370 1444; x_wconf 88' lang='lat' dir='ltr'><strong>mul-</strong></span> 
     </span>
    </p>
   </div>
   <div class='ocr_carea' id='block_1_72' title="bbox 1798 1485 3362 1556">
    <p class='ocr_par' dir='ltr' id='par_1_72' title="bbox 1798 1485 3362 1556">
     <span class='ocr_line' id='line_1_72' title="bbox 1798 1485 3362 1556; baseline -0.001 -17"><span class='ocrx_word' id='word_1_578' title='bbox 1798 1488 1861 1539; x_wconf 88' lang='lat' dir='ltr'><strong>tis</strong></span> <span class='ocrx_word' id='word_1_579' title='bbox 1905 1485 2021 1538; x_wconf 83' lang='lat' dir='ltr'><strong>vicis</strong></span> <span class='ocrx_word' id='word_1_580' title='bbox 2066 1486 2502 1541; x_wconf 86' lang='lat' dir='ltr'><strong>Samaritanorum</strong></span> <span class='ocrx_word' id='word_1_581' title='bbox 2547 1485 2966 1556; x_wconf 75' lang='lat' dir='ltr'><strong>evangelizabaut.</strong></span> <span class='ocrx_word' id='word_1_582' title='bbox 3018 1486 3157 1539; x_wconf 86' lang='lat' dir='ltr'><strong>Bene</strong></span> <span class='ocrx_word' id='word_1_583' title='bbox 3200 1486 3362 1548; x_wconf 77' lang='lat' dir='ltr'><strong>dixit,</strong></span> 
     </span>
    </p>
   </div>
   <div class='ocr_carea' id='block_1_73' title="bbox 1798 1577 3369 1647">
    <p class='ocr_par' dir='ltr' id='par_1_73' title="bbox 1798 1577 3369 1647">
     <span class='ocr_line' id='line_1_73' title="bbox 1798 1577 3369 1647; baseline -0.002 -15"><span class='ocrx_word' id='word_1_584' title='bbox 1798 1577 2092 1646; x_wconf 84' lang='lat' dir='ltr'><strong>Testiﬁcati.</strong></span> <span class='ocrx_word' id='word_1_585' title='bbox 2115 1577 2484 1631; x_wconf 87' lang='lat' dir='ltr'><strong>Testiﬁcantur</strong></span> <span class='ocrx_word' id='word_1_586' title='bbox 2511 1577 2734 1631; x_wconf 73' lang='lat' dir='ltr'><strong>fortasse</strong></span> <span class='ocrx_word' id='word_1_587' title='bbox 2754 1589 2968 1647; x_wconf 83' lang='lat' dir='ltr'><strong>propter</strong></span> <span class='ocrx_word' id='word_1_588' title='bbox 2993 1577 3160 1641; x_wconf 90' lang='lat' dir='ltr'><strong>illum,</strong></span> <span class='ocrx_word' id='word_1_589' title='bbox 3186 1592 3252 1631; x_wconf 89' lang='lat' dir='ltr'><strong>ne</strong></span> <span class='ocrx_word' id='word_1_590' title='bbox 3276 1577 3369 1630; x_wconf 82' lang='lat' dir='ltr'><strong>dc-</strong></span> 
     </span>
    </p>
   </div>
   <div class='ocr_carea' id='block_1_74' title="bbox 1798 1668 3369 1739">
    <p class='ocr_par' dir='ltr' id='par_1_74' title="bbox 1798 1668 3369 1739">
     <span class='ocr_line' id='line_1_74' title="bbox 1798 1668 3369 1739; baseline -0.002 -14"><span class='ocrx_word' id='word_1_591' title='bbox 1798 1671 2081 1739; x_wconf 86' lang='lat' dir='ltr'><strong>cipiantur,</strong></span> <span class='ocrx_word' id='word_1_592' title='bbox 2115 1677 2169 1722; x_wconf 91' lang='lat' dir='ltr'><strong>ut</strong></span> <span class='ocrx_word' id='word_1_593' title='bbox 2195 1679 2375 1739; x_wconf 87' lang='lat' dir='ltr'><strong>postea</strong></span> <span class='ocrx_word' id='word_1_594' title='bbox 2404 1668 2455 1721; x_wconf 92' lang='lat' dir='ltr'><strong>in</strong></span> <span class='ocrx_word' id='word_1_595' title='bbox 2486 1677 2599 1722; x_wconf 87' lang='lat' dir='ltr'><strong>tuto</strong></span> <span class='ocrx_word' id='word_1_596' title='bbox 2618 1679 2818 1735; x_wconf 87' lang='lat' dir='ltr'><strong>essent,</strong></span> <span class='ocrx_word' id='word_1_597' title='bbox 2848 1685 2913 1722; x_wconf 88' lang='lat' dir='ltr'><strong>ne</strong></span> <span class='ocrx_word' id='word_1_598' title='bbox 2941 1669 3197 1737; x_wconf 73' lang='lat' dir='ltr'><strong>inexperti</strong></span> <span class='ocrx_word' id='word_1_599' title='bbox 3228 1683 3369 1736; x_wconf 65' lang='lat' dir='ltr'><strong>szrpe</strong></span> 
     </span>
    </p>
   </div>
   <div class='ocr_carea' id='block_1_75' title="bbox 1798 1760 3415 1831">
    <p class='ocr_par' dir='ltr' id='par_1_75' title="bbox 1798 1760 3415 1831">
     <span class='ocr_line' id='line_1_75' title="bbox 1798 1760 3415 1831; baseline 0.001 -17"><span class='ocrx_word' id='word_1_600' title='bbox 1798 1761 2187 1829; x_wconf 88' lang='lat' dir='ltr'><strong>ahripercntnr.</strong></span> <span class='ocrx_word' id='word_1_601' title='bbox 2221 1761 2422 1815; x_wconf 83' lang='lat' dir='ltr'><strong>Reversi</strong></span> <span class='ocrx_word' id='word_1_602' title='bbox 2461 1771 2576 1814; x_wconf 87' lang='lat' dir='ltr'><strong>sunt</strong></span> <span class='ocrx_word' id='word_1_603' title='bbox 2611 1760 2997 1831; x_wconf 78' lang='lat' dir='ltr'><strong>Jerosolymom.</strong></span> <span class='ocrx_word' id='word_1_604' title='bbox 3038 1760 3144 1815; x_wconf 89' lang='lat' dir='ltr'><strong>Cur</strong></span> <span class='ocrx_word' id='word_1_605' title='bbox 3179 1761 3415 1817; x_wconf 53' lang='lat' dir='ltr'><strong>iterum»</strong></span> 
     </span>
    </p>
   </div>
   <div class='ocr_carea' id='block_1_76' title="bbox 1799 1850 3373 1923">
    <p class='ocr_par' dir='ltr' id='par_1_76' title="bbox 1799 1850 3373 1923">
     <span class='ocr_line' id='line_1_76' title="bbox 1799 1850 3373 1923; baseline 0.001 -17"><span class='ocrx_word' id='word_1_606' title='bbox 1799 1853 1890 1906; x_wconf 89' lang='lat' dir='ltr'><strong>illo</strong></span> <span class='ocrx_word' id='word_1_607' title='bbox 1916 1852 2234 1916; x_wconf 88' lang='lat' dir='ltr'><strong>concedunt,</strong></span> <span class='ocrx_word' id='word_1_608' title='bbox 2265 1853 2351 1907; x_wconf 90' lang='lat' dir='ltr'><strong>ubi</strong></span> <span class='ocrx_word' id='word_1_609' title='bbox 2385 1853 2621 1923; x_wconf 88' lang='lat' dir='ltr'><strong>tyrannis</strong></span> <span class='ocrx_word' id='word_1_610' title='bbox 2648 1861 2795 1918; x_wconf 89' lang='lat' dir='ltr'><strong>erat,</strong></span> <span class='ocrx_word' id='word_1_611' title='bbox 2826 1853 2911 1907; x_wconf 92' lang='lat' dir='ltr'><strong>ubi</strong></span> <span class='ocrx_word' id='word_1_612' title='bbox 2940 1852 3198 1906; x_wconf 80' lang='lat' dir='ltr'><strong>malorum</strong></span> <span class='ocrx_word' id='word_1_613' title='bbox 3228 1850 3373 1922; x_wconf 58' lang='grc' dir='ltr'><strong>βρεκ-</strong></span> 
     </span>
    </p>
   </div>
   <div class='ocr_carea' id='block_1_77' title="bbox 1798 1944 3371 2015">
    <p class='ocr_par' dir='ltr' id='par_1_77' title="bbox 1798 1944 3371 2015">
     <span class='ocr_line' id='line_1_77' title="bbox 1798 1944 3371 2015; baseline 0.001 -15"><span class='ocrx_word' id='word_1_614' title='bbox 1798 1946 2021 2015; x_wconf 87' lang='lat' dir='ltr'><strong>cipium,</strong></span> <span class='ocrx_word' id='word_1_615' title='bbox 2053 1945 2139 2000; x_wconf 91' lang='lat' dir='ltr'><strong>ubi</strong></span> <span class='ocrx_word' id='word_1_616' title='bbox 2165 1946 2393 2001; x_wconf 85' lang='lat' dir='ltr'><strong>maxime</strong></span> <span class='ocrx_word' id='word_1_617' title='bbox 2424 1946 2745 2015; x_wconf 86' lang='lat' dir='ltr'><strong>sanguinarii</strong></span> <span class='ocrx_word' id='word_1_618' title='bbox 2786 1947 2974 2001; x_wconf 84' lang='lat' dir='ltr'><strong>erant?</strong></span> <span class='ocrx_word' id='word_1_619' title='bbox 3014 1946 3082 2002; x_wconf 89' lang='lat' dir='ltr'><strong>Ut</strong></span> <span class='ocrx_word' id='word_1_620' title='bbox 3124 1944 3179 2002; x_wconf 90' lang='lat' dir='ltr'><strong>in</strong></span> <span class='ocrx_word' id='word_1_621' title='bbox 3218 1945 3371 2001; x_wconf 89' lang='lat' dir='ltr'><strong>bellis</strong></span> 
     </span>
    </p>
   </div>
   <div class='ocr_carea' id='block_1_78' title="bbox 1800 2037 3368 2110">
    <p class='ocr_par' dir='ltr' id='par_1_78' title="bbox 1800 2037 3368 2110">
     <span class='ocr_line' id='line_1_78' title="bbox 1800 2037 3368 2110; baseline 0.001 -21"><span class='ocrx_word' id='word_1_622' title='bbox 1800 2037 1960 2093; x_wconf 85' lang='lat' dir='ltr'><strong>duces</strong></span> <span class='ocrx_word' id='word_1_623' title='bbox 1990 2037 2221 2103; x_wconf 87' lang='lat' dir='ltr'><strong>faciunt,</strong></span> <span class='ocrx_word' id='word_1_624' title='bbox 2260 2048 2313 2093; x_wconf 89' lang='lat' dir='ltr'><strong>et</strong></span> <span class='ocrx_word' id='word_1_625' title='bbox 2349 2038 2489 2094; x_wconf 89' lang='lat' dir='ltr'><strong>bello</strong></span> <span class='ocrx_word' id='word_1_626' title='bbox 2531 2038 2854 2093; x_wconf 88' lang='lat' dir='ltr'><strong>laborantem</strong></span> <span class='ocrx_word' id='word_1_627' title='bbox 2894 2048 3096 2109; x_wconf 87' lang='lat' dir='ltr'><strong>partem</strong></span> <span class='ocrx_word' id='word_1_628' title='bbox 3129 2047 3313 2110; x_wconf 85' lang='lat' dir='ltr'><strong>petunt</strong></span> <span class='ocrx_word' id='word_1_629' title='bbox 3352 2053 3368 2091; x_wconf 92' lang='lat'><strong>:</strong></span> 
     </span>
    </p>
   </div>
   <div class='ocr_carea' id='block_1_79' title="bbox 1804 2128 3372 2201">
    <p class='ocr_par' dir='ltr' id='par_1_79' title="bbox 1804 2128 3372 2201">
     <span class='ocr_line' id='line_1_79' title="bbox 1804 2128 3372 2201; baseline 0.002 -18"><span class='ocrx_word' id='word_1_630' title='bbox 1804 2128 2030 2198; x_wconf 91' lang='lat' dir='ltr'><strong>idipsum</strong></span> <span class='ocrx_word' id='word_1_631' title='bbox 2076 2129 2127 2183; x_wconf 93' lang='lat' dir='ltr'><strong>hi</strong></span> <span class='ocrx_word' id='word_1_632' title='bbox 2177 2139 2444 2198; x_wconf 66' lang='lat' dir='ltr'><strong>praestant.</strong></span> <span class='ocrx_word' id='word_1_633' title='bbox 2491 2130 2623 2185; x_wconf 84' lang='lat' dir='ltr'><strong>Vide</strong></span> <span class='ocrx_word' id='word_1_634' title='bbox 2660 2146 2870 2185; x_wconf 89' lang='lat' dir='ltr'><strong>rursum</strong></span> <span class='ocrx_word' id='word_1_635' title='bbox 2918 2146 3023 2185; x_wconf 89' lang='lat' dir='ltr'><strong>non</strong></span> <span class='ocrx_word' id='word_1_636' title='bbox 3067 2133 3237 2201; x_wconf 88' lang='lat' dir='ltr'><strong>primo</strong></span> <span class='ocrx_word' id='word_1_637' title='bbox 3279 2147 3372 2186; x_wconf 81' lang='lat' dir='ltr'><strong>ve-</strong></span> 
     </span>
    </p>
   </div>
   <div class='ocr_carea' id='block_1_80' title="bbox 1801 2222 3374 2292">
    <p class='ocr_par' dir='ltr' id='par_1_80' title="bbox 1801 2222 3374 2292">
     <span class='ocr_line' id='line_1_80' title="bbox 1801 2222 3374 2292; baseline 0.001 -16"><span class='ocrx_word' id='word_1_638' title='bbox 1801 2223 2006 2276; x_wconf 88' lang='lat' dir='ltr'><strong>nientes</strong></span> <span class='ocrx_word' id='word_1_639' title='bbox 2031 2222 2352 2288; x_wconf 88' lang='lat' dir='ltr'><strong>Samariam,</strong></span> <span class='ocrx_word' id='word_1_640' title='bbox 2381 2222 2473 2277; x_wconf 90' lang='lat' dir='ltr'><strong>sed</strong></span> <span class='ocrx_word' id='word_1_641' title='bbox 2503 2222 2681 2292; x_wconf 90' lang='lat' dir='ltr'><strong>pulsos</strong></span> <span class='ocrx_word' id='word_1_642' title='bbox 2706 2222 3009 2291; x_wconf 90' lang='lat' dir='ltr'><strong>discipulos,</strong></span> <span class='ocrx_word' id='word_1_643' title='bbox 3037 2223 3173 2277; x_wconf 90' lang='lat' dir='ltr'><strong>sicut</strong></span> <span class='ocrx_word' id='word_1_644' title='bbox 3197 2232 3250 2277; x_wconf 89' lang='lat' dir='ltr'><strong>et</strong></span> <span class='ocrx_word' id='word_1_645' title='bbox 3276 2224 3374 2278; x_wconf 92' lang='lat' dir='ltr'><strong>sub</strong></span> 
     </span>
    </p>
   </div>
   <div class='ocr_carea' id='block_1_81' title="bbox 1800 2314 3367 2385">
    <p class='ocr_par' dir='ltr' id='par_1_81' title="bbox 1800 2314 3367 2385">
     <span class='ocr_line' id='line_1_81' title="bbox 1800 2314 3367 2385; baseline -0.001 -17"><span class='ocrx_word' id='word_1_646' title='bbox 1800 2314 2031 2378; x_wconf 78' lang='lat' dir='ltr'><strong>Christo,</strong></span> <span class='ocrx_word' id='word_1_647' title='bbox 2063 2324 2115 2369; x_wconf 87' lang='lat' dir='ltr'><strong>et</strong></span> <span class='ocrx_word' id='word_1_648' title='bbox 2143 2316 2411 2384; x_wconf 90' lang='lat' dir='ltr'><strong>apostolos</strong></span> <span class='ocrx_word' id='word_1_649' title='bbox 2439 2314 2504 2368; x_wconf 88' lang='lat' dir='ltr'><strong>ad</strong></span> <span class='ocrx_word' id='word_1_650' title='bbox 2535 2329 2628 2369; x_wconf 88' lang='lat' dir='ltr'><strong>eos</strong></span> <span class='ocrx_word' id='word_1_651' title='bbox 2656 2315 3040 2379; x_wconf 89' lang='lat' dir='ltr'><strong>Samaritanos,</strong></span> <span class='ocrx_word' id='word_1_652' title='bbox 3074 2316 3160 2385; x_wconf 90' lang='lat' dir='ltr'><strong>qui</strong></span> <span class='ocrx_word' id='word_1_653' title='bbox 3192 2315 3367 2368; x_wconf 83' lang='lat' dir='ltr'><strong>credi-</strong></span> 
     </span>
    </p>
   </div>
   <div class='ocr_carea' id='block_1_82' title="bbox 1800 2388 3371 2478">
    <p class='ocr_par' dir='ltr' id='par_1_82' title="bbox 1800 2388 3371 2478">
     <span class='ocr_line' id='line_1_82' title="bbox 1800 2388 3371 2478; baseline -0.001 -16"><span class='ocrx_word' id='word_1_654' title='bbox 1800 2407 2019 2472; x_wconf 89' lang='lat' dir='ltr'><strong>derant,</strong></span> <span class='ocrx_word' id='word_1_655' title='bbox 2050 2407 2260 2462; x_wconf 90' lang='lat' dir='ltr'><strong>demum</strong></span> <span class='ocrx_word' id='word_1_656' title='bbox 2301 2407 2511 2463; x_wconf 66' lang='lat' dir='ltr'><strong>missos.</strong></span> <span class='ocrx_word' id='word_1_657' title='bbox 2539 2406 2663 2462; x_wconf 87' lang='lat' dir='ltr'><strong>Cum</strong></span> <span class='ocrx_word' id='word_1_658' title='bbox 2692 2409 2944 2463; x_wconf 82' lang='lat' dir='ltr'><strong>audissent</strong></span> <span class='ocrx_word' id='word_1_659' title='bbox 2970 2418 3151 2471; x_wconf 85' lang='lat' dir='ltr'><strong>autem,</strong></span> <span class='ocrx_word' id='word_1_660' title='bbox 3184 2388 3371 2478; x_wconf 46' lang='lat' dir='ltr'><strong>inquit,</strong></span> 
     </span>
    </p>
   </div>
   <div class='ocr_carea' id='block_1_83' title="bbox 1801 2499 3373 2573">
    <p class='ocr_par' dir='ltr' id='par_1_83' title="bbox 1801 2499 3373 2573">
     <span class='ocr_line' id='line_1_83' title="bbox 1801 2499 3373 2573; baseline 0.001 -20"><span class='ocrx_word' id='word_1_661' title='bbox 1801 2500 2047 2571; x_wconf 88' lang='lat' dir='ltr'><strong>apostoli,</strong></span> <span class='ocrx_word' id='word_1_662' title='bbox 2075 2501 2160 2571; x_wconf 89' lang='lat' dir='ltr'><strong>qui</strong></span> <span class='ocrx_word' id='word_1_663' title='bbox 2193 2509 2333 2555; x_wconf 88' lang='lat' dir='ltr'><strong>erant</strong></span> <span class='ocrx_word' id='word_1_664' title='bbox 2359 2499 2688 2573; x_wconf 82' lang='lat' dir='ltr'><strong>Jerosolymis</strong></span> <span class='ocrx_word' id='word_1_665' title='bbox 2706 2542 2722 2568; x_wconf 94' lang='lat'><strong>,</strong></span> <span class='ocrx_word' id='word_1_666' title='bbox 2750 2503 2987 2556; x_wconf 88' lang='lat' dir='ltr'><strong>miserunt</strong></span> <span class='ocrx_word' id='word_1_667' title='bbox 3025 2501 3093 2554; x_wconf 91' lang='lat' dir='ltr'><strong>ad</strong></span> <span class='ocrx_word' id='word_1_668' title='bbox 3128 2502 3243 2555; x_wconf 90' lang='lat' dir='ltr'><strong>illos</strong></span> <span class='ocrx_word' id='word_1_669' title='bbox 3272 2501 3373 2554; x_wconf 85' lang='lat' dir='ltr'><strong>Pe-</strong></span> 
     </span>
    </p>
   </div>
   <div class='ocr_carea' id='block_1_84' title="bbox 1804 2595 3374 2651">
    <p class='ocr_par' dir='ltr' id='par_1_84' title="bbox 1804 2595 3374 2651">
     <span class='ocr_line' id='line_1_84' title="bbox 1804 2595 3374 2651; baseline -0.001 -1"><span class='ocrx_word' id='word_1_670' title='bbox 1804 2606 1933 2650; x_wconf 88' lang='lat' dir='ltr'><strong>trum</strong></span> <span class='ocrx_word' id='word_1_671' title='bbox 1961 2606 2007 2651; x_wconf 88' lang='lat' dir='ltr'><strong>et</strong></span> <span class='ocrx_word' id='word_1_672' title='bbox 2033 2596 2301 2649; x_wconf 87' lang='lat' dir='ltr'><strong>Joannem.</strong></span> <span class='ocrx_word' id='word_1_673' title='bbox 2332 2596 2441 2649; x_wconf 85' lang='lat' dir='ltr'><strong>Cur</strong></span> <span class='ocrx_word' id='word_1_674' title='bbox 2468 2596 2786 2650; x_wconf 86' lang='lat' dir='ltr'><strong>mittuntur?</strong></span> <span class='ocrx_word' id='word_1_675' title='bbox 2825 2595 2891 2651; x_wconf 90' lang='lat' dir='ltr'><strong>Ut</strong></span> <span class='ocrx_word' id='word_1_676' title='bbox 2931 2595 3049 2651; x_wconf 87' lang='lat' dir='ltr'><strong>illos</strong></span> <span class='ocrx_word' id='word_1_677' title='bbox 3078 2596 3305 2650; x_wconf 85' lang='lat' dir='ltr'><strong>libereut</strong></span> <span class='ocrx_word' id='word_1_678' title='bbox 3344 2610 3374 2648; x_wconf 85' lang='lat' dir='ltr'><strong>a</strong></span> 
     </span>
    </p>
   </div>
   <div class='ocr_carea' id='block_1_85' title="bbox 1805 2686 3375 2758">
    <p class='ocr_par' dir='ltr' id='par_1_85' title="bbox 1805 2686 3375 2758">
     <span class='ocr_line' id='line_1_85' title="bbox 1805 2686 3375 2758; baseline -0.002 -16"><span class='ocrx_word' id='word_1_679' title='bbox 1805 2688 2005 2758; x_wconf 83' lang='lat' dir='ltr'><strong>magia,</strong></span> <span class='ocrx_word' id='word_1_680' title='bbox 2050 2697 2107 2741; x_wconf 92' lang='lat' dir='ltr'><strong>ut</strong></span> <span class='ocrx_word' id='word_1_681' title='bbox 2149 2687 2251 2740; x_wconf 91' lang='lat' dir='ltr'><strong>illis</strong></span> <span class='ocrx_word' id='word_1_682' title='bbox 2297 2686 2590 2741; x_wconf 90' lang='lat' dir='ltr'><strong>doctrinam</strong></span> <span class='ocrx_word' id='word_1_683' title='bbox 2639 2695 3094 2749; x_wconf 87' lang='lat' dir='ltr'><strong>commemorent,</strong></span> <span class='ocrx_word' id='word_1_684' title='bbox 3143 2702 3300 2755; x_wconf 87' lang='lat' dir='ltr'><strong>quam</strong></span> <span class='ocrx_word' id='word_1_685' title='bbox 3345 2700 3375 2739; x_wconf 88' lang='lat' dir='ltr'><strong>a</strong></span> 
     </span>
    </p>
   </div>
   <div class='ocr_carea' id='block_1_86' title="bbox 1803 2779 3374 2850">
    <p class='ocr_par' dir='ltr' id='par_1_86' title="bbox 1803 2779 3374 2850">
     <span class='ocr_line' id='line_1_86' title="bbox 1803 2779 3374 2850; baseline -0.005 -12"><span class='ocrx_word' id='word_1_686' title='bbox 1803 2783 2014 2838; x_wconf 89' lang='lat' dir='ltr'><strong>Christo</strong></span> <span class='ocrx_word' id='word_1_687' title='bbox 2041 2781 2355 2837; x_wconf 89' lang='lat' dir='ltr'><strong>didicerant.</strong></span> <span class='ocrx_word' id='word_1_688' title='bbox 2381 2782 2512 2835; x_wconf 90' lang='lat' dir='ltr'><strong>Cum</strong></span> <span class='ocrx_word' id='word_1_689' title='bbox 2543 2790 2812 2850; x_wconf 77' lang='lat' dir='ltr'><strong>oporteret</strong></span> <span class='ocrx_word' id='word_1_690' title='bbox 2841 2794 2969 2849; x_wconf 84' lang='lat' dir='ltr'><strong>ergo</strong></span> <span class='ocrx_word' id='word_1_691' title='bbox 2994 2779 3137 2833; x_wconf 88' lang='lat' dir='ltr'><strong>illum</strong></span> <span class='ocrx_word' id='word_1_692' title='bbox 3167 2786 3374 2832; x_wconf 80' lang='lat' dir='ltr'><strong>contra-</strong></span> 
     </span>
    </p>
   </div>
   <div class='ocr_carea' id='block_1_87' title="bbox 1806 2856 3377 2946">
    <p class='ocr_par' dir='ltr' id='par_1_87' title="bbox 1806 2856 3377 2946">
     <span class='ocr_line' id='line_1_87' title="bbox 1806 2856 3377 2946; baseline -0.004 -16"><span class='ocrx_word' id='word_1_693' title='bbox 1806 2875 1939 2930; x_wconf 92' lang='lat' dir='ltr'><strong>rium</strong></span> <span class='ocrx_word' id='word_1_694' title='bbox 1968 2884 2181 2946; x_wconf 87' lang='lat' dir='ltr'><strong>petere,</strong></span> <span class='ocrx_word' id='word_1_695' title='bbox 2212 2884 2268 2928; x_wconf 91' lang='lat' dir='ltr'><strong>ut</strong></span> <span class='ocrx_word' id='word_1_696' title='bbox 2295 2874 2558 2943; x_wconf 87' lang='lat' dir='ltr'><strong>acciperet</strong></span> <span class='ocrx_word' id='word_1_697' title='bbox 2583 2856 3100 2941; x_wconf 64' lang='lat' dir='ltr'><strong>Spiritum&#39;sauctum</strong></span> <span class='ocrx_word' id='word_1_698' title='bbox 3122 2912 3138 2937; x_wconf 90' lang='lat'><strong>,</strong></span> <span class='ocrx_word' id='word_1_699' title='bbox 3171 2871 3214 2924; x_wconf 91' lang='lat' dir='ltr'><strong>is</strong></span> <span class='ocrx_word' id='word_1_700' title='bbox 3249 2869 3377 2946; x_wconf 81' lang='lat' dir='ltr'><strong>illud</strong></span> 
     </span>
    </p>
   </div>
   <div class='ocr_carea' id='block_1_88' title="bbox 1805 2938 3378 3035">
    <p class='ocr_par' dir='ltr' id='par_1_88' title="bbox 1805 2938 3378 3035">
     <span class='ocr_line' id='line_1_88' title="bbox 1805 2938 3378 3035; baseline -0.004 -14"><span class='ocrx_word' id='word_1_701' title='bbox 1805 2964 1936 3021; x_wconf 90' lang='lat' dir='ltr'><strong>nihil</strong></span> <span class='ocrx_word' id='word_1_702' title='bbox 1965 2938 2183 3029; x_wconf 79' lang='lat' dir='ltr'><strong>curans,</strong></span> <span class='ocrx_word' id='word_1_703' title='bbox 2216 2965 2348 3035; x_wconf 88' lang='lat' dir='ltr'><strong>petit</strong></span> <span class='ocrx_word' id='word_1_704' title='bbox 2374 2938 2431 3017; x_wconf 78' lang='lat' dir='ltr'><strong>nt</strong></span> <span class='ocrx_word' id='word_1_705' title='bbox 2458 2964 2576 3018; x_wconf 88' lang='lat' dir='ltr'><strong>aliis</strong></span> <span class='ocrx_word' id='word_1_706' title='bbox 2602 2938 2732 3017; x_wconf 83' lang='lat' dir='ltr'><strong>dare</strong></span> <span class='ocrx_word' id='word_1_707' title='bbox 2766 2962 2927 3031; x_wconf 81' lang='lat' dir='ltr'><strong>possit</strong></span> <span class='ocrx_word' id='word_1_708' title='bbox 2957 2979 2973 3016; x_wconf 89' lang='lat'><strong>:</strong></span> <span class='ocrx_word' id='word_1_709' title='bbox 3001 2961 3102 3018; x_wconf 85' lang='lat' dir='ltr'><strong>etsi</strong></span> <span class='ocrx_word' id='word_1_710' title='bbox 3133 2961 3231 3030; x_wconf 88' lang='lat' dir='ltr'><strong>ipsi</strong></span> <span class='ocrx_word' id='word_1_711' title='bbox 3271 2938 3378 3015; x_wconf 67' lang='lat' dir='ltr'><strong>non</strong></span> 
     </span>
    </p>
   </div>
   <div class='ocr_carea' id='block_1_89' title="bbox 1806 3054 3381 3128">
    <p class='ocr_par' dir='ltr' id='par_1_89' title="bbox 1806 3054 3381 3128">
     <span class='ocr_line' id='line_1_89' title="bbox 1806 3054 3381 3128; baseline -0.003 -14"><span class='ocrx_word' id='word_1_712' title='bbox 1806 3060 1952 3114; x_wconf 91' lang='lat' dir='ltr'><strong>illum</strong></span> <span class='ocrx_word' id='word_1_713' title='bbox 1998 3060 2065 3113; x_wconf 85' lang='lat' dir='ltr'><strong>ita</strong></span> <span class='ocrx_word' id='word_1_714' title='bbox 2106 3071 2411 3128; x_wconf 79' lang='lat' dir='ltr'><strong>:iccepctaut</strong></span> <span class='ocrx_word' id='word_1_715' title='bbox 2439 3099 2454 3125; x_wconf 93' lang='lat'><strong>,</strong></span> <span class='ocrx_word' id='word_1_716' title='bbox 2497 3067 2554 3111; x_wconf 90' lang='lat' dir='ltr'><strong>ut</strong></span> <span class='ocrx_word' id='word_1_717' title='bbox 2583 3057 2709 3111; x_wconf 75' lang='lat' dir='ltr'><strong>dare</strong></span> <span class='ocrx_word' id='word_1_718' title='bbox 2749 3065 2982 3126; x_wconf 80' lang='lat' dir='ltr'><strong>possent.</strong></span> <span class='ocrx_word' id='word_1_719' title='bbox 3026 3055 3131 3111; x_wconf 86' lang='lat' dir='ltr'><strong>Sed</strong></span> <span class='ocrx_word' id='word_1_720' title='bbox 3170 3054 3381 3110; x_wconf 84' lang='lat' dir='ltr'><strong>volebat</strong></span> 
     </span>
    </p>
   </div>
   <div class='ocr_carea' id='block_1_90' title="bbox 1807 3147 3376 3222">
    <p class='ocr_par' dir='ltr' id='par_1_90' title="bbox 1807 3147 3376 3222">
     <span class='ocr_line' id='line_1_90' title="bbox 1807 3147 3376 3222; baseline -0.005 -15"><span class='ocrx_word' id='word_1_721' title='bbox 1807 3154 1894 3209; x_wconf 90' lang='lat' dir='ltr'><strong>hic</strong></span> <span class='ocrx_word' id='word_1_722' title='bbox 1938 3152 2180 3222; x_wconf 87' lang='lat' dir='ltr'><strong>Philippo</strong></span> <span class='ocrx_word' id='word_1_723' title='bbox 2219 3152 2411 3206; x_wconf 87' lang='lat' dir='ltr'><strong>clarior</strong></span> <span class='ocrx_word' id='word_1_724' title='bbox 2438 3166 2577 3216; x_wconf 88' lang='lat' dir='ltr'><strong>esse,</strong></span> <span class='ocrx_word' id='word_1_725' title='bbox 2605 3150 2694 3219; x_wconf 82' lang='lat' dir='ltr'><strong>qui</strong></span> <span class='ocrx_word' id='word_1_726' title='bbox 2737 3151 2874 3204; x_wconf 90' lang='lat' dir='ltr'><strong>inter</strong></span> <span class='ocrx_word' id='word_1_727' title='bbox 2912 3147 3195 3217; x_wconf 86' lang='lat' dir='ltr'><strong>discipulos</strong></span> <span class='ocrx_word' id='word_1_728' title='bbox 3239 3155 3376 3202; x_wconf 86' lang='lat' dir='ltr'><strong>erat.</strong></span> 
     </span>
    </p>
   </div>
   <div class='ocr_carea' id='block_1_91' title="bbox 1808 3239 3377 3314">
    <p class='ocr_par' dir='ltr' id='par_1_91' title="bbox 1808 3239 3377 3314">
     <span class='ocr_line' id='line_1_91' title="bbox 1808 3239 3377 3314; baseline -0.004 -14"><span class='ocrx_word' id='word_1_729' title='bbox 1808 3246 2034 3300; x_wconf 87' lang='lat' dir='ltr'><strong>Pecunia</strong></span> <span class='ocrx_word' id='word_1_730' title='bbox 2061 3256 2145 3298; x_wconf 90' lang='lat' dir='ltr'><strong>tua</strong></span> <span class='ocrx_word' id='word_1_731' title='bbox 2172 3255 2327 3299; x_wconf 88' lang='lat' dir='ltr'><strong>tecum</strong></span> <span class='ocrx_word' id='word_1_732' title='bbox 2347 3245 2410 3298; x_wconf 88' lang='lat' dir='ltr'><strong>sit</strong></span> <span class='ocrx_word' id='word_1_733' title='bbox 2433 3245 2484 3297; x_wconf 87' lang='lat' dir='ltr'><strong>in</strong></span> <span class='ocrx_word' id='word_1_734' title='bbox 2506 3244 2848 3314; x_wconf 87' lang='lat' dir='ltr'><strong>perditionem.</strong></span> <span class='ocrx_word' id='word_1_735' title='bbox 2873 3241 2988 3297; x_wconf 68' lang='lat' dir='ltr'><strong>Non</strong></span> <span class='ocrx_word' id='word_1_736' title='bbox 3016 3239 3377 3311; x_wconf 83' lang='lat' dir='ltr'><strong>imprecantis,</strong></span> 
     </span>
    </p>
   </div>
   <div class='ocr_carea' id='block_1_92' title="bbox 1807 3333 3381 3407">
    <p class='ocr_par' dir='ltr' id='par_1_92' title="bbox 1807 3333 3381 3407">
     <span class='ocr_line' id='line_1_92' title="bbox 1807 3333 3381 3407; baseline -0.004 -14"><span class='ocrx_word' id='word_1_737' title='bbox 1807 3337 1903 3393; x_wconf 88' lang='lat' dir='ltr'><strong>sed</strong></span> <span class='ocrx_word' id='word_1_738' title='bbox 1932 3337 2248 3407; x_wconf 80' lang='lat' dir='ltr'><strong>corrigentis</strong></span> <span class='ocrx_word' id='word_1_739' title='bbox 2276 3336 2389 3390; x_wconf 78' lang='lat' dir='ltr'><strong>lucc</strong></span> <span class='ocrx_word' id='word_1_740' title='bbox 2417 3346 2560 3389; x_wconf 92' lang='lat' dir='ltr'><strong>sunt.</strong></span> <span class='ocrx_word' id='word_1_741' title='bbox 2590 3336 2720 3402; x_wconf 86' lang='lat' dir='ltr'><strong>Quia</strong></span> <span class='ocrx_word' id='word_1_742' title='bbox 2745 3335 2889 3389; x_wconf 90' lang='lat' dir='ltr'><strong>enim</strong></span> <span class='ocrx_word' id='word_1_743' title='bbox 2927 3333 3017 3388; x_wconf 89' lang='lat' dir='ltr'><strong>illa</strong></span> <span class='ocrx_word' id='word_1_744' title='bbox 3058 3348 3164 3387; x_wconf 93' lang='lat' dir='ltr'><strong>non</strong></span> <span class='ocrx_word' id='word_1_745' title='bbox 3202 3342 3257 3386; x_wconf 92' lang='lat' dir='ltr'><strong>ut</strong></span> <span class='ocrx_word' id='word_1_746' title='bbox 3285 3345 3381 3401; x_wconf 83' lang='lat' dir='ltr'><strong>par</strong></span> 
     </span>
    </p>
   </div>
   <div class='ocr_carea' id='block_1_93' title="bbox 1808 3423 3378 3498">
    <p class='ocr_par' dir='ltr' id='par_1_93' title="bbox 1808 3423 3378 3498">
     <span class='ocr_line' id='line_1_93' title="bbox 1808 3423 3378 3498; baseline -0.006 -12"><span class='ocrx_word' id='word_1_747' title='bbox 1808 3440 1922 3486; x_wconf 85' lang='lat' dir='ltr'><strong>erat</strong></span> <span class='ocrx_word' id='word_1_748' title='bbox 1965 3430 2233 3491; x_wconf 85' lang='lat' dir='ltr'><strong>utebatur,</strong></span> <span class='ocrx_word' id='word_1_749' title='bbox 2267 3428 2383 3484; x_wconf 91' lang='lat' dir='ltr'><strong>Tibi</strong></span> <span class='ocrx_word' id='word_1_750' title='bbox 2419 3430 2518 3490; x_wconf 88' lang='lat' dir='ltr'><strong>sit,</strong></span> <span class='ocrx_word' id='word_1_751' title='bbox 2562 3428 2766 3498; x_wconf 91' lang='lat' dir='ltr'><strong>inquit,</strong></span> <span class='ocrx_word' id='word_1_752' title='bbox 2808 3427 2896 3497; x_wconf 91' lang='lat' dir='ltr'><strong>qui</strong></span> <span class='ocrx_word' id='word_1_753' title='bbox 2939 3425 3056 3480; x_wconf 88' lang='lat' dir='ltr'><strong>talis</strong></span> <span class='ocrx_word' id='word_1_754' title='bbox 3092 3440 3179 3487; x_wconf 88' lang='lat' dir='ltr'><strong>es;</strong></span> <span class='ocrx_word' id='word_1_755' title='bbox 3218 3439 3281 3478; x_wconf 90' lang='lat' dir='ltr'><strong>ac</strong></span> <span class='ocrx_word' id='word_1_756' title='bbox 3332 3423 3378 3477; x_wconf 93' lang='lat' dir='ltr'><strong>si</strong></span> 
     </span>
    </p>
   </div>
   <div class='ocr_carea' id='block_1_94' title="bbox 1808 3517 3379 3595">
    <p class='ocr_par' dir='ltr' id='par_1_94' title="bbox 1808 3517 3379 3595">
     <span class='ocr_line' id='line_1_94' title="bbox 1808 3517 3379 3595; baseline -0.006 -16"><span class='ocrx_word' id='word_1_757' title='bbox 1808 3525 1928 3595; x_wconf 89' lang='lat' dir='ltr'><strong>quis</strong></span> <span class='ocrx_word' id='word_1_758' title='bbox 1955 3524 2160 3578; x_wconf 86' lang='lat' dir='ltr'><strong>diceret</strong></span> <span class='ocrx_word' id='word_1_759' title='bbox 2191 3542 2204 3576; x_wconf 90' lang='lat'><strong>:</strong></span> <span class='ocrx_word' id='word_1_760' title='bbox 2240 3522 2369 3578; x_wconf 90' lang='lat' dir='ltr'><strong>Cum</strong></span> <span class='ocrx_word' id='word_1_761' title='bbox 2402 3522 2672 3591; x_wconf 90' lang='lat' dir='ltr'><strong>proposito</strong></span> <span class='ocrx_word' id='word_1_762' title='bbox 2703 3530 2791 3575; x_wconf 93' lang='lat' dir='ltr'><strong>tuo</strong></span> <span class='ocrx_word' id='word_1_763' title='bbox 2832 3527 3013 3589; x_wconf 87' lang='lat' dir='ltr'><strong>pereat</strong></span> <span class='ocrx_word' id='word_1_764' title='bbox 3036 3560 3051 3584; x_wconf 94' lang='lat'><strong>,</strong></span> <span class='ocrx_word' id='word_1_765' title='bbox 3091 3517 3229 3587; x_wconf 89' lang='lat' dir='ltr'><strong>quod</strong></span> <span class='ocrx_word' id='word_1_766' title='bbox 3274 3528 3379 3570; x_wconf 88' lang='lat' dir='ltr'><strong>tam</strong></span> 
     </span>
    </p>
   </div>
   <div class='ocr_carea' id='block_1_95' title="bbox 1808 3610 3381 3683">
    <p class='ocr_par' dir='ltr' id='par_1_95' title="bbox 1808 3610 3381 3683">
     <span class='ocr_line' id='line_1_95' title="bbox 1808 3610 3381 3683; baseline -0.004 -13"><span class='ocrx_word' id='word_1_767' title='bbox 1808 3616 1983 3670; x_wconf 88' lang='lat' dir='ltr'><strong>viliter</strong></span> <span class='ocrx_word' id='word_1_768' title='bbox 2010 3617 2209 3671; x_wconf 90' lang='lat' dir='ltr'><strong>sentias</strong></span> <span class='ocrx_word' id='word_1_769' title='bbox 2236 3615 2304 3670; x_wconf 89' lang='lat' dir='ltr'><strong>de</strong></span> <span class='ocrx_word' id='word_1_770' title='bbox 2333 3615 2473 3669; x_wconf 92' lang='lat' dir='ltr'><strong>dono</strong></span> <span class='ocrx_word' id='word_1_771' title='bbox 2502 3614 2617 3678; x_wconf 87' lang='lat' dir='ltr'><strong>Dei,</strong></span> <span class='ocrx_word' id='word_1_772' title='bbox 2647 3612 2787 3683; x_wconf 91' lang='lat' dir='ltr'><strong>quod</strong></span> <span class='ocrx_word' id='word_1_773' title='bbox 2815 3611 3069 3681; x_wconf 82' lang='lat' dir='ltr'><strong>Sperabas</strong></span> <span class='ocrx_word' id='word_1_774' title='bbox 3095 3610 3381 3664; x_wconf 87' lang='lat' dir='ltr'><strong>humanam</strong></span> 
     </span>
    </p>
   </div>
   <div class='ocr_carea' id='block_1_96' title="bbox 1810 3703 3383 3771">
    <p class='ocr_par' dir='ltr' id='par_1_96' title="bbox 1810 3703 3383 3771">
     <span class='ocr_line' id='line_1_96' title="bbox 1810 3703 3383 3771; baseline -0.005 -8"><span class='ocrx_word' id='word_1_775' title='bbox 1810 3708 2028 3763; x_wconf 90' lang='lat' dir='ltr'><strong>omnino</strong></span> <span class='ocrx_word' id='word_1_776' title='bbox 2080 3723 2193 3763; x_wconf 91' lang='lat' dir='ltr'><strong>rem</strong></span> <span class='ocrx_word' id='word_1_777' title='bbox 2220 3722 2340 3761; x_wconf 90' lang='lat' dir='ltr'><strong>esse</strong></span> <span class='ocrx_word' id='word_1_778' title='bbox 2373 3724 2386 3760; x_wconf 90' lang='lat'><strong>:</strong></span> <span class='ocrx_word' id='word_1_779' title='bbox 2419 3721 2526 3760; x_wconf 91' lang='lat' dir='ltr'><strong>non</strong></span> <span class='ocrx_word' id='word_1_780' title='bbox 2559 3706 2627 3759; x_wconf 90' lang='lat' dir='ltr'><strong>ita</strong></span> <span class='ocrx_word' id='word_1_781' title='bbox 2658 3721 2715 3759; x_wconf 85' lang='lat' dir='ltr'><strong>se</strong></span> <span class='ocrx_word' id='word_1_782' title='bbox 2748 3704 2925 3759; x_wconf 90' lang='lat' dir='ltr'><strong>habet.</strong></span> <span class='ocrx_word' id='word_1_783' title='bbox 2953 3703 3007 3759; x_wconf 91' lang='lat' dir='ltr'><strong>Si</strong></span> <span class='ocrx_word' id='word_1_784' title='bbox 3030 3718 3155 3771; x_wconf 82' lang='lat' dir='ltr'><strong>ergo</strong></span> <span class='ocrx_word' id='word_1_785' title='bbox 3194 3717 3383 3756; x_wconf 89' lang='lat' dir='ltr'><strong>acces-</strong></span> 
     </span>
    </p>
   </div>
   <div class='ocr_carea' id='block_1_97' title="bbox 1811 3793 3383 3863">
    <p class='ocr_par' dir='ltr' id='par_1_97' title="bbox 1811 3793 3383 3863">
     <span class='ocr_line' id='line_1_97' title="bbox 1811 3793 3383 3863; baseline -0.004 -9"><span class='ocrx_word' id='word_1_786' title='bbox 1811 3799 2001 3863; x_wconf 87' lang='lat' dir='ltr'><strong>sisset,</strong></span> <span class='ocrx_word' id='word_1_787' title='bbox 2033 3809 2091 3852; x_wconf 91' lang='lat' dir='ltr'><strong>ut</strong></span> <span class='ocrx_word' id='word_1_788' title='bbox 2137 3797 2495 3853; x_wconf 90' lang='lat' dir='ltr'><strong>accedendum</strong></span> <span class='ocrx_word' id='word_1_789' title='bbox 2546 3806 2683 3862; x_wconf 86' lang='lat' dir='ltr'><strong>erat,</strong></span> <span class='ocrx_word' id='word_1_790' title='bbox 2738 3797 2924 3851; x_wconf 82' lang='lat' dir='ltr'><strong>Saltem</strong></span> <span class='ocrx_word' id='word_1_791' title='bbox 2974 3803 3217 3863; x_wconf 86' lang='lat' dir='ltr'><strong>receptus</strong></span> <span class='ocrx_word' id='word_1_792' title='bbox 3256 3793 3383 3847; x_wconf 81' lang='lat' dir='ltr'><strong>fuis-</strong></span> 
     </span>
    </p>
   </div>
   <div class='ocr_carea' id='block_1_98' title="bbox 1811 3883 3383 3957">
    <p class='ocr_par' dir='ltr' id='par_1_98' title="bbox 1811 3883 3383 3957">
     <span class='ocr_line' id='line_1_98' title="bbox 1811 3883 3383 3957; baseline -0.005 -12"><span class='ocrx_word' id='word_1_793' title='bbox 1811 3897 1896 3945; x_wconf 88' lang='lat' dir='ltr'><strong>set</strong></span> <span class='ocrx_word' id='word_1_794' title='bbox 1917 3890 1958 3957; x_wconf 78' lang='grc' dir='ltr'><strong>ί,</strong></span> <span class='ocrx_word' id='word_1_795' title='bbox 2003 3890 2189 3942; x_wconf 88' lang='lat' dir='ltr'><strong>saltem</strong></span> <span class='ocrx_word' id='word_1_796' title='bbox 2236 3903 2338 3942; x_wconf 90' lang='lat' dir='ltr'><strong>non</strong></span> <span class='ocrx_word' id='word_1_797' title='bbox 2387 3897 2442 3941; x_wconf 90' lang='lat' dir='ltr'><strong>ut</strong></span> <span class='ocrx_word' id='word_1_798' title='bbox 2479 3888 2640 3955; x_wconf 89' lang='lat' dir='ltr'><strong>pestis</strong></span> <span class='ocrx_word' id='word_1_799' title='bbox 2682 3887 2909 3954; x_wconf 82' lang='lat' dir='ltr'><strong>rejectus</strong></span> <span class='ocrx_word' id='word_1_800' title='bbox 2950 3886 3152 3940; x_wconf 86' lang='lat' dir='ltr'><strong>luisset.</strong></span> <span class='ocrx_word' id='word_1_801' title='bbox 3192 3883 3383 3939; x_wconf 84' lang='lat' dir='ltr'><strong>Videu’</strong></span> 
     </span>
    </p>
   </div>
   <div class='ocr_carea' id='block_1_99' title="bbox 1812 3976 3383 4050">
    <p class='ocr_par' dir='ltr' id='par_1_99' title="bbox 1812 3976 3383 4050">
     <span class='ocr_line' id='line_1_99' title="bbox 1812 3976 3383 4050; baseline -0.006 -13"><span class='ocrx_word' id='word_1_802' title='bbox 1812 3997 1933 4037; x_wconf 89' lang='lat' dir='ltr'><strong>eum</strong></span> <span class='ocrx_word' id='word_1_803' title='bbox 1952 4021 1965 4045; x_wconf 93' lang='lat'><strong>,</strong></span> <span class='ocrx_word' id='word_1_804' title='bbox 1991 3981 2076 4049; x_wconf 84' lang='lat' dir='ltr'><strong>qui</strong></span> <span class='ocrx_word' id='word_1_805' title='bbox 2106 3995 2263 4050; x_wconf 84' lang='lat' dir='ltr'><strong>parva</strong></span> <span class='ocrx_word' id='word_1_806' title='bbox 2294 3979 2360 4033; x_wconf 91' lang='lat' dir='ltr'><strong>dc</strong></span> <span class='ocrx_word' id='word_1_807' title='bbox 2390 3981 2593 4049; x_wconf 87' lang='lat' dir='ltr'><strong>magnis</strong></span> <span class='ocrx_word' id='word_1_808' title='bbox 2619 3979 2797 4041; x_wconf 83' lang='lat' dir='ltr'><strong>sentit,</strong></span> <span class='ocrx_word' id='word_1_809' title='bbox 2826 3977 3104 4047; x_wconf 86' lang='lat' dir='ltr'><strong>dupliciter</strong></span> <span class='ocrx_word' id='word_1_810' title='bbox 3124 3976 3383 4048; x_wconf 83' lang='lat' dir='ltr'><strong>peccare?</strong></span> 
     </span>
    </p>
   </div>
   <div class='ocr_carea' id='block_1_100' title="bbox 1816 4068 3382 4141">
    <p class='ocr_par' dir='ltr' id='par_1_100' title="bbox 1816 4068 3382 4141">
     <span class='ocr_line' id='line_1_100' title="bbox 1816 4068 3382 4141; baseline -0.004 -15"><span class='ocrx_word' id='word_1_811' title='bbox 1816 4073 1929 4127; x_wconf 89' lang='lat' dir='ltr'><strong>Duo</strong></span> <span class='ocrx_word' id='word_1_812' title='bbox 1958 4072 2116 4141; x_wconf 80' lang='lat' dir='ltr'><strong>igitur</strong></span> <span class='ocrx_word' id='word_1_813' title='bbox 2144 4072 2216 4126; x_wconf 92' lang='lat' dir='ltr'><strong>illi</strong></span> <span class='ocrx_word' id='word_1_814' title='bbox 2250 4070 2487 4140; x_wconf 60' lang='lat' dir='ltr'><strong>praecipit</strong></span> <span class='ocrx_word' id='word_1_815' title='bbox 2517 4087 2530 4123; x_wconf 82' lang='lat'><strong>:</strong></span> <span class='ocrx_word' id='word_1_816' title='bbox 2569 4069 2919 4123; x_wconf 71' lang='lat' dir='ltr'><strong>Paenitentiam</strong></span> <span class='ocrx_word' id='word_1_817' title='bbox 2944 4085 3064 4139; x_wconf 87' lang='lat' dir='ltr'><strong>age,</strong></span> <span class='ocrx_word' id='word_1_818' title='bbox 3104 4078 3148 4121; x_wconf 84' lang='lat' dir='ltr'><strong>et</strong></span> <span class='ocrx_word' id='word_1_819' title='bbox 3192 4085 3306 4129; x_wconf 88' lang='lat' dir='ltr'><strong>ora,</strong></span> <span class='ocrx_word' id='word_1_820' title='bbox 3340 4068 3382 4120; x_wconf 90' lang='lat' dir='ltr'><strong>si</strong></span> 
     </span>
    </p>
   </div>
   <div class='ocr_carea' id='block_1_101' title="bbox 1817 4161 3383 4236">
    <p class='ocr_par' dir='ltr' id='par_1_101' title="bbox 1817 4161 3383 4236">
     <span class='ocr_line' id='line_1_101' title="bbox 1817 4161 3383 4236; baseline -0.003 -17"><span class='ocrx_word' id='word_1_821' title='bbox 1817 4165 1949 4236; x_wconf 82' lang='lat' dir='ltr'><strong>forte</strong></span> <span class='ocrx_word' id='word_1_822' title='bbox 1984 4167 2265 4219; x_wconf 85' lang='lat' dir='ltr'><strong>remittatur</strong></span> <span class='ocrx_word' id='word_1_823' title='bbox 2306 4165 2391 4218; x_wconf 88' lang='lat' dir='ltr'><strong>tibi</strong></span> <span class='ocrx_word' id='word_1_824' title='bbox 2433 4165 2663 4235; x_wconf 89' lang='lat' dir='ltr'><strong>cogitatio</strong></span> <span class='ocrx_word' id='word_1_825' title='bbox 2698 4164 2863 4218; x_wconf 88' lang='lat' dir='ltr'><strong>cordis</strong></span> <span class='ocrx_word' id='word_1_826' title='bbox 2900 4163 2969 4215; x_wconf 89' lang='lat' dir='ltr'><strong>tui</strong></span> <span class='ocrx_word' id='word_1_827' title='bbox 3000 4181 3017 4216; x_wconf 91' lang='lat'><em>:</em></span> <span class='ocrx_word' id='word_1_828' title='bbox 3046 4173 3147 4214; x_wconf 90' lang='lat' dir='ltr'><strong>tam</strong></span> <span class='ocrx_word' id='word_1_829' title='bbox 3190 4161 3383 4214; x_wconf 83' lang='lat' dir='ltr'><strong>malam</strong></span> 
     </span>
    </p>
   </div>
   <div class='ocr_carea' id='block_1_102' title="bbox 1814 4252 3383 4328">
    <p class='ocr_par' dir='ltr' id='par_1_102' title="bbox 1814 4252 3383 4328">
     <span class='ocr_line' id='line_1_102' title="bbox 1814 4252 3383 4328; baseline -0.003 -17"><span class='ocrx_word' id='word_1_830' title='bbox 1814 4272 1928 4312; x_wconf 85' lang='lat' dir='ltr'><strong>rem</strong></span> <span class='ocrx_word' id='word_1_831' title='bbox 1957 4256 2299 4328; x_wconf 84' lang='lat' dir='ltr'><strong>cogitaverat.</strong></span> <span class='ocrx_word' id='word_1_832' title='bbox 2330 4257 2449 4311; x_wconf 89' lang='lat' dir='ltr'><strong>Ideo</strong></span> <span class='ocrx_word' id='word_1_833' title='bbox 2468 4258 2570 4321; x_wconf 89' lang='lat' dir='ltr'><strong>ait,</strong></span> <span class='ocrx_word' id='word_1_834' title='bbox 2595 4255 2656 4309; x_wconf 90' lang='lat' dir='ltr'><strong>Si</strong></span> <span class='ocrx_word' id='word_1_835' title='bbox 2681 4256 2809 4323; x_wconf 79' lang='lat' dir='ltr'><strong>forte</strong></span> <span class='ocrx_word' id='word_1_836' title='bbox 2829 4256 3103 4309; x_wconf 89' lang='lat' dir='ltr'><strong>remittatur</strong></span> <span class='ocrx_word' id='word_1_837' title='bbox 3123 4254 3238 4316; x_wconf 84' lang='lat' dir='ltr'><strong>tibi,</strong></span> <span class='ocrx_word' id='word_1_838' title='bbox 3262 4252 3383 4321; x_wconf 90' lang='lat' dir='ltr'><strong>quia</strong></span> 
     </span>
    </p>
   </div>
   <div class='ocr_carea' id='block_1_103' title="bbox 1815 4347 3383 4422">
    <p class='ocr_par' dir='ltr' id='par_1_103' title="bbox 1815 4347 3383 4422">
     <span class='ocr_line' id='line_1_103' title="bbox 1815 4347 3383 4422; baseline -0.003 -18"><span class='ocrx_word' id='word_1_839' title='bbox 1815 4350 2018 4406; x_wconf 87' lang='lat' dir='ltr'><strong>sciebat</strong></span> <span class='ocrx_word' id='word_1_840' title='bbox 2044 4352 2452 4422; x_wconf 88' lang='lat' dir='ltr'><strong>incorrigibilem</strong></span> <span class='ocrx_word' id='word_1_841' title='bbox 2481 4364 2618 4405; x_wconf 89' lang='lat' dir='ltr'><strong>esse.</strong></span> <span class='ocrx_word' id='word_1_842' title='bbox 2651 4353 2720 4404; x_wconf 86' lang='lat' dir='ltr'><strong>At</strong></span> <span class='ocrx_word' id='word_1_843' title='bbox 2755 4350 2842 4404; x_wconf 90' lang='lat' dir='ltr'><strong>ille</strong></span> <span class='ocrx_word' id='word_1_844' title='bbox 2884 4349 3058 4403; x_wconf 89' lang='lat' dir='ltr'><strong>timuit</strong></span> <span class='ocrx_word' id='word_1_845' title='bbox 3090 4347 3383 4402; x_wconf 86' lang='lat' dir='ltr'><strong>multitudi-</strong></span> 
     </span>
    </p>
   </div>
   <div class='ocr_carea' id='block_1_104' title="bbox 1817 4440 3383 4512">
    <p class='ocr_par' dir='ltr' id='par_1_104' title="bbox 1817 4440 3383 4512">
     <span class='ocr_line' id='line_1_104' title="bbox 1817 4440 3383 4512; baseline -0.005 -12"><span class='ocrx_word' id='word_1_846' title='bbox 1817 4462 1969 4509; x_wconf 90' lang='lat' dir='ltr'><strong>nem,</strong></span> <span class='ocrx_word' id='word_1_847' title='bbox 2011 4454 2067 4500; x_wconf 92' lang='lat' dir='ltr'><strong>et</strong></span> <span class='ocrx_word' id='word_1_848' title='bbox 2105 4444 2288 4497; x_wconf 89' lang='lat' dir='ltr'><strong>metuit</strong></span> <span class='ocrx_word' id='word_1_849' title='bbox 2327 4458 2540 4512; x_wconf 88' lang='lat' dir='ltr'><strong>negare.</strong></span> <span class='ocrx_word' id='word_1_850' title='bbox 2573 4440 2729 4496; x_wconf 84' lang='lat' dir='ltr'><strong>Certe</strong></span> <span class='ocrx_word' id='word_1_851' title='bbox 2760 4442 2858 4496; x_wconf 90' lang='lat' dir='ltr'><strong>nisi</strong></span> <span class='ocrx_word' id='word_1_852' title='bbox 2902 4441 3141 4495; x_wconf 81' lang='lat' dir='ltr'><strong>turbatus</strong></span> <span class='ocrx_word' id='word_1_853' title='bbox 3172 4440 3383 4503; x_wconf 77' lang='lat' dir='ltr'><strong>fuisset,</strong></span> 
     </span>
    </p>
   </div>
   <div class='ocr_carea' id='block_1_105' title="bbox 1815 4531 3382 4607">
    <p class='ocr_par' dir='ltr' id='par_1_105' title="bbox 1815 4531 3382 4607">
     <span class='ocr_line' id='line_1_105' title="bbox 1815 4531 3382 4607; baseline -0.006 -13"><span class='ocrx_word' id='word_1_854' title='bbox 1815 4539 2038 4594; x_wconf 85' lang='lat' dir='ltr'><strong>dixisset</strong></span> <span class='ocrx_word' id='word_1_855' title='bbox 2067 4538 2276 4607; x_wconf 88' lang='lat' dir='ltr'><strong>utique,</strong></span> <span class='ocrx_word' id='word_1_856' title='bbox 2305 4550 2364 4590; x_wconf 90' lang='lat' dir='ltr'><strong>se</strong></span> <span class='ocrx_word' id='word_1_857' title='bbox 2390 4535 2675 4589; x_wconf 84' lang='lat' dir='ltr'><strong>nescivisse</strong></span> <span class='ocrx_word' id='word_1_858' title='bbox 2695 4543 2749 4587; x_wconf 89' lang='lat' dir='ltr'><strong>ct</strong></span> <span class='ocrx_word' id='word_1_859' title='bbox 2770 4533 3127 4602; x_wconf 83' lang='lat' dir='ltr'><strong>imprudenter</strong></span> <span class='ocrx_word' id='word_1_860' title='bbox 3158 4531 3343 4586; x_wconf 82' lang='lat' dir='ltr'><strong>fecisse</strong></span> <span class='ocrx_word' id='word_1_861' title='bbox 3370 4549 3382 4584; x_wconf 93' lang='lat'><strong>:</strong></span> 
     </span>
    </p>
   </div>
   <div class='ocr_carea' id='block_1_106' title="bbox 1816 4626 3380 4701">
    <p class='ocr_par' dir='ltr' id='par_1_106' title="bbox 1816 4626 3380 4701">
     <span class='ocr_line' id='line_1_106' title="bbox 1816 4626 3380 4701; baseline -0.006 -13"><span class='ocrx_word' id='word_1_862' title='bbox 1816 4643 1871 4688; x_wconf 92' lang='lat' dir='ltr'><strong>at</strong></span> <span class='ocrx_word' id='word_1_863' title='bbox 1899 4633 1990 4687; x_wconf 90' lang='lat' dir='ltr'><strong>ille</strong></span> <span class='ocrx_word' id='word_1_864' title='bbox 2020 4631 2292 4701; x_wconf 90' lang='lat' dir='ltr'><strong>perculsus</strong></span> <span class='ocrx_word' id='word_1_865' title='bbox 2319 4637 2420 4695; x_wconf 87' lang='lat' dir='ltr'><strong>est,</strong></span> <span class='ocrx_word' id='word_1_866' title='bbox 2451 4631 2640 4697; x_wconf 89' lang='lat' dir='ltr'><strong>primo,</strong></span> <span class='ocrx_word' id='word_1_867' title='bbox 2665 4626 2803 4697; x_wconf 86' lang='lat' dir='ltr'><strong>quod</strong></span> <span class='ocrx_word' id='word_1_868' title='bbox 2830 4627 2994 4695; x_wconf 87' lang='lat' dir='ltr'><strong>signis</strong></span> <span class='ocrx_word' id='word_1_869' title='bbox 3017 4634 3199 4694; x_wconf 88' lang='lat' dir='ltr'><strong>captus</strong></span> <span class='ocrx_word' id='word_1_870' title='bbox 3222 4633 3380 4688; x_wconf 83' lang='lat' dir='ltr'><strong>esset;</strong></span> 
     </span>
    </p>
   </div>
   <div class='ocr_carea' id='block_1_107' title="bbox 1817 4718 3385 4793">
    <p class='ocr_par' dir='ltr' id='par_1_107' title="bbox 1817 4718 3385 4793">
     <span class='ocr_line' id='line_1_107' title="bbox 1817 4718 3385 4793; baseline -0.006 -13"><span class='ocrx_word' id='word_1_871' title='bbox 1817 4724 2073 4791; x_wconf 89' lang='lat' dir='ltr'><strong>secundo,</strong></span> <span class='ocrx_word' id='word_1_872' title='bbox 2103 4722 2243 4793; x_wconf 90' lang='lat' dir='ltr'><strong>quod</strong></span> <span class='ocrx_word' id='word_1_873' title='bbox 2273 4737 2390 4789; x_wconf 77' lang='lat' dir='ltr'><strong>qua:</strong></span> <span class='ocrx_word' id='word_1_874' title='bbox 2417 4723 2468 4775; x_wconf 95' lang='lat' dir='ltr'><strong>in</strong></span> <span class='ocrx_word' id='word_1_875' title='bbox 2498 4730 2675 4775; x_wconf 88' lang='lat' dir='ltr'><strong>mente</strong></span> <span class='ocrx_word' id='word_1_876' title='bbox 2704 4721 2967 4782; x_wconf 86' lang='lat' dir='ltr'><strong>versabat,</strong></span> <span class='ocrx_word' id='word_1_877' title='bbox 2997 4718 3271 4772; x_wconf 79' lang='lat' dir='ltr'><strong>manifesta</strong></span> <span class='ocrx_word' id='word_1_878' title='bbox 3301 4733 3385 4772; x_wconf 85' lang='lat' dir='ltr'><strong>es-</strong></span> 
     </span>
    </p>
   </div>
   <div class='ocr_carea' id='block_1_108' title="bbox 1818 4810 3384 4886">
    <p class='ocr_par' dir='ltr' id='par_1_108' title="bbox 1818 4810 3384 4886">
     <span class='ocr_line' id='line_1_108' title="bbox 1818 4810 3384 4886; baseline -0.007 -12"><span class='ocrx_word' id='word_1_879' title='bbox 1818 4827 1956 4874; x_wconf 89' lang='lat' dir='ltr'><strong>sent.</strong></span> <span class='ocrx_word' id='word_1_880' title='bbox 1987 4817 2108 4871; x_wconf 86' lang='lat' dir='ltr'><strong>Ideo</strong></span> <span class='ocrx_word' id='word_1_881' title='bbox 2140 4815 2320 4886; x_wconf 87' lang='lat' dir='ltr'><strong>procul</strong></span> <span class='ocrx_word' id='word_1_882' title='bbox 2349 4823 2531 4884; x_wconf 89' lang='lat' dir='ltr'><strong>postea</strong></span> <span class='ocrx_word' id='word_1_883' title='bbox 2559 4813 2722 4877; x_wconf 87' lang='lat' dir='ltr'><strong>abiit,</strong></span> <span class='ocrx_word' id='word_1_884' title='bbox 2756 4826 2942 4880; x_wconf 89' lang='lat' dir='ltr'><strong>nempe</strong></span> <span class='ocrx_word' id='word_1_885' title='bbox 2966 4810 3204 4875; x_wconf 84' lang='lat' dir='ltr'><strong>Romam,</strong></span> <span class='ocrx_word' id='word_1_886' title='bbox 3235 4810 3384 4879; x_wconf 84' lang='lat' dir='ltr'><strong>quasi</strong></span> 
     </span>
    </p>
   </div>
   <div class='ocr_carea' id='block_1_109' title="bbox 1819 4902 3384 4975">
    <p class='ocr_par' dir='ltr' id='par_1_109' title="bbox 1819 4902 3384 4975">
     <span class='ocr_line' id='line_1_109' title="bbox 1819 4902 3384 4975; baseline -0.006 -10"><span class='ocrx_word' id='word_1_887' title='bbox 1819 4926 1925 4965; x_wconf 92' lang='lat' dir='ltr'><strong>non</strong></span> <span class='ocrx_word' id='word_1_888' title='bbox 1953 4920 2205 4964; x_wconf 87' lang='lat' dir='ltr'><strong>venturus</strong></span> <span class='ocrx_word' id='word_1_889' title='bbox 2231 4908 2322 4961; x_wconf 93' lang='lat' dir='ltr'><strong>illo</strong></span> <span class='ocrx_word' id='word_1_890' title='bbox 2349 4917 2491 4962; x_wconf 89' lang='lat' dir='ltr'><strong>esset</strong></span> <span class='ocrx_word' id='word_1_891' title='bbox 2515 4904 2804 4975; x_wconf 90' lang='lat' dir='ltr'><strong>apostolus.</strong></span> <span class='ocrx_word' id='word_1_892' title='bbox 2836 4902 3039 4964; x_wconf 77' lang='lat' dir='ltr'><strong>Multis,</strong></span> <span class='ocrx_word' id='word_1_893' title='bbox 3072 4902 3273 4970; x_wconf 85' lang='lat' dir='ltr'><strong>inquit.</strong></span> <span class='ocrx_word' id='word_1_894' title='bbox 3303 4918 3384 4955; x_wconf 87' lang='lat' dir='ltr'><strong>re-</strong></span> 
     </span>
    </p>
   </div>
   <div class='ocr_carea' id='block_1_110' title="bbox 1818 4992 3386 5074">
    <p class='ocr_par' dir='ltr' id='par_1_110' title="bbox 1818 4992 3386 5074">
     <span class='ocr_line' id='line_1_110' title="bbox 1818 4992 3386 5074; baseline -0.005 -19"><span class='ocrx_word' id='word_1_895' title='bbox 1818 5002 2045 5074; x_wconf 88' lang='lat' dir='ltr'><strong>gionibus</strong></span> <span class='ocrx_word' id='word_1_896' title='bbox 2068 5000 2498 5054; x_wconf 89' lang='lat' dir='ltr'><strong>Samaritanorum</strong></span> <span class='ocrx_word' id='word_1_897' title='bbox 2520 4992 2941 5065; x_wconf 74' lang='lat' dir='ltr'><strong>euangelizabant.</strong></span> <span class='ocrx_word' id='word_1_898' title='bbox 2970 4992 3099 5046; x_wconf 85' lang='lat' dir='ltr'><strong>Vide</strong></span> <span class='ocrx_word' id='word_1_899' title='bbox 3121 4993 3386 5062; x_wconf 87' lang='lat' dir='ltr'><strong>quomodo</strong></span> 
     </span>
    </p>
   </div>
   <div class='ocr_carea' id='block_1_111' title="bbox 1819 5085 3387 5166">
    <p class='ocr_par' dir='ltr' id='par_1_111' title="bbox 1819 5085 3387 5166">
     <span class='ocr_line' id='line_1_111' title="bbox 1819 5085 3387 5166; baseline -0.007 -15"><span class='ocrx_word' id='word_1_900' title='bbox 1819 5098 1931 5166; x_wconf 89' lang='lat' dir='ltr'><strong>ipsa</strong></span> <span class='ocrx_word' id='word_1_901' title='bbox 1962 5095 2145 5149; x_wconf 87' lang='lat' dir='ltr'><strong>itinera</strong></span> <span class='ocrx_word' id='word_1_902' title='bbox 2175 5093 2279 5147; x_wconf 92' lang='lat' dir='ltr'><strong>illis</strong></span> <span class='ocrx_word' id='word_1_903' title='bbox 2310 5091 2576 5161; x_wconf 85' lang='lat' dir='ltr'><strong>negotium</strong></span> <span class='ocrx_word' id='word_1_904' title='bbox 2619 5086 2907 5142; x_wconf 73' lang='lat' dir='ltr'><strong>alierebant</strong></span> <span class='ocrx_word' id='word_1_905' title='bbox 2944 5103 2957 5139; x_wconf 92' lang='lat'>:</span> <span class='ocrx_word' id='word_1_906' title='bbox 2995 5085 3089 5140; x_wconf 83' lang='lat' dir='ltr'><strong>sed</strong></span> <span class='ocrx_word' id='word_1_907' title='bbox 3128 5101 3231 5139; x_wconf 93' lang='lat' dir='ltr'><strong>non</strong></span> <span class='ocrx_word' id='word_1_908' title='bbox 3271 5085 3387 5140; x_wconf 89' lang='lat' dir='ltr'><strong>sine</strong></span> 
     </span>
    </p>
   </div>
   <div class='ocr_carea' id='block_1_112' title="bbox 1819 5179 3389 5253">
    <p class='ocr_par' dir='ltr' id='par_1_112' title="bbox 1819 5179 3389 5253">
     <span class='ocr_line' id='line_1_112' title="bbox 1819 5179 3389 5253; baseline -0.006 -11"><span class='ocrx_word' id='word_1_909' title='bbox 1819 5202 1977 5242; x_wconf 83' lang='lat' dir='ltr'><strong>causa</strong></span> <span class='ocrx_word' id='word_1_910' title='bbox 2007 5187 2107 5241; x_wconf 88' lang='lat' dir='ltr'><strong>iter</strong></span> <span class='ocrx_word' id='word_1_911' title='bbox 2132 5184 2511 5253; x_wconf 86' lang='lat' dir='ltr'><strong>suscipiebant.</strong></span> <span class='ocrx_word' id='word_1_912' title='bbox 2543 5181 2696 5235; x_wconf 87' lang='lat' dir='ltr'><strong>Tales</strong></span> <span class='ocrx_word' id='word_1_913' title='bbox 2726 5195 2823 5234; x_wconf 88' lang='lat' dir='ltr'><strong>nos</strong></span> <span class='ocrx_word' id='word_1_914' title='bbox 2847 5180 3186 5249; x_wconf 88' lang='lat' dir='ltr'><strong>migrationes</strong></span> <span class='ocrx_word' id='word_1_915' title='bbox 3212 5179 3389 5234; x_wconf 79' lang='lat' dir='ltr'><strong>facere</strong></span> 
     </span>
    </p>
   </div>
   <div class='ocr_carea' id='block_1_113' title="bbox 1819 5271 3386 5349">
    <p class='ocr_par' dir='ltr' id='par_1_113' title="bbox 1819 5271 3386 5349">
     <span class='ocr_line' id='line_1_113' title="bbox 1819 5271 3386 5349; baseline -0.005 -16"><span class='ocrx_word' id='word_1_916' title='bbox 1819 5286 2108 5349; x_wconf 89' lang='lat' dir='ltr'><strong>oporteret.</strong></span> <span class='ocrx_word' id='word_1_917' title='bbox 2140 5276 2207 5331; x_wconf 87' lang='lat' dir='ltr'><strong>Et</strong></span> <span class='ocrx_word' id='word_1_918' title='bbox 2232 5274 2358 5346; x_wconf 88' lang='lat' dir='ltr'><strong>quid</strong></span> <span class='ocrx_word' id='word_1_919' title='bbox 2387 5274 2507 5329; x_wconf 90' lang='lat' dir='ltr'><strong>dico</strong></span> <span class='ocrx_word' id='word_1_920' title='bbox 2531 5272 2910 5343; x_wconf 88' lang='lat' dir='ltr'><strong>migrationes?</strong></span> <span class='ocrx_word' id='word_1_921' title='bbox 2936 5271 3083 5326; x_wconf 81' lang='lat' dir='ltr'><strong>Multi</strong></span> <span class='ocrx_word' id='word_1_922' title='bbox 3110 5277 3257 5327; x_wconf 88' lang='lat' dir='ltr'><strong>vicos</strong></span> <span class='ocrx_word' id='word_1_923' title='bbox 3286 5271 3386 5326; x_wconf 87' lang='lat' dir='ltr'><strong>ba-</strong></span> 
     </span>
    </p>
   </div>
   <div class='ocr_carea' id='block_1_114' title="bbox 1821 5362 3388 5439">
    <p class='ocr_par' dir='ltr' id='par_1_114' title="bbox 1821 5362 3388 5439">
     <span class='ocr_line' id='line_1_114' title="bbox 1821 5362 3388 5439; baseline -0.005 -14"><span class='ocrx_word' id='word_1_924' title='bbox 1821 5371 1947 5425; x_wconf 87' lang='lat' dir='ltr'><strong>bent</strong></span> <span class='ocrx_word' id='word_1_925' title='bbox 1973 5378 2027 5423; x_wconf 93' lang='lat' dir='ltr'><strong>et</strong></span> <span class='ocrx_word' id='word_1_926' title='bbox 2052 5383 2228 5439; x_wconf 87' lang='lat' dir='ltr'><strong>agros,</strong></span> <span class='ocrx_word' id='word_1_927' title='bbox 2258 5376 2311 5420; x_wconf 87' lang='lat' dir='ltr'><strong>et</strong></span> <span class='ocrx_word' id='word_1_928' title='bbox 2338 5381 2441 5419; x_wconf 92' lang='lat' dir='ltr'><strong>non</strong></span> <span class='ocrx_word' id='word_1_929' title='bbox 2492 5365 2580 5419; x_wconf 92' lang='lat' dir='ltr'><strong>illa</strong></span> <span class='ocrx_word' id='word_1_930' title='bbox 2608 5371 2828 5429; x_wconf 88' lang='lat' dir='ltr'><strong>curant;</strong></span> <span class='ocrx_word' id='word_1_931' title='bbox 2857 5362 2948 5417; x_wconf 88' lang='lat' dir='ltr'><strong>sed</strong></span> <span class='ocrx_word' id='word_1_932' title='bbox 2975 5363 3240 5433; x_wconf 84' lang='lat' dir='ltr'><strong>quomodo</strong></span> <span class='ocrx_word' id='word_1_933' title='bbox 3270 5362 3388 5417; x_wconf 78' lang='lat' dir='ltr'><strong>bal-</strong></span> 
     </span>
    </p>
   </div>
   <div class='ocr_carea' id='block_1_115' title="bbox 1822 5454 3387 5529">
    <p class='ocr_par' dir='ltr' id='par_1_115' title="bbox 1822 5454 3387 5529">
     <span class='ocr_line' id='line_1_115' title="bbox 1822 5454 3387 5529; baseline -0.006 -11"><span class='ocrx_word' id='word_1_934' title='bbox 1822 5479 1982 5518; x_wconf 75' lang='lat' dir='ltr'><strong>neum</strong></span> <span class='ocrx_word' id='word_1_935' title='bbox 2022 5462 2145 5526; x_wconf 89' lang='lat' dir='ltr'><strong>ﬁat,</strong></span> <span class='ocrx_word' id='word_1_936' title='bbox 2176 5470 2229 5515; x_wconf 89' lang='lat' dir='ltr'><strong>et</strong></span> <span class='ocrx_word' id='word_1_937' title='bbox 2266 5459 2431 5529; x_wconf 90' lang='lat' dir='ltr'><strong>pretia</strong></span> <span class='ocrx_word' id='word_1_938' title='bbox 2470 5467 2743 5523; x_wconf 85' lang='lat' dir='ltr'><strong>crescant,</strong></span> <span class='ocrx_word' id='word_1_939' title='bbox 2783 5467 2841 5511; x_wconf 87' lang='lat' dir='ltr'><strong>ut</strong></span> <span class='ocrx_word' id='word_1_940' title='bbox 2868 5458 3001 5511; x_wconf 65' lang='lat' dir='ltr'><strong>aulai</strong></span> <span class='ocrx_word' id='word_1_941' title='bbox 3038 5465 3089 5511; x_wconf 87' lang='lat' dir='ltr'><strong>et</strong></span> <span class='ocrx_word' id='word_1_942' title='bbox 3124 5454 3387 5511; x_wconf 89' lang='lat' dir='ltr'><strong>domicilia</strong></span> 
     </span>
    </p>
   </div>
   <div class='ocr_carea' id='block_1_116' title="bbox 1821 5549 3387 5619">
    <p class='ocr_par' dir='ltr' id='par_1_116' title="bbox 1821 5549 3387 5619">
     <span class='ocr_line' id='line_1_116' title="bbox 1821 5549 3387 5619; baseline -0.005 -10"><span class='ocrx_word' id='word_1_943' title='bbox 1821 5562 2215 5619; x_wconf 77' lang='lat' dir='ltr'><strong>construantur,</strong></span> <span class='ocrx_word' id='word_1_944' title='bbox 2261 5552 2481 5606; x_wconf 91' lang='lat' dir='ltr'><strong>multam</strong></span> <span class='ocrx_word' id='word_1_945' title='bbox 2527 5550 2724 5606; x_wconf 89' lang='lat' dir='ltr'><strong>habent</strong></span> <span class='ocrx_word' id='word_1_946' title='bbox 2765 5549 3211 5613; x_wconf 89' lang='lat' dir='ltr'><strong>sollicitudinem;</strong></span> <span class='ocrx_word' id='word_1_947' title='bbox 3251 5562 3387 5617; x_wconf 82' lang='lat' dir='ltr'><strong>quo-</strong></span> 
     </span>
    </p>
   </div>
   <div class='ocr_carea' id='block_1_117' title="bbox 1824 5638 3386 5708">
    <p class='ocr_par' dir='ltr' id='par_1_117' title="bbox 1824 5638 3386 5708">
     <span class='ocr_line' id='line_1_117' title="bbox 1824 5638 3386 5708; baseline -0.008 -4"><span class='ocrx_word' id='word_1_948' title='bbox 1824 5648 1982 5704; x_wconf 90' lang='lat' dir='ltr'><strong>tnodo</strong></span> <span class='ocrx_word' id='word_1_949' title='bbox 2009 5657 2180 5701; x_wconf 87' lang='lat' dir='ltr'><strong>autem</strong></span> <span class='ocrx_word' id='word_1_950' title='bbox 2210 5646 2398 5699; x_wconf 74' lang='lat' dir='ltr'><strong>anima:</strong></span> <span class='ocrx_word' id='word_1_951' title='bbox 2426 5645 2752 5706; x_wconf 81' lang='lat' dir='ltr'><strong>excolantur,</strong></span> <span class='ocrx_word' id='word_1_952' title='bbox 2782 5658 2888 5697; x_wconf 91' lang='lat' dir='ltr'><strong>non</strong></span> <span class='ocrx_word' id='word_1_953' title='bbox 2915 5644 3060 5696; x_wconf 90' lang='lat' dir='ltr'><strong>item.</strong></span> <span class='ocrx_word' id='word_1_954' title='bbox 3091 5641 3154 5694; x_wconf 88' lang='lat' dir='ltr'><strong>Et</strong></span> <span class='ocrx_word' id='word_1_955' title='bbox 3185 5648 3237 5693; x_wconf 90' lang='lat' dir='ltr'><strong>tu</strong></span> <span class='ocrx_word' id='word_1_956' title='bbox 3266 5638 3386 5708; x_wconf 85' lang='lat' dir='ltr'><strong>qui-</strong></span> 
     </span>
    </p>
   </div>
   <div class='ocr_carea' id='block_1_118' title="bbox 1823 5730 3385 5809">
    <p class='ocr_par' dir='ltr' id='par_1_118' title="bbox 1823 5730 3385 5809">
     <span class='ocr_line' id='line_1_118' title="bbox 1823 5730 3385 5809; baseline -0.008 -13"><span class='ocrx_word' id='word_1_957' title='bbox 1823 5743 1942 5797; x_wconf 87' lang='lat' dir='ltr'><strong>dem</strong></span> <span class='ocrx_word' id='word_1_958' title='bbox 1964 5781 1979 5805; x_wconf 88' lang='lat'><strong>,</strong></span> <span class='ocrx_word' id='word_1_959' title='bbox 2007 5739 2052 5794; x_wconf 90' lang='lat' dir='ltr'><strong>si</strong></span> <span class='ocrx_word' id='word_1_960' title='bbox 2081 5739 2259 5809; x_wconf 87' lang='lat' dir='ltr'><strong>spinas</strong></span> <span class='ocrx_word' id='word_1_961' title='bbox 2293 5738 2344 5791; x_wconf 92' lang='lat' dir='ltr'><strong>in</strong></span> <span class='ocrx_word' id='word_1_962' title='bbox 2371 5752 2498 5808; x_wconf 87' lang='lat' dir='ltr'><strong>agro</strong></span> <span class='ocrx_word' id='word_1_963' title='bbox 2522 5737 2730 5801; x_wconf 84' lang='lat' dir='ltr'><strong>videas,</strong></span> <span class='ocrx_word' id='word_1_964' title='bbox 2763 5748 2941 5799; x_wconf 89' lang='lat' dir='ltr'><strong>secas,</strong></span> <span class='ocrx_word' id='word_1_965' title='bbox 2977 5732 3107 5799; x_wconf 90' lang='lat' dir='ltr'><strong>uris,</strong></span> <span class='ocrx_word' id='word_1_966' title='bbox 3135 5730 3385 5799; x_wconf 84' lang='lat' dir='ltr'><strong>destruis,</strong></span> 
     </span>
    </p>
   </div>
   <div class='ocr_carea' id='block_1_119' title="bbox 1887 5842 3379 5915">
    <p class='ocr_par' dir='ltr' id='par_1_119' title="bbox 1887 5842 3379 5915">
     <span class='ocr_line' id='line_1_119' title="bbox 1887 5842 3379 5915; baseline -0.007 -12"><span class='ocrx_word' id='word_1_967' title='bbox 1887 5855 1903 5887; x_wconf 79' lang='grc'>¹</span> <span class='ocrx_word' id='word_1_968' title='bbox 1931 5853 2077 5903; x_wconf 79' lang='lat' dir='ltr'><strong>Juxta</strong></span> <span class='ocrx_word' id='word_1_969' title='bbox 2101 5851 2222 5902; x_wconf 90' lang='lat' dir='ltr'><strong>alios</strong></span> <span class='ocrx_word' id='word_1_970' title='bbox 2243 5849 2504 5915; x_wconf 82' lang='lat' dir='ltr'><strong>legendum</strong></span> <span class='ocrx_word' id='word_1_971' title='bbox 2524 5885 2539 5909; x_wconf 92' lang='lat'><strong>,</strong></span> <span class='ocrx_word' id='word_1_972' title='bbox 2560 5849 2603 5915; x_wconf 84' lang='lat' dir='ltr'><strong>si</strong></span> <span class='ocrx_word' id='word_1_973' title='bbox 2622 5848 2749 5898; x_wconf 85' lang='lat' dir='ltr'><strong>enim</strong></span> <span class='ocrx_word' id='word_1_974' title='bbox 2769 5847 2818 5897; x_wconf 90' lang='lat' dir='ltr'><strong>in</strong></span> <span class='ocrx_word' id='word_1_975' title='bbox 2841 5844 3137 5915; x_wconf 65' lang='lat' dir='ltr'><strong>corderccto</strong></span> <span class='ocrx_word' id='word_1_976' title='bbox 3158 5842 3379 5915; x_wconf 78' lang='lat' dir='ltr'><strong>accessis-</strong></span> 
     </span>
    </p>
   </div>
   <div class='ocr_carea' id='block_1_120' title="bbox 1828 5909 3370 5979">
    <p class='ocr_par' dir='ltr' id='par_1_120' title="bbox 1828 5909 3370 5979">
     <span class='ocr_line' id='line_1_120' title="bbox 1828 5909 3370 5979; baseline -0.01 -8"><span class='ocrx_word' id='word_1_977' title='bbox 1828 5924 1917 5979; x_wconf 82' lang='lat' dir='ltr'><strong>set,</strong></span> <span class='ocrx_word' id='word_1_978' title='bbox 1941 5918 2119 5968; x_wconf 81' lang='lat' dir='ltr'><strong>saltem</strong></span> <span class='ocrx_word' id='word_1_979' title='bbox 2148 5909 2318 5967; x_wconf 76' lang='lat' dir='ltr'><strong>bonum</strong></span> <span class='ocrx_word' id='word_1_980' title='bbox 2339 5912 2487 5977; x_wconf 77' lang='lat' dir='ltr'><strong>ipsius</strong></span> <span class='ocrx_word' id='word_1_981' title='bbox 2520 5914 2801 5963; x_wconf 82' lang='lat' dir='ltr'><strong>t‘oltuttatcm</strong></span> <span class='ocrx_word' id='word_1_982' title='bbox 2832 5909 3089 5971; x_wconf 57' lang='lat' dir='ltr'><strong>exemisset</strong></span> <span class='ocrx_word' id='word_1_983' title='bbox 3110 5909 3370 5969; x_wconf 75' lang='lat' dir='ltr'><strong>apostolus.</strong></span> 
     </span>
    </p>
   </div>
  </div>
