3978 6508
619 422 717 478 H‘l

617 550 674 593 ιιι
699 550 894 593 terram
922 533 991 593 ab
1017 535 1116 590 hac
1139 532 1368 604 pernicie
1394 530 1586 585 liberes
1613 545 1626 582 :
1661 527 1748 584 ubi
1776 537 1950 581 autem
1977 525 2179 597 agrico-

616 631 692 684 las
723 627 870 684 vides
895 628 1061 698 spinis
1089 625 1294 695 plenos,
1320 637 1418 678 nec
1448 633 1689 683 reseces;
1729 632 1834 673 non
1879 617 2033 672 times
2053 657 2066 681 ,
2096 614 2183 670 dic

617 719 746 774 inihi
766 761 782 785 ,
812 733 910 775 nec
938 717 1270 774 exhorrescis
1293 755 1307 778 ,
1339 713 1484 766 illum
1522 711 1758 782 cogitans
1795 708 1882 779 qui
1921 706 2182 762 rationem

616 821 905 866 exacturus
930 809 1047 864 est?
1083 822 1257 860 annon
1295 812 1565 873 oporteret
1600 801 1833 871 singulos
1871 798 2054 854 ﬁdeles
2089 812 2181 852 ec-

616 905 830 958 clesiam
847 909 1173 965 construere,
1193 898 1461 952 doctorem
1486 896 1682 951 habere
1697 893 1762 948 ad
1782 887 2184 948 conferendum?

615 1005 739 1050 ante
782 992 955 1047 omnia
1006 989 1129 1044 illud
1174 989 1224 1042 in
1268 1003 1431 1058 scopo
1475 986 1706 1048 habere,
1755 993 1813 1040 ut
1851 997 2037 1038 omnes
2078 980 2184 1034 sint

613 1084 942 1146 Christiani?
967 1081 1264 1151 Quomodo,
1295 1095 1496 1151 quzeso,
1541 1075 1871 1133 Christianus
1899 1073 2001 1130 erit
2039 1071 2181 1141 agri-

613 1185 759 1248 cola,
787 1195 907 1236 cum
937 1190 989 1234 te
1016 1170 1192 1232 videat
1219 1174 1297 1230 sic
1327 1183 1467 1228 tuam
1496 1173 1762 1241 negligere
1787 1164 2046 1224 salutem?
2068 1164 2182 1219 Non

615 1288 764 1345 petes
794 1273 966 1328 facere
995 1272 1166 1341 signa,
1206 1274 1261 1323 et
1293 1266 1370 1322 sic
1400 1262 1752 1335 persuadere?
1789 1260 1990 1330 Quibus
2034 1267 2184 1328 potes

614 1367 875 1438 persuade
905 1408 918 1432 ,
977 1361 1341 1426 humanitate,
1394 1357 1708 1430 patrocinio,
1758 1351 2180 1418 mansuetudine,

615 1459 905 1522 blanditiis,
935 1456 1156 1524 aliisque
1184 1451 1447 1506 omnibus.

687 1551 926 1605 Ecclesia!
962 1549 1013 1602 in
1050 1547 1201 1601 villis.
1231 1574 1301 1585 ——
1327 1543 1460 1599 Fora
1489 1541 1701 1613 quidem
1732 1550 1784 1595 et
1812 1539 1996 1594 balnea
2029 1536 2182 1591 multi

615 1643 833 1706 faciunt,
862 1641 1111 1698 ecclesias
1142 1653 1267 1693 vero
1307 1636 1560 1701 minime;
1589 1635 1764 1689 omnia
1799 1633 1991 1702 potius,
2023 1646 2181 1701 quam

615 1735 736 1790 hoc.
765 1733 887 1789 Ideo
910 1732 1169 1786 admoneo
1195 1738 1248 1784 et
1271 1727 1528 1797 supplico,
1556 1727 1884 1796 gratiamque
1909 1732 2049 1792 peto,
2077 1723 2183 1775 imo

616 1827 783 1898 legem
812 1839 950 1895 pono
974 1865 989 1888 ,
1021 1832 1077 1878 ut
1103 1836 1260 1877 nemo
1289 1821 1461 1874 villam
1493 1820 1685 1874 habeat
1710 1818 1932 1874 ecclesia
1963 1832 2067 1871 non
2099 1817 2183 1870 in-

617 1931 891 1976 structam.
921 1918 997 1973 Ne
1028 1917 1154 1970 mihi
1183 1915 1399 1978 dixeris,
1431 1915 1601 1982 [δι-ονε
1629 1921 1730 1976 est,
1762 1911 1815 1965 in
1847 1911 2034 1964 vicinia
2060 1920 2139 1964 est
2165 1926 2180 1962 :

618 2011 777 2066 multa
807 2020 888 2065 est
917 2010 1174 2079 impensa,
1204 2007 1442 2062 modicus
1469 2016 1774 2078 proventus.
1797 2002 1997 2074 Siquid
2021 2002 2182 2057 habes

617 2101 937 2172 erogandum
987 2100 1339 2171 pauperibus,
1382 2097 1481 2154 hac
1521 2099 1572 2152 in
1616 2114 1673 2154 re
1714 2099 1918 2152 insume
1948 2114 1961 2150 :
1996 2096 2186 2151 melius

617 2197 742 2260 illic,
773 2211 927 2265 quam
961 2195 1045 2248 hic
1077 2213 1091 2248 :
1121 2195 1204 2248 ale
1237 2193 1531 2258 doctorem,
1561 2192 1643 2246 ale
1680 2191 1981 2257 diaconum,
2011 2200 2064 2244 et
2092 2205 2183 2246 sa-

615 2285 941 2342 cerdotalem
971 2293 1188 2339 emtum.
1219 2291 1295 2340 Ac
1323 2284 1366 2338 si
1397 2297 1612 2338 uxorem
1644 2283 1724 2337 vel
1753 2297 2002 2352 sponsam
2024 2282 2188 2337 duce-

615 2393 724 2445 res,
747 2393 809 2432 ae
833 2377 878 2431 si
905 2377 1064 2430 filiam
1096 2377 1318 2439 locares,
1343 2376 1420 2430 sic
1445 2384 1561 2450 esto
1589 2389 1709 2444 erga
1739 2373 2029 2428 Ecclesiam
2056 2372 2184 2427 alle-

613 2481 732 2527 ctus
762 2489 775 2524 :
802 2470 980 2525 dotem
1024 2469 1122 2538 ipsi
1156 2469 1364 2539 largire.
1397 2468 1484 2522 Sic
1527 2468 1617 2521 tibi
1658 2467 1777 2521 villa
1817 2466 2183 2522 benedictione

617 2563 926 2632 replebitur.
971 2560 1106 2625 Quid
1150 2559 1269 2613 boni
1319 2575 1420 2612 non
1464 2560 1568 2613 illic
1605 2559 1745 2613 erit?
1783 2575 2036 2627 parumne
2062 2569 2180 2622 est,

614 2669 794 2722 qua'so
818 2695 830 2715 ,
868 2652 1097 2707 torcular
1137 2651 1370 2705 benedici
1396 2651 1418 2702 ?
1450 2666 1704 2720 parumne
1732 2661 1813 2703 cst
1845 2651 2005 2703 lteum
2039 2650 2184 2718 prius

615 2762 683 2801 ex
721 2747 964 2799 erunibus
998 2745 1251 2798 fructibus
1297 2745 1398 2798 tuis
1436 2754 1634 2797 sortem
1671 2752 1724 2796 et
1761 2743 2016 2811 primitias
2044 2743 2178 2795 accio

617 2838 784 2906 pere?
808 2835 886 2889 Ad
915 2851 1096 2903 pacem
1123 2835 1469 2904 agricolarum
1501 2835 1599 2889 hoc
1623 2834 1746 2886 utile
1773 2845 1872 2888 est.
1903 2833 2184 2888 Venerabi-

617 2927 684 2980 lis
701 2926 801 2981 erit
822 2934 1001 2995 postea
1026 2927 1319 2997 presbyter.
1346 2925 1579 2996 illudque
1599 2926 1663 2980 ad
1686 2927 1821 2981 villae
1844 2928 2180 2981 securitatem

616 3020 896 3074 conducet.
919 3019 1198 3074 Orationes
1221 3020 1328 3074 illic
1349 3029 1614 3089 perpetua:
1637 3035 1731 3090 pro
1754 3027 1803 3075 te
1828 3020 1971 3086 fient,
2002 3019 2181 3090 hymni

615 3119 669 3164 et
689 3124 915 3180 synaxes
938 3118 1152 3178 propter
1173 3118 1242 3173 te,
1261 3109 1455 3163 oblatio
1477 3111 1696 3179 singulis
1718 3110 2024 3164 Dominicis.
2045 3111 2182 3175 Quid

618 3203 790 3273 magis
814 3201 1177 3257 admirandum
1205 3213 1286 3257 est
1307 3244 1322 3266 ,
1350 3203 1489 3269 quod
1519 3203 1604 3256 alii
1642 3203 1913 3273 splendida
1944 3202 2182 3272 sepulcra

615 3302 891 3350 exstruaut
912 3335 925 3358 ,
954 3303 1010 3348 ut
1050 3294 1243 3364 posteri
1275 3293 1521 3360 audiant,
1555 3295 1697 3349 illurn
1729 3295 1883 3350 talem
1915 3295 2028 3351 lucc
2055 3311 2184 3351 con-

615 3387 910 3450 struxisse;
952 3402 1019 3440 an
1058 3386 1199 3456 quod
1241 3395 1293 3440 tu
1335 3387 1588 3442 ecclesias
1624 3389 1975 3444 excitaveris?
2002 3390 2181 3461 Cogita

616 3486 669 3531 te
698 3492 864 3546 usque
894 3477 957 3531 ad
986 3475 1180 3532 Christi
1217 3476 1503 3532 adventum
1545 3481 1843 3535 mercedem
1884 3481 2182 3537 habiturum

613 3583 755 3634 esse,
786 3569 831 3623 si
860 3569 1025 3623 altare
1055 3567 1150 3624 Dei
1182 3571 1513 3626 excitaveris.

686 3661 738 3716 5.
781 3662 876 3716 Dic
913 3661 1053 3715 enim
1098 3661 1266 3728 mihi,
1293 3662 1338 3716 si
1378 3661 1669 3732 Imperator
1709 3663 1798 3720 tibi
1845 3666 2182 3737 praicepisset

613 3752 828 3807 domum
855 3764 1163 3818 exstruere,
1194 3765 1252 3808 ut
1278 3753 1366 3808 illo
1398 3753 1770 3820 diversarelur,
1807 3773 1980 3812 nonne
2005 3760 2182 3814 omnia

616 3848 899 3902 moveres?
937 3849 1004 3902 At
1046 3861 1185 3900 nunc
1227 3848 1367 3917 regia
1409 3856 1491 3902 est
1530 3847 1723 3904 Christi
1763 3849 1985 3905 ecclesia
2025 3867 2182 3920 quam

613 3937 863 3993 :edificas.
895 3937 970 3992 Ne
999 3948 1267 4008 smnptum
1295 3949 1536 4008 spectes,
1574 3941 1666 3994 sed
1697 3940 1922 3996 fructum
1951 3954 2133 4010 reputa
2163 3961 2178 4000 :

615 4031 700 4086 illi.
713 4032 892 4085 colunt
920 4039 1135 4097 terram,
1161 4039 1214 4086 tu
1240 4032 1357 4087 cole
1383 4032 1590 4086 illorum
1613 4034 1816 4087 animas
1840 4052 1855 4100 ;
1879 4035 1951 4089 illi
1981 4035 2181 4092 fruetus

615 4122 704 4176 tibi
731 4122 977 4187 afferunt,
1009 4132 1060 4176 tu
1089 4122 1207 4177 illos
1237 4123 1373 4178 infer
1404 4124 1454 4176 in
1482 4123 1690 4177 caelum.
1721 4125 1817 4192 Qui
1849 4127 2050 4180 initium
2081 4127 2179 4182 de-

613 4214 725 4279 dit,
751 4215 796 4270 is
823 4215 1045 4269 aliorum
1085 4215 1320 4269 omnium
1354 4231 1510 4271 causa
1537 4227 1638 4273 est.
1670 4219 1809 4289 Ergo
1833 4231 1886 4274 et
1915 4229 1967 4275 tu
1997 4230 2182 4277 auctor

614 4304 754 4368 eris,
782 4304 921 4373 quod
950 4305 1314 4360 catecbuineni
1359 4306 1464 4360 sint
1507 4307 1559 4361 in
1603 4308 1786 4363 vicinis
1828 4311 1985 4366 villis.
2026 4310 2182 4368 Certe

615 4393 803 4447 balnea
834 4394 1102 4449 molliores
1131 4395 1354 4449 reddunt
1390 4398 1668 4466 agricolas,
1699 4415 1951 4470 cauponae
1979 4402 2178 4459 delica-

615 4486 777 4539 tiores
804 4501 817 4537 :
845 4493 900 4538 et
930 4494 1102 4540 tamen
1132 4485 1245 4540 ba:c
1273 4489 1540 4557 apparatis
1566 4500 1780 4560 propter
1805 4493 2048 4563 gloriam.
2077 4495 2180 4551 Fo-

615 4593 730 4634 rqu
759 4586 812 4632 et
838 4578 1173 4634 celebritates
1204 4580 1319 4634 illos
1349 4581 1575 4636 reddunt
1615 4584 1994 4652 petulantiores
2022 4607 2035 4642 :
2068 4588 2179 4645 lucc

612 4675 790 4722 autem
817 4668 1032 4724 omnino
1057 4685 1229 4724 secus.
1261 4672 1465 4737 Quanta
1494 4675 1633 4727 enim
1666 4691 1750 4729 res
1780 4675 1969 4746 fuerit,
2003 4679 2178 4735 videre

614 4758 979 4830 presbyterum
1008 4759 1076 4815 ad
1103 4763 1402 4830 exemplum
1434 4763 1659 4819 Abrahm
1690 4766 2016 4823 incedentem
2041 4809 2056 4833 ,
2085 4786 2174 4825 ca-

614 4867 738 4905 num
759 4892 774 4914 ,
807 4853 1101 4906 accinctum
1124 4894 1139 4914 ,
1171 4852 1452 4909 fodientem
1471 4895 1488 4914 .
1519 4859 1866 4926 Operantem?
1889 4859 2022 4927 Quid
2051 4875 2179 4930 agro

614 4943 704 4998 illo
726 4941 1170 4999 dcsiderabilins?
1197 4945 1289 5000 llic
1314 4946 1485 5016 major
1506 4957 1586 5002 est
1611 4949 1794 5004 virtus.
1824 4949 1935 5005 Non
1965 4962 2047 5007 est
2072 4954 2178 5009 illic

614 5032 848 5098 lascivia,
877 5034 970 5088 sed
999 5035 1180 5090 abacta
1207 5047 1286 5091 est
1309 5053 1323 5102 ;
1357 5053 1460 5091 non
1483 5038 1712 5094 ebrietas
1731 5049 1784 5095 et
1806 5041 2061 5110 voluptas,
2084 5046 2174 5099 Sed

611 5125 882 5180 eliminata
924 5137 1038 5189 est;
1083 5143 1185 5180 non
1223 5144 1352 5182 vana
1395 5131 1592 5200 gloria,
1631 5131 1723 5186 sed
1763 5135 2020 5188 exstincta
2048 5145 2172 5190 est:

614 5214 984 5271 benevolentia
1015 5217 1129 5285 plus
1164 5218 1272 5274 illic
1313 5220 1472 5289 fulget
1511 5233 1725 5291 propter
1765 5223 2171 5292 simplicitatem.

611 5306 796 5374 Qualis
823 5320 908 5361 res
937 5315 1020 5362 est
1046 5307 1190 5362 abire
1218 5319 1270 5363 et
1302 5310 1499 5380 ingredi
1540 5313 1590 5365 in
1622 5313 1836 5368 domum
1869 5316 1993 5381 Dei,
2022 5326 2075 5372 et
2103 5317 2177 5371 vi-

613 5397 764 5464 dere,
792 5399 931 5470 quod
962 5401 1076 5469 ipse
1106 5401 1248 5456 illam
1274 5407 1616 5472 exstruxerit,
1649 5409 1984 5479 seipsumqtte
2015 5412 2174 5482 proji-

612 5505 735 5547 cere
774 5493 1019 5561 supinum
1039 5535 1055 5560 ,
1089 5492 1148 5568 '[
1177 5505 1231 5549 et
1260 5507 1373 5564 post
1417 5497 1558 5552 illam
1607 5515 1915 5570 corpoream
1945 5506 2173 5574 quietem

615 5585 886 5639 noctumis
907 5595 960 5638 et
985 5587 1248 5642 matutinis
1275 5587 1481 5660 hymnis
1507 5591 1737 5664 adesse,]
1763 5599 2173 5653 commcnsalem

680 5722 705 5796 ξ-
722 5719 896 5796 ln'uno
916 5721 1090 5773 Codice
1116 5722 1313 5796 legitur,
1338 5731 1384 5775 at
1409 5734 1515 5794 post
1539 5740 1710 5796 nonani
1731 5729 1911 5796 horum,
1939 5747 2170 5796 corpora-
2209 5768 2220 5777 ο

614 5777 708 5858 lem
720 5783 882 5858 filium
903 5797 1106 5839 maere.
1132 5777 1441 5858 εἰίιοςίιιηιέε
1459 5777 1801 5858 "inmunisque
1815 5777 2006 5858 ligihziis'
2025 5777 2166 5847 iich-

614 5853 688 5902 se,
719 5845 820 5893 tow
849 5859 1015 5896 eorum
1037 5859 1146 5910 quae
1168 5849 1358 5899 uncinis
1379 5849 1652 5901 clausimus.

1402 416 1459 474 S.
1498 414 1772 474 JOANNIS
1808 409 2180 471 αιιιγεοοδτ(

2315 411 2621 470 ARCHIEP.
2661 413 3190 471 consrauruvor.
3715 433 3796 496 in
3829 407 3831 409 ’

2295 523 2490 580 habere
2537 525 2864 594 sacerdotem
2911 536 2967 582 et
3010 527 3394 597 colloquentem
3417 567 3433 592 ,
3483 528 3797 599 benedictione

2289 617 2420 682 frui,
2463 619 2596 672 alios
2636 619 2815 674 videre
2855 619 2990 674 istuc
3028 619 3334 674 venientes?
3371 621 3462 676 llic
3499 640 3695 696 murus,
3721 636 3800 690 hoc

2286 707 2590 778 przrsidium
2616 710 2725 779 agri
2755 719 2857 765 est.
2883 709 2978 764 Hic
3003 722 3084 766 est
3106 726 3231 780 ager
3249 711 3314 766 de
3338 727 3440 781 quo
3459 715 3634 774 dicitur
3655 739 3666 774 :
3689 720 3800 779 Odor

2286 800 2395 870 agri
2425 801 2581 870 pleni,
2611 803 2691 855 cui
2721 802 2968 856 benedixit
3003 801 3247 856 Dominus
3272 802 3420 876 (Gen.
3445 805 3527 859 27.
3553 809 3656 880 27).
3680 815 3801 882 Quod

2288 890 2332 944 si
2358 891 2556 960 absque
2587 893 2686 948 hoc
2715 893 2848 948 bona
2875 894 2994 948 villa
3020 904 3102 949 est
3127 905 3341 966 propter
3359 898 3601 966 quietem,
3623 917 3802 977 propter

2287 981 2378 1035 otii
2405 982 2776 1037 abundantiam
2802 1001 2815 1036 :
2839 985 2884 1038 si
2904 996 2958 1039 ct
2983 983 3082 1040 hoc
3102 986 3404 1048 accesserit,
3426 990 3506 1042 cui
3527 992 3597 1045 rei
3619 1007 3700 1062 par
3719 1013 3802 1053 non

2288 1074 2432 1128 erit?
2464 1075 2596 1131 Villa
2621 1078 2765 1131 enim
2801 1093 2917 1148 quae
2956 1079 3232 1134 ecclesiam
3265 1080 3422 1135 habet
3442 1122 3456 1143 ,
3485 1087 3707 1152 paradiso
3730 1091 3802 1149 Dei

2287 1167 2474 1222 similis
2503 1177 2602 1223 est.
2639 1169 2756 1224 Non
2781 1179 2863 1226 est
2901 1171 3006 1226 illic
3035 1172 3270 1238 clamor,
3298 1187 3402 1228 non
3433 1177 3698 1246 tumultus,
3721 1199 3804 1240 non

2287 1258 2416 1312 varii
2446 1261 2659 1324 inimici,
2690 1277 2794 1316 non
2823 1263 3053 1319 haereses
3077 1282 3090 1317 :
3114 1280 3300 1320 omnes
3325 1265 3502 1320 videre
3526 1279 3602 1323 est
3625 1274 3802 1342 amicos,

2286 1352 2594 1406 eorumdem
2616 1363 2890 1408 consortes
2914 1354 3239 1425 dogmatum.
3270 1356 3344 1411 Te
3376 1357 3441 1411 ad
3472 1359 3806 1431 philosophiam

2287 1442 2437 1512 quies
2475 1443 2685 1498 adducit
2712 1463 2726 1499 :
2751 1446 2818 1500 ab
2847 1444 2948 1501 hac
2984 1446 3314 1517 philosophia
3340 1457 3393 1502 te
3417 1465 3676 1506 assumens
3710 1471 3808 1524 pre-

2287 1535 2487 1606 sbyter,
2515 1535 2668 1593 facile
2690 1537 2917 1595 curabit.
2949 1539 3050 1595 llic
3075 1541 3216 1596 enim
3242 1583 3257 1607 ,
3289 1557 3624 1614 qua-cumque
3647 1547 3805 1604 dixeri-

2287 1643 2425 1691 mus,
2456 1627 2626 1683 forum
2649 1631 2845 1685 excutit
2870 1646 2887 1684 :
2910 1631 3017 1686 illic
3042 1648 3168 1688 vero
3186 1649 3304 1702 qua:
3329 1635 3576 1699 audieris,
3603 1637 3747 1694 deﬁxa
3769 1645 3809 1698 in

2287 1729 2466 1776 mente
2496 1723 2730 1778 habebis.
2775 1724 2923 1779 Alius
2950 1726 3002 1779 in
3029 1741 3157 1796 agro
3185 1727 3290 1780 eris
3334 1743 3428 1796 per
3465 1729 3603 1783 illum
3630 1743 3708 1786 :et
3731 1735 3812 1790 illis

2289 1812 2402 1881 ipse
2437 1809 2684 1882 praeerit,
2713 1824 2893 1871 custos
2924 1817 3026 1870 erit
3061 1826 3169 1871 tum
3197 1819 3337 1888 quod
3369 1836 3599 1888 praesens
3627 1826 3705 1890 sit,
3726 1835 3807 1880 tum

2287 1904 2426 1973 quod
2455 1904 2574 1961 illos
2599 1916 2902 1976 componat.
2935 1907 3144 1974 Quanta
3170 1920 3252 1964 est
3275 1925 3508 1980 expensa
3529 1955 3543 1978 ,
3569 1913 3646 1968 dic
3677 1918 3776 1970 mihi
3793 1920 3820 1972 ?‘

2287 1996 2394 2051 Fac
2423 1998 2632 2052 interim
2661 2015 2874 2078 parvam
2903 2000 3118 2056 domum
3161 2017 3256 2070 pro
3290 2004 3524 2070 templo;
3549 2007 3629 2072 qui
3657 2020 3755 2075 post
3774 2019 3812 2063 te

2288 2092 2478 2156 veniet,
2511 2091 2666 2147 faciet
2697 2095 2953 2162 porticum
2979 2109 2994 2159 ;
3023 2109 3249 2163 sequens
3269 2095 3412 2157 aliud
3433 2096 3640 2166 adjicict
3660 2115 3672 2152 :
3694 2109 3739 2153 et
3754 2103 3812 2157 sic

2290 2183 2384 2237 tibi
2430 2195 2593 2238 totum
2641 2186 3001 2254 imputabitur.
3033 2187 3112 2242 Tu
3148 2188 3245 2242 das
3283 2203 3472 2257 parum
3498 2231 3512 2252 ,
3541 2202 3592 2243 et
3618 2195 3813 2247 omnium

2289 2275 2586 2331 mercedem
2616 2278 2828 2346 recipis.
2854 2278 2992 2349 Ergo
3016 2279 3220 2333 initium
3251 2280 3430 2342 facito,
3461 2280 3816 2337 fundamentum

2287 2385 2454 2439 pone;
2475 2370 2579 2423 imo
2601 2385 2694 2424 vos
2716 2379 2897 2425 mutuo
2919 2371 3236 2438 hortamini;
3263 2372 3360 2426 hac
3384 2373 3435 2426 in
3461 2388 3519 2427 re
3537 2385 3814 2429 concertatc.

2289 2460 2435 2514 Nunc
2461 2470 2636 2514 autem
2665 2461 2750 2514 ubi
2782 2462 2929 2530 palea
2951 2503 2966 2526 ,
2997 2461 3320 2518 frumentum
3363 2474 3420 2518 et
3458 2449 3628 2517 omnia
3663 2466 3814 2521 similia

2288 2551 2588 2620 reponenda
2614 2562 2756 2612 sunt.
2782 2551 2935 2607 facile
2959 2553 3224 2608 aedificant
3251 2571 3266 2607 :
3297 2554 3387 2608 ubi
3415 2570 3540 2610 vero
3567 2556 3817 2615 animarum

2289 2639 2490 2696 fructus
2531 2642 2811 2712 colligendi
2850 2653 3009 2710 sunt,
3042 2644 3169 2698 nihil
3209 2654 3434 2708 curant;
3471 2646 3564 2699 sed
3604 2656 3819 2715 coguntur

2289 2733 2430 2788 mille
2459 2735 2625 2788 stadia
2655 2735 2882 2797 emetiri,
2908 2746 2964 2790 et
3002 2752 3218 2804 magnas
3256 2737 3700 2806 peregrinationes
3730 2753 3818 2792 sus-

2287 2825 2498 2893 cipere,
2529 2834 2584 2879 ut
2626 2826 2675 2879 iu
2707 2827 2983 2881 ecclesiam
3024 2828 3232 2882 abeant.
3264 2831 3533 2895 Quantum
3560 2842 3720 2885 autem
3747 2830 3817 2883 bu-

2289 2932 2410 2968 num
2439 2925 2519 2970 est
2539 2957 2553 2977 ,
2578 2932 2696 2971 cum
2723 2934 2906 2988 magna
2933 2919 3110 2988 quiete
3137 2921 3476 2974 sacerdotem
3507 2923 3556 2974 in
3584 2922 3824 2976 ecclesiam

2288 3008 2486 3071 venire,
2513 3017 2568 3060 ut
2589 3008 2804 3063 accedat
2825 3009 2891 3063 ad
2922 3010 3106 3076 Deum,
3129 3022 3182 3066 et
3203 3013 3448 3082 quotidie
3468 3024 3584 3068 oret
3608 3031 3694 3082 pro
3715 3018 3824 3076 vico,

2289 3115 2383 3168 pro
2413 3101 2613 3169 prmdio
2635 3104 2646 3153 !
2667 3101 2927 3157 Parumne
2954 3113 3066 3168 est,
3099 3103 3304 3170 dic,oro
3322 3144 3339 3164 ,
3373 3104 3426 3158 in
3455 3108 3618 3160 sacris
3640 3107 3822 3159 oblatio-

2288 3195 2442 3248 nibus
2463 3209 2672 3264 semper
2698 3209 2890 3250 nomen
2921 3206 3062 3250 tuuni
3090 3195 3277 3252 referri
3301 3197 3402 3269 (α),
3436 3208 3489 3256 ει
3513 3200 3734 3270 quotidie
3753 3214 3825 3268 pro

2287 3287 2404 3339 villa
2436 3301 2620 3356 preces
2643 3287 2723 3345 ad.
2739 3288 2901 3342 Deum
2929 3290 3096 3344 emitti
3119 3293 3142 3344 ?
3170 3305 3434 3360 quantum
3469 3296 3560 3348 tibi
3586 3307 3635 3349 et
3663 3295 3718 3348 ad
3746 3296 3822 3347 alia

2289 3376 2388 3430 hoc
2417 3377 2670 3444 prodest?
2697 3377 2966 3450 Cuntiugit
2994 3383 3248 3450 quosdam
3279 3401 3309 3438 e
3346 3385 3525 3438 vicino
3556 3386 3769 3440 habitare
3786 3397 3827 3440 et

2285 3478 2556 3522 curatores
2578 3469 2776 3524 habere
2798 3487 2811 3522 :
2837 3471 2900 3524 ad
2929 3481 2978 3526 te
3001 3472 3160 3541 igitur
3187 3489 3480 3543 pauperem
3509 3493 3660 3532 nemo
3677 3479 3825 3531 earum

2285 3563 2470 3616 venire
2489 3560 2810 3630 dignabitur,
2838 3564 2930 3617 sed
2965 3565 3334 3636 presbyterum
3367 3569 3506 3624 l'nrte
3536 3570 3828 3632 invitabit,i-t

2286 3668 2482 3706 mensae
2505 3665 2806 3708 consortem
2831 3654 3006 3710 faciet.
3032 3656 3188 3711 Vides
3211 3673 3411 3729 quanta
3437 3662 3561 3716 hinc
3584 3664 3708 3716 bona
3729 3677 3825 3714 eve-

2289 3743 2467 3797 nient?
2501 3743 2629 3796 Villa
2662 3742 2872 3798 interim
2900 3746 3002 3800 erit.
3034 3748 3102 3800 ab
3136 3751 3280 3804 omni
3317 3755 3628 3820 ausint-ioue
3653 3755 3822 3808 libera:

2286 3849 2444 3888 nemo
2473 3833 2776 3898 homicidii,
2808 3852 2966 3892 nemo
3005 3839 3128 3892 furti
3165 3844 3479 3908 accusabit,
3513 3859 3664 3898 neuio
3689 3843 3828 3897 simile

2285 3925 2554 3995 quidpiam
2598 3927 2970 3997 suspicabitur.
3016 3931 3224 3987 llaheut
3256 3944 3312 3987 et
3348 3935 3516 3989 aliam
3543 3937 3824 3990 consolatio-

2286 4034 2407 4073 nem
2433 4060 2450 4083 ,
2480 4019 2593 4074 sive
2623 4019 2838 4074 morbus
2865 4023 2975 4077 sive
2999 4038 3146 4078 mors
3179 4026 3412 4081 accidat.
3442 4027 3558 4082 Non
3585 4038 3828 4094 utcumque

2285 4125 2385 4166 nec
2415 4125 2628 4180 quoquo
2669 4111 2828 4166 modo
2861 4113 3108 4168 amicitia:
3154 4115 3290 4170 istuc
3336 4127 3529 4172 mutuo
3567 4118 3825 4174 coeuntium

2281 4201 2572 4272 junguntur
2595 4219 2609 4267 ;
2643 4213 2814 4259 curtus
2837 4219 2962 4259 vero
2988 4215 3144 4260 erunt
3168 4207 3339 4262 multo
3370 4224 3534 4277 quam
3567 4210 3617 4262 in
3645 4207 3826 4263 celebri-

2288 4292 2480 4347 tatibus
2507 4293 2799 4350 suaviores.
2824 4295 2938 4350 Non
2966 4297 3124 4351 modo
3147 4308 3326 4354 autem
3352 4311 3553 4368 caelus,
3579 4301 3666 4359 sed
3689 4310 3733 4355 et
3753 4300 3827 4362 illi,

2284 4387 2370 4456 qui
2400 4387 2686 4455 praesident
2712 4429 2727 4453 ,
2757 4390 2824 4442 oh
2853 4391 3216 4462 presbyterum
3243 4395 3667 4448 venerabiliores
3687 4400 3826 4446 erunt.

2285 4479 2451 4534 Audis
2493 4480 2673 4550 utique
2712 4481 3096 4551 Jerosolymam
3137 4486 3262 4537 olim
3303 4487 3432 4542 aliis
3474 4487 3689 4542 urbibus
3723 4481 3833 4553 apud

2285 4585 2490 4629 veteres
2513 4573 2905 4629 honoratiorem
2931 4575 3121 4640 fuisse;
3145 4591 3244 4630 nec
3266 4577 3387 4633 sine
3407 4593 3592 4644 causa,
3613 4575 3828 4643 sedquod

2285 4664 2354 4717 ibi
2407 4673 2532 4718 tunc
2575 4665 2744 4734 pietas
2791 4665 3076 4721 obtineret.
3122 4667 3390 4733 Quoniam
3444 4669 3538 4723 tibi
3587 4673 3830 4723 honoratur

2283 4755 2463 4818 Deus,
2503 4755 2573 4809 ibi
2618 4756 2748 4810 nihil
2790 4757 2913 4810 mali
2953 4768 3068 4824 est;
3101 4759 3191 4814 ubi
3221 4775 3328 4815 non
3374 4761 3703 4824 honoratur,
3731 4757 3832 4812 nihil

2284 4847 2427 4901 boni.
2451 4846 2610 4902 Multa
2631 4849 2888 4904 securitas
2913 4852 3015 4905 erit
3039 4853 3196 4906 etiam
3219 4862 3272 4907 et
3294 4855 3442 4924 apud
3476 4857 3640 4910 Deum
3659 4863 3707 4909 et
3723 4851 3831 4921 apud

2284 4939 2546 4995 homines.
2584 4942 2757 4997 Etiam
2797 4959 2948 5014 rogo,
2977 4961 3078 4998 non
3107 4945 3317 5016 ignave,
3353 4949 3452 5004 sed
3483 4950 3721 5004 alacriter
3747 4963 3834 5000 rem

2282 5033 2556 5104 suscipite.
2587 5036 2716 5091 Nam
2765 5039 2809 5092 si
2853 5039 2941 5107 qui
2969 5038 3147 5094 educit
3175 5041 3476 5110 pretiosum
3506 5059 3539 5099 a
3567 5043 3686 5108 vili,
3710 5038 3835 5110 quasi

2282 5141 2343 5181 os
2371 5127 2462 5181 Dei
2493 5129 2594 5182 erit
2620 5128 2754 5198 (Jer.
2785 5130 2869 5185 15.
2900 5131 2986 5200 l9)
3010 5147 3024 5197 ;
3047 5132 3135 5200 qui
3166 5142 3242 5186 tot
3264 5134 3578 5203 animabus,
3604 5145 3702 5188 tam
3729 5146 3835 5198 prte-

2283 5218 2522 5273 sentibus
2565 5235 2724 5288 quam
2772 5219 2961 5276 futuris
3005 5237 3168 5292 usque
3215 5223 3281 5277 ad
3333 5226 3630 5280 adventum
3670 5219 3837 5280 Christi

2282 5308 2516 5378 prodest,
2543 5320 2736 5381 quanta
2767 5313 2856 5366 Dei
2887 5313 3250 5370 benevolentia
3276 5315 3533 5372 fruetur?
3558 5316 3839 5372 Praesidium

2285 5409 2534 5456 construe
2576 5413 2760 5458 contra
2805 5403 3112 5470 diabolum;
3163 5406 3264 5462 hoc
3302 5419 3392 5463 est
3432 5410 3578 5465 enim
3621 5406 3836 5463 ecclesia.

2286 5490 2417 5545 llinc
2446 5491 2703 5560 prodeant
2728 5509 2914 5549 manus
2939 5495 3005 5548 ad
3032 5496 3265 5551 laborem
3295 5516 3308 5550 :
3343 5501 3498 5567 prius
3521 5499 3840 5555 extendantur

2278 5581 2345 5635 ad
2377 5597 2580 5650 preces,
2608 5592 2662 5637 et
2692 5594 2813 5640 tunc
2838 5587 2901 5639 ad
2927 5603 3062 5656 opus
3085 5587 3298 5642 abeant.
3335 5589 3412 5643 Ita
3445 5594 3550 5646 erit
3580 5593 3677 5646 illis
3701 5591 3838 5646 robur

2279 5677 2554 5741 corporis;
2585 5675 2663 5730 sic
2690 5676 2792 5731 erit
2822 5678 3137 5747 agricultura
3172 5680 3341 5735 multa
3367 5698 3384 5748 ;
3416 5683 3498 5737 sic
3527 5686 3696 5737 omnia
3723 5684 3838 5737 mala

2289 5871 2310 5913 ι
2354 5803 2428 5863 tu)
2449 5804 2632 5853 Nomina
2654 5807 2961 5867 patronorum
2988 5806 3031 5854 in
3053 5809 3199 5858 sacris
3214 5808 3552 5864 oblationibus
3561 5811 3835 5878 prolercimr

2309 5876 2382 5912 ur.

2309 5876 2382 5912 ur.
