4076 6354
121 267 223 323 m
306 248 319 263 ‘

120 384 390 453 φρέττεις,
426 382 538 435 εἰπέ
576 400 689 451 μοι,
735 380 827 434 τὸν
855 381 1117 451 μέλλοντά
1160 396 1219 434 σε
1270 380 1361 433 καὶ
1413 379 1552 450 ὑπὲρ
1584 377 1788 430 τούτων

118 473 378 524 ἀπαιτεῖν
410 470 601 537 λόγον;
633 470 709 521 Οὐ
734 470 842 540 γὰρ
868 470 1033 538 ἐχρῆν
1058 470 1286 522 ἕκαστον
1335 468 1444 521 τῶν
1466 466 1673 520 πιστῶν
1702 466 1791 517 ἐκ·

122 556 352 626 κλησίαν
414 557 758 627 οἰκοδομεῖν,
819 556 1138 610 διδάσκαλον
1189 556 1487 626 λαμϐάνειν
1535 554 1671 624 πρὸς
1723 553 1787 606 τὸ

122 643 483 714 συναίρεσθαι
510 656 560 705 ι,
602 644 708 713 πρὸ
746 644 964 697 πάντων
993 643 1152 696 τοῦτο
1184 645 1426 703 σκοπεῖν.
1448 643 1597 703 ὅπως
1617 641 1793 693 ἀπαν-

119 749 207 795 τες
225 729 343 785 εἷεν
371 732 720 803 Χριστιανοί;
750 731 896 797 Πῶς,
928 732 1049 785 εἰπέ
1101 750 1215 802 μοι,
1248 730 1565 802 Χριστιανὸς
1595 729 1745 782 ἔσται
1764 730 1794 781 6

121 820 390 888 γεωργὸς.
444 820 589 890 ὁρῶν
622 820 684 872 σὲ
729 818 905 883 οὕτως
950 820 1255 890 ἀμελοῦντα
1282 820 1378 890 τῆς
1427 817 1591 872 αὐτοῦ
1621 834 1792 887 σωτη-

123 910 272 979 ρίαςς
304 910 387 962 Οὐ
421 909 652 963 δύνασαι
678 910 904 979 ποιῆσαι
943 911 1144 979 σημεῖα
1171 909 1266 963 καὶ
1288 911 1472 962 πεῖσαι
1493 925 1508 972 ;
1533 900 1625 967 Οἷς
1650 904 1791 974 ἔχεις

120 1000 322 1056 πεῖσον,
385 998 775 1069 φιλανθρωπίᾳ
803 998 866 1063 1),
913 998 1235 1070 προστασίᾳ,
1278 998 1596 1069 ήμερότητι,
1625 995 1789 1047 κολα-

122 1084 258 1153 κεία,
288 1087 414 1148 τοῖς
438 1084 622 1149 ἀλλοις
654 1085 845 1140 ἅπασι.

185 1172 290 1224 Καὶ
316 1172 542 1243 ἀγορὰς
576 1173 675 1242 μὲν
699 1174 795 1227 καὶ
837 1172 1093 1243 βαλανεῖα
1114 1171 1360 1226 ποιοῦσιν
1384 1173 1432 1224 οἰ
1455 1170 1659 1232 πολλοὶ,
1694 1170 1788 1223 ἐκ-

124 1258 342 1325 κλησίας
361 1259 427 1312 δὲ
450 1261 595 1329 οὐχί·
626 1261 719 1314 καὶ
752 1261 928 1315 πάντα
956 1261 1177 1331 μᾶλλον,
1223 1260 1256 1330 ἢ
1281 1259 1454 1313 τοῦτο.
1488 1258 1579 1312 Διὸ
1612 1274 1789 1327 παρα-

126 1348 260 1399 καλῶ
288 1348 392 1400 καὶ
418 1349 692 1403 ἀντιϐολῶ
720 1351 813 1403 καὶ
834 1351 992 1420 χάριν
1015 1349 1169 1413 αἰτῶ,
1200 1348 1398 1419 μᾶλλον
1417 1348 1474 1401 δὲ
1506 1348 1601 1402 καὶ
1626 1348 1789 1415 νόμον

127 1434 324 1501 τίθημι,
361 1434 514 1488 ὥστε
552 1437 755 1507 μηδένα
789 1438 1016 1507 ὀφθῆναι
1054 1437 1257 1506 ἔρημον
1282 1435 1575 1504 ἐκκλησίας
1594 1434 1788 1503 χωρίον

129 1521 324 1587 ἔχοντα.
359 1523 459 1593 Μή
493 1542 587 1593 μοι
612 1525 792 1595 εἴπηςο
822 1524 1053 1594 Πλησίον
1078 1526 1243 1587 ἐστὶν,
1268 1527 1331 1577 ἐκ
1360 1523 1611 1592 γειτόνων
1639 1520 1785 1593 [150]

127 1608 249 1657 ἐστί·
562 1611 709 1663 ἐστιν
766 1613 799 1681 ὴ
833 1611 1077 1680 δαπάνη,
1124 1611 1183 1664 οὐ
1232 1610 1398 1681 πολλὴ
1434 1612 1465 1679 ή
1508 1609 1784 1679 πρόσοδος.

130 1694 189 1745 Εἴ
212 1711 260 1748 τι
289 1695 442 1765 ἔχεις
471 1699 556 1760 εὶς
586 1698 824 1769 πένητας
858 1699 1149 1763 ἀναλῶσαι,
1183 1699 1298 1751 ἐκεῖ
1334 1698 1625 1751 ἀνάλωσαν⁸
1665 1695 1779 1765 βέλ-

131 1798 231 1833 τιον
261 1785 401 1845 ἐκεῖ,
436 1785 469 1854 ἦ
508 1785 767 1840 ἐνταῦθα·
802 1786 996 1857 θρέψον
1018 1787 1354 1849 διδάσκαλον,
1392 1786 1585 1855 θρέψον
1610 1785 1789 1837 διάκο-

134 1888 212 1921 νον
234 1873 325 1924 καὶ
347 1872 635 1943 ίερατικὸν
670 1873 940 1945 σύστημα.
988 1875 1200 1927 Ὠσανεὶ
1229 1877 1460 1942 γυναῖκα
1498 1870 1721 1940 ἀγαγὼν
1752 1872 1784 1942 ἢ

137 1956 352 2026 νύμφην,
384 1960 419 2026 ἦ
448 1959 580 2024 δοὺς
612 1958 905 2031 θυγατέρα,
930 1961 1073 2014 οῦτω
1099 1964 1163 2032 τῇ
1207 1961 1503 2030 Ἐκκλησία
1524 1960 1783 2013 διάκεισθ’

140 2047 317 2112 προῖκα
348 2046 543 2109 ἐπίδος
564 2048 728 2116 αὐτῇ.
754 2047 907 2101 υῦτω
942 2067 1024 2101 σοι
1046 2050 1293 2118 εὐλογίας
1315 2050 1375 2101 τὸ
1408 2050 1602 2119 χωρίον
1652 2048 1788 2117 πλη-

149 2130 449 2202 ρωθήσεται.
476 2133 548 2187 Τί
576 2134 687 2205 γάρ
710 2136 808 2189 οὐκ
832 2136 983 2189 ἐσται
1018 2139 1134 2190 ἐκεῖ
1154 2138 1262 2190 τῶν
1288 2137 1539 2206 ἀγαθῶν;
1569 2136 1785 2206 μικρὸν,

149 2222 257 2273 εἰπέ
292 2239 392 2290 μοι,
415 2222 512 2275 τὸν
551 2224 714 2294 ληνὸν
748 2226 1117 2294 εὐλογεῖσθαι;
1166 2228 1378 2300 μικρὸν,
1434 2228 1491 2293 ἐξ
1514 2228 1650 2280 ὅλων
1679 2226 1787 2280 τῶν

154 2308 401 2378 καρκῶνε
440 2310 557 2364 τῶν
608 2312 717 2364 σῶν
740 2312 830 2366 τὸν
873 2314 1004 2367 Θεὸν
1036 2317 1300 2387 πρότερον
1340 2316 1647 2387 ἀπόμοιραν
1694 2315 1788 2368 καὶ

148 2396 377 2465 ἀπαρχὰς
425 2398 766 2468 λαμϐάνειν;
807 2400 948 2471 Πρὸς
1001 2403 1223 2472 εἰρήνην
1250 2402 1359 2456 τῶν
1397 2402 1786 2473 γεωργούντων

145 2482 281 2536 τοῦτο
326 2486 624 2556 χρήσιμον.
687 2488 971 2558 Αίδέσιμος
1017 2488 1167 2542 ἔσται
1202 2491 1295 2543 καὶ
1343 2493 1372 2544 6
1422 2490 1787 2561 πρεσϐύτερος

138 2571 321 2639 λοιπὸν,
356 2576 456 2628 καὶ
510 2576 651 2647 πρὸς
694 2577 991 2645 ἀσφάλειαν
1040 2578 1136 2632 τοῦ
1171 2580 1369 2650 χωρίου
1432 2579 1786 2650 συμϐαλεῖται

134 2659 293 2713 τοῦτο.
332 2663 518 2733 Εὐχαὶ
549 2665 667 2716 ἐκεῖ
693 2663 958 2735 διηνεκεῖς
988 2667 1078 2721 διά
1125 2667 1206 2729 σὲ,
1239 2666 1396 2736 ῦμνοι
1421 2668 1515 2720 καὶ
1539 2668 1788 2733 συνάξεις

130 2747 206 2799 διὰ
232 2749 308 2812 σὲ,
350 2752 651 2822 προσφορά
686 2752 807 2805 καθ’
862 2755 1095 2826 ἑκάστην
1136 2757 1440 2825 Κυριακήν.
1477 2749 1600 2808 υἷόν
1638 2758 1786 2809 ἐστιν

132 2837 199 2893 εἰς
224 2837 414 2909 θαῦμα
443 2840 655 2911 μεῖζον,
693 2840 789 2893 τοῦ
820 2842 1021 2910 τάφους
1057 2844 1156 2913 μὲν
1198 2844 1414 2914 ἐτέρους
1431 2845 1785 2915 οἰκοδομῆσαι

128 2923 426 2995 λαμπροὺς,
479 2927 572 2980 ῖνα
601 2929 651 2980 οἰ
707 2931 844 2999 μετά
889 2931 1060 2985 ταῦτα
1092 2934 1381 2993 ἀκούωσιν.
1442 2933 1524 2986 ὅτι
1553 2934 1582 2985 6
1639 2933 1787 2988 δεῖνα

125 3014 463 3085 ᾠκοδόμησε,
496 3016 556 3068 σέ
584 3017 643 3069 δέ
675 3018 966 3089 ἐκκλησίας
1010 3021 1335 3092 ἀναστῆσαιί
1379 3022 1680 3092 Ἐννόησον,
1704 3023 1787 3076 ὅτι

128 3108 273 3177 μέχρι
299 3107 412 3177 τῆς
434 3106 533 3161 τοῦ
560 3108 797 3178 Χριστοῦ
850 3109 1153 3180 παρουσίας
1183 3111 1248 3164 σύ
1276 3110 1367 3164 τὸν
1402 3110 1592 3182 μισθὸν
1647 3111 1788 3177 ἔξεις

125 3196 488 3266 όάναστήσας
518 3195 902 3266 θυσιαστήριον
933 3196 1028 3251 τοῦ
1055 3198 1212 3253 Θεοῦ.

183 3290 238 3338 ε’.
268 3284 417 3338 Εἰπὲ
435 3285 548 3353 γάρ
584 3301 694 3353 μοι.
728 3286 774 3337 εἰ
808 3283 1057 3353 βασιλεύς
1074 3304 1154 3339 σοι
1187 3287 1468 3342 ἐκέλευσεν
1498 3288 1785 3359 οἰκοδομῆ-

124 3389 200 3425 σαι
224 3373 437 3435 οἰκίαν,
468 3373 559 3424 ῖνα
584 3373 702 3424 ἐκεῖ
736 3372 1016 3434 καταλύοι.
1049 3373 1147 3427 οὐκ
1173 3374 1239 3428 ἂν
1276 3377 1451 3430 πάντα
1493 3376 1781 3447 ἐποίησας;

124 3460 222 3513 Νῦν
278 3456 374 3513 οῦν
419 3459 665 3529 βασίλειά
704 3461 819 3511 ἐστι
862 3459 956 3512 τοῦ
986 3460 1246 3531 Χριστοῦ,
1274 3465 1373 3528 τῆς
1420 3462 1711 3534 ἐκκλησίας
1750 3465 1783 3535 ἡ

120 3548 397 3619 οἰκοδομή.
432 3547 525 3617 Μὴ
588 3548 647 3599 τὸ
681 3547 942 3617 ἀνάλωμα
972 3548 1102 3621 ίδῃς,
1151 3549 1285 3602 ἀλλά
1318 3550 1407 3603 τὸν
1455 3551 1664 3620 καρπὸν
1694 3552 1783 3603 λό-

120 3653 289 3702 γισατο
313 3636 655 3707 γεωργοῦσιν
705 3637 898 3688 ἐκεῖνοι
924 3636 1020 3705 τὴν
1044 3636 1168 3706 γῆν,
1220 3638 1283 3690 σὺ
1333 3638 1646 3709 γεώργησον
1670 3640 1785 3702 ,αὐο

122 3725 215 3775 τῶν
264 3723 369 3786 τάς
404 3722 600 3793 ψυχάς·
642 3722 864 3791 φέρουσί
923 3740 1003 3775 σοι
1049 3726 1290 3796 καρποὺς
1340 3727 1555 3789 ἐκεῖνοι,
1604 3728 1666 3779 σύ
1704 3728 1783 3791 εἰς

123 3812 199 3863 τὸν
222 3811 468 3881 οὐρανὸν
487 3812 686 3872 αὐτοὺς
709 3810 969 3878 ἀνάγαγε.
1017 3811 1073 3864 '0
1097 3810 1195 3883 τὴν
1244 3813 1418 3883 ἀρχὴν
1443 3813 1585 3876 δοὺς,
1628 3808 1783 3878 οὗτος

125 3899 349 3953 καὶτῶν
372 3898 548 3952 ἄλλων
597 3898 769 3960 αἴτιος
800 3898 1036 3951 πάντων.
1073 3901 1213 3969 Ἀρα
1261 3903 1352 3953 καὶ
1385 3902 1447 3953 σὺ
1475 3903 1642 3965 αἴτιος
1686 3902 1781 3973 ἔσῃ

126 3989 216 4040 τῶν
263 3986 693 4057 κατηχουμένων
721 3987 856 4049 ἐκεῖ,
890 3986 998 4039 τῶν
1024 3988 1082 4039 ἐν
1113 3987 1225 4049 τοῖς
1257 3987 1474 4058 χωρίοις
1498 3990 1611 4051 τοῖς
1648 3988 1784 4059 πλη-

130 4078 251 4131 σίον.
320 4074 517 4130 Καίτοι
569 4073 641 4126 τά
698 4072 797 4143 μὲν
857 4072 1107 4142 βαλανεῖα
1165 4074 1581 4147 μαλακωτέρους
1642 4080 1784 4129 ποιεῖ

127 4168 241 4229 τοὺς
264 4163 572 4235 γεωργοὺς,
594 4162 664 4215 τά
688 4161 959 4232 καπηλεῖα
1007 4162 1463 4234 τρυφηλοτέρουςο
1494 4164 1610 4217 ἀλλ’
1634 4165 1783 4235 ὅμως

130 4256 325 4306 ποιεῖτε
344 4250 521 4304 ταῦτα
551 4250 641 4302 διά
688 4249 865 4315 δόξαν.
894 4250 962 4302 Δί
992 4251 1186 4321 ἀγοραὶ
1213 4252 1305 4304 καὶ
1352 4252 1408 4303 αί
1452 4253 1783 4322 πανηγύρεις

128 4341 283 4393 πάλιν
331 4336 580 4407 ἰταμούςο
625 4337 694 4390 τά
736 4336 793 4389 δὲ
825 4336 1077 4401 ἐνταῦθα,
1119 4338 1226 4389 πᾶν
1272 4337 1595 4391 τούναντίον.
1638 4338 1783 4391 Ἠλί-

130 4445 210 4480 xm
239 4428 351 4498 γάρ
396 4428 543 4479 ἐστιν
600 4425 728 4478 ίδεῖν
753 4424 1117 4496 πρεσϐύτερον
1164 4426 1243 4488 εἰς
1267 4426 1449 4478 είκόνα
1500 4425 1781 4495 βαδίζοντα

130 4516 209 4569 τοῦ
257 4515 534 4587 Ἀϐραὰμ,
563 4514 766 4579 πολιὸν,
798 4514 1174 4584 ἀνεζωσμένον
1203 4514 1299 4568 καὶ
1353 4514 1661 4569 σκάπτοντα
1687 4517 1782 4570 καὶ

129 4607 557 4677 αὐτουργοῦνταί
614 4604 679 4657 Τί
732 4604 826 4657 τοῦ
883 4604 1050 4674 ἀγροῦ
1108 4605 1479 4676 ποθεινότερον
1531 4606 1778 4671 ἐκείνου;

141 4696 399 4750 Ἐνταῦθα
456 4693 660 4765 μείζων
690 4695 724 4763 ἡ
772 4694 958 4763 ἀρετή.
999 4694 1114 4745 Οὐκ
1158 4693 1305 4747 ἔστιν
1337 4694 1592 4763 ἀσέλγεια
1644 4696 1779 4759 ἐκεῖ,

134 4784 235 4836 ἀλλ’
267 4781 629 4852 ἀπελήλαται·
654 4780 754 4832 οὐκ
780 4781 892 4832 ἐστι
920 4779 1055 4851 μέθη
1087 4780 1179 4833 καὶ
1218 4780 1417 4853 τρυφὴ,
1450 4781 1565 4834 ἀλλ’
1593 4780 1783 4853 ἐξώρι-

138 4889 264 4927 ςταιο
311 4872 416 4925 οὐκ
468 4870 585 4923 ἐστι
642 4866 935 4933 κενοδοξία,
985 4868 1102 4922 ἀλλ’
1158 4869 1429 4923 ἔσϐεσται·
1460 4871 1520 4925 τὸ
1562 4871 1660 4941 τῆς
1694 4870 1783 4923 εὐ-

137 4964 266 5025 νοίας
303 4961 469 5012 πλέον
512 4958 630 5010 ἐκεῖ
682 4957 972 5026 διαλάμπει
1028 4957 1116 5012 διὰ
1170 4958 1269 5030 τὴν
1315 4958 1593 5028 ἀφέλειαν.
1655 4953 1780 5013 Οἷόν

139 5051 263 5103 ἐστιν
294 5048 557 5103 ἀπελθεῖν
589 5046 959 5099 καὶεὶσελθεῖν
1000 5048 1080 5109 είς
1135 5048 1227 5100 τὸν
1273 5043 1421 5100 οἰκον
1474 5046 1570 5100 τοῦ
1621 5047 1778 5113 Θεοῦ,

140 5142 218 5191 καὶ
265 5140 488 5201 εἰδέναι,
541 5137 625 5189 ὅτι
672 5135 831 5196 αὐτὸς
886 5135 1047 5189 αὐτὸν
1095 5135 1430 5206 ᾠκοδόμησε,
1478 5136 1571 5189 καὶ
1629 5136 1781 5206 ῥῖψαι

143 5226 308 5280 ἑαυτὸν
362 5224 581 5285 ῦπτιον,
639 5222 734 5274 καὶ
764 5221 899 5291 μετὰ
926 5222 1024 5293 τὴν
1081 5222 1288 5295 αἰώραν
1316 5223 1414 5294 τὴν
1465 5225 1780 5295 σωματικὴν

148 5317 221 5367 καὶ
268 5314 541 5384 λσδχνικοῖς
589 5308 616 5350 ἀ
673 5311 767 5362 καὶ
822 5310 1059 5375 ἑωθινοῖς
1113 5311 1301 5381 ὕμνοις
1353 5311 1779 5384 παραγενέσθαι,

147 5406 499 5476 ίμοτράπεζον
539 5402 685 5473 ἔχειν
730 5401 820 5454 τὸν
876 5401 1047 5473 ἱερέα,
1100 5403 1489 5473 συνομιλοῦντα
1533 5404 1780 5473 εὐλογίας

198 5601 219 5668 ᾖ
238 5600 385 5649 Sui].
416 5594 710 5668 λαμϐάνειν,
736 5593 1058 5668 συναίρεσθαι..
1077 5594 1211 5668 Uqus
1229 5596 1342 5668 πρὸς
1362 5595 1417 5668 τὸ
1449 5596 1778 5668 συχᾳιρεῖσθαι.

193 5662 311 5712 [nos
340 5661 450 5711 cod.
481 5658 551 5715 οἷς
577 5661 697 5720 ἔχεις
736 5658 952 5721 ποίησον,
993 5658 1327 5721 φιλανθρωπίᾳ.
1395 5661 1418 5721 9
1457 5658 1555 5721 Alii
1599 5659 1779 5719 μικρὸν,

156 5722 227 5771 εἰπέ
248 5744 341 5787 μοι,
362 5725 462 5771 τῶν
489 5722 702 5787 καρπῶν.
726 5785 737 5787 _
763 5720 793 5787 ξί
823 5719 955 5769 Unus
976 5719 1082 5769 Cod.
1100 5719 1193 5787 _x_ail
1214 5719 1337 5787 μετὰ
1359 5720 1443 5787 τὴν
1467 5719 1782 5787 ἐχάτηνηῶραν

152 5792 214 5839 τίς
230 5780 504 5847 σωματικῆς
528 5780 808 5846 μεταλαϐεῖν
828 5788 1017 5845 τροφῆς,
1036 5782 1117 5830 καὶ
1138 5782 1185 5830 έν
1214 5781 1460 5845 λυχνικοῖς.
1492 5781 1612 5840 Quae
1635 5780 1781 5831 leélio

155 5856 227 5895 non
241 5846 522 5911 spernenda
547 5846 759 5896 videtur.

1148 263 1214 319 IN
1256 260 1431 317 ACTA
1476 256 2009 314 APOS‘I‘OLORUM.
2053 258 2283 319 HOMIL.
2318 262 2504 318 XVI".

3445 269 3546 326 “8

1894 375 2211 446 ἀπολαύειν,
2245 382 2459 452 ἐτέρους
2491 382 2621 451 όρᾷν
2640 381 2962 453 ἐρχομένους
2988 384 3129 449 ἐκεῖ;
3161 383 3328 439 Τοῦτο
3347 389 3540 458 τεῖχος,

1894 463 2053 518 τοῦτο
2103 468 2370 536 ἀσφάλεια
2404 470 2597 539 ἀγροῦ.
2634 464 2800 533 Οὗτός
2845 474 2990 525 ἐστιν
3041 475 3069 525 ὁ
3111 473 3275 545 ἀγρὸς
3324 477 3450 546 περὶ
3481 471 3543 531 οῦ

1896 568 2063 622 φησιν
2123 556 2311 624 Ὂσμὴ
2359 557 2542 625 ἀγροῦ
2570 557 2855 625 πλήρους,
2888 558 2960 612 ὃν
2984 562 3279 629 εὐλόγησε
3306 564 3539 629 Κύριος.

1892 639 1957 692 Εί
1984 641 2078 694 καὶ
2105 644 2273 713 χωρὶς
2295 644 2483 696 τούτου
2515 643 2677 708 καλὸς
2702 646 2730 696 6
2756 645 2925 716 ἀγρὸς
2951 646 3037 698 διὰ
3055 646 3151 717 τὴν
3177 649 3423 718 ἡσυχίαν,
3456 650 3544 704 διὰ

1889 727 1951 779 τὸ
1983 728 2410 800 ἀπραγμοσύνης
2445 731 2655 801 γέμειν·
2704 732 2829 785 ὅταν
2862 732 2955 786 καὶ
2979 734 3134 788 τοῦτο
3153 734 3269 808 ἔχῃ,
3300 735 3404 789 τίνι
3440 737 3541 791 οὐκ

1890 814 2041 868 ἔσται
2065 819 2206 880 ἵσοςς
2243 818 2434 889 Ἀγρὸς
2470 821 2578 887 γάρ
2606 819 2895 889 ἐκκλησίαν
2941 822 3098 891 ἔχων,
3128 822 3205 893 τῷ
3231 824 3541 894 παραδείσῳ

1890 904 2034 957 ἔοικε
2055 905 2148 958 τοῦ
2181 906 2339 960 θεοῦ.
2390 908 2503 959 Οὐκ
2530 907 2674 959 ἐστιν
2706 909 2820 961 ἐκεῖ
2844 909 3076 981 κραυγὴ,
3109 910 3207 963 οὐκ
3235 911 3347 964 ἐστι
3376 911 3538 981 θόρυ-

1890 992 2003 1056 6ος,
2034 994 2134 1046 οὐκ
2160 994 2344 1065 ἐχθροὶ
2390 994 2653 1065 διάφοροι,
2686 996 2783 1066 οὐχ
2812 997 3068 1066 αἱρέσεις·
3120 999 3325 1062 πάντας
3354 1000 3539 1069 φίλους

1888 1080 2034 1133 ἐστιν
2068 1082 2214 1145 ἰδεῖν,
2261 1082 2372 1135 τῶν
2415 1083 2593 1136 αὐτῶν
2624 1082 2908 1153 δογμάτων
2938 1086 3245 1149 κοινωνούς.
3291 1088 3449 1157 Ἀγει
3478 1105 3539 1142 σε

1888 1169 1969 1230 εἰς
1985 1168 2294 1237 φιλοσοφίαν
2313 1173 2345 1239 ἡ
2376 1169 2591 1240 ήσυχία·
2610 1169 2789 1225 λαϐών
2816 1189 2875 1224 σε
2908 1171 3053 1243 1151]
3083 1172 3189 1226 ἀπὸ
3206 1174 3301 1242 τῆς
3326 1176 3540 1243 φιλοσοσι

1889 1256 2018 1323 φίας
2039 1257 2238 1327 ταύτης
2270 1260 2297 1311 6
2325 1259 2711 1331 πρεσϐύτερος,
2765 1260 3091 1331 θεραπεύσει
3128 1262 3379 1324 εὐκόλως,
3422 1264 3539 1317 Ἐν-

1888 1343 2064 1397 ταῦθα
2098 1346 2197 1414 μὲν
2228 1346 2354 1415 γὰρ,
2404 1347 2503 1400 ὅσα
2531 1348 2622 1401 ἐὰν
2655 1348 2922 1418 λέγωμεν,
2979 1348 3012 1417 ἡ
3046 1348 3218 1419 άγορά
3265 1350 3533 1419 ἐκκρούει·

1888 1432 2005 1485 ἐκεῖ
2032 1432 2089 1485 δὲ
2122 1435 2264 1506 ἅπερ
2294 1434 2359 1487 ἂν
2378 1434 2633 1506 ἀκούσῃς,
2667 1435 2948 1506 πεπηγότα
2977 1435 3116 1498 ἕξεις
3141 1436 3195 1487 ἐν
3214 1438 3279 1506 τῇ
3306 1437 3536 1508 διανοίᾳ,

1887 1520 2071 1590 ἕτερος
2126 1523 2186 1575 ἐν
2237 1521 2315 1590 τῷ
2348 1521 2500 1592 ἀγρῷ
2562 1523 2660 1594 ἔσῃ
2696 1524 2761 1575 δι’
2803 1523 3027 1575 ἐκείνου’
3082 1524 3173 1575 καὶ
3211 1523 3431 1579 ἐκείνων
3481 1525 3540 1579 δὲ

1886 1610 2269 1679 προστήσεται,
2299 1610 2391 1661 καὶ
2422 1609 2768 1679 έσταιφύλαξ
2823 1609 2900 1680 τῷ
2947 1628 3005 1663 τε
3053 1614 3323 1682 παρεῖναι,
3372 1612 3449 1683 τῷ
3478 1630 3539 1665 τε

1889 1695 2169 1765 ῥυθμίζειν
2201 1697 2413 1761 αὐτούς.
2447 1700 2616 1752 Πόσον
2645 1699 2701 1751 δέ
2734 1700 2965 1752 ἐστικαὶ
2998 1699 3058 1752 τὸ
3112 1701 3392 1772 ἀνάλωμα,
3420 1700 3540 1753 εἰπέ

1890 1798 2012 1849 μοι;
2043 1784 2272 1854 Ποίησον
2292 1786 2426 1848 τέως
2456 1786 2649 1855 μικρὸν
2695 1780 2842 1838 οἷκον
2886 1789 2942 1838 ἐν
2964 1786 3109 1852 τάξει
3159 1786 3307 1839 ναοῦ’
3340 1788 3367 1839 ὐ
3402 1787 3543 1856 μετά

1888 1870 1946 1922 σέ
1975 1875 2189 1941 ποιήσει
2217 1874 2398 1930 στοάν.
2434 1875 2462 1926 6
2492 1875 2606 1943 μετ’
2635 1874 2839 1926 ἐκεῖνον
2872 1873 3034 1945 ἐτερα
3067 1874 3382 1944 προσθήσει,
3446 1876 3541 1929 καὶ

1885 1956 2028 2011 οὕτω
2065 1961 2145 2011 σοὶ
2168 1960 2545 2030 λογισθήσεται
2575 1959 2634 2013 τὸ
2657 1963 2786 2014 πᾶν.
2814 1962 2885 2013 Σὺ
2909 1961 3064 2025 δίδως
3090 1962 3302 2031 μικρὸν,
3336 1961 3539 2015 καὶτοῦ

1887 2046 2085 2107 παντὸς
2106 2047 2401 2117 λαμϐάνεις
2434 2047 2524 2099 τὸν
2569 2048 2775 2117 μισθόν.
2817 2049 3023 2103 Οὐκοῦν
3053 2050 3223 2120 ἀρχὴν
3273 2049 3457 2113 ἐπίθες
3489 2061 3538 2115 ε,

1887 2131 2133 2202 θεμέλιον
2159 2135 2450 2187 κατάϐαλε⁸
2497 2135 2694 2204 μᾶλλον
2720 2136 2775 2187 δέ
2814 2136 3072 2205 ἀλλήλους
3098 2138 3536 2208 παρακαλέσατεο

1886 2220 2117 2289 ἅμιλλαν
2160 2220 2455 2289 ποιήσασθε
2489 2221 2583 2274 τοῦ
2624 2222 2967 2293 πράγματος.
2997 2223 3109 2276 Νῦν
3158 2224 3233 2285 δέ,
3265 2224 3389 2277 ἔνθα
3437 2225 3539 2297 μὲν

1885 2308 2064 2378 ἀχυρα
2088 2309 2182 2363 καὶ
2209 2312 2353 2361 σῖτον
2386 2310 2479 2361 καὶ
2507 2310 2683 2363 πάντα
2705 2311 2774 2363 τὰ
2803 2309 3029 2364 τοιαῦτα
3079 2311 3373 2365 ἀποθέσθαι
3435 2313 3536 2376 δεῖ,

1885 2395 2122 2456 εὐκόλως
2160 2396 2555 2465 οἰκοδομοῦσιν·
2592 2397 2718 2450 ἔνθα
2747 2397 2802 2450 δὲ
2853 2398 3176 2467 συλλεγῆναι
3204 2398 3308 2469 χρὴ
3351 2398 3539 2469 ψυχῶν

1884 2486 2216 2555 γεννήματα,
2254 2486 2500 2555 οὐδαμῶς
2527 2487 2921 2558 φροντίζουσιν,
2975 2488 3089 2540 ἀλλ’
3141 2487 3539 2555 ἀναγκάζονται

1888 2573 2109 2644 μυρίους
2140 2574 2383 2636 σταδίους
2413 2574 2670 2643 βαδίζειν,
2696 2574 2789 2626 καὶ
2814 2574 3029 2645 μακρὰς
3057 2574 3364 2643 ἀποδημίας
3386 2574 3539 2629 στέλ-

1883 2658 2091 2719 λεσθαι.
2123 2660 2209 2713 ἴνα
2242 2662 2321 2723 εἰς
2349 2661 2639 2732 ἐκκλησίαν
2666 2661 2917 2715 ἀπίωσιν.
2954 2661 3116 2713 ’Ὀσον
3146 2660 3200 2714 δέ
3229 2663 3376 2714 ἐστιν
3401 2662 3540 2730 ἀγα-

1884 2746 1975 2799 θόν
2003 2748 2139 2817 μετά
2160 2747 2361 2817 πολλῆς
2391 2748 2617 2819 ἡσυχίας
2646 2750 2704 2800 ἐν
2728 2750 2793 2818 τῇ
2821 2747 3085 2818 ἐκκλησίᾳ
3136 2748 3225 2801 τὸν
3261 2747 3409 2817 ἱερέα
3438 2766 3541 2802 πα-

1883 2836 2223 2905 ραγίνεσθαι,
2288 2836 2373 2890 ίνα
2404 2836 2603 2908 προσίῃ
2651 2834 2729 2905 τῷ
2758 2834 2896 2905 Θεῷ,
2933 2836 3027 2889 καὶ
3073 2834 3207 2907 λέγῃ
3241 2835 3382 2905 ὑπὲρ
3438 2836 3538 2906 τῆς

1883 2925 2074 2995 κώμης
2123 2925 2244 2979 καθ’
2292 2926 2527 2994 ἑκάστην
2578 2925 2813 2995 ἡμέραν,
2844 2924 2984 2995 ὑπὲρ
3015 2923 3110 2977 τοῦ
3163 2923 3535 2995 κεκτημένουι

1883 3016 2096 3084 Μικρόν
2127 3017 2294 3080 ἐστιν,
2320 3014 2441 3066 εἰπέ
2475 3031 2584 3083 μοι,
2609 3012 2670 3065 τὸ
2692 3014 2784 3066 καὶ
2812 3015 2869 3065 ἐν
2896 3016 3016 3076 ταῖς
3042 3012 3223 3079 ἁγίαις
3244 3013 3538 3081 ἀναφοραῖς

1882 3104 1970 3156 ἀεὶ
2004 3103 2064 3156 τὸ
2084 3102 2255 3172 ὄνομά
2280 3119 2372 3156 σου
2409 3100 2709 3170 ἐγκεῖσθαι,
2740 3100 2835 3153 καὶ
2878 3100 2999 3154 καθ’
3032 3102 3270 3169 ἑκάστην
3326 3100 3539 3171 ἡμέραν

1883 3190 2023 3263 ὑπὲρ
2043 3192 2142 3262 τῆς
2169 3188 2361 3261 κώμης
2390 3189 2555 3260 εὐχὰς
2599 3188 2840 3256 γίνεσθαι
2874 3187 3010 3258 πρὸς
3034 3188 3123 3240 τὸν
3167 3187 3331 3252 Θεόν;
3372 3187 3538 3240 πόσον

1884 3294 1972 3331 σοι
2009 3279 2101 3330 καὶ
2130 3279 2210 3340 εἰς
2236 3278 2304 3331 τά
2326 3277 2461 3331 ἄλλα
2487 3275 2643 3331 τοῦτο
2673 3275 2938 3329 λυσιτελεῖ
2972 3274 2991 3312 ί
3015 3276 3028 3328 !
3074 3274 3366 3344 Συμϐαίνει
3386 3276 3538 3337 τινάς

1882 3366 1947 3418 ἐκ
1989 3367 2244 3433 γειτόνων
2274 3368 2441 3419 οἰκεῖν
2490 3366 2583 3418 καὶ
2612 3364 2753 3434 ἔχειν
2780 3362 3123 3435 ἐπιτρόπους·
3163 3362 3299 3433 πρὸς
3344 3362 3403 3415 σὲ
3438 3361 3538 3430 μὲν

1881 3449 1973 3506 οῦν
2007 3455 2100 3507 τὸν
2132 3454 2339 3522 πένητα
2367 3454 2467 3507 οὐκ
2490 3451 2710 3517 ἀξιώσει
2736 3469 2819 3514 τις
2843 3450 3065 3505 ἐκείνων
3084 3451 3204 3504 οὐδὲ
3231 3449 3421 3504 ἐλθεῖν·
3444 3450 3539 3503 τὸν

1879 3539 1936 3593 δέ
1986 3541 2352 3613 πρεσϐύτερον
2401 3540 2530 3604 ίσως
2572 3539 2667 3592 καὶ
2698 3539 2933 3601 καλεσει,
2962 3537 3056 3591 καὶ
3105 3537 3380 3608 τραπέζης
3428 3554 3540 3591 κοι-

1882 3628 2047 3682 νωνὸν
2084 3632 2320 3699 ποιήσει.
2371 3630 2553 3701 Ὀρᾷς,
2582 3628 2721 3681 πόσα
2773 3626 3019 3681 ἐντεῦθεν
3052 3628 3338 3696 γενήσεται
3367 3626 3535 3692 καλάς
3601 3616 3610 3628 ’

1882 3718 2068 3786 Πάσης
2099 3718 2250 3771 ἔσται
2272 3719 2407 3781 τέως
2439 3720 2471 3788 ή
2499 3719 2657 3786 κώμη
2705 3716 2945 3784 πονηρᾶς
2978 3714 3210 3783 ὑποψίας
3257 3712 3534 3783 ἐλευθέραο

1881 3804 2056 3867 οὐδεὶς
2108 3805 2483 3873 ἀνδροφονίας,
2540 3804 2715 3859 οὐδεὶς
2767 3802 2972 3871 κλοπῆς
3007 3802 3189 3855 ἕνεκεν
3226 3801 3535 3869 ἐγκαλέσει,

1881 3894 2055 3955 οὐδεὶς
2086 3895 2323 3946 τοιοῦτον
2358 3892 2512 3945 οὐδὲν
2564 3890 2914 3945 ὐποπτεύσει.
2946 3890 3166 3959 Ἔχουσι
3214 3890 3306 3941 καὶ
3339 3888 3535 3959 ἑτέραν

1882 3981 2256 4052 παραμυθίαν,
2313 3980 2379 4034 ἂν
2433 3980 2585 4043 νόσος
2640 3976 3113 4049 παρακολουθήσῃ,
3164 3976 3230 4029 ἂν
3282 3974 3533 4038 θάνατος.

1882 4072 1994 4141 Οὐχ
2017 4070 2203 4133 ἁπλῶς
2252 4068 2371 4122 οὐδὲ
2416 4068 2493 4131 ώς
2535 4068 2689 4138 ἔτυχε
2719 4067 2811 4121 καὶ
2857 4066 2911 4119 αί
2949 4063 3123 4131 φιλίαι
3166 4065 3401 4133 γίνονται
3431 4063 3538 4115 τῶν

1881 4160 1998 4212 ἐκεῖ
2036 4157 2166 4229 παρ’
2191 4157 2437 4229 ἀλλήλοις
2486 4156 2691 4209 ίόντωνσ
2730 4154 2823 4208 καὶ
2856 4154 2910 4205 αἱ
2947 4151 3153 4206 σύνοδοι
3194 4152 3250 4205 δέ
3278 4152 3537 4221 γενήσον-

1879 4262 1970 4299 ται
2000 4243 2177 4314 πολλῷ
2208 4243 2314 4296 τῶν
2353 4245 2410 4296 ἐν
2460 4243 2580 4305 ταῖς
2622 4239 2991 4310 πανηγύρεσιν
3022 4238 3218 4309 ήδίους.
3251 4238 3325 4291 Οὐ
3380 4236 3539 4307 μόνον

1877 4334 1935 4387 δὲ
1961 4335 2016 4386 αί
2048 4332 2274 4394 σύνοδοι,
2327 4331 2462 4384 ἀλλά
2516 4331 2609 4384 καὶ
2656 4328 2808 4382 αὐτοί
2850 4329 2898 4381 οἱ
2931 4326 3271 4399 προεστῶτες
3310 4326 3399 4378 διά
3447 4325 3538 4378 τὸν

1879 4420 2245 4491 πρεσϐύτερον
2296 4417 2703 4488 αἰδεσιμώτεροι
2747 4417 2975 4470 ἔσονται.
3026 4414 3248 4479 Πάντως
3298 4414 3534 4477 ἀκούεις.
3643 4440 3651 4447 ·

1876 4511 1960 4563 ὃτι
1985 4510 2052 4563 τὰ
2085 4508 2433 4580 Ἰεροσόλυμα
2484 4507 2630 4573 παρὰ
2650 4506 2749 4569 τὰς
2798 4505 2963 4569 ἄλλας
3019 4506 3201 4567 πόλεις
3237 4503 3537 4573 τιμιώτερα

1877 4594 1945 4667 ἦν
1993 4598 2143 4668 παρά
2194 4599 2306 4658 τοῖς
2363 4594 2631 4657 παλαιοῖς·
2693 4594 2806 4647 ἀλλ’
2857 4596 2953 4664 οὐχ
3006 4593 3209 4654 ἀπλῶς,
3268 4590 3404 4643 ἀλλά
3449 4590 3535 4642 διά

1878 4686 1977 4757 τὴν
2008 4685 2129 4739 τότε
2163 4683 2464 4754 κρατοῦσαν
2518 4683 2815 4735 εὐσέϐειαν.
2870 4677 3155 4733 Διάλτοῦτο
3204 4676 3331 4729 ἔνθα
3377 4678 3535 4745 τιμᾶ·

1878 4791 1969 4828 ται
1998 4774 2151 4838 Θεὸς,
2202 4772 2355 4826 οὐδέν
2404 4774 2519 4825 ἐστι
2566 4769 2818 4839 πονηρόν·
2880 4767 3065 4835 ὥσπερ
3119 4764 3280 4818 πάλιν
3311 4762 3438 4815 ἔνθα
3472 4764 3533 4816 οὐ

1878 4864 2141 4933 τιμᾶται,
2195 4860 2347 4915 οὐδὲν
2404 4858 2626 4928 ἀγαθόν.
2689 4856 2863 4927 Πολλὴ
2914 4853 3182 4921 ἀσφάλεια
3232 4852 3382 4904 ἔσται
3442 4852 3533 4904 καὶ

1882 4951 2032 5022 παρά
2060 4948 2178 5019 Θεῷ
2230 4949 2324 5003 καὶ
2358 4947 2509 5017 παρά
2562 4944 2887 5015 ἀνθρώποις.
2940 4941 3048 4994 Ναὶ
3093 4938 3414 5010 παρακαλῶ,
3458 4940 3532 5011 μὴ

1880 5036 2193 5106 παρέργως,
2244 5033 2376 5088 ἀλλά
2423 5032 2717 5103 προθύμως
2763 5028 2856 5081 τοῦ
2895 5026 3217 5099 πράγματος
3253 5024 3526 5078 ἀντιλάϐει

1879 5123 1996 5177 σθε.
2032 5125 2092 5176 Εἰ
2121 5122 2231 5193 γάρ
2258 5123 2287 5175 6
2309 5122 2520 5188 ἐξάγων
2548 5119 2728 5189 τίμιον
2776 5118 2836 5182 ἐξ
2859 5114 3096 5183 ἀναξίου,
3125 5114 3201 5178 ὡς
3229 5114 3400 5183 στόμα
3438 5114 3525 5170 τοὲ

1878 5211 2013 5266 θεοῦ
2043 5211 2216 5265 ἔσται’
2248 5211 2277 5263 6
2332 5206 2600 5269 τοσαύτας
2645 5205 2823 5275 ψυχὰς
2854 5205 2953 5267 τάς
2996 5221 3058 5257 τε
3094 5203 3279 5269 οὐσας,
3330 5204 3427 5267 τάς
3472 5220 3519 5254 τ.

1879 5300 2141 5371 ἐσομένας
2171 5300 2275 5363 ἓως
2302 5298 2401 5367 τῆς
2447 5296 2542 5350 τοῦ
2571 5297 2808 5367 Χριστοῦ
2841 5294 3144 5366 παρουσίας
3186 5294 3411 5365 ὠφελῶν
3438 5312 3501 5347 xc

1878 5387 2280 5457 ἀνακτώμενος,
2330 5385 2502 5456 πόσης
2550 5385 2651 5437 οὐκ
2706 5384 3067 5438 ἀπολαύσεται
3123 5383 3332 5445 εὐνοίας
3381 5397 3487 5448 παρ

1876 5476 1973 5530 τοῦ
2026 5472 2194 5527 Θεοῦί
2252 5474 2514 5546 Φρούριον
2557 5473 2964 5527 κατασκεύασον
3010 5470 3151 5524 κατά
3201 5468 3294 5522 τοῦ
3345 5467 3497 5521 διαϐό

1880 5563 1994 5617 λου·
2026 5560 2182 5615 τοῦτο
2211 5561 2319 5632 γάρ
2358 5561 2508 5614 ἐστιν
2539 5561 2573 5632 ή
2603 5560 2885 5631 ἐκκλησία.
2928 5558 3165 5612 Ἐκεῖθεν
3208 5555 3493 5628 ὁρμάτωσο

1880 5653 1939 5706 αί
1973 5653 2153 5721 χεῖρες
2195 5651 2275 5713 εἰς
2319 5648 2582 5721 κάματον·
2614 5648 2828 5720 πρῶτον
2882 5645 3310 5702 ἀνατεινέτωσαν
3360 5643 3486 5696 αὐτὶ

1947 5776 1969 5804 ⁸
1995 5772 2155 5885 εξῐῖιιὲιιε
2204 5772 2390 5835 μισθόν·
2435 5772 2558 5830 ὅλως
2608 5772 2758 5837 ἀρχὴν
2791 5772 2960 5828 ἐπίθες.
2979 5809 2994 5825 .
3044 5769 3064 5808 ί
3094 5768 3226 5822 Unus
3258 5768 3362 5820 cod.
3386 5764 3492 5817 τοῦ.

1947 5852 1992 5885 vr
2094 5872 2105 5885 .

1881 5852 2105 5885 mem.
