  <div class='ocr_page' id='page_1' title='image "/cluster/home/n/w/nwhite01/storage/ocr_20150623/60/hvd.32044019207810/154.png"; bbox 0 0 3978 6508; ppageno 0'>
   <div class='ocr_carea' id='block_1_1' title="bbox 221 334 320 392">
    <p class='ocr_par' dir='ltr' id='par_1_1' title="bbox 221 334 320 392">
     <span class='ocr_line' id='line_1_1' title="bbox 221 334 320 392; baseline 0 0"><span class='ocrx_word' id='word_1_1' title='bbox 221 334 320 392; x_wconf 70' lang='lat' dir='ltr'><strong>H9</strong></span> 
     </span>
    </p>
   </div>
   <div class='ocr_carea' id='block_1_2' title="bbox 207 450 1761 522">
    <p class='ocr_par' dir='ltr' id='par_1_2' title="bbox 207 450 1761 522">
     <span class='ocr_line' id='line_1_2' title="bbox 207 450 1761 522; baseline 0.001 -12"><span class='ocrx_word' id='word_1_2' title='bbox 207 456 341 510; x_wconf 84' lang='lat' dir='ltr'><strong>foras</strong></span> <span class='ocrx_word' id='word_1_3' title='bbox 369 452 637 506; x_wconf 72' lang='lat' dir='ltr'><strong>mittentur</strong></span> <span class='ocrx_word' id='word_1_4' title='bbox 685 450 801 506; x_wconf 81' lang='lat' dir='ltr'><strong>Non</strong></span> <span class='ocrx_word' id='word_1_5' title='bbox 830 459 998 521; x_wconf 88' lang='lat' dir='ltr'><strong>potest</strong></span> <span class='ocrx_word' id='word_1_6' title='bbox 1031 450 1152 506; x_wconf 88' lang='lat' dir='ltr'><strong>hinc</strong></span> <span class='ocrx_word' id='word_1_7' title='bbox 1175 462 1288 506; x_wconf 88' lang='lat' dir='ltr'><strong>orta</strong></span> <span class='ocrx_word' id='word_1_8' title='bbox 1315 455 1555 522; x_wconf 88' lang='lat' dir='ltr'><strong>voluptas</strong></span> <span class='ocrx_word' id='word_1_9' title='bbox 1583 455 1761 511; x_wconf 82' lang='lat' dir='ltr'><strong>verbis</strong></span> 
     </span>
    </p>
   </div>
   <div class='ocr_carea' id='block_1_3' title="bbox 208 545 1760 617">
    <p class='ocr_par' dir='ltr' id='par_1_3' title="bbox 208 545 1760 617">
     <span class='ocr_line' id='line_1_3' title="bbox 208 545 1760 617; baseline 0.001 -16"><span class='ocrx_word' id='word_1_10' title='bbox 208 546 470 615; x_wconf 78' lang='lat' dir='ltr'><strong>explicari,</strong></span> <span class='ocrx_word' id='word_1_11' title='bbox 500 545 670 599; x_wconf 84' lang='lat' dir='ltr'><strong>donec</strong></span> <span class='ocrx_word' id='word_1_12' title='bbox 693 559 854 614; x_wconf 85' lang='lat' dir='ltr'><strong>opere</strong></span> <span class='ocrx_word' id='word_1_13' title='bbox 881 545 946 598; x_wconf 84' lang='lat' dir='ltr'><strong>sit</strong></span> <span class='ocrx_word' id='word_1_14' title='bbox 978 557 1242 615; x_wconf 83' lang='lat' dir='ltr'><strong>suscepta.</strong></span> <span class='ocrx_word' id='word_1_15' title='bbox 1267 547 1340 601; x_wconf 81' lang='lat' dir='ltr'><strong>Nc</strong></span> <span class='ocrx_word' id='word_1_16' title='bbox 1368 547 1467 601; x_wconf 87' lang='lat' dir='ltr'><strong>hoc</strong></span> <span class='ocrx_word' id='word_1_17' title='bbox 1490 550 1760 617; x_wconf 75' lang='lat' dir='ltr'><strong>respicias,</strong></span> 
     </span>
    </p>
   </div>
   <div class='ocr_carea' id='block_1_4' title="bbox 201 636 1759 709">
    <p class='ocr_par' dir='ltr' id='par_1_4' title="bbox 201 636 1759 709">
     <span class='ocr_line' id='line_1_4' title="bbox 201 636 1759 709; baseline 0.003 -18"><span class='ocrx_word' id='word_1_18' title='bbox 201 640 332 709; x_wconf 88' lang='lat' dir='ltr'><strong>quod</strong></span> <span class='ocrx_word' id='word_1_19' title='bbox 361 638 557 692; x_wconf 89' lang='lat' dir='ltr'><strong>nullum</strong></span> <span class='ocrx_word' id='word_1_20' title='bbox 586 636 778 693; x_wconf 89' lang='lat' dir='ltr'><strong>habeat</strong></span> <span class='ocrx_word' id='word_1_21' title='bbox 807 648 1121 708; x_wconf 69' lang='lat' dir='ltr'><strong>promotum</strong></span> <span class='ocrx_word' id='word_1_22' title='bbox 1149 657 1162 694; x_wconf 90' lang='lat'><strong>:</strong></span> <span class='ocrx_word' id='word_1_23' title='bbox 1193 641 1236 693; x_wconf 89' lang='lat' dir='ltr'><strong>si</strong></span> <span class='ocrx_word' id='word_1_24' title='bbox 1261 641 1479 694; x_wconf 87' lang='lat' dir='ltr'><strong>omnino</strong></span> <span class='ocrx_word' id='word_1_25' title='bbox 1503 640 1552 694; x_wconf 88' lang='lat' dir='ltr'><strong>id</strong></span> <span class='ocrx_word' id='word_1_26' title='bbox 1581 641 1759 708; x_wconf 82' lang='lat' dir='ltr'><strong>facias,</strong></span> 
     </span>
    </p>
   </div>
   <div class='ocr_carea' id='block_1_5' title="bbox 199 730 1760 800">
    <p class='ocr_par' dir='ltr' id='par_1_5' title="bbox 199 730 1760 800">
     <span class='ocr_line' id='line_1_5' title="bbox 199 730 1760 800; baseline 0.004 -17"><span class='ocrx_word' id='word_1_27' title='bbox 199 747 261 783; x_wconf 78' lang='lat' dir='ltr'><strong>ne</strong></span> <span class='ocrx_word' id='word_1_28' title='bbox 303 730 462 785; x_wconf 88' lang='lat' dir='ltr'><strong>facias</strong></span> <span class='ocrx_word' id='word_1_29' title='bbox 501 739 713 795; x_wconf 88' lang='lat' dir='ltr'><strong>tamen,</strong></span> <span class='ocrx_word' id='word_1_30' title='bbox 748 732 848 784; x_wconf 87' lang='lat' dir='ltr'><strong>nisi</strong></span> <span class='ocrx_word' id='word_1_31' title='bbox 893 741 1045 799; x_wconf 86' lang='lat' dir='ltr'><strong>putes</strong></span> <span class='ocrx_word' id='word_1_32' title='bbox 1075 733 1330 800; x_wconf 82' lang='lat' dir='ltr'><strong>majorem</strong></span> <span class='ocrx_word' id='word_1_33' title='bbox 1368 733 1459 788; x_wconf 85' lang='lat' dir='ltr'><strong>tibi</strong></span> <span class='ocrx_word' id='word_1_34' title='bbox 1504 743 1610 788; x_wconf 91' lang='lat' dir='ltr'><strong>tota</strong></span> <span class='ocrx_word' id='word_1_35' title='bbox 1640 735 1760 790; x_wconf 89' lang='lat' dir='ltr'><strong>villa</strong></span> 
     </span>
    </p>
   </div>
   <div class='ocr_carea' id='block_1_6' title="bbox 196 819 1755 894">
    <p class='ocr_par' dir='ltr' id='par_1_6' title="bbox 196 819 1755 894">
     <span class='ocr_line' id='line_1_6' title="bbox 196 819 1755 894; baseline 0.006 -24"><span class='ocrx_word' id='word_1_36' title='bbox 196 830 500 891; x_wconf 84' lang='lat' dir='ltr'><strong>proventum</strong></span> <span class='ocrx_word' id='word_1_37' title='bbox 531 835 688 885; x_wconf 88' lang='lat' dir='ltr'><strong>esse;</strong></span> <span class='ocrx_word' id='word_1_38' title='bbox 722 819 825 875; x_wconf 89' lang='lat' dir='ltr'><strong>nisi</strong></span> <span class='ocrx_word' id='word_1_39' title='bbox 853 821 930 875; x_wconf 89' lang='lat' dir='ltr'><strong>sic</strong></span> <span class='ocrx_word' id='word_1_40' title='bbox 959 820 1176 876; x_wconf 67' lang='lat' dir='ltr'><strong>allectus</strong></span> <span class='ocrx_word' id='word_1_41' title='bbox 1213 824 1288 877; x_wconf 86' lang='lat' dir='ltr'><strong>sis</strong></span> <span class='ocrx_word' id='word_1_42' title='bbox 1307 864 1322 886; x_wconf 91' lang='lat'><strong>,</strong></span> <span class='ocrx_word' id='word_1_43' title='bbox 1355 839 1452 878; x_wconf 90' lang='lat' dir='ltr'><strong>nec</strong></span> <span class='ocrx_word' id='word_1_44' title='bbox 1481 827 1755 894; x_wconf 82' lang='lat' dir='ltr'><strong>Opereris;</strong></span> 
     </span>
    </p>
   </div>
   <div class='ocr_carea' id='block_1_7' title="bbox 194 910 1752 984">
    <p class='ocr_par' dir='ltr' id='par_1_7' title="bbox 194 910 1752 984">
     <span class='ocr_line' id='line_1_7' title="bbox 194 910 1752 984; baseline 0.004 -20"><span class='ocrx_word' id='word_1_45' title='bbox 194 911 287 965; x_wconf 89' lang='lat' dir='ltr'><strong>nisi</strong></span> <span class='ocrx_word' id='word_1_46' title='bbox 322 923 474 984; x_wconf 80' lang='lat' dir='ltr'><strong>putes</strong></span> <span class='ocrx_word' id='word_1_47' title='bbox 503 910 606 965; x_wconf 90' lang='lat' dir='ltr'><strong>hoc</strong></span> <span class='ocrx_word' id='word_1_48' title='bbox 631 925 765 980; x_wconf 90' lang='lat' dir='ltr'><strong>opus</strong></span> <span class='ocrx_word' id='word_1_49' title='bbox 795 912 898 967; x_wconf 92' lang='lat' dir='ltr'><strong>tuis</strong></span> <span class='ocrx_word' id='word_1_50' title='bbox 926 913 1173 969; x_wconf 90' lang='lat' dir='ltr'><strong>omnibus</strong></span> <span class='ocrx_word' id='word_1_51' title='bbox 1197 929 1317 969; x_wconf 90' lang='lat' dir='ltr'><strong>esse</strong></span> <span class='ocrx_word' id='word_1_52' title='bbox 1346 916 1752 984; x_wconf 72' lang='lat' dir='ltr'><strong>praeferendum.</strong></span> 
     </span>
    </p>
   </div>
   <div class='ocr_carea' id='block_1_8' title="bbox 190 979 1754 1072">
    <p class='ocr_par' dir='ltr' id='par_1_8' title="bbox 190 979 1754 1072">
     <span class='ocr_line' id='line_1_8' title="bbox 190 979 1754 1072; baseline 0.008 -22"><span class='ocrx_word' id='word_1_53' title='bbox 190 1001 313 1068; x_wconf 77' lang='lat' dir='ltr'><strong>Quid</strong></span> <span class='ocrx_word' id='word_1_54' title='bbox 349 979 452 1056; x_wconf 80' lang='lat' dir='ltr'><strong>hoc</strong></span> <span class='ocrx_word' id='word_1_55' title='bbox 478 1011 736 1071; x_wconf 89' lang='lat' dir='ltr'><strong>proventu</strong></span> <span class='ocrx_word' id='word_1_56' title='bbox 763 1003 952 1072; x_wconf 82' lang='lat' dir='ltr'><strong>majus,</strong></span> <span class='ocrx_word' id='word_1_57' title='bbox 979 1003 1180 1058; x_wconf 89' lang='lat' dir='ltr'><strong>animas</strong></span> <span class='ocrx_word' id='word_1_58' title='bbox 1208 1005 1256 1058; x_wconf 91' lang='lat' dir='ltr'><strong>in</strong></span> <span class='ocrx_word' id='word_1_59' title='bbox 1285 1021 1460 1060; x_wconf 90' lang='lat' dir='ltr'><strong>aream</strong></span> <span class='ocrx_word' id='word_1_60' title='bbox 1488 1007 1754 1062; x_wconf 73' lang='lat' dir='ltr'><strong>czelestem</strong></span> 
     </span>
    </p>
   </div>
   <div class='ocr_carea' id='block_1_9' title="bbox 188 1091 1755 1166">
    <p class='ocr_par' dir='ltr' id='par_1_9' title="bbox 188 1091 1755 1166">
     <span class='ocr_line' id='line_1_9' title="bbox 188 1091 1755 1166; baseline 0.004 -20"><span class='ocrx_word' id='word_1_61' title='bbox 188 1091 478 1147; x_wconf 84' lang='lat' dir='ltr'><strong>inducere?</strong></span> <span class='ocrx_word' id='word_1_62' title='bbox 508 1092 604 1146; x_wconf 88' lang='lat' dir='ltr'><strong>llei</strong></span> <span class='ocrx_word' id='word_1_63' title='bbox 633 1092 784 1158; x_wconf 89' lang='lat' dir='ltr'><strong>mihi,</strong></span> <span class='ocrx_word' id='word_1_64' title='bbox 815 1094 954 1161; x_wconf 92' lang='lat' dir='ltr'><strong>quod</strong></span> <span class='ocrx_word' id='word_1_65' title='bbox 986 1095 1234 1150; x_wconf 78' lang='lat' dir='ltr'><strong>nesciatis</strong></span> <span class='ocrx_word' id='word_1_66' title='bbox 1261 1109 1516 1166; x_wconf 89' lang='lat' dir='ltr'><strong>quantum</strong></span> <span class='ocrx_word' id='word_1_67' title='bbox 1545 1099 1613 1152; x_wconf 91' lang='lat' dir='ltr'><strong>sit</strong></span> <span class='ocrx_word' id='word_1_68' title='bbox 1640 1098 1755 1152; x_wconf 88' lang='lat' dir='ltr'><strong>ani-</strong></span> 
     </span>
    </p>
   </div>
   <div class='ocr_carea' id='block_1_10' title="bbox 189 1181 1752 1254">
    <p class='ocr_par' dir='ltr' id='par_1_10' title="bbox 189 1181 1752 1254">
     <span class='ocr_line' id='line_1_10' title="bbox 189 1181 1752 1254; baseline 0.005 -18"><span class='ocrx_word' id='word_1_69' title='bbox 189 1198 294 1236; x_wconf 88' lang='lat' dir='ltr'><strong>mas</strong></span> <span class='ocrx_word' id='word_1_70' title='bbox 324 1181 651 1237; x_wconf 81' lang='lat' dir='ltr'><strong>lucrificare!</strong></span> <span class='ocrx_word' id='word_1_71' title='bbox 685 1183 819 1237; x_wconf 85' lang='lat' dir='ltr'><strong>Audi</strong></span> <span class='ocrx_word' id='word_1_72' title='bbox 861 1184 987 1254; x_wconf 87' lang='lat' dir='ltr'><strong>quid</strong></span> <span class='ocrx_word' id='word_1_73' title='bbox 1028 1185 1186 1241; x_wconf 87' lang='lat' dir='ltr'><strong>Petro</strong></span> <span class='ocrx_word' id='word_1_74' title='bbox 1213 1187 1354 1242; x_wconf 80' lang='lat' dir='ltr'><strong>dicat</strong></span> <span class='ocrx_word' id='word_1_75' title='bbox 1380 1187 1620 1244; x_wconf 81' lang='lat' dir='ltr'><strong>Christus</strong></span> <span class='ocrx_word' id='word_1_76' title='bbox 1648 1206 1662 1242; x_wconf 88' lang='lat'><strong>:</strong></span> <span class='ocrx_word' id='word_1_77' title='bbox 1691 1189 1752 1244; x_wconf 95' lang='lat' dir='ltr'><strong>Si</strong></span> 
     </span>
    </p>
   </div>
   <div class='ocr_carea' id='block_1_11' title="bbox 183 1275 1751 1352">
    <p class='ocr_par' dir='ltr' id='par_1_11' title="bbox 183 1275 1751 1352">
     <span class='ocr_line' id='line_1_11' title="bbox 183 1275 1751 1352; baseline 0.006 -24"><span class='ocrx_word' id='word_1_78' title='bbox 183 1275 346 1344; x_wconf 77' lang='lat' dir='ltr'><strong>diligis</strong></span> <span class='ocrx_word' id='word_1_79' title='bbox 372 1291 454 1326; x_wconf 87' lang='lat' dir='ltr'><strong>me</strong></span> <span class='ocrx_word' id='word_1_80' title='bbox 473 1315 488 1338; x_wconf 95' lang='lat'><strong>,</strong></span> <span class='ocrx_word' id='word_1_81' title='bbox 521 1291 671 1342; x_wconf 82' lang='lat' dir='ltr'><strong>pasce</strong></span> <span class='ocrx_word' id='word_1_82' title='bbox 693 1291 804 1329; x_wconf 83' lang='lat' dir='ltr'><strong>oues</strong></span> <span class='ocrx_word' id='word_1_83' title='bbox 840 1293 974 1331; x_wconf 87' lang='lat' dir='ltr'><strong>meas</strong></span> <span class='ocrx_word' id='word_1_84' title='bbox 1002 1276 1193 1346; x_wconf 82' lang='lat' dir='ltr'><strong>(Joan.</strong></span> <span class='ocrx_word' id='word_1_85' title='bbox 1222 1279 1310 1335; x_wconf 71' lang='grc'><strong>21.</strong></span> <span class='ocrx_word' id='word_1_86' title='bbox 1343 1279 1465 1351; x_wconf 77' lang='grc'><strong>15).</strong></span> <span class='ocrx_word' id='word_1_87' title='bbox 1494 1282 1548 1336; x_wconf 91' lang='lat' dir='ltr'><strong>Si</strong></span> <span class='ocrx_word' id='word_1_88' title='bbox 1579 1282 1751 1352; x_wconf 86' lang='lat' dir='ltr'><strong>regias</strong></span> 
     </span>
    </p>
   </div>
   <div class='ocr_carea' id='block_1_12' title="bbox 179 1367 1748 1441">
    <p class='ocr_par' dir='ltr' id='par_1_12' title="bbox 179 1367 1748 1441">
     <span class='ocr_line' id='line_1_12' title="bbox 179 1367 1748 1441; baseline 0.003 -19"><span class='ocrx_word' id='word_1_89' title='bbox 179 1382 297 1422; x_wconf 88' lang='lat' dir='ltr'><strong>oves</strong></span> <span class='ocrx_word' id='word_1_90' title='bbox 332 1367 526 1421; x_wconf 89' lang='lat' dir='ltr'><strong>videns</strong></span> <span class='ocrx_word' id='word_1_91' title='bbox 550 1377 642 1421; x_wconf 92' lang='lat' dir='ltr'><strong>aut</strong></span> <span class='ocrx_word' id='word_1_92' title='bbox 669 1383 926 1437; x_wconf 90' lang='lat' dir='ltr'><strong>equorum</strong></span> <span class='ocrx_word' id='word_1_93' title='bbox 954 1380 1282 1436; x_wconf 89' lang='lat' dir='ltr'><strong>armentum,</strong></span> <span class='ocrx_word' id='word_1_94' title='bbox 1316 1371 1456 1441; x_wconf 88' lang='lat' dir='ltr'><strong>quod</strong></span> <span class='ocrx_word' id='word_1_95' title='bbox 1483 1373 1748 1428; x_wconf 85' lang='lat' dir='ltr'><strong>stabulum</strong></span> 
     </span>
    </p>
   </div>
   <div class='ocr_carea' id='block_1_13' title="bbox 177 1455 1749 1534">
    <p class='ocr_par' dir='ltr' id='par_1_13' title="bbox 177 1455 1749 1534">
     <span class='ocr_line' id='line_1_13' title="bbox 177 1455 1749 1534; baseline 0.005 -23"><span class='ocrx_word' id='word_1_96' title='bbox 177 1474 275 1511; x_wconf 85' lang='lat' dir='ltr'><strong>non</strong></span> <span class='ocrx_word' id='word_1_97' title='bbox 300 1455 580 1521; x_wconf 77' lang='lat' dir='ltr'><strong>haberent,</strong></span> <span class='ocrx_word' id='word_1_98' title='bbox 606 1458 808 1512; x_wconf 84' lang='lat' dir='ltr'><strong>insidiis</strong></span> <span class='ocrx_word' id='word_1_99' title='bbox 837 1468 1033 1526; x_wconf 80' lang='lat' dir='ltr'><strong>patere,</strong></span> <span class='ocrx_word' id='word_1_100' title='bbox 1057 1462 1327 1528; x_wconf 88' lang='lat' dir='ltr'><strong>acciperes</strong></span> <span class='ocrx_word' id='word_1_101' title='bbox 1350 1462 1480 1531; x_wconf 88' lang='lat' dir='ltr'><strong>ipse,</strong></span> <span class='ocrx_word' id='word_1_102' title='bbox 1504 1472 1556 1518; x_wconf 90' lang='lat' dir='ltr'><strong>et</strong></span> <span class='ocrx_word' id='word_1_103' title='bbox 1575 1464 1749 1534; x_wconf 84' lang='lat' dir='ltr'><strong>equile</strong></span> 
     </span>
    </p>
   </div>
   <div class='ocr_carea' id='block_1_14' title="bbox 175 1548 1748 1625">
    <p class='ocr_par' dir='ltr' id='par_1_14' title="bbox 175 1548 1748 1625">
     <span class='ocr_line' id='line_1_14' title="bbox 175 1548 1748 1625; baseline 0.004 -22"><span class='ocrx_word' id='word_1_104' title='bbox 175 1548 546 1616; x_wconf 88' lang='lat' dir='ltr'><strong>stabulumque</strong></span> <span class='ocrx_word' id='word_1_105' title='bbox 564 1559 891 1616; x_wconf 81' lang='lat' dir='ltr'><strong>exstrueres,</strong></span> <span class='ocrx_word' id='word_1_106' title='bbox 915 1565 977 1604; x_wconf 88' lang='lat' dir='ltr'><strong>ac</strong></span> <span class='ocrx_word' id='word_1_107' title='bbox 998 1563 1260 1620; x_wconf 83' lang='lat' dir='ltr'><strong>pastorem</strong></span> <span class='ocrx_word' id='word_1_108' title='bbox 1284 1557 1581 1622; x_wconf 72' lang='lat' dir='ltr'><strong>praeficeres</strong></span> <span class='ocrx_word' id='word_1_109' title='bbox 1604 1573 1616 1608; x_wconf 86' lang='lat'>:</span> <span class='ocrx_word' id='word_1_110' title='bbox 1642 1571 1748 1625; x_wconf 91' lang='lat' dir='ltr'><strong>quo</strong></span> 
     </span>
    </p>
   </div>
   <div class='ocr_carea' id='block_1_15' title="bbox 174 1639 1744 1717">
    <p class='ocr_par' dir='ltr' id='par_1_15' title="bbox 174 1639 1744 1717">
     <span class='ocr_line' id='line_1_15' title="bbox 174 1639 1744 1717; baseline 0.005 -23"><span class='ocrx_word' id='word_1_111' title='bbox 174 1651 221 1694; x_wconf 85' lang='lat' dir='ltr'><strong>te</strong></span> <span class='ocrx_word' id='word_1_112' title='bbox 257 1655 350 1694; x_wconf 83' lang='lat' dir='ltr'><strong>rex</strong></span> <span class='ocrx_word' id='word_1_113' title='bbox 399 1654 623 1694; x_wconf 87' lang='lat' dir='ltr'><strong>munere</strong></span> <span class='ocrx_word' id='word_1_114' title='bbox 661 1654 768 1694; x_wconf 89' lang='lat' dir='ltr'><strong>non</strong></span> <span class='ocrx_word' id='word_1_115' title='bbox 808 1639 1064 1696; x_wconf 85' lang='lat' dir='ltr'><strong>donaret?</strong></span> <span class='ocrx_word' id='word_1_116' title='bbox 1105 1643 1256 1700; x_wconf 86' lang='lat' dir='ltr'><strong>Nunc</strong></span> <span class='ocrx_word' id='word_1_117' title='bbox 1293 1643 1486 1700; x_wconf 83' lang='lat' dir='ltr'><strong>Christi</strong></span> <span class='ocrx_word' id='word_1_118' title='bbox 1530 1661 1744 1717; x_wconf 81' lang='lat' dir='ltr'><strong>gregem</strong></span> 
     </span>
    </p>
   </div>
   <div class='ocr_carea' id='block_1_16' title="bbox 171 1733 1742 1810">
    <p class='ocr_par' dir='ltr' id='par_1_16' title="bbox 171 1733 1742 1810">
     <span class='ocr_line' id='line_1_16' title="bbox 171 1733 1742 1810; baseline 0.005 -24"><span class='ocrx_word' id='word_1_119' title='bbox 171 1733 367 1802; x_wconf 78' lang='lat' dir='ltr'><strong>colligis</strong></span> <span class='ocrx_word' id='word_1_120' title='bbox 388 1774 406 1799; x_wconf 96' lang='lat'><strong>,</strong></span> <span class='ocrx_word' id='word_1_121' title='bbox 437 1743 490 1787; x_wconf 89' lang='lat' dir='ltr'><strong>et</strong></span> <span class='ocrx_word' id='word_1_122' title='bbox 517 1740 781 1802; x_wconf 88' lang='lat' dir='ltr'><strong>pastorem</strong></span> <span class='ocrx_word' id='word_1_123' title='bbox 812 1735 1038 1802; x_wconf 72' lang='lat' dir='ltr'><strong>prtelicis</strong></span> <span class='ocrx_word' id='word_1_124' title='bbox 1058 1777 1072 1800; x_wconf 97' lang='lat'><strong>,</strong></span> <span class='ocrx_word' id='word_1_125' title='bbox 1112 1753 1212 1792; x_wconf 89' lang='lat' dir='ltr'><strong>nec</strong></span> <span class='ocrx_word' id='word_1_126' title='bbox 1240 1747 1390 1806; x_wconf 85' lang='lat' dir='ltr'><strong>putas</strong></span> <span class='ocrx_word' id='word_1_127' title='bbox 1423 1748 1472 1794; x_wconf 90' lang='lat' dir='ltr'><strong>te</strong></span> <span class='ocrx_word' id='word_1_128' title='bbox 1498 1755 1742 1810; x_wconf 87' lang='lat' dir='ltr'><strong>magnum</strong></span> 
     </span>
    </p>
   </div>
   <div class='ocr_carea' id='block_1_17' title="bbox 167 1823 1745 1900">
    <p class='ocr_par' dir='ltr' id='par_1_17' title="bbox 167 1823 1745 1900">
     <span class='ocr_line' id='line_1_17' title="bbox 167 1823 1745 1900; baseline 0.005 -22"><span class='ocrx_word' id='word_1_129' title='bbox 167 1826 434 1896; x_wconf 83' lang='lat' dir='ltr'><strong>quidpiam</strong></span> <span class='ocrx_word' id='word_1_130' title='bbox 466 1823 682 1878; x_wconf 88' lang='lat' dir='ltr'><strong>facere?</strong></span> <span class='ocrx_word' id='word_1_131' title='bbox 712 1824 846 1890; x_wconf 85' lang='lat' dir='ltr'><strong>Quid</strong></span> <span class='ocrx_word' id='word_1_132' title='bbox 888 1826 1048 1881; x_wconf 89' lang='lat' dir='ltr'><strong>dico?</strong></span> <span class='ocrx_word' id='word_1_133' title='bbox 1088 1827 1142 1883; x_wconf 90' lang='lat' dir='ltr'><strong>Si</strong></span> <span class='ocrx_word' id='word_1_134' title='bbox 1179 1831 1227 1883; x_wconf 89' lang='lat' dir='ltr'><strong>ei</strong></span> <span class='ocrx_word' id='word_1_135' title='bbox 1250 1870 1264 1894; x_wconf 94' lang='lat'><strong>,</strong></span> <span class='ocrx_word' id='word_1_136' title='bbox 1295 1829 1384 1900; x_wconf 90' lang='lat' dir='ltr'><strong>qtti</strong></span> <span class='ocrx_word' id='word_1_137' title='bbox 1421 1830 1745 1886; x_wconf 79' lang='lat' dir='ltr'><strong>scandalizat</strong></span> 
     </span>
    </p>
   </div>
   <div class='ocr_carea' id='block_1_18' title="bbox 1151 333 2450 400">
    <p class='ocr_par' dir='ltr' id='par_1_18' title="bbox 1151 333 2450 400">
     <span class='ocr_line' id='line_1_18' title="bbox 1151 333 2450 400; baseline 0.005 -9"><span class='ocrx_word' id='word_1_138' title='bbox 1151 333 1216 391; x_wconf 82' lang='lat' dir='ltr'><strong>IN</strong></span> <span class='ocrx_word' id='word_1_139' title='bbox 1253 335 1430 392; x_wconf 71' lang='lat' dir='ltr'><strong>ACTA</strong></span> <span class='ocrx_word' id='word_1_140' title='bbox 1469 338 1990 396; x_wconf 76' lang='lat' dir='ltr'><strong>APOSTOLORUM.</strong></span> <span class='ocrx_word' id='word_1_141' title='bbox 2025 339 2265 398; x_wconf 70' lang='lat' dir='ltr'><strong>nonin.</strong></span> <span class='ocrx_word' id='word_1_142' title='bbox 2307 341 2450 400; x_wconf 78' lang='lat' dir='ltr'><strong>XIX.</strong></span> 
     </span>
    </p>
   </div>
   <div class='ocr_carea' id='block_1_19' title="bbox 3340 359 3443 418">
    <p class='ocr_par' dir='ltr' id='par_1_19' title="bbox 3340 359 3443 418">
     <span class='ocr_line' id='line_1_19' title="bbox 3340 359 3443 418; baseline 0.019 -2"><span class='ocrx_word' id='word_1_143' title='bbox 3340 359 3443 418; x_wconf 70' lang='grc'><strong>150</strong></span> 
     </span>
    </p>
   </div>
   <div class='ocr_carea' id='block_1_20' title="bbox 1871 455 3444 542">
    <p class='ocr_par' dir='ltr' id='par_1_20' title="bbox 1871 455 3444 542">
     <span class='ocr_line' id='line_1_20' title="bbox 1871 455 3444 542; baseline 0.012 -31"><span class='ocrx_word' id='word_1_144' title='bbox 1871 455 2031 511; x_wconf 89' lang='lat' dir='ltr'><strong>etiam</strong></span> <span class='ocrx_word' id='word_1_145' title='bbox 2058 472 2240 522; x_wconf 91' lang='lat' dir='ltr'><strong>unum,</strong></span> <span class='ocrx_word' id='word_1_146' title='bbox 2270 468 2470 514; x_wconf 90' lang='lat' dir='ltr'><strong>tantum</strong></span> <span class='ocrx_word' id='word_1_147' title='bbox 2493 461 2808 532; x_wconf 89' lang='lat' dir='ltr'><strong>supplicium</strong></span> <span class='ocrx_word' id='word_1_148' title='bbox 2831 466 3182 524; x_wconf 83' lang='lat' dir='ltr'><strong>comminatur</strong></span> <span class='ocrx_word' id='word_1_149' title='bbox 3209 486 3224 522; x_wconf 75' lang='grc' dir='ltr'><strong>ε</strong></span> <span class='ocrx_word' id='word_1_150' title='bbox 3248 475 3337 542; x_wconf 91' lang='lat' dir='ltr'><strong>qui</strong></span> <span class='ocrx_word' id='word_1_151' title='bbox 3367 485 3444 530; x_wconf 89' lang='lat' dir='ltr'><strong>tot</strong></span> 
     </span>
    </p>
   </div>
   <div class='ocr_carea' id='block_1_21' title="bbox 1870 548 3439 626">
    <p class='ocr_par' dir='ltr' id='par_1_21' title="bbox 1870 548 3439 626">
     <span class='ocr_line' id='line_1_21' title="bbox 1870 548 3439 626; baseline 0.011 -24"><span class='ocrx_word' id='word_1_152' title='bbox 1870 556 2046 602; x_wconf 80' lang='lat' dir='ltr'><strong>servat</strong></span> <span class='ocrx_word' id='word_1_153' title='bbox 2076 548 2338 616; x_wconf 87' lang='lat' dir='ltr'><strong>homines,</strong></span> <span class='ocrx_word' id='word_1_154' title='bbox 2365 566 2539 606; x_wconf 90' lang='lat' dir='ltr'><strong>annon</strong></span> <span class='ocrx_word' id='word_1_155' title='bbox 2569 554 2793 608; x_wconf 84' lang='lat' dir='ltr'><strong>salutem</strong></span> <span class='ocrx_word' id='word_1_156' title='bbox 2820 561 3213 626; x_wconf 87' lang='lat' dir='ltr'><strong>consequetur?</strong></span> <span class='ocrx_word' id='word_1_157' title='bbox 3240 563 3439 620; x_wconf 78' lang='lat' dir='ltr'><strong>Conse-</strong></span> 
     </span>
    </p>
   </div>
   <div class='ocr_carea' id='block_1_22' title="bbox 1865 643 3435 718">
    <p class='ocr_par' dir='ltr' id='par_1_22' title="bbox 1865 643 3435 718">
     <span class='ocr_line' id='line_1_22' title="bbox 1865 643 3435 718; baseline 0.011 -25"><span class='ocrx_word' id='word_1_158' title='bbox 1865 649 2057 708; x_wconf 86' lang='lat' dir='ltr'><strong>quetur</strong></span> <span class='ocrx_word' id='word_1_159' title='bbox 2079 650 2242 696; x_wconf 88' lang='lat' dir='ltr'><strong>certe.</strong></span> <span class='ocrx_word' id='word_1_160' title='bbox 2270 643 2544 711; x_wconf 86' lang='lat' dir='ltr'><strong>Quodnam</strong></span> <span class='ocrx_word' id='word_1_161' title='bbox 2574 647 2714 702; x_wconf 89' lang='lat' dir='ltr'><strong>enim</strong></span> <span class='ocrx_word' id='word_1_162' title='bbox 2749 659 2926 716; x_wconf 74' lang='lat' dir='ltr'><strong>poswa</strong></span> <span class='ocrx_word' id='word_1_163' title='bbox 2970 660 3239 718; x_wconf 88' lang='lat' dir='ltr'><strong>peccatum</strong></span> <span class='ocrx_word' id='word_1_164' title='bbox 3271 654 3435 710; x_wconf 76' lang='lat' dir='ltr'><strong>liabe-</strong></span> 
     </span>
    </p>
   </div>
   <div class='ocr_carea' id='block_1_23' title="bbox 1863 727 3435 814">
    <p class='ocr_par' dir='ltr' id='par_1_23' title="bbox 1863 727 3435 814">
     <span class='ocr_line' id='line_1_23' title="bbox 1863 727 3435 814; baseline 0.011 -32"><span class='ocrx_word' id='word_1_165' title='bbox 1863 727 1978 795; x_wconf 88' lang='lat' dir='ltr'><strong>bit;</strong></span> <span class='ocrx_word' id='word_1_166' title='bbox 2006 731 2088 784; x_wconf 89' lang='lat' dir='ltr'><strong>vel</strong></span> <span class='ocrx_word' id='word_1_167' title='bbox 2117 730 2160 784; x_wconf 92' lang='lat' dir='ltr'><strong>si</strong></span> <span class='ocrx_word' id='word_1_168' title='bbox 2193 731 2382 786; x_wconf 89' lang='lat' dir='ltr'><strong>habeat</strong></span> <span class='ocrx_word' id='word_1_169' title='bbox 2405 775 2419 799; x_wconf 90' lang='lat'><strong>,</strong></span> <span class='ocrx_word' id='word_1_170' title='bbox 2450 748 2624 790; x_wconf 89' lang='lat' dir='ltr'><strong>annon</strong></span> <span class='ocrx_word' id='word_1_171' title='bbox 2655 735 2854 791; x_wconf 88' lang='lat' dir='ltr'><strong>delebit</strong></span> <span class='ocrx_word' id='word_1_172' title='bbox 2889 739 3053 793; x_wconf 89' lang='lat' dir='ltr'><strong>illud?</strong></span> <span class='ocrx_word' id='word_1_173' title='bbox 3093 745 3134 794; x_wconf 87' lang='lat' dir='ltr'><strong>A</strong></span> <span class='ocrx_word' id='word_1_174' title='bbox 3176 745 3435 814; x_wconf 88' lang='lat' dir='ltr'><strong>supplicio</strong></span> 
     </span>
    </p>
   </div>
   <div class='ocr_carea' id='block_1_24' title="bbox 1863 821 3435 896">
    <p class='ocr_par' dir='ltr' id='par_1_24' title="bbox 1863 821 3435 896">
     <span class='ocr_line' id='line_1_24' title="bbox 1863 821 3435 896; baseline 0.011 -21"><span class='ocrx_word' id='word_1_175' title='bbox 1863 821 2270 879; x_wconf 85' lang='lat' dir='ltr'><strong>scandalizantis</strong></span> <span class='ocrx_word' id='word_1_176' title='bbox 2295 825 2442 880; x_wconf 86' lang='lat' dir='ltr'><strong>disce</strong></span> <span class='ocrx_word' id='word_1_177' title='bbox 2467 829 2739 896; x_wconf 64' lang='lat' dir='ltr'><strong>praemium</strong></span> <span class='ocrx_word' id='word_1_178' title='bbox 2767 832 3046 888; x_wconf 83' lang='lat' dir='ltr'><strong>servantis.</strong></span> <span class='ocrx_word' id='word_1_179' title='bbox 3073 833 3128 889; x_wconf 91' lang='lat' dir='ltr'><strong>Si</strong></span> <span class='ocrx_word' id='word_1_180' title='bbox 3159 851 3261 889; x_wconf 89' lang='lat' dir='ltr'><strong>non</strong></span> <span class='ocrx_word' id='word_1_181' title='bbox 3293 851 3435 892; x_wconf 68' lang='lat' dir='ltr'><strong>cura:</strong></span> 
     </span>
    </p>
   </div>
   <div class='ocr_carea' id='block_1_25' title="bbox 1861 915 3432 990">
    <p class='ocr_par' dir='ltr' id='par_1_25' title="bbox 1861 915 3432 990">
     <span class='ocr_line' id='line_1_25' title="bbox 1861 915 3432 990; baseline 0.01 -22"><span class='ocrx_word' id='word_1_182' title='bbox 1861 922 2002 969; x_wconf 88' lang='lat' dir='ltr'><strong>esset</strong></span> <span class='ocrx_word' id='word_1_183' title='bbox 2033 915 2142 970; x_wconf 91' lang='lat' dir='ltr'><strong>Deo</strong></span> <span class='ocrx_word' id='word_1_184' title='bbox 2169 917 2253 972; x_wconf 89' lang='lat' dir='ltr'><strong>vel</strong></span> <span class='ocrx_word' id='word_1_185' title='bbox 2282 917 2435 971; x_wconf 88' lang='lat' dir='ltr'><strong>unius</strong></span> <span class='ocrx_word' id='word_1_186' title='bbox 2464 920 2654 974; x_wconf 75' lang='lat' dir='ltr'><strong>anima:</strong></span> <span class='ocrx_word' id='word_1_187' title='bbox 2683 923 2826 977; x_wconf 89' lang='lat' dir='ltr'><strong>salus</strong></span> <span class='ocrx_word' id='word_1_188' title='bbox 2848 965 2864 990; x_wconf 93' lang='lat'><strong>,</strong></span> <span class='ocrx_word' id='word_1_189' title='bbox 2893 939 3000 978; x_wconf 89' lang='lat' dir='ltr'><strong>non</strong></span> <span class='ocrx_word' id='word_1_190' title='bbox 3036 934 3139 979; x_wconf 91' lang='lat' dir='ltr'><strong>tam</strong></span> <span class='ocrx_word' id='word_1_191' title='bbox 3171 927 3432 984; x_wconf 87' lang='lat' dir='ltr'><strong>irascere-</strong></span> 
     </span>
    </p>
   </div>
   <div class='ocr_carea' id='block_1_26' title="bbox 1859 1003 3431 1084">
    <p class='ocr_par' dir='ltr' id='par_1_26' title="bbox 1859 1003 3431 1084">
     <span class='ocr_line' id='line_1_26' title="bbox 1859 1003 3431 1084; baseline 0.013 -28"><span class='ocrx_word' id='word_1_192' title='bbox 1859 1013 1946 1058; x_wconf 89' lang='lat' dir='ltr'><strong>tur</strong></span> <span class='ocrx_word' id='word_1_193' title='bbox 1970 1003 2037 1058; x_wconf 92' lang='lat' dir='ltr'><strong>de</strong></span> <span class='ocrx_word' id='word_1_194' title='bbox 2066 1005 2202 1060; x_wconf 90' lang='lat' dir='ltr'><strong>illius</strong></span> <span class='ocrx_word' id='word_1_195' title='bbox 2229 1005 2478 1074; x_wconf 89' lang='lat' dir='ltr'><strong>pernicie.</strong></span> <span class='ocrx_word' id='word_1_196' title='bbox 2507 1009 2630 1064; x_wconf 65' lang='lat' dir='ltr'><strong>Haec</strong></span> <span class='ocrx_word' id='word_1_197' title='bbox 2658 1010 2836 1082; x_wconf 89' lang='lat' dir='ltr'><strong>itaque</strong></span> <span class='ocrx_word' id='word_1_198' title='bbox 2863 1028 2986 1069; x_wconf 92' lang='lat' dir='ltr'><strong>cum</strong></span> <span class='ocrx_word' id='word_1_199' title='bbox 3013 1016 3240 1072; x_wconf 89' lang='lat' dir='ltr'><strong>sciamus</strong></span> <span class='ocrx_word' id='word_1_200' title='bbox 3261 1059 3276 1084; x_wconf 95' lang='lat'><strong>,</strong></span> <span class='ocrx_word' id='word_1_201' title='bbox 3307 1018 3431 1076; x_wconf 88' lang='lat' dir='ltr'><strong>huic</strong></span> 
     </span>
    </p>
   </div>
   <div class='ocr_carea' id='block_1_27' title="bbox 1857 1097 3428 1177">
    <p class='ocr_par' dir='ltr' id='par_1_27' title="bbox 1857 1097 3428 1177">
     <span class='ocr_line' id='line_1_27' title="bbox 1857 1097 3428 1177; baseline 0.012 -27"><span class='ocrx_word' id='word_1_202' title='bbox 1857 1097 2112 1165; x_wconf 85' lang='lat' dir='ltr'><strong>spirituali</strong></span> <span class='ocrx_word' id='word_1_203' title='bbox 2141 1099 2288 1168; x_wconf 90' lang='lat' dir='ltr'><strong>operi</strong></span> <span class='ocrx_word' id='word_1_204' title='bbox 2318 1099 2633 1170; x_wconf 77' lang='lat' dir='ltr'><strong>htereamus,</strong></span> <span class='ocrx_word' id='word_1_205' title='bbox 2666 1119 2751 1159; x_wconf 91' lang='lat' dir='ltr'><strong>me</strong></span> <span class='ocrx_word' id='word_1_206' title='bbox 2782 1107 3141 1177; x_wconf 84' lang='lat' dir='ltr'><strong>unusquisque</strong></span> <span class='ocrx_word' id='word_1_207' title='bbox 3171 1122 3342 1176; x_wconf 87' lang='lat' dir='ltr'><strong>vocet,</strong></span> <span class='ocrx_word' id='word_1_208' title='bbox 3375 1124 3428 1168; x_wconf 92' lang='lat' dir='ltr'><strong>et</strong></span> 
     </span>
    </p>
   </div>
   <div class='ocr_carea' id='block_1_28' title="bbox 1855 1189 3422 1272">
    <p class='ocr_par' dir='ltr' id='par_1_28' title="bbox 1855 1189 3422 1272">
     <span class='ocr_line' id='line_1_28' title="bbox 1855 1189 3422 1272; baseline 0.008 -29"><span class='ocrx_word' id='word_1_209' title='bbox 1855 1203 1957 1244; x_wconf 89' lang='lat' dir='ltr'><strong>nos</strong></span> <span class='ocrx_word' id='word_1_210' title='bbox 1985 1189 2142 1245; x_wconf 89' lang='lat' dir='ltr'><strong>simul</strong></span> <span class='ocrx_word' id='word_1_211' title='bbox 2167 1205 2383 1261; x_wconf 86' lang='lat' dir='ltr'><strong>Operam</strong></span> <span class='ocrx_word' id='word_1_212' title='bbox 2419 1193 2660 1249; x_wconf 87' lang='lat' dir='ltr'><strong>dabimus</strong></span> <span class='ocrx_word' id='word_1_213' title='bbox 2707 1211 2801 1264; x_wconf 88' lang='lat' dir='ltr'><strong>pro</strong></span> <span class='ocrx_word' id='word_1_214' title='bbox 2844 1198 3003 1253; x_wconf 79' lang='lat' dir='ltr'><strong>virili.</strong></span> <span class='ocrx_word' id='word_1_215' title='bbox 3043 1200 3109 1254; x_wconf 86' lang='lat' dir='ltr'><strong>Et</strong></span> <span class='ocrx_word' id='word_1_216' title='bbox 3137 1203 3181 1256; x_wconf 90' lang='lat' dir='ltr'><strong>si</strong></span> <span class='ocrx_word' id='word_1_217' title='bbox 3211 1203 3422 1272; x_wconf 86' lang='lat' dir='ltr'><strong>quidem</strong></span> 
     </span>
    </p>
   </div>
   <div class='ocr_carea' id='block_1_29' title="bbox 1855 1280 3424 1362">
    <p class='ocr_par' dir='ltr' id='par_1_29' title="bbox 1855 1280 3424 1362">
     <span class='ocr_line' id='line_1_29' title="bbox 1855 1280 3424 1362; baseline 0.01 -28"><span class='ocrx_word' id='word_1_218' title='bbox 1855 1288 1965 1336; x_wconf 89' lang='lat' dir='ltr'><strong>tres</strong></span> <span class='ocrx_word' id='word_1_219' title='bbox 2005 1280 2198 1336; x_wconf 83' lang='lat' dir='ltr'><strong>fuerint</strong></span> <span class='ocrx_word' id='word_1_220' title='bbox 2241 1297 2573 1352; x_wconf 89' lang='lat' dir='ltr'><strong>possessores</strong></span> <span class='ocrx_word' id='word_1_221' title='bbox 2593 1327 2608 1349; x_wconf 95' lang='lat'><strong>,</strong></span> <span class='ocrx_word' id='word_1_222' title='bbox 2637 1285 2692 1340; x_wconf 91' lang='lat' dir='ltr'><strong>in</strong></span> <span class='ocrx_word' id='word_1_223' title='bbox 2725 1302 3005 1345; x_wconf 90' lang='lat' dir='ltr'><strong>commune</strong></span> <span class='ocrx_word' id='word_1_224' title='bbox 3035 1292 3346 1362; x_wconf 82' lang='lat' dir='ltr'><strong>conferant;</strong></span> <span class='ocrx_word' id='word_1_225' title='bbox 3379 1295 3424 1350; x_wconf 90' lang='lat' dir='ltr'><strong>si</strong></span> 
     </span>
    </p>
   </div>
   <div class='ocr_carea' id='block_1_30' title="bbox 1852 1373 3424 1444">
    <p class='ocr_par' dir='ltr' id='par_1_30' title="bbox 1852 1373 3424 1444">
     <span class='ocr_line' id='line_1_30' title="bbox 1852 1373 3424 1444; baseline 0.008 -18"><span class='ocrx_word' id='word_1_226' title='bbox 1852 1387 1987 1426; x_wconf 86' lang='lat' dir='ltr'><strong>unus</strong></span> <span class='ocrx_word' id='word_1_227' title='bbox 2011 1413 2025 1436; x_wconf 93' lang='lat'><strong>,</strong></span> <span class='ocrx_word' id='word_1_228' title='bbox 2054 1373 2172 1427; x_wconf 91' lang='lat' dir='ltr'><strong>aliis</strong></span> <span class='ocrx_word' id='word_1_229' title='bbox 2208 1389 2416 1444; x_wconf 91' lang='lat' dir='ltr'><strong>quoque</strong></span> <span class='ocrx_word' id='word_1_230' title='bbox 2451 1375 2638 1431; x_wconf 81' lang='lat' dir='ltr'><strong>vicinis</strong></span> <span class='ocrx_word' id='word_1_231' title='bbox 2678 1377 2730 1432; x_wconf 91' lang='lat' dir='ltr'><strong>id</strong></span> <span class='ocrx_word' id='word_1_232' title='bbox 2774 1380 3034 1435; x_wconf 89' lang='lat' dir='ltr'><strong>suadebit.</strong></span> <span class='ocrx_word' id='word_1_233' title='bbox 3067 1382 3293 1439; x_wconf 90' lang='lat' dir='ltr'><strong>Tantum</strong></span> <span class='ocrx_word' id='word_1_234' title='bbox 3324 1385 3424 1440; x_wconf 86' lang='lat' dir='ltr'><strong>hoc</strong></span> 
     </span>
    </p>
   </div>
   <div class='ocr_carea' id='block_1_31' title="bbox 1851 1463 3425 1544">
    <p class='ocr_par' dir='ltr' id='par_1_31' title="bbox 1851 1463 3425 1544">
     <span class='ocr_line' id='line_1_31' title="bbox 1851 1463 3425 1544; baseline 0.009 -26"><span class='ocrx_word' id='word_1_235' title='bbox 1851 1463 2106 1532; x_wconf 84' lang='lat' dir='ltr'><strong>perlicere</strong></span> <span class='ocrx_word' id='word_1_236' title='bbox 2140 1465 2394 1521; x_wconf 88' lang='lat' dir='ltr'><strong>studeatis</strong></span> <span class='ocrx_word' id='word_1_237' title='bbox 2417 1506 2432 1532; x_wconf 93' lang='lat'><strong>,</strong></span> <span class='ocrx_word' id='word_1_238' title='bbox 2463 1469 2686 1523; x_wconf 90' lang='lat' dir='ltr'><strong>obsecro</strong></span> <span class='ocrx_word' id='word_1_239' title='bbox 2709 1510 2726 1537; x_wconf 94' lang='lat'><strong>,</strong></span> <span class='ocrx_word' id='word_1_240' title='bbox 2759 1479 2815 1524; x_wconf 92' lang='lat' dir='ltr'><strong>nt</strong></span> <span class='ocrx_word' id='word_1_241' title='bbox 2851 1473 2993 1526; x_wconf 90' lang='lat' dir='ltr'><strong>omni</strong></span> <span class='ocrx_word' id='word_1_242' title='bbox 3029 1487 3093 1527; x_wconf 78' lang='lat' dir='ltr'><strong>ex</strong></span> <span class='ocrx_word' id='word_1_243' title='bbox 3133 1487 3279 1544; x_wconf 80' lang='lat' dir='ltr'><strong>parte</strong></span> <span class='ocrx_word' id='word_1_244' title='bbox 3316 1477 3425 1532; x_wconf 81' lang='lat' dir='ltr'><strong>Deo</strong></span> 
     </span>
    </p>
   </div>
   <div class='ocr_carea' id='block_1_32' title="bbox 1851 1554 3424 1631">
    <p class='ocr_par' dir='ltr' id='par_1_32' title="bbox 1851 1554 3424 1631">
     <span class='ocr_line' id='line_1_32' title="bbox 1851 1554 3424 1631; baseline 0.007 -23"><span class='ocrx_word' id='word_1_245' title='bbox 1851 1554 2137 1623; x_wconf 87' lang='lat' dir='ltr'><strong>placentes,</strong></span> <span class='ocrx_word' id='word_1_246' title='bbox 2166 1564 2362 1610; x_wconf 64' lang='lat' dir='ltr'><strong>aeterna</strong></span> <span class='ocrx_word' id='word_1_247' title='bbox 2392 1572 2780 1628; x_wconf 88' lang='lat' dir='ltr'><strong>consequamur</strong></span> <span class='ocrx_word' id='word_1_248' title='bbox 2809 1561 2970 1629; x_wconf 86' lang='lat' dir='ltr'><strong>bona,</strong></span> <span class='ocrx_word' id='word_1_249' title='bbox 2997 1563 3162 1631; x_wconf 85' lang='lat' dir='ltr'><strong>gratia</strong></span> <span class='ocrx_word' id='word_1_250' title='bbox 3193 1573 3246 1618; x_wconf 86' lang='lat' dir='ltr'><strong>et</strong></span> <span class='ocrx_word' id='word_1_251' title='bbox 3275 1565 3424 1619; x_wconf 87' lang='lat' dir='ltr'><strong>beni-</strong></span> 
     </span>
    </p>
   </div>
   <div class='ocr_carea' id='block_1_33' title="bbox 1847 1648 3424 1721">
    <p class='ocr_par' dir='ltr' id='par_1_33' title="bbox 1847 1648 3424 1721">
     <span class='ocr_line' id='line_1_33' title="bbox 1847 1648 3424 1721; baseline 0.007 -21"><span class='ocrx_word' id='word_1_252' title='bbox 1847 1648 2045 1716; x_wconf 87' lang='lat' dir='ltr'><strong>gnitate</strong></span> <span class='ocrx_word' id='word_1_253' title='bbox 2074 1648 2278 1703; x_wconf 91' lang='lat' dir='ltr'><strong>Domini</strong></span> <span class='ocrx_word' id='word_1_254' title='bbox 2306 1651 2472 1703; x_wconf 87' lang='lat' dir='ltr'><strong>nostri</strong></span> <span class='ocrx_word' id='word_1_255' title='bbox 2496 1649 2620 1704; x_wconf 87' lang='lat' dir='ltr'><strong>Jesu</strong></span> <span class='ocrx_word' id='word_1_256' title='bbox 2645 1648 2862 1720; x_wconf 85' lang='lat' dir='ltr'><strong>Christi,</strong></span> <span class='ocrx_word' id='word_1_257' title='bbox 2890 1655 3101 1721; x_wconf 91' lang='lat' dir='ltr'><strong>quicum</strong></span> <span class='ocrx_word' id='word_1_258' title='bbox 3129 1655 3269 1709; x_wconf 85' lang='lat' dir='ltr'><strong>Patri</strong></span> <span class='ocrx_word' id='word_1_259' title='bbox 3295 1672 3424 1710; x_wconf 89' lang='lat' dir='ltr'><strong>una-</strong></span> 
     </span>
    </p>
   </div>
   <div class='ocr_carea' id='block_1_34' title="bbox 1846 1738 3422 1815">
    <p class='ocr_par' dir='ltr' id='par_1_34' title="bbox 1846 1738 3422 1815">
     <span class='ocr_line' id='line_1_34' title="bbox 1846 1738 3422 1815; baseline 0.006 -21"><span class='ocrx_word' id='word_1_260' title='bbox 1846 1753 1952 1810; x_wconf 88' lang='lat' dir='ltr'><strong>que</strong></span> <span class='ocrx_word' id='word_1_261' title='bbox 1978 1738 2193 1808; x_wconf 88' lang='lat' dir='ltr'><strong>Spiritui</strong></span> <span class='ocrx_word' id='word_1_262' title='bbox 2221 1751 2404 1796; x_wconf 88' lang='lat' dir='ltr'><strong>sancto</strong></span> <span class='ocrx_word' id='word_1_263' title='bbox 2429 1741 2620 1812; x_wconf 83' lang='lat' dir='ltr'><strong>gloria,</strong></span> <span class='ocrx_word' id='word_1_264' title='bbox 2649 1743 2950 1813; x_wconf 90' lang='lat' dir='ltr'><strong>imperium,</strong></span> <span class='ocrx_word' id='word_1_265' title='bbox 2981 1745 3169 1815; x_wconf 90' lang='lat' dir='ltr'><strong>honor,</strong></span> <span class='ocrx_word' id='word_1_266' title='bbox 3204 1764 3342 1803; x_wconf 91' lang='lat' dir='ltr'><strong>nunc</strong></span> <span class='ocrx_word' id='word_1_267' title='bbox 3367 1759 3422 1805; x_wconf 87' lang='lat' dir='ltr'><strong>et</strong></span> 
     </span>
    </p>
   </div>
   <div class='ocr_carea' id='block_1_35' title="bbox 1845 1833 3039 1903">
    <p class='ocr_par' dir='ltr' id='par_1_35' title="bbox 1845 1833 3039 1903">
     <span class='ocr_line' id='line_1_35' title="bbox 1845 1833 3039 1903; baseline 0.005 -17"><span class='ocrx_word' id='word_1_268' title='bbox 1845 1845 2078 1903; x_wconf 87' lang='lat' dir='ltr'><strong>semper,</strong></span> <span class='ocrx_word' id='word_1_269' title='bbox 2104 1840 2158 1888; x_wconf 90' lang='lat' dir='ltr'><strong>et</strong></span> <span class='ocrx_word' id='word_1_270' title='bbox 2187 1833 2239 1887; x_wconf 92' lang='lat' dir='ltr'><strong>in</strong></span> <span class='ocrx_word' id='word_1_271' title='bbox 2267 1834 2460 1889; x_wconf 73' lang='lat' dir='ltr'><strong>szecnla</strong></span> <span class='ocrx_word' id='word_1_272' title='bbox 2487 1835 2821 1890; x_wconf 71' lang='lat' dir='ltr'><strong>smculorum.</strong></span> <span class='ocrx_word' id='word_1_273' title='bbox 2853 1839 3039 1892; x_wconf 85' lang='lat' dir='ltr'><strong>Amen.</strong></span> 
     </span>
    </p>
   </div>
   <div class='ocr_carea' id='block_1_36' title="bbox 1500 2038 2053 2101">
    <p class='ocr_par' dir='ltr' id='par_1_36' title="bbox 1500 2038 2053 2101">
     <span class='ocr_line' id='line_1_36' title="bbox 1500 2038 2053 2101; baseline 0 -1"><span class='ocrx_word' id='word_1_274' title='bbox 1500 2038 1837 2101; x_wconf 85' lang='lat' dir='ltr'><strong>HOMlLIA</strong></span> <span class='ocrx_word' id='word_1_275' title='bbox 1878 2040 2053 2100; x_wconf 87' lang='lat' dir='ltr'><strong>XIX.</strong></span> 
     </span>
    </p>
   </div>
   <div class='ocr_carea' id='block_1_37' title="bbox 160 2185 1732 2257">
    <p class='ocr_par' dir='ltr' id='par_1_37' title="bbox 160 2185 1732 2257">
     <span class='ocr_line' id='line_1_37' title="bbox 160 2185 1732 2257; baseline 0.001 -18"><span class='ocrx_word' id='word_1_276' title='bbox 160 2185 277 2242; x_wconf 68' lang='lat' dir='ltr'><strong>Car.</strong></span> <span class='ocrx_word' id='word_1_277' title='bbox 324 2187 382 2241; x_wconf 80' lang='lat'><strong>8.</strong></span> <span class='ocrx_word' id='word_1_278' title='bbox 437 2202 494 2242; x_wconf 74' lang='grc' dir='ltr'><strong>ν.</strong></span> <span class='ocrx_word' id='word_1_279' title='bbox 539 2186 628 2242; x_wconf 71' lang='lat'><strong>26.</strong></span> <span class='ocrx_word' id='word_1_280' title='bbox 687 2188 904 2256; x_wconf 82' lang='lat' dir='ltr'><strong>Angelus</strong></span> <span class='ocrx_word' id='word_1_281' title='bbox 955 2197 1121 2241; x_wconf 88' lang='lat' dir='ltr'><strong>autem</strong></span> <span class='ocrx_word' id='word_1_282' title='bbox 1167 2186 1365 2240; x_wconf 83' lang='lat' dir='ltr'><strong>Domini</strong></span> <span class='ocrx_word' id='word_1_283' title='bbox 1395 2187 1629 2257; x_wconf 74' lang='lat' dir='ltr'><strong>loquutus</strong></span> <span class='ocrx_word' id='word_1_284' title='bbox 1657 2197 1732 2240; x_wconf 88' lang='lat' dir='ltr'><strong>est</strong></span> 
     </span>
    </p>
   </div>
   <div class='ocr_carea' id='block_1_38' title="bbox 221 2276 1725 2349">
    <p class='ocr_par' dir='ltr' id='par_1_38' title="bbox 221 2276 1725 2349">
     <span class='ocr_line' id='line_1_38' title="bbox 221 2276 1725 2349; baseline 0.002 -20"><span class='ocrx_word' id='word_1_285' title='bbox 221 2279 288 2329; x_wconf 86' lang='lat' dir='ltr'><strong>ad</strong></span> <span class='ocrx_word' id='word_1_286' title='bbox 319 2276 645 2347; x_wconf 78' lang='lat' dir='ltr'><strong>Philippum,</strong></span> <span class='ocrx_word' id='word_1_287' title='bbox 678 2279 846 2333; x_wconf 86' lang='lat' dir='ltr'><strong>dicens</strong></span> <span class='ocrx_word' id='word_1_288' title='bbox 876 2295 894 2334; x_wconf 91' lang='lat'><strong><em>:</em></strong></span> <span class='ocrx_word' id='word_1_289' title='bbox 921 2279 1086 2349; x_wconf 82' lang='lat' dir='ltr'><strong>Surge</strong></span> <span class='ocrx_word' id='word_1_290' title='bbox 1125 2289 1170 2333; x_wconf 90' lang='lat' dir='ltr'><strong>et</strong></span> <span class='ocrx_word' id='word_1_291' title='bbox 1214 2279 1337 2333; x_wconf 85' lang='lat' dir='ltr'><strong>vade</strong></span> <span class='ocrx_word' id='word_1_292' title='bbox 1377 2288 1550 2332; x_wconf 88' lang='lat' dir='ltr'><strong>contra</strong></span> <span class='ocrx_word' id='word_1_293' title='bbox 1576 2281 1725 2332; x_wconf 82' lang='lat' dir='ltr'><strong>nteri-</strong></span> 
     </span>
    </p>
   </div>
   <div class='ocr_carea' id='block_1_39' title="bbox 222 2368 1727 2439">
    <p class='ocr_par' dir='ltr' id='par_1_39' title="bbox 222 2368 1727 2439">
     <span class='ocr_line' id='line_1_39' title="bbox 222 2368 1727 2439; baseline 0.005 -21"><span class='ocrx_word' id='word_1_294' title='bbox 222 2369 376 2431; x_wconf 84' lang='lat' dir='ltr'><strong>diem,</strong></span> <span class='ocrx_word' id='word_1_295' title='bbox 412 2368 483 2420; x_wconf 91' lang='lat' dir='ltr'><strong>ad</strong></span> <span class='ocrx_word' id='word_1_296' title='bbox 502 2372 632 2422; x_wconf 68' lang='lat' dir='ltr'><strong>teimn</strong></span> <span class='ocrx_word' id='word_1_297' title='bbox 659 2385 770 2439; x_wconf 73' lang='lat' dir='ltr'><strong>qua!</strong></span> <span class='ocrx_word' id='word_1_298' title='bbox 789 2370 1040 2423; x_wconf 77' lang='lat' dir='ltr'><strong>descendit</strong></span> <span class='ocrx_word' id='word_1_299' title='bbox 1064 2387 1095 2422; x_wconf 92' lang='lat' dir='ltr'><strong>a</strong></span> <span class='ocrx_word' id='word_1_300' title='bbox 1113 2368 1396 2424; x_wconf 82' lang='lat' dir='ltr'><strong>Jerusalem</strong></span> <span class='ocrx_word' id='word_1_301' title='bbox 1420 2371 1473 2423; x_wconf 89' lang='lat' dir='ltr'><strong>in</strong></span> <span class='ocrx_word' id='word_1_302' title='bbox 1503 2369 1727 2425; x_wconf 70' lang='lat' dir='ltr'><strong>Gazam:</strong></span> 
     </span>
    </p>
   </div>
   <div class='ocr_carea' id='block_1_40' title="bbox 221 2461 1308 2531">
    <p class='ocr_par' dir='ltr' id='par_1_40' title="bbox 221 2461 1308 2531">
     <span class='ocr_line' id='line_1_40' title="bbox 221 2461 1308 2531; baseline 0.003 -20"><span class='ocrx_word' id='word_1_303' title='bbox 221 2461 324 2512; x_wconf 67' lang='lat' dir='ltr'><strong>hare</strong></span> <span class='ocrx_word' id='word_1_304' title='bbox 348 2472 430 2513; x_wconf 85' lang='lat' dir='ltr'><strong>est</strong></span> <span class='ocrx_word' id='word_1_305' title='bbox 472 2462 687 2514; x_wconf 85' lang='lat' dir='ltr'><strong>deserta.</strong></span> <span class='ocrx_word' id='word_1_306' title='bbox 729 2461 816 2514; x_wconf 77' lang='grc' dir='ltr'><strong>ΕΠ.</strong></span> <span class='ocrx_word' id='word_1_307' title='bbox 850 2461 911 2514; x_wconf 82' lang='lat' dir='ltr'><strong>Et</strong></span> <span class='ocrx_word' id='word_1_308' title='bbox 935 2478 1142 2531; x_wconf 80' lang='lat' dir='ltr'><strong>surgens</strong></span> <span class='ocrx_word' id='word_1_309' title='bbox 1169 2463 1308 2514; x_wconf 88' lang='lat' dir='ltr'><strong>abiit.</strong></span> 
     </span>
    </p>
   </div>
   <div class='ocr_carea' id='block_1_41' title="bbox 222 2551 1729 2626">
    <p class='ocr_par' dir='ltr' id='par_1_41' title="bbox 222 2551 1729 2626">
     <span class='ocr_line' id='line_1_41' title="bbox 222 2551 1729 2626; baseline 0.004 -20"><span class='ocrx_word' id='word_1_310' title='bbox 222 2554 269 2606; x_wconf 84' lang='lat' dir='ltr'><strong>l.</strong></span> <span class='ocrx_word' id='word_1_311' title='bbox 303 2551 533 2607; x_wconf 83' lang='lat' dir='ltr'><strong>Videtur</strong></span> <span class='ocrx_word' id='word_1_312' title='bbox 561 2553 687 2607; x_wconf 88' lang='lat' dir='ltr'><strong>mihi</strong></span> <span class='ocrx_word' id='word_1_313' title='bbox 717 2555 815 2608; x_wconf 88' lang='lat' dir='ltr'><strong>hoc</strong></span> <span class='ocrx_word' id='word_1_314' title='bbox 837 2555 1141 2609; x_wconf 85' lang='lat' dir='ltr'><strong>mandatum</strong></span> <span class='ocrx_word' id='word_1_315' title='bbox 1179 2554 1466 2626; x_wconf 87' lang='lat' dir='ltr'><strong>accepisse,</strong></span> <span class='ocrx_word' id='word_1_316' title='bbox 1497 2571 1616 2610; x_wconf 91' lang='lat' dir='ltr'><strong>cum</strong></span> <span class='ocrx_word' id='word_1_317' title='bbox 1641 2571 1729 2612; x_wconf 89' lang='lat' dir='ltr'><strong>es-</strong></span> 
     </span>
    </p>
   </div>
   <div class='ocr_carea' id='block_1_42' title="bbox 158 2644 1727 2717">
    <p class='ocr_par' dir='ltr' id='par_1_42' title="bbox 158 2644 1727 2717">
     <span class='ocr_line' id='line_1_42' title="bbox 158 2644 1727 2717; baseline 0.003 -20"><span class='ocrx_word' id='word_1_318' title='bbox 158 2653 232 2697; x_wconf 83' lang='lat' dir='ltr'><strong>set</strong></span> <span class='ocrx_word' id='word_1_319' title='bbox 252 2645 303 2697; x_wconf 92' lang='lat' dir='ltr'><strong>in</strong></span> <span class='ocrx_word' id='word_1_320' title='bbox 325 2644 571 2699; x_wconf 81' lang='lat' dir='ltr'><strong>Samaria</strong></span> <span class='ocrx_word' id='word_1_321' title='bbox 596 2663 610 2709; x_wconf 95' lang='lat'><strong>;</strong></span> <span class='ocrx_word' id='word_1_322' title='bbox 639 2646 760 2715; x_wconf 90' lang='lat' dir='ltr'><strong>quia</strong></span> <span class='ocrx_word' id='word_1_323' title='bbox 781 2645 848 2700; x_wconf 92' lang='lat' dir='ltr'><strong>ab</strong></span> <span class='ocrx_word' id='word_1_324' title='bbox 866 2645 1211 2717; x_wconf 83' lang='lat' dir='ltr'><strong>Jerosolymis</strong></span> <span class='ocrx_word' id='word_1_325' title='bbox 1241 2661 1346 2700; x_wconf 93' lang='lat' dir='ltr'><strong>non</strong></span> <span class='ocrx_word' id='word_1_326' title='bbox 1371 2656 1553 2701; x_wconf 88' lang='lat' dir='ltr'><strong>contra</strong></span> <span class='ocrx_word' id='word_1_327' title='bbox 1572 2648 1727 2702; x_wconf 88' lang='lat' dir='ltr'><strong>meri-</strong></span> 
     </span>
    </p>
   </div>
   <div class='ocr_carea' id='block_1_43' title="bbox 160 2732 1725 2806">
    <p class='ocr_par' dir='ltr' id='par_1_43' title="bbox 160 2732 1725 2806">
     <span class='ocr_line' id='line_1_43' title="bbox 160 2732 1725 2806; baseline 0.001 -18"><span class='ocrx_word' id='word_1_328' title='bbox 160 2732 286 2788; x_wconf 80' lang='lat' dir='ltr'><strong>diem</strong></span> <span class='ocrx_word' id='word_1_329' title='bbox 302 2735 428 2803; x_wconf 74' lang='lat' dir='ltr'><strong>quis</strong></span> <span class='ocrx_word' id='word_1_330' title='bbox 443 2735 589 2788; x_wconf 81' lang='lat' dir='ltr'><strong>vadit</strong></span> <span class='ocrx_word' id='word_1_331' title='bbox 611 2735 652 2800; x_wconf 86' lang='grc'><strong>¹,</strong></span> <span class='ocrx_word' id='word_1_332' title='bbox 673 2736 768 2790; x_wconf 90' lang='lat' dir='ltr'><strong>sed</strong></span> <span class='ocrx_word' id='word_1_333' title='bbox 789 2745 970 2790; x_wconf 89' lang='lat' dir='ltr'><strong>contra</strong></span> <span class='ocrx_word' id='word_1_334' title='bbox 987 2736 1424 2806; x_wconf 89' lang='lat' dir='ltr'><strong>septentrionem;</strong></span> <span class='ocrx_word' id='word_1_335' title='bbox 1443 2752 1472 2790; x_wconf 90' lang='lat' dir='ltr'><strong>a</strong></span> <span class='ocrx_word' id='word_1_336' title='bbox 1491 2735 1725 2792; x_wconf 87' lang='lat' dir='ltr'><strong>Samaria</strong></span> 
     </span>
    </p>
   </div>
   <div class='ocr_carea' id='block_1_44' title="bbox 166 2825 1727 2890">
    <p class='ocr_par' dir='ltr' id='par_1_44' title="bbox 166 2825 1727 2890">
     <span class='ocr_line' id='line_1_44' title="bbox 166 2825 1727 2890; baseline 0.003 -12"><span class='ocrx_word' id='word_1_337' title='bbox 166 2840 276 2878; x_wconf 86' lang='lat' dir='ltr'><strong>vero</strong></span> <span class='ocrx_word' id='word_1_338' title='bbox 299 2837 490 2878; x_wconf 79' lang='lat' dir='ltr'><strong>cutura</strong></span> <span class='ocrx_word' id='word_1_339' title='bbox 527 2826 821 2882; x_wconf 87' lang='lat' dir='ltr'><strong>meridiem.</strong></span> <span class='ocrx_word' id='word_1_340' title='bbox 857 2825 980 2882; x_wconf 66' lang='lat' dir='ltr'><strong>Haec</strong></span> <span class='ocrx_word' id='word_1_341' title='bbox 1009 2835 1081 2880; x_wconf 90' lang='lat' dir='ltr'><strong>est</strong></span> <span class='ocrx_word' id='word_1_342' title='bbox 1101 2826 1316 2882; x_wconf 88' lang='lat' dir='ltr'><strong>deserta.</strong></span> <span class='ocrx_word' id='word_1_343' title='bbox 1343 2826 1454 2881; x_wconf 83' lang='lat' dir='ltr'><strong>Hoc</strong></span> <span class='ocrx_word' id='word_1_344' title='bbox 1491 2826 1636 2890; x_wconf 88' lang='lat' dir='ltr'><strong>dicit,</strong></span> <span class='ocrx_word' id='word_1_345' title='bbox 1670 2836 1727 2882; x_wconf 91' lang='lat' dir='ltr'><strong>ut</strong></span> 
     </span>
    </p>
   </div>
   <div class='ocr_carea' id='block_1_45' title="bbox 166 2916 1725 2989">
    <p class='ocr_par' dir='ltr' id='par_1_45' title="bbox 166 2916 1725 2989">
     <span class='ocr_line' id='line_1_45' title="bbox 166 2916 1725 2989; baseline 0.002 -20"><span class='ocrx_word' id='word_1_346' title='bbox 166 2931 225 2969; x_wconf 86' lang='lat' dir='ltr'><strong>ne</strong></span> <span class='ocrx_word' id='word_1_347' title='bbox 246 2918 420 2971; x_wconf 87' lang='lat' dir='ltr'><strong>timeat</strong></span> <span class='ocrx_word' id='word_1_348' title='bbox 460 2916 768 2973; x_wconf 77' lang='lat' dir='ltr'><strong>.lndzeornm</strong></span> <span class='ocrx_word' id='word_1_349' title='bbox 797 2918 1087 2974; x_wconf 90' lang='lat' dir='ltr'><strong>incursum.</strong></span> <span class='ocrx_word' id='word_1_350' title='bbox 1119 2918 1228 2974; x_wconf 84' lang='lat' dir='ltr'><strong>Nec</strong></span> <span class='ocrx_word' id='word_1_351' title='bbox 1251 2921 1567 2989; x_wconf 85' lang='lat' dir='ltr'><strong>interrogat,</strong></span> <span class='ocrx_word' id='word_1_352' title='bbox 1589 2935 1725 2989; x_wconf 85' lang='lat' dir='ltr'><strong>qna-</strong></span> 
     </span>
    </p>
   </div>
   <div class='ocr_carea' id='block_1_46' title="bbox 169 3007 1722 3081">
    <p class='ocr_par' dir='ltr' id='par_1_46' title="bbox 169 3007 1722 3081">
     <span class='ocr_line' id='line_1_46' title="bbox 169 3007 1722 3081; baseline 0.003 -21"><span class='ocrx_word' id='word_1_353' title='bbox 169 3007 252 3060; x_wconf 85' lang='lat' dir='ltr'><strong>re?</strong></span> <span class='ocrx_word' id='word_1_354' title='bbox 298 3007 386 3062; x_wconf 83' lang='lat' dir='ltr'><strong>sed</strong></span> <span class='ocrx_word' id='word_1_355' title='bbox 427 3022 659 3078; x_wconf 71' lang='lat' dir='ltr'><strong>surgens</strong></span> <span class='ocrx_word' id='word_1_356' title='bbox 709 3010 859 3064; x_wconf 89' lang='lat' dir='ltr'><strong>abiit.</strong></span> <span class='ocrx_word' id='word_1_357' title='bbox 889 3009 956 3064; x_wconf 85' lang='lat' dir='ltr'><strong>Et</strong></span> <span class='ocrx_word' id='word_1_358' title='bbox 994 3027 1124 3078; x_wconf 86' lang='lat' dir='ltr'><strong>ecce,</strong></span> <span class='ocrx_word' id='word_1_359' title='bbox 1157 3011 1344 3080; x_wconf 89' lang='lat' dir='ltr'><strong>inquit,</strong></span> <span class='ocrx_word' id='word_1_360' title='bbox 1375 3011 1451 3064; x_wconf 79' lang='lat' dir='ltr'><strong>uir</strong></span> <span class='ocrx_word' id='word_1_361' title='bbox 1473 3009 1722 3081; x_wconf 47' lang='lat' dir='ltr'><strong>(Ethiops</strong></span> 
     </span>
    </p>
   </div>
   <div class='ocr_carea' id='block_1_47' title="bbox 176 3099 1722 3174">
    <p class='ocr_par' dir='ltr' id='par_1_47' title="bbox 176 3099 1722 3174">
     <span class='ocr_line' id='line_1_47' title="bbox 176 3099 1722 3174; baseline 0.005 -25"><span class='ocrx_word' id='word_1_362' title='bbox 176 3099 426 3164; x_wconf 63' lang='lat' dir='ltr'><strong>multa,</strong></span> <span class='ocrx_word' id='word_1_363' title='bbox 452 3110 632 3169; x_wconf 83' lang='lat' dir='ltr'><strong>potens</strong></span> <span class='ocrx_word' id='word_1_364' title='bbox 653 3099 902 3156; x_wconf 89' lang='lat' dir='ltr'><strong>Candacis</strong></span> <span class='ocrx_word' id='word_1_365' title='bbox 942 3105 1126 3173; x_wconf 70' lang='lat' dir='ltr'><strong>regium</strong></span> <span class='ocrx_word' id='word_1_366' title='bbox 1149 3101 1474 3174; x_wconf 62' lang='lat' dir='ltr'><strong>zEthiOpum,</strong></span> <span class='ocrx_word' id='word_1_367' title='bbox 1503 3104 1587 3169; x_wconf 85' lang='lat' dir='ltr'><strong>qui</strong></span> <span class='ocrx_word' id='word_1_368' title='bbox 1615 3113 1722 3157; x_wconf 90' lang='lat' dir='ltr'><strong>erat</strong></span> 
     </span>
    </p>
   </div>
   <div class='ocr_carea' id='block_1_48' title="bbox 178 3194 1720 3264">
    <p class='ocr_par' dir='ltr' id='par_1_48' title="bbox 178 3194 1720 3264">
     <span class='ocr_line' id='line_1_48' title="bbox 178 3194 1720 3264; baseline 0.006 -24"><span class='ocrx_word' id='word_1_369' title='bbox 178 3204 311 3254; x_wconf 72' lang='lat' dir='ltr'><strong>super</strong></span> <span class='ocrx_word' id='word_1_370' title='bbox 335 3207 518 3244; x_wconf 74' lang='lat' dir='ltr'><strong>ornaent</strong></span> <span class='ocrx_word' id='word_1_371' title='bbox 546 3209 729 3263; x_wconf 76' lang='lat' dir='ltr'><strong>gazam</strong></span> <span class='ocrx_word' id='word_1_372' title='bbox 756 3194 886 3261; x_wconf 86' lang='lat' dir='ltr'><strong>ejus,</strong></span> <span class='ocrx_word' id='word_1_373' title='bbox 912 3196 998 3264; x_wconf 86' lang='lat' dir='ltr'><strong>qui</strong></span> <span class='ocrx_word' id='word_1_374' title='bbox 1028 3205 1231 3249; x_wconf 85' lang='lat' dir='ltr'><strong>venerat</strong></span> <span class='ocrx_word' id='word_1_375' title='bbox 1259 3197 1473 3250; x_wconf 88' lang='lat' dir='ltr'><strong>adorare</strong></span> <span class='ocrx_word' id='word_1_376' title='bbox 1491 3197 1544 3250; x_wconf 90' lang='lat' dir='ltr'><strong>in</strong></span> <span class='ocrx_word' id='word_1_377' title='bbox 1564 3195 1720 3250; x_wconf 80' lang='lat' dir='ltr'><strong>Jeru-</strong></span> 
     </span>
    </p>
   </div>
   <div class='ocr_carea' id='block_1_49' title="bbox 172 3281 1716 3356">
    <p class='ocr_par' dir='ltr' id='par_1_49' title="bbox 172 3281 1716 3356">
     <span class='ocr_line' id='line_1_49' title="bbox 172 3281 1716 3356; baseline 0.006 -26"><span class='ocrx_word' id='word_1_378' title='bbox 172 3281 322 3331; x_wconf 76' lang='lat' dir='ltr'><strong>salem.</strong></span> <span class='ocrx_word' id='word_1_379' title='bbox 345 3281 427 3334; x_wconf 76' lang='lat'><strong>‘28.</strong></span> <span class='ocrx_word' id='word_1_380' title='bbox 457 3282 523 3335; x_wconf 65' lang='lat' dir='ltr'><strong>Iit</strong></span> <span class='ocrx_word' id='word_1_381' title='bbox 549 3285 886 3338; x_wconf 75' lang='lat' dir='ltr'><strong>revertebatur</strong></span> <span class='ocrx_word' id='word_1_382' title='bbox 922 3287 1097 3340; x_wconf 78' lang='lat' dir='ltr'><strong>sedens</strong></span> <span class='ocrx_word' id='word_1_383' title='bbox 1132 3303 1286 3356; x_wconf 87' lang='lat' dir='ltr'><strong>super</strong></span> <span class='ocrx_word' id='word_1_384' title='bbox 1311 3303 1514 3340; x_wconf 87' lang='lat' dir='ltr'><strong>currunt</strong></span> <span class='ocrx_word' id='word_1_385' title='bbox 1533 3303 1716 3355; x_wconf 90' lang='lat' dir='ltr'><strong>suum,</strong></span> 
     </span>
    </p>
   </div>
   <div class='ocr_carea' id='block_1_50' title="bbox 162 3373 1720 3449">
    <p class='ocr_par' dir='ltr' id='par_1_50' title="bbox 162 3373 1720 3449">
     <span class='ocr_line' id='line_1_50' title="bbox 162 3373 1720 3449; baseline 0.01 -27"><span class='ocrx_word' id='word_1_386' title='bbox 162 3373 398 3442; x_wconf 80' lang='lat' dir='ltr'><strong>etlegebat</strong></span> <span class='ocrx_word' id='word_1_387' title='bbox 424 3374 618 3428; x_wconf 84' lang='lat' dir='ltr'><strong>Isaiam</strong></span> <span class='ocrx_word' id='word_1_388' title='bbox 645 3380 959 3448; x_wconf 80' lang='lat' dir='ltr'><strong>prophetam.</strong></span> <span class='ocrx_word' id='word_1_389' title='bbox 979 3379 1178 3449; x_wconf 85' lang='lat' dir='ltr'><strong>Magnis</strong></span> <span class='ocrx_word' id='word_1_390' title='bbox 1201 3381 1286 3436; x_wconf 91' lang='lat' dir='ltr'><strong>hic</strong></span> <span class='ocrx_word' id='word_1_391' title='bbox 1311 3381 1554 3436; x_wconf 88' lang='lat' dir='ltr'><strong>laudibus</strong></span> <span class='ocrx_word' id='word_1_392' title='bbox 1581 3384 1720 3438; x_wconf 83' lang='lat' dir='ltr'><strong>cele-</strong></span> 
     </span>
    </p>
   </div>
   <div class='ocr_carea' id='block_1_51' title="bbox 155 3465 1718 3546">
    <p class='ocr_par' dir='ltr' id='par_1_51' title="bbox 155 3465 1718 3546">
     <span class='ocr_line' id='line_1_51' title="bbox 155 3465 1718 3546; baseline 0.008 -28"><span class='ocrx_word' id='word_1_393' title='bbox 155 3465 349 3520; x_wconf 78' lang='lat' dir='ltr'><strong>bratur:</strong></span> <span class='ocrx_word' id='word_1_394' title='bbox 374 3469 646 3538; x_wconf 87' lang='lat' dir='ltr'><strong>siquidem</strong></span> <span class='ocrx_word' id='word_1_395' title='bbox 683 3472 734 3524; x_wconf 92' lang='lat' dir='ltr'><strong>in</strong></span> <span class='ocrx_word' id='word_1_396' title='bbox 762 3471 1031 3543; x_wconf 64' lang='lat' dir='ltr'><strong>Ethiopia</strong></span> <span class='ocrx_word' id='word_1_397' title='bbox 1057 3489 1296 3540; x_wconf 88' lang='lat' dir='ltr'><strong>manens,</strong></span> <span class='ocrx_word' id='word_1_398' title='bbox 1320 3485 1372 3530; x_wconf 87' lang='lat' dir='ltr'><strong>et</strong></span> <span class='ocrx_word' id='word_1_399' title='bbox 1397 3485 1474 3530; x_wconf 88' lang='lat' dir='ltr'><strong>tot</strong></span> <span class='ocrx_word' id='word_1_400' title='bbox 1494 3477 1718 3546; x_wconf 78' lang='lat' dir='ltr'><strong>negotiis</strong></span> 
     </span>
    </p>
   </div>
   <div class='ocr_carea' id='block_1_52' title="bbox 147 3561 1719 3639">
    <p class='ocr_par' dir='ltr' id='par_1_52' title="bbox 147 3561 1719 3639">
     <span class='ocr_line' id='line_1_52' title="bbox 147 3561 1719 3639; baseline 0.01 -27"><span class='ocrx_word' id='word_1_401' title='bbox 147 3561 372 3628; x_wconf 78' lang='lat' dir='ltr'><strong>obrutus,</strong></span> <span class='ocrx_word' id='word_1_402' title='bbox 413 3581 536 3618; x_wconf 85' lang='lat' dir='ltr'><strong>cum</strong></span> <span class='ocrx_word' id='word_1_403' title='bbox 568 3565 684 3620; x_wconf 87' lang='lat' dir='ltr'><strong>dies</strong></span> <span class='ocrx_word' id='word_1_404' title='bbox 709 3566 872 3621; x_wconf 88' lang='lat' dir='ltr'><strong>festus</strong></span> <span class='ocrx_word' id='word_1_405' title='bbox 905 3585 1007 3622; x_wconf 91' lang='lat' dir='ltr'><strong>non</strong></span> <span class='ocrx_word' id='word_1_406' title='bbox 1037 3581 1197 3636; x_wconf 90' lang='lat' dir='ltr'><strong>esset,</strong></span> <span class='ocrx_word' id='word_1_407' title='bbox 1229 3580 1282 3625; x_wconf 89' lang='lat' dir='ltr'><strong>et</strong></span> <span class='ocrx_word' id='word_1_408' title='bbox 1308 3571 1360 3625; x_wconf 92' lang='lat' dir='ltr'><strong>in</strong></span> <span class='ocrx_word' id='word_1_409' title='bbox 1382 3573 1719 3639; x_wconf 87' lang='lat' dir='ltr'><strong>superstitio-</strong></span> 
     </span>
    </p>
   </div>
   <div class='ocr_carea' id='block_1_53' title="bbox 144 3655 1714 3728">
    <p class='ocr_par' dir='ltr' id='par_1_53' title="bbox 144 3655 1714 3728">
     <span class='ocr_line' id='line_1_53' title="bbox 144 3655 1714 3728; baseline 0.011 -25"><span class='ocrx_word' id='word_1_410' title='bbox 144 3655 288 3709; x_wconf 90' lang='lat' dir='ltr'><strong>nibus</strong></span> <span class='ocrx_word' id='word_1_411' title='bbox 327 3657 516 3711; x_wconf 83' lang='lat' dir='ltr'><strong>dedita</strong></span> <span class='ocrx_word' id='word_1_412' title='bbox 547 3660 763 3714; x_wconf 84' lang='lat' dir='ltr'><strong>civitate</strong></span> <span class='ocrx_word' id='word_1_413' title='bbox 794 3672 1114 3728; x_wconf 85' lang='lat' dir='ltr'><strong>versaretur,</strong></span> <span class='ocrx_word' id='word_1_414' title='bbox 1144 3665 1285 3718; x_wconf 86' lang='lat' dir='ltr'><strong>venit</strong></span> <span class='ocrx_word' id='word_1_415' title='bbox 1327 3664 1638 3721; x_wconf 88' lang='lat' dir='ltr'><strong>adoraturus</strong></span> <span class='ocrx_word' id='word_1_416' title='bbox 1661 3667 1714 3721; x_wconf 90' lang='lat' dir='ltr'><strong>in</strong></span> 
     </span>
    </p>
   </div>
   <div class='ocr_carea' id='block_1_54' title="bbox 137 3744 1713 3823">
    <p class='ocr_par' dir='ltr' id='par_1_54' title="bbox 137 3744 1713 3823">
     <span class='ocr_line' id='line_1_54' title="bbox 137 3744 1713 3823; baseline 0.008 -25"><span class='ocrx_word' id='word_1_417' title='bbox 137 3744 454 3802; x_wconf 70' lang='lat' dir='ltr'><strong>Jerusalem.</strong></span> <span class='ocrx_word' id='word_1_418' title='bbox 484 3749 780 3819; x_wconf 76' lang='lat' dir='ltr'><strong>Magnaque</strong></span> <span class='ocrx_word' id='word_1_419' title='bbox 818 3762 934 3806; x_wconf 86' lang='lat' dir='ltr'><strong>erat</strong></span> <span class='ocrx_word' id='word_1_420' title='bbox 963 3753 1270 3823; x_wconf 88' lang='lat' dir='ltr'><strong>diligentia;</strong></span> <span class='ocrx_word' id='word_1_421' title='bbox 1309 3769 1429 3810; x_wconf 90' lang='lat' dir='ltr'><strong>nam</strong></span> <span class='ocrx_word' id='word_1_422' title='bbox 1478 3757 1528 3810; x_wconf 93' lang='lat' dir='ltr'><strong>in</strong></span> <span class='ocrx_word' id='word_1_423' title='bbox 1556 3772 1713 3811; x_wconf 90' lang='lat' dir='ltr'><strong>curru</strong></span> 
     </span>
    </p>
   </div>
   <div class='ocr_carea' id='block_1_55' title="bbox 136 3838 1712 3918">
    <p class='ocr_par' dir='ltr' id='par_1_55' title="bbox 136 3838 1712 3918">
     <span class='ocr_line' id='line_1_55' title="bbox 136 3838 1712 3918; baseline 0.007 -27"><span class='ocrx_word' id='word_1_424' title='bbox 136 3838 321 3892; x_wconf 81' lang='lat' dir='ltr'><strong>sedens</strong></span> <span class='ocrx_word' id='word_1_425' title='bbox 357 3840 599 3910; x_wconf 80' lang='lat' dir='ltr'><strong>legebat.</strong></span> <span class='ocrx_word' id='word_1_426' title='bbox 635 3841 724 3897; x_wconf 69' lang='lat'><strong>29.</strong></span> <span class='ocrx_word' id='word_1_427' title='bbox 762 3843 899 3898; x_wconf 74' lang='lat' dir='ltr'><strong>Dixit</strong></span> <span class='ocrx_word' id='word_1_428' title='bbox 936 3855 1102 3898; x_wconf 88' lang='lat' dir='ltr'><strong>autem</strong></span> <span class='ocrx_word' id='word_1_429' title='bbox 1147 3846 1372 3916; x_wconf 80' lang='lat' dir='ltr'><strong>Spiritus</strong></span> <span class='ocrx_word' id='word_1_430' title='bbox 1424 3846 1666 3918; x_wconf 87' lang='lat' dir='ltr'><strong>Philippo</strong></span> <span class='ocrx_word' id='word_1_431' title='bbox 1693 3865 1712 3902; x_wconf 91' lang='lat'><strong><em>:</em></strong></span> 
     </span>
    </p>
   </div>
   <div class='ocr_carea' id='block_1_56' title="bbox 136 3929 1713 4004">
    <p class='ocr_par' dir='ltr' id='par_1_56' title="bbox 136 3929 1713 4004">
     <span class='ocr_line' id='line_1_56' title="bbox 136 3929 1713 4004; baseline 0.011 -24"><span class='ocrx_word' id='word_1_432' title='bbox 136 3929 340 3995; x_wconf 76' lang='lat' dir='ltr'><strong>Accede,</strong></span> <span class='ocrx_word' id='word_1_433' title='bbox 374 3942 422 3985; x_wconf 83' lang='lat' dir='ltr'><strong>et</strong></span> <span class='ocrx_word' id='word_1_434' title='bbox 448 3932 677 4004; x_wconf 74' lang='lat' dir='ltr'><strong>adiunge</strong></span> <span class='ocrx_word' id='word_1_435' title='bbox 703 3945 750 3988; x_wconf 89' lang='lat' dir='ltr'><strong>te</strong></span> <span class='ocrx_word' id='word_1_436' title='bbox 788 3936 856 3988; x_wconf 83' lang='lat' dir='ltr'><strong>ad</strong></span> <span class='ocrx_word' id='word_1_437' title='bbox 901 3953 1102 3991; x_wconf 88' lang='lat' dir='ltr'><strong>currum</strong></span> <span class='ocrx_word' id='word_1_438' title='bbox 1129 3938 1296 3992; x_wconf 78' lang='lat' dir='ltr'><strong>istaut.</strong></span> <span class='ocrx_word' id='word_1_439' title='bbox 1327 3939 1412 3994; x_wconf 84' lang='grc'><strong>50.</strong></span> <span class='ocrx_word' id='word_1_440' title='bbox 1439 3941 1713 3997; x_wconf 88' lang='lat' dir='ltr'><strong>Accurrens</strong></span> 
     </span>
    </p>
   </div>
   <div class='ocr_carea' id='block_1_57' title="bbox 131 4021 1710 4102">
    <p class='ocr_par' dir='ltr' id='par_1_57' title="bbox 131 4021 1710 4102">
     <span class='ocr_line' id='line_1_57' title="bbox 131 4021 1710 4102; baseline 0.011 -33"><span class='ocrx_word' id='word_1_441' title='bbox 131 4030 286 4073; x_wconf 80' lang='lat' dir='ltr'><strong>autem</strong></span> <span class='ocrx_word' id='word_1_442' title='bbox 328 4021 633 4093; x_wconf 85' lang='lat' dir='ltr'><strong>Philippus,</strong></span> <span class='ocrx_word' id='word_1_443' title='bbox 656 4026 846 4079; x_wconf 81' lang='lat' dir='ltr'><strong>audiuit</strong></span> <span class='ocrx_word' id='word_1_444' title='bbox 874 4043 986 4080; x_wconf 88' lang='lat' dir='ltr'><strong>eum</strong></span> <span class='ocrx_word' id='word_1_445' title='bbox 1012 4029 1252 4098; x_wconf 87' lang='lat' dir='ltr'><strong>legentem</strong></span> <span class='ocrx_word' id='word_1_446' title='bbox 1276 4030 1466 4084; x_wconf 86' lang='lat' dir='ltr'><strong>Isaiam</strong></span> <span class='ocrx_word' id='word_1_447' title='bbox 1492 4033 1710 4102; x_wconf 83' lang='lat' dir='ltr'><strong>praphe-</strong></span> 
     </span>
    </p>
   </div>
   <div class='ocr_carea' id='block_1_58' title="bbox 129 4117 1712 4195">
    <p class='ocr_par' dir='ltr' id='par_1_58' title="bbox 129 4117 1712 4195">
     <span class='ocr_line' id='line_1_58' title="bbox 129 4117 1712 4195; baseline 0.011 -31"><span class='ocrx_word' id='word_1_448' title='bbox 129 4121 246 4176; x_wconf 83' lang='lat' dir='ltr'><strong>tam,</strong></span> <span class='ocrx_word' id='word_1_449' title='bbox 289 4124 338 4168; x_wconf 77' lang='lat' dir='ltr'><strong>et</strong></span> <span class='ocrx_word' id='word_1_450' title='bbox 367 4117 504 4168; x_wconf 68' lang='lat' dir='ltr'><strong>dixit</strong></span> <span class='ocrx_word' id='word_1_451' title='bbox 535 4133 554 4170; x_wconf 81' lang='lat'><strong>.&#39;</strong></span> <span class='ocrx_word' id='word_1_452' title='bbox 585 4117 811 4172; x_wconf 88' lang='lat' dir='ltr'><strong>Putasne</strong></span> <span class='ocrx_word' id='word_1_453' title='bbox 852 4119 1090 4192; x_wconf 85' lang='lat' dir='ltr'><strong>intelligis</strong></span> <span class='ocrx_word' id='word_1_454' title='bbox 1131 4139 1242 4187; x_wconf 69' lang='lat' dir='ltr'><strong>qua:</strong></span> <span class='ocrx_word' id='word_1_455' title='bbox 1275 4124 1440 4195; x_wconf 85' lang='lat' dir='ltr'><strong>legis?</strong></span> <span class='ocrx_word' id='word_1_456' title='bbox 1484 4127 1570 4181; x_wconf 80' lang='lat' dir='ltr'><strong>5l.</strong></span> <span class='ocrx_word' id='word_1_457' title='bbox 1611 4125 1712 4182; x_wconf 87' lang='lat' dir='ltr'><strong>Ille</strong></span> 
     </span>
    </p>
   </div>
   <div class='ocr_carea' id='block_1_59' title="bbox 130 4205 1712 4280">
    <p class='ocr_par' dir='ltr' id='par_1_59' title="bbox 130 4205 1712 4280">
     <span class='ocr_line' id='line_1_59' title="bbox 130 4205 1712 4280; baseline 0.011 -26"><span class='ocrx_word' id='word_1_458' title='bbox 130 4217 236 4256; x_wconf 80' lang='lat' dir='ltr'><strong>cera</strong></span> <span class='ocrx_word' id='word_1_459' title='bbox 261 4206 391 4258; x_wconf 72' lang='lat' dir='ltr'><strong>dixit</strong></span> <span class='ocrx_word' id='word_1_460' title='bbox 408 4223 428 4259; x_wconf 91' lang='lat'><strong><em>:</em></strong></span> <span class='ocrx_word' id='word_1_461' title='bbox 462 4205 534 4259; x_wconf 86' lang='lat' dir='ltr'><strong>Et</strong></span> <span class='ocrx_word' id='word_1_462' title='bbox 553 4209 802 4270; x_wconf 87' lang='lat' dir='ltr'><strong>quomodo</strong></span> <span class='ocrx_word' id='word_1_463' title='bbox 829 4212 1032 4280; x_wconf 84' lang='lat' dir='ltr'><strong>possint,</strong></span> <span class='ocrx_word' id='word_1_464' title='bbox 1057 4214 1154 4266; x_wconf 89' lang='lat' dir='ltr'><strong>nisi</strong></span> <span class='ocrx_word' id='word_1_465' title='bbox 1169 4215 1280 4280; x_wconf 84' lang='lat' dir='ltr'><strong>quis</strong></span> <span class='ocrx_word' id='word_1_466' title='bbox 1305 4217 1529 4270; x_wconf 85' lang='lat' dir='ltr'><strong>ostendat</strong></span> <span class='ocrx_word' id='word_1_467' title='bbox 1549 4219 1712 4272; x_wconf 84' lang='lat' dir='ltr'><strong>mihi?</strong></span> 
     </span>
    </p>
   </div>
   <div class='ocr_carea' id='block_1_60' title="bbox 135 4293 1709 4374">
    <p class='ocr_par' dir='ltr' id='par_1_60' title="bbox 135 4293 1709 4374">
     <span class='ocr_line' id='line_1_60' title="bbox 135 4293 1709 4374; baseline 0.013 -28"><span class='ocrx_word' id='word_1_468' title='bbox 135 4293 256 4350; x_wconf 75' lang='lat' dir='ltr'><strong>Vide</strong></span> <span class='ocrx_word' id='word_1_469' title='bbox 280 4313 503 4350; x_wconf 88' lang='lat' dir='ltr'><strong>rursum</strong></span> <span class='ocrx_word' id='word_1_470' title='bbox 530 4299 689 4353; x_wconf 90' lang='lat' dir='ltr'><strong>aliam</strong></span> <span class='ocrx_word' id='word_1_471' title='bbox 728 4302 997 4368; x_wconf 86' lang='lat' dir='ltr'><strong>pietatem.</strong></span> <span class='ocrx_word' id='word_1_472' title='bbox 1029 4303 1196 4371; x_wconf 86' lang='lat' dir='ltr'><strong>Quam</strong></span> <span class='ocrx_word' id='word_1_473' title='bbox 1227 4306 1407 4361; x_wconf 89' lang='lat' dir='ltr'><strong>illam?</strong></span> <span class='ocrx_word' id='word_1_474' title='bbox 1434 4309 1584 4374; x_wconf 78' lang='lat' dir='ltr'><strong>Quod</strong></span> <span class='ocrx_word' id='word_1_475' title='bbox 1612 4326 1709 4365; x_wconf 88' lang='lat' dir='ltr'><strong>ne-</strong></span> 
     </span>
    </p>
   </div>
   <div class='ocr_carea' id='block_1_61' title="bbox 124 4387 1710 4472">
    <p class='ocr_par' dir='ltr' id='par_1_61' title="bbox 124 4387 1710 4472">
     <span class='ocr_line' id='line_1_61' title="bbox 124 4387 1710 4472; baseline 0.011 -32"><span class='ocrx_word' id='word_1_476' title='bbox 124 4387 295 4442; x_wconf 86' lang='lat' dir='ltr'><strong>sciens</strong></span> <span class='ocrx_word' id='word_1_477' title='bbox 321 4390 564 4458; x_wconf 82' lang='lat' dir='ltr'><strong>legeret;</strong></span> <span class='ocrx_word' id='word_1_478' title='bbox 593 4401 648 4446; x_wconf 90' lang='lat' dir='ltr'><strong>et</strong></span> <span class='ocrx_word' id='word_1_479' title='bbox 675 4403 950 4463; x_wconf 85' lang='lat' dir='ltr'><strong>postquam</strong></span> <span class='ocrx_word' id='word_1_480' title='bbox 989 4396 1209 4466; x_wconf 87' lang='lat' dir='ltr'><strong>legerat,</strong></span> <span class='ocrx_word' id='word_1_481' title='bbox 1241 4401 1491 4468; x_wconf 87' lang='lat' dir='ltr'><strong>requirat.</strong></span> <span class='ocrx_word' id='word_1_482' title='bbox 1541 4403 1710 4472; x_wconf 71' lang='lat' dir='ltr'><strong>Roga.</strong></span> 
     </span>
    </p>
   </div>
   <div class='ocr_carea' id='block_1_62' title="bbox 125 4479 1705 4550">
    <p class='ocr_par' dir='ltr' id='par_1_62' title="bbox 125 4479 1705 4550">
     <span class='ocr_line' id='line_1_62' title="bbox 125 4479 1705 4550; baseline 0.013 -22"><span class='ocrx_word' id='word_1_483' title='bbox 125 4479 281 4548; x_wconf 76' lang='lat' dir='ltr'><strong>sitque</strong></span> <span class='ocrx_word' id='word_1_484' title='bbox 311 4479 645 4550; x_wconf 76' lang='lat' dir='ltr'><strong>Philippum.</strong></span> <span class='ocrx_word' id='word_1_485' title='bbox 687 4492 742 4536; x_wconf 90' lang='lat' dir='ltr'><strong>ut</strong></span> <span class='ocrx_word' id='word_1_486' title='bbox 783 4486 1070 4541; x_wconf 83' lang='lat' dir='ltr'><strong>ascenderet</strong></span> <span class='ocrx_word' id='word_1_487' title='bbox 1101 4498 1147 4541; x_wconf 90' lang='lat' dir='ltr'><strong>et</strong></span> <span class='ocrx_word' id='word_1_488' title='bbox 1175 4490 1366 4544; x_wconf 87' lang='lat' dir='ltr'><strong>sederet</strong></span> <span class='ocrx_word' id='word_1_489' title='bbox 1403 4509 1586 4546; x_wconf 84' lang='lat' dir='ltr'><strong>secum.</strong></span> <span class='ocrx_word' id='word_1_490' title='bbox 1617 4494 1705 4549; x_wconf 71' lang='grc'><strong>52.</strong></span> 
     </span>
    </p>
   </div>
   <div class='ocr_carea' id='block_1_63' title="bbox 123 4568 1710 4650">
    <p class='ocr_par' dir='ltr' id='par_1_63' title="bbox 123 4568 1710 4650">
     <span class='ocr_line' id='line_1_63' title="bbox 123 4568 1710 4650; baseline 0.011 -27"><span class='ocrx_word' id='word_1_491' title='bbox 123 4568 282 4624; x_wconf 81' lang='lat' dir='ltr'><strong>Locus</strong></span> <span class='ocrx_word' id='word_1_492' title='bbox 303 4582 486 4625; x_wconf 80' lang='lat' dir='ltr'><strong>autent</strong></span> <span class='ocrx_word' id='word_1_493' title='bbox 518 4573 818 4644; x_wconf 71' lang='lat' dir='ltr'><strong>Scriptum,</strong></span> <span class='ocrx_word' id='word_1_494' title='bbox 865 4593 1009 4646; x_wconf 85' lang='lat' dir='ltr'><strong>quem</strong></span> <span class='ocrx_word' id='word_1_495' title='bbox 1034 4579 1244 4650; x_wconf 83' lang='lat' dir='ltr'><strong>legebat,</strong></span> <span class='ocrx_word' id='word_1_496' title='bbox 1280 4592 1385 4635; x_wconf 89' lang='lat' dir='ltr'><strong>erat</strong></span> <span class='ocrx_word' id='word_1_497' title='bbox 1408 4585 1490 4638; x_wconf 87' lang='lat' dir='ltr'><strong>hic</strong></span> <span class='ocrx_word' id='word_1_498' title='bbox 1512 4601 1530 4639; x_wconf 92' lang='lat'><em>:</em></span> <span class='ocrx_word' id='word_1_499' title='bbox 1554 4585 1710 4640; x_wconf 86' lang='lat' dir='ltr'><strong>Tam-</strong></span> 
     </span>
    </p>
   </div>
   <div class='ocr_carea' id='block_1_64' title="bbox 123 4667 1709 4749">
    <p class='ocr_par' dir='ltr' id='par_1_64' title="bbox 123 4667 1709 4749">
     <span class='ocr_line' id='line_1_64' title="bbox 123 4667 1709 4749; baseline 0.013 -34"><span class='ocrx_word' id='word_1_500' title='bbox 123 4681 266 4730; x_wconf 83' lang='lat' dir='ltr'><strong>quam</strong></span> <span class='ocrx_word' id='word_1_501' title='bbox 288 4668 404 4719; x_wconf 73' lang='lat' dir='ltr'><strong>ouis</strong></span> <span class='ocrx_word' id='word_1_502' title='bbox 432 4667 505 4719; x_wconf 86' lang='lat' dir='ltr'><strong>ad</strong></span> <span class='ocrx_word' id='word_1_503' title='bbox 529 4670 827 4723; x_wconf 74' lang='lat' dir='ltr'><strong>occisionem</strong></span> <span class='ocrx_word' id='word_1_504' title='bbox 856 4672 1033 4725; x_wconf 88' lang='lat' dir='ltr'><strong>ductus</strong></span> <span class='ocrx_word' id='word_1_505' title='bbox 1061 4683 1131 4727; x_wconf 80' lang='lat' dir='ltr'><strong>est</strong></span> <span class='ocrx_word' id='word_1_506' title='bbox 1159 4690 1178 4728; x_wconf 83' lang='lat'><strong>.&#39;</strong></span> <span class='ocrx_word' id='word_1_507' title='bbox 1207 4685 1254 4729; x_wconf 89' lang='lat' dir='ltr'><strong>et</strong></span> <span class='ocrx_word' id='word_1_508' title='bbox 1282 4677 1409 4730; x_wconf 85' lang='lat' dir='ltr'><strong>sicut</strong></span> <span class='ocrx_word' id='word_1_509' title='bbox 1436 4695 1595 4749; x_wconf 88' lang='lat' dir='ltr'><strong>agnus</strong></span> <span class='ocrx_word' id='word_1_510' title='bbox 1623 4697 1709 4734; x_wconf 84' lang='lat' dir='ltr'><strong>co-</strong></span> 
     </span>
    </p>
   </div>
   <div class='ocr_carea' id='block_1_65' title="bbox 124 4761 1703 4837">
    <p class='ocr_par' dir='ltr' id='par_1_65' title="bbox 124 4761 1703 4837">
     <span class='ocr_line' id='line_1_65' title="bbox 124 4761 1703 4837; baseline 0.013 -28"><span class='ocrx_word' id='word_1_511' title='bbox 124 4775 225 4811; x_wconf 84' lang='lat' dir='ltr'><strong>ram</strong></span> <span class='ocrx_word' id='word_1_512' title='bbox 255 4761 506 4813; x_wconf 81' lang='lat' dir='ltr'><strong>tondente</strong></span> <span class='ocrx_word' id='word_1_513' title='bbox 524 4778 578 4814; x_wconf 86' lang='lat' dir='ltr'><strong>se</strong></span> <span class='ocrx_word' id='word_1_514' title='bbox 600 4763 707 4816; x_wconf 85' lang='lat' dir='ltr'><strong>sine</strong></span> <span class='ocrx_word' id='word_1_515' title='bbox 730 4780 862 4828; x_wconf 82' lang='lat' dir='ltr'><strong>voce,</strong></span> <span class='ocrx_word' id='word_1_516' title='bbox 894 4767 967 4818; x_wconf 90' lang='lat' dir='ltr'><strong>sic</strong></span> <span class='ocrx_word' id='word_1_517' title='bbox 995 4783 1096 4820; x_wconf 90' lang='lat' dir='ltr'><strong>non</strong></span> <span class='ocrx_word' id='word_1_518' title='bbox 1121 4770 1315 4837; x_wconf 88' lang='lat' dir='ltr'><strong>aperuit</strong></span> <span class='ocrx_word' id='word_1_519' title='bbox 1338 4787 1394 4824; x_wconf 91' lang='lat' dir='ltr'><strong>os</strong></span> <span class='ocrx_word' id='word_1_520' title='bbox 1417 4789 1582 4826; x_wconf 89' lang='lat' dir='ltr'><strong>suum.</strong></span> <span class='ocrx_word' id='word_1_521' title='bbox 1614 4775 1703 4828; x_wconf 85' lang='grc'><strong>55.</strong></span> 
     </span>
    </p>
   </div>
   <div class='ocr_carea' id='block_1_66' title="bbox 125 4849 1706 4924">
    <p class='ocr_par' dir='ltr' id='par_1_66' title="bbox 125 4849 1706 4924">
     <span class='ocr_line' id='line_1_66' title="bbox 125 4849 1706 4924; baseline 0.013 -25"><span class='ocrx_word' id='word_1_522' title='bbox 125 4849 183 4900; x_wconf 85' lang='lat' dir='ltr'><strong>lu</strong></span> <span class='ocrx_word' id='word_1_523' title='bbox 209 4851 505 4904; x_wconf 76' lang='lat' dir='ltr'><strong>humilitate</strong></span> <span class='ocrx_word' id='word_1_524' title='bbox 529 4853 780 4922; x_wconf 79' lang='lat' dir='ltr'><strong>judicium</strong></span> <span class='ocrx_word' id='word_1_525' title='bbox 806 4857 914 4924; x_wconf 86' lang='lat' dir='ltr'><strong>ejus</strong></span> <span class='ocrx_word' id='word_1_526' title='bbox 932 4858 1180 4911; x_wconf 86' lang='lat' dir='ltr'><strong>sublatam</strong></span> <span class='ocrx_word' id='word_1_527' title='bbox 1208 4870 1299 4913; x_wconf 90' lang='lat' dir='ltr'><strong>est.</strong></span> <span class='ocrx_word' id='word_1_528' title='bbox 1329 4860 1706 4919; x_wconf 82' lang='lat' dir='ltr'><strong>Cenerationent</strong></span> 
     </span>
    </p>
   </div>
   <div class='ocr_carea' id='block_1_67' title="bbox 120 4943 1706 5026">
    <p class='ocr_par' dir='ltr' id='par_1_67' title="bbox 120 4943 1706 5026">
     <span class='ocr_line' id='line_1_67' title="bbox 120 4943 1706 5026; baseline 0.013 -34"><span class='ocrx_word' id='word_1_529' title='bbox 120 4943 222 4999; x_wconf 80' lang='lat' dir='ltr'><strong>eius</strong></span> <span class='ocrx_word' id='word_1_530' title='bbox 249 4944 367 5009; x_wconf 85' lang='lat' dir='ltr'><strong>quis</strong></span> <span class='ocrx_word' id='word_1_531' title='bbox 396 4944 654 4996; x_wconf 81' lang='lat' dir='ltr'><strong>enarrabit</strong></span> <span class='ocrx_word' id='word_1_532' title='bbox 673 4946 698 4996; x_wconf 67' lang='lat'><strong>.9</strong></span> <span class='ocrx_word' id='word_1_533' title='bbox 726 4948 958 5013; x_wconf 87' lang='lat' dir='ltr'><strong>quoniam</strong></span> <span class='ocrx_word' id='word_1_534' title='bbox 981 4951 1180 5004; x_wconf 87' lang='lat' dir='ltr'><strong>tolletur</strong></span> <span class='ocrx_word' id='word_1_535' title='bbox 1207 4953 1270 5006; x_wconf 90' lang='lat' dir='ltr'><strong>de</strong></span> <span class='ocrx_word' id='word_1_536' title='bbox 1297 4963 1430 5008; x_wconf 84' lang='lat' dir='ltr'><strong>terra</strong></span> <span class='ocrx_word' id='word_1_537' title='bbox 1461 4957 1561 5010; x_wconf 83' lang='lat' dir='ltr'><strong>vita</strong></span> <span class='ocrx_word' id='word_1_538' title='bbox 1597 4962 1706 5026; x_wconf 84' lang='lat' dir='ltr'><strong>ejus</strong></span> 
     </span>
    </p>
   </div>
   <div class='ocr_carea' id='block_1_68' title="bbox 124 5031 1706 5111">
    <p class='ocr_par' dir='ltr' id='par_1_68' title="bbox 124 5031 1706 5111">
     <span class='ocr_line' id='line_1_68' title="bbox 124 5031 1706 5111; baseline 0.015 -29"><span class='ocrx_word' id='word_1_539' title='bbox 124 5033 141 5098; x_wconf 94' lang='lat'>(</span> <span class='ocrx_word' id='word_1_540' title='bbox 157 5031 278 5086; x_wconf 81' lang='lat' dir='ltr'><strong>lsei.</strong></span> <span class='ocrx_word' id='word_1_541' title='bbox 308 5035 408 5090; x_wconf 83' lang='grc'><strong>55.</strong></span> <span class='ocrx_word' id='word_1_542' title='bbox 433 5037 488 5089; x_wconf 88' lang='grc'><strong>7.</strong></span> <span class='ocrx_word' id='word_1_543' title='bbox 519 5037 551 5091; x_wconf 89' lang='grc'><strong>8</strong></span> <span class='ocrx_word' id='word_1_544' title='bbox 575 5041 613 5104; x_wconf 92' lang='grc'><strong>).</strong></span> <span class='ocrx_word' id='word_1_545' title='bbox 642 5038 731 5092; x_wconf 75' lang='grc'><strong>54.</strong></span> <span class='ocrx_word' id='word_1_546' title='bbox 759 5037 1086 5111; x_wconf 79' lang='lat' dir='ltr'><strong>Respondeas</strong></span> <span class='ocrx_word' id='word_1_547' title='bbox 1103 5056 1266 5098; x_wconf 83' lang='lat' dir='ltr'><strong>autent</strong></span> <span class='ocrx_word' id='word_1_548' title='bbox 1294 5050 1551 5104; x_wconf 88' lang='lat' dir='ltr'><strong>eunuchus</strong></span> <span class='ocrx_word' id='word_1_549' title='bbox 1573 5049 1706 5104; x_wconf 86' lang='lat' dir='ltr'><strong>Phi-</strong></span> 
     </span>
    </p>
   </div>
   <div class='ocr_carea' id='block_1_69' title="bbox 119 5126 1704 5210">
    <p class='ocr_par' dir='ltr' id='par_1_69' title="bbox 119 5126 1704 5210">
     <span class='ocr_line' id='line_1_69' title="bbox 119 5126 1704 5210; baseline 0.013 -34"><span class='ocrx_word' id='word_1_550' title='bbox 119 5126 272 5195; x_wconf 81' lang='lat' dir='ltr'><strong>lippo,</strong></span> <span class='ocrx_word' id='word_1_551' title='bbox 303 5129 445 5182; x_wconf 69' lang='lat' dir='ltr'><strong>dixit</strong></span> <span class='ocrx_word' id='word_1_552' title='bbox 485 5145 508 5182; x_wconf 89' lang='lat'><strong><em>:</em></strong></span> <span class='ocrx_word' id='word_1_553' title='bbox 535 5128 751 5184; x_wconf 84' lang='lat' dir='ltr'><strong>Obsecro</strong></span> <span class='ocrx_word' id='word_1_554' title='bbox 773 5141 838 5194; x_wconf 85' lang='lat' dir='ltr'><strong>te,</strong></span> <span class='ocrx_word' id='word_1_555' title='bbox 871 5135 932 5187; x_wconf 90' lang='lat' dir='ltr'><strong>de</strong></span> <span class='ocrx_word' id='word_1_556' title='bbox 954 5151 1054 5204; x_wconf 87' lang='lat' dir='ltr'><strong>quo</strong></span> <span class='ocrx_word' id='word_1_557' title='bbox 1085 5140 1329 5206; x_wconf 87' lang='lat' dir='ltr'><strong>propheta</strong></span> <span class='ocrx_word' id='word_1_558' title='bbox 1357 5141 1475 5194; x_wconf 84' lang='lat' dir='ltr'><strong>dicit</strong></span> <span class='ocrx_word' id='word_1_559' title='bbox 1502 5143 1615 5210; x_wconf 80' lang='lat' dir='ltr'><strong>hoc,</strong></span> <span class='ocrx_word' id='word_1_560' title='bbox 1643 5144 1704 5198; x_wconf 88' lang='lat' dir='ltr'><strong>de</strong></span> 
     </span>
    </p>
   </div>
   <div class='ocr_carea' id='block_1_70' title="bbox 121 5220 1705 5306">
    <p class='ocr_par' dir='ltr' id='par_1_70' title="bbox 121 5220 1705 5306">
     <span class='ocr_line' id='line_1_70' title="bbox 121 5220 1705 5306; baseline 0.015 -37"><span class='ocrx_word' id='word_1_561' title='bbox 121 5234 274 5280; x_wconf 59' lang='lat' dir='ltr'><strong>se,”</strong></span> <span class='ocrx_word' id='word_1_562' title='bbox 320 5220 390 5272; x_wconf 86' lang='lat' dir='ltr'><strong>de</strong></span> <span class='ocrx_word' id='word_1_563' title='bbox 433 5221 537 5273; x_wconf 89' lang='lat' dir='ltr'><strong>alio</strong></span> <span class='ocrx_word' id='word_1_564' title='bbox 567 5223 779 5291; x_wconf 82' lang='lat' dir='ltr'><strong>aliqua?</strong></span> <span class='ocrx_word' id='word_1_565' title='bbox 816 5225 903 5280; x_wconf 81' lang='grc'><strong>55.</strong></span> <span class='ocrx_word' id='word_1_566' title='bbox 935 5227 1176 5296; x_wconf 83' lang='lat' dir='ltr'><strong>Aperiens</strong></span> <span class='ocrx_word' id='word_1_567' title='bbox 1218 5243 1384 5284; x_wconf 82' lang='lat' dir='ltr'><strong>autem</strong></span> <span class='ocrx_word' id='word_1_568' title='bbox 1431 5232 1705 5306; x_wconf 76' lang='lat' dir='ltr'><strong>Philippus</strong></span> 
     </span>
    </p>
   </div>
   <div class='ocr_carea' id='block_1_71' title="bbox 122 5313 1705 5394">
    <p class='ocr_par' dir='ltr' id='par_1_71' title="bbox 122 5313 1705 5394">
     <span class='ocr_line' id='line_1_71' title="bbox 122 5313 1705 5394; baseline 0.014 -35"><span class='ocrx_word' id='word_1_569' title='bbox 122 5326 171 5360; x_wconf 81' lang='lat' dir='ltr'><strong>os</strong></span> <span class='ocrx_word' id='word_1_570' title='bbox 190 5329 365 5373; x_wconf 72' lang='lat' dir='ltr'><strong>ruunt,</strong></span> <span class='ocrx_word' id='word_1_571' title='bbox 399 5320 449 5365; x_wconf 81' lang='lat' dir='ltr'><strong>et</strong></span> <span class='ocrx_word' id='word_1_572' title='bbox 479 5313 723 5381; x_wconf 85' lang='lat' dir='ltr'><strong>incipiens</strong></span> <span class='ocrx_word' id='word_1_573' title='bbox 747 5330 779 5366; x_wconf 91' lang='lat' dir='ltr'><strong>a</strong></span> <span class='ocrx_word' id='word_1_574' title='bbox 809 5315 1078 5386; x_wconf 86' lang='lat' dir='ltr'><strong>Scriptura</strong></span> <span class='ocrx_word' id='word_1_575' title='bbox 1107 5321 1220 5386; x_wconf 90' lang='lat' dir='ltr'><strong>ista,</strong></span> <span class='ocrx_word' id='word_1_576' title='bbox 1249 5324 1597 5394; x_wconf 79' lang='lat' dir='ltr'><strong>evangeliztwtt</strong></span> <span class='ocrx_word' id='word_1_577' title='bbox 1627 5328 1705 5380; x_wconf 88' lang='lat' dir='ltr'><strong>illi</strong></span> 
     </span>
    </p>
   </div>
   <div class='ocr_carea' id='block_1_72' title="bbox 124 5399 1704 5484">
    <p class='ocr_par' dir='ltr' id='par_1_72' title="bbox 124 5399 1704 5484">
     <span class='ocr_line' id='line_1_72' title="bbox 124 5399 1704 5484; baseline 0.015 -33"><span class='ocrx_word' id='word_1_578' title='bbox 124 5399 315 5455; x_wconf 75' lang='lat' dir='ltr'><strong>Iesum.</strong></span> <span class='ocrx_word' id='word_1_579' title='bbox 352 5403 573 5470; x_wconf 78' lang='lat' dir='ltr'><strong>Viden&#39;,</strong></span> <span class='ocrx_word' id='word_1_580' title='bbox 596 5408 864 5475; x_wconf 89' lang='lat' dir='ltr'><strong>quomodo</strong></span> <span class='ocrx_word' id='word_1_581' title='bbox 893 5426 978 5465; x_wconf 88' lang='lat' dir='ltr'><strong>res</strong></span> <span class='ocrx_word' id='word_1_582' title='bbox 1000 5426 1118 5466; x_wconf 89' lang='lat' dir='ltr'><strong>cum</strong></span> <span class='ocrx_word' id='word_1_583' title='bbox 1147 5414 1236 5468; x_wconf 84' lang='lat' dir='ltr'><strong>illo</strong></span> <span class='ocrx_word' id='word_1_584' title='bbox 1264 5415 1535 5484; x_wconf 70' lang='lat' dir='ltr'><strong>disposita:</strong></span> <span class='ocrx_word' id='word_1_585' title='bbox 1555 5421 1704 5475; x_wconf 86' lang='lat' dir='ltr'><strong>sint?</strong></span> 
     </span>
    </p>
   </div>
   <div class='ocr_carea' id='block_1_73' title="bbox 127 5489 1701 5578">
    <p class='ocr_par' dir='ltr' id='par_1_73' title="bbox 127 5489 1701 5578">
     <span class='ocr_line' id='line_1_73' title="bbox 127 5489 1701 5578; baseline 0.015 -34"><span class='ocrx_word' id='word_1_586' title='bbox 127 5489 302 5550; x_wconf 75' lang='lat' dir='ltr'><strong>Primo</strong></span> <span class='ocrx_word' id='word_1_587' title='bbox 328 5495 470 5566; x_wconf 76' lang='lat' dir='ltr'><strong>legit</strong></span> <span class='ocrx_word' id='word_1_588' title='bbox 494 5505 548 5551; x_wconf 89' lang='lat' dir='ltr'><strong>et</strong></span> <span class='ocrx_word' id='word_1_589' title='bbox 575 5496 816 5568; x_wconf 86' lang='lat' dir='ltr'><strong>ignorat;</strong></span> <span class='ocrx_word' id='word_1_590' title='bbox 845 5500 1040 5559; x_wconf 90' lang='lat' dir='ltr'><strong>deinde</strong></span> <span class='ocrx_word' id='word_1_591' title='bbox 1065 5504 1192 5575; x_wconf 79' lang='lat' dir='ltr'><strong>legit</strong></span> <span class='ocrx_word' id='word_1_592' title='bbox 1215 5506 1355 5563; x_wconf 90' lang='lat' dir='ltr'><strong>hunc</strong></span> <span class='ocrx_word' id='word_1_593' title='bbox 1391 5508 1588 5578; x_wconf 87' lang='lat' dir='ltr'><strong>locum,</strong></span> <span class='ocrx_word' id='word_1_594' title='bbox 1618 5516 1701 5569; x_wconf 86' lang='lat' dir='ltr'><strong>ubi</strong></span> 
     </span>
    </p>
   </div>
   <div class='ocr_carea' id='block_1_74' title="bbox 183 5653 1704 5735">
    <p class='ocr_par' dir='ltr' id='par_1_74' title="bbox 183 5653 1704 5735">
     <span class='ocr_line' id='line_1_74' title="bbox 183 5653 1704 5735; baseline 0.016 -35"><span class='ocrx_word' id='word_1_595' title='bbox 183 5653 850 5735; x_wconf 27' lang='grc' dir='ltr'><strong>ἒὲιίἠψῑξξὴερξ,χιιι-φὶ]ιὶ</strong></span> <span class='ocrx_word' id='word_1_596' title='bbox 885 5660 1090 5734; x_wconf 47' lang='lat' dir='ltr'><strong>videtur,</strong></span> <span class='ocrx_word' id='word_1_597' title='bbox 1118 5665 1365 5732; x_wconf 80' lang='lat' dir='ltr'><strong>Philippus</strong></span> <span class='ocrx_word' id='word_1_598' title='bbox 1384 5668 1464 5735; x_wconf 81' lang='lat' dir='ltr'><strong>de</strong></span> <span class='ocrx_word' id='word_1_599' title='bbox 1486 5684 1592 5735; x_wconf 82' lang='lat' dir='ltr'><strong>quo</strong></span> <span class='ocrx_word' id='word_1_600' title='bbox 1624 5673 1704 5723; x_wconf 86' lang='lat' dir='ltr'><strong>hic</strong></span> 
     </span>
    </p>
   </div>
   <div class='ocr_carea' id='block_1_75' title="bbox 129 5721 1700 5800">
    <p class='ocr_par' dir='ltr' id='par_1_75' title="bbox 129 5721 1700 5800">
     <span class='ocr_line' id='line_1_75' title="bbox 129 5721 1700 5800; baseline 0.015 -38"><span class='ocrx_word' id='word_1_601' title='bbox 129 5721 296 5800; x_wconf 42' lang='lat' dir='ltr'><strong>year,</strong></span> <span class='ocrx_word' id='word_1_602' title='bbox 325 5729 460 5800; x_wconf 48' lang='lat' dir='ltr'><strong>iam:</strong></span> <span class='ocrx_word' id='word_1_603' title='bbox 480 5724 598 5800; x_wconf 52' lang='lat' dir='ltr'><strong>erat</strong></span> <span class='ocrx_word' id='word_1_604' title='bbox 608 5731 635 5787; x_wconf 81' lang='grc' dir='ltr'><strong>ε</strong></span> <span class='ocrx_word' id='word_1_605' title='bbox 656 5727 864 5782; x_wconf 86' lang='lat' dir='ltr'><strong>septem;</strong></span> <span class='ocrx_word' id='word_1_606' title='bbox 888 5736 979 5793; x_wconf 78' lang='lat' dir='ltr'><strong>non</strong></span> <span class='ocrx_word' id='word_1_607' title='bbox 1001 5725 1127 5800; x_wconf 79' lang='lat' dir='ltr'><strong>enim</strong></span> <span class='ocrx_word' id='word_1_608' title='bbox 1149 5743 1179 5778; x_wconf 90' lang='lat' dir='ltr'><strong>a</strong></span> <span class='ocrx_word' id='word_1_609' title='bbox 1211 5721 1524 5796; x_wconf 70' lang='lat' dir='ltr'><strong>Jerosolymt&#39;s&#39;</strong></span> <span class='ocrx_word' id='word_1_610' title='bbox 1539 5721 1700 5800; x_wconf 49' lang='lat' dir='ltr'><strong>prole;</strong></span> 
     </span>
    </p>
   </div>
   <div class='ocr_carea' id='block_1_76' title="bbox 127 5784 1038 5847">
    <p class='ocr_par' dir='ltr' id='par_1_76' title="bbox 127 5784 1038 5847">
     <span class='ocr_line' id='line_1_76' title="bbox 127 5784 1038 5847; baseline 0.016 -26"><span class='ocrx_word' id='word_1_611' title='bbox 127 5785 221 5825; x_wconf 74' lang='lat' dir='ltr'><strong>aes</strong></span> <span class='ocrx_word' id='word_1_612' title='bbox 239 5785 422 5828; x_wconf 60' lang='lat' dir='ltr'><strong>centra</strong></span> <span class='ocrx_word' id='word_1_613' title='bbox 444 5784 696 5832; x_wconf 80' lang='lat' dir='ltr'><strong>meridiem</strong></span> <span class='ocrx_word' id='word_1_614' title='bbox 717 5785 1038 5847; x_wconf 82' lang='lat' dir='ltr'><strong>processisset.</strong></span> 
     </span>
    </p>
   </div>
   <div class='ocr_carea' id='block_1_77' title="bbox 1836 2187 3414 2258">
    <p class='ocr_par' dir='ltr' id='par_1_77' title="bbox 1836 2187 3414 2258">
     <span class='ocr_line' id='line_1_77' title="bbox 1836 2187 3414 2258; baseline 0.008 -19"><span class='ocrx_word' id='word_1_615' title='bbox 1836 2187 2158 2242; x_wconf 87' lang='lat' dir='ltr'><strong>narrabatur</strong></span> <span class='ocrx_word' id='word_1_616' title='bbox 2185 2189 2384 2258; x_wconf 90' lang='lat' dir='ltr'><strong>passio,</strong></span> <span class='ocrx_word' id='word_1_617' title='bbox 2413 2191 2734 2245; x_wconf 87' lang='lat' dir='ltr'><strong>resurrectio</strong></span> <span class='ocrx_word' id='word_1_618' title='bbox 2754 2201 2805 2246; x_wconf 88' lang='lat' dir='ltr'><strong>et</strong></span> <span class='ocrx_word' id='word_1_619' title='bbox 2831 2193 3049 2248; x_wconf 91' lang='lat' dir='ltr'><strong>donum.</strong></span> <span class='ocrx_word' id='word_1_620' title='bbox 3076 2194 3163 2249; x_wconf 81' lang='grc'><strong>56.</strong></span> <span class='ocrx_word' id='word_1_621' title='bbox 3207 2195 3272 2250; x_wconf 85' lang='lat' dir='ltr'><strong>Et</strong></span> <span class='ocrx_word' id='word_1_622' title='bbox 3296 2197 3414 2251; x_wconf 89' lang='lat' dir='ltr'><strong>dum</strong></span> 
     </span>
    </p>
   </div>
   <div class='ocr_carea' id='block_1_78' title="bbox 1835 2277 3414 2353">
    <p class='ocr_par' dir='ltr' id='par_1_78' title="bbox 1835 2277 3414 2353">
     <span class='ocr_line' id='line_1_78' title="bbox 1835 2277 3414 2353; baseline 0.009 -24"><span class='ocrx_word' id='word_1_623' title='bbox 1835 2277 1963 2330; x_wconf 89' lang='lat' dir='ltr'><strong>irent</strong></span> <span class='ocrx_word' id='word_1_624' title='bbox 2003 2295 2091 2346; x_wconf 87' lang='lat' dir='ltr'><strong>per</strong></span> <span class='ocrx_word' id='word_1_625' title='bbox 2127 2281 2279 2346; x_wconf 83' lang='lat' dir='ltr'><strong>viam,</strong></span> <span class='ocrx_word' id='word_1_626' title='bbox 2315 2292 2548 2335; x_wconf 85' lang='lat' dir='ltr'><strong>venerunt</strong></span> <span class='ocrx_word' id='word_1_627' title='bbox 2589 2283 2655 2335; x_wconf 87' lang='lat' dir='ltr'><strong>ad</strong></span> <span class='ocrx_word' id='word_1_628' title='bbox 2689 2285 2959 2353; x_wconf 87' lang='lat' dir='ltr'><strong>quamdam</strong></span> <span class='ocrx_word' id='word_1_629' title='bbox 3004 2304 3185 2353; x_wconf 88' lang='lat' dir='ltr'><strong>aquam</strong></span> <span class='ocrx_word' id='word_1_630' title='bbox 3212 2305 3230 2341; x_wconf 88' lang='lat'><strong><em>:</em></strong></span> <span class='ocrx_word' id='word_1_631' title='bbox 3256 2299 3302 2342; x_wconf 89' lang='lat' dir='ltr'><strong>et</strong></span> <span class='ocrx_word' id='word_1_632' title='bbox 3341 2294 3414 2345; x_wconf 87' lang='lat' dir='ltr'><strong>ait</strong></span> 
     </span>
    </p>
   </div>
   <div class='ocr_carea' id='block_1_79' title="bbox 1839 2368 3409 2449">
    <p class='ocr_par' dir='ltr' id='par_1_79' title="bbox 1839 2368 3409 2449">
     <span class='ocr_line' id='line_1_79' title="bbox 1839 2368 3409 2449; baseline 0.01 -28"><span class='ocrx_word' id='word_1_633' title='bbox 1839 2371 2126 2428; x_wconf 87' lang='lat' dir='ltr'><strong>eunuchus:</strong></span> <span class='ocrx_word' id='word_1_634' title='bbox 2148 2368 2282 2425; x_wconf 85' lang='lat' dir='ltr'><strong>Ecce</strong></span> <span class='ocrx_word' id='word_1_635' title='bbox 2308 2388 2457 2442; x_wconf 88' lang='lat' dir='ltr'><strong>aqua,</strong></span> <span class='ocrx_word' id='word_1_636' title='bbox 2489 2374 2611 2442; x_wconf 87' lang='lat' dir='ltr'><strong>quid</strong></span> <span class='ocrx_word' id='word_1_637' title='bbox 2636 2377 2862 2444; x_wconf 84' lang='lat' dir='ltr'><strong>prohibet</strong></span> <span class='ocrx_word' id='word_1_638' title='bbox 2893 2393 2972 2430; x_wconf 88' lang='lat' dir='ltr'><strong>me</strong></span> <span class='ocrx_word' id='word_1_639' title='bbox 3010 2378 3297 2449; x_wconf 79' lang='lat' dir='ltr'><strong>baptizari?</strong></span> <span class='ocrx_word' id='word_1_640' title='bbox 3323 2383 3409 2437; x_wconf 82' lang='lat' dir='ltr'><strong>Vi-</strong></span> 
     </span>
    </p>
   </div>
   <div class='ocr_carea' id='block_1_80' title="bbox 1837 2463 3405 2544">
    <p class='ocr_par' dir='ltr' id='par_1_80' title="bbox 1837 2463 3405 2544">
     <span class='ocr_line' id='line_1_80' title="bbox 1837 2463 3405 2544; baseline 0.008 -26"><span class='ocrx_word' id='word_1_641' title='bbox 1837 2463 2014 2518; x_wconf 89' lang='lat' dir='ltr'><strong>distin‘</strong></span> <span class='ocrx_word' id='word_1_642' title='bbox 2043 2475 2344 2536; x_wconf 88' lang='lat' dir='ltr'><strong>promptum</strong></span> <span class='ocrx_word' id='word_1_643' title='bbox 2369 2468 2645 2522; x_wconf 89' lang='lat' dir='ltr'><strong>animum?</strong></span> <span class='ocrx_word' id='word_1_644' title='bbox 2674 2470 2905 2524; x_wconf 83' lang='lat' dir='ltr'><strong>vidistin’</strong></span> <span class='ocrx_word' id='word_1_645' title='bbox 2926 2472 3290 2544; x_wconf 81' lang='lat' dir='ltr'><strong>diligentiam?</strong></span> <span class='ocrx_word' id='word_1_646' title='bbox 3314 2477 3405 2531; x_wconf 81' lang='lat'><strong>38.</strong></span> 
     </span>
    </p>
   </div>
   <div class='ocr_carea' id='block_1_81' title="bbox 1834 2553 3404 2636">
    <p class='ocr_par' dir='ltr' id='par_1_81' title="bbox 1834 2553 3404 2636">
     <span class='ocr_line' id='line_1_81' title="bbox 1834 2553 3404 2636; baseline 0.01 -30"><span class='ocrx_word' id='word_1_647' title='bbox 1834 2553 1902 2606; x_wconf 84' lang='lat' dir='ltr'><strong>Et</strong></span> <span class='ocrx_word' id='word_1_648' title='bbox 1921 2557 2064 2623; x_wconf 80' lang='lat' dir='ltr'><strong>iussit</strong></span> <span class='ocrx_word' id='word_1_649' title='bbox 2079 2567 2214 2611; x_wconf 88' lang='lat' dir='ltr'><strong>stare</strong></span> <span class='ocrx_word' id='word_1_650' title='bbox 2234 2574 2458 2623; x_wconf 89' lang='lat' dir='ltr'><strong>currum,</strong></span> <span class='ocrx_word' id='word_1_651' title='bbox 2477 2573 2522 2613; x_wconf 91' lang='lat' dir='ltr'><strong>et</strong></span> <span class='ocrx_word' id='word_1_652' title='bbox 2544 2561 2902 2617; x_wconf 86' lang='lat' dir='ltr'><strong>descenderunt</strong></span> <span class='ocrx_word' id='word_1_653' title='bbox 2918 2576 3119 2636; x_wconf 86' lang='lat' dir='ltr'><strong>uterque</strong></span> <span class='ocrx_word' id='word_1_654' title='bbox 3133 2567 3182 2620; x_wconf 88' lang='lat' dir='ltr'><strong>in</strong></span> <span class='ocrx_word' id='word_1_655' title='bbox 3199 2584 3404 2636; x_wconf 88' lang='lat' dir='ltr'><strong>aquam,</strong></span> 
     </span>
    </p>
   </div>
   <div class='ocr_carea' id='block_1_82' title="bbox 1834 2642 3406 2720">
    <p class='ocr_par' dir='ltr' id='par_1_82' title="bbox 1834 2642 3406 2720">
     <span class='ocr_line' id='line_1_82' title="bbox 1834 2642 3406 2720; baseline 0.009 -22"><span class='ocrx_word' id='word_1_656' title='bbox 1834 2642 2109 2716; x_wconf 82' lang='lat' dir='ltr'><strong>Philippus</strong></span> <span class='ocrx_word' id='word_1_657' title='bbox 2136 2657 2182 2700; x_wconf 88' lang='lat' dir='ltr'><strong>et</strong></span> <span class='ocrx_word' id='word_1_658' title='bbox 2207 2649 2481 2714; x_wconf 86' lang='lat' dir='ltr'><strong>eunuchus,</strong></span> <span class='ocrx_word' id='word_1_659' title='bbox 2511 2662 2555 2703; x_wconf 87' lang='lat' dir='ltr'><strong>et</strong></span> <span class='ocrx_word' id='word_1_660' title='bbox 2577 2652 2843 2720; x_wconf 77' lang='lat' dir='ltr'><strong>baptizavit</strong></span> <span class='ocrx_word' id='word_1_661' title='bbox 2869 2671 3001 2710; x_wconf 89' lang='lat' dir='ltr'><strong>eum.</strong></span> <span class='ocrx_word' id='word_1_662' title='bbox 3036 2655 3123 2710; x_wconf 87' lang='grc'><strong>59.</strong></span> <span class='ocrx_word' id='word_1_663' title='bbox 3151 2654 3276 2711; x_wconf 86' lang='lat' dir='ltr'><strong>Cum</strong></span> <span class='ocrx_word' id='word_1_664' title='bbox 3311 2677 3406 2712; x_wconf 89' lang='lat' dir='ltr'><strong>au-</strong></span> 
     </span>
    </p>
   </div>
   <div class='ocr_carea' id='block_1_83' title="bbox 1833 2739 3404 2822">
    <p class='ocr_par' dir='ltr' id='par_1_83' title="bbox 1833 2739 3404 2822">
     <span class='ocr_line' id='line_1_83' title="bbox 1833 2739 3404 2822; baseline 0.01 -33"><span class='ocrx_word' id='word_1_665' title='bbox 1833 2745 1928 2790; x_wconf 88' lang='lat' dir='ltr'><strong>tem</strong></span> <span class='ocrx_word' id='word_1_666' title='bbox 1950 2739 2284 2822; x_wconf 66' lang='lat' dir='ltr'><strong>asqendissent</strong></span> <span class='ocrx_word' id='word_1_667' title='bbox 2303 2741 2366 2796; x_wconf 91' lang='lat' dir='ltr'><strong>de</strong></span> <span class='ocrx_word' id='word_1_668' title='bbox 2398 2759 2551 2812; x_wconf 91' lang='lat' dir='ltr'><strong>aqua,</strong></span> <span class='ocrx_word' id='word_1_669' title='bbox 2576 2743 2798 2814; x_wconf 87' lang='lat' dir='ltr'><strong>Spiritus</strong></span> <span class='ocrx_word' id='word_1_670' title='bbox 2827 2745 3032 2801; x_wconf 88' lang='lat' dir='ltr'><strong>Domini</strong></span> <span class='ocrx_word' id='word_1_671' title='bbox 3075 2751 3244 2818; x_wconf 89' lang='lat' dir='ltr'><strong>rapuit</strong></span> <span class='ocrx_word' id='word_1_672' title='bbox 3273 2750 3404 2806; x_wconf 84' lang='lat' dir='ltr'><strong>Phi-</strong></span> 
     </span>
    </p>
   </div>
   <div class='ocr_carea' id='block_1_84' title="bbox 1830 2827 3406 2913">
    <p class='ocr_par' dir='ltr' id='par_1_84' title="bbox 1830 2827 3406 2913">
     <span class='ocr_line' id='line_1_84' title="bbox 1830 2827 3406 2913; baseline 0.01 -31"><span class='ocrx_word' id='word_1_673' title='bbox 1830 2827 2044 2898; x_wconf 86' lang='lat' dir='ltr'><strong>lippum,</strong></span> <span class='ocrx_word' id='word_1_674' title='bbox 2078 2840 2125 2884; x_wconf 87' lang='lat' dir='ltr'><strong>et</strong></span> <span class='ocrx_word' id='word_1_675' title='bbox 2153 2833 2372 2900; x_wconf 89' lang='lat' dir='ltr'><strong>antplius</strong></span> <span class='ocrx_word' id='word_1_676' title='bbox 2414 2851 2515 2888; x_wconf 88' lang='lat' dir='ltr'><strong>non</strong></span> <span class='ocrx_word' id='word_1_677' title='bbox 2553 2835 2674 2888; x_wconf 82' lang='lat' dir='ltr'><strong>uidit</strong></span> <span class='ocrx_word' id='word_1_678' title='bbox 2719 2854 2831 2890; x_wconf 87' lang='lat' dir='ltr'><strong>eum</strong></span> <span class='ocrx_word' id='word_1_679' title='bbox 2863 2841 3140 2894; x_wconf 86' lang='lat' dir='ltr'><strong>eunuchus.</strong></span> <span class='ocrx_word' id='word_1_680' title='bbox 3171 2841 3286 2896; x_wconf 87' lang='lat' dir='ltr'><strong>Ibat</strong></span> <span class='ocrx_word' id='word_1_681' title='bbox 3317 2861 3406 2913; x_wconf 86' lang='lat' dir='ltr'><strong>per</strong></span> 
     </span>
    </p>
   </div>
   <div class='ocr_carea' id='block_1_85' title="bbox 1830 2920 3403 3002">
    <p class='ocr_par' dir='ltr' id='par_1_85' title="bbox 1830 2920 3403 3002">
     <span class='ocr_line' id='line_1_85' title="bbox 1830 2920 3403 3002; baseline 0.012 -31"><span class='ocrx_word' id='word_1_682' title='bbox 1830 2920 1960 2972; x_wconf 83' lang='lat' dir='ltr'><strong>uiam</strong></span> <span class='ocrx_word' id='word_1_683' title='bbox 1988 2937 2130 2974; x_wconf 86' lang='lat' dir='ltr'><strong>suam</strong></span> <span class='ocrx_word' id='word_1_684' title='bbox 2154 2923 2396 2992; x_wconf 85' lang='lat' dir='ltr'><strong>gaudens.</strong></span> <span class='ocrx_word' id='word_1_685' title='bbox 2427 2923 2554 2993; x_wconf 90' lang='lat' dir='ltr'><strong>Cur,</strong></span> <span class='ocrx_word' id='word_1_686' title='bbox 2584 2926 2810 2996; x_wconf 90' lang='lat' dir='ltr'><strong>inquies,</strong></span> <span class='ocrx_word' id='word_1_687' title='bbox 2860 2929 2977 2982; x_wconf 91' lang='lat' dir='ltr'><strong>tulit</strong></span> <span class='ocrx_word' id='word_1_688' title='bbox 3005 2945 3127 2985; x_wconf 88' lang='lat' dir='ltr'><strong>eum</strong></span> <span class='ocrx_word' id='word_1_689' title='bbox 3171 2931 3403 3002; x_wconf 83' lang='lat' dir='ltr'><strong>Spiritus</strong></span> 
     </span>
    </p>
   </div>
   <div class='ocr_carea' id='block_1_86' title="bbox 1833 3007 3403 3096">
    <p class='ocr_par' dir='ltr' id='par_1_86' title="bbox 1833 3007 3403 3096">
     <span class='ocr_line' id='line_1_86' title="bbox 1833 3007 3403 3096; baseline 0.011 -31"><span class='ocrx_word' id='word_1_690' title='bbox 1833 3011 2078 3067; x_wconf 90' lang='lat' dir='ltr'><strong>Domini?</strong></span> <span class='ocrx_word' id='word_1_691' title='bbox 2119 3013 2254 3080; x_wconf 86' lang='lat' dir='ltr'><strong>Quia</strong></span> <span class='ocrx_word' id='word_1_692' title='bbox 2284 3031 2380 3086; x_wconf 89' lang='lat' dir='ltr'><strong>per</strong></span> <span class='ocrx_word' id='word_1_693' title='bbox 2399 3007 2534 3073; x_wconf 58' lang='lat' dir='ltr'><strong>ﬁlias</strong></span> <span class='ocrx_word' id='word_1_694' title='bbox 2564 3019 2806 3074; x_wconf 89' lang='lat' dir='ltr'><strong>civitates</strong></span> <span class='ocrx_word' id='word_1_695' title='bbox 2828 3023 3145 3078; x_wconf 88' lang='lat' dir='ltr'><strong>transiturus</strong></span> <span class='ocrx_word' id='word_1_696' title='bbox 3175 3033 3230 3080; x_wconf 86' lang='lat' dir='ltr'><strong>et</strong></span> <span class='ocrx_word' id='word_1_697' title='bbox 3267 3041 3403 3096; x_wconf 74' lang='lat' dir='ltr'><strong>prte-</strong></span> 
     </span>
    </p>
   </div>
   <div class='ocr_carea' id='block_1_87' title="bbox 1826 3101 3402 3183">
    <p class='ocr_par' dir='ltr' id='par_1_87' title="bbox 1826 3101 3402 3183">
     <span class='ocr_line' id='line_1_87' title="bbox 1826 3101 3402 3183; baseline 0.012 -28"><span class='ocrx_word' id='word_1_698' title='bbox 1826 3101 2095 3160; x_wconf 89' lang='lat' dir='ltr'><strong>dicaturus</strong></span> <span class='ocrx_word' id='word_1_699' title='bbox 2115 3117 2247 3161; x_wconf 90' lang='lat' dir='ltr'><strong>erat.</strong></span> <span class='ocrx_word' id='word_1_700' title='bbox 2277 3106 2346 3164; x_wconf 88' lang='lat' dir='ltr'><strong>Ut</strong></span> <span class='ocrx_word' id='word_1_701' title='bbox 2367 3123 2494 3179; x_wconf 87' lang='lat' dir='ltr'><strong>ergo</strong></span> <span class='ocrx_word' id='word_1_702' title='bbox 2520 3109 2570 3164; x_wconf 90' lang='lat' dir='ltr'><strong>in</strong></span> <span class='ocrx_word' id='word_1_703' title='bbox 2598 3110 2944 3168; x_wconf 89' lang='lat' dir='ltr'><strong>admiratione</strong></span> <span class='ocrx_word' id='word_1_704' title='bbox 2974 3113 3274 3183; x_wconf 87' lang='lat' dir='ltr'><strong>haberetur,</strong></span> <span class='ocrx_word' id='word_1_705' title='bbox 3301 3119 3402 3176; x_wconf 91' lang='lat' dir='ltr'><strong>hoc</strong></span> 
     </span>
    </p>
   </div>
   <div class='ocr_carea' id='block_1_88' title="bbox 1826 3194 3400 3270">
    <p class='ocr_par' dir='ltr' id='par_1_88' title="bbox 1826 3194 3400 3270">
     <span class='ocr_line' id='line_1_88' title="bbox 1826 3194 3400 3270; baseline 0.011 -21"><span class='ocrx_word' id='word_1_706' title='bbox 1826 3194 2020 3251; x_wconf 82' lang='lat' dir='ltr'><strong>factum</strong></span> <span class='ocrx_word' id='word_1_707' title='bbox 2042 3208 2143 3266; x_wconf 90' lang='lat' dir='ltr'><strong>est,</strong></span> <span class='ocrx_word' id='word_1_708' title='bbox 2176 3209 2337 3270; x_wconf 90' lang='lat' dir='ltr'><strong>utque</strong></span> <span class='ocrx_word' id='word_1_709' title='bbox 2357 3216 2464 3255; x_wconf 93' lang='lat' dir='ltr'><strong>non</strong></span> <span class='ocrx_word' id='word_1_710' title='bbox 2497 3203 2804 3269; x_wconf 88' lang='lat' dir='ltr'><strong>humanum,</strong></span> <span class='ocrx_word' id='word_1_711' title='bbox 2838 3205 2933 3260; x_wconf 90' lang='lat' dir='ltr'><strong>sed</strong></span> <span class='ocrx_word' id='word_1_712' title='bbox 2953 3207 3189 3263; x_wconf 86' lang='lat' dir='ltr'><strong>divinum</strong></span> <span class='ocrx_word' id='word_1_713' title='bbox 3229 3211 3400 3267; x_wconf 81' lang='lat' dir='ltr'><strong>hahe-</strong></span> 
     </span>
    </p>
   </div>
   <div class='ocr_carea' id='block_1_89' title="bbox 1825 3289 3400 3372">
    <p class='ocr_par' dir='ltr' id='par_1_89' title="bbox 1825 3289 3400 3372">
     <span class='ocr_line' id='line_1_89' title="bbox 1825 3289 3400 3372; baseline 0.01 -30"><span class='ocrx_word' id='word_1_714' title='bbox 1825 3296 1991 3354; x_wconf 88' lang='lat' dir='ltr'><strong>retur,</strong></span> <span class='ocrx_word' id='word_1_715' title='bbox 2025 3289 2166 3359; x_wconf 88' lang='lat' dir='ltr'><strong>quod</strong></span> <span class='ocrx_word' id='word_1_716' title='bbox 2214 3291 2354 3346; x_wconf 89' lang='lat' dir='ltr'><strong>circa</strong></span> <span class='ocrx_word' id='word_1_717' title='bbox 2398 3293 2572 3362; x_wconf 91' lang='lat' dir='ltr'><strong>ipsum</strong></span> <span class='ocrx_word' id='word_1_718' title='bbox 2602 3296 2797 3350; x_wconf 84' lang='lat' dir='ltr'><strong>factum</strong></span> <span class='ocrx_word' id='word_1_719' title='bbox 2850 3307 2952 3352; x_wconf 92' lang='lat' dir='ltr'><strong>est.</strong></span> <span class='ocrx_word' id='word_1_720' title='bbox 2985 3300 3072 3355; x_wconf 68' lang='lat'><strong>40.</strong></span> <span class='ocrx_word' id='word_1_721' title='bbox 3130 3299 3400 3372; x_wconf 83' lang='lat' dir='ltr'><strong>Philippus</strong></span> 
     </span>
    </p>
   </div>
   <div class='ocr_carea' id='block_1_90' title="bbox 1823 3380 3399 3465">
    <p class='ocr_par' dir='ltr' id='par_1_90' title="bbox 1823 3380 3399 3465">
     <span class='ocr_line' id='line_1_90' title="bbox 1823 3380 3399 3465; baseline 0.012 -34"><span class='ocrx_word' id='word_1_722' title='bbox 1823 3387 1991 3433; x_wconf 90' lang='lat' dir='ltr'><strong>autem</strong></span> <span class='ocrx_word' id='word_1_723' title='bbox 2015 3380 2242 3436; x_wconf 81' lang='lat' dir='ltr'><strong>inventus</strong></span> <span class='ocrx_word' id='word_1_724' title='bbox 2271 3393 2342 3437; x_wconf 90' lang='lat' dir='ltr'><strong>est</strong></span> <span class='ocrx_word' id='word_1_725' title='bbox 2363 3385 2414 3437; x_wconf 92' lang='lat' dir='ltr'><strong>in</strong></span> <span class='ocrx_word' id='word_1_726' title='bbox 2440 3384 2595 3440; x_wconf 79' lang='lat' dir='ltr'><strong>Azoto</strong></span> <span class='ocrx_word' id='word_1_727' title='bbox 2614 3401 2632 3440; x_wconf 92' lang='lat'><strong><em>:</em></strong></span> <span class='ocrx_word' id='word_1_728' title='bbox 2653 3397 2699 3440; x_wconf 86' lang='lat' dir='ltr'><strong>et</strong></span> <span class='ocrx_word' id='word_1_729' title='bbox 2729 3391 3062 3453; x_wconf 86' lang='lat' dir='ltr'><strong>pertransiens</strong></span> <span class='ocrx_word' id='word_1_730' title='bbox 3091 3397 3399 3465; x_wconf 81' lang='lat' dir='ltr'><strong>euangeliza—</strong></span> 
     </span>
    </p>
   </div>
   <div class='ocr_carea' id='block_1_91' title="bbox 1822 3468 3396 3545">
    <p class='ocr_par' dir='ltr' id='par_1_91' title="bbox 1822 3468 3396 3545">
     <span class='ocr_line' id='line_1_91' title="bbox 1822 3468 3396 3545; baseline 0.013 -23"><span class='ocrx_word' id='word_1_731' title='bbox 1822 3468 1905 3523; x_wconf 72' lang='grc' dir='ltr'>ιω</span> <span class='ocrx_word' id='word_1_732' title='bbox 1941 3471 2222 3527; x_wconf 82' lang='lat' dir='ltr'><strong>ciuitatibus</strong></span> <span class='ocrx_word' id='word_1_733' title='bbox 2267 3477 2481 3542; x_wconf 86' lang='lat' dir='ltr'><strong>cunctis,</strong></span> <span class='ocrx_word' id='word_1_734' title='bbox 2508 3476 2664 3533; x_wconf 88' lang='lat' dir='ltr'><strong>donec</strong></span> <span class='ocrx_word' id='word_1_735' title='bbox 2688 3482 2873 3534; x_wconf 86' lang='lat' dir='ltr'><strong>veniret</strong></span> <span class='ocrx_word' id='word_1_736' title='bbox 2909 3480 3209 3540; x_wconf 70' lang='lat' dir='ltr'><strong>Caesaream.</strong></span> <span class='ocrx_word' id='word_1_737' title='bbox 3260 3487 3396 3545; x_wconf 86' lang='lat' dir='ltr'><strong>llinc</strong></span> 
     </span>
    </p>
   </div>
   <div class='ocr_carea' id='block_1_92' title="bbox 1822 3561 3393 3648">
    <p class='ocr_par' dir='ltr' id='par_1_92' title="bbox 1822 3561 3393 3648">
     <span class='ocr_line' id='line_1_92' title="bbox 1822 3561 3393 3648; baseline 0.014 -35"><span class='ocrx_word' id='word_1_738' title='bbox 1822 3561 1992 3629; x_wconf 90' lang='lat' dir='ltr'><strong>palam</strong></span> <span class='ocrx_word' id='word_1_739' title='bbox 2039 3573 2139 3628; x_wconf 89' lang='lat' dir='ltr'><strong>est,</strong></span> <span class='ocrx_word' id='word_1_740' title='bbox 2179 3564 2318 3620; x_wconf 90' lang='lat' dir='ltr'><strong>hunc</strong></span> <span class='ocrx_word' id='word_1_741' title='bbox 2347 3582 2409 3621; x_wconf 83' lang='lat' dir='ltr'><strong>ex</strong></span> <span class='ocrx_word' id='word_1_742' title='bbox 2441 3579 2642 3637; x_wconf 88' lang='lat' dir='ltr'><strong>septem</strong></span> <span class='ocrx_word' id='word_1_743' title='bbox 2675 3571 2779 3626; x_wconf 89' lang='lat' dir='ltr'><strong>illis</strong></span> <span class='ocrx_word' id='word_1_744' title='bbox 2802 3571 2964 3628; x_wconf 88' lang='lat' dir='ltr'><strong>fuisse</strong></span> <span class='ocrx_word' id='word_1_745' title='bbox 2998 3592 3010 3628; x_wconf 93' lang='lat'>:</span> <span class='ocrx_word' id='word_1_746' title='bbox 3045 3592 3163 3631; x_wconf 85' lang='lat' dir='ltr'><strong>nam</strong></span> <span class='ocrx_word' id='word_1_747' title='bbox 3214 3588 3393 3648; x_wconf 89' lang='lat' dir='ltr'><strong>postea</strong></span> 
     </span>
    </p>
   </div>
   <div class='ocr_carea' id='block_1_93' title="bbox 1819 3650 3392 3738">
    <p class='ocr_par' dir='ltr' id='par_1_93' title="bbox 1819 3650 3392 3738">
     <span class='ocr_line' id='line_1_93' title="bbox 1819 3650 3392 3738; baseline 0.011 -33"><span class='ocrx_word' id='word_1_748' title='bbox 1819 3650 1872 3705; x_wconf 88' lang='lat' dir='ltr'><strong>in</strong></span> <span class='ocrx_word' id='word_1_749' title='bbox 1895 3651 2136 3707; x_wconf 81' lang='lat' dir='ltr'><strong>Caesarea</strong></span> <span class='ocrx_word' id='word_1_750' title='bbox 2176 3657 2458 3724; x_wconf 88' lang='lat' dir='ltr'><strong>reperitur.</strong></span> <span class='ocrx_word' id='word_1_751' title='bbox 2490 3657 2532 3712; x_wconf 89' lang='lat' dir='ltr'><strong>E</strong></span> <span class='ocrx_word' id='word_1_752' title='bbox 2559 3674 2618 3713; x_wconf 89' lang='lat' dir='ltr'><strong>re</strong></span> <span class='ocrx_word' id='word_1_753' title='bbox 2637 3670 2814 3716; x_wconf 89' lang='lat' dir='ltr'><strong>autem</strong></span> <span class='ocrx_word' id='word_1_754' title='bbox 2849 3665 3024 3733; x_wconf 90' lang='lat' dir='ltr'><strong>rapuit</strong></span> <span class='ocrx_word' id='word_1_755' title='bbox 3046 3665 3195 3721; x_wconf 91' lang='lat' dir='ltr'><strong>illum</strong></span> <span class='ocrx_word' id='word_1_756' title='bbox 3222 3668 3392 3738; x_wconf 87' lang='lat' dir='ltr'><strong>Spiri-</strong></span> 
     </span>
    </p>
   </div>
   <div class='ocr_carea' id='block_1_94' title="bbox 1819 3748 3390 3820">
    <p class='ocr_par' dir='ltr' id='par_1_94' title="bbox 1819 3748 3390 3820">
     <span class='ocr_line' id='line_1_94' title="bbox 1819 3748 3390 3820; baseline 0.013 -20"><span class='ocrx_word' id='word_1_757' title='bbox 1819 3753 1903 3801; x_wconf 90' lang='lat' dir='ltr'><strong>tus</strong></span> <span class='ocrx_word' id='word_1_758' title='bbox 1931 3763 1946 3802; x_wconf 92' lang='lat'><strong>:</strong></span> <span class='ocrx_word' id='word_1_759' title='bbox 1977 3748 2214 3818; x_wconf 90' lang='lat' dir='ltr'><strong>alioquin</strong></span> <span class='ocrx_word' id='word_1_760' title='bbox 2240 3759 2479 3820; x_wconf 88' lang='lat' dir='ltr'><strong>rogasset</strong></span> <span class='ocrx_word' id='word_1_761' title='bbox 2505 3754 2781 3809; x_wconf 85' lang='lat' dir='ltr'><strong>eunuchus</strong></span> <span class='ocrx_word' id='word_1_762' title='bbox 2799 3796 2813 3820; x_wconf 92' lang='lat'><strong>,</strong></span> <span class='ocrx_word' id='word_1_763' title='bbox 2839 3765 2896 3810; x_wconf 92' lang='lat' dir='ltr'><strong>ut</strong></span> <span class='ocrx_word' id='word_1_764' title='bbox 2934 3773 3114 3813; x_wconf 90' lang='lat' dir='ltr'><strong>secum</strong></span> <span class='ocrx_word' id='word_1_765' title='bbox 3143 3761 3346 3816; x_wconf 77' lang='lat' dir='ltr'><strong>veniret</strong></span> <span class='ocrx_word' id='word_1_766' title='bbox 3375 3782 3390 3820; x_wconf 90' lang='lat'><strong>:</strong></span> 
     </span>
    </p>
   </div>
   <div class='ocr_carea' id='block_1_95' title="bbox 1817 3837 3389 3916">
    <p class='ocr_par' dir='ltr' id='par_1_95' title="bbox 1817 3837 3389 3916">
     <span class='ocr_line' id='line_1_95' title="bbox 1817 3837 3389 3916; baseline 0.012 -27"><span class='ocrx_word' id='word_1_767' title='bbox 1817 3852 1972 3905; x_wconf 88' lang='lat' dir='ltr'><strong>quem</strong></span> <span class='ocrx_word' id='word_1_768' title='bbox 2002 3837 2090 3893; x_wconf 90' lang='lat' dir='ltr'><strong>ille</strong></span> <span class='ocrx_word' id='word_1_769' title='bbox 2115 3838 2252 3896; x_wconf 88' lang='lat' dir='ltr'><strong>forte</strong></span> <span class='ocrx_word' id='word_1_770' title='bbox 2277 3841 2646 3898; x_wconf 90' lang='lat' dir='ltr'><strong>contristasset</strong></span> <span class='ocrx_word' id='word_1_771' title='bbox 2688 3846 2950 3916; x_wconf 88' lang='lat' dir='ltr'><strong>negando,</strong></span> <span class='ocrx_word' id='word_1_772' title='bbox 2985 3865 3104 3903; x_wconf 89' lang='lat' dir='ltr'><strong>cum</strong></span> <span class='ocrx_word' id='word_1_773' title='bbox 3155 3853 3389 3908; x_wconf 88' lang='lat' dir='ltr'><strong>nondum</strong></span> 
     </span>
    </p>
   </div>
   <div class='ocr_carea' id='block_1_96' title="bbox 1819 3932 3392 4012">
    <p class='ocr_par' dir='ltr' id='par_1_96' title="bbox 1819 3932 3392 4012">
     <span class='ocr_line' id='line_1_96' title="bbox 1819 3932 3392 4012; baseline 0.012 -32"><span class='ocrx_word' id='word_1_774' title='bbox 1819 3936 2024 3998; x_wconf 89' lang='lat' dir='ltr'><strong>tempus</strong></span> <span class='ocrx_word' id='word_1_775' title='bbox 2048 3940 2208 3985; x_wconf 87' lang='lat' dir='ltr'><strong>esset.</strong></span> <span class='ocrx_word' id='word_1_776' title='bbox 2247 3932 2436 3988; x_wconf 84' lang='lat' dir='ltr'><strong>Vidisti</strong></span> <span class='ocrx_word' id='word_1_777' title='bbox 2482 3936 2699 4004; x_wconf 89' lang='lat' dir='ltr'><strong>angelos</strong></span> <span class='ocrx_word' id='word_1_778' title='bbox 2750 3951 3098 4005; x_wconf 88' lang='lat' dir='ltr'><strong>cooperantes</strong></span> <span class='ocrx_word' id='word_1_779' title='bbox 3145 3945 3392 4012; x_wconf 67' lang='lat' dir='ltr'><strong>prmdica-</strong></span> 
     </span>
    </p>
   </div>
   <div class='ocr_carea' id='block_1_97' title="bbox 1819 4020 3392 4095">
    <p class='ocr_par' dir='ltr' id='par_1_97' title="bbox 1819 4020 3392 4095">
     <span class='ocr_line' id='line_1_97' title="bbox 1819 4020 3392 4095; baseline 0.012 -24"><span class='ocrx_word' id='word_1_780' title='bbox 1819 4020 1967 4084; x_wconf 90' lang='lat' dir='ltr'><strong>tioni,</strong></span> <span class='ocrx_word' id='word_1_781' title='bbox 1986 4029 2039 4075; x_wconf 91' lang='lat' dir='ltr'><strong>et</strong></span> <span class='ocrx_word' id='word_1_782' title='bbox 2056 4021 2198 4090; x_wconf 87' lang='lat' dir='ltr'><strong>ipsos</strong></span> <span class='ocrx_word' id='word_1_783' title='bbox 2209 4023 2420 4093; x_wconf 91' lang='lat' dir='ltr'><strong>quidem</strong></span> <span class='ocrx_word' id='word_1_784' title='bbox 2445 4041 2548 4080; x_wconf 91' lang='lat' dir='ltr'><strong>non</strong></span> <span class='ocrx_word' id='word_1_785' title='bbox 2569 4027 2942 4095; x_wconf 69' lang='lat' dir='ltr'><strong>praedicantes;</strong></span> <span class='ocrx_word' id='word_1_786' title='bbox 2967 4033 3058 4086; x_wconf 85' lang='lat' dir='ltr'><strong>sed</strong></span> <span class='ocrx_word' id='word_1_787' title='bbox 3085 4033 3180 4088; x_wconf 90' lang='lat' dir='ltr'><strong>hos</strong></span> <span class='ocrx_word' id='word_1_788' title='bbox 3196 4051 3392 4091; x_wconf 81' lang='lat' dir='ltr'><strong>vocan-</strong></span> 
     </span>
    </p>
   </div>
   <div class='ocr_carea' id='block_1_98' title="bbox 1815 4110 3385 4192">
    <p class='ocr_par' dir='ltr' id='par_1_98' title="bbox 1815 4110 3385 4192">
     <span class='ocr_line' id='line_1_98' title="bbox 1815 4110 3385 4192; baseline 0.011 -29"><span class='ocrx_word' id='word_1_789' title='bbox 1815 4110 1934 4164; x_wconf 84' lang='lat' dir='ltr'><strong>tes?</strong></span> <span class='ocrx_word' id='word_1_790' title='bbox 1962 4110 2072 4164; x_wconf 84' lang='lat' dir='ltr'><strong>Hoc</strong></span> <span class='ocrx_word' id='word_1_791' title='bbox 2099 4127 2256 4182; x_wconf 89' lang='lat' dir='ltr'><strong>porro</strong></span> <span class='ocrx_word' id='word_1_792' title='bbox 2282 4114 2524 4170; x_wconf 86' lang='lat' dir='ltr'><strong>mirabile</strong></span> <span class='ocrx_word' id='word_1_793' title='bbox 2555 4115 2678 4171; x_wconf 90' lang='lat' dir='ltr'><strong>hinc</strong></span> <span class='ocrx_word' id='word_1_794' title='bbox 2712 4120 3010 4175; x_wconf 90' lang='lat' dir='ltr'><strong>ostenditur</strong></span> <span class='ocrx_word' id='word_1_795' title='bbox 3039 4138 3054 4177; x_wconf 91' lang='lat'>:</span> <span class='ocrx_word' id='word_1_796' title='bbox 3082 4125 3220 4192; x_wconf 89' lang='lat' dir='ltr'><strong>quod</strong></span> <span class='ocrx_word' id='word_1_797' title='bbox 3244 4132 3385 4182; x_wconf 91' lang='lat' dir='ltr'><strong>enim</strong></span> 
     </span>
    </p>
   </div>
   <div class='ocr_carea' id='block_1_99' title="bbox 1813 4202 3389 4284">
    <p class='ocr_par' dir='ltr' id='par_1_99' title="bbox 1813 4202 3389 4284">
     <span class='ocr_line' id='line_1_99' title="bbox 1813 4202 3389 4284; baseline 0.013 -30"><span class='ocrx_word' id='word_1_798' title='bbox 1813 4217 1990 4255; x_wconf 89' lang='lat' dir='ltr'><strong>rarum</strong></span> <span class='ocrx_word' id='word_1_799' title='bbox 2014 4202 2142 4257; x_wconf 91' lang='lat' dir='ltr'><strong>olim</strong></span> <span class='ocrx_word' id='word_1_800' title='bbox 2169 4215 2306 4272; x_wconf 89' lang='lat' dir='ltr'><strong>erat,</strong></span> <span class='ocrx_word' id='word_1_801' title='bbox 2334 4215 2388 4260; x_wconf 91' lang='lat' dir='ltr'><strong>et</strong></span> <span class='ocrx_word' id='word_1_802' title='bbox 2412 4207 2496 4261; x_wconf 79' lang='lat' dir='ltr'><strong>vix</strong></span> <span class='ocrx_word' id='word_1_803' title='bbox 2522 4207 2696 4276; x_wconf 84' lang='lat' dir='ltr'><strong>fiebat,</strong></span> <span class='ocrx_word' id='word_1_804' title='bbox 2727 4209 2813 4266; x_wconf 88' lang='lat' dir='ltr'><strong>hic</strong></span> <span class='ocrx_word' id='word_1_805' title='bbox 2834 4213 2944 4282; x_wconf 87' lang='lat' dir='ltr'><strong>jam</strong></span> <span class='ocrx_word' id='word_1_806' title='bbox 2993 4216 3289 4284; x_wconf 67' lang='lat' dir='ltr'><strong>smpissime</strong></span> <span class='ocrx_word' id='word_1_807' title='bbox 3317 4218 3389 4274; x_wconf 82' lang='lat' dir='ltr'><strong>ef-</strong></span> 
     </span>
    </p>
   </div>
   <div class='ocr_carea' id='block_1_100' title="bbox 1814 4292 3382 4383">
    <p class='ocr_par' dir='ltr' id='par_1_100' title="bbox 1814 4292 3382 4383">
     <span class='ocr_line' id='line_1_100' title="bbox 1814 4292 3382 4383; baseline 0.014 -38"><span class='ocrx_word' id='word_1_808' title='bbox 1814 4292 2005 4348; x_wconf 89' lang='lat' dir='ltr'><strong>licitnr.</strong></span> <span class='ocrx_word' id='word_1_809' title='bbox 2035 4295 2280 4365; x_wconf 72' lang='lat' dir='ltr'><strong>Alioquin</strong></span> <span class='ocrx_word' id='word_1_810' title='bbox 2311 4309 2486 4353; x_wconf 90' lang='lat' dir='ltr'><strong>autem</strong></span> <span class='ocrx_word' id='word_1_811' title='bbox 2525 4301 2637 4356; x_wconf 67' lang='lat' dir='ltr'><strong>haac</strong></span> <span class='ocrx_word' id='word_1_812' title='bbox 2677 4305 3048 4370; x_wconf 74' lang='lat' dir='ltr'><strong>praznuntiatio</strong></span> <span class='ocrx_word' id='word_1_813' title='bbox 3075 4318 3208 4375; x_wconf 88' lang='lat' dir='ltr'><strong>erat,</strong></span> <span class='ocrx_word' id='word_1_814' title='bbox 3240 4314 3382 4383; x_wconf 88' lang='lat' dir='ltr'><strong>quod</strong></span> 
     </span>
    </p>
   </div>
   <div class='ocr_carea' id='block_1_101' title="bbox 1814 4383 3381 4462">
    <p class='ocr_par' dir='ltr' id='par_1_101' title="bbox 1814 4383 3381 4462">
     <span class='ocr_line' id='line_1_101' title="bbox 1814 4383 3381 4462; baseline 0.015 -26"><span class='ocrx_word' id='word_1_815' title='bbox 1814 4383 1890 4437; x_wconf 92' lang='lat' dir='ltr'><strong>illi</strong></span> <span class='ocrx_word' id='word_1_816' title='bbox 1934 4385 2258 4458; x_wconf 84' lang='lat' dir='ltr'><strong>alienigenas</strong></span> <span class='ocrx_word' id='word_1_817' title='bbox 2302 4399 2484 4444; x_wconf 90' lang='lat' dir='ltr'><strong>essent</strong></span> <span class='ocrx_word' id='word_1_818' title='bbox 2526 4397 2844 4462; x_wconf 89' lang='lat' dir='ltr'><strong>superaturi.</strong></span> <span class='ocrx_word' id='word_1_819' title='bbox 2893 4397 3023 4453; x_wconf 82' lang='lat' dir='ltr'><strong>Nam</strong></span> <span class='ocrx_word' id='word_1_820' title='bbox 3056 4402 3381 4460; x_wconf 88' lang='lat' dir='ltr'><strong>credentitnn</strong></span> 
     </span>
    </p>
   </div>
   <div class='ocr_carea' id='block_1_102' title="bbox 1812 4475 3386 4564">
    <p class='ocr_par' dir='ltr' id='par_1_102' title="bbox 1812 4475 3386 4564">
     <span class='ocr_line' id='line_1_102' title="bbox 1812 4475 3386 4564; baseline 0.013 -36"><span class='ocrx_word' id='word_1_821' title='bbox 1812 4475 1915 4531; x_wconf 85' lang='lat' dir='ltr'><strong>ﬁde</strong></span> <span class='ocrx_word' id='word_1_822' title='bbox 1939 4475 2154 4547; x_wconf 88' lang='lat' dir='ltr'><strong>dignum</strong></span> <span class='ocrx_word' id='word_1_823' title='bbox 2185 4481 2545 4537; x_wconf 87' lang='lat' dir='ltr'><strong>testimonium</strong></span> <span class='ocrx_word' id='word_1_824' title='bbox 2574 4497 2778 4554; x_wconf 85' lang='lat' dir='ltr'><strong>poterat</strong></span> <span class='ocrx_word' id='word_1_825' title='bbox 2817 4487 3138 4548; x_wconf 89' lang='lat' dir='ltr'><strong>discentibus</strong></span> <span class='ocrx_word' id='word_1_826' title='bbox 3168 4511 3386 4564; x_wconf 83' lang='lat' dir='ltr'><strong>persua-</strong></span> 
     </span>
    </p>
   </div>
   <div class='ocr_carea' id='block_1_103' title="bbox 1811 4565 3384 4656">
    <p class='ocr_par' dir='ltr' id='par_1_103' title="bbox 1811 4565 3384 4656">
     <span class='ocr_line' id='line_1_103' title="bbox 1811 4565 3384 4656; baseline 0.016 -38"><span class='ocrx_word' id='word_1_827' title='bbox 1811 4565 1935 4620; x_wconf 90' lang='lat' dir='ltr'><strong>dere</strong></span> <span class='ocrx_word' id='word_1_828' title='bbox 1959 4609 1973 4632; x_wconf 98' lang='lat'><strong>,</strong></span> <span class='ocrx_word' id='word_1_829' title='bbox 2006 4577 2063 4621; x_wconf 91' lang='lat' dir='ltr'><strong>ut</strong></span> <span class='ocrx_word' id='word_1_830' title='bbox 2104 4570 2347 4624; x_wconf 90' lang='lat' dir='ltr'><strong>eumdem</strong></span> <span class='ocrx_word' id='word_1_831' title='bbox 2380 4573 2478 4642; x_wconf 91' lang='lat' dir='ltr'><strong>ipsi</strong></span> <span class='ocrx_word' id='word_1_832' title='bbox 2523 4575 2694 4630; x_wconf 88' lang='lat' dir='ltr'><strong>zelum</strong></span> <span class='ocrx_word' id='word_1_833' title='bbox 2725 4579 3045 4649; x_wconf 89' lang='lat' dir='ltr'><strong>arriperent.</strong></span> <span class='ocrx_word' id='word_1_834' title='bbox 3075 4582 3198 4639; x_wconf 86' lang='lat' dir='ltr'><strong>Ideo</strong></span> <span class='ocrx_word' id='word_1_835' title='bbox 3227 4588 3384 4656; x_wconf 83' lang='lat' dir='ltr'><strong>igitur</strong></span> 
     </span>
    </p>
   </div>
   <div class='ocr_carea' id='block_1_104' title="bbox 1810 4655 3384 4737">
    <p class='ocr_par' dir='ltr' id='par_1_104' title="bbox 1810 4655 3384 4737">
     <span class='ocr_line' id='line_1_104' title="bbox 1810 4655 3384 4737; baseline 0.016 -29"><span class='ocrx_word' id='word_1_836' title='bbox 1810 4655 1914 4710; x_wconf 88' lang='lat' dir='ltr'><strong>ibat</strong></span> <span class='ocrx_word' id='word_1_837' title='bbox 1943 4657 2208 4727; x_wconf 88' lang='lat' dir='ltr'><strong>gaudens;</strong></span> <span class='ocrx_word' id='word_1_838' title='bbox 2235 4672 2394 4731; x_wconf 90' lang='lat' dir='ltr'><strong>atque</strong></span> <span class='ocrx_word' id='word_1_839' title='bbox 2417 4663 2553 4719; x_wconf 89' lang='lat' dir='ltr'><strong>adeo</strong></span> <span class='ocrx_word' id='word_1_840' title='bbox 2579 4666 2623 4720; x_wconf 92' lang='lat' dir='ltr'><strong>si</strong></span> <span class='ocrx_word' id='word_1_841' title='bbox 2650 4668 2909 4737; x_wconf 86' lang='lat' dir='ltr'><strong>scivisset,</strong></span> <span class='ocrx_word' id='word_1_842' title='bbox 2938 4689 3040 4727; x_wconf 88' lang='lat' dir='ltr'><strong>non</strong></span> <span class='ocrx_word' id='word_1_843' title='bbox 3060 4676 3126 4728; x_wconf 88' lang='lat' dir='ltr'><strong>ita</strong></span> <span class='ocrx_word' id='word_1_844' title='bbox 3155 4655 3384 4733; x_wconf 87' lang='lat' dir='ltr'><strong>delecta-</strong></span> 
     </span>
    </p>
   </div>
   <div class='ocr_carea' id='block_1_105' title="bbox 1810 4749 3381 4834">
    <p class='ocr_par' dir='ltr' id='par_1_105' title="bbox 1810 4749 3381 4834">
     <span class='ocr_line' id='line_1_105' title="bbox 1810 4749 3381 4834; baseline 0.016 -33"><span class='ocrx_word' id='word_1_845' title='bbox 1810 4755 1894 4802; x_wconf 88' lang='lat' dir='ltr'><strong>tus</strong></span> <span class='ocrx_word' id='word_1_846' title='bbox 1914 4759 2070 4804; x_wconf 90' lang='lat' dir='ltr'><strong>esset.</strong></span> <span class='ocrx_word' id='word_1_847' title='bbox 2092 4749 2225 4819; x_wconf 84' lang='lat' dir='ltr'><strong>Quid</strong></span> <span class='ocrx_word' id='word_1_848' title='bbox 2244 4763 2420 4810; x_wconf 90' lang='lat' dir='ltr'><strong>autem</strong></span> <span class='ocrx_word' id='word_1_849' title='bbox 2446 4759 2672 4826; x_wconf 87' lang='lat' dir='ltr'><strong>vetabat,</strong></span> <span class='ocrx_word' id='word_1_850' title='bbox 2699 4762 2920 4832; x_wconf 87' lang='lat' dir='ltr'><strong>inquies,</strong></span> <span class='ocrx_word' id='word_1_851' title='bbox 2941 4767 3063 4834; x_wconf 90' lang='lat' dir='ltr'><strong>quin</strong></span> <span class='ocrx_word' id='word_1_852' title='bbox 3086 4771 3260 4823; x_wconf 89' lang='lat' dir='ltr'><strong>omnia</strong></span> <span class='ocrx_word' id='word_1_853' title='bbox 3290 4771 3381 4826; x_wconf 87' lang='lat' dir='ltr'><strong>ille</strong></span> 
     </span>
    </p>
   </div>
   <div class='ocr_carea' id='block_1_106' title="bbox 1808 4842 3381 4926">
    <p class='ocr_par' dir='ltr' id='par_1_106' title="bbox 1808 4842 3381 4926">
     <span class='ocr_line' id='line_1_106' title="bbox 1808 4842 3381 4926; baseline 0.013 -33"><span class='ocrx_word' id='word_1_854' title='bbox 1808 4851 2052 4897; x_wconf 89' lang='lat' dir='ltr'><strong>accurate</strong></span> <span class='ocrx_word' id='word_1_855' title='bbox 2075 4842 2322 4912; x_wconf 90' lang='lat' dir='ltr'><strong>disceret,</strong></span> <span class='ocrx_word' id='word_1_856' title='bbox 2353 4847 2405 4901; x_wconf 92' lang='lat' dir='ltr'><strong>in</strong></span> <span class='ocrx_word' id='word_1_857' title='bbox 2428 4863 2585 4904; x_wconf 90' lang='lat' dir='ltr'><strong>curru</strong></span> <span class='ocrx_word' id='word_1_858' title='bbox 2613 4852 2828 4918; x_wconf 88' lang='lat' dir='ltr'><strong>sedens,</strong></span> <span class='ocrx_word' id='word_1_859' title='bbox 2862 4856 3192 4926; x_wconf 80' lang='lat' dir='ltr'><strong>maximeque</strong></span> <span class='ocrx_word' id='word_1_860' title='bbox 3213 4860 3263 4912; x_wconf 92' lang='lat' dir='ltr'><strong>in</strong></span> <span class='ocrx_word' id='word_1_861' title='bbox 3287 4861 3381 4914; x_wconf 90' lang='lat' dir='ltr'><strong>de-</strong></span> 
     </span>
    </p>
   </div>
   <div class='ocr_carea' id='block_1_107' title="bbox 1808 4933 3379 5006">
    <p class='ocr_par' dir='ltr' id='par_1_107' title="bbox 1808 4933 3379 5006">
     <span class='ocr_line' id='line_1_107' title="bbox 1808 4933 3379 5006; baseline 0.015 -23"><span class='ocrx_word' id='word_1_862' title='bbox 1808 4933 1989 4986; x_wconf 84' lang='lat' dir='ltr'><strong>serto?</strong></span> <span class='ocrx_word' id='word_1_863' title='bbox 2012 4933 2142 5001; x_wconf 83' lang='lat' dir='ltr'><strong>Quia</strong></span> <span class='ocrx_word' id='word_1_864' title='bbox 2171 4951 2257 4990; x_wconf 90' lang='lat' dir='ltr'><strong>res</strong></span> <span class='ocrx_word' id='word_1_865' title='bbox 2298 4952 2400 4992; x_wconf 91' lang='lat' dir='ltr'><strong>non</strong></span> <span class='ocrx_word' id='word_1_866' title='bbox 2428 4949 2545 4994; x_wconf 89' lang='lat' dir='ltr'><strong>erat</strong></span> <span class='ocrx_word' id='word_1_867' title='bbox 2582 4942 2648 4996; x_wconf 90' lang='lat' dir='ltr'><strong>ad</strong></span> <span class='ocrx_word' id='word_1_868' title='bbox 2695 4946 3122 5002; x_wconf 86' lang='lat' dir='ltr'><strong>ostentationem.</strong></span> <span class='ocrx_word' id='word_1_869' title='bbox 3159 4947 3261 5005; x_wconf 91' lang='lat' dir='ltr'><strong>Sed</strong></span> <span class='ocrx_word' id='word_1_870' title='bbox 3290 4967 3379 5006; x_wconf 93' lang='lat' dir='ltr'><strong>sn-</strong></span> 
     </span>
    </p>
   </div>
   <div class='ocr_carea' id='block_1_108' title="bbox 1806 5022 3379 5108">
    <p class='ocr_par' dir='ltr' id='par_1_108' title="bbox 1806 5022 3379 5108">
     <span class='ocr_line' id='line_1_108' title="bbox 1806 5022 3379 5108; baseline 0.015 -35"><span class='ocrx_word' id='word_1_871' title='bbox 1806 5022 1983 5089; x_wconf 90' lang='lat' dir='ltr'><strong>perius</strong></span> <span class='ocrx_word' id='word_1_872' title='bbox 2012 5023 2146 5078; x_wconf 76' lang='lat' dir='ltr'><strong>let-ta</strong></span> <span class='ocrx_word' id='word_1_873' title='bbox 2191 5027 2550 5096; x_wconf 78' lang='lat' dir='ltr'><strong>exploremus.</strong></span> <span class='ocrx_word' id='word_1_874' title='bbox 2603 5031 2669 5085; x_wconf 80' lang='lat' dir='ltr'><strong>Et</strong></span> <span class='ocrx_word' id='word_1_875' title='bbox 2705 5049 2816 5087; x_wconf 88' lang='lat' dir='ltr'><strong>ecce</strong></span> <span class='ocrx_word' id='word_1_876' title='bbox 2849 5039 2924 5088; x_wconf 81' lang='lat' dir='ltr'><strong>vir</strong></span> <span class='ocrx_word' id='word_1_877' title='bbox 2948 5035 3192 5108; x_wconf 60' lang='lat' dir='ltr'><strong>Ethiops</strong></span> <span class='ocrx_word' id='word_1_878' title='bbox 3217 5058 3379 5096; x_wconf 73' lang='lat' dir='ltr'><strong>eunu-</strong></span> 
     </span>
    </p>
   </div>
   <div class='ocr_carea' id='block_1_109' title="bbox 1807 5111 3377 5202">
    <p class='ocr_par' dir='ltr' id='par_1_109' title="bbox 1807 5111 3377 5202">
     <span class='ocr_line' id='line_1_109' title="bbox 1807 5111 3377 5202; baseline 0.018 -39"><span class='ocrx_word' id='word_1_879' title='bbox 1807 5111 1950 5176; x_wconf 90' lang='lat' dir='ltr'><strong>chus,</strong></span> <span class='ocrx_word' id='word_1_880' title='bbox 1983 5114 2169 5184; x_wconf 89' lang='lat' dir='ltr'><strong>inquit,</strong></span> <span class='ocrx_word' id='word_1_881' title='bbox 2216 5128 2390 5187; x_wconf 84' lang='lat' dir='ltr'><strong>potens</strong></span> <span class='ocrx_word' id='word_1_882' title='bbox 2415 5119 2663 5176; x_wconf 88' lang='lat' dir='ltr'><strong>Candacis</strong></span> <span class='ocrx_word' id='word_1_883' title='bbox 2689 5125 2872 5195; x_wconf 78' lang='lat' dir='ltr'><strong>regina:</strong></span> <span class='ocrx_word' id='word_1_884' title='bbox 2895 5127 3217 5202; x_wconf 53' lang='lat' dir='ltr'><strong>aEthiopum.</strong></span> <span class='ocrx_word' id='word_1_885' title='bbox 3243 5132 3377 5192; x_wconf 82' lang='lat' dir='ltr'><strong>Illuc</strong></span> 
     </span>
    </p>
   </div>
   <div class='ocr_carea' id='block_1_110' title="bbox 1808 5201 3376 5284">
    <p class='ocr_par' dir='ltr' id='par_1_110' title="bbox 1808 5201 3376 5284">
     <span class='ocr_line' id='line_1_110' title="bbox 1808 5201 3376 5284; baseline 0.019 -30"><span class='ocrx_word' id='word_1_886' title='bbox 1808 5201 2008 5272; x_wconf 85' lang='lat' dir='ltr'><strong>liquet,</strong></span> <span class='ocrx_word' id='word_1_887' title='bbox 2056 5205 2196 5260; x_wconf 89' lang='lat' dir='ltr'><strong>illam</strong></span> <span class='ocrx_word' id='word_1_888' title='bbox 2255 5209 2384 5276; x_wconf 83' lang='lat' dir='ltr'><strong>ipsis</strong></span> <span class='ocrx_word' id='word_1_889' title='bbox 2429 5211 2736 5281; x_wconf 89' lang='lat' dir='ltr'><strong>imperasse.</strong></span> <span class='ocrx_word' id='word_1_890' title='bbox 2779 5215 2908 5272; x_wconf 86' lang='lat' dir='ltr'><strong>Nam</strong></span> <span class='ocrx_word' id='word_1_891' title='bbox 2961 5201 3085 5276; x_wconf 90' lang='lat' dir='ltr'><strong>olim</strong></span> <span class='ocrx_word' id='word_1_892' title='bbox 3123 5226 3376 5284; x_wconf 87' lang='lat' dir='ltr'><strong>mulieres</strong></span> 
     </span>
    </p>
   </div>
   <div class='ocr_carea' id='block_1_111' title="bbox 1808 5295 3376 5385">
    <p class='ocr_par' dir='ltr' id='par_1_111' title="bbox 1808 5295 3376 5385">
     <span class='ocr_line' id='line_1_111' title="bbox 1808 5295 3376 5385; baseline 0.018 -37"><span class='ocrx_word' id='word_1_893' title='bbox 1808 5295 2157 5366; x_wconf 84' lang='lat' dir='ltr'><strong>imperabant,</strong></span> <span class='ocrx_word' id='word_1_894' title='bbox 2184 5310 2240 5354; x_wconf 91' lang='lat' dir='ltr'><strong>et</strong></span> <span class='ocrx_word' id='word_1_895' title='bbox 2265 5300 2378 5356; x_wconf 69' lang='lat' dir='ltr'><strong>hzec</strong></span> <span class='ocrx_word' id='word_1_896' title='bbox 2399 5301 2482 5356; x_wconf 80' lang='lat' dir='ltr'><strong>lex</strong></span> <span class='ocrx_word' id='word_1_897' title='bbox 2505 5315 2618 5358; x_wconf 91' lang='lat' dir='ltr'><strong>erat</strong></span> <span class='ocrx_word' id='word_1_898' title='bbox 2638 5307 2776 5376; x_wconf 87' lang='lat' dir='ltr'><strong>apud</strong></span> <span class='ocrx_word' id='word_1_899' title='bbox 2807 5309 2924 5366; x_wconf 90' lang='lat' dir='ltr'><strong>illos</strong></span> <span class='ocrx_word' id='word_1_900' title='bbox 2945 5311 3040 5385; x_wconf 91' lang='lat' dir='ltr'><strong>(a).</strong></span> <span class='ocrx_word' id='word_1_901' title='bbox 3063 5314 3149 5370; x_wconf 88' lang='lat' dir='ltr'><strong>Sic</strong></span> <span class='ocrx_word' id='word_1_902' title='bbox 3174 5323 3376 5376; x_wconf 84' lang='lat' dir='ltr'><strong>nescie-</strong></span> 
     </span>
    </p>
   </div>
   <div class='ocr_carea' id='block_1_112' title="bbox 1879 5429 3374 5503">
    <p class='ocr_par' dir='ltr' id='par_1_112' title="bbox 1879 5429 3374 5503">
     <span class='ocr_line' id='line_1_112' title="bbox 1879 5429 3374 5503; baseline 0.017 -26"><span class='ocrx_word' id='word_1_903' title='bbox 1879 5429 1951 5491; x_wconf 84' lang='grc' dir='ltr'><strong>(α)</strong></span> <span class='ocrx_word' id='word_1_904' title='bbox 1974 5429 2068 5503; x_wconf 73' lang='lat' dir='ltr'><strong>Hie</strong></span> <span class='ocrx_word' id='word_1_905' title='bbox 2089 5439 2226 5502; x_wconf 77' lang='lat' dir='ltr'><strong>potat</strong></span> <span class='ocrx_word' id='word_1_906' title='bbox 2257 5433 2502 5503; x_wconf 72' lang='lat' dir='ltr'><strong>Dounteus</strong></span> <span class='ocrx_word' id='word_1_907' title='bbox 2535 5436 2582 5503; x_wconf 85' lang='lat' dir='ltr'><strong>in</strong></span> <span class='ocrx_word' id='word_1_908' title='bbox 2606 5437 2710 5488; x_wconf 68' lang='lat' dir='ltr'><strong>htec</strong></span> <span class='ocrx_word' id='word_1_909' title='bbox 2731 5441 2898 5494; x_wconf 84' lang='lat' dir='ltr'><strong>verba.</strong></span> <span class='ocrx_word' id='word_1_910' title='bbox 2922 5446 3084 5496; x_wconf 81' lang='lat' dir='ltr'><strong>strabo</strong></span> <span class='ocrx_word' id='word_1_911' title='bbox 3105 5447 3139 5497; x_wconf 87' lang='grc' dir='ltr'><strong>ι.</strong></span> <span class='ocrx_word' id='word_1_912' title='bbox 3165 5451 3223 5499; x_wconf 81' lang='grc'><strong>17</strong></span> <span class='ocrx_word' id='word_1_913' title='bbox 3247 5461 3374 5501; x_wconf 75' lang='lat' dir='ltr'><strong>ran-</strong></span> 
     </span>
    </p>
   </div>
   <div class='ocr_carea' id='block_1_113' title="bbox 1806 5490 3375 5569">
    <p class='ocr_par' dir='ltr' id='par_1_113' title="bbox 1806 5490 3375 5569">
     <span class='ocr_line' id='line_1_113' title="bbox 1806 5490 3375 5569; baseline 0.014 -27"><span class='ocrx_word' id='word_1_914' title='bbox 1806 5490 1952 5542; x_wconf 76' lang='lat' dir='ltr'><strong>tlaces</strong></span> <span class='ocrx_word' id='word_1_915' title='bbox 1978 5493 2242 5569; x_wconf 59' lang='lat' dir='ltr'><strong>aethiopum</strong></span> <span class='ocrx_word' id='word_1_916' title='bbox 2274 5495 2563 5569; x_wconf 45' lang='lat' dir='ltr'><strong>regi-nataui)</strong></span> <span class='ocrx_word' id='word_1_917' title='bbox 2592 5510 2793 5563; x_wconf 63' lang='lat' dir='ltr'><strong>augusto</strong></span> <span class='ocrx_word' id='word_1_918' title='bbox 2815 5490 3229 5569; x_wconf 37' lang='lat' dir='ltr'><strong>utemini—[qutun</strong></span> 
     </span>
    </p>
   </div>
   <div class='ocr_carea' id='block_1_114' title="bbox 1805 5555 3369 5635">
    <p class='ocr_par' dir='ltr' id='par_1_114' title="bbox 1805 5555 3369 5635">
     <span class='ocr_line' id='line_1_114' title="bbox 1805 5555 3369 5635; baseline 0.014 -33"><span class='ocrx_word' id='word_1_919' title='bbox 1805 5567 1905 5623; x_wconf 67' lang='lat' dir='ltr'><strong>esse</strong></span> <span class='ocrx_word' id='word_1_920' title='bbox 1928 5566 2018 5601; x_wconf 86' lang='lat' dir='ltr'><strong>non</strong></span> <span class='ocrx_word' id='word_1_921' title='bbox 2035 5568 2086 5604; x_wconf 81' lang='lat' dir='ltr'><strong>ea</strong></span> <span class='ocrx_word' id='word_1_922' title='bbox 2100 5555 2274 5627; x_wconf 55' lang='lat' dir='ltr'><strong>istittto,</strong></span> <span class='ocrx_word' id='word_1_923' title='bbox 2299 5555 2550 5635; x_wconf 48' lang='lat' dir='ltr'><strong>setl‘aliam</strong></span> <span class='ocrx_word' id='word_1_924' title='bbox 2568 5555 2763 5635; x_wconf 34' lang='lat' dir='ltr'><strong>aps-LE...</strong></span> <span class='ocrx_word' id='word_1_925' title='bbox 2788 5573 2931 5635; x_wconf 70' lang='lat' dir='ltr'><strong>[teges</strong></span> <span class='ocrx_word' id='word_1_926' title='bbox 2952 5555 3078 5635; x_wconf 77' lang='lat' dir='ltr'><strong>enim</strong></span> <span class='ocrx_word' id='word_1_927' title='bbox 3091 5555 3369 5635; x_wconf 49' lang='lat' dir='ltr'><strong>Fuisti-Eii</strong></span> 
     </span>
    </p>
   </div>
   <div class='ocr_carea' id='block_1_115' title="bbox 1810 5614 3369 5685">
    <p class='ocr_par' dir='ltr' id='par_1_115' title="bbox 1810 5614 3369 5685">
     <span class='ocr_line' id='line_1_115' title="bbox 1810 5614 3369 5685; baseline 0.013 -21"><span class='ocrx_word' id='word_1_928' title='bbox 1810 5614 1855 5676; x_wconf 83' lang='lat' dir='ltr'><strong>ej</strong></span> <span class='ocrx_word' id='word_1_929' title='bbox 1861 5625 2024 5685; x_wconf 81' lang='lat' dir='ltr'><strong>usaent</strong></span> <span class='ocrx_word' id='word_1_930' title='bbox 2046 5614 2271 5685; x_wconf 81' lang='lat' dir='ltr'><strong>_regionis</strong></span> <span class='ocrx_word' id='word_1_931' title='bbox 2307 5619 2496 5685; x_wconf 78' lang='lat' dir='ltr'><strong>iisdem</strong></span> <span class='ocrx_word' id='word_1_932' title='bbox 2511 5614 2780 5685; x_wconf 77' lang='lat' dir='ltr'><strong>nominibus</strong></span> <span class='ocrx_word' id='word_1_933' title='bbox 2811 5614 2896 5676; x_wconf 65' lang='lat' dir='ltr'><strong>uti</strong></span> <span class='ocrx_word' id='word_1_934' title='bbox 2911 5614 3075 5679; x_wconf 53' lang='lat' dir='ltr'><strong>5616a;</strong></span> <span class='ocrx_word' id='word_1_935' title='bbox 3099 5614 3369 5685; x_wconf 48' lang='lat' dir='ltr'><strong>ini-&quot;iiii</strong></span> 
     </span>
    </p>
   </div>
   <div class='ocr_carea' id='block_1_116' title="bbox 1815 5670 3375 5748">
    <p class='ocr_par' dir='ltr' id='par_1_116' title="bbox 1815 5670 3375 5748">
     <span class='ocr_line' id='line_1_116' title="bbox 1815 5670 3375 5748; baseline 0.014 -25"><span class='ocrx_word' id='word_1_936' title='bbox 1815 5670 1919 5748; x_wconf 44' lang='lat' dir='ltr'><strong>(ita</strong></span> <span class='ocrx_word' id='word_1_937' title='bbox 1943 5670 2173 5748; x_wconf 49' lang='lat' dir='ltr'><strong>agricola:</strong></span> <span class='ocrx_word' id='word_1_938' title='bbox 2195 5684 2258 5731; x_wconf 85' lang='lat' dir='ltr'><strong>de</strong></span> <span class='ocrx_word' id='word_1_939' title='bbox 2282 5670 2522 5748; x_wconf 77' lang='lat' dir='ltr'><strong>Britannis</strong></span> <span class='ocrx_word' id='word_1_940' title='bbox 2551 5670 2568 5734; x_wconf 63' lang='grc' dir='ltr'><em>ξ</em></span> <span class='ocrx_word' id='word_1_941' title='bbox 2592 5670 3375 5748; x_wconf 29' lang='lat' dir='ltr'><strong>His.aﬂue—lalibus&#39;in&#39;vicglria:</strong></span> 
     </span>
    </p>
   </div>
   <div class='ocr_carea' id='block_1_117' title="bbox 1806 5739 3373 5815">
    <p class='ocr_par' dir='ltr' id='par_1_117' title="bbox 1806 5739 3373 5815">
     <span class='ocr_line' id='line_1_117' title="bbox 1806 5739 3373 5815; baseline 0.011 -29"><span class='ocrx_word' id='word_1_942' title='bbox 1806 5739 1990 5795; x_wconf 79' lang='lat' dir='ltr'><strong>stincti,</strong></span> <span class='ocrx_word' id='word_1_943' title='bbox 2017 5743 2214 5813; x_wconf 63' lang='lat' dir='ltr'><strong>basilica</strong></span> <span class='ocrx_word' id='word_1_944' title='bbox 2243 5746 2456 5815; x_wconf 76' lang='lat' dir='ltr'><strong>generis</strong></span> <span class='ocrx_word' id='word_1_945' title='bbox 2492 5748 2624 5815; x_wconf 79' lang='lat' dir='ltr'><strong>regii</strong></span> <span class='ocrx_word' id='word_1_946' title='bbox 2657 5739 2834 5798; x_wconf 80' lang='lat' dir='ltr'><strong>femina</strong></span> <span class='ocrx_word' id='word_1_947' title='bbox 2855 5753 2980 5800; x_wconf 87' lang='lat' dir='ltr'><strong>duce</strong></span> <span class='ocrx_word' id='word_1_948' title='bbox 3057 5739 3373 5815; x_wconf 46' lang='lat' dir='ltr'><strong>nequeenim</strong></span> 
     </span>
    </p>
   </div>
   <div class='ocr_carea' id='block_1_118' title="bbox 1813 5804 3372 5878">
    <p class='ocr_par' dir='ltr' id='par_1_118' title="bbox 1813 5804 3372 5878">
     <span class='ocr_line' id='line_1_118' title="bbox 1813 5804 3372 5878; baseline 0.011 -27"><span class='ocrx_word' id='word_1_949' title='bbox 1813 5814 1988 5851; x_wconf 80' lang='lat' dir='ltr'><strong>sexum</strong></span> <span class='ocrx_word' id='word_1_950' title='bbox 2012 5806 2060 5852; x_wconf 82' lang='lat' dir='ltr'><strong>in</strong></span> <span class='ocrx_word' id='word_1_951' title='bbox 2083 5804 2297 5868; x_wconf 82' lang='lat' dir='ltr'><strong>imperiis</strong></span> <span class='ocrx_word' id='word_1_952' title='bbox 2311 5804 2592 5859; x_wconf 71' lang='lat' dir='ltr'><strong>discernunt</strong></span> <span class='ocrx_word' id='word_1_953' title='bbox 2613 5810 2634 5872; x_wconf 88' lang='lat'><strong>)</strong></span> <span class='ocrx_word' id='word_1_954' title='bbox 2656 5823 2912 5878; x_wconf 74' lang='lat' dir='ltr'><strong>sumpsere</strong></span> <span class='ocrx_word' id='word_1_955' title='bbox 2931 5804 3372 5868; x_wconf 65' lang='lat' dir='ltr'><strong>universi&#39;bellum.</strong></span> 
     </span>
    </p>
   </div>
  </div>
