3978 6518
584 343 676 398 iiii

581 456 670 509 bat
697 453 972 524 Philippus
1001 468 1102 524 qua
1127 452 1196 510 de
1216 468 1376 509 causa
1406 454 1611 507 veniret
1636 453 1685 506 in
1710 454 2003 515 desertum,
2025 453 2145 520 quia

579 560 692 600 non
732 544 840 614 jam
884 545 1139 615 angelus,
1186 545 1281 598 sed
1321 544 1548 614 Spiritus
1601 544 1771 612 ipsum
1822 543 1981 612 rapit.
2009 543 2149 597 Nihil

576 648 757 692 autem
804 636 993 691 horum
1037 638 1181 693 videt
1206 638 1501 699 eunuchus,
1546 636 1886 705 imperfectus
1910 651 2029 691 eum
2060 637 2148 701 sit,

580 734 662 788 vel
691 733 848 786 etiam
879 732 1018 802 quod
1047 731 1159 786 haec
1186 729 1377 784 nonad
1401 731 1727 799 corporales,
1756 730 1849 786 sed
1888 730 1953 785 ad
1993 731 2149 798 spiri-

580 825 751 878 tuales
785 826 1079 893 pertineant
1102 840 1116 885 ;
1148 837 1321 891 neque
1342 823 1499 875 etiam
1528 823 1683 877 discit
1711 837 1792 885 ea,
1812 838 1930 891 qua:
1958 822 2152 891 Philip-

583 931 681 985 pus
709 915 1048 969 edocebatur.
1083 913 1149 967 Et
1178 928 1276 967 cur
1319 930 1422 967 non
1452 915 1525 968 illi
1567 924 1786 984 apparet
1815 914 2035 985 angelus
2055 956 2069 980 ,
2095 923 2152 968 ut

576 1008 738 1061 ducat
763 1008 828 1059 ad
864 1008 1200 1074 Philippum?
1247 1007 1381 1074 Quia
1423 1006 1664 1061 fortassis
1690 1021 1793 1059 non
1820 1020 2105 1075 persuasus
2134 1047 2147 1068 ,

576 1102 669 1154 St‘tl
704 1100 874 1166 potius
905 1100 1300 1169 obstupefactus
1325 1101 1528 1155 fuisset.
1567 1100 1694 1154 Vide
1716 1101 1941 1170 Philippi
1974 1101 2149 1169 philo-

574 1192 815 1260 sophiam
845 1208 857 1243 :
892 1208 994 1245 non
1037 1193 1325 1255 accusavit,
1360 1208 1461 1245 non
1491 1192 1634 1245 dixit.
1673 1191 1907 1262 Ignoras,
1953 1208 2052 1263 ego
2100 1203 2151 1248 te

572 1280 776 1335 docebo
802 1298 815 1344 ;
848 1298 951 1335 non
977 1281 1127 1346 dixit,
1163 1283 1271 1351 Ego
1300 1283 1411 1336 ll:ch
1436 1296 1681 1338 accurate
1712 1284 1856 1350 seio;
1886 1300 1990 1339 non
2020 1285 2151 1339 adu-

572 1374 711 1428 latus
754 1384 854 1439 est,
890 1391 985 1429 nec
1010 1376 1141 1429 dixit
1167 1376 1237 1439 ci,
1270 1377 1459 1429 Beatus
1485 1392 1542 1431 es
1582 1379 1670 1447 qui
1714 1378 1862 1448 legis.
1895 1377 1982 1434 Sic
2001 1390 2054 1434 et
2083 1380 2151 1435 ab

573 1468 787 1522 audacia
811 1479 863 1522 et
892 1470 957 1522 ab
989 1470 1294 1524 adulatione
1324 1481 1585 1525 remotum
1622 1482 1745 1526 erat
1769 1472 1989 1528 verbum
2013 1490 2027 1537 ;
2055 1473 2147 1528 sed

575 1560 750 1629 potius
771 1576 949 1615 curam
975 1562 1208 1632 gerentis
1226 1572 1340 1616 erat
1363 1572 1416 1616 et
1438 1563 1667 1632 benigni.
1694 1562 1981 1634 Oportebat
2008 1564 2146 1619 enim

574 1650 723 1704 illum
750 1652 1097 1723 interrogare,
1127 1637 1407 1721 oportebat
1426 1653 1748 1709 desiderare.
1778 1655 2023 1711 Declarat
2051 1672 2147 1711 au-

576 1752 680 1795 tem
715 1759 772 1797 se
797 1746 935 1798 scire
962 1746 1130 1814 ipsum
1160 1745 1289 1798 nihil
1321 1761 1495 1811 nosse,
1526 1762 1644 1800 cum
1668 1748 1779 1801 ait:
1811 1746 2036 1803 Putasne
2070 1750 2150 1802 in-

575 1835 757 1906 talligis
782 1851 892 1903 φιω
917 1838 1078 1906 legis?
1106 1838 1369 1907 simulque
1409 1839 1640 1894 insinuat
1666 1855 1911 1912 magnum
1940 1842 2147 1911 reposi-

575 1934 685 1977 tum
712 1940 830 1979 esse
875 1925 1201 1981 thesaurum.

641 2014 695 2067 Ξ.
732 2014 966 2070 Eunuchi
1000 2018 1239 2072 modestia
1275 2029 1321 2073 et
1345 2021 1586 2075 studium.
1606 2022 1791 2077 —Sed
1819 2024 1957 2085 vide,
1984 2040 2143 2095 quam

571 2108 860 2176 prudenter
888 2125 948 2164 se
973 2122 1191 2166 excuset
1218 2115 1491 2168 emmchus
1518 2134 1531 2169 :
1558 2114 1624 2168 Et
1656 2118 1906 2183 quomodo
1937 2120 2142 2188 possim,

569 2202 667 2254 nisi
687 2202 797 2266 quis
821 2203 1089 2257 ostenderit
1116 2205 1283 2258 mihi?
1324 2206 1437 2260 Non
1468 2209 1703 2277 respexit
1746 2208 2005 2273 habitum,
2037 2227 2142 2266 non

567 2296 705 2348 dixit
735 2313 748 2349 :
779 2295 856 2349 Tu
881 2296 998 2366 quis
1019 2298 1117 2352 es?
1140 2314 1245 2351 non
1271 2299 1559 2369 redarguit,
1590 2316 1693 2355 non
1724 2313 2036 2373 arroganter
2062 2304 2140 2358 lo-

569 2385 769 2453 quitur,
800 2402 904 2440 non
932 2401 990 2441 se
1016 2388 1152 2443 scire
1178 2388 1327 2455 dicit,
1357 2390 1446 2444 sed
1473 2391 1715 2460 ignorare
1742 2391 1935 2448 fatetur
1958 2411 1974 2449 :
1997 2394 2143 2449 ideo-

565 2492 669 2546 que
695 2477 870 2532 discit.
898 2478 1152 2534 Monstrat
1178 2481 1366 2534 vulnus
1389 2482 1630 2543 medico:
1658 2485 1804 2539 novit
1832 2487 2001 2555 ipsum
2029 2486 2142 2541 h:ec

564 2569 721 2635 scire,
751 2578 805 2623 et
824 2570 962 2625 velle
984 2570 1196 2626 docere.
1233 2573 1306 2643 (a)
1340 2573 1478 2628 Vidit
1498 2575 1642 2629 illum
1666 2590 1785 2631 esse
1804 2592 1834 2630 a
1862 2577 1996 2632 fastu
2015 2578 2142 2632 alie-

563 2677 726 2727 num;
761 2677 932 2730 neque
972 2663 1113 2717 enim
1145 2664 1478 2733 splendidum
1509 2667 1750 2735 gestabat
1772 2669 2039 2723 vestitum.
2068 2669 2140 2723 Ita

561 2761 680 2805 erat
706 2752 943 2807 discendi
972 2753 1197 2822 cupidus
1223 2765 1275 2809 et
1302 2756 1477 2809 verbis
1505 2758 1757 2825 intentus,
1781 2760 1901 2830 quia
1919 2762 2138 2829 etillud,

568 2843 665 2907 Qui
687 2844 883 2911 quierit,
911 2845 1094 2897 invenit
1121 2846 1139 2917 (
1166 2845 1349 2899 Matth.
1385 2847 1436 2901 7.
1460 2848 1493 2903 8
1516 2858 1553 2916 ),
1580 2848 1631 2903 in
1658 2849 1773 2918 ipso
1801 2851 2137 2921 implebatur.

566 2931 892 3003 liogavitque,
928 2935 1114 3003 inquit,
1152 2934 1469 3007 Philippum,
1494 2942 1853 2996 utascenderet
1880 2953 1928 2997 et
1949 2946 2141 3000 sederet

561 3041 750 3078 secum.
776 3025 1022 3081 Vidistin'
1042 3028 1314 3083 studium?
1336 3030 1563 3085 vidistin’
1584 3033 1945 3090 desiderium?
1970 3037 2141 3109 Rogat

566 3125 622 3169 ut
644 3117 896 3171 ascendat
920 3129 973 3172 et
997 3118 1179 3174 sedeat
1206 3136 1386 3176 secum
1421 3140 1434 3176 :
1463 3125 1540 3178 sic
1569 3126 1857 3190 nesciebat,
1884 3129 2008 3198 quid
2036 3130 2137 3185 sibi

562 3208 800 3265 dicturus
827 3221 1003 3277 esset;
1026 3213 1117 3268 sed
1138 3214 1448 3284 simpliciter
1470 3219 1702 3286 putabat,
1726 3235 1784 3275 se
1807 3221 2136 3291 prophetiam

561 3302 787 3371 aliquam
818 3303 1121 3359 auditurum
1158 3320 1298 3360 esse.
1325 3306 1490 3377 Major
1526 3319 1703 3365 autent
1732 3312 1814 3366 hic
1837 3312 2006 3367 honor
2030 3325 2133 3380 est,

561 3394 705 3462 quod
733 3410 835 3448 non
868 3395 1178 3464 simpliciter
1201 3399 1491 3455 ascendere
1518 3413 1685 3466 curet,
1720 3404 1811 3458 sed
1843 3415 2010 3476 roget.
2032 3406 2134 3459 Ac-

561 3501 766 3539 currens
792 3494 958 3538 autent
977 3485 1251 3557 Philippus
1277 3491 1466 3543 audivit
1502 3509 1612 3545 enin
1639 3494 1898 3563 legentem.
1938 3495 2136 3553 Cursus

562 3578 813 3649 loquendi
859 3581 1108 3651 cupidum
1153 3582 1368 3638 indicat.
1416 3585 1571 3639 lectio
1599 3589 1755 3643 studii
1798 3590 2003 3660 signum
2031 3602 2133 3647 est.

561 3669 658 3725 Illo
683 3673 825 3726 enim
854 3682 1089 3743 tempore
1113 3674 1337 3744 legebat,
1372 3692 1475 3746 quo
1500 3678 1669 3747 major
1697 3690 1779 3735 est
1804 3682 1932 3736 solis
1952 3693 2129 3739 :cstus.

563 3762 736 3818 Locus
760 3772 933 3818 autem
966 3765 1051 3820 hic
1079 3777 1194 3821 erat
1215 3786 1226 3821 :
1248 3767 1393 3822 Sicut
1418 3771 1520 3824 ovis
1545 3772 1612 3824 ad
1637 3773 1932 3829 occisionem
1957 3777 2135 3832 ductus

557 3866 652 3910 est.
678 3855 747 3910 Et
772 3856 873 3911 hoc
900 3856 1039 3912 illius
1058 3857 1295 3914 discendi
1325 3863 1628 3930 cupiditatis
1642 3866 1846 3936 signum
1866 3876 1967 3934 est,
1992 3869 2135 3939 quod

559 3951 875 4020 prophetam
915 3949 1062 4005 illum
1092 3952 1214 4007 aliis
1241 3954 1599 4010 sublimiorem
1630 3973 1737 4027 prie
1767 3961 2011 4016 manibus
2038 3961 2134 4016 ha-

561 4042 754 4098 buerit.
779 4041 903 4098 ideo
918 4059 1025 4098 non
1048 4058 1167 4100 cum
1193 4045 1523 4103 vehementia
1545 4049 1620 4103 illi
1644 4060 1841 4117 narrat,
1868 4052 1961 4106 sed
1985 4069 2132 4108 man.

558 4144 742 4199 suete;
772 4133 880 4189 imo
902 4150 999 4191 nec
1020 4137 1164 4206 prius
1188 4138 1441 4208 loquitur,
1468 4156 1623 4211 quam
1648 4143 2000 4215 interrogatus
2020 4147 2132 4203 fue-

560 4227 651 4293 rit,
702 4226 875 4282 donec
908 4228 997 4283 ille
1026 4231 1308 4298 rogaverit.
1335 4230 1404 4287 Ut
1429 4244 1483 4287 et
1527 4233 1652 4287 illud
1698 4236 1886 4291 iterum
1935 4237 2133 4294 faciens

558 4319 635 4372 ait
672 4336 684 4372 ε
717 4318 932 4373 Obsecro
977 4330 1051 4385 te,
1084 4324 1146 4375 de
1183 4338 1282 4391 quo
1312 4327 1556 4393 prapheta
1583 4327 1704 4381 dicit
1749 4330 1885 4382 hoc?
1916 4330 2133 4387 Videtur

559 4410 687 4464 mihi
711 4413 995 4467 nescivisse
1017 4412 1185 4481 illum,
1211 4416 1351 4485 quod
1380 4416 1650 4485 propheta:
1678 4420 1746 4475 de
1764 4422 1881 4475 aliis
1907 4423 2131 4492 loquan-

559 4511 677 4569 tur;
704 4505 787 4558 vel
813 4505 857 4559 si
890 4520 993 4559 non
1023 4505 1142 4571 hoc,
1174 4508 1310 4575 qttod
1339 4509 1406 4562 de
1433 4510 1620 4579 seipsis
1648 4511 1926 4581 laquantur
1950 4517 2001 4570 in
2028 4517 2128 4572 alia

560 4608 808 4663 persona.
847 4596 1235 4651 Erubescamns
1262 4608 1315 4653 et
1364 4616 1623 4669 pauperes
1648 4611 1702 4656 et
1730 4604 1921 4660 divites
1945 4607 2012 4661 de
2039 4608 2130 4664 illo

555 4685 837 4756 peuuario.
862 4686 1058 4742 Deinde
1078 4702 1313 4745 venerunt
1338 4693 1406 4744 ad
1428 4694 1698 4762 quamdam
1723 4712 1929 4765 aquam,
1961 4709 2007 4753 et
2036 4703 2127 4767 ait,

553 4776 689 4833 Ecce
706 4793 857 4849 aqua.
886 4780 1008 4834 Hinc
1037 4781 1187 4836 valde
1211 4781 1461 4838 ferventis
1482 4784 1670 4841 animae
1691 4797 1833 4842 sunt.
1861 4790 1994 4855 Quid
2015 4810 2131 4858 pro-

556 4870 688 4924 hibet
710 4886 786 4925 me
811 4870 1098 4942 baptizari?
1117 4872 1299 4929 Viden’
1319 4876 1436 4943 ejus
1462 4876 1821 4933 desiderium?
1849 4880 1963 4937 Non
1977 4882 2126 4951 dicit,

555 4960 767 5031 liaptiza
797 4979 916 5028 me;
946 4979 1118 5035 neque
1144 4974 1301 5034 tacet,
1324 4967 1418 5023 sed
1443 4970 1674 5024 medium
1697 4973 1965 5042 quidpiam
1990 4976 2129 5033 inter

555 5052 873 5107 desiderium
901 5063 955 5109 et
974 5059 1328 5113 reverentiam
1355 5060 1609 5130 loquitur.
1640 5061 1777 5127 Quid
1805 5066 2030 5136 prohibet
2049 5085 2125 5122 me

554 5146 842 5212 baptizari?
873 5146 1038 5214 Vide,
1070 5153 1334 5219 quomodo
1355 5154 1599 5210 absoluta
1630 5156 1873 5228 dogmata
1903 5159 2121 5216 habuit:

557 5252 677 5291 nam
707 5237 963 5307 propheta
989 5240 1165 5295 omnia
1188 5245 1511 5311 continebat,
1538 5248 1977 5318 incarnationem,
2002 5267 2124 5321 pas-

556 5401 680 5477 ξρξςξ
934 5404 1233 5477 est._opirtor,
1260 5424 1406 5477 quam
1433 5411 1597 5475 Xiphil
1606 5412 1709 5464 inus
1733 5419 2019 5477 Βονδουίκην
2046 5419 2120 5470 in-

556 5463 589 5510 (1
595 5462 747 5541 igitat.
765 5462 1090 5541 pEcumeriitts
1149 5462 1418 5541 'lo‘tépvﬁ‘tt
1434 5462 1681 5541 advehe;
1706 5462 2116 5541 Ailiiojtt'evcmtraaolv,

553 5527 639 5599 τὴν
656 5527 741 5602 ιςοῦ
764 5527 992 5599 βᾳσιλέως
1012 5532 1187 5602 {intepet
1206 5531 1446 5602 natoue-tv.
1461 5538 1618 5602 ἐπειδή
1640 5527 1820 5602 ἆται-ἐρα
1838 5546 1881 5588 οἱ

554 5586 641 5664 οὐξι
666 5586 996 5664 ᾁηριᾲέρουσιγ.
1013 5586 1206 5661 ’ἀλλ’
1226 5594 1360 5664 {svras
1383 5598 1509 5651 υἱοὺς
1533 5586 1666 5654 ﬁliae
1681 5586 2018 5664 παραδιδόαηι.
2058 5606 2067 5614 ’

618 5649 690 5719 (a)
717 5649 990 5719 Sequenl'ia
1010 5666 1123 5719 cum
1159 5653 1444 5719 ingentibus
1468 5649 1785 5711 \arietalibus
1820 5649 2116 5716 etl'ertuuus

553 5707 737 5765 Codex,
761 5707 883 5772 quas
908 5712 950 5759 si
972 5714 1151 5790 afferre
1186 5707 1451 5776 vellemus,
1476 5707 1637 5772 omnia
1662 5707 2116 5790 eisiTriBéié'lirBiI

554 5783 640 5818 sus
662 5784 866 5823 necesse
889 5780 1043 5824 esset.

1350 341 1390 400 S
1448 340 1717 399 JOANNlS
1753 339 2224 397 CIIBYSOSTOMI
2268 340 2573 396 ARCHIEP.
2615 339 3143 399 CONSTANTINOP.

3719 354 3811 412 ιη

2257 453 2481 516 sionem,
2510 455 2976 518 resurrectionem,
3010 458 3447 527 assumptionem,
3475 459 3710 523 futurum
3743 468 3819 537 ju-

2255 541 2448 597 dicium
2477 559 2490 595 τ
2518 559 2636 613 qua:
2660 544 2755 614 ipsi
2785 560 3033 610 magnum
3060 547 3295 605 indidere
3314 550 3660 610 desiderium.
3694 556 3821 615 Ern.

2256 634 2451 690 bescite
2475 647 2735 706 quotquot
2774 639 3007 694 nondum
3045 640 3321 698 illuminali
3362 646 3511 701 estis.
3540 646 3608 701 Et
3638 648 3820 719 jussit,

2256 726 2445 797 inquit,
2474 738 2608 783 stare
2642 747 2874 793 currum.
2908 731 3074 788 Simul
3100 734 3234 789 dixit
3260 746 3317 790 et
3340 737 3646 807 imperavit,
3678 754 3823 798 ante-

2254 834 2412 887 quam
2440 821 2666 876 audiret.
2680 821 2809 877 Cum
2830 830 2996 877 autem
3021 827 3361 882 ascendissent
3386 828 3448 882 de
3471 846 3625 901 aqua,
3660 833 3824 902 Spiri-

2255 920 2335 963 tus
2364 908 2569 964 Domini
2595 913 2763 981 rapuit
2792 912 3113 984 Philippum.
3142 916 3284 973 Bene
3330 935 3344 972 :
3378 929 3435 975 ut
3459 922 3826 978 ostenderetur

2255 1001 2488 1056 divinam
2516 1001 2680 1058 fuisse
2706 1018 2817 1058 rem
2847 1016 3045 1072 actam,
3084 1016 3142 1062 et
3188 1022 3254 1063 ne
3302 1020 3510 1075 putaret
3558 1010 3824 1068 hominem

2254 1108 2374 1148 esse
2394 1094 2685 1163 vulgarem.
2710 1095 2777 1149 Et
2798 1097 2923 1162 ibat,
2953 1098 3143 1167 inquit,
3162 1115 3250 1167 per
3268 1100 3399 1153 niam
3418 1118 3564 1155 suam
3584 1104 3824 1172 gaudens.

2254 1185 2367 1241 Hoc
2388 1187 2541 1248 dicit,
2583 1189 2871 1244 ostendens
2908 1191 3080 1260 ipsum
3130 1208 3269 1263 a‘gre
3317 1193 3545 1249 laturum
3573 1196 3739 1251 fuisse
3783 1199 3826 1253 vi

2254 1279 2497 1334 scivisset
2525 1298 2537 1332 :
2568 1281 2646 1337 sic
2670 1298 2733 1337 ex
2759 1284 2923 1337 multo
2956 1285 3169 1353 gaudio,
3209 1287 3308 1341 etsi
3337 1286 3537 1357 Spiritu
3562 1289 3825 1360 dignatus,

2256 1373 2534 1441 prmsentia
2552 1389 2656 1427 non
2674 1373 2905 1430 videbat.
2932 1375 2997 1429 Et
3013 1378 3241 1435 inventus
3252 1389 3342 1441 est,
3367 1380 3452 1448 inq
3462 1381 3555 1442 uit.
3574 1382 3627 1435 in
3650 1382 3824 1439 Azoto.

2253 1463 2471 1519 Multum
2503 1465 2626 1520 hinc
2651 1465 3176 1536 Philippuslucratus
3195 1480 3298 1523 est.
3324 1468 3452 1524 Nam
3479 1471 3622 1539 quod
3648 1473 3826 1529 audiev

2252 1564 2336 1608 rat
2355 1555 2420 1609 de
2449 1556 2739 1625 prophetis,
2764 1558 2831 1611 de
2853 1558 3085 1623 Abacuc,
3127 1558 3195 1615 de
3226 1560 3502 1617 Ezechiele
3531 1573 3584 1616 et
3614 1563 3755 1627 aliis,
3778 1566 3827 1619 in

2254 1660 2312 1699 se
2352 1648 2542 1700 factum
2594 1647 2759 1711 vidit,
2810 1649 2895 1717 qui
2948 1650 2999 1703 in
3039 1660 3308 1704 momento
3336 1652 3553 1707 multam
3581 1669 3829 1711 emensus

2252 1740 2390 1792 viam
2434 1741 2755 1806 ostenditur,
2801 1742 3061 1811 siquidem
3100 1744 3154 1797 in
3184 1748 3350 1799 Azoto
3378 1745 3625 1800 inventus
3649 1758 3751 1812 est,
3777 1759 3831 1805 et

2252 1829 2359 1884 illic
2386 1830 2598 1885 demum
2625 1841 2744 1896 stat,
2765 1834 2850 1885 ubi
2872 1835 3233 1903 evangelizare
3250 1836 3547 1904 oportebat.
3588 1837 3824 1907 (Cap.9.)

2252 1923 2303 1975 1.
2340 1922 2530 1977 Saulus
2555 1934 2720 1976 autem
2745 1924 2910 1977 adhuc
2937 1927 3139 1991 spirans
3189 1927 3438 1980 minarum
3486 1938 3531 1981 et
3573 1931 3728 1982 cazdis
3774 1932 3827 1981 in

2250 2015 2523 2084 discipulos
2567 2013 2792 2082 Domini,
2837 2017 3041 2069 accessit
3065 2016 3131 2069 ad
3182 2018 3460 2087 principent
3490 2021 3828 2084 sacerdotum,

2249 2104 2303 2158 2.
2333 2116 2379 2159 et
2401 2107 2543 2176 petiit
2570 2107 2631 2159 ab
2657 2123 2714 2160 eo
2737 2108 2971 2176 epistolas
2997 2108 3049 2160 in
3072 2106 3379 2161 Damascum
3406 2109 3473 2161 ad
3496 2126 3781 2179 synagogas
3811 2126 3829 2163 :

2247 2207 2304 2249 ut
2331 2198 2375 2250 si
2398 2214 2520 2268 quos
2542 2199 2805 2253 invenisset
2836 2201 2987 2270 hujus
3006 2202 3099 2253 via:
3122 2202 3252 2254 uiros
3276 2218 3337 2254 ac
3364 2203 3613 2264 mulieres,
3640 2204 3830 2257 vinctas

2250 2288 2541 2357 perduceret
2592 2293 2647 2344 in
2685 2289 2987 2345 Jerusalem.
3029 2291 3339 2362 Opportune
3367 2294 3513 2371 Pauli
3544 2296 3720 2351 zelum
3744 2298 3831 2352 hic

2249 2378 2469 2446 inducit,
2504 2389 2561 2435 ut
2589 2381 2735 2436 illum
2759 2382 2937 2436 medio
2963 2384 3078 2437 zelo
3124 2395 3348 2438 tractum
3382 2387 3651 2440 ostendat.
3682 2388 3828 2441 Non-

2246 2476 2370 2529 dum
2391 2476 2532 2530 enim
2550 2478 2769 2532 satiatus
2787 2491 2916 2532 nece
2933 2475 3208 2547 Stephani,
3228 2493 3395 2547 neque
3420 2482 3830 2549 persequutiuue

2246 2581 2309 2620 ac
2337 2567 2669 2635 dispersione
2691 2569 2963 2633 Ecclesiae,
3003 2570 3209 2623 accedit
3233 2570 3295 2623 ad
3322 2572 3618 2641 principem
3647 2587 3829 2626 sacer-

2246 2658 2451 2711 dotum.
2471 2658 2567 2713 Hic
2589 2659 2835 2729 impletur
2864 2661 2912 2714 id
2930 2660 3068 2729 quod
3085 2660 3331 2715 Christus
3352 2662 3628 2730 discipulis
3654 2664 3825 2717 dixit:

2256 2746 2400 2801 Venit
2428 2751 2574 2814 hora,
2600 2762 2655 2803 ut
2676 2754 2839 2805 omnis
2864 2755 2947 2815 qui
2968 2753 3201 2819 interﬁcit
3228 2769 3332 2813 ros,
3365 2754 3638 2807 arbitretur
3658 2771 3713 2807 se
3732 2756 3826 2807 ob-

2244 2842 2471 2909 sequium
2512 2852 2753 2911 prtestare
2782 2840 2891 2896 Deo
2929 2842 3120 2911 (Joan.
3172 2845 3257 2898 tu.
3292 2842 3383 2914 2).
3429 2844 3526 2899 llic
3556 2845 3713 2913 igitur
3750 2849 3827 2901 sic

2246 2932 2505 2993 faciebat;
2537 2948 2639 2986 non
2671 2944 2727 2985 ut
2751 2933 2940 2999 Judaei,
2974 2935 3131 2990 absit.
3157 2934 3311 3000 Quod
3336 2936 3479 2989 enim
3525 2952 3591 2991 ex
3618 2937 3739 2990 zelo
3774 2938 3826 2992 id

2242 3021 2460 3086 faceret,
2490 3022 2611 3077 hinc
2642 3026 2810 3092 palam
2831 3034 2933 3089 est,
2961 3025 3101 3094 quod
3125 3025 3190 3079 ad
3218 3036 3430 3080 exteras
3453 3026 3697 3081 civitates
3723 3030 3826 3082 mi-

2240 3125 2438 3183 graret.
2468 3114 2577 3170 Illis
2604 3132 2730 3171 vero
2760 3132 2929 3187 neque
2954 3133 3039 3181 ea,
3061 3134 3180 3187 qua:
3207 3118 3557 3189 Jemsolymis
3602 3123 3822 3187 fiebant,

2241 3222 2384 3262 cura:
2409 3216 2581 3273 erant,
2605 3211 2705 3271 sed
2726 3226 2886 3263 unum
2913 3212 3252 3266 sectabantur
3278 3212 3559 3267 honorem.
3586 3212 3697 3267 Cur
3724 3230 3821 3268 an-

2236 3310 2347 3355 tem
2378 3301 2688 3357 Damascum
2736 3303 2902 3357 adiit?
2927 3304 3110 3373 Magna
3137 3307 3323 3359 civitas
3352 3314 3469 3359 erat
3510 3316 3565 3360 et
3622 3308 3770 3376 regia
3802 3324 3819 3360 :

2243 3393 2460 3447 timebat
2489 3408 2556 3448 ue
2584 3394 2669 3447 illa
2697 3409 2906 3463 quoque
2937 3406 3418 3464 przeuccuparetur.
3470 3395 3540 3450 Et
3568 3397 3689 3451 vide
3712 3407 3827 3451 stu-

2236 3483 2384 3539 dium
2427 3486 2541 3553 cjus
2578 3487 2949 3556 ardoremque,
2999 3503 3061 3540 ac
3109 3503 3265 3556 quant
3312 3489 3601 3543 secundum
3651 3491 3823 3560 legem

2234 3591 2378 3647 agat.
2400 3578 2516 3632 Non
2539 3581 2649 3632 adit
2678 3580 3004 3648 praefectum,
3024 3583 3115 3635 sed
3138 3582 3431 3651 principem
3455 3584 3819 3637 sacerdotum.

2241 3670 2375 3724 Petit
2395 3671 2458 3725 ab
2474 3673 2588 3742 ipso
2605 3672 2862 3741 epistolas,
2892 3682 2947 3725 ut
2980 3674 3024 3724 si
3054 3689 3176 3737 quos
3222 3673 3460 3725 inveniret
3506 3675 3664 3744 hujus
3709 3676 3821 3727 rite.

2239 3761 2389 3816 Viam
2419 3775 2572 3818 vocat
2595 3764 2892 3829 credentes,
2923 3766 3012 3834 qui
3040 3767 3117 3819 sic
3135 3768 3202 3819 ab
3226 3767 3473 3821 oinnibus
3505 3777 3633 3821 tunc
3660 3784 3823 3823 voca-

2240 3856 2448 3921 bantur,
2482 3857 2618 3911 forte
2653 3857 2775 3926 quia
2808 3859 2945 3910 viam
2976 3858 3041 3911 ad
3071 3859 3260 3912 czelum
3304 3861 3611 3915 tendentem
3642 3876 3823 3918 secta-

2240 3945 2453 4002 bantur.
2484 3949 2593 4002 Cur
2617 3957 2932 4017 potestatein
2965 3966 3070 4003 non
3112 3953 3306 4020 accipit
3334 3952 3451 4007 illos
3486 3953 3690 4008 ibidem
3724 3971 3830 4025 pu-

2240 4039 2453 4104 niendi,
2518 4040 2609 4093 sed
2665 4040 3052 4112 Jerosolytuam
3099 4043 3283 4096 ducit?
3334 4044 3400 4099 Ut
3450 4060 3573 4099 cum
3633 4049 3829 4117 majori

2238 4139 2499 4198 potestate
2552 4130 2659 4185 illic
2704 4132 3024 4201 supplicium
3068 4134 3417 4204 infligeretur.
3473 4137 3541 4191 Et
3585 4140 3745 4205 vide,
3774 4144 3823 4193 in

2234 4233 2493 4290 quantum
2520 4239 2579 4277 se
2619 4224 2911 4292 periculum
2941 4225 3221 4293 conjiciat;
3266 4237 3501 4282 attamen
3525 4232 3608 4285 sic
3648 4216 3824 4295 timet.

2239 4314 2449 4380 nequid
2474 4314 2573 4368 sibi
2606 4314 2727 4368 ntali
2755 4314 2980 4369 accidat.
3007 4316 3128 4370 Ideo
3147 4334 3275 4388 ergo
3298 4321 3431 4375 alios
3449 4335 3636 4376 secum
3664 4340 3827 4379 assa-

2238 4406 2354 4463 mit.
2388 4404 2524 4460 forte
2550 4421 2660 4474 pra:
2694 4418 2838 4461 metu
2871 4425 2886 4462 :
2915 4408 2998 4462 vel
3026 4410 3148 4479 quia
3200 4422 3387 4466 contra
3439 4414 3643 4469 multos
3689 4419 3830 4481 ibat,

2236 4501 2429 4553 multos
2457 4501 2666 4569 accipit,
2696 4508 2753 4554 ut
2770 4501 3042 4567 audacius,
3072 4504 3135 4557 Si
3170 4519 3296 4574 quos
3326 4506 3573 4561 inveniret
3600 4512 3745 4565 viros
3766 4529 3831 4564 ac

2237 4590 2491 4653 mulieres,
2515 4594 2703 4644 vinctos
2729 4593 3017 4661 perduceret
3036 4595 3089 4646 in
3115 4593 3419 4650 Jerusalem.
3445 4599 3703 4667 Alioquin
3732 4619 3835 4655 att-

2235 4691 2337 4735 tetu
2388 4682 2501 4750 ipse
2541 4698 2635 4751 per
2664 4683 2799 4736 viam
2843 4688 3127 4740 ostendere
3182 4688 3245 4739 iis
3292 4690 3540 4743 oumibus
3570 4694 3829 4757 Videbat,

2235 4782 2402 4827 totum
2426 4775 2494 4828 ab
2521 4788 2581 4829 se
2601 4776 2861 4843 proficisci
2889 4794 2902 4831 :
2927 4780 2994 4831 ita
3043 4778 3117 4832 illi
3147 4780 3277 4832 nihil
3302 4782 3405 4835 hoc
3432 4784 3727 4838 curabant.
3766 4789 3837 4841 Ιιι

2233 4864 2352 4919 vide
2379 4864 2526 4919 illum
2549 4865 2775 4921 antehac
2796 4867 3130 4921 incarcerem
3151 4871 3540 4938 conjicientem.
3558 4873 3637 4928 Illi
3659 4877 3839 4945 igitur

2234 4971 2337 5010 non
2360 4957 2623 5019 valebant,
2659 4958 2743 5011 hic
2766 4973 2894 5012 vero
2916 4974 3024 5028 prae
3044 4959 3254 5015 fervore
3279 4973 3505 5032 poterat.
3535 4965 3593 5019 3.
3618 4966 3690 5019 Et
3708 4986 3844 5022 cm

2233 5050 2327 5102 iter
2366 5049 2587 5118 faceret,
2618 5051 2823 5119 contigit
2851 5061 2907 5103 ut
2958 5054 3384 5121 appropinquaret
3430 5054 3696 5111 Damasco
3735 5078 3755 5114 :
3784 5074 3842 5117 et

2230 5145 2391 5198 subito
2424 5146 2757 5215 circumfulsit
2782 5162 2894 5197 enm
2942 5147 3032 5199 tua:
3059 5148 3121 5199 de
3147 5149 3305 5211 ctclo;
3351 5150 3404 5202 4.
3437 5160 3484 5202 et
3526 5153 3732 5206 cadens
3778 5158 3846 5208 iu

2231 5246 2416 5287 terram
2444 5235 2633 5288 audivit
2662 5251 2828 5289 vocem
2848 5237 3091 5289 dicentem
3113 5238 3206 5291 sibi
3230 5254 3247 5290 :
3278 5238 3453 5304 Saule,
3480 5239 3667 5305 Saule,
3700 5246 3849 5313 quid

2229 5343 2308 5380 me
2356 5329 2664 5397 persequeris
2678 5330 2704 5381 γ

2303 5419 2356 5472 5.
2398 5419 2508 5473 Cur
2546 5435 2649 5473 non
2681 5420 3027 5491 Jerosolymis
3057 5422 3079 5474 ?
3108 5436 3205 5475 cur
3235 5437 3338 5475 non
3372 5422 3617 5478 Damasci
3656 5428 3714 5481 id
3752 5430 3857 5483 fa-

2228 5522 2370 5564 ctum
2413 5512 2541 5565 est?
2572 5512 2638 5566 Ut
2683 5529 2786 5565 non
2818 5524 3036 5583 possent
3077 5514 3163 5567 alii
3196 5515 3322 5586 illud
3352 5515 3509 5570 aliter
3537 5534 3791 5578 narrare
3827 5545 3851 5591 ;

2229 5614 2280 5656 et
2325 5611 2381 5656 ut
2418 5603 2550 5673 ipse,
2600 5606 2689 5674 qui
2723 5606 2809 5659 illa
2850 5605 2917 5660 de
2946 5620 3104 5661 causa
3137 5607 3374 5671 abierat,
3406 5611 3689 5664 narrando
3721 5616 3863 5674 title

2231 5694 2421 5763 dignus
2451 5705 2616 5750 esset.
2666 5696 2779 5752 Hoc
2819 5713 2947 5767 ergo
2976 5698 3136 5764 dicit,
3181 5714 3300 5755 cum
3344 5700 3483 5768 apud
3513 5703 3859 5774 Agrippam

2232 5802 2353 5844 sese
2393 5788 2652 5845 defendit.
2679 5789 2910 5847 Laborat
2935 5801 3112 5849 autem
3140 5791 3331 5859 oculis,
3374 5794 3495 5864 quia
3516 5796 3697 5852 nimia
3726 5798 3859 5859 lu
