4076 6354
413 423 589 496 ϐολὴα
623 421 722 478 τοῦ
761 419 940 494 φωτδς
991 419 1247 497 πλήττειν
1269 409 1464 480 εἴωθε·
1507 425 1682 498 μέτρα
1733 425 1842 498 γάρ
1867 426 2082 497 ἔχουσιν

411 512 464 566 οί
502 509 788 582 ὀφθαλμοί.
823 513 1139 582 Λέγεταιδέ
1176 515 1269 568 καὶ
1307 513 1489 584 φωνῆς
1539 513 1812 585 ὑπερϐολὴ
1862 516 2080 584 κωφοὺς

412 605 587 654 ποιεῖν
634 603 726 655 καὶ
785 602 1128 672 ἀποπλῆγας.
1168 602 1326 656 Ἀλλὰ
1356 601 1543 656 τοῦτον
1584 604 1741 673 μόνον
1798 603 2072 675 ἐπήρωσε,

411 690 511 742 καὶ
560 689 780 743 ἔσϐεσεν
827 691 991 744 αὑτοῦ
1041 691 1133 744 τὸν
1183 689 1351 760 θυμὸν
1414 690 1492 761 τῷ
1538 691 1706 763 φόϐῳ,
1735 690 1876 745 ὥστε
1915 692 2076 745 αὑτὸν

411 777 639 830 ἀκοῦσαι
694 775 763 830 τὰ
825 776 1109 848 λεγόμενα.
1139 778 1356 841 Σαοὺλ,
1413 777 1632 843 Σαοὺλ,
1689 781 1842 850 φησὶ,
1896 779 1954 833 τί
1999 797 2078 850 με

403 861 678 930 ’διώκειςτ
722 863 798 918 υύ
852 864 1001 934 λέγει
1064 865 1233 936 αὐτῷ,
1299 866 1630 932 Πίστευσον,
1673 867 1793 920 οὐδὲ
1849 867 1975 921 ἀλλο
2020 885 2073 921 τι

408 949 650 1005 τοιοῦτον
707 952 880 1016 οὐδὲν,
941 953 1058 1006 ἀλλ’
1111 953 1696 1030 ἐγκαλεῖηΜονονουχὶ
1755 954 1864 1026 γάρ
1914 955 2074 1009 τοῦτό

406 1056 562 1109 φησι,
603 1040 671 1093 δι’
709 1033 786 1094 ὧν
830 1041 1073 1110 ἐγκαλεῖ·
1107 1042 1173 1095 Τί
1227 1043 1357 1113 παρ’
1383 1043 1411 1082 δ
1460 1041 1595 1114 ἐμοῦ
1639 1043 1782 1114 μέγα
1812 1043 1845 1115 ἢ
1877 1044 2072 1115 μικρὸν

401 1124 732 1198 ἠδικημένος
775 1128 952 1183 ταῦτα
1016 1133 1218 1194 ποιεῖςς
1253 1128 1402 1185 Εἷπε
1458 1130 1558 1185 δέ·
1588 1133 1684 1198 Τίς
1721 1128 1807 1196 εἴ,
1861 1135 2070 1202 Κύριε;

402 1211 554 1278 Τέως
575 1216 928 1288 ὡμολόγησεν
960 1219 1153 1273 ἑαυτὸν
1182 1219 1386 1273 δοῦλον.
1427 1217 1485 1274 ’0
1512 1219 1568 1273 δὲ
1614 1221 1821 1292 Κύριος
1895 1219 2068 1274 εἶπενο

415 1301 560 1373 Ἐπτό
581 1306 698 1374 ειμι
719 1303 1002 1373 Ἰησοῦς,
1031 1305 1103 1360 ὃν
1128 1307 1210 1360 σὺ
1261 1306 1509 1373 διώκεις.
1556 1306 1700 1360 Ὠσεὶ
1751 1308 1905 1377 ἔλεγε
1929 1323 1943 1338 ⁸
1977 1308 2069 1379 Μὴ

400 1393 630 1464 νομίσῃς
657 1393 794 1465 πρὸς
832 1393 1154 1466 ἀνθρώπους
1173 1390 1313 1450 εἷναί
1343 1413 1424 1450 σοι
1457 1395 1557 1449 τὸν
1599 1396 1855 1466 πόλεμον.
1907 1399 1970 1450 Οί
2010 1399 2068 1451 δὲ

404 1480 655 1545 συνόντες
682 1482 854 1553 αὐτῷ,
903 1481 1002 1554 τὴν
1033 1484 1217 1554 φωνὴν
1279 1484 1379 1555 μὲν
1415 1482 1511 1536 τοῦ
1546 1484 1758 1538 Παύλου
1806 1486 2064 1556 ἥκουσαν,

398 1570 594 1627 οὐδένα
659 1569 716 1624 65
779 1571 1079 1644 ἐθεώρουν,
1131 1573 1266 1644 πρὸς
1309 1572 1368 1626 ὃν
1405 1573 1757 1642 ἀπεκρίνατο.
1795 1573 2064 1637 Εἰκότως·

401 1645 511 1710 τῶν
539 1657 645 1728 γὰρ
680 1658 979 1712 ἐλαττόνων
1010 1659 1207 1721 αὐτοὺς
1230 1659 1486 1730 ἐποίησεν
1514 1658 1808 1730 ἀκροατάς.
1856 1659 1922 1712 Et
1957 1661 2065 1731 7&9

397 1745 500 1815 τῆς
543 1746 725 1816 φωνῆς
784 1746 1024 1818 ἤκουσαν
1093 1747 1329 1817 ἐκείνης,
1390 1745 1493 1801 κᾶν
1528 1746 1976 1817 ἠπίστησανοτὸν
2009 1747 2064 1800 δὲ

391 1830 613 1884 Παῦλον
669 1832 906 1903 ὁρῶντες
975 1832 1438 1906 ἀποκρινόμενον,
1504 1832 1831 1905 ἐθαύμαζον.
1905 1834 2065 1887 Ἀλλά

399 1918 737 1988 Ἀνάστηθι,
771 1919 868 1975 καί
901 1921 1140 1977 εἴσελθε
1163 1923 1250 1987 εις
1307 1919 1423 1990 τὴν
1463 1922 1664 1982 πόλιν.
1721 1921 1820 1975 καὶ
1877 1925 2062 1990 λαλη-

384 2007 646 2076 θήσεται
672 2025 792 2074 σοι,
821 2009 878 2062 τί
900 2025 974 2063 σε
997 2009 1093 2062 δεῖ
1124 2008 1334 2064 ποιεῖν.
1372 2010 1533 2080 Ὅρα,
1568 2010 1684 2073 πῶς
1717 2010 1815 2063 οὐκ
1865 2010 2063 2075 εὐθέως

393 2095 572 2148 πάντα
629 2095 778 2168 αὐτῷ
826 2095 1236 2163 ἀποκαλύπτει,
1291 2096 1426 2152 ἀλλά
1481 2097 1640 2168 μόνον
1689 2098 2060 2169 προμαλάττει

391 2183 555 2238 αὑτοῦ
612 2185 712 2257 τὴν
766 2185 1023 2252 διάνοιαν,
1066 2185 1161 2240 καὶ
1192 2185 1260 2239 δι’
1294 2179 1369 2239 ὧν
1407 2184 1836 2258 παρακελεύεται
1887 2189 2060 2238 ποιεῖν

390 2271 575 2336 αὑτὸν,
625 2274 1006 2346 παραχρῆμαο
1061 2274 1275 2328 δίδωσιν
1322 2274 1468 2346 αὐτῷ
1519 2273 1761 2346 χρηστὰς
1815 2273 2055 2336 ἐλπίδας,

388 2362 487 2414 καὶ
524 2361 604 2414 ὅτι
663 2362 976 2432 ἀναϐλέψει.
1025 2365 1090 2416 Ol
1143 2359 1210 2415 δὲ
1263 2361 1477 2430 ἀνδρες
1511 2365 1566 2415 οὶ
1621 2360 2056 2426 συνοδεύοντες

378 2448 570 2514 ¹αὐτῷ,
594 2448 986 2516 εἰστήκεισαν
1021 2450 1240 2514 ἑννεοὶ,
1269 2449 1592 2513 ἀκούοντες
1639 2449 1757 2517 μὲν
1788 2447 1898 2517 τῆς
1941 2466 2056 2516 φω-

379 2535 522 2606 νῆς,
547 2537 777 2606 μηδένα
817 2537 886 2590 δὲ
938 2537 1316 2606 θεωροῦντες.
1357 2537 1600 2605 Ἠγέρθη
1639 2536 1707 2588 δὲ
1755 2539 1789 2590 ό
1825 2535 2056 2602 Σαῦλος

385 2625 505 2682 ἀπὸ
539 2625 649 2694 τῆς
674 2625 805 2696 γῆς,
837 2627 1228 2696 ἀνεῳγμένων
1256 2643 1321 2679 τε
1352 2623 1469 2678 τῶν
1497 2623 1821 2694 ὀφθαλμῶν
1846 2627 2052 2688 αὑτοῦ,

373 2713 608 2768 οὐδένα
651 2713 887 2767 ἔϐλεπε.
934 2712 1439 2783 Χειραγωγοῦντες
1483 2712 1551 2765 δὲ
1588 2712 1773 2766 αὑτὸν
1820 2706 2086 2781 εἰσ-’νῆταί

385 2784 495 2871 for
521 2803 607 2868 είς
632 2802 971 2869 Δαμασκόν.
1006 2801 1080 2854 Τὸ
1101 2801 1340 2870 λάφυρον
1362 2799 1458 2853 τοῦ
1488 2799 1755 2862 διαϐόλου,
1783 2801 1850 2854 τὰ
1884 2801 2050 2873 σκεύη

380 2888 572 2953 αὑτοῦ,
605 2887 854 2960 καθάπερ
875 2887 1079 2953 πόλεώς
1100 2889 1294 2959 τινοςῆ
1317 2889 1699 2960 μητροπόλεως
1731 2888 2048 2960 ληφθείσης,

377 2977 685 3044 εἰσάγουσι.
714 2976 824 3028 Καὶ
881 2975 943 3028 τὸ
997 2975 1062 3047 δὴ
1119 2975 1450 3046 θαυμαστὸν,
1507 2977 1661 3030 αὐτοὶ
1707 2977 1756 3029 οἱ
1805 2977 2051 3046 πολέμιοι

380 3065 480 3118 -καὶ
495 3063 681 3134 ἐχθροὶ
708 3063 1003 3134 εἰσήγαγον
1033 3063 1216 3130 αὑτὸν,
1261 3063 1475 3117 πάντων
1497 3063 1766 3133 ὁρώντων.
1819 3065 1927 3118 Καὶ
1972 3065 2050 3139 ἦν

382 3152 607 3222 ἡμέρας
627 3151 784 3220 τρεῖς
799 3151 886 3222 μὴ
909 3151 1181 3220 βλέπων,
1211 3153 1308 3206 καὶ
1344 3155 1455 3206 οὐκ
1476 3153 1700 3223 ἔφαγεν
1734 3155 1876 3209 οὐδὲ
1895 3159 2045 3212 ἔπιε.

381 3241 448 3294 Ἦ
479 3241 668 3294 τούτου
691 3241 804 3294 ῐσον
834 3242 1029 3310 γένοιτ’
1058 3242 1156 3306 ἇν;
1196 3228 1542 3314 Ἀντίρροπος
1567 3243 1667 3313 τῆς
1708 3245 1800 3296 ἐπὶ
1836 3245 2046 3313 Στεφά-

380 3349 474 3388 νου
506 3331 742 3403 ἀθυμίας
771 3330 1168 3402 παράκλησιςή
1192 3330 1403 3384 Παύλου
1432 3333 1765 3403 προσαγωγὴ
1815 3335 2044 3401 γίνεται,

379 3421 578 3494 ἔχουσα
630 3421 728 3491 μὲν
779 3419 875 3472 καὶ
919 3418 1142 3472 αὐτόθεν
1169 3418 1542 3490 παραμυθίαν,
1576 3419 1638 3472 τὸ
1665 3421 1838 3484 οὕτως
1884 3424 2046 3478 αὑτὸν

379 3507 656 3572 ἀπελθεῖν,
683 3506 924 3562 λαϐοῦσα
977 3507 1034 3560 65
1084 3507 1180 3560 καὶ
1227 3507 1452 3576 ταύτην,
1509 3507 1602 3562 καὶ
1653 3510 1710 3563 αί
1771 3512 2044 3582 Σαμαρει-

376 3597 488 3649 τῶν
514 3597 570 3650 65
594 3595 779 3667 κῶμαι
807 3597 1217 3667 προσαχθεῖσαι,
1255 3595 1518 3667 μεγίστην
1553 3597 1826 3668 παρέσχον
1865 3599 2045 3670 παρά-

378 3686 591 3756 κλησιν.
1818 3719 1829 3736 .

449 3772 664 3828 Καὶδιά
691 3773 763 3834 τί,
793 3774 946 3842 φησι,
966 3771 1038 3843 μὴ
1057 3769 1112 3836 ἐξ
1137 3772 1311 3843 ἀρχῆς
1326 3771 1484 3825 τοῦτο
1499 3771 1739 3840 γέγονεν,
1755 3773 1890 3827 ἀλλὰ
1905 3775 2046 3845 μετά

373 3861 582 3926 ταῦτας
617 3861 732 3914 Ἵνα
753 3861 958 3931 δειχθῇ,
980 3859 1127 3932 [157]
1151 3862 1232 3914 ὅτι
1257 3859 1425 3923 ὅντως
1458 3859 1658 3930 ἀνέστη
1709 3861 1740 3913 6
1784 3862 2039 3932 Χριστός.

385 3949 449 4005 '0
477 3949 587 4021 7&9
617 3949 856 4004 ἐλαύνων
886 3949 1068 4010 αὑτὸν,
1093 3950 1186 4003 καὶ¹
1211 3949 1456 4002 ἀπιστῶν
1481 3948 1646 4003 αὑτοῦ
1692 3951 1760 4020 τῇ
1817 3950 2040 4023 τελευτῇ

375 4039 473 4092 ιιια)⁸
514 4041 580 4109 τῇ
630 4039 944 4100 ἀναστάσει,
990 4038 1082 4090 καὶ
1126 4037 1249 4101 τοὺς
1293 4036 1540 4109 μαθητάς
1582 4038 1748 4093 αὐτοῦ
1807 4037 2039 4106 διώκων,

366 4119 526 4190 οὗτος
559 4126 743 4188 πόθεν,
765 4126 886 4179 εἰπέ
915 4144 1026 4196 μοι,
1066 4125 1132 4178 ἀν
1179 4125 1518 4190 ἐπίστευσεν,
1549 4127 1601 4179 εί
1662 4125 1739 4197 μὴ
1771 4126 1940 4198 πολλὴ
1972 4123 2042 4199 ῆν

367 4202 470 4268 τοῦ
499 4212 902 4284 σταυρωθέντος
929 4215 962 4283 ἡ
992 4211 1144 4283 ἰσχύς
1171 4211 1232 4280 ά;
1268 4214 1470 4278 Ἔστω,
1498 4214 1699 4266 ἐκεῖνοι
1733 4213 1882 4284 αύτῷ
1911 4216 2041 4286 ἐχα-

371 4301 610 4374 ρίζοντο·
636 4300 688 4353 τί
717 4302 861 4371 ἐρεῖς
887 4301 1021 4371 πρὸς
1032 4299 1253 4366 τοῦτον;
1282 4300 1493 4363 Ἀλλως
1524 4299 1582 4352 δὲ
1607 4299 1695 4353 διά
1722 4300 1876 4355 τοῦτο
1906 4303 2042 4372 μετὰ

366 4389 472 4461 τὴν
499 4389 796 4443 ἀνάστασιν
825 4388 1118 4460 προσῆλθε,
1154 4387 1248 4441 καὶ
1275 4387 1375 4440 ούκ
1404 4386 1626 4452 εὐθέως,
1654 4388 1741 4441 ἵνα
1775 4389 2036 4459 σαφέστε-

376 4495 469 4548 ρος
489 4477 654 4532 αὐτοῦ
683 4475 862 4548 δειχθῇ
894 4477 922 4529 6
950 4475 1202 4546 πόλεμος.
1245 4475 1301 4529 '0
1348 4474 1458 4546 7&9
1510 4475 1652 4530 οὕτω
1681 4479 2038 4550 μαινόμενος,

361 4567 448 4631 ιὼς
474 4565 568 4620 καὶ
591 4565 797 4636 αἵματα
834 4565 1035 4634 ἐκχεῖν,
1068 4565 1163 4618 καὶ¹
1209 4565 1290 4628 είς
1341 4563 1689 4638 δεσμωτήρια
1729 4567 2036 4637 ἐμϐάλλειν,

371 4655 569 4728 ἀθρόον
619 4652 883 4708 πιστεύει.
942 4652 1057 4704 Οὐκ
1105 4653 1264 4723 ἢρκει
1312 4651 1374 4704 τὸ
1431 4650 1508 4723 μὴ
1566 4653 1926 4722 συγγενέσθαι
1961 4654 2038 4726 τῷ

370 4741 614 4815 Χριστῷ,
644 4742 759 4796 ἀλλ’
781 4741 891 4795 ἔδει
923 4742 1016 4794 καὶ
1049 4740 1425 4812 πολεμηθῆναι
1461 4742 1705 4812 σφοδρῶς
1732 4743 1822 4796 ὑπ’
1873 4743 2036 4797 αὑτοῦ

371 4834 497 4896 τοὺς
527 4831 749 4895 πιστούς
775 4847 788 4862 ο
817 4830 1074 4902 οὐδεμίαν
1105 4829 1396 4883 κατέλιπεν
1444 4829 1748 4901 ὑπερϐολὴν
1803 4832 2034 4901 μανίαςο

369 4923 591 4975 πάντων
648 4920 1006 4991 σφοδρότερος
1061 4912 1215 4982 οὗτος
1258 4913 1345 4989 ἦν.
1391 4917 1616 4991 Ἐπειδὴ
1656 4919 1714 4972 65
1751 4920 2034 4992 ἐπηρώθη,

370 5009 492 5060 τότε
524 5008 625 5076 τῆς
662 5007 977 5070 δεσποτείας
1011 5006 1176 5060 αὐτοῦ
1217 5005 1288 5058 τά
1319 5007 1599 5078 τεκμήρια
1643 5007 1738 5060 καὶ
1782 5007 1882 5078 τῆς
1911 5007 2037 5076 φιλ-

371 5093 686 5163 ανθρωπίας
745 5095 1038 5162 γνωρίζει·
1106 5094 1140 5163 ἢ
1196 5095 1291 5147 καὶ
1345 5094 1432 5148 ἵνα
1493 5097 1568 5166 μή
1622 5111 1707 5157 τις
1749 5095 1899 5167 εἴπῃ.
1953 5097 2035 5150 ὅτι

371 5171 719 5252 ὑπεκρίνατο.
749 5181 873 5243 Πῶς
923 5182 1050 5250 7&9,
1105 5181 1132 5232 6
1187 5183 1436 5251 αἱμάτων
1483 5181 1783 5252 ἐπιθυμῶν,
1847 5184 1876 5236 6
1922 5186 2036 5248 τοῖς

374 5270 582 5342 ἱερεῦσι
619 5267 954 5339 προσελθὼν,
987 5269 1014 5320 6
1040 5270 1120 5331 εἰς
1145 5270 1424 5334 κινδύνους
1455 5271 1646 5325 ἐαυτὸν
1666 5271 2030 5342 ἐπιρρίπτων,

374 5357 623 5420 καὶτοὺς
654 5355 762 5421 ἔξω
813 5355 1051 5409 ἐλαύνων
1087 5357 1183 5409 κα)⁵
1239 5358 1678 5428 τιμωρούμενοςς
1721 5355 1890 5422 Οὗτος
1939 5356 2034 5416 οὖν

375 5446 513 5518 μετά
536 5445 712 5500 ταῦτα
739 5445 917 5499 πάντα
944 5445 1044 5514 τὴν
1073 5444 1391 5497 δεσποτείαν
1427 5446 1691 5515 ὁμολογεῖ.
1758 5447 1856 5500 Διά
1883 5448 1936 5499 τί
1976 5448 2032 5502 δὲ

369 5537 468 5590 οὐκ
496 5535 637 5589 ἔνδον
665 5537 723 5589 ἐν
746 5536 812 5605 τῇ
842 5532 994 5586 πόλει
1016 5549 1081 5583 πε
1093 5531 1433 5602 ριηστράφθη
1457 5533 1535 5602 τῷ
1576 5534 1734 5602 φωτὶ,
1764 5535 1900 5589 ἀλλά
1926 5537 2033 5608 πρὸ

430 5730 459 5760 ⁸
503 5728 639 5778 Unus
681 5730 836 5778 codex
896 5726 1284 5791 ἀπολογούμενος.
1335 5725 1402 5791 _‘_H
1445 5727 1533 5789 γὰρ
1571 5728 1825 5791 ὑπερϐολή.
1891 5732 1918 5772 b
1945 5733 2033 5782 sa-

365 5792 518 5846 Vilius
535 5792 780 5856 μονονουχὶ
805 5791 979 5851 λέγων’
1003 5788 1061 5837 Τί
1086 5789 1216 5851 παρ’.
1283 5792 1304 5818 ο
1332 5788 1464 5846 Haec,
1504 5788 1653 5856 ποιεῖν
1666 5788 1828 5856 αὐτόν,
1878 5809 2029 5856 παρα-

389 5851 549 5916 ῐρῆμα,
582 5852 642 5916 ab
681 5851 880 5916 Elinng
921 5864 1173 5916 expressa.
1217 5861 1278 5897 ex
1325 5862 1421 5916 ιιηο
1461 5851 1569 5916 00d.
1627 5853 1854 5915 suppleta
1896 5851 2026 5907 sum.

389 5873 549 5916 9139.51,
582 5873 642 5902 au
683 5873 880 5901 Ll'usmu
921 5873 1173 5912 Chprcmu.
1217 5873 1278 5897 cx
1325 5873 1421 5896 uuu
1461 5873 1537 5898 (ut

368 5873 502 5967 iam.
569 5915 594 5958 ιι
633 5917 729 5964 Alii
766 5913 822 5974 ἦν
862 5919 944 5972 τῆς
981 5912 1285 5966 ἀναστάσεως
1333 5913 1362 5968 ἡ
1387 5912 1537 5974 ἰσχύς.

1165 306 1222 368 s.
1267 290 2068 370 IOANNISCIIRYSOSTOMI
2110 311 2426 372 ARCHIEP.
2467 313 3012 379 CONSTANTINOP;

3737 328 3853 388 154

2185 429 2391 501 αὐτῆς;
2425 433 2548 484 Ὀτι
2595 434 2693 486 οὐκ
2737 432 2802 487 ἂν
2847 420 3175 488 ἐπίστευσαν
3221 419 3514 504 οίπολλοὶ,
3558 437 3694 496 ἀλλά
3747 427 3851 498 καὶ

2183 520 2480 592 ἐχλεύασαν
2529 524 2615 577 ἀν’
2661 523 2794 577 ὅπου
2839 541 2904 593 γε
2952 527 3046 580 καὶ
3099 527 3216 580 ἐκεῖ
3263 527 3467 580 ἄνωθεν
3531 530 3852 602 ἐνεχθείσης

2185 609 2365 679 φωνῆς
2412 610 2701 674 ἀκούοντες
2749 611 2953 680 ἔλεγον,
2996 613 3078 666 ὅτι
3121 614 3347 682 Βροντή
3384 615 3574 669 ἐστιν·
3608 611 3763 682 οὗτος
3783 619 3849 672 δὲ

2180 695 2491 762 ἀξιόπιστος
2518 694 2585 769 ἦν
2614 699 2970 767 ἀπαγγέλλων
3020 701 3218 771 μᾶλλον
3254 701 3326 754 τὰ
3379 703 3563 758 αὐτοῦ.
3595 706 3706 759 Καὶ
3757 705 3853 759 δε-

2180 781 2401 855 δεμένος
2435 788 2702 857 εἰσήγετο,
2732 789 2793 841 οὐ
2839 789 3238 860 περικειμένων
3292 789 3439 860 αὐτῷ
3479 790 3715 863 δεσμῶν,
3749 795 3851 848 καὶ

2180 870 2358 926 εἷλκον
2387 873 2548 926 αὑτὸν
2605 875 2696 928 τὸν
2741 875 3182 946 προσδοκήσαντα
3235 878 3361 940 τοὺς
3403 876 3593 941 ἄλλους
3639 879 3846 946 ἕλξειν.

2179 958 2333 1022 Τίνος
2359 959 2416 1012 δὲ
2451 960 2636 1014 ἕνεκεν
2659 963 2758 1014 οὐκ
2782 962 3006 1032 ἔφαγεν,
3038 964 3160 1017 ούδέ
3212 963 3369 1033 ἔπιες
3423 964 3850 1034 Κατεγίνωσκεν

2178 1046 2371 1100 ἑαυτοῦ
2421 1048 2512 1104 ἐπὶ⁵
2570 1053 2680 1113 τοῖς
2734 1051 3058 1122 γινομένοις,
3120 1050 3548 1122 ἐξωμολογεῖτο,
3606 1052 3848 1123 ηῦχετο,

2179 1136 2479 1206 παρεκάλει
2525 1138 2616 1191 τὸν
2649 1139 2800 1192 Θεόν.
2831 1141 2894 1192 El
2933 1139 2989 1193 δὲ
3020 1139 3168 1208 λέγοι
3188 1157 3290 1204 τις,
3316 1139 3562 1209 ἀνάγκης
3597 1135 3737 1194 εἶναι
3780 1142 3850 1194 16

2177 1224 2412 1292 πρᾶγμα
2442 1223 2558 1294 (καὶ
2625 1224 2734 1296 γὰρ
2762 1226 2790 1277 ὁ
2831 1223 3069 1295 Ἐλύμας
3115 1224 3176 1280 τὸ
3210 1226 3342 1278 αὐτὸ
3381 1226 3638 1296 ἔπαθεν),
3677 1227 3849 1297 ἐροῦ-

2179 1326 2308 1380 μεν·
2347 1312 2456 1365 Na}.
2516 1312 2737 1379 ἔπαθεν,
2800 1314 2917 1368 ἀλλ’
2966 1315 3179 1386 ἔμεινεν
3201 1312 3274 1378 ὡς
3303 1309 3436 1384 εἷχε.
3464 1313 3589 1378 Πῶς
3617 1312 3714 1368 οὖν
3741 1316 3848 1369 οὐκ

2173 1399 2535 1472 ἡναγκάσθης
2590 1402 2698 1455 Καὶ
2747 1401 2802 1455 τί
2851 1400 3394 1474 ἀναγκαστικώτερον
3455 1401 3550 1456 τοῦ
3611 1403 3846 1472 σεισμοῦ

2173 1484 2267 1537 τοῦ
2305 1486 2396 1539 ἐπὶ
2438 1487 2538 1558 τῆς
2574 1489 2941 1555 ἀναστάσεως,
2962 1489 3070 1542 τῶν
3100 1488 3448 1560 στρατιωτῶν
3495 1487 3605 1542 τῶν
3659 1489 3849 1557 ἀπαγ-

2173 1573 2491 1642 γειλάντων,
2531 1575 2640 1629 τῶν
2692 1575 2931 1644 σημείων
2993 1575 3104 1629 τῶν
3155 1575 3348 1643 ἄλλων,
3397 1575 3490 1630 τοῦ
3522 1577 3650 1629 ίδεῖν
3671 1577 3846 1629 αὐτὸν

2173 1663 2506 1729 ἀναστάντα;
2559 1663 2696 1716 Ἀλλ’
2726 1661 2972 1717 οὐκέστι
3017 1662 3193 1718 ταῦτα
3241 1664 3639 1734 ἀναγκαπικά,
3697 1663 3848 1718 ἀλλά

2171 1749 2473 1804 διδακτικά.
2556 1750 2800 1803 Ἰουδαῖοι
2855 1750 2944 1804 διά
3008 1751 3060 1803 τί
3121 1751 3222 1805 οὐκ
3272 1752 3601 1804 ἐπίστευσαν
3658 1750 3844 1804 ταῦτα

2169 1837 2488 1904 ἀκούοντες;
2531 1838 2650 1892 Ὀτι
2692 1838 2923 1910 ὴλήθευε
2978 1837 3135 1908 δῆλον
3170 1834 3258 1911 ἦν.
3305 1840 3379 1892 Ού
3433 1841 3541 1910 γὰρ
3590 1839 3657 1894 ἂν
3706 1856 3846 1910 μετ-

2171 1924 2344 1989 έθετο,
2385 1925 2459 1996 μὴ
2499 1925 2792 1996 γενομένου
2831 1924 3042 1978 τούτου·
3094 1924 3234 1978 ὥστε
3282 1927 3488 1988 πάντας
3543 1925 3843 1980 πιστεῦσαι

2169 2012 2298 2065 ἔδει.
2351 2014 2470 2068 Τῶν
2536 2013 2636 2084 τὴν
2691 2013 2985 2066 ἀνάστασιν
3055 2011 3219 2066 αὐτοῦ
3293 2015 3666 2084 κηρυττόντων
3735 2015 3846 2084 οὐχ

2167 2102 2344 2172 ἥττων
2368 2098 2456 2174 ἦν,
2488 2102 2686 2174 μᾶλλον
2718 2102 2774 2155 65
2805 2101 2898 2157 καὶ
2927 2100 3388 2172 ἀξιοπιστότερος,
3432 2101 3624 2172 ἀθρόον
3660 2119 3842 2172 μετα-

2167 2189 2519 2262 ϐεϐλημένος.
2551 2191 2624 2246 Ού
2679 2190 2992 2260 συνεγένετό
3042 2207 3147 2244 τινι
3189 2190 3299 2242 τῶν
3347 2190 3571 2250 πιστῶν,
3607 2190 3724 2244 ἀλλ’
3774 2191 3848 2246 ἐν

2165 2277 2441 2348 Δαμασκῷ
2485 2277 2828 2348 μετεϐάλετο,
2879 2277 3079 2348 μᾶλλον
3125 2275 3182 2330 65
3237 2275 3342 2347 πρὸ
3385 2277 3484 2346 τῆς
3535 2277 3841 2347 Δαμασκοῦ

2163 2363 2322 2417 τοῦτο
2359 2365 2580 2418 ἔπαθεν.
2617 2364 2840 2436 Ἐρωτῶ
2869 2365 2958 2418 τὸν
3001 2363 3254 2418 Ἰουδαῖον
3278 2381 3291 2394 ·
3329 2363 3517 2426 Πόθεν,
3559 2365 3678 2417 εἱπέ
3713 2382 3836 2435 μοι,

2167 2447 2468 2519 μετεϐλήθη
2493 2447 2735 2513 Παῦλος;
2764 2448 3014 2504 Τοσαῦτα
3045 2453 3245 2522 σημεῖα
3287 2448 3415 2511 εἶδε,
3458 2449 3549 2502 καὶ
3595 2450 3656 2501 ού
3696 2468 3841 2518 μετ-

2163 2536 2364 2608 εϐλήθη
2403 2552 2417 2566 °
2491 2537 2520 2590 6
2594 2536 2910 2600 διδάσκαλος
2949 2538 3113 2591 αὐτοῦ
3170 2538 3497 2610 μετεϐλήθη,
3533 2539 3627 2590 καὶ
3671 2533 3840 2601 οὗτος

2161 2624 2220 2677 οὐ
2257 2623 2589 2694 μετεϐλήθη’
2618 2624 2702 2687 τίς
2728 2622 2943 2677 ἔπεισεν
2971 2625 3170 2692 αύτόν;
3205 2627 3401 2696 μᾶλλον
3433 2627 3487 2679 δὲ
3517 2625 3599 2687 τίς
3630 2626 3838 2696 ἀθρόον

2161 2711 2426 2781 τοσαύτην
2461 2712 2713 2765 ἐνέϐαλεν
2750 2713 2900 2785 αὐτῷ
2946 2713 3273 2785 προθυμίαν,
3305 2714 3380 2778 ὡς
3429 2715 3518 2768 καὶ
3575 2714 3834 2783 ἀνάθεμα

2159 2799 2416 2864 εὔξασθαι
2473 2799 2725 2870 γενέσθαι
2783 2802 2924 2873 ὑπὲρ
2965 2801 3059 2856 τοῦ
3108 2801 3384 2872 Χριστοῦ;
3419 2802 3629 2874 Φανερά
3675 2805 3834 2855 ἐστιν

2159 2887 2191 2958 ἡ
2224 2886 2332 2940 τῶν
2351 2887 2695 2960 πραγμάτων
2723 2888 2970 2958 ἀλήθεια.
3007 2889 3148 2942 Ἀλλ’
3177 2901 3200 2928 θ
3223 2890 3360 2959 ὅπερ
3390 2888 3544 2960 ἔφην,
3567 2889 3704 2950 τέως
3734 2889 3831 2941 τὸν

2158 2977 2408 3049 εὐνοῦχον
2438 2979 2835 3051 αἰσχυνθῶμεν,
2866 2980 2962 3033 καὶ
3017 2978 3385 3050 φωτιζόμενον
3416 2978 3509 3032 καὶ
3555 2976 3832 3045 ἀναγινώο

2159 3083 2377 3123 σκοντα.
2420 3067 2639 3140 Ὁρᾶτε,
2676 3067 2792 3133 πῶς
2819 3064 2888 3140 ἦν
2916 3070 2974 3122 ἐν
2994 3068 3303 3138 δυναστείᾳ,
3335 3069 3452 3131 πῶς
3477 3063 3545 3138 ἦν
3574 3068 3632 3120 ἐν
3664 3066 3833 3119 πλού·

2154 3172 2253 3226 τῳ,
2295 3156 2387 3209 καὶ
2421 3156 2542 3210 ούδέ
2585 3158 2642 3210 ἐν
2673 3155 2778 3226 ὀδῷ
2823 3155 3097 3226 ήσύχαξες
3145 3155 3242 3218 Τίς
3274 3150 3344 3226 ἦν
3391 3156 3497 3225 ἄρα
3530 3147 3682 3218 οὗτος
3723 3154 3828 3223 μὲ-

2155 3261 2260 3298 νων
2281 3245 2368 3297 ἐπ’
2429 3245 2628 3309 οἰκίας,
2693 3244 2828 3316 μηδέ
2858 3247 2917 3299 ἐν
2959 3244 3096 3309 ὁδοῖς
3128 3244 3452 3314 ἀνεχόμενος
3503 3243 3826 3315 σχολάζεινς

2152 3332 2239 3395 τίς
2267 3328 2335 3404 ἦν
2370 3331 2390 3370 τ
2418 3325 2571 3397 οὗτος
2597 3335 2656 3387 ἐν
2679 3332 2869 3398 νυκτί;

2223 3421 2286 3475 δ’.
2307 3421 2462 3475 Ὅσοι
2495 3423 2552 3475 ἐν
2585 3417 2888 3492 ἀξιώμασίν
2916 3421 3060 3484 ἐστε,
3097 3419 3384 3484 ἀκούσατε,
3407 3420 3579 3475 καὶτὸ
3613 3419 3825 3488 ἄτυφον

2153 3509 2246 3562 καὶ
2273 3507 2422 3582 [158]
2454 3509 2681 3573 εὐλαϐὲς
2737 3508 3070 3580 μιμήσασθε.
3110 3509 3305 3563 Καίτοι
3363 3509 3565 3579 μέλλων
3594 3509 3825 3563 ἀπιέναι

2151 3596 2358 3663 οἴκαδε,
2395 3597 2495 3651 οὐκ
2527 3592 2648 3650 εἷπε
2683 3595 2819 3667 πρὸς
2843 3595 3052 3650 ἔαυτόν·
3098 3596 3436 3668 Ἀπέρχομαι
3465 3597 3542 3660 είς
3586 3595 3683 3666 τὴν
3713 3615 3825 3649 πα-

2150 3684 2328 3758 τρίδα,
2371 3685 2488 3737 ἐκεῖ
2539 3683 2802 3754 λαμϐάνω
2832 3682 2893 3736 τὺ
2946 3681 3192 3755 λουτρὸν,
3252 3683 3321 3736 τά
3365 3683 3549 3754 ψυχρὰ
3594 3685 3825 3754 ῥήματα

2149 3773 2258 3825 τῶν
2286 3771 2515 3852 πολλῶν.
2548 3771 2662 3825 Ούκ
2693 3770 2884 3842 ἐδεήθη
2915 3770 3179 3843 σημείων,
3229 3771 3328 3824 οὐκ
3359 3771 3550 3842 ἐδεήθη
3594 3769 3822 3840 θαυμά-

2154 3877 2284 3914 των⁹
2346 3859 2451 3913 ἀπὸ
2515 3857 2606 3912 τοῦ
2638 3859 2919 3930 προφήτου
2979 3858 3137 3930 μόνον
3175 3857 3480 3912 ἐπίστευσε.
3515 3858 3608 3911 Διά
3641 3859 3822 3911 ταῦτα

2152 3948 2337 4001 πενθεῖ
2387 3946 2578 4000 ἑαυτὸν
2635 3949 2662 4000 6
2711 3946 2940 4011 Παῦλος,
2997 3945 3190 4015 λέγων·
3221 3945 3428 4000 Δ,Ἀλλὰ
3485 3945 3580 3999 διὰ
3635 3946 3819 3999 τοῦτο

2148 4037 2438 4104 ἠλεήθην,
2469 4034 2557 4088 ὅτι
2597 4031 2832 4104 ἀγνοῶν
2875 4033 3137 4100 ἐποίησα
3165 4032 3236 4086 ἐν
3265 4031 3534 4099 ἀπιστίῃ,
3570 4032 3662 4085 καὶ
3698 4033 3806 4086 ἵνα

2148 4126 2217 4178 ἐν
2241 4123 2369 4192 ἐμοὶ
2397 4121 2603 4191 πρώτῳ
2630 4119 2966 4188 ἐνδείξηται
3019 4120 3257 4188 Ἰησοῦς
3289 4121 3538 4188 Χριστὸς
3565 4117 3674 4185 τὴν
3697 4117 3812 4172 πᾶ-

2148 4229 2269 4267 σαν
2289 4211 2719 4282 μακροθυμίαν.
2758 4208 2938 4272 Ἀξιον
2963 4207 3131 4271 ὅντως
3166 4207 3445 4278 θαυμάσαι
3489 4208 3578 4259 τὸν
3622 4205 3811 4258 εὐνοῦ-

2147 4317 2240 4370 χον
2263 4296 2468 4350 τοῦτον.
2497 4296 2608 4349 Οὐκ
2637 4290 2743 4348 εἶδε
2767 4294 2858 4348 τὸν
2891 4294 3145 4365 Χριστὸν,
3176 4294 3274 4347 οὐκ
3304 4288 3411 4347 εἶδε
3447 4297 3690 4365 σημεῖον
3726 4294 3813 4348 ἔτι

2145 4384 2216 4439 τὰ
2259 4383 2601 4456 Ἰεροσόλυμα
2632 4381 2943 4436 συνεστῶτα
2985 4379 3153 4452 ἐώρα,
3183 4381 3277 4435 καὶ
3323 4381 3575 4434 ἐπίστευε
3615 4380 3693 4452 τῷ
3714 4383 3816 4434 Φι-

2145 4473 2349 4544 λίππῳ.
2410 4471 2580 4525 Πόθεν
2629 4466 2720 4525 οὖν
2785 4468 3024 4533 τοιοῦτος
3072 4469 3397 4548 γεγένηται;
3456 4470 3816 4541 Μεμεριμνη-

2148 4561 2283 4632 μένη
2327 4557 2395 4632 ἦν
2445 4562 2478 4631 ὴ
2509 4559 2653 4630 ψυχὴ
2687 4557 2872 4624 αὐτοῦ,
2909 4560 3163 4630 προσεῖχε
3221 4558 3261 4611 Γ
3267 4560 3481 4628 ραφαῖς,
3520 4557 3814 4626 ἐσχόλαζεν

2145 4649 2503 4720 ἀναγνώσεσι.
2549 4649 2738 4702 Καίτοι
2772 4647 2865 4702 καλ⁸
2894 4647 2923 4700 6
2954 4647 3156 4718 λῃστὴς
3188 4644 3292 4699 εἶδε
3345 4648 3565 4718 σημεῖα,
3615 4646 3706 4699 καὶ
3757 4650 3810 4700 οἱ

2149 4737 2313 4810 μάγοι
2347 4733 2485 4790 εἶδον
2534 4737 2764 4807 ἀστέρα⁶
2815 4729 2970 4798 οὗτος
2997 4734 3053 4787 δέ
3093 4733 3245 4787 οὐδὲν
3276 4727 3382 4788 εἶδε
3410 4732 3666 4797 τοιοῦτον,
3710 4736 3812 4788 καὶ

2145 4824 2419 4880 ἐπίστευεο
2451 4823 2702 4876 τοσοῦτόν
2731 4824 2878 4875 ἐστιν
2902 4823 2936 4893 ή
2958 4820 3068 4874 τῶν
3097 4819 3326 4893 Γραφῶν
3347 4821 3648 4889 ἀνάγνωσις
3668 4820 3813 4890 ὡφὲο

2142 4914 2326 4984 λιμοςί
2357 4913 2422 4965 Τί
2450 4907 2541 4965 οὖν
2575 4908 2818 4972 Παῦλος;
2845 4909 2966 4979 οὐχ)⁵
3008 4907 3100 4961 τὸν
3140 4908 3302 4978 νόμον
3351 4909 3616 4978 ἐμελέτα;
3663 4909 3808 4962 Ἀλλ’

2142 5003 2268 5074 ἐμοὶ
2301 5001 2446 5054 δοκεῖ
2475 4993 2627 5063 οὗτος
2647 4997 2898 5070 ἐπίτηδες
2929 4995 3324 5067 ἀναϐληθῆναι,
3379 4996 3445 5048 δι’
3472 4996 3616 5068 άπερ
3647 4991 3807 5051 εἷπον

2143 5087 2428 5162 προλαϐὼν
2458 5085 2793 5158 πανταχόθεν
2855 5083 3182 5155 βουλομένου
3233 5084 3637 5138 ἐπισπάσασθαι
3679 5086 3809 5149 τοὺς

2155 5177 2438 5239 Ἰουδαίους
2465 5174 2560 5229 τοῦ
2582 5172 2840 5246 Χριστοῦ.
2868 5171 2934 5226 El
2960 5172 3068 5244 7&9
3095 5170 3220 5224 νοῦν
3249 5166 3411 5241 εἶχον,
3433 5171 3582 5224 οὐδὲν
3605 5172 3806 5237 αὐτοὺς

2140 5263 2313 5328 οὕτως
2340 5263 2536 5333 ὠφέλει
2559 5262 2634 5326 ὡς
2665 5260 2842 5317 τοῦτο.
2879 5259 3051 5314 Τοῦτο
3083 5258 3211 5331 7&9,
3242 5260 3336 5312 καὶ
3393 5259 3631 5329 σημείων
3666 5261 3805 5330 μᾶλ-

2139 5351 2252 5416 λον,
2275 5353 2368 5406 καὶ
2386 5351 2627 5418 πάντων,
2657 5349 2841 5403 ἱκανὸν
2867 5342 2934 5420 ἦν
2953 5347 3150 5410 αὐτοὺς
3170 5346 3586 5416 ἐφελκύσασθαι·
3611 5347 3805 5420 ὥσπερ

2139 5436 2233 5492 οὖν
2259 5437 2408 5492 οὐδὲν
2445 5437 2586 5490 οὕτω
2638 5437 3006 5502 σκανδαλίζειν
3052 5435 3209 5514 εἴωθε
3261 5437 3387 5499 τοὺς
3437 5438 3800 5507 παχυτέρους.

2140 5527 2284 5598 Ὅρα
2310 5525 2439 5594 γοῦν
2472 5526 2609 5595 μετά
2636 5527 2733 5596 τὴν
2764 5525 3060 5597 διασπορὰν
3112 5523 3221 5576 τῶν
3245 5524 3558 5578 ἀποστόλων
3590 5525 3682 5578 καὶ
3706 5525 3801 5581 τὸν

2137 5615 2270 5668 Θεὸν
2305 5614 2558 5668 ποιοῦντα
2587 5614 2654 5669 τὰ
2681 5618 2899 5688 σημεῖα.
2959 5611 3315 5668 Ἐνεκάλεσαν
3389 5612 3625 5666 Ἰουδαῖοι
3684 5617 3799 5680 τοῖς

2207 5746 2230 5773 e
2265 5730 2542 5803 Legebat"!-
2581 5733 2684 5780 ἀλλ’
2711 5733 2856 5803 ὅμως,
2891 5729 2980 5780 sed
3024 5743 3212 5788 vocem.
3235 5729 3366 5807 ὅμως
3425 5742 3536 5792 quae
3571 5727 3804 5798 turbabat

2139 5799 2456 5854 sententiam,
2495 5793 2873 5854 suifragantibus
2905 5804 3003 5840 uno
3029 5793 3152 5854 cod,
3176 5797 3227 5840 et
3251 5764 3796 5854 δενιῖηίετρυιικηηιις,

2140 5855 2307 5917 Eon,
2371 5853 2390 5892 ι
2427 5855 2628 5917 Quidam
2650 5853 2786 5901 ’mss.
2831 5853 2970 5917 οὗτος
3007 5853 3252 5917 σχολάζων
3293 5853 3366 5900 ἐπ’
3398 5853 3568 5913 οἰκίας,
3612 5855 3649 5902 6
3676 5853 3797 5912 μηδὲ

2140 5917 2185 5963 ἐν
2210 5915 2332 5972 ὁδοῖς
2359 5915 2637 5978 ἀνεχόμενος
2659 5921 2794 5982 σιγᾷν
2816 5929 2830 5978 ;
2859 5915 2928 5971 τίς
2945 5914 3018 5976 ᾖν.
