3978 6516
193 455 378 514 ledere
417 453 596 521 solet;
624 465 930 509 mensuram
976 451 1118 507 enim
1157 462 1310 506 suam
1355 448 1549 503 habent
1589 444 1747 500 oculi.-

194 549 384 603 Dicitur
411 548 574 603 etiam
612 546 760 601 vocis
804 555 859 600 et
891 544 1014 601 soni
1037 543 1432 599 vehementiam
1461 537 1654 594 surdos
1679 536 1762 591 fa-

191 658 302 697 cere
321 651 376 696 et
392 641 670 696 attonitos.
692 638 796 695 Sed
819 639 957 693 hunc
981 635 1267 693 excaecavit
1291 645 1513 697 tantum,
1541 641 1596 687 et
1616 638 1762 685 metu

192 734 416 789 furorem
445 734 563 804 ejus
589 732 864 794 exstinxit,
886 732 957 786 ita
980 738 1038 784 ut
1060 729 1175 783 hate
1201 728 1290 782 ille
1313 725 1522 781 audiret
1547 722 1758 787 :Saule,

189 824 362 890 Saule,
392 824 517 894 quid
546 842 624 880 me
647 823 957 894 persequeris
984 823 1009 876 ?
1033 821 1146 876 Non
1173 821 1302 874 dicit
1332 819 1426 882 illi,
1446 816 1636 879 Crede,
1670 830 1764 869 ne-

188 933 282 988 que
325 917 505 972 simile
545 915 858 987 quidpiam;
894 914 990 970 sed
1034 914 1262 968 incusat.
1314 911 1437 966 Haec
1482 908 1594 964 fere
1635 907 1766 962 dicit

187 1009 372 1078 quibus
399 1010 545 1064 illum
577 1011 786 1063 incusat
818 1028 832 1064 :
862 1007 999 1076 Quid
1021 1047 1036 1072 ,
1067 1008 1146 1060 vel
1178 1019 1363 1076 parum
1403 1003 1488 1058 vel
1514 1001 1761 1063 multum,

185 1118 209 1151 ει
235 1116 322 1156 me
346 1100 527 1163 laasus,
555 1099 658 1154 hoc
683 1099 798 1170 agis
823 1097 846 1152 ἲ
874 1097 1016 1152 Dixit
1040 1105 1226 1154 autem,
1244 1094 1369 1163 Quis
1390 1109 1462 1159 es,
1495 1090 1710 1146 Domine
1739 1090 1765 1144 ?

187 1192 398 1247 Interim
423 1207 485 1248 se
505 1191 788 1248 conﬁtetur
820 1206 1057 1246 servum.
1089 1189 1344 1250 Dominus
1368 1195 1548 1242 autem
1593 1185 1760 1240 dixit:

187 1285 293 1356 Ego
330 1303 446 1341 sum
482 1285 655 1352 Iesus,
699 1301 849 1354 quem
879 1295 932 1338 tu
959 1282 1290 1354 persequeris.
1328 1281 1406 1335 Ac
1444 1278 1490 1334 si
1516 1277 1714 1333 diceret
1746 1293 1762 1331 :

185 1377 257 1433 Nc
286 1387 441 1448 putes
469 1377 562 1432 tibi
589 1391 712 1432 cum
740 1375 1043 1431 hominibus
1072 1389 1193 1429 esse
1215 1380 1510 1428 certamen.
1541 1369 1643 1437 Qui
1667 1384 1766 1422 au-

186 1482 289 1525 tem
323 1485 444 1525 cum
480 1471 570 1525 illo
603 1479 790 1533 erant,
817 1484 1002 1524 vocem
1027 1467 1240 1538 quidem
1285 1465 1431 1521 Pauli
1458 1463 1764 1529 audierunt,

187 1563 454 1618 neminem
483 1572 664 1617 autem
696 1561 966 1626 viderunt,
1009 1560 1074 1614 ad
1107 1573 1265 1630 quem
1304 1555 1672 1626 responderet.
1702 1556 1769 1610 Et

181 1655 297 1724 jure
333 1655 530 1711 merito
560 1671 574 1710 :
609 1671 786 1710 rerum
815 1668 1046 1724 namque
1074 1653 1341 1707 minorum
1370 1651 1490 1705 illos
1521 1649 1645 1705 fecit
1673 1663 1768 1702 au-

185 1750 410 1805 ditores.
449 1749 582 1803 Nam
624 1749 670 1803 si
710 1762 898 1803 vocem
946 1746 1089 1801 illam
1131 1744 1439 1810 audissent,
1470 1757 1643 1814 neque
1687 1741 1770 1798 sic

184 1842 538 1898 credidissent
566 1859 580 1895 :
607 1840 827 1895 Paulum
859 1849 1037 1895 autem
1059 1837 1303 1893 videntes
1329 1835 1767 1906 respondentem,

186 1937 537 1991 mirabantur.
576 1934 681 1990 Sed
709 1935 759 1988 7.
789 1934 986 2004 Surge,
1030 1943 1077 1987 et
1117 1930 1383 2002 ingredere
1409 1928 1692 1994 ciuitatem,
1718 1935 1768 1980 et

185 2029 375 2082 dicetur
419 2027 509 2081 tibi
545 2027 667 2098 quid
707 2035 755 2080 te
799 2035 1028 2095 aporteat
1072 2025 1259 2094 facere.
1296 2022 1452 2087 Vide,
1497 2019 1770 2090 quomodo

186 2136 283 2175 non
312 2119 502 2174 statim
530 2118 708 2173 omnia
746 2117 846 2188 ipsi
873 2116 1099 2182 revelet,
1130 2115 1228 2171 sed
1257 2114 1406 2185 prius
1435 2121 1638 2167 tantum
1665 2111 1771 2165 mi-

189 2213 308 2281 tiget
329 2210 573 2265 animam
603 2209 741 2278 ejus,
768 2218 823 2263 et
848 2223 944 2278 per
968 2223 1052 2273 ea,
1080 2222 1199 2277 quae
1216 2205 1370 2276 jubet
1398 2205 1546 2260 illum
1568 2202 1765 2267 facere,

185 2303 358 2358 statim
388 2315 547 2371 spem
571 2300 764 2354 bonam
799 2299 953 2366 indit,
977 2298 1118 2370 quod
1147 2299 1318 2353 visum
1345 2304 1659 2366 recepturus
1677 2294 1769 2349 sit.

197 2395 293 2450 Viri
306 2405 508 2461 autem,
530 2394 615 2461 qui
635 2393 773 2448 ibant
797 2410 911 2447 cum
932 2409 988 2448 eo
1005 2433 1023 2458 ,
1046 2390 1544 2462 stabantstupefacti,
1560 2387 1775 2442 audien-

186 2501 252 2545 tes
271 2488 482 2559 quidem
509 2503 699 2552 vocem,
725 2487 976 2541 neminem
998 2496 1166 2540 autem
1184 2484 1427 2539 uidentes.
1457 2481 1512 2538 8.
1532 2478 1774 2538 Surrexit

187 2590 341 2636 autem
363 2579 564 2635 Saulus
585 2583 648 2635 de
657 2589 810 2645 terra,
829 2578 1112 2649 apertisque
1128 2575 1287 2630 oculis
1311 2574 1437 2628 nihil
1455 2572 1672 2627 videbat.
1689 2570 1772 2625 Ad

189 2693 357 2732 manus
375 2686 554 2730 autem
575 2675 721 2730 illum
739 2673 1010 2739 trahentes,
1028 2669 1415 2725 introduxerunt
1437 2664 1772 2720 Damascum.

193 2768 358 2837 Spolia
398 2767 643 2830 diaboli,
673 2780 796 2820 vasa
824 2765 942 2834 ejus
963 2803 981 2828 ,
1011 2761 1162 2834 quasi
1200 2769 1352 2831 capta
1377 2757 1606 2830 quadam
1637 2755 1775 2811 urbe

196 2861 271 2914 vel
312 2859 600 2930 metropoli
631 2856 1000 2913 introducunt.
1031 2854 1099 2909 Et
1122 2851 1265 2923 quod
1295 2850 1490 2906 mirum
1516 2856 1600 2904 est
1621 2888 1638 2914 ,
1670 2846 1774 2918 ipsi

201 2951 386 3006 inimici
415 2959 471 3006 et
501 2948 689 3004 hostes
719 2946 1064 3002 introducunt
1092 2944 1244 2999 illum
1270 2940 1521 2998 omnibus
1545 2938 1775 2994 videnti-

201 3041 309 3097 bus.
337 3042 392 3096 9.
419 3040 488 3094 Et
519 3049 629 3094 erat
648 3038 804 3093 tribus
823 3037 996 3092 diebus
1025 3052 1124 3090 non
1143 3035 1335 3096 videns,
1359 3041 1404 3086 et
1431 3048 1531 3086 non
1558 3029 1775 3082 mandu-

211 3136 327 3187 cavit
351 3151 494 3202 neque
517 3133 665 3188 bibit.
694 3131 830 3199 Quid
855 3130 980 3185 huic
1007 3130 1082 3185 rei
1109 3143 1207 3199 par
1235 3126 1392 3182 fuerit
1420 3126 1443 3180 ἲ
1468 3123 1774 3180 Consolatio

218 3227 323 3282 haec
350 3228 530 3283 inducti
565 3226 714 3282 Pauli
745 3231 1059 3293 compensat
1094 3237 1381 3278 maerorem
1406 3221 1473 3276 de
1501 3219 1775 3289 Stephano

211 3330 505 3390 conceptum
527 3360 544 3384 ,
579 3319 709 3374 licet
750 3317 836 3372 hic
862 3331 1014 3371 suam
1058 3315 1253 3370 habeat
1290 3314 1342 3368 in
1373 3327 1432 3368 se
1455 3311 1780 3368 consolatio—

201 3426 315 3465 nem
337 3453 350 3472 ,
378 3410 523 3481 quod
556 3410 648 3465 ille
687 3409 767 3464 sic
809 3407 1072 3470 obiisset;
1113 3414 1168 3461 et
1197 3404 1334 3459 hanc
1372 3404 1498 3458 item
1531 3401 1771 3467 haberet,

191 3504 324 3572 quod
363 3501 830 3559 Samaritanorum
856 3500 958 3556 vici
1000 3498 1205 3555 reducti
1236 3512 1484 3566 magnum
1519 3494 1779 3550 aﬁ‘errent

182 3598 461 3654 solatium.

249 3692 355 3746 Cur
385 3690 595 3745 Paulus
616 3700 728 3760 post
755 3688 942 3744 Christi
959 3686 1372 3742 resurrectionem
1396 3698 1662 3738 conversus
1688 3680 1774 3736 sit.

171 3816 244 3827 —
265 3787 336 3841 Et
376 3800 506 3846 cur,
530 3784 772 3853 inquies,
805 3796 912 3835 non
944 3779 1010 3835 ab
1054 3779 1208 3833 initio
1239 3777 1291 3830 id
1325 3775 1521 3830 factum
1547 3783 1652 3838 est,
1681 3771 1776 3828 sed

172 3890 364 3949 postea
389 3879 417 3931 ?
485 3875 557 3932 Ut
597 3874 1009 3938 ostenderetur,
1049 3885 1174 3926 vere
1212 3868 1483 3924 Christum
1532 3881 1780 3922 resurre-

169 3973 340 4027 xisse.
393 3969 510 4038 Qui
555 3967 697 4022 enim
731 3963 1150 4035 persequebatur
1180 3961 1326 4016 illum
1351 4001 1367 4025 ,
1399 3973 1496 4013 nec
1525 3956 1780 4012 credebat

166 4064 314 4118 illius
347 4071 598 4116 mortem
623 4075 686 4114 ac
719 4057 1168 4114 resurrectionem
1188 4097 1202 4119 ,
1228 4054 1320 4124 qui
1346 4051 1638 4121 discipulos
1662 4049 1779 4118 ejus

164 4153 643 4225 persequebatur,
671 4149 832 4214 unde,
855 4161 1061 4219 quaeso,
1089 4145 1423 4207 credidisset,
1459 4142 1560 4196 nisi
1589 4154 1778 4210 magna

162 4249 358 4302 fuisset
396 4243 667 4301 Crueiﬁxi
698 4241 909 4296 virtus?
935 4237 1067 4294 Esto
1091 4279 1106 4304 ,
1138 4236 1215 4291 illi
1247 4235 1344 4305 ipsi
1376 4235 1782 4302 obtemperave-

162 4342 316 4402 rint,
351 4336 496 4408 quid
542 4333 614 4389 ad
645 4333 787 4389 hunc
825 4330 1022 4387 dices?
1051 4329 1300 4399 Alioquin
1342 4343 1470 4382 vero
1501 4325 1620 4380 ideo
1659 4332 1784 4394 post

159 4431 651 4489 resurrectionem
698 4427 948 4492 accessit,
992 4439 1165 4495 neque
1193 4421 1411 4487 statim,
1446 4429 1506 4475 ut
1549 4417 1782 4474 manife-

155 4524 303 4579 stius
341 4523 535 4592 ipsius
568 4519 766 4576 bellum
794 4517 1053 4572 videatur.
1079 4515 1213 4570 Nam
1245 4513 1336 4584 qui
1373 4513 1453 4568 sic
1477 4511 1691 4577 insanit,
1721 4517 1785 4564 ut

154 4630 210 4672 et
234 4614 592 4686 sanguinem
621 4610 881 4676 effundat,
907 4619 962 4665 et
993 4609 1045 4663 in
1069 4622 1342 4664 carcerem
1367 4603 1638 4674 conjiciat,
1669 4611 1785 4658 sta-

156 4715 254 4769 tim
297 4712 525 4769 credit.
576 4709 692 4764 Non
737 4707 870 4762 satis
911 4714 1056 4769 erat,
1099 4702 1242 4774 quod
1283 4716 1405 4757 cum
1435 4700 1649 4755 Christo
1675 4711 1785 4752 non

153 4810 384 4872 fuisset,
441 4804 550 4860 sed
581 4802 816 4872 oportuit
843 4809 899 4855 ut
941 4797 1126 4854 ﬁdeles
1153 4797 1222 4851 ab
1249 4795 1341 4850 illo
1378 4793 1584 4850 fortiter
1608 4791 1784 4861 impu-

150 4907 508 4972 gnarentur.
537 4895 756 4952 Nullum
789 4909 892 4948 non
924 4892 1157 4948 furorem
1187 4899 1332 4946 retro
1355 4887 1644 4959 relinquit;
1669 4899 1788 4942 om-

148 4998 321 5051 nibus
370 4993 480 5048 hic
533 4990 716 5045 acrior
755 4995 888 5044 erat.
933 4987 1065 5042 Cum
1103 4993 1280 5039 autem
1324 4990 1622 5038 excmcatus
1666 4979 1788 5045 fuit,

151 5099 285 5143 tunc
317 5082 744 5142 dominationis
764 5089 820 5135 et
838 5078 1139 5134 clementiae
1165 5076 1282 5146 ejus
1306 5074 1499 5130 indicia
1526 5072 1743 5144 agnovit
1771 5088 1786 5126 :

147 5185 235 5238 vel
266 5183 496 5244 etiam,
527 5191 598 5232 ne
621 5175 742 5246 quis
766 5174 968 5229 diceret
989 5173 1162 5242 ipsum
1182 5169 1480 5226 simulasse.
1508 5165 1790 5235 Quomodo

151 5277 331 5342 enim,
385 5271 502 5344 qui
555 5269 871 5338 sanguinem
907 5264 1225 5335 expetierat,
1255 5262 1346 5330 qui
1388 5259 1454 5314 ad
1483 5258 1792 5314 sacerdotes

150 5375 494 5425 secesserat
517 5403 539 5428 ,
573 5363 662 5432 qui
695 5361 745 5414 in
773 5358 1006 5430 pericula
1030 5371 1090 5412 se
1117 5353 1465 5425 conjiciebat,
1497 5351 1586 5420 qui
1612 5359 1794 5405 exter-

156 5477 252 5515 nos
280 5461 475 5514 etiam
513 5453 752 5524 pellebat
778 5461 831 5506 ct
853 5449 1122 5520 puniebat,
1150 5445 1487 5502 simulasset?
1514 5443 1610 5499 Hic
1632 5442 1792 5513 igitur

154 5567 277 5621 post
307 5553 448 5608 haec
485 5546 680 5604 omnia
709 5543 1126 5600 dominationem
1152 5538 1455 5596 conﬁtetur.
1479 5536 1586 5591 Cur
1613 5543 1792 5591 autem

161 5663 262 5700 non
307 5647 476 5700 intra
532 5639 707 5708 ipsam
738 5637 922 5690 urbem
964 5634 1054 5688 lux
1087 5633 1232 5688 illum
1271 5627 1656 5694 circumfulsit,
1697 5626 1793 5682 sed

161 5751 282 5794 ante
330 5731 560 5792 illam?
599 5728 732 5798 Quia
764 5726 915 5782 multi
955 5741 1060 5780 non
1102 5723 1489 5786 credidissent,
1520 5720 1627 5775 imo
1656 5718 1796 5774 forte

166 5832 451 5893 risissent,
492 5818 936 5895 quandoquidem
963 5825 1017 5872 et
1035 5831 1216 5888 supra,
1248 5814 1496 5883 emissam
1520 5811 1798 5870 audientes

1135 336 1202 394 IN
1241 332 1419 391 ACTA
1462 319 1984 386 APOSTOLORUM.
2026 320 2256 388 HOMIL.
2297 330 2444 390 XIX.

1870 453 2054 499 vocc'm
2084 446 2347 509 dicebant,
2373 448 2613 504 Tranitru
2634 467 2702 505 est
2729 453 2906 521 (Joan.
2935 454 3018 509 12.
3050 457 3140 527 29)
3173 479 3185 515 :
3219 461 3304 518 hic
3327 478 3452 521 vero

1872 535 1975 590 fide
2000 538 2189 606 dignus
2209 542 2466 597 eratdum
2485 545 2714 600 maxime
2734 562 2830 601 sua
2855 552 3144 607 nuntiaret.
3172 555 3238 610 Et
3262 558 3453 626 ligatus

1872 626 2206 686 introductus
2233 643 2337 699 est,
2370 650 2475 689 non
2503 636 2729 693 vinculis
2758 640 3053 711 impositis;
3087 656 3141 700 et
3169 649 3456 707 trahebant

1871 717 2041 784 illum,
2067 723 2156 789 qui
2179 738 2236 776 se
2252 724 2386 779 alios
2411 734 2699 783 tracturum
2721 734 2991 800 sperabat.
3013 736 3122 791 Cur
3142 745 3319 794 autem
3346 759 3451 798 non

1872 813 2212 871 manducavit
2244 832 2416 889 neque
2453 821 2616 878 bibit?
2641 824 2746 880 Sua
2778 838 2923 897 gesta
2949 829 3255 898 damnabat,
3286 837 3456 890 mirﬁ-

1874 905 2102 974 tebatur,
2133 910 2351 977 orabat,
2383 916 2605 984 rogabat
2644 918 2833 975 Deum.
2860 919 2914 978 Si
2945 938 3074 979 vero
3111 927 3231 998 quis
3258 929 3459 986 dixerit

1872 999 1975 1055 hoc
1995 1015 2061 1057 ex
2092 1006 2410 1062 necessitate
2451 1009 2615 1066 fuisse
2645 1011 2788 1084 (nam
2817 1027 2868 1070 et
2899 1016 3116 1090 Elymas
3146 1022 3246 1078 hoc
3280 1023 3454 1094 ipsum

1873 1107 2062 1161 passus
2088 1104 2171 1150 est
2195 1096 2329 1168 [Act.
2363 1098 2452 1172 15]
2483 1103 2523 1170 ),
2553 1105 2993 1172 respondebimus
3019 1129 3032 1163 :
3065 1111 3238 1167 Etiam
3264 1130 3456 1184 passus

1872 1195 1988 1249 est,
2019 1187 2112 1241 sed
2135 1191 2350 1255 mansit,
2377 1201 2430 1245 ut
2451 1204 2585 1248 erat.
2611 1196 2888 1263 Quomodo
2915 1199 3073 1270 igitur
3102 1221 3205 1258 non
3238 1217 3458 1262 coactus

1873 1283 1989 1334 est?
2021 1279 2222 1350 Ecquid
2246 1285 2414 1355 magis
2435 1300 2627 1356 cogere
2656 1298 2879 1356 poterat,
2912 1310 3068 1361 quam
3097 1305 3252 1350 terrm
3278 1311 3457 1353 motus

1875 1370 1927 1425 in
1954 1375 2347 1430 resurrectione
2377 1376 2548 1432 factus
2571 1421 2585 1443 ,
2617 1380 2746 1448 ipsis
2777 1382 3036 1438 militihus
3067 1391 3454 1454 nuntiantibus,

1873 1462 1992 1517 aliis
2017 1466 2237 1532 patratis
2278 1468 2480 1536 signis,
2523 1471 2661 1539 quod
2691 1473 2864 1543 ipsum
2906 1478 3266 1534 rcSurrexisse
3306 1481 3457 1536 vide-

1874 1557 2033 1610 rent?
2063 1559 2132 1612 At
2161 1574 2265 1612 non
2299 1561 2385 1613 illa
2414 1564 2787 1618 neceSsitatem
2820 1566 3092 1631 inducunt,
3116 1571 3208 1624 sed
3238 1572 3454 1629 docent.

1874 1646 1982 1702 Cur
2018 1647 2185 1702 Judazi
2230 1650 2344 1705 haec
2378 1652 2654 1708 audientes
2694 1672 2798 1710 non
2845 1658 3230 1714 crediderunt?
3275 1662 3457 1718 Palam

1874 1752 2009 1801 erat,
2042 1740 2188 1794 illum
2225 1758 2351 1797 vera
2377 1744 2577 1801 dicere.
2604 1746 2789 1817 Neque
2816 1752 2956 1804 enim
2986 1761 3220 1806 mutatus
3247 1753 3454 1822 fuisset,

1875 1833 1976 1887 nisi
2001 1831 2101 1888 hoc
2119 1836 2412 1901 evenisset;
2445 1847 2599 1908 atque
2618 1839 2686 1893 ita
2711 1857 2897 1896 omnes
2919 1845 3136 1900 credere
3156 1849 3456 1916 Oportebat.

1875 1924 1989 1980 Non
2017 1927 2192 1980 minor
2219 1939 2331 1982 erat
2362 1929 2446 1994 iis,
2474 1932 2561 2000 qui
2587 1935 3034 1990 resurrectionem
3064 1937 3178 2006 ejus
3204 1939 3462 2008 prardiea-

1875 2016 2034 2079 bant,
2069 2017 2176 2073 imo
2223 2021 2324 2074 tide
2350 2021 2559 2090 dignior
2595 2025 2679 2093 qui
2712 2037 2933 2093 repente
2962 2041 3251 2084 conversus
3290 2042 3458 2088 esset.

1874 2106 1988 2163 Non
2017 2125 2136 2164 cum
2175 2111 2328 2166 fidele
2354 2117 2601 2184 quopiam
2633 2128 2874 2172 versatus
2916 2119 3085 2174 fuerat
3111 2161 3126 2184 ,
3155 2121 3249 2176 sed
3277 2123 3326 2177 in
3361 2124 3463 2177 Da-

1876 2215 2058 2258 masco
2076 2218 2366 2260 conversus
2387 2217 2488 2269 est,
2514 2209 2620 2262 imo
2641 2219 2762 2266 ante
2789 2211 3103 2268 Damascum
3131 2216 3228 2270 hoc
3245 2218 3458 2272 accidit.

1876 2294 2149 2367 Interrogo
2175 2297 2412 2353 Judaeum
2441 2319 2454 2355 :
2485 2301 2655 2366 Unde,
2685 2319 2885 2373 quaeso,
2915 2322 3202 2363 conversus
3218 2321 3298 2364 est
3325 2311 3460 2366 Pau-

1876 2388 1997 2444 lus?
2027 2389 2128 2444 Tot
2170 2392 2319 2461 signa
2349 2393 2514 2456 vidit,
2548 2404 2600 2448 et
2644 2411 2938 2452 conversus
2969 2417 3074 2453 non
3108 2410 3193 2455 est
3228 2419 3239 2454 :
3273 2402 3464 2458 doctor

1876 2479 1994 2550 ejus
2010 2492 2243 2537 mutatus
2261 2492 2340 2538 est
2361 2483 2440 2556 (a)
2460 2525 2475 2550 ,
2509 2497 2562 2539 et
2589 2485 2674 2540 hic
2701 2497 2935 2543 mutatus
2964 2503 3068 2543 non
3099 2500 3181 2546 est
3205 2494 3355 2563 :qttis
3383 2494 3454 2547 ilii

1879 2576 2164 2645 persuasit,
2196 2578 2303 2630 imo
2330 2579 2448 2646 quis
2473 2577 2545 2632 illi
2576 2587 2778 2634 tantum
2811 2592 3028 2651 repente
3057 2584 3272 2638 illlll’lisil
3298 2585 3462 2640 ardo-
3537 2594 3547 2604 ‘

1876 2682 2017 2735 rem,
2041 2677 2100 2722 ut
2119 2669 2402 2725 anathema
2424 2683 2523 2741 pro
2545 2669 2761 2727 Christo
2781 2672 2894 2729 ﬁeri
2917 2673 3160 2744 optaret?
3183 2674 3460 2732 Manifesta

1874 2769 1960 2818 est
1988 2777 2166 2818 rerum
2197 2764 2416 2820 veritas.
2444 2764 2549 2820 Sed
2570 2807 2584 2828 ,
2619 2774 2675 2820 ut
2709 2767 2820 2837 jam
2850 2766 2958 2821 dixi
2980 2809 2996 2834 ,
3045 2769 3256 2824 interim
3287 2785 3462 2825 cunu-

1874 2852 2034 2909 chum
2081 2854 2321 2910 videntes
2369 2855 2720 2912 illuminatum
2768 2866 2825 2914 et
2864 2858 3126 2928 legentem
3169 2860 3460 2917 erubesca-

1878 2961 2019 3001 mus.
2050 2945 2253 3003 Videtis
2275 2989 2292 3013 ,
2335 2948 2386 3002 in
2415 2961 2613 3018 quanta
2645 2952 2900 3020 potentia,
2937 2953 2986 3006 in
3014 2954 3227 3021 quantis
3263 2953 3464 3009 divitiis

1878 3051 2202 3107 versaretur,
2235 3057 2298 3096 ac
2337 3057 2510 3113 neque
2545 3045 2596 3098 in
2635 3045 2715 3097 via
2745 3045 3096 3114 quiescebat?
3123 3045 3307 3114 Qualis
3335 3062 3464 3113 ergo
3541 3103 3555 3123 Ι

1877 3144 1993 3190 erat
2014 3133 2180 3199 domi,
2203 3135 2293 3206 qui
2319 3151 2390 3192 ne
2408 3138 2460 3192 in
2489 3137 2572 3191 via
2594 3136 2810 3206 quidem
2834 3139 3131 3193 otiaretur?
3155 3139 3327 3209 qualis
3348 3148 3465 3193 erat

1879 3225 1933 3282 in
1963 3228 2164 3282 nocte?

1950 3318 2006 3373 4.
2037 3318 2308 3389 Quotquot
2333 3319 2384 3374 in
2415 3318 2762 3390 dignitatibus
2787 3321 2946 3384 estis,
2978 3322 3177 3387 audite,
3210 3331 3265 3377 et
3293 3323 3466 3376 imite-

1880 3410 2010 3466 mini
2042 3411 2395 3466 humilitatem
2430 3420 2485 3467 et
2514 3413 2783 3482 pietatem.
2819 3413 2929 3468 Etsi
2967 3413 3184 3469 domum
3224 3424 3466 3469 reverte-

1881 3512 2048 3568 retur,
2080 3517 2186 3556 non
2227 3502 2439 3559 dicebat
2475 3503 2612 3558 intra
2644 3505 3033 3573 semetipsum:
3064 3504 3245 3560 Redeo
3285 3506 3335 3559 in
3369 3522 3464 3574 pa—

1881 3595 2075 3662 triam,
2120 3595 2192 3649 ibi
2238 3595 2450 3650 lavacro
2495 3604 2640 3662 utar;
2683 3603 2741 3651 ut
2778 3605 2904 3651 sunt
2942 3595 3130 3666 frigida
3178 3597 3467 3652 multorqu

1881 3689 2064 3744 verba.
2099 3687 2214 3743 Non
2240 3703 2376 3758 opus
2395 3687 2578 3743 habttit
2601 3690 2768 3760 signis
2794 3706 2894 3745 nec
2922 3690 3191 3745 miraculis
3220 3708 3233 3742 :
3267 3706 3328 3744 ex
3355 3692 3470 3742 solo

1882 3780 2139 3852 propheta
2185 3781 2433 3836 credidit.
2468 3781 2673 3837 Idcirco
2700 3783 2933 3852 seipsum
2965 3783 3205 3852 deplorat
3239 3781 3430 3837 Paulus
3453 3825 3468 3843 ,

1883 3875 2068 3930 dicens
2093 3892 2105 3928 :
2140 3875 2245 3929 Sed
2273 3875 2671 3929 misericordiam
2700 3874 2797 3929 Dei
2824 3886 3154 3945 consequutus
3190 3893 3320 3943 sum,
3353 3879 3472 3946 quia

1883 3967 2124 4038 ignorans
2153 3968 2250 4038 feci
2271 3968 2325 4020 in
2354 3967 2739 4033 incredulitate,
2768 3977 2815 4020 et
2843 3978 2896 4020 ut
2921 3969 2973 4021 in
3007 3984 3085 4020 me
3115 3968 3276 4037 primo
3303 3977 3469 4021 osten-

1885 4059 2021 4113 deret
2046 4059 2196 4112 Jesus
2223 4058 2451 4113 Christus
2475 4075 2673 4112 onmem
2703 4059 2997 4127 patientiam
3027 4058 3103 4129 (1.
3136 4055 3267 4111 Tim.
3298 4059 3348 4112 l.
3379 4058 3470 4112 15.

1888 4151 2001 4221 16).
2037 4153 2234 4222 Dignus
2263 4163 2410 4207 certe
2435 4151 2790 4206 admiratione
2815 4161 2897 4205 est
2923 4151 3008 4205 hic
3031 4151 3328 4206 eunuchus.
3357 4151 3472 4205 Non

1888 4245 2018 4298 vidit
2043 4244 2336 4305 Christum.
2367 4259 2471 4297 non
2505 4244 2633 4298 vidit
2653 4244 2861 4314 signum
2889 4261 2902 4295 :
2936 4243 3109 4297 adhuc
3135 4251 3362 4297 Stantem
3387 4241 3474 4296 Je-

1887 4336 2210 4407 rosolymam
2239 4335 2477 4400 videbat,
2509 4343 2563 4390 et
2590 4334 2843 4390 credebat
2870 4334 3132 4405 Philippo.
3167 4331 3318 4389 Unde
3347 4348 3475 4401 ergo

1889 4429 2010 4484 talis
2038 4428 2258 4484 eﬁ‘ectus
2281 4429 2403 4484 est?
2429 4428 2666 4484 Sollicita
2699 4436 2816 4484 erat
2837 4427 3013 4482 anima
3044 4427 3206 4492 illius,
3234 4425 3477 4481 attende-

1890 4522 1981 4577 bat
2008 4521 2318 4592 Scripturis,
2352 4521 2669 4577 lectionibus
2700 4535 2919 4598 operam
2943 4520 3124 4575 dabat.
3153 4519 3313 4587 Atqui
3340 4517 3477 4572 latro

1890 4613 2020 4668 vidit
2045 4614 2217 4682 signa,
2248 4623 2303 4669 et
2329 4613 2466 4683 magi
2494 4611 2736 4676 stellam;
2770 4611 2857 4666 hic
2881 4626 3012 4667 vero
3037 4611 3165 4665 nihil
3195 4610 3302 4664 tale
3323 4609 3475 4672 vidit,

1890 4715 1946 4761 et
1973 4704 2201 4761 credidit
2232 4721 2247 4761 :
2277 4720 2445 4774 usque
2474 4703 2612 4758 adeo
2647 4705 2791 4758 utilis
2833 4712 2918 4759 est
2957 4701 3356 4771 Scripturarum
3403 4700 3479 4752 lc-

1891 4796 2018 4851 ctio.
2041 4794 2178 4862 Quid
2196 4809 2297 4866 ego
2318 4795 2553 4850 Paulus?
2573 4809 2750 4849 annon
2772 4795 2946 4863 legem
2968 4790 3352 4847 meditabatur?
3373 4791 3478 4844 Sed

1894 4889 2024 4944 mihi
2052 4889 2265 4945 videtur
2294 4889 2379 4945 hic
2403 4890 2648 4943 consulto
2677 4894 2981 4942 reservatus
3003 4899 3122 4940 esse
3149 4893 3364 4954 propter
3392 4900 3476 4949 ea,

1895 4996 2015 5052 qua)
2042 4980 2190 5052 prius
2219 4979 2352 5045 dixi,
2382 4979 2524 5049 quod
2555 4978 2786 5047 undique
2814 4975 2971 5030 vellet
2994 4975 3208 5030 Judrcos
3230 4974 3480 5029 Christus

1896 5072 2186 5127 attrahere.
2210 5070 2342 5126 Nam
2361 5071 2403 5124 si
2426 5079 2606 5124 mente
2621 5068 2930 5129 valuissent,
2952 5065 3082 5121 nihil
3102 5066 3231 5136 ipsis
3257 5065 3481 5136 perinde

1896 5175 2056 5236 atque
2083 5165 2184 5220 hoc
2213 5164 2344 5219 utile
2373 5162 2584 5217 fuisset.
2616 5161 2727 5215 lloc
2747 5159 2889 5214 enim
2920 5158 3039 5228 plus
3066 5173 3225 5226 quam
3256 5159 3402 5227 signa
3426 5165 3482 5211 et

1898 5257 1999 5310 alia
2045 5255 2222 5311 omnia
2271 5261 2479 5324 poterat
2524 5251 2651 5306 illos
2685 5250 2996 5305 attrahere:
3029 5249 3480 5320 quemadmodum

1901 5348 2028 5403 nihil
2062 5348 2132 5402 ita
2157 5347 2294 5401 solet
2319 5343 2668 5400 crassioribus
2693 5341 3014 5397 oﬁendiculo
3043 5356 3183 5396 esse.
3216 5340 3350 5395 Vide
3378 5341 3481 5393 ita-

1899 5459 2004 5514 que
2041 5452 2159 5512 post
2196 5439 2585 5508 dispersionem
2625 5437 2991 5508 apostolorum
3022 5437 3186 5492 Deum
3219 5436 3380 5490 edere
3410 5439 3454 5486 si
3467 5463 3486 5475 ο

1899 5549 2024 5604 gna.
2057 5529 2486 5588 Criminabantur
2515 5527 2684 5585 Judaei
2714 5529 3008 5601 apostolos,
3037 5525 3395 5598 conjiciebant
3425 5526 3479 5579 in

1965 5692 2038 5754 (a)
2065 5689 2250 5754 Doctor
2281 5687 2413 5738 Pauli
2438 5685 2673 5754 Gamaliel
2696 5655 3079 5754 mutatus‘lutsse
3101 5684 3292 5742 dicitur,
3317 5691 3370 5730 ut
3388 5698 3482 5754 pu-

1904 5746 1984 5812 to,‘
1996 5746 2108 5816 quia
2130 5751 2328 5816 Judaeos
2349 5752 2603 5812 repressit,
2628 5762 2703 5816 ne
2723 5751 2771 5799 in
2788 5747 3084 5816 Christianos
3103 5753 3349 5803 saevirent,
3370 5746 3484 5792 dum

1905 5809 2075 5867 Paulus
2097 5815 2207 5878 plus
2229 5827 2374 5879 quam
2397 5809 2569 5864 omnes
2591 5814 2789 5864 satriret
2814 5811 2859 5861 in
2885 5809 3007 5859 illos.
