3978 6498
546 414 653 470 435

530 542 816 583 ιιτίινίτιιτριη
845 550 858 582 :
885 526 1101 580 demum
1130 526 1272 582 Deus
1297 525 1549 581 miracula
1578 526 1705 580 edit.
1738 526 1801 579 Et
1830 525 2120 595 quomodo,

547 622 688 673 vide.
720 618 959 672 Educerc
985 634 1049 672 ex
1072 634 1308 684 carcere,
1332 617 1446 685 ejus
1464 618 1675 686 signum
1698 627 1847 681 erat;
1878 617 2128 671 inducere

544 712 881 780 i'uilippum,
914 710 1030 778 ejus
1074 710 1283 778 signum
1315 719 1461 773 erat;
1496 709 1715 762 Paulum
1743 709 1968 768 adduci.
2010 709 2128 778 ejus

546 807 755 878 signum
786 814 932 865 erat;
966 803 1197 871 seipsum
1230 800 1501 871 Stephano
1538 802 1853 867 ostendere,
1895 805 2013 870 ejus
2051 803 2127 856 si-
2176 834 2183 841 κ

545 914 707 968 gnum
729 906 862 952 erat.
888 897 951 951 Et
973 895 1269 957 considera,
1300 897 1566 965 quomodo
1593 895 1790 949 Paulus
1815 896 2124 958 lienoretur,

545 989 814 1059 quomodo
851 987 1147 1041 eunuchus.
1181 986 1276 1041 llic
1318 987 1560 1041 Christus
1596 996 1838 1057 apparet,
1882 986 2019 1041 forte
2056 986 2128 1040 ob

540 1081 793 1136 duritiem
816 1123 828 1145 ,
859 1081 978 1151 quia
1012 1080 1116 1134 alio
1149 1080 1309 1134 modo
1332 1095 1436 1134 non
1464 1094 1752 1150 persuasus
1775 1088 1938 1135 esset.
1964 1079 2019 1132 In
2043 1078 2127 1132 his

545 1190 642 1229 nos
671 1190 883 1244 quoque
914 1173 1185 1227 miraculis
1210 1183 1511 1239 versantes,
1545 1188 1643 1228 nos
1664 1172 1853 1241 dignos
1873 1172 2126 1227 exhibea-

545 1283 683 1322 mns.
720 1267 865 1321 Multi
896 1279 1069 1330 nunc,
1099 1267 1260 1321 etiam
1292 1266 1343 1320 in
1370 1265 1651 1321 ecclesiam
1685 1264 1906 1334 ingressi
1928 1305 1942 1327 ,
1978 1264 2127 1334 igno-

539 1370 665 1414 rant
689 1376 809 1429 qme
837 1359 1125 1414 dicuntur:
1157 1358 1433 1414 eunuchus
1458 1366 1634 1413 autem
1662 1366 1717 1411 et
1740 1358 1792 1412 in
1819 1355 1957 1423 foro,
1987 1365 2040 1411 et
2070 1356 2124 1411 in

535 1467 705 1522 curru
737 1462 920 1506 vectus
942 1493 958 1516 ,
994 1452 1210 1507 lectioni
1241 1451 1633 1520 Scripturarnm
1664 1450 1989 1505 attendebat.
2019 1449 2126 1505 Sed

543 1559 644 1595 vos
673 1559 775 1597 non
809 1543 932 1599 item
959 1560 971 1595 :
1000 1559 1157 1597 nemo
1179 1544 1319 1598 enim
1344 1552 1575 1597 vestrum
1605 1543 1794 1597 librqu
1824 1558 1933 1612 pra:
1958 1543 2128 1597 mani-

538 1635 644 1690 ‘bus
677 1635 868 1702 habet,
915 1636 1008 1689 sed
1040 1636 1218 1690 omnia
1251 1637 1425 1704 potius
1452 1650 1611 1705 quam
1644 1635 1858 1689 librum.
1892 1635 1997 1689 Cur
2027 1650 2125 1687 auo

540 1737 655 1783 tem
695 1742 799 1781 non
830 1727 965 1780 vidit
994 1726 1141 1780 illum
1170 1738 1295 1781 ante
1322 1726 1709 1797 Jerosolymam
1731 1767 1747 1791 ,
1786 1726 1876 1779 sed
1908 1726 2129 1795 postea?

544 1799 659 1893 Non
691 1820 965 1890 oportebat
992 1821 1138 1874 illum
1171 1820 1352 1875 videre
1383 1820 1562 1889 pulsos
1586 1820 1875 1889 apostolos.
1900 1835 1967 1874 eo
1985 1819 2127 1889 quod

542 1912 722 1966 adhuc
750 1912 989 1966 inﬁrmus
1013 1920 1155 1967 esset
1181 1930 1194 1965 :
1239 1927 1410 1982 neque
1440 1913 1488 1965 id
1516 1921 1669 1965 antea
1702 1913 1768 1965 ita
1798 1910 1952 1967 facile
1978 1922 2127 1976 erat,

548 2013 606 2058 nt
627 2019 747 2059 cum
783 2003 1037 2072 propheta
1073 2004 1219 2057 illum
1247 2003 1493 2056 erudivit.
1524 2002 1611 2058 Sic
1650 2012 1705 2056 et
1733 2019 1904 2067 nunc,
1936 2004 1979 2056 si
2009 2003 2129 2072 quis

547 2107 782 2150 vestrum
811 2096 924 2149 vult
964 2096 1244 2150 attendere
1278 2097 1580 2165 pmphetis.
1620 2113 1724 2149 non
1755 2111 1890 2165 opus
1917 2095 2131 2150 habebit

546 2188 731 2258 signis.
768 2188 833 2242 Et
859 2189 901 2241 si
930 2188 1089 2243 vultis
1116 2188 1412 2253 videmnus,
1443 2189 1566 2259 quid
1600 2190 1711 2258 ipsa
1740 2188 2015 2259 prOphetia
2042 2187 2129 2242 di-

543 2292 632 2335 cat
656 2299 669 2334 :
704 2280 851 2335 Sicut
880 2282 985 2336 ovis
1004 2282 1075 2335 ad
1103 2284 1404 2336 occisionem
1433 2282 1613 2336 ductus
1636 2292 1743 2348 est,
1774 2292 1821 2336 et
1848 2283 1901 2337 in
1925 2282 2134 2335 Immiti-

547 2382 647 2427 tate
664 2375 771 2443 ejus
786 2374 1045 2444 judicium
1072 2376 1181 2443 ejus
1204 2374 1460 2429 sublatum
1487 2384 1577 2429 est.
1604 2373 1737 2429 Hinc
1756 2374 1960 2439 didicit,
1988 2373 2128 2444 quod

548 2466 833 2520 crucifixus
862 2466 950 2529 sit,
981 2465 1122 2534 quod
1155 2466 1372 2521 tollatur
1395 2466 1463 2522 de
1493 2475 1636 2522 terra
1666 2467 1772 2521 vita
1802 2467 1918 2536 ejus
1941 2507 1956 2528 ,
1988 2466 2130 2537 quod

549 2566 822 2627 peccatum
856 2574 960 2612 non
990 2556 1198 2625 fecerit,
1226 2559 1368 2627 quod
1401 2561 1634 2628 potuerit
1659 2568 1715 2614 et
1737 2559 1872 2614 alios
1891 2575 2129 2626 servare,

546 2650 689 2722 quod
731 2651 1008 2720 generatio
1053 2651 1167 2720 ejus
1211 2652 1282 2707 sit
1324 2651 1731 2717 inenarrabilis,
1781 2653 1923 2722 quod
1968 2662 2133 2723 petra:

548 2744 733 2798 scissa:
762 2743 892 2809 sint,
914 2743 1057 2813 quod
1088 2744 1264 2799 velum
1292 2745 1518 2800 scissum
1544 2744 1635 2807 sit,
1666 2745 1808 2815 quod
1840 2745 2035 2799 mortui
2064 2759 2132 2800 ex

550 2835 813 2906 sepulcris
839 2836 1231 2891 resurrexerint
1256 2855 1270 2892 :
1303 2836 1413 2892 imo
1437 2836 1552 2893 haec
1576 2839 1757 2894 omnia
1778 2837 1912 2893 dixit
1936 2840 1984 2893 ei
2008 2838 2136 2894 Plii-

549 2925 744 2997 lippus,
762 2942 828 2980 ex
848 2929 1101 2996 propheta
1119 2936 1329 2997 sumpta
1352 2929 1654 2984 occasione.
1678 2928 1865 2998 Magna
1891 2940 1976 2985 res
2004 2944 2132 2999 pro-

546 3018 691 3074 lecto
718 3027 801 3073 est
827 3018 1220 3089 Scripturarum
1256 3021 1437 3077 lectio.
1477 3020 1553 3077 Ita
1592 3022 1909 3092 implebatur
1943 3022 2071 3078 illud
2101 3037 2133 3078 a

552 3110 735 3183 Moyse
760 3111 959 3168 dictum
986 3130 1000 3167 :
1035 3113 1251 3180 Sedens,
1278 3115 1332 3170 in
1355 3116 1481 3171 lecto
1513 3116 1719 3182 cubans,
1748 3133 2054 3189 exsurgens,
2084 3127 2133 3172 et

547 3202 847 3271 ambulans,
891 3206 1159 3262 recordare
1207 3206 1418 3262 Domini
1454 3207 1555 3263 Dei
1600 3209 1674 3263 tui
1716 3210 1736 3280 (
1756 3207 1909 3263 Deut.
1951 3210 2005 3265 6.
2050 3210 2135 3279 7).

550 3295 775 3353 Maxime
795 3314 1021 3370 namque
1044 3301 1141 3356 via:
1164 3316 1286 3356 cum
1311 3301 1539 3357 desertae
1558 3312 1701 3369 sunt,
1724 3304 2134 3373 cogitationibus

551 3389 750 3443 nostris
779 3389 907 3444 dant
929 3391 1126 3456 locum,
1156 3393 1370 3448 nemine
1398 3393 1761 3461 perturbante.
1788 3394 1850 3450 Et
1868 3394 1954 3451 hic
1975 3396 2026 3451 in
2051 3397 2133 3453 ria

549 3478 758 3544 credit,
787 3491 841 3536 et
873 3481 1067 3537 Paulus
1098 3484 1148 3537 in
1181 3485 1297 3548 via;
1332 3484 1427 3540 sed
1462 3484 1607 3541 hunc
1642 3502 1803 3542 nemo
1842 3486 2002 3542 trahit
2031 3486 2137 3541 nisi

551 3571 817 3627 Christus.
851 3574 1019 3643 Majas
1056 3575 1158 3630 hoc
1182 3586 1297 3631 erat
1316 3618 1334 3643 ,
1362 3592 1521 3647 quam
1551 3578 1692 3647 quod
1723 3579 1953 3650 apostoli
1986 3578 2132 3634 face-

551 3673 707 3719 rent:
739 3664 911 3734 majus
941 3681 1066 3721 vero
1087 3667 1246 3736 quod,
1277 3683 1398 3723 cum
1425 3670 1651 3739 apostoli
1679 3670 2028 3743 Jerosolymis
2049 3685 2136 3727 es-

550 3764 702 3819 sent,
736 3767 789 3810 et
828 3773 892 3811 ex
928 3756 1010 3811 his
1039 3758 1220 3813 nullus
1255 3771 1397 3815 esset
1430 3761 1707 3828 Damasci,
1750 3762 1949 3818 isthinc
1978 3764 2136 3819 rediit

549 3848 775 3923 credens
799 3866 815 3906 :
841 3860 895 3903 et
921 3849 1010 3918 qui
1053 3850 1294 3905 Damasci
1322 3861 1507 3917 erant,
1540 3853 1781 3908 sciebant
1822 3854 1994 3925 ipsum
2026 3870 2133 3911 non

548 3940 899 4010 Jerosolymis
925 3941 1136 3997 venisse
1161 3951 1510 4013 persuasum;
1549 3944 1803 4013 epistolas
1830 3946 1971 4001 enim
1995 3946 2134 4003 fere-

547 4032 659 4097 hat,
688 4041 747 4087 ut
766 4032 1049 4088 credentes
1074 4034 1280 4103 ligaret.
1306 4036 1457 4091 Sicut
1479 4037 1719 4093 medicus
1744 4038 2000 4107 optimus,
2019 4038 2131 4109 jam

548 4123 761 4192 vigente
788 4123 972 4189 febre,
1004 4139 1160 4194 opem
1202 4125 1274 4178 illi
1314 4126 1490 4181 attulit
1528 4124 1811 4184 Christus:
1848 4130 2135 4199 oportebat

549 4215 693 4268 enim
723 4231 844 4270 cum
873 4216 924 4269 in
956 4215 1075 4285 ipso
1100 4216 1278 4273 furore
1298 4218 1701 4288 comprehendi.
1728 4221 1877 4276 Tunc
1903 4224 2133 4279 maxime

549 4304 768 4373 decidit,
800 4321 864 4361 ac
888 4307 1121 4376 seipsum
1142 4308 1536 4378 condemnavit,
1568 4320 1625 4367 ut
1643 4313 1731 4383 qui
1754 4314 1932 4383 gravia
1961 4323 2136 4371 atten-

551 4408 737 4455 tasset.
784 4400 889 4455 Sed
920 4417 1131 4457 rursum
1159 4418 1323 4473 opere
1370 4406 1598 4473 pretium
1629 4408 1790 4462 fuerit
1825 4426 2130 4467 sermonem

548 4506 842 4547 resumere.
874 4493 1003 4557 Cur,
1040 4509 1241 4563 qureso,
1273 4496 1597 4564 Scriptura)?
1620 4496 1772 4565 Quod
1795 4500 1861 4554 ad
1890 4516 1984 4555 vos
2004 4518 2133 4571 spe-

547 4593 655 4636 ctat
673 4624 688 4646 ,
719 4586 896 4640 omnia
922 4586 1127 4641 sublata
1154 4596 1297 4642 sunt.
1327 4588 1435 4642 Cur
1460 4589 1724 4645 ecclesia?
1750 4590 1937 4647 Libros
1962 4595 2131 4650 suffo-

545 4677 697 4731 dito:
725 4678 861 4733 forte
889 4693 996 4732 non
1027 4679 1132 4733 tale
1155 4678 1413 4748 judicium
1439 4681 1562 4747 erit,
1595 4698 1700 4738 non
1729 4684 1849 4739 talis
1878 4701 2050 4753 ptena.
2072 4687 2129 4745 Si

547 4769 664 4839 quis
691 4770 742 4825 in
771 4770 897 4825 limo
927 4770 1188 4828 defoderit
1208 4772 1347 4838 illos,
1378 4785 1431 4829 et
1455 4790 1561 4830 non
1592 4776 1715 4831 illos
1741 4778 1989 4844 audierit,
2022 4795 2129 4836 non

544 4875 653 4917 tam
674 4865 995 4919 contumelia
1020 4863 1204 4930 afficit,
1227 4876 1285 4920 ut
1305 4882 1447 4922 nunc
1469 4868 1547 4923 lit.
1569 4866 1706 4936 Quid
1728 4870 1895 4931 enim,
1921 4887 2125 4940 qua'so,

546 4955 652 5009 illic
667 4955 1146 5010 contmneliosum?
1169 4957 1322 5024 Quod
1345 4958 1770 5016 illosidefoderit.
1788 4962 1925 5029 Quid
1949 4980 2014 5017 an
2024 4975 2128 5019 tem

545 5047 669 5103 hic?
694 5050 843 5118 Quod
874 5066 979 5105 non
1001 5050 1283 5106 audiamus
1306 5052 1446 5108 illos.
1474 5053 1570 5108 Dic
1599 5054 1876 5118 mihi,uter
1898 5059 2129 5112 maxime

546 5143 865 5196 contumelia
896 5142 1057 5198 aflicit
1079 5184 1093 5207 ,
1141 5144 1229 5212 qui
1260 5145 1484 5213 silenti,
1524 5162 1592 5201 an
1622 5147 1712 5218 qui
1741 5148 1978 5219 loquenti
2020 5167 2127 5206 non

548 5234 870 5301 respondet?
897 5234 1055 5292 Certe
1093 5239 1181 5307 qui
1227 5238 1486 5308 IOquenti.
1534 5239 1720 5312 Itaque
1767 5242 1938 5312 major
1985 5260 2133 5300 nunc

446 5378 449 5379 ν
546 5333 629 5378 est
669 5327 1021 5389 contumelia,
1066 5343 1186 5383 cum
1228 5330 1535 5401 loquentem
1576 5348 1682 5388 non
1721 5333 1908 5399 audis,
1955 5336 2129 5404 major

544 5428 902 5486 contemptus.
934 5418 1017 5473 Ne
1042 5421 1317 5491 loquamini
1357 5424 1533 5489 nobis,
1563 5425 1833 5496 quondam
1876 5425 2128 5492 dicebant

547 5509 822 5579 prophetis
847 5510 1017 5571 Judzei
1050 5529 1063 5567 :
1097 5527 1192 5568 vos
1217 5524 1393 5569 autem
1424 5516 1575 5586 pejus
1602 5518 1808 5585 facitis,
1840 5518 2082 5575 dicentes
2108 5537 2122 5574 :

548 5599 623 5654 Ne
652 5602 937 5671 loquamini
960 5643 975 5668 ,
1011 5620 1116 5657 non
1138 5605 1378 5660 facimus.
1411 5607 1487 5661 llli
1516 5623 1644 5679 ergo
1669 5610 1985 5665 avertebant
2007 5626 2123 5673 eos,

545 5704 694 5749 utne
719 5695 1081 5765 loquerentur,
1109 5698 1257 5766 quasi
1289 5714 1350 5752 ex
1377 5699 1587 5754 illorum
1620 5717 1750 5758 voce
1775 5703 2006 5773 aliquam
2039 5721 2126 5758 ac-

554 5790 797 5858 ciperent
817 5791 1025 5859 pietatis
1053 5791 1391 5847 occasionem
1419 5810 1432 5846 :
1463 5808 1559 5848 vos
1595 5804 1771 5850 autem
1803 5812 1912 5865 pra:
1960 5796 2127 5850 multo

542 5892 847 5954 contemptu
872 5897 1043 5949 neque
1073 5883 1171 5939 hoc
1204 5883 1393 5940 facitis.
1425 5882 1655 5952 Credite,
1684 5887 1727 5940 si
1757 5888 1998 5941 manibus
2032 5902 2125 5941 ora

1257 410 1313 465 S.
1353 406 1627 466 JOANNiS
1646 406 2117 464 CllliYSOSTOMl
2158 404 2473 461 ARCIIIEP.
2510 405 3038 464 CONSTANTINOP.
3679 420 3759 477 ἐς

2237 524 2582 585 ohtnraretis,
2610 540 2715 578 non
2748 533 2890 578 tanta
2914 532 3057 579 esset
3076 521 3395 578 contumelia
3425 538 3599 594 quanta
3627 548 3759 594 nunc,

2237 612 2328 665 Dic
2348 613 2490 666 enim
2520 614 2669 679 mihi,
2698 615 2789 683 qui
2815 614 2960 667 audit
2990 622 3045 668 et
3069 629 3173 667 non
3202 612 3544 684 obtemperat,
3566 626 3764 692 magism

2230 706 2544 766 Contemnit,
2570 723 2729 776 quam
2755 707 2844 777 qui
2868 722 2974 762 non
3000 706 3187 761 audit?

2302 796 2355 851 5.
2396 796 2498 851 Sed
2524 813 2650 867 age,
2679 798 3052 854 contumeliam
3096 797 3397 868 hujusmodi
3440 803 3757 870 exploremus.

2234 888 2290 944 Si
2318 889 2435 957 quis
2459 904 2615 956 cum,
2638 891 2725 960 qni
2776 893 3097 947 contumelia
3141 891 3325 957 afficit,
3374 899 3629 951 contineat
3649 911 3698 954 et
3720 918 3770 958 os

2232 979 2444 1035 obturet
2471 982 2542 1047 ei,
2585 992 2853 1054 tamquam
2883 999 3024 1053 {egre
3054 985 3235 1041 ferens
3268 988 3634 1054 contumelias;
3659 993 3769 1049 alius

2234 1089 2360 1129 vero
2406 1088 2578 1145 neque
2618 1085 2790 1143 curet,
2838 1092 3011 1147 neque
3054 1077 3336 1133 advertere
3381 1080 3774 1141 videaturwter

2232 1168 2401 1237 magis
2428 1168 2762 1224 contemnit?
2808 1184 2984 1224 annon
3017 1171 3136 1225 hic?
3180 1170 3272 1225 Ille
3314 1187 3536 1243 namque
3571 1174 3774 1234 declarat

2232 1274 2293 1314 se
2332 1260 2537 1330 plagam
2581 1260 2861 1331 accipere;
2908 1260 2996 1316 hic
3041 1277 3169 1316 vero
3213 1260 3326 1317 fere
3367 1278 3429 1316 os
3456 1265 3658 1320 obturat
3681 1269 3774 1323 Dei.

2236 1350 2475 1407 Horretis
2499 1352 2700 1407 dictum
2727 1370 2742 1417 ;
2774 1354 2868 1409 sed
2892 1354 3017 1409 audi
3040 1354 3311 1425 quomodo
3341 1354 3441 1410 hoc
3466 1356 3571 1411 tlat.
3596 1357 3683 1425 Os,
3700 1376 3777 1429 per

2232 1445 2372 1515 quod
2420 1446 2653 1515 loquitur
2699 1446 2841 1501 Deus
2866 1489 2881 1512 ,
2914 1462 2975 1501 os
3002 1448 3099 1502 Dei
3125 1456 3227 1502 est.
3282 1447 3432 1502 Sicut
3458 1451 3595 1505 enim
3623 1451 3781 1509 hocos

2232 1536 2426 1591 animae
2457 1547 2655 1592 nostra:
2683 1547 2804 1604 est,
2833 1540 2933 1593 etsi
2961 1540 3139 1594 anima
3170 1556 3231 1594 os
3260 1554 3366 1593 non
3396 1539 3585 1595 habeat
3612 1558 3625 1594 :
3650 1543 3718 1597 sic
3738 1556 3782 1599 et

2233 1643 2295 1683 os
2336 1629 2712 1700 prephetarum
2752 1640 2835 1685 est
2878 1645 2940 1685 os
2988 1632 3107 1687 Dei.
3164 1631 3359 1686 Audite
3401 1641 3458 1686 et
3500 1632 3783 1690 horrcscite.

2233 1724 2544 1779 Communis
2572 1734 2653 1778 est
2678 1724 2935 1779 diaconus
2977 1725 3069 1780 ille
3089 1767 3103 1791 ,
3131 1726 3220 1795 qui
3260 1734 3368 1779 stat
3396 1734 3451 1779 et
3476 1727 3681 1792 clamat,
3706 1728 3783 1781 At-

2236 1820 2529 1885 tendamus;
2556 1819 2716 1890 idque
2734 1836 2877 1891 srcpe
2898 1822 3109 1891 repetit.
3137 1821 3260 1876 Ilrec
3282 1836 3387 1875 vox
3401 1822 3651 1878 Ecclesia:
3669 1839 3790 1879 com-

2235 1913 2414 1967 munis
2444 1922 2546 1980 est,
2573 1922 2627 1969 et
2649 1929 2808 1968 nemo
2833 1914 3080 1969 attendit.
3107 1914 3233 1969 Post
3262 1914 3413 1969 illum
3439 1914 3625 1984 incipit
3650 1915 3793 1971 lector

2236 2005 2571 2076 prophetiam
2604 2006 2750 2062 Isaia:
2778 2026 2792 2062 :
2823 2022 2996 2078 neque
3020 2008 3097 2063 sic
3120 2008 3349 2063 attendit
3392 2008 3656 2079 quispiam
3673 2050 3687 2072 ,
3710 2012 3795 2066 etsi

2236 2098 2516 2169 prophetia
2568 2099 2858 2154 humanum
2899 2100 3028 2155 nihil
3068 2099 3283 2156 habeat.
3336 2100 3547 2155 Deinde
3596 2101 3796 2156 auditori

2234 2191 2513 2255 enuntiat,
2547 2188 2675 2245 Haec
2724 2192 2843 2245 dicit
2892 2191 3176 2257 Dominus;
3223 2191 3524 2262 nullusque
3572 2191 3799 2249 attendit.

2236 2281 2375 2350 Quid
2400 2283 2561 2337 dico?
2608 2282 2908 2339 'l‘remenda
2939 2284 3182 2354 quaedam
3211 2293 3266 2339 et
3289 2283 3565 2339 horrenda
3606 2295 3800 2339 narrat:

2237 2389 2409 2445 neque
2426 2374 2566 2429 ullus
2583 2384 2667 2430 est
2686 2375 2776 2445 qui
2792 2375 3053 2430 attendat.
3072 2374 3269 2430 Verum
3290 2374 3423 2445 quid
3446 2374 3635 2430 dicunt
3646 2374 3802 2429 multi?

2238 2466 2466 2535 Semper
2491 2465 2676 2521 eadem
2714 2466 2859 2537 legit.
2893 2466 3006 2521 Hoc
3032 2465 3264 2521 maxime
3286 2481 3389 2519 vos
3421 2465 3619 2536 perdit.
3645 2465 3697 2521 Si
3723 2467 3807 2519 ita—

2237 2562 2341 2629 qiie
2362 2557 2451 2611 illa
2481 2557 2711 2622 sciretis,
2735 2573 2906 2629 neque
2930 2558 3010 2613 sic
3032 2568 3305 2626 oporteret
3339 2559 3516 2612 averti
3546 2574 3561 2612 :
3590 2557 3807 2628 quando-

2237 2650 2450 2721 quidem
2483 2650 2535 2704 in
2560 2651 2791 2705 theatris
2841 2651 3028 2706 eadem
3065 2651 3179 2721 ipsa
3204 2660 3432 2722 semper
3479 2652 3637 2713 ﬁunt,
3664 2664 3815 2718 neque

2240 2752 2417 2798 tamen
2440 2742 2729 2798 satiamini.
2756 2742 2944 2811 Qualia
2972 2744 3155 2800 dicere
3179 2744 3374 2808 audes,
3398 2744 3495 2814 qui
3520 2758 3590 2798 ue
3611 2742 3817 2813 prophee

2239 2836 2661 2892 tarum‘nomina
2711 2837 2926 2908 quidem
2973 2839 3153 2892 nosti?
3201 2836 3322 2892 Non
3353 2844 3412 2892 te
3445 2836 3614 2907 pudet
3637 2836 3812 2899 dicere,

2238 2937 2293 2983 te
2320 2927 2443 2983 ideo
2470 2943 2579 2983 non
2606 2927 2809 2994 audire,
2839 2928 2963 3000 quia
2988 2928 3177 2984 eadem
3202 2943 3431 2999 semper
3459 2928 3725 2999 leguntur,
3743 2926 3817 2996 qui

2239 3036 2308 3075 ne
2336 3021 2552 3076 nomina
2574 3021 2789 3091 quidem
2815 3023 3135 3093 scriptorum
3162 3022 3330 3086 nosti,
3360 3022 3496 3077 licet
3518 3022 3614 3077 illa
3636 3036 3822 3091 seraper

2238 3112 2459 3169 audias?
2497 3112 2629 3168 Nam
2662 3123 2715 3169 tu
2744 3129 2956 3184 quoque
2983 3115 3291 3181 conﬁteris,
3328 3114 3532 3170 eadem
3576 3115 3687 3184 ipsa
3714 3113 3818 3167 dici.

2238 3205 2350 3275 Ego
2360 3205 2404 3261 si
2418 3216 2470 3262 te
2480 3205 2781 3262 accusando
2798 3205 3202 3269 hzccdisissem.
3221 3216 3519 3276 oporteret
3538 3215 3594 3262 te
3608 3205 3673 3261 ad
3689 3205 3824 3259 aliam

2233 3297 2601 3353 ‘defensionem
2626 3297 2936 3369 confugere,
2958 3307 3021 3353 et
3044 3313 3151 3353 non
3171 3297 3240 3353 ad
3260 3299 3677 3354 accusationem
3703 3307 3822 3351 tuam

2237 3392 2440 3446 venire.
2476 3392 2572 3447 Dic
2594 3392 2746 3459 mihi,
2768 3406 2947 3447 annon
2968 3392 3226 3447 admones
3248 3392 3430 3448 lilium
3459 3391 3658 3447 tuum?
3684 3391 3737 3445 Si
3757 3389 3828 3443 di-

2239 3492 2385 3539 ceret
2411 3484 2533 3553 ille,
2560 3486 2787 3556 Semper
2823 3485 3045 3551 eadem;
3072 3501 3258 3541 annon
3307 3496 3549 3557 putares
3578 3494 3829 3541 contume-

2240 3575 2362 3630 liam
2389 3577 2551 3631 esse?
2595 3576 2746 3632 Tunc
2771 3592 2871 3647 par
2898 3587 3042 3633 esset
3068 3593 3173 3632 non
3205 3578 3411 3633 eadem
3462 3578 3672 3643 dicere,
3694 3577 3735 3632 si
3760 3576 3833 3631 illa

2239 3671 2519 3738 sciremus,
2551 3680 2605 3727 et
2633 3672 2885 3743 operibus
2924 3671 3345 3738 exhiberemus;
3376 3673 3498 3727 imo
3531 3680 3830 3742 nequetnnc

2239 3764 2508 3836 superﬂua
2563 3766 2721 3821 lectio
2766 3773 2929 3821 esset.
2976 3765 3113 3833 Quid
3161 3780 3260 3836 par
3312 3765 3664 3821 Timotheo?
3706 3765 3837 3817 Atta-

2240 3872 2362 3913 men
2393 3857 2470 3912 illi
2496 3857 2736 3912 scrihens
2776 3856 2972 3912 Paulus
3010 3856 3263 3912 dicebat:
3316 3857 3556 3911 Attende
3583 3854 3777 3910 lectioni
3796 3860 3837 3904 et

2238 3952 2574 4007 exliortationi
2600 3950 2688 4022 (l.
2718 3949 2852 4005 Tim.
2881 3954 2932 4005 4.
2966 3951 3087 4019 l3).
3118 3949 3305 4018 Neque
3340 3952 3502 4005 enim
3534 3958 3718 4019 potest
3743 3961 3839 3999 inn-

2238 4058 2396 4112 quam
2424 4056 2615 4098 sensus
2653 4042 3052 4112 Scripturarum
3082 4040 3368 4096 exhauriri
3404 4059 3421 4094 :
3455 4040 3588 4096 fons
3632 4050 3714 4094 est
3755 4037 3836 4089 iiii-

2238 4150 2477 4191 mensus.
2536 4136 2723 4191 Dicere
2752 4137 2926 4191 solent
2946 4171 2961 4196 ,
2994 4135 3149 4201 Novi,
3177 4135 3472 4205 inquiunt,
3505 4144 3565 4190 et
3598 4146 3710 4189 tum
3733 4129 3838 4186 mihi

2241 4229 2467 4285 efﬂuxit.
2489 4229 2662 4285 Vultis
2681 4229 2982 4294 ostendam,
3010 4229 3126 4284 hzec
3151 4243 3259 4285 non
3289 4245 3432 4287 esse
3464 4231 3664 4287 eadem
3680 4231 3705 4283 2
3727 4228 3841 4295 Qua

2238 4324 2435 4393 putatis
2476 4338 2542 4379 ex
2578 4324 2881 4393 Evangeliis
2918 4322 3171 4393 loquutos
3221 4326 3401 4379 esse?
3445 4324 3568 4381 Sed
3597 4325 3653 4380 hi
3681 4336 3845 4379 omnes

2237 4430 2372 4471 nova
2397 4415 2640 4486 quaedam
2665 4416 2942 4471 dixerunt.
2987 4416 3198 4482 Quanto
3227 4418 3391 4472 enim
3434 4419 3626 4489 magis
3668 4419 3720 4472 in
3761 4412 3846 4469 illis

2237 4518 2503 4575 versatur,
2532 4516 2683 4564 tanto
2702 4510 2914 4565 acutius
2942 4509 3111 4575 videt,
3145 4519 3301 4566 tanto
3351 4513 3654 4582 puriorem
3684 4509 3852 4581 aspicit

2237 4601 2431 4657 lucem.
2452 4600 2589 4656 Ecce
2612 4611 2810 4671 quanta
2839 4601 2980 4655 dico.
3006 4600 3143 4670 Quid
3169 4612 3252 4657 est
3282 4604 3647 4675 prophetia?
3671 4603 3850 4658 dicite:

2236 4693 2362 4762 quid
2403 4691 2805 4748 cnarrationcs?
2845 4694 2973 4764 quid
3022 4696 3316 4764 parabola?
3377 4698 3523 4768 quid
3580 4693 3853 4768 allegoria?

2235 4786 2361 4857 quid
2411 4788 2603 4858 typus?
2631 4787 2757 4857 quid
2813 4787 3151 4859 symbolum?
3198 4789 3337 4857 quid
3394 4791 3734 4861 evangelia?
3760 4788 3855 4842 lloc

2241 4894 2367 4933 vero
2388 4888 2589 4933 tantum
2612 4879 2740 4933 mihi
2769 4880 2949 4946 dicite,
2979 4881 3121 4951 quod
3151 4881 3376 4938 clarum
3408 4893 3505 4940 est
3523 4924 3546 4951 ,
3574 4899 3677 4940 cur
3702 4882 3859 4937 Evan-

2234 4970 2371 5042 gelia
2397 4971 2537 5026 dicta
2562 4972 2727 5025 sunt?
2751 4972 2913 5042 Atqui
2938 4987 3081 5043 stupe
3115 4972 3384 5037 audistis,
3414 4976 3579 5046 quod
3601 4972 3859 5041 evangelia

2234 5064 2368 5118 nihil
2410 5074 2658 5121 maestum
2690 5064 2887 5119 habere
2912 5064 3143 5120 debeant
3172 5082 3185 5119 :
3216 5065 3349 5121 hzec
3398 5084 3549 5123 vero
3581 5068 3751 5123 multa
3779 5080 3861 5120 au-

2234 5156 2476 5211 steritate
2523 5156 2676 5227 plena
2723 5156 2889 5211 sunt?
2914 5154 3059 5226 Ignis
3094 5157 3313 5211 illorum
3350 5176 3468 5213 non
3500 5162 3863 5230 exstingueret.

2236 5249 2424 5319 inquit,
2452 5261 2498 5303 et
2524 5250 2701 5303 vermis
2745 5264 2917 5303 eorum
2948 5266 3049 5303 non
3074 5250 3329 5303 morietur
3380 5253 3398 5319 (
3432 5253 3617 5307 Marc.
3648 5252 3708 5309 9.
3738 5250 3865 5315 4'5);

2234 5339 2465 5408 illudque
2491 5380 2508 5405 ,
2539 5338 2814 5394 Dissecabit
2842 5356 2982 5406 eunt,
3018 5348 3065 5393 et
3090 5349 3235 5409 ponet
3271 5344 3602 5409 portionem
3629 5345 3745 5413 ejus
3769 5356 3867 5393 cum

2234 5432 2507 5501 hypocritis
2551 5430 2775 5501 (Matth.
2822 5431 2913 5485 ‘24.
2960 5431 3096 5500 51);
3130 5441 3185 5486 et
3215 5432 3395 5500 illud,
3457 5435 3619 5490 Dicet
3649 5452 3668 5491 :
3698 5433 3872 5489 Nescio

2207 5540 2340 5591 ros,
2368 5524 2605 5577 discedite
2630 5540 2661 5575 a
2691 5539 2788 5585 me,
2810 5525 2897 5596 qui
2940 5525 3215 5591 operamini
3262 5527 3632 5599 iniquitatem
3665 5529 3793 5602 (Id.
3824 5530 3868 5580 7.

2232 5618 2304 5672 9.5
2324 5617 2367 5686 ).
2400 5617 2560 5687 Igitur
2585 5634 2652 5672 ne
2678 5617 3435 5690 decipiamusnosmetipsos,
3472 5634 3745 5695 putantes
3770 5623 3874 5677 htrc

2230 5708 2422 5765 Graeco
2446 5724 2594 5763 more
2615 5708 2742 5764 dici.
2763 5709 2974 5765 Nihilne
3000 5710 3113 5766 haec
3130 5710 3194 5765 ad
3225 5727 3346 5769 nos
3368 5716 3399 5767 ?
3421 5716 3547 5771 Vos
3577 5734 3717 5772 vero
3738 5714 3874 5769 surdi

2234 5799 2385 5863 estis,
2408 5809 2463 5854 et
2478 5800 2626 5868 quasi
2650 5800 2858 5855 attoniti
2880 5811 3037 5869 caput
3062 5802 3377 5865 inclinatis.
3403 5806 3726 5880 Evangelia
3750 5804 3874 5861 nihil

2238 5888 2437 5945 habere
2475 5890 2669 5945 debent
2716 5907 2925 5962 eorum,
2955 5909 3072 5963 qua:
3098 5893 3317 5964 agenda
3373 5910 3543 5970 sunt,
3580 5902 3682 5958 sed
3713 5904 3880 5956 solum
