4076 6354
187 303 270 356 πει
1270 279 1335 333 IN
1375 276 1553 332 ACTA
1593 270 2136 330 APOSTOLOR’UM.
2167 273 2408 330 "OMIL.
2448 264 2569 327 XIX

180 395 479 462 ἀποστόλοις,
512 395 763 449 ἐνέϐαλεν
806 394 886 458 εἰς
944 394 1335 467 δεσμωτήριον·
1393 393 1575 446 λοιπὸν
1607 395 1634 445 6
1667 391 1796 453 Θεὸς

180 486 569 555 θανματουργεῖ.
620 483 726 536 K01
759 482 897 545 πῶς,
946 483 1069 553 ὅρα·
1103 481 1176 534 Τὸ
1213 481 1514 549 ἐξενεγκεῖν
1558 478 1665 531 ἀπὸ
1700 475 1800 546 τῆς

180 570 407 640 φυλακῆς,
441 569 614 623 αὑτοῦ
642 572 866 641 σημεῖον
886 565 975 641 ἦν·
1000 569 1061 623 τὸ
1086 570 1310 637 ἀγαγεῖν
1337 568 1620 632 Φίλιππον,
1643 564 1806 618 αὑτοῦ

180 660 373 727 σημεῖον
394 652 481 725 ἦν·
506 657 574 709 τὸ
627 656 837 709 Παῦλον
871 655 1338 728 προσαγαγέσθαι,
1374 655 1537 708 αὑτοῦ
1586 652 1808 722 σημεῖον

177 742 247 815 ἦν·
270 744 323 795 τὸ
343 742 509 807 δεῖξαι
535 743 793 815 Στεφάνῳ
856 744 1065 809 ἑαυτὸν,
1115 743 1278 797 αὑτοῦ
1308 744 1531 814 σημεῖον
1580 736 1667 811 ἦν.
1700 737 1810 792 Καὶ

182 832 356 895 σκόπει,
388 831 507 895 πῶς
542 831 644 902 μέν
662 833 889 903 τιμᾶται
920 846 945 873 ι
981 831 1213 896 Παῦλος,
1247 830 1363 896 πῶς
1392 831 1449 884 δὲ
1480 832 1509 883 6
1535 827 1805 896 εὐνοῦχος.

191 914 419 968 Ἐνταῦθα
439 915 538 967 καὶ
574 917 605 968 6
643 916 880 980 Χριστὸς
910 916 1178 985 φαίνεται,
1230 916 1361 979 ἴσως
1397 913 1486 968 διὰ
1535 912 1596 966 τὸ
1647 911 1814 982 σκλη-

182 1004 268 1072 ρὸν,
298 1002 385 1056 καὶ
426 1002 509 1056 ὃτι
547 1002 651 1057 οὐκ
688 1003 756 1057 ἂν
804 1003 980 1068 ἄλλως
1031 1003 1280 1074 ἐπείσθη.
1325 1002 1547 1065 Τούτοις
1594 1001 1813 1070 ἐνστρε-

178 1092 367 1160 φάμενοι
394 1092 489 1145 καὶ
511 1092 679 1162 ἡμεῖς
705 1094 821 1156 τοῖς
875 1091 1168 1163 θαύμασιν,
1216 1092 1399 1158 ἀξίους
1440 1090 1666 1151 ἑαυτοὺς
1704 1105 1811 1141 πα-

179 1178 597 1251 ρασκευάσωμεν.
658 1178 849 1233 Πολλοὶ
900 1178 995 1234 νῦν
1044 1179 1164 1245 οὐδὲ
1216 1181 1295 1241 εἰς
1351 1175 1647 1247 ἐκκλησίαν
1696 1176 1812 1228 510-

179 1269 339 1330 ιόντες,
387 1268 489 1322 οὑκ
542 1268 693 1321 ι’σασι
742 1268 812 1320 16
858 1267 1146 1339 λεγόμενα·
1205 1269 1233 1320 6
1281 1266 1338 1319 δέ
1393 1263 1667 1334 εὐνοῦχος,
1716 1263 1815 1317 καὶ

178 1354 243 1408 ἐπ’
266 1355 484 1423 ἀγορᾶς,
521 1356 619 1408 καὶ
643 1354 735 1408 ἐπὶ
784 1354 1061 1426 ὀχήματος
1098 1355 1415 1425 φερόμενος,
1457 1356 1522 1424 τῇ
1561 1350 1809 1420 ἀναγνώ-

179 1459 242 1493 σει
270 1442 367 1495 τῶν
393 1441 632 1511 Γραφῶν
688 1445 997 1513 προσεῖχεν.
1072 1441 1211 1494 Ἀλλ’
1258 1442 1356 1510 οὑχ
1402 1441 1578 1511 ὑμεῖς·
1640 1440 1813 1502 οὐδεὶς

176 1530 260 1601 γὰρ
291 1530 437 1600 ὑμῶν
468 1530 679 1601 βιϐλίον
717 1530 829 1600 ἔχει
874 1529 1010 1595 μετὰ
1059 1533 1270 1601 χεῖρας,
1306 1528 1443 1582 ἀλλὰ
1473 1528 1649 1581 πάντα
1682 1526 1813 1598 μᾶλ-

178 1618 301 1687 λονῆ
337 1616 395 1671 τὸ
445 1616 679 1688 βιϐλίον.
728 1618 827 1671 Διά
869 1618 921 1671 τί
975 1618 1033 1671 δέ
1075 1617 1149 1688 μὴ
1203 1616 1308 1689 πρὸ
1358 1617 1465 1671 τῶν
1520 1615 1811 1687 15900016-

180 1722 270 1774 μων
323 1708 423 1777 ὁρᾷ
480 1706 675 1771 αὑτὸν,
733 1706 869 1760 ἀλλά
905 1707 1041 1777 μετὰ
1088 1706 1301 1771 ταῦτα;
1340 1706 1452 1758 Οὑκ
1502 1690 1607 1758 ἔδει
1650 1704 1813 1760 αὑτὸν
1860 1772 1863 1775 ἰ

182 1790 281 1841 ἰδεῖν
324 1789 727 1861 ἐλαυνομένους
781 1790 908 1853 τοὺς
938 1792 1292 1856 ἀποστόλους,
1341 1790 1428 1843 6:6
1472 1790 1533 1843 16
1586 1789 1811 1851 ἀσθενὲς

179 1876 255 1927 ἔτι·
280 1875 390 1928 οὑδὲ
444 1877 721 1948 πρότερον
752 1877 923 1942 οῦτως
963 1874 1030 1949 ἦν
1060 1877 1299 1941 εῦκολον,
1339 1876 1413 1942 ὼς
1434 1879 1522 1931 ὅτε
1548 1878 1576 1930 6
1601 1878 1815 1949 προφή-

179 1981 253 2033 της
282 1963 309 2003 δ
342 1964 499 2018 αὑτὸν
553 1966 889 2036 κατήχησεν.
940 1965 1096 2027 Οὕτω
1152 1966 1245 2019 καὶ
1278 1965 1394 2029 νῦν,
1437 1966 1490 2017 εἴ
1533 1982 1616 2028 τις
1656 1964 1811 2035 ὑμῶν

179 2052 318 2104 ἐθέλοι
380 2052 681 2123 προσέχειν
734 2056 845 2117 τοῖς
898 2055 1247 2125 προφήταις,
1303 2054 1362 2106 οὑ
1421 2053 1668 2124 δεήσεται
1715 2070 1811 2123 ση-

181 2137 331 2207 μείων·
364 2139 529 2192 x0151
561 2138 839 2209 βούλεσθε,
872 2141 1043 2213 αὑτὴν
1088 2140 1186 2212 τὴν
1239 2141 1575 2212 προφητείαν
1612 2140 1810 2209 ἴδωμεν

176 2225 216 2276 τί
238 2242 402 2295 φησιν.
447 2226 551 2292 Ὠς
610 2227 909 2295 πρόϐατον
960 2227 1340 2297 6.1105007411-
1368 2226 1547 2295 ἤχθη,
1600 2226 1697 2279 καὶ
1741 2225 1812 2279 ἐν·

176 2310 232 2378 τῇ
256 2313 604 2367 ταπεινώσει
632 2314 819 2369 αὑτοῦ
848 2315 886 2379 ἡ
931 2315 1133 2384 κρίσις
1157 2314 1342 2369 αὐτοῦ
1376 2313 1546 2382 ἤρθη.
1599 2313 1811 2367 Ἐντεῦ-

176 2399 248 2451 θεν
274 2400 487 2471 ἔμαθεν,
507 2403 598 2454 ὅτι
626 2402 966 2472 ἐσταυρώθη,
1001 2403 1082 2455 ὅτι
1124 2402 1336 2473 αἴρεται
1367 2402 1473 2455 61:6
1499 2402 1599 2471 τῆς
1625 2401 1730 2471 γῆς
1775 2403 1811 2469 ἡ

175 2485 264 2556 ζωὴ
289 2488 466 2552 αὑτοῦ,
492 2490 585 2542 ὅτι
614 2490 890 2561 ἁμαρτίαν
920 2490 1020 2543 οὑκ
1058 2490 1334 2560 ἐποίησεν,
1389 2490 1469 2542 ὅτι
1502 2488 1688 2559 ἴσχυσε
1718 2490 1812 2541 καὶ

178 2574 357 2644 ἐτέρους
382 2576 586 2640 σῶσαι,
622 2577 705 2630 61:
735 2579 768 2649 ἡ
808 2577 975 2645 γενεά
1019 2577 1183 2631 αὑτοῦ
1216 2575 1367 2649 [159]
1402 2577 1810 2648 ἀνεκδιήγητος,

178 2662 238 2712 ὅτι
265 2662 446 2733 πέτραι
494 2664 840 2734 ἐρράγησαν,
883 2664 965 2717 ὅτι
1013 2665 1074 2718 τὸ
1122 2665 1520 2734 καταπέτασμα
1563 2664 1811 2735 ἐσχίσθη,

179 2749 239 2800 ἂτι
261 2752 428 2819 νεκροὶ
452 2752 519 2804 ἐκ
547 2750 660 2804 τῶν
682 2751 964 2822 μνημείων
981 2753 1082 2822 ὴγέ
1093 2752 1315 2823 ρθησαν·
1339 2753 1537 2823 μᾶλλον
1563 2754 1622 2807 δέ
1644 2753 1813 2807 ταῦτα

180 2836 322 2891 πάντα
342 2834 490 2893 εἶπεν
544 2839 699 2910 αὑτῷ
744 2839 772 2894 6
797 2840 1082 2905 Φίλιππος,
1121 2840 1281 2911 μόνον
1337 2840 1591 2894 ὑπόθεσιν
1634 2839 1814 2896 λαϐὼν

180 2920 263 2975 ἀπὸ
285 2922 371 2976 τοῦ
403 2926 713 2997 προφήτου.
740 2926 900 2995 Μέγα
928 2927 1096 2991 ὅντως
1121 2928 1154 2997 ὴ
1184 2927 1293 2981 τῶν
1311 2927 1543 2999 Γραφῶν
1569 2929 1816 2997 ἀνάγνω-

180 3026 259 3072 σις.
281 3010 458 3076 οὕτως
493 3015 681 3066 ἐκεῖνο
733 3013 1035 3088 ἐπληροῦτο
1086 3014 1149 3069 16
1192 3015 1345 3086 παρά
1391 3016 1484 3069 τοῦ
1535 3016 1815 3082 Μωῦσέως

181 3100 449 3173 ιίρημένον·
481 3098 911 3173 Καθεζόμενος,
931 3102 1031 3156 καὶ
1055 3103 1484 3174 κοιταζόμενος,
1523 3104 1621 3160 καί
1650 3105 1815 3159 διαν-

181 3188 482 3257 ιστάμενος,
552 3189 652 3242 καί
699 3188 1058 3257 περιπατῶν,
1107 3192 1385 3260 μέμνησο
1436 3191 1656 3258 Κυρίου
1708 3192 1813 3246 τοῦ

182 3272 299 3329 Θεοῦ
336 3292 477 3332 σου.
535 3277 791 3332 Μάλιστα
833 3279 941 3349 γάρ
984 3282 1038 3333 αί
1083 3280 1213 3347 6601,
1261 3281 1389 3334 ὅταν
1448 3281 1641 3352 ἔρημοι
1687 3276 1811 3347 ὦσι,

181 3362 252 3412 καὶ
278 3362 402 3433 πρὸς
430 3365 537 3430 τὰς
593 3366 803 3430 ἐννοίας
836 3366 967 3436 ἡμῖν
1018 3368 1208 3439 καιρὸν
1240 3380 1263 3407 ο
1291 3368 1546 3432 διδόασιν,
1603 3354 1816 3435 οὐδενὸς

180 3445 301 3511 ὗντος
323 3450 411 3504 τοῦ
447 3453 939 3525 παρενοχλοῦντος.
1005 3456 1114 3508 K01
1144 3448 1299 3521 οὗτος
1330 3458 1386 3510 ἐν
1410 3457 1513 3529 ὁδῷ
1547 3457 1815 3521 πιστεύει,

181 3536 253 3586 καὶ
287 3537 487 3603 Παῦλος
519 3541 583 3594 ἐν
625 3539 750 3601 ὀδῷ·
777 3540 913 3595 ἀλλά
942 3540 1132 3595 τοῦτον
1184 3542 1357 3606 οὐδεὶς
1404 3544 1575 3606 ἕλκει,
1622 3544 1735 3597 ἀλλ’
1785 3545 1814 3597 6

180 3621 396 3693 Χριστός.
452 3625 663 3691 Μεῖζον
704 3627 736 3698 ἢ
788 3628 927 3683 κατὰ
967 3631 1108 3692 τοὺς·
1135 3630 1467 3695 ἀποστόλους
1521 3632 1679 3685 τοῦτο
1722 3629 1811 3704 ἦν·

179 3709 226 3760 τὸ
253 3711 302 3764 δὲ
342 3715 552 3783 μεῖζον,
587 3716 805 3770 ὅτιτῶν
853 3717 1166 3772 ἀποστόλων
1208 3719 1375 3773 ὄντων
1404 3723 1476 3775 ,ἐν
1516 3720 1579 3773 Ἰε
1592 3721 1813 3791 900016-

185 3812 294 3866 μοις,
316 3804 403 3855 καὶ
443 3803 669 3867 οὐδενὸς
720 3805 872 3870 ὄντος
921 3808 985 3860 ἐκ
1032 3806 1237 3861 τούτων
1279 3810 1337 3862 ἐν
1387 3810 1683 3879 Δαμασκῷ,
1720 3812 1817 3862 ἐπ-

184 3886 302 3957 ανῄει
327 3891 536 3944 ἐκεῖθεν
562 3892 826 3953 πεισθείς·
863 3894 957 3947 καὶ
988 3895 1036 3946 οί
1078 3895 1136 3946 ἐν
1182 3894 1458 3965 Δαμασκῷ
1484 3895 1701 3966 ᾔδεσαν,
1734 3896 1814 3948 ὅτι

181 3974 257 4027 οὐκ
293 3977 391 4029 ἀπὸ
460 3978 859 4050 Ἱεροσολύμων
900 3977 1033 4053 ἦλθε
1088 3981 1471 4052 πεπεισμένος·
1526 3981 1814 4045 ἐπιστολὰς

183 4062 267 4133 γάρ
306 4066 512 4139 ἔφερεν,
569 4068 709 4121 ὥστε
739 4069 898 4140 δῆσαι
941 4069 1069 4134 τοὺς
1118 4069 1493 4134 πιστεύοντας.
1546 4071 1814 4142 Καθάπερ

187 4152 334 4226 ἰατρὸς
363 4158 607 4229 ἄριστος,
641 4158 979 4230 ἀκμάζοντος
1011 4160 1092 4213 ἔτι
1117 4160 1212 4214 τοῦ
1238 4160 1498 4232 πυρετοῦ,
1533 4162 1594 4215 τὸ
1617 4162 1817 4233 βοήθη-

187 4258 245 4309 μα
268 4246 398 4317 αὐτῷ
433 4248 721 4317 ἐπήγαγεν
773 4249 801 4300 6
830 4247 1082 4317 Χριστός·
1116 4247 1224 4302 ἔδει
1279 4248 1388 4320 γάρ
1413 4249 1574 4303 αὑτὸν
1610 4250 1811 4321 μεταξὺ

188 4333 470 4403 μαινόμενον
496 4334 922 4406 κατασχεθῆναι.
966 4336 1101 4391 Τότε
1130 4336 1367 4405 μάλιστα
1395 4336 1686 4402 κατέπεσε,
1720 4338 1814 4392 καὶ

186 4420 392 4488 κατέγνω
443 4420 668 4487 ἑαυτοῦ,
726 4421 803 4485 ῶς
854 4420 1003 4475 δεινά
1063 4422 1391 4493 τολμῶντος.
1441 4423 1603 4478 Ἀλλά
1651 4425 1814 4479 πάλιν

187 4505 315 4560 καλὸν
337 4510 466 4581 πρὸς
498 4512 646 4580 ὑμᾶς
667 4511 758 4564 τὸν
786 4510 942 4579 λόγον
982 4512 1362 4567 ἐπαναλαϐεῖν.
1420 4514 1574 4579 Τίνος
1607 4515 1811 4583 ἕνεκεν,

188 4594 282 4647 εἰπέ
311 4614 413 4666 μοι,
456 4601 517 4653 αἱ
545 4600 794 4671 Γραφαί;
833 4600 908 4654 Τὸ
948 4599 1055 4672 γὰρ
1079 4601 1342 4673 ὑμέτερον
1388 4603 1573 4674 μέρος,
1636 4605 1814 4659 πάντα

187 4681 432 4757 ἀνῄρηται.
456 4687 621 4751 Τίνος
656 4687 841 4741 ἐνεκεν
874 4688 1166 4759 ἐκκλησίας
1224 4692 1558 4761 Κατάχωσον
1605 4693 1675 4746 τά
1732 4694 1813 4764 βι-

188 4766 284 4824 ελία
315 4772 359 4811 ἀ·
394 4775 536 4846 τάχα
597 4775 660 4828 06
697 4775 935 4829 τοιοῦτον
963 4780 1158 4849 κρῖμα,
1188 4779 1248 4832 06
1312 4780 1538 4850 τοιαύτη
1569 4780 1810 4845 κόλασις.

188 4852 238 4907 Εἰ
256 4874 326 4921 τις
353 4860 720 4931 καταχώσειεν
745 4862 881 4915 0616
913 4864 971 4916 ἐν
999 4863 1210 4934 κόπρῳ,
1244 4865 1340 4917 καὶ
1376 4865 1452 4937 μὴ
1498 4866 1686 4920 ἀκούοι
1714 4869 1813 4920 06-

188 4942 401 5020 τῶν,οὑχ
441 4951 620 5013 οὕτως
657 4950 796 5006 0616
850 4950 1083 5024 ὑϐρίζει,
1128 4953 1206 5018 ὡς
1259 4952 1373 5009 νῦν.
1429 4955 1493 5009 Τί
1524 4956 1653 5026 γὰρ,
1693 4957 1813 5011 εἰπέ

192 5044 275 5098 μοι,
300 5036 356 5088 τὸ
383 5037 705 5110 ὑϐριστικὸν
730 5039 880 5105 ἐκεῖ;
934 5041 1056 5094 Ὅτι
1081 5040 1218 5095 0616
1247 5042 1546 5113 κατέχωσε.
1601 5045 1667 5097 Τί
1725 5045 1813 5099 δαὶ

190 5116 413 5193 ἐνταῦθας
443 5128 570 5181 Ὅτι
601 5128 701 5181 οὑκ
727 5129 996 5199 ἀκούομεν
1020 5129 1221 5184 αὑτῶν.
1275 5132 1411 5184 Εἰπέ
1443 5149 1551 5201 μοι,
1578 5133 1659 5196 τίς
1684 5151 1812 5188 ποτε

192 5208 383 5272 μάλιστα
412 5214 694 5287 ὑϐρίζεται
720 5233 735 5282 ;
767 5216 896 5269 ὅταν
927 5217 1240 5281 σιωπῶντος
1272 5217 1345 5289 μὴ
1369 5218 1750 5291 ἀποκρίνηται,
1777 5221 1809 5292 ἢ

192 5294 290 5381 όταν
312 5300 587 5371 λέγοντος;
626 5304 849 5366 Πάντως
876 5306 1005 5359 ὅταν
1035 5304 1306 5374 λέγοντος.
1337 5308 1500 5361 Ὥστε
1548 5310 1748 5379 μείζων
1775 5313 1807 5381 ἡ

194 5379 314 5454 ὖῦρις
334 5390 443 5455 νῦν,
475 5393 606 5446 ὅταν
648 5393 743 5446 καὶ
797 5393 1167 5463 φθεγγομένου
1203 5394 1277 5466 μὴ
1316 5394 1574 5469 ἀκούσῃς,
1610 5379 1811 5468 μείζων

196 5470 627 5550 ἡκαταφρόνησις.
656 5481 753 5550 Μὴ
791 5482 1031 5535 λαλεῖτε
1058 5481 1223 5550 ἡμῖν,
1258 5483 1413 5554 φησὶ,
1468 5485 1633 5539 πάλαι
1682 5487 1812 5540 Ἰου-

196 5554 298 5614 δαῖοι
319 5569 420 5632 τοῖς
458 5570 763 5641 προφήταις
792 5570 996 5639 ἔλεγον·
1052 5571 1209 5642 ὑμεῖς
1261 5571 1317 5624 δὲ
1350 5575 1532 5643 χεῖρον
1586 5577 1809 5641 ποιεῖτε,

243 5747 266 5820 ‘_
302 5752 424 5820 Unus
444 5758 547 5807 cod.
565 5758 770 5820 01.9.5101;
800 5758 883 5820 ἦν.
903 5759 1032 5820 "090
1061 5758 1162 5813 πῶς
1202 5758 1283 5819 μὲν
1322 5765 1530 5818 τιμᾶται.
1600 5762 1625 5802 h
1678 5761 1811 5811 Unus

316 5816 377 5863 ἔτι
397 5833 409 5844 ·
432 5820 528 5883 ,οὑκ
554 5811 833 5883 ξῦκολοςί
849 5882 856 5883 7
872 5818 932 5868 Ὃ
1063 5811 1316 5881 προφήτης.
1370 5811 1408 5851 ’⁸
1438 5822 1607 5873 Morel.
1635 5825 1809 5881 ἐννοίας

205 5872 303 5928 ἡμῶν
323 5879 483 5941 καιρόν.
550 5872 584 5921 δ’
605 5881 740 5932 Unus
761 5872 990 5938 ἐκκλησία
1057 5872 1216 5939 δὴσόν
1237 5872 1299 5929 τε
1319 5884 1489 5943 βιϐλία.

3466 274 3487 328 Ι
3499 272 3575 329 56

1902 390 2172 460 λέγοντες·
2201 393 2291 462 Μὴ
2320 391 2553 453 λαλεῖτε,
2609 389 2671 442 06
2709 389 2992 460 ποιοῦμεν.
3059 389 3288 443 Ἐκεῖνοι
3332 391 3431 461 μὲν
3476 389 3571 444 οὖν

1907 479 2249 550 ἀπέστρεφον
2286 479 2485 541 αὐτοὺς
2522 476 2657 547 μηδὲ
2688 475 3043 545 φθέγγεσθαι,
3077 476 3155 541 ὥς
3208 478 3318 531 άπὸ
3339 479 3440 547 τῆς
3461 496 3573 547 φω⁶

1910 567 2004 637 γῆς
2029 565 2309 637 δεχόμενοί
2337 584 2457 619 τινα
2504 564 2790 626 εὐλαϐείας
2825 564 3101 635 ἀφορμήν·
3121 634 3157 642 ᾖ
3173 565 3493 645 ὑμεῖςκδξθ-
3508 567 3574 645 ἐκ

1909 655 2111 725 πολλῆς
2140 657 2599 727 καταφρονήσεως
2621 654 2740 708 οὑδέ
2762 652 2920 706 τοῦτο
2947 638 3175 709 ποιεῖτ-εζ
3214 638 3574 717 Πιστῖύσατεξ

1908 745 1955 796 εἰ
1983 743 2051 796 16
2085 742 2331 814 στόματα
2350 745 2480 814 ἡμῖν
2506 742 2860 813 ἐνεφράξοιτε,
2881 741 2981 804 τὰς
3002 745 3190 814 χεῖρας
3218 743 3493 806 ἐπιθέντες
3523 755 3571 808 ο,

1908 832 2007 884 οὑκ
2033 826 2102 902 ἦν
2126 831 2363 902 τοσαύτη
2383 831 2416 901 ἡ
2447 830 2601 903 ὑϐρις
2621 833 2717 901 ὅση
2742 830 2857 885 νῦν.
2879 830 3016 884 Είπέ
3037 831 3148 902 γάρ
3174 849 3288 902 μοι,
3313 833 3341 885 6
3362 831 3590 887 ἀκούων-

1910 919 2003 971 καὶ
2038 919 2115 989 μὴ
2177 918 2521 990 πειθόμενος,
2576 917 2839 989 μειζόνως
2891 921 3241 989 καταφρονεῖ,
3294 917 3385 989 ῆό
3440 916 3581 989 μηδέ

1908 1005 2123 1060 ἀκούων
2143 1022 2158 1070 ;

1980 1096 2040 1146 ε’.
2075 1091 2234 1145 Ἀλλὰ
2287 1091 2416 1163 φέρε
2452 1091 2544 1144 ἐπὶ
2593 1090 2800 1162 ῦϐρεως
2836 1090 2899 1144 τὸ
2932 1093 3167 1164 πρᾶγμα
3214 1090 3577 1162 ἐξετάσωμεν·

1910 1178 1979 1231 Εῖ
2016 1195 2101 1242 τις
2149 1179 2241 1232 τὸν
2293 1179 2583 1249 ὑϐρίζοντα
2640 1179 2897 1249 κατέχοι,
2954 1180 3065 1233 1:01
3116 1178 3454 1249 ἐπιστομίζοι
3506 1178 3582 1242 ὡς

1910 1265 2089 1334 ἀλγῶν
2141 1267 2259 1329 ταῖς
2299 1264 2540 1336 ῦϐρεσιν,
2584 1266 2768 1334 ἕτερος
2825 1266 2882 1319 δὲ
2931 1266 3071 1337 μηδὲ.
3124 1265 3395 1336 φροντίζοι
3446 1265 3581 1336 μηδὲ

1910 1356 2274 1425 προσποιοῖτο,
2305 1353 2387 1417 τίς
2430 1353 2629 1423 μᾶλλον
2658 1356 3006 1425 καταφρονεῖ;
3039 1348 3358 1423 οὑχοῦτοῃ
3402 1355 3581 1406 Ἐκεῖ-

1911 1460 1999 1505 νος
2054 1442 2152 1511 μὲν
2209 1441 2317 1513 γάρ
2368 1442 2644 1512 ἐμφαίνει,
2699 1442 2780 1494 ὅτι
2853 1441 3066 1512 πληγὴν
3116 1443 3365 1511 δέχεται·
3429 1436 3587 1504 οὗτος.

1910 1530 1967 1582 δέ
2017 1529 2297 1600 μονονουχὶ
2323 1529 2383 1582 16
2434 1530 2609 1600 στόμα
2638 1530 2938 1599 ἐμφράττει
2966 1528 3059 1582 τοῦ
3098 1530 3252 1582 Θεοῦ.
3294 1529 3597 1600 Ἐφρίξατε.

1909 1616 1971 1668 τὸ
2029 1617 2225 1688 ρηθέν;
2281 1616 2419 1670 Ἀλλ’
2473 1618 2636 1672 ἄκουε
2687 1617 2783 1671 καὶ
2849 1616 2967 1681 πῶς
3019 1616 3176 1669 τοῦτο
3225 1616 3450 1684 γίνεται.
3511 1616 3593 1669 Τὸ-

1912 1705 2110 1774 στόμα,
2148 1704 2213 1757 δι’
2252 1698 2312 1758 06
2347 1707 2374 1758 6
2411 1704 2543 1767 Θεὸς
2574 1703 2890 1773 φθέγγεται,
2934 1704 3108 1773 στόμα
3148 1705 3265 1756 ἐστὶ
3299 1702 3392 1756 τοῦ
3425 1702 3580 1756 Θεοῦ.

1910 1792 2178 1864 Καθάπερ
2223 1792 2330 1864 γὰρ
2368 1792 2526 1846 τοῦτο
2568 1791 2629 1845 τὸ
2668 1793 2841 1862 στόμα
2879 1792 2978 1862 τῆς
3017 1793 3196 1862 ψυχῆς
3250 1794 3405 1862 ἡμῶν
3446 1793 3584 1853 ἐστι,

1912 1880 2085 1934 καίτοι
2113 1880 2287 1951 ψυχῆς
2335 1882 2432 1934 οὑκ
2462 1879 2690 1950 ἐχούσης
2721 1880 2933 1950 στόμα·
2985 1879 3128 1932 οῦτω
3157 1879 3249 1930 καὶ
3296 1879 3356 1930 τὸ
3412 1878 3589 1949 στόμτ.

1911 1968 2020 2021 τῶν
2058 1967 2351 2040 προφητῶν
2408 1969 2581 2038 στόμα
2635 1968 2753 2021 ἐστὶ
2797 1966 2890 2020 τοῦ
2946 1966 3101 2021 Θεοῦ.
3149 1966 3441 2020 Ἀκούσατε
3493 1968 3589 2021 καὶ

1912 2058 2155 2127 φρίξατε.
2184 2056 2376 2119 Κοινὸς
2407 2056 2671 2119 διάκονος.
2695 2054 2928 2125 ἕστηκεν
2965 2054 2995 2105 6
3022 2054 3263 2117 διάκονος
3306 2054 3449 2125 μέγα
3496 2054 3589 2125 60'-

1911 2143 1985 2195 ῶν
2020 2144 2113 2197 καὶ
2143 2142 2337 2210 λέγων·
2373 2142 2771 2210 Πρὸσχωμεν·
2808 2140 3083 2193 καὶτοῦτο
3104 2140 3380 2201 πολλάκις.
3423 2138 3592 2192 Ἐκείο

1910 2248 1974 2300 νη
2012 2232 2044 2301 ἡ
2073 2231 2223 2301 φωνὴ
2247 2230 2400 2299 κοινὴ
2431 2228 2531 2298 τῆς
2572 2227 2899 2299 Ἐκκλησίας
2934 2229 3101 2291 ἐστὶν,
3153 2229 3217 2297 ἣν
3250 2220 3403 2291 0610;
3437 2225 3586 2298 [160]

1911 2317 2125 2387 ἀφίησι,
2159 2316 2254 2370 καὶ
2275 2316 2448 2379 οὐδεὶς
2472 2317 2501 2368 ό
2540 2316 2842 2386 προσέχων.
2886 2316 3018 2368 Μετ’
3072 2316 3276 2367 ἐκεῖνον
3301 2314 3526 2384 ἄρχεται
3560 2316 3605 2367 δτ

1910 2404 2262 2476 ἀναγνώστης
2298 2405 2397 2476 τῆς
2428 2402 2761 2475 προφητείας
2808 2403 3067 2455 Ἡσαΐου·
3117 2402 3212 2454 καὶ
3262 2402 3384 2454 οὐδὲ
3444 2400 3603 2455 οῦτωι

1915 2496 2176 2564 προσέχει
2202 2511 2284 2555 τις
2306 2531 2323 2558 ,
2384 2492 2562 2547 καίτοι
2591 2491 2900 2562 προφητεία
2920 2490 3071 2543 οὑδέν
3094 2487 3433 2560 ἀνθρώπινον
3453 2489 3586 2559 ἔχει.

1913 2576 2047 2635 Εἶτα
2089 2582 2168 2643 είς
2209 2581 2447 2652 ἐπήκοον
2473 2581 2708 2649 ἐκφωνεῖ
2736 2577 2929 2647 λέγων,
2977 2577 3130 2631 Τάδε
3161 2577 3323 2645 λέγει
3352 2576 3586 2644 Κύριος,

1914 2673 2008 2725 καὶ
2057 2671 2177 2725 οὑδέ
2221 2671 2364 2726 οῦτω
2415 2671 2670 2744 προσέχει
2729 2686 2833 2734 τις.
2875 2668 2940 2721 Τί
2984 2669 3159 2736 λέγωλς
3204 2666 3416 2738 Φοϐερά
3467 2683 3607 2719 τινας

1912 2759 2242 2832 διεξέρχεται
2291 2759 2386 2812 καὶ
2431 2757 2699 2830 φρικώδη,
2731 2758 2825 2811 καὶ
2868 2756 2992 2810 οὑδὲ
3041 2754 3213 2819 οὑτως
3270 2755 3384 2809 ἔστι
3417 2772 3498 2818 τις
3558 2755 3590 2807 6

1915 2849 2214 2920 προσέχων.
2252 2847 2411 2901 Ἀλλά
2452 2846 2536 2910 τίς
2588 2848 2618 2899 6
2661 2844 2817 2914 λόγος
2844 2845 2960 2899 τῶν
2977 2844 3215 2911 πολλῶν;
3254 2844 3387 2909 ’A51,
3430 2844 3609 2915 (91101,.

1913 2937 1981 2989 τὰ
2015 2936 2153 2988 0616
2191 2934 2643 3002 ἀναγινώσκεται.
2680 2933 2850 2989 Τοῦτο
2892 2933 3127 3004 μάλιστα
3178 2934 3323 3003 ὑμᾶς
3347 2931 3591 2986 ἀπόλλυ-

1915 3041 2020 3077 σιν.
2054 3024 2116 3077 Εἰ
2153 3023 2250 3094 μὲν
2289 3019 2381 3077 οὖν
2409 3023 2591 3094 ⁴ᾔδειτε
2632 3022 2791 3085 αὑτὰ,
2846 3021 3080 3092 μάλιστα
3117 3020 3217 3091 μὲν
3249 3020 3373 3074 οὑδέ
3415 3019 3589 3083 οὕτως

1914 3112 2215 3182 ἀπέχεσθαι
2250 3112 2355 3165 ἔδει
2374 3127 2393 3177 ·
2450 3111 2573 3165 ἐπεὶ
2631 3111 2727 3165 καὶ
2782 3110 2842 3164 ὲν
2882 3113 3003 3179 τοῖς⁷
3043 3110 3293 3181 θεάτροις
3336 3110 3424 3163 651
3462 3108 3482 3148 ί
3520 3109 3603 3182 τάς

1915 3200 2054 3255 αὑτά
2082 3199 2311 3270 γίνεται,
2349 3198 2443 3253 καὶ
2491 3200 2641 3269 ὅμως
2672 3199 2732 3252 06
2784 3198 3093 3270 λαμϐάνετε
3129 3198 3309 3269 κόρον.
3347 3199 3481 3252 Ποῖα
3516 3197 3601 3252 τὼν

1914 3287 2053 3342 αὑτὰ
2082 3288 2285 3360 τολμᾷς
2313 3289 2504 3353 εἰπεῖν,
2536 3289 2565 3341 ό
2606 3287 2743 3359 μηδὲ
2778 3286 2888 3342 τῶν
2918 3286 3212 3359 προφητῶν
3244 3287 3313 3341 16
3345 3285 3597 3357 ὀνόματα

1915 3373 2109 3440 είδώς;
2145 3374 2260 3427 Οὑκ
2292 3372 2524 3445 αίσχύνῃ
2567 3373 2741 3442 λέγων
2771 3373 2869 3445 μὲν
2893 3373 2981 3428 διὰ
3005 3373 3164 3426 τοῦτο
3219 3374 3293 3445 μὴ
3344 3371 3583 3435 ἀκούειν,

1912 3460 2101 3532 ἐπειδὴ
2136 3459 2206 3513 16
2236 3459 2373 3514 αὑτὰ
2402 3461 2488 3514 651
2516 3461 2945 3529 ἀναγινώσκεται
2969 3499 2986 3526 ,
3028 3461 3129 3514 οὐκ
3156 3460 3309 3525 εἰδὼς
3355 3461 3411 3514 δέ
3464 3460 3603 3514 οὑδὲς

1912 3545 1981 3601 16
2012 3549 2247 3619 6v69010
2288 3548 2394 3602 τῶν
2445 3549 2988 3620 ἀναγινωσκομένων,
3043 3551 3138 3603 καὶ
3192 3549 3362 3602 ταῦτα
3401 3549 3597 3603 65116-

1913 3637 2051 3690 0.616
2082 3636 2326 3703 ἀκούων;
2384 3638 2494 3690 K01
2536 3637 2644 3707 γὰρ
2699 3637 2763 3690 06
2813 3637 3190 3709 ὡμολόγησας,
3226 3639 3309 3691 ὅτι
3354 3637 3420 3690 16
3449 3636 3587 3689 αὑτά

1912 3724 2126 3793 λέγεται
2161 3725 2207 3778 ⁸.
2264 3724 2402 3792 Ἐγὼ
2451 3727 2499 3778 εἰ
2560 3725 2744 3795 ἔλεγον
2795 3726 2876 3789 είς
2912 3727 3244 3796 κατηγορίαν
3299 3724 3603 3796 προφέρων

1912 3810 2090 3877 τοῦτο,
2128 3811 2189 3863 σὲ
2236 3812 2402 3882 ἐχρῆν
2446 3814 2532 3882 ἐφ’
2567 3812 2758 3883 ἑτέραν
2804 3812 3105 3881 ἀπολογίαν»
3148 3812 3341 3875 ἐλθεῖν,
3382 3812 3455 3881 μὴ
3495 3812 3602 3863 ἐπὶ.

1914 3899 2011 3969 τὴν
2041 3900 2371 3969 κατηγορίαν
2394 3900 2491 3970 τὴν
2519 3900 2639 3970 σήν.
2670 3899 2805 3952 Εἰπέ
2840 3916 2962 3970 μοι,
2985 3900 3050 3952 σὺ
3077 3899 3136 3950 οὑ
3180 3901 3463 3967 παραινεῖς
3507 3896 3587 3967 τῷ

1915 3985 2014 4056 υίῷ
2040 3986 2119 4056 τῷ
2156 3985 2266 4056 σῷ;
2321 3986 2417 4038 Ἂν
2446 3982 2539 4039 οὖν
2566 3982 2719 4049 οὗτος
2744 3988 2896 4057 εἴπῃ,
2936 3986 3018 4039 61:
3058 3986 3167 4038 'A51
3194 3986 3261 4038 16
3288 3984 3447 4049 αὑτὰ,
3477 3980 3593 4055 ἄρα

1912 4075 2011 4143 οὑχ
2049 4076 2154 4145 ἡγῇ
2178 4072 2334 4144 ῦϐριν
2361 4069 2528 4139 εἷναις
2570 4073 2702 4125 Τότε
2730 4074 2855 4144 ἐνῆν
2898 4075 2973 4146 μὴ
3007 4074 3185 4143 λέγειν
3215 4073 3284 4127 16
3312 4074 3472 4138 0616,
3496 4074 3586 4129 ὅτε

1914 4161 2054 4215 0616
2108 4161 2202 4215 καὶ
2245 4161 2486 4232 ᾔδειμεν,
2516 4162 2611 4214 καὶ
2636 4161 2724 4214 6:6
2753 4162 2863 4215 τῶν
2897 4162 3075 4233 ἔργων
3116 4160 3546 4232 ἐπεδεικνύμεθα
3567 4176 3585 4194 ·

1917 4238 2115 4320 μᾶλλον
2142 4249 2199 4302 δέ
2225 4249 2346 4302 οὑδέ
2377 4249 2499 4301 τότε
2532 4250 2759 4321 περιττὴ
2790 4251 2824 4321 ή
2854 4252 3181 4320 ἀνάγνωσις.
3232 4249 3299 4303 Τί
3321 4249 3607 4321 Τιμοθέου

1916 4337 2066 4404 ίσον;
2104 4336 2241 4389 Ἀλλ’
2268 4338 2418 4407 ὅμως
2446 4338 2540 4392 καὶ
2586 4338 2780 4409 ἐκείνῳ
2812 4340 3037 4411 γράφων
3070 4339 3099 4392 6
3144 4337 3352 4402 Παῦλος
3395 4338 3546 4408 ἔλεγε
3566 4354 3582 4369 ·

1913 4428 2182 4494 Πρόσεχε
2215 4423 2290 4493 τῇ
2320 4424 2677 4495 ἀναγνώσει,
2706 4426 2784 4496 τῇ
2833 4426 3209 4497 παρακλήσει
3240 4427 3291 4480 ιι.
3341 4427 3415 4480 06
3477 4426 3608 4497 γάρ-

1912 4512 2079 4576 ἔστιν,
2108 4514 2208 4566 οῦκ
2245 4511 2392 4565 ἔστιν
2422 4512 2810 4585 ἐξαντληθῆναί
2852 4531 2981 4567 ποτε
3007 4514 3097 4568 τὸν
3133 4513 3257 4567 νοῦν
3281 4513 3388 4566 τῶν
3446 4514 3585 4580 1‘90-

1912 4601 2029 4671 φῶν
2053 4616 2067 4630 ⁸
2103 4602 2251 4672 πηγή
2282 4602 2365 4665 τίς
2403 4603 2549 4655 ἐστιν
2578 4602 2677 4655 οὑκ
2708 4602 2904 4675 ἔχουσα
2950 4602 3144 4673 πέρας.
3199 4597 3386 4667 Εἶπον,
3432 4601 3591 4653 Ἔσο-

1912 4691 2134 4761 φίσθην,
2166 4691 2320 4761 φησὶ,
2336 4691 2429 4743 καὶ
2452 4691 2571 4745 τότε
2598 4691 2815 4762 ἀπέστη
2834 4690 2928 4744 ἀπ’
2957 4690 3092 4761 ἐμοῦ
3119 4693 3167 4744 ι.
3191 4690 3453 4743 Βούλεσθε
3476 4689 3530 4741 δε
3541 4689 3586 4740 ί,

1913 4780 2011 4846 ξω,
2038 4781 2119 4834 ὅτι
2165 4781 2264 4833 οὑκ
2292 4780 2405 4834 ἔστι
2432 4779 2501 4834 16
2525 4780 2698 4844 0616;
2754 4780 2960 4841 Πόσους
3012 4776 3262 4848 νομίζετε
3301 4776 3584 4847 εἰρηκέναι

1911 4872 1992 4935 είς
2033 4869 2048 4921 i
2116 4871 2185 4925 16
2230 4870 2568 4938 Εὑαγγέλια;
2622 4868 2762 4921 Ἀλλ’
2812 4861 2960 4920 οὗτοι
3020 4867 3223 4929 πάντες
3266 4866 3433 4933 ξένως
3489 4868 3585 4918 καὶ

1912 4958 2115 5022 καινῶς
2141 4954 2309 5013 εἷπον.
2338 4958 2489 5029 Ὂσῳ
2514 4957 2623 5028 γὰρ
2655 4958 2719 5011 ἄν
2753 4973 2836 5018 τις
2866 4956 3049 5020 αὑτοῖς
3075 4953 3406 5027 ἐνδιατρίϐῃ,
3458 4971 3583 5006 τοσ-

1911 5047 2052 5117 ούτῳ
2076 5045 2328 5119 ὀξύτερον
2362 5045 2570 5114 βλέπει,
2599 5044 2836 5115 τοσούτῳ
2862 5043 3022 5096 πλέον
3067 5044 3167 5115 ὁρᾷ
3193 5043 3251 5096 τὸ
3284 5043 3395 5113 φῶς
3423 5043 3585 5095 καθα-

1913 5136 2024 5209 ρόν.
2061 5133 2193 5188 Ἰδοὺ
2226 5133 2364 5186 πόσα
2397 5132 2569 5200 λέγω·
2619 5131 2684 5183 Τί
2722 5132 2837 5185 ἐστι
2871 5134 3213 5204 προφητείας
3246 5133 3470 5185 εἴπατε·
3527 5130 3582 5185 τί

1910 5225 2027 5275 ἐστι
2077 5222 2437 5291 διηγήματα;’
2485 5219 2536 5270 τί
2588 5221 2703 5273 ἐστι
2769 5221 3082 5293 παραϐολή;
3125 5221 3178 5274 τί
3217 5224 3362 5274 ἐστιν
3418 5219 3583 5291 ἀλλη-

1911 5312 2103 5383 γορία;
2149 5310 2201 5363 τί
2231 5306 2780 5372 ‘501:161:0;;1i‘501:
2816 5308 3116 5380 σύμϐολον;
3148 5309 3199 5363 τί
3227 5310 3372 5363 ἐστιν
3400 5310 3581 5378 Εὑαγ-

1910 5401 2097 5468 γέλια;
2151 5396 2321 5451 Τοῦτο
2350 5397 2413 5467 δὴ
2444 5397 2601 5467 μόνον
2632 5398 2821 5451 εἴπατέ
2874 5416 2964 5469 μοι
3015 5399 3076 5453 τὸ
3110 5399 3361 5470 φανερὸν,
3405 5397 3492 5451 6:6
3527 5397 3580 5449 τί

1910 5487 2217 5556 Εὑαγγέλια
2260 5487 2513 5556 είρηται;
2568 5485 2759 5540 Καίτοι
2804 5487 3063 5552 πολλάκις
3094 5487 3487 5557 ὴκούσατε,ὄτι
3510 5485 3579 5538 16

1974 5642 1998 5669 ⁸
2028 5638 2160 5701 Unus
2180 5636 2464 5701 εοε1.χεῖρας
2521 5641 2860 5701 προστιθέντες.
2932 5638 2951 5677 ί
2983 5638 3441 5701 Αιίἱᾲθεάτροιςῃοὺκ
3483 5636 3572 5685 ἀεί.

1974 5703 1998 5739 ετ
2026 5700 2180 5747 Verba
2204 5698 2345 5760 61:...
2363 5698 2570 5760 λέγεται,
2603 5702 2776 5749 absunt
2796 5700 2856 5750 ab
2881 5715 2978 5751 uno
2999 5698 3185 5749 codice.
3219 5698 3240 5760 ί
3261 5699 3296 5735 ιιν
3316 5698 3489 5753 Υιϊιειι,
3515 5703 3581 5760 τῇ·

1909 5758 2658 5827 11090116051,dvsidefangurin
2693 5765 2885 5827 eodem.
2957 5764 2971 5801 ί
3014 5763 3180 5818 Εἶπον,
3224 5758 3573 5827 -Ἐσοφίσθηνηῖ

1909 5825 1992 5872 ἀπ’
2019 5822 2167 5885 ἐμοῦη
2187 5823 2300 5885 Haec
2332 5836 2428 5871 non
2456 5824 2598 5871 video
2629 5824 2872 5883 quomodo
2908 5838 3016 5871 cum
3043 5821 3436 5881 praecdenlibus
3454 5835 3575 5885 quav-

1919 5890 2081 5936 dreut.
2156 5884 2169 5935 1'
2204 5883 2345 5934 Alius
2368 5885 2509 5937 πόσοι
2528 5887 2735 5947 νομίζετε
2758 5887 2998 5947 εἰρήκασιν
3019 5886 3097 5940 εἰς.
