3978 6506
274 333 377 394 m
588 316 652 373 ιν

274 449 407 506 bona
428 448 710 505 consulere
738 466 753 503 :
779 447 897 504 hinc
914 460 1042 502 vero
1058 445 1336 501 innumera
1357 446 1552 501 habent
1576 444 1812 500 iacienda
1833 460 1849 511 ;

272 540 566 615 cujnsmodi
593 550 717 595 sunt
742 526 857 595 haec
886 556 898 592 :
930 538 993 594 Si
1015 539 1125 608 quis
1154 555 1255 591 non
1283 539 1388 592 odit
1418 548 1609 607 patrem
1631 553 1777 591 suum
1805 544 1853 589 et

271 642 510 698 matrem,
544 650 645 687 non
682 642 755 685 est
790 648 867 685 me
896 632 1077 701 dignus
1104 630 1268 701 (Luc.
1311 631 1397 684 14.
1446 630 1585 697 26);
1618 639 1667 683 et
1688 669 1703 691 ,
1730 627 1851 682 Non

270 728 378 781 veni
400 744 579 795 pacem
609 727 802 780 mittere
830 726 882 778 in
910 735 1115 787 terram,
1147 724 1235 777 sed
1259 722 1489 793 gladium
1510 726 1525 788 (
1548 721 1732 774 Matth.
1762 719 1847 775 10.

268 819 354 873 Si.
406 817 530 872 Luc.
568 818 653 873 12.
683 819 745 872 51
769 820 786 886 )
812 834 826 880 ;
878 826 959 881 et,
990 816 1381 869 Tribulationem
1408 815 1459 867 in
1488 814 1674 866 mundo
1700 812 1852 865 liabe-

242 896 380 965 ibitis
405 910 595 981 (Joan.
652 911 737 966 l6.
787 908 909 982 55).
944 909 1168 979 Pulchra
1198 908 1442 977 quidem;
1470 906 1564 961 sed
1595 922 1700 960 non
1728 914 1851 959 sunt

267 1002 561 1073 evangelia.
616 1002 961 1072 Evangelium
1020 1016 1250 1070 namque
1296 999 1398 1053 hoc
1440 1006 1562 1053 est:
1595 997 1718 1051 llaec
1756 995 1848 1050 tibi

263 1096 401 1149 bona
427 1104 587 1150 erunt
615 1112 629 1149 :
656 1104 712 1150 ut
737 1095 911 1149 solent
939 1093 1186 1149 homines
1217 1092 1354 1146 inter
1379 1106 1438 1146 se
1457 1090 1637 1146 dicere
1666 1108 1680 1144 :
1712 1087 1848 1156 Quid

266 1187 393 1239 ιιιίιιὶ
420 1197 499 1241 est
531 1185 967 1257 evangeliorum?
993 1193 1143 1254 pater
1184 1193 1306 1237 tuus
1331 1182 1533 1245 veniet,
1560 1180 1644 1236 vel
1678 1189 1850 1236 mater

262 1288 378 1331 tua.
419 1277 535 1333 Non
562 1280 765 1344 dicunt,
797 1278 923 1332 Hmc
956 1277 1137 1332 facito.
1186 1276 1417 1330 Rursum
1442 1274 1529 1329 dic
1550 1273 1697 1337 mihi,
1721 1272 1849 1343 quid

259 1369 518 1426 dill‘erant
540 1372 653 1426 haec
677 1387 709 1426 a
732 1368 1057 1441 pr0pheticis
1082 1388 1095 1425 :
1118 1385 1214 1425 cur
1239 1385 1345 1424 non
1377 1376 1434 1424 et
1459 1368 1546 1423 illa
1577 1368 1847 1439 evangelia

256 1462 555 1520 dicuntur?
596 1477 717 1517 nam
755 1472 812 1517 et
853 1463 941 1517 illa
981 1461 1166 1518 eadem
1206 1460 1418 1525 dicunt;
1470 1460 1615 1515 verbi
1664 1475 1842 1522 causa,

261 1554 426 1608 Saliet
474 1554 603 1607 sicut
651 1569 825 1607 cervus
868 1554 1078 1608 claudus
1105 1554 1123 1622 (
1145 1551 1273 1606 Isai.
1328 1553 1417 1608 53.
1452 1551 1523 1623 6)
1554 1572 1567 1608 :
1600 1549 1847 1604 Dominus

257 1646 399 1699 dabit
423 1647 627 1699 verbum
655 1645 1107 1717 euangelizantibus
1151 1642 1337 1717 (I’sal.
1384 1643 1472 1699 67.
1521 1642 1623 1713 12)
1654 1659 1667 1697 :
1698 1640 1843 1696 Dabo

257 1741 396 1793 nobis
434 1740 617 1793 cwlum
659 1755 842 1793 novum
868 1748 915 1794 et
944 1749 1130 1793 terram
1155 1736 1521 1809 novamUsai.
1578 1736 1669 1791 65.
1715 1736 1842 1805 17).

256 1829 367 1883 Cur
409 1845 517 1884 non
544 1839 601 1885 et
633 1831 721 1884 illa
751 1831 1025 1900 evangelia
1068 1829 1360 1885 vocantur?
1404 1844 1501 1884 cur
1528 1842 1636 1883 non
1662 1839 1712 1882 et
1745 1827 1846 1882 hoc

256 1921 535 1991 prophetia
556 1920 792 1976 dicitur?
818 1921 968 1987 Quod
996 1922 1040 1975 si
1072 1920 1372 1975 nescientes
1400 1918 1529 1989 quid
1550 1919 1659 1973 sint
1679 1932 1844 1975 evan-

256 2014 428 2083 gelia,
459 2014 540 2069 sic
586 2012 871 2069 lectionem
921 2012 1316 2081 Scripturarum
1372 2011 1685 2082 despicitis,
1715 2009 1844 2081 quid

254 2105 431 2160 dicam
454 2107 645 2161 vobis?
670 2106 848 2161 Dicam
871 2114 925 2161 et
943 2105 1087 2160 aliud
1112 2123 1126 2160 :
1150 2102 1256 2159 Cur
1280 2114 1507 2174 quatuor
1523 2104 1843 2174 Evangelia?

253 2214 350 2250 cur
370 2213 478 2251 non
502 2197 726 2252 decem?
745 2212 841 2252 cur
865 2211 969 2251 non
993 2195 1221 2266 viginti?
1245 2210 1343 2251 cur
1363 2209 1467 2249 non
1496 2194 1646 2249 multi
1670 2195 1846 2249 Evan-

244 2280 390 2362 gelia
418 2291 660 2346 scribere
701 2300 826 2345 sunt
850 2291 1081 2360 aggressi
1110 2291 1161 2344 ‘?
1187 2305 1282 2345 cur
1308 2304 1413 2345 non
1436 2290 1611 2344 unus?
1635 2304 1730 2344 cur
1755 2288 1840 2343 di-

251 2381 488 2452 scipuli?
536 2396 634 2437 cur
686 2398 793 2437 non
845 2380 904 2449 ii,
937 2381 1027 2453 qui
1066 2380 1311 2450 discipuli
1350 2396 1456 2435 non
1504 2380 1699 2436 erant?
1745 2393 1843 2434 cur

314 2586 329 2616 ι
369 2584 509 2654 Alius
548 2586 731 2643 habet,
765 2597 853 2654 cur
875 2597 966 2634 non
998 2582 1165 2647 viginti
1191 2581 1216 2635 γ
1246 2580 1488 2645 siquidem
1520 2580 1659 2645 multi
1680 2578 1842 2632 conati

254 2654 361 2697 sunt
384 2647 618 2696 ordinare
636 2647 976 2696 narrationem.

1248 330 1315 387 IN
1351 327 1531 385 ACTA
1570 326 2089 385 APOSTOLORUM.
2132 329 2360 387 llOMlL.
2404 331 2521 389 XX.

3430 349 3534 407 158

1960 444 2181 500 omnino
2209 448 2537 516 Scriptum?
2556 451 2715 521 Atqui
2733 452 3057 509 contrarlmn
3083 456 3216 514 dicit
3238 473 3390 520 vetns
3410 464 3493 520 lex
3520 482 3535 520 :

1955 532 2102 591 Dabo
2147 539 2282 593 vobis
2325 539 2694 597 Testamentum
2748 542 2993 616 Novum(
3011 546 3121 602 Jer.
3150 551 3238 605 51.
3269 553 3532 621 31)..Ubi

1954 638 2078 681 sunt
2106 629 2162 691 ii,
2194 630 2283 699 qui
2311 631 2513 698 dicunt,
2537 632 2759 704 Semper
2807 636 3031 691 eadem?
3079 638 3135 694 Si
3164 640 3278 696 base
3299 644 3530 708 sciretis.

1954 719 2094 788 quod
2122 720 2165 773 si
2196 720 2352 777 homo
2374 722 2557 779 decem
2582 727 2724 782 mille
2748 729 2902 784 annis
2929 730 3156 800 viveret,
3178 750 3283 788 non
3312 738 3418 793 sint
3450 750 3529 794 ως

1955 829 2079 867 men
2100 815 2311 883 eadem,
2341 817 2454 872 hare
2478 834 2581 873 non
2618 820 2886 877 diceretis.
2915 823 3151 891 Credite,
3178 828 3309 884 nihil
3339 829 3526 887 horum

1954 904 2106 959 vobis
2131 906 2300 960 dicam
2322 949 2337 972 ,
2370 924 2474 961 non
2506 911 2775 980 privatim,
2807 930 2910 968 non
2941 916 3183 985 publice;
3214 921 3309 975 sed
3337 924 3381 977 si
3413 928 3531 994 quis

1954 995 2241 1065 invenerit,
2272 1016 2538 1067 annuam;
2568 1005 2648 1059 sin
2681 1008 2878 1075 minus,
2927 1011 3120 1065 sinam.
3154 1013 3242 1068 Sic
3273 1031 3369 1071 vos
3401 1017 3531 1073 feci-

1952 1104 2073 1145 mus
2109 1089 2361 1157 inutiles,
2388 1107 2601 1164 semper
2644 1100 2821 1153 omnia
2854 1112 3095 1171 prompte
3123 1104 3361 1161 dicentes
3385 1150 3401 1173 ,
3434 1124 3531 1163 nec

1930 1182 2163 1261 quando
2204 1194 2414 1253 oportet
2445 1197 2757 1245 renuentes.
2810 1192 2948 1247 Ecce
2977 1194 3181 1250 habetis
3209 1200 3533 1267 qna-stiones

1953 1275 2146 1330 multas
2174 1293 2188 1329 :
2217 1278 2573 1344 considerate,
2599 1279 2759 1337 dicite
2790 1299 3023 1341 causam.
3074 1284 3179 1341 Cur
3209 1289 3531 1360 Evangelia?

1952 1380 2049 1420 cur
2088 1382 2193 1420 non
2240 1368 2577 1438 prophetae?
2630 1386 2724 1425 cur
2759 1388 2841 1437 ea,
2874 1388 2991 1443 qua:
3023 1374 3263 1441 facienda
3308 1384 3529 1447 sunt,.in

1954 1457 2288 1529 Evangeliis?
2342 1459 2411 1514 Et
2454 1461 2499 1514 si
2548 1461 2635 1516 hic
2679 1462 2904 1526 dubitet,
2935 1464 3072 1520 alius
3100 1481 3324 1537 quazrat,
3356 1482 3414 1527 et
3434 1489 3529 1529 sua

1950 1550 2070 1605 aliis
2106 1563 2292 1606 mutuo
2334 1551 2655 1606 conferant:
2689 1554 2903 1609 demum
2934 1572 3030 1611 nos
3056 1558 3350 1616 silebimus.
3397 1563 3529 1619 Nam

1952 1642 1997 1698 si
2039 1642 2181 1698 dicta
2227 1642 2379 1697 vobis
2406 1643 2533 1697 nihil
2564 1644 2896 1713 proluerunt,
2927 1649 3096 1702 multo
3126 1651 3299 1706 minus
3338 1656 3531 1722 prode-

1951 1745 2108 1798 runt,
2138 1751 2255 1809 quae
2284 1736 2625 1805 adjicientur.
2679 1737 2810 1793 Vere
2832 1739 2977 1792 dolio
3006 1756 3071 1795 ex
3102 1753 3316 1810 pertuso
3345 1745 3529 1815 hauri-

1951 1840 2070 1881 mus
2101 1845 2114 1882 :
2142 1826 2283 1882 unde
2314 1827 2484 1896 majus
2526 1828 2678 1884 vobis
2717 1829 3029 1898 supplicimn
3061 1834 3185 1887 erit.
3235 1833 3358 1890 ldeo
3403 1852 3531 1906 ergo

1953 1917 2263 1973 tacebimus.
2294 1917 2444 1985 Quod
2476 1934 2545 1974 ne
2585 1919 2696 1983 ﬁat,
2722 1920 2773 1972 in
2807 1920 2957 1977 nobis
2989 1922 3146 1977 situm
3175 1935 3274 1980 est.
3303 1927 3357 1982 Si
3385 1930 3528 1983 enim

1951 2011 2005 2065 in
2029 2008 2183 2065 vobis
2208 2009 2439 2065 studium
2492 2010 2802 2076 viderimus,
2837 2012 2972 2069 forte
3003 2015 3194 2070 iterum
3227 2018 3525 2088 loquemur,

1950 2112 2008 2155 ut
2031 2110 2086 2156 et
2110 2116 2209 2156 vos
2236 2102 2403 2172 magis
2423 2117 2486 2156 ac
2511 2103 2679 2173 magis
2704 2106 2905 2175 accepti
2935 2106 3073 2172 sitis,
3097 2118 3151 2163 et
3177 2125 3274 2165 nos
3301 2112 3352 2165 in
3382 2114 3530 2171 vobis

1928 2192 2210 2256 laetemur,
2242 2192 2292 2246 in
2323 2191 2569 2247 omnibus
2620 2194 2980 2263 gloriﬁcantes
3034 2198 3196 2254 Deum
3228 2210 3283 2255 et
3312 2203 3524 2258 Patrem

1950 2284 2160 2339 Domini
2195 2285 2362 2338 nostri
2405 2284 2531 2339 Jesu
2568 2285 2767 2339 Christi
2799 2304 2811 2340 :
2844 2288 2928 2342 cui
2972 2289 3139 2359 gloria
3163 2333 3179 2358 ,
3208 2293 3528 2362 imperium,

1948 2377 2338 2447 magniﬁcentia
2366 2387 2423 2432 et
2448 2378 2621 2433 honor
2647 2396 2765 2434 cum
2795 2380 2952 2437 Patre
2980 2384 3242 2455 principio
3271 2400 3525 2455 carente,

1946 2479 2000 2523 et
2029 2470 2143 2538 ejus
2168 2468 2368 2538 Spiritu
2407 2479 2591 2525 sancto
2610 2511 2625 2537 ,
2656 2486 2797 2527 nunc
2822 2481 2878 2528 et
2906 2489 3140 2545 semper,
3169 2487 3223 2533 et
3247 2478 3302 2533 in
3331 2482 3527 2535 saecula

1946 2561 2284 2617 saeculorum.
2313 2563 2505 2616 Amen.

258 2740 3514 2771 Mm.“—

1638 2845 1982 2908 HOMILIA
2025 2845 2176 2907 XX.

265 2995 381 3050 Car.
428 2994 483 3049 9.
530 3009 581 3047 v.
632 2993 718 3048 l0.
766 2991 889 3045 Erat
928 3001 1095 3045 autem
1139 2989 1345 3061 quidam
1400 2989 1676 3060 discipulus
1724 2986 1834 3041 Da-

340 3089 513 3151 masci,
541 3087 747 3139 nomine
784 3084 1009 3137 Ananias
1038 3098 1056 3136 :
1087 3092 1132 3136 et
1167 3083 1294 3136 dixit
1333 3082 1401 3134 ad
1441 3081 1585 3135 illum
1630 3082 1681 3134 in
1731 3082 1839 3134 visu

347 3177 577 3229 Dominus
610 3191 629 3229 :
667 3175 885 3230 Anania.
931 3174 995 3227 Et
1031 3174 1116 3228 ille
1141 3174 1212 3226 ait
1243 3188 1262 3226 :
1301 3172 1431 3226 Ecce
1459 3189 1570 3242 ego,
1600 3171 1831 3225 Domine.

344 3270 415 3323 ll.
442 3268 509 3322 Et
536 3267 788 3321 Dominus
813 3268 878 3320 ad
924 3284 1037 3322 eum
1060 3282 1081 3325 .°
1117 3267 1344 3337 Surgens
1364 3266 1502 3318 ‘vade
1546 3267 1600 3317 in
1640 3266 1799 3317 vicum
1819 3303 1835 3329 ,

331 3364 411 3427 qui
430 3372 640 3415 vocatur
664 3361 850 3414 Rectus
879 3377 898 3414 :
926 3370 970 3412 et
993 3376 1159 3430 qurere
1184 3360 1234 3412 in
1264 3360 1411 3413 domo
1431 3357 1585 3412 Judaz
1622 3358 1840 3412 Saulum

329 3456 529 3507 nomine
548 3495 563 3519 ,
601 3452 929 3517 Tarsensem;
964 3468 1075 3506 ecce
1107 3454 1239 3505 enim
1269 3462 1400 3505 orat.
1431 3450 1517 3505 12.
1554 3449 1622 3504 Et
1647 3450 1767 3503 vidit
1786 3451 1839 3503 in

326 3548 520 3599 visione
542 3545 707 3597 virum
731 3544 983 3597 Aminiam
1004 3544 1205 3597 nomine
1232 3544 1564 3597 introeuntem
1590 3552 1636 3596 et
1670 3543 1837 3613 impo-

244 3640 247 3643 ⁷
330 3648 527 3691 nentem
546 3636 643 3691 sibi
662 3652 868 3689 manum
885 3675 904 3702 ,
940 3644 993 3689 ut
1019 3636 1176 3689 visum
1196 3636 1425 3705 recipiat.

244 3742 247 3743 '
330 3733 381 3785 l.
411 3731 520 3785 Cur
567 3730 837 3784 neminem
880 3744 950 3783 ex
990 3729 1289 3800 coryphaais
1328 3726 1584 3797 apostolis
1631 3725 1840 3782 vocavit

259 3824 342 3877 vel
374 3823 523 3877 misit
550 3822 617 3876 ad
646 3821 796 3876 Pauli
841 3820 1265 3876 institutionem?
1291 3819 1421 3887 Quia
1473 3836 1580 3874 non
1627 3828 1841 3891 oporte-

259 3913 349 3967 bat
393 3913 542 3967 illum
576 3927 671 3982 per
702 3911 944 3967 homines
964 3950 979 3975 ,
1011 3911 1105 3966 sed
1138 3925 1232 3980 per
1258 3911 1428 3980 ipsum
1457 3909 1727 3965 Christum
1768 3910 1840 3963 in-

257 4002 577 4059 stitui.Nam
603 4002 689 4057 hic
719 4002 851 4056 nihil
879 4002 1050 4072 ipsum
1080 4000 1289 4067 docuit,
1314 4001 1406 4055 sed
1435 4009 1635 4055 tantum
1664 4000 1838 4071 bapti-

265 4097 425 4148 zavit.
460 4094 652 4148 Statim
681 4104 859 4148 autem
892 4093 979 4148 ubi
1012 4093 1306 4161 baptizatus
1348 4101 1464 4159 est,
1514 4093 1732 4146 multam
1772 4107 1839 4147 ex

258 4187 375 4239 zelo
399 4194 454 4238 et
486 4183 665 4237 studio
713 4184 879 4237 multo
926 4183 1025 4237 sibi
1064 4184 1279 4236 attraxit
1321 4183 1550 4251 Spiritus
1590 4184 1832 4253 gratiam.

258 4277 411 4343 Quod
438 4288 617 4331 autem
644 4277 877 4330 Ananias
906 4291 971 4331 ex
1025 4275 1402 4346 insignioribus
1440 4285 1618 4343 esset,
1669 4277 1838 4346 palam

259 4384 340 4426 est
370 4386 435 4426 ex
464 4370 530 4424 iis
553 4412 568 4434 ,
594 4385 713 4439 qua:
738 4369 837 4439 ipsi
862 4369 1060 4424 revelat
1084 4378 1137 4423 et
1163 4368 1325 4432 dicit;
1355 4368 1586 4439 itemque
1626 4384 1691 4423 ex
1737 4367 1803 4424 iis
1822 4410 1837 4434 ,

256 4480 379 4533 quae
410 4463 503 4517 ille
532 4462 861 4531 respondet,
914 4461 1101 4516 dicens
1134 4476 1148 4515 :
1179 4461 1266 4516 15.
1310 4460 1554 4525 Domine,
1596 4462 1765 4514 audivi
1809 4478 1841 4514 a

259 4554 435 4607 multis
460 4553 525 4607 de
544 4554 651 4605 uiro
673 4551 799 4617 hoc,
825 4562 1014 4621 quanta
1037 4550 1172 4604 mala
1200 4552 1372 4621 fecerit
1406 4552 1591 4606 sanctis
1638 4552 1735 4606 tuis
1787 4551 1840 4605 in

256 4645 570 4699 Jerusalem.
603 4644 659 4699 Si
692 4646 874 4715 itaque
904 4645 1129 4699 Domino
1149 4644 1508 4711 contradixit,
1538 4646 1703 4701 multo
1730 4661 1842 4699 ma-

256 4740 342 4807 gis
366 4780 379 4799 .
412 4740 455 4792 si
483 4739 733 4808 angelum
762 4739 1012 4793 misisset.
1043 4737 1271 4807 Ideoque
1295 4737 1518 4792 antehac
1566 4737 1841 4808 Philippus

265 4849 370 4887 non
401 4832 645 4897 audivit,
688 4831 813 4902 quid
853 4833 1084 4885 futurum
1125 4842 1302 4897 esset,
1350 4830 1445 4886 sed
1490 4831 1662 4885 solum
1710 4832 1841 4886 vidit

261 4924 555 4994 angelum:
586 4932 642 4978 et
684 4924 762 4978 sic
814 4923 1043 4992 Spiritus
1081 4921 1236 4991 jubet
1277 4922 1426 4975 illum
1452 4922 1747 4986 accedere,
1788 4930 1844 4976 et

260 5018 442 5071 currui
476 5015 705 5071 lucrare.
738 5015 835 5070 llic
862 5031 988 5070 vero
1015 5014 1225 5069 interim
1267 5022 1464 5069 metum
1509 5014 1623 5084 ejus
1663 5014 1840 5068 succi-

262 5108 364 5174 dit,
396 5122 459 5161 ae
482 5107 528 5161 si
556 5106 759 5161 diceret
787 5123 800 5158 :
831 5106 968 5161 Ecce
993 5114 1131 5171 orat,
1160 5119 1333 5160 caecus
1360 5113 1461 5172 est,
1489 5112 1544 5159 et
1570 5114 1622 5158 tu
1652 5104 1844 5160 times?

266 5202 340 5254 Ita
368 5211 425 5254 et
467 5198 678 5271 Moyses
730 5199 897 5252 timet.
951 5197 1131 5266 Itaque
1182 5198 1342 5251 verba
1394 5197 1631 5251 timentis
1674 5198 1843 5262 magis

262 5302 431 5358 sunt,
460 5305 620 5359 quam
645 5304 749 5343 non
775 5288 1065 5344 credentis.
1094 5287 1163 5341 Et
1186 5286 1308 5341 audi
1348 5287 1507 5342 verba
1545 5288 1656 5357 ipsa
1684 5306 1696 5344 :
1728 5288 1842 5343 Do-

259 5383 423 5447 mine,
451 5380 623 5434 audiri
648 5396 679 5433 a
708 5380 877 5435 multis
898 5380 962 5435 de
982 5381 1087 5434 viro
1111 5382 1225 5433 hoc.
1252 5379 1386 5446 Quid
1411 5378 1578 5434 dicis?
1610 5381 1744 5434 Deus
1768 5381 1841 5433 lo-

260 5466 467 5544 quitur,
484 5482 541 5529 et
567 5482 624 5527 tu
651 5472 899 5528 dubitas?
923 5473 1011 5529 Sic
1032 5473 1262 5528 nondum
1290 5473 1527 5527 sciebant
1553 5472 1840 5540 potentiam

259 5564 486 5620 Christi.
512 5564 599 5619 M.
624 5561 694 5616 Et
721 5564 802 5617 hic
828 5564 973 5617 habet
998 5572 1287 5634 potestatem
1329 5580 1361 5616 a
1403 5562 1712 5633 principibus
1753 5579 1841 5616 sa-

262 5659 526 5712 cerdotum
560 5657 811 5728 alligandi
848 5674 1020 5712 omnes
1060 5658 1147 5728 qui
1191 5658 1420 5710 invocant
1461 5672 1640 5709 nomen
1677 5664 1839 5708 tuum.

264 5747 544 5805 Undenam
580 5748 682 5804 hoc
711 5759 893 5805 notum
922 5750 1078 5804 erat?
1122 5747 1419 5802 Verisimile
1466 5756 1587 5810 est,
1637 5760 1730 5802 eos
1781 5744 1835 5801 in

1949 2996 2092 3041 metu
2125 2986 2381 3055 degentes
2426 2985 2638 3041 curiose
2679 2985 3034 3057 inquisivisse.
3077 2988 3195 3044 Non
3249 2991 3350 3047 hoc
3398 3009 3529 3063 ergo

1947 3083 2108 3150 dicit,
2145 3084 2296 3153 quasi
2323 3082 2566 3137 Christus
2591 3082 2642 3137 id
2674 3084 2917 3153 ignoret;
2963 3085 3058 3141 sed
3091 3085 3338 3153 dubitat,
3388 3104 3531 3158 quo-

1947 3180 2109 3233 modo
2137 3179 2189 3233 in
2219 3179 2304 3232 tali
2338 3194 2515 3234 rerum
2542 3188 2682 3233 statu
2710 3178 2881 3249 possit
2906 3179 3005 3233 hoc
3039 3179 3173 3234 ﬁeri.
3206 3179 3295 3235 Sic
3320 3192 3371 3235 et
3400 3182 3537 3237 alibi.

1947 3272 2191 3342 discipuli
2222 3271 2406 3325 dicunt
2439 3290 2451 3325 :
2490 3270 2612 3337 Quis
2638 3280 2798 3341 potest
2834 3271 3024 3325 salvari
3044 3271 3062 3342 (
3082 3269 3246 3325 Marc.
3276 3271 3362 3327 1ο.
3391 3272 3484 3343 26)
3504 3275 3539 3326 l“

1947 3363 2054 3418 Sed
2084 3363 2203 3418 vide
2223 3405 2238 3431 ,
2270 3373 2399 3431 quot
2429 3379 2515 3418 res
2542 3364 2928 3431 diSponantur,
2959 3372 3017 3417 ut
3051 3362 3233 3418 credat
3279 3364 3525 3419 venturo.

1947 3454 2003 3509 In
2034 3456 2241 3510 somnio
2273 3455 2440 3521 vidit,
2470 3454 2715 3523 przedixit
2746 3454 2821 3509 illi
2852 3471 2866 3504 :
2903 3453 3063 3523 Orat,
3106 3455 3319 3525 inquit;
3368 3456 3529 3525 igitur

1947 3562 2015 3603 ne
2038 3549 2245 3602 timeas.
2281 3547 2347 3600 Et
2372 3562 2467 3601 cur
2497 3563 2602 3602 non
2627 3546 2757 3603 dicit
2784 3546 2857 3600 illi
2885 3561 3000 3601 rem
3031 3546 3344 3616 praeclaram
3363 3588 3377 3611 ,
3406 3564 3529 3618 qua:

1926 3648 2099 3710 gesta
2125 3638 2242 3694 est?
2272 3637 2339 3695 Ut
2368 3653 2467 3693 nos
2491 3638 2701 3701 doceat,
2731 3654 2798 3693 ne
2829 3637 3177 3709 prmdicemus
3206 3637 3344 3693 bona
3367 3654 3531 3708 Opera

1948 3739 2165 3796 nostra;
2210 3732 2319 3784 imo
2367 3739 2423 3785 et
2467 3731 2609 3800 quod
2662 3732 2936 3786 timentem
2984 3730 3179 3786 videat.
3228 3730 3415 3800 Neque
3449 3732 3529 3785 sic

1947 3821 2117 3888 dixit,
2150 3820 2308 3876 Fides
2341 3820 2433 3875 tibi
2466 3836 2570 3875 non
2601 3820 2923 3891 negabitur:
2956 3819 3053 3875 scd
3090 3820 3257 3891 quid?
3299 3821 3530 3891 Surgcns

1946 3912 2091 3966 vade.
2153 3910 2287 3965 Vidit
2324 3911 2457 3964 enim
2501 3912 2556 3964 in
2599 3911 2789 3965 visione
2832 3912 2994 3965 virum
3045 3912 3382 3980 imponentem
3434 3914 3531 3965 sibi

1947 4020 2146 4057 manus.
2176 4003 2299 4058 ldeo
2329 4003 2381 4058 in
2410 4003 2651 4068 visione,
2678 4004 2799 4073 quia
2828 4018 3003 4073 emotis
3029 4012 3161 4057 erat.
3212 4003 3395 4074 Neque
3426 4004 3530 4058 mi-

1949 4095 2112 4149 raculi
2140 4094 2448 4165 magnitudo
2475 4094 2651 4164 rapuit
2677 4093 3033 4163 discipulum;
3064 4096 3130 4147 ita
3160 4094 3398 4149 timebat.
3431 4098 3527 4149 At-

1950 4196 2125 4241 tamen
2160 4203 2254 4256 per
2280 4187 2451 4257 ipsum
2486 4187 2624 4242 Deus
2654 4187 2821 4242 Paulo
2870 4201 3012 4241 czeco
3055 4188 3225 4241 visum
3274 4184 3525 4245 restituit.

1951 4279 2038 4334 15.
2081 4278 2222 4332 Dixit
2250 4290 2418 4333 autem
2446 4278 2691 4333 Dominus
2719 4279 2790 4333 ad
2833 4279 2978 4333 illum
3010 4295 3028 4333 :
3068 4278 3201 4334 Vade
3222 4322 3236 4345 ,
3279 4282 3398 4351 quia
3441 4297 3537 4335 vas.

1949 4370 2201 4424 electionis
2226 4380 2296 4424 est
2325 4370 2447 4423 mihi
2477 4370 2585 4436 hic,
2617 4380 2673 4423 ut
2718 4380 2880 4441 portet
2924 4374 3103 4423 nomen
3148 4388 3313 4425 meum
3357 4388 3537 4427 coram.

1948 4462 2175 4531 gentibus
2200 4470 2247 4515 et
2272 4462 2470 4532 regibus
2495 4471 2539 4516 et
2566 4462 2688 4530 ﬁliis
2714 4461 2900 4515 Israel.
2931 4462 3016 4517 16.
3058 4462 3162 4533 Ego
3191 4465 3325 4517 enim
3350 4473 3524 4518 osten-

1950 4553 2069 4605 dam
2093 4553 2198 4617 illi,
2230 4564 2422 4623 quanta
2450 4562 2679 4624 aporteat
2725 4569 2839 4606 eum
2879 4568 2970 4624 pro
3002 4555 3202 4607 nomine
3245 4571 3352 4608 meo
3398 4557 3524 4627 pati.

1951 4643 2066 4698 Non
2092 4645 2263 4699 solum
2293 4644 2465 4699 ﬁdelis
2495 4646 2635 4709 erit,
2667 4646 2866 4715 inquit,
2897 4645 2988 4699 sed
3017 4648 3175 4699 etiam
3203 4647 3391 4701 doctor
3416 4688 3432 4714 ,
3474 4657 3531 4702 et

1950 4738 2115 4791 multa
2135 4747 2313 4792 utetur
2337 4737 2547 4793 dicendi
2576 4737 2841 4792 libertate.
2865 4738 3045 4791 Coram
3071 4739 3298 4807 gentibus
3320 4749 3365 4792 et
3391 4740 3527 4811 regi-

1950 4828 2062 4884 bus.
2095 4830 2168 4883 lta
2205 4840 2410 4886 crescet
2431 4830 2703 4895 doctrina,
2739 4831 2934 4899 inquit,
2967 4838 3025 4883 ut
3048 4841 3097 4883 et
3124 4842 3308 4899 gentes
3348 4840 3402 4886 et
3445 4848 3525 4887 re-

1950 4936 2044 4990 ges
2072 4935 2257 4975 omnes
2287 4930 2520 4991 superet.
2554 4922 2639 4974 17.
2670 4921 2801 4973 Abiit
2821 4931 2987 4973 autem
3008 4919 3234 4974 Ananias
3261 4931 3307 4974 et
3328 4922 3529 4978 intravit

1952 5013 2003 5065 in
2035 5013 2258 5077 domum,
2289 5026 2334 5065 et
2362 5014 2621 5081 imponens
2649 5012 2726 5064 illi
2754 5028 2931 5064 manus
2968 5013 3095 5064 dixit
3128 5028 3147 5066 :
3181 5010 3369 5077 Saule,
3421 5019 3530 5085 fra-

1952 5113 2057 5170 ter,
2087 5103 2334 5157 Dominus
2360 5104 2491 5156 misit
2517 5119 2627 5167 me,
2656 5102 2808 5155 Iesus
2838 5103 2921 5172 qui
2954 5106 3190 5173 apparuit
3228 5104 3315 5158 tibi
3356 5106 3407 5159 in
3448 5108 3534 5160 ria-

1951 5212 2049 5263 qua
2074 5194 2335 5258 veniebas,
2386 5203 2439 5246 ut
2482 5192 2650 5246 videas
2695 5202 2741 5246 et
2784 5194 3041 5263 implcaris
3081 5194 3284 5263 Spiritu
3329 5208 3525 5251 sancto.

1951 5285 2139 5341 Statim
2170 5286 2318 5339 illum
2351 5284 2664 5338 familiarem
2693 5286 2907 5340 nomine
2937 5285 3080 5341 facit.
3114 5286 3263 5341 Jesus
3288 5330 3303 5355 ,
3334 5289 3525 5358 inquit,

1951 5380 2037 5448 qui
2075 5379 2315 5448 apparuit
2358 5378 2447 5430 tibi
2486 5377 2538 5430 in
2586 5378 2686 5431 via.
2741 5376 2897 5433 Certe
2950 5395 3053 5432 non
3103 5379 3201 5434 hoc
3231 5381 3278 5433 ei
3323 5381 3534 5437 diXerat

1950 5470 2225 5532 Christus;
2274 5468 2366 5523 sed
2397 5486 2424 5521 a
2457 5468 2653 5539 @iritu
2684 5479 2869 5525 sancto
2896 5470 3171 5528 didicerat.
3211 5472 3298 5526 18.
3326 5470 3394 5525 Et
3420 5483 3527 5527 sta-

1928 5586 1931 5591 -
1952 5563 2039 5614 tim
2070 5562 2357 5615 deciderunt
2382 5562 2444 5617 ab
2469 5563 2629 5617 oculis
2655 5563 2763 5632 ejus
2788 5574 3046 5634 tamquam
3072 5580 3295 5633 squama!
3315 5604 3330 5626 ,
3372 5575 3423 5618 et
3448 5566 3528 5618 ri-

1952 5670 2061 5705 sum
2092 5654 2273 5721 recepit
2300 5655 2504 5720 statim,
2532 5665 2579 5708 et
2604 5672 2812 5725 surgens
2858 5655 3140 5727 baptizatus
3185 5665 3278 5710 est.
3328 5654 3413 5712 l9.
3460 5656 3529 5711 Et

1963 5762 2075 5799 cum
2104 5746 2373 5815 accepisset
2390 5748 2590 5813 cibum,
2619 5752 2928 5818 confortatus
2958 5755 3050 5801 est.
3078 5745 3260 5802 Solum
3290 5746 3369 5804 illi
3412 5762 3528 5805 ma-
