3978 6506
510 357 616 422 159

513 491 612 530 nus
644 471 926 542 imposuit,
955 477 1010 527 et
1036 467 1211 524 statim
1239 483 1472 538 squamze
1498 464 1563 517 ab
1596 462 1765 519 oculis
1795 458 1908 530 ejus
1949 458 2092 512 11001·

511 569 727 622 derunt.
788 565 892 619 llas
937 563 1152 634 quidam
1210 559 1393 614 dicunt
1439 554 1694 610 catcitatis
1739 552 1881 607 illius
1929 549 2093 605 fuisse

513 672 725 712 causas.
759 656 824 711 Et
853 671 949 711 cur
978 669 1080 707 non
1109 648 1396 707 exeaecavit
1427 647 1568 701 illius
1597 644 1822 700 oculos?
1852 643 1960 697 lloc
1995 642 2095 694 1111-

513 751 734 806 rabilius
781 757 937 802 crat:
975 762 1095 800 nam
1140 743 1336 814 apertis
1382 738 1549 794 oculis
1598 755 1705 794 non
1755 736 2010 792 videbat:
2039 734 2094 789 id

513 840 656 912 quod
689 841 986 909 patiebatur
1017 837 1066 889 111
1105 837 1255 904 lege,
1306 833 1478 888 donec
1527 831 1602 884 illi
1654 829 1956 899 impositum
2010 836 2093 882 est

518 952 712 991 nomen
743 933 867 988 Jesu
897 932 995 1001 (α).
1024 927 1091 982 Et
1120 928 1288 981 statim
1317 926 1598 994 baptizatus
1619 933 1710 978 est.
1737 921 1926 975 Etcum
1947 936 2091 974 acce-

519 1031 672 1096 pisse!
693 1024 858 1078 cibum
881 1064 897 1086 ,
927 1021 1238 1090 confortatus
1262 1028 1356 1072 est.
1404 1017 1540 1086 Ergo
1592 1014 1828 1069 inﬁrmus
1873 1021 1987 1067 erat
2025 1027 2091 1066 ex

515 1119 739 1179 itinere,
771 1129 836 1168 cx
864 1121 1005 1166 metu
1029 1153 1045 1176 ,
1076 1125 1140 1164 ex
1173 1109 1313 1164 fame
1339 1151 1353 1174 ,
1381 1124 1443 1163 ex
1484 1121 1733 1161 1110011110.
1771 1104 1963 1159 Voleus
1992 1101 2090 1173 igi-

516 1219 599 1262 tur
627 1208 764 1262 illius
789 1220 985 1276 augere
1010 1219 1291 1259 maerorem
1317 1243 1332 1267 ,
1362 1216 1562 1257 caecum
1592 1215 1806 1252 manere
1827 1198 2089 1268 permisit,

511 1300 684 1355 donec
713 1299 859 1354 venit
884 1298 1137 1352 Ananias.
1174 1297 1237 1350 Et
1266 1303 1322 1349 ut
1352 1309 1419 1350 ne
1439 1294 1557 1364 quis
1590 1301 1736 1361 putet
1762 1291 2091 1361 phantasiam

514 1389 678 1445 fuisse
707 1390 1001 1444 czccitatetn
1026 1430 1041 1454 ,
1076 1387 1194 1442 ideo
1218 1399 1452 1455 squamae
1493 1382 1728 1438 fuerunt.
1777 1382 1939 1451 Igitur
1987 1396 2090 1433 nou

517 1497 654 1552 Opus
702 1480 932 1533 habebat
976 1478 1077 1532 alia
1127 1477 1409 1540 doctrina;
1460 1473 1553 1528 sed
1603 1472 1652 1527 id
1695 1472 1834 1542 quod
1862 1470 2091 1538 accidit,

512 1575 755 1630 doctrina
785 1573 903 1628 fuit.
944 1571 1068 1626 Fuit
1113 1582 1278 1625 autent
1322 1585 1434 1622 cum
1479 1566 1780 1637 discipulis,
1828 1565 1915 1635 qui
1951 1573 2094 1618 erant

515 1667 756 1723 Damasci
778 1708 792 1732 ,
824 1683 912 1736 per
935 1665 1040 1719 dies
1067 1665 1278 1732 aliquot.
1305 1660 1395 1716 20.
1429 1659 1496 1712 Et
1524 1659 1760 1712 continuo
1789 1657 1840 1710 itt
1870 1671 2091 1727 synago-

515 1761 592 1832 gis
620 1758 926 1829 praedicabat
954 1757 1242 1819 Christum,
1270 1754 1386 1823 quia
1414 1753 1494 1806 hic
1519 1761 1590 1806 est
1617 1749 1786 1804 Filius
1814 1748 1929 1803 Dei.
1967 1747 2111 1812 Vide,

516 1855 696 1908 statim
727 1852 914 1906 doctor
939 1859 1057 1903 erat
1085 1849 1136 1902 in
1163 1846 1463 1918 synagogis.
1497 1843 1610 1899 Non
1641 1839 1990 1897 erubescebat
2029 1839 2095 1895 de

516 1943 833 2009 mutatione,
864 1957 1035 2012 neque
1064 1941 1336 1996 metuebat
1361 1937 1643 1993 destruere
1670 1936 1756 1989 illa
1778 1976 1792 2000 ,
1824 1936 1875 1988 in
1902 1932 2095 2004 quibus

515 2044 672 2090 antea
701 2035 876 2088 clarus
900 2040 1035 2087 erat.
1067 2030 1174 2085 Nec
1201 2030 1373 2085 solum
1395 2029 1584 2084 doctor
1613 2034 1730 2081 erat
1753 2067 1768 2092 ,
1801 2024 1893 2079 sed
1933 2025 2093 2080 etiam

514 2125 569 2181 in
595 2125 898 2198 synagogis.
930 2124 1005 2179 ita
1029 2122 1096 2177 ab
1123 2122 1274 2176 initio
1299 2121 1460 2175 homo
1488 2129 1603 2175 erat
1631 2127 1684 2172 et
1712 2116 1994 2182 occidens,
2038 2124 2093 2170 et

521 2218 590 2273 ad
615 2219 791 2272 czcdcs
815 2216 1165 2286 compositus.
1198 2213 1361 2269 Vides
1385 2227 1542 2284 quam
1571 2213 1770 2266 clarum
1803 2209 2009 2280 signum
2042 2209 2094 2262 in

514 2309 609 2366 illo
640 2309 834 2364 factum
861 2309 965 2364 sit?
1014 2307 1128 2363 Hoc
1178 2307 1295 2378 ipso
1337 2319 1527 2361 omnes
1579 2303 1922 2375 percellebat.
1971 2301 2096 2356 Ideo

516 2401 632 2456 haec
662 2399 968 2471 signiﬁcans
996 2399 1178 2470 adjicit
1205 2414 1220 2453 :
1252 2398 1343 2452 21.
1391 2395 1672 2466 Stupebant
1715 2405 1883 2448 autem
1926 2409 2097 2448 omnes

515 2493 604 2563 qui
628 2489 934 2557 audiebant,
964 2500 1012 2545 et
1038 2489 1271 2545 dicebant
1298 2504 1318 2544 :
1344 2486 1532 2543 Nonne
1555 2487 1636 2541 hic
1665 2495 1736 2541 est
1757 2525 1772 2551 ,
1804 2487 1891 2556 qui
1932 2501 2094 2554 expu-

515 2583 702 2654 gnabat
730 2583 782 2637 in
808 2582 1095 2638 Jerusalem
1118 2583 1404 2636 invocantes
1428 2580 1480 2633 in
1517 2579 1717 2632 nomine
1759 2579 1881 2643 hoc,
1926 2588 1973 2630 et
2016 2577 2097 2630 hic

514 2678 630 2731 ideo
654 2678 815 2742 venit,
847 2686 900 2729 ut
928 2678 1115 2729 vinctos
1143 2674 1260 2728 illos
1288 2673 1490 2726 duceret
1531 2671 1598 2723 ad
1639 2670 1887 2739 principes
1925 2684 2098 2722 sacer-

514 2769 691 2824 dotum
711 2767 840 2823 922.
865 2767 1056 2822 Saulus
1077 2777 1244 2820 autem
1263 2764 1423 2836 magis
1432 2761 1800 2818 convalescebat
1820 2764 2098 2832 0100111011-

517 2862 662 2914 tlebat
688 2859 918 2923 Judatos,
945 2859 1030 2928 qui
1059 2856 1350 2912 habitabant
1375 2855 1610 2909 Damasci
1634 2895 1649 2919 ,
1677 2854 1933 2925 afﬁrmans
1969 2869 2101 2923 quo-

520 2953 658 3006 niam
672 2951 753 3006 hic
769 2960 840 3005 est
857 2950 1109 3006 Christus.
1143 2948 1338 3019 Utpote
1357 2948 1491 3018 legis
1517 2947 1720 3017 peritus
1742 2944 2101 3001 confundebat

521 3043 685 3105 illos,
732 3055 830 3096 nec
876 3040 1020 3110 loqui
1062 3038 1291 3094 sinebat.
1341 3037 1606 3093 Putabant
1650 3052 1709 3091 se
1755 3052 1783 3090 a
1831 3036 2101 3106 Stephano

519 3134 808 3200 liberatos,
835 3150 865 3184 a
893 3132 986 3188 tali
1013 3131 1376 3202 disputatione
1403 3138 1618 3198 ereptos
1652 3144 1770 3184 esse
1791 3170 1803 3192 ,
1846 3139 1900 3184 et
1937 3122 2101 3182 alium

521 3228 842 3282 invenerunt
868 3225 1139 3296 Stephano
1173 3223 1653 3279 vehementiorem.

593 3317 647 3372 2.
683 3318 787 3374 Sed
814 3333 897 3384 ea,
925 3332 1046 3388 qua:
1073 3316 1331 3371 Ananiam
1359 3325 1619 3385 spectant,
1639 3323 1960 3384 repetamus.
1981 3312 2098 3369 Non

528 3409 662 3465 dixit
693 3409 808 3465 illi:
836 3409 1123 3479 Alloquere
1163 3417 1218 3462 ct
1259 3407 1478 3462 institue
1517 3406 1685 3462 illum.
1717 3407 1770 3460 Si
1809 3405 1952 3462 enim
1982 3421 2102 3461 cum

521 3505 764 3569 dixisset,
804 3502 964 3568 Orat,
993 3511 1038 3556 et
1067 3501 1191 3556 vidit
1220 3502 1379 3554 virum
1406 3502 1743 3570 imponentem
1771 3501 1864 3553 sibi
1891 3516 2067 3553 manus
2086 3541 2101 3565 ,

524 3611 629 3650 non
672 3595 970 3663 persuasit:
996 3593 1160 3646 multo
1189 3593 1357 3662 magis
1381 3634 1395 3658 ,
1427 3592 1473 3646 si
1514 3592 1613 3646 hoc
1640 3590 1880 3646 dixisset.
1934 3591 2101 3657 Vidit,

525 3687 728 3758 inquit,
768 3687 821 3740 in
857 3687 1064 3739 visione.
1104 3685 1285 3755 Itaque
1314 3700 1420 3737 non
1450 3683 1606 3737 tidem
1635 3684 1724 3738 tibi
1757 3684 2006 3754 negabit:
2038 3699 2105 3739 ne

527 3781 685 3850 igitur
716 3778 936 3843 timeas,
967 3776 1058 3832 sed
1089 3777 1242 3830 vade.
1285 3775 1373 3830 Sic
1404 3790 1576 3846 neque
1613 3775 1884 3844 Philippus
1927 3777 2103 3830 statim

527 3882 694 3927 totum
722 3869 888 3926 audit.
921 3869 1055 3938 Quia
1076 3885 1163 3923 vas
1182 3867 1435 3922 electionis
1456 3878 1528 3921 est
1549 3867 1673 3920 mihi
1693 3868 1791 3920 hic.
1819 3866 1944 3922 llzec
1963 3867 2104 3922 dicta

526 3964 669 4021 illius
697 3971 854 4028 sunt,
877 3961 966 4032 qui
996 3959 1241 4015 timorem
1273 3959 1492 4013 omnino
1519 3958 1751 4024 excutit,
1779 3968 1834 4012 et
1861 3958 2105 4012 ﬁduciam

526 4056 702 4111 indit:
731 4054 988 4125 siquidem
1035 4052 1104 4106 ita
1154 4065 1250 4122 pro
1289 4052 1465 4121 seipso
1505 4050 1816 4106 afﬁciendus
1859 4060 2004 4115 erat,
2052 4058 2109 4104 ut

529 4149 691 4202 etiam
720 4147 882 4202 multa
911 4153 1199 4215 pateretur.
1232 4143 1362 4198 Cmn
1393 4142 1635 4209 dixisset,
1673 4141 1787 4208 Vas,
1821 4141 2108 4198 ostendens

530 4238 648 4306 ejus
669 4237 921 4294 malitiam
949 4252 1054 4290 non
1081 4251 1201 4290 esse
1230 4233 1522 4288 naturalem
1553 4251 1567 4286 :
1596 4232 1742 4287 addit
1764 4273 1777 4295 ,
1818 4233 2106 4299 Electionis,

531 4341 590 4384 ut
621 4327 866 4384 ostendat
906 4329 1077 4397 ipsum
1113 4336 1384 4396 acceptmn
1426 4339 1586 4380 esse:
1617 4340 1739 4378 nam
1778 4323 1920 4393 quod
1959 4339 2112 4378 acce-

538 4431 685 4492 ptum
713 4428 814 4485 est,
842 4419 1108 4488 eligimus.
1134 4416 1212 4472 Ne
1240 4417 1359 4486 quis
1384 4430 1512 4470 vero
1539 4424 1687 4484 putet
1712 4415 1826 4468 hare
1855 4413 2108 4480 audiens,

533 4514 790 4568 Ananiam
815 4511 935 4566 ideo
957 4511 1071 4564 hate
1092 4509 1291 4574 dicere,
1315 4507 1456 4578 quod
1487 4508 1642 4563 dictis
1673 4523 1777 4561 non
1803 4507 2004 4572 credat,
2029 4506 2112 4561 vel

533 4604 675 4676 quod
716 4611 866 4676 putet
912 4601 1194 4672 deceptum
1239 4599 1403 4654 fuisse
1445 4597 1744 4663 Christum;
1789 4596 1966 4652 absit:
2017 4596 2112 4652 sed

532 4695 675 4767 quod
709 4696 919 4750 timeret
947 4703 1001 4748 et
1031 4701 1319 4756 tremeret,
1362 4689 1521 4744 dictis
1546 4704 1652 4743 non
1683 4688 2024 4754 attendebat,
2057 4697 2113 4742 ut

532 4786 734 4841 audivit
772 4800 966 4841 nomen
1014 4782 1162 4838 Pauli
1195 4799 1208 4836 :
1239 4781 1317 4837 sic
1343 4781 1433 4836 illo
1458 4781 1675 4835 nomine
1713 4789 2114 4849 prazoccupatus

533 4889 615 4932 est
645 4880 856 4933 timore.
885 4875 1043 4946 Atqui
1073 4875 1158 4930 ubi
1188 4873 1407 4934 audivit,
1431 4872 1572 4943 quod
1598 4883 1918 4928 exotecasset
1940 4871 2112 4937 illum,

533 4970 802 5026 conlidere
831 4969 1129 5038 oportebat.
1166 4966 1227 5020 Et
1255 4966 1354 5031 hic,
1389 4965 1576 5036 inquit,
1605 4965 1719 5018 ideo
1744 4965 1892 5030 venit,
1915 4974 1968 5017 ut
1994 4965 2112 5035 liget

537 5077 726 5125 vim,
744 5062 829 5131 qui
849 5061 1077 5114 invocant
1105 5075 1282 5113 nomen
1307 5067 1466 5112 tuum.
1499 5058 1577 5112 Ac
1599 5057 1643 5112 si
1664 5056 1884 5124 diceret,
1905 5056 2112 5124 Timeo,

540 5167 607 5208 ne
634 5153 767 5206 forte
798 5168 882 5207 me
915 5152 967 5206 in
1001 5151 1299 5206 Jerusalem
1322 5150 1481 5205 ducat
1509 5168 1522 5202 :
1552 5166 1651 5206 cur
1676 5165 1760 5204 me
1785 5150 1837 5205 in
1865 5165 1926 5205 os
1947 5151 2116 5206 leonis

540 5246 745 5316 injicis?
774 5260 869 5298 cur
906 5258 992 5299 me
1031 5243 1154 5298 huic
1193 5243 1406 5313 prodis?
1447 5243 1623 5300 Timet
1651 5253 1704 5298 et
1733 5246 1846 5298 hare
1873 5243 2023 5311 dicit,
2061 5253 2118 5298 ut

538 5337 774 5407 mutique
798 5335 1064 5390 discamus
1090 5335 1336 5389 virtutem
1361 5335 1480 5388 viri.
1525 5334 1654 5389 Nam
1699 5333 1814 5389 haec
1849 5349 1879 5388 a
1919 5333 2116 5390 Judaeis

538 5431 666 5493 dici,
709 5427 840 5482 nihil
885 5427 1080 5481 mirum
1120 5435 1266 5482 esset
1296 5441 1310 5478 :
1339 5425 1480 5496 quod
1518 5437 1694 5481 autem
1721 5427 1789 5480 ab
1817 5426 1942 5492 hoc,
1967 5435 2021 5481 et
2045 5427 2116 5482 ita

641 5563 716 5622 (a)
765 5560 1070 5618 Quandonam
1101 5559 1246 5622 Paulo
1271 5558 1558 5622 impositum
1582 5566 1660 5622 est
1697 5571 1875 5622 nomen
1897 5557 2036 5615 Jesu,
2062 5565 2119 5609 ut

543 5620 706 5674 visunt
720 5622 1000 5684 reciperet?
1023 5623 1104 5670 1110
1125 5620 1206 5671 vel
1238 5621 1402 5669 vitium
1425 5621 1474 5669 in
1496 5621 1663 5684 verbis
1681 5620 1880 5684 est,_vel
1902 5621 2118 5684 dicamus

536 5693 749 5749 Oportet,
761 5679 874 5733 tunc
889 5685 1112 5749 Ananiam
1131 5684 1417 5749 imposuisse
1430 5679 1576 5749 Paulo
1589 5693 1766 5749 nomen
1778 5681 1800 5728 ¹1
1811 5695 1916 5740 0511,
1927 5683 2118 5744 quando

537 5741 715 5818 positis.
740 5741 896 5810 'supcr
921 5746 1058 5816 illum
1088 5741 1319 5818 manibus
1340 5745 1463 5794 dixit
1501 5741 1600 5802 illi,
1622 5741 1792 5792 Jesum
1835 5741 1997 5794 esse'a
2021 5759 2118 5806 quo

539 5816 647 5873 ipse
675 5816 830 5859 visum
851 5816 1122 5872 temperet.

1245 349 1306 407 8.
1334 346 1610 406 JOANNIS
1645 337 2116 402 CHRYSOSTOMI
2158 335 2471 393 Al‘tClllEP.
2500 335 3032 396 CONSTANTINOP.

3637 355 3722 411 160

2204 453 2486 523 perterrito
2505 495 2519 520 ,
2550 469 2796 524 magnum
2824 453 3018 510 divina:
3049 454 3255 510 virtutis
3284 455 3483 528 signant
3511 465 3601 524 hoc
3626 488 3725 532 esse

2201 545 2477 614 probatur.
2517 544 2678 600 Saule
2705 551 2880 618 frater.
2923 546 3019 601 Hic
3045 562 3255 617 quoque
3283 564 3493 620 magnus
3512 571 3645 614 adest
3667 577 3722 618 11.

2199 651 2337 703 mor,
2365 647 2420 692 01
2449 647 2566 707 post
2594 639 2835 694 timorem
2867 639 3036 708 major
3055 640 3371 696 obedientia.
3404 645 3603 714 Deinde,
3626 659 3726 722 quia

2212 728 2308 783 Vas
2331 729 2584 783 electionis
2607 729 2758 796 dixit,
2795 747 2861 786 ne
2886 731 3095 787 diceres
3118 773 3134 797 ,
3173 741 3339 788 tctum
3380 751 3444 791 ex
3484 739 3582 796 Deo
3605 761 3724 815 esse,

2199 829 2254 874 ut
2279 821 2346 875 ab
2377 821 2478 876 hoc
2503 832 2554 878 te
2583 823 2841 888 abducat,
2872 825 3054 892 adjicit
3087 842 3101 879 :
3134 825 3200 880 Ut
3225 837 3384 896 portet
3407 847 3574 888 nomen
3591 854 3728 894 meum

2197 926 2365 965 coram
2382 914 2604 982 gentibus
2624 925 2668 968 et
2693 915 2890 986 regibus
2905 926 2951 969 et
2967 917 3086 983 ﬁliis
3098 916 3282 972 Israel.
3302 921 3340 972 Α
3351 921 3507 978 udivit
3528 928 3728 988 Attanias

2198 1003 2249 1057 id
2288 1006 2429 1074 quod
2459 1005 2609 1060 valde
2635 1007 2916 1077 cupiebat,
2961 1010 3132 1080 ipsum
3160 1011 3319 1066 etiam
3345 1024 3519 1070 contra
3545 1019 3730 1082 Judteos

2197 1106 2551 1165 pugnaturum
2581 1113 2700 1153 esse
2728 1115 2743 1152 :
2778 1100 2896 1154 ideo
2927 1115 3030 1155 non
3060 1102 3232 1156 solum
3254 1105 3462 1172 gaudio,
3483 1110 3569 1164 sed
3595 1117 3728 1171 etiam

2199 1187 2382 1240 ﬁducia
2411 1189 2665 1257 repletur.
2695 1189 2807 1262 Ego
2832 1193 2987 1261 enint,
3021 1194 3208 1264 inquit,
3235 1198 3488 1253 ostendam
3512 1203 3551 1255 ei
3575 1221 3732 1273 quanta

2196 1287 2422 1345 Oporteat
2459 1296 2569 1332 eum
2616 1297 2708 1349 pro
2746 1285 2946 1337 nomine
2969 1301 3076 1338 tneo
3103 1287 3227 1356 pati.
3267 1287 3392 1342 11ωο
3432 1294 3733 1361 pra-dicentis

2197 1379 2319 1424 sunt
2343 1372 2497 1424 simul
2527 1383 2576 1426 et
2609 1374 2865 1429 hortantis
2885 1417 2900 1442 ,
2941 1376 2984 1430 si
3015 1378 3230 1447 quidem
3262 1379 3349 1434 ille
3372 1385 3542 1438 omnia
3572 1401 3732 1456 passu-

2198 1477 2289 1516 rus
2313 1473 2414 1524 cst,
2449 1465 2534 1533 qui
2568 1465 2636 1518 ita
2665 1467 2907 1532 insaniit;
2939 1468 3022 1522 hic
3049 1485 3176 1524 vero
3201 1470 3349 1526 illum
3372 1472 3626 1544 baptizare
3645 1498 3731 1538 non

2197 1554 2326 1618 vult,
2356 1564 2414 1608 ut
2440 1557 2607 1610 visum
2632 1560 2868 1630 recipiat.
2911 1561 3073 1626 Bene,
3106 1563 3308 1633 inquit;
3343 1566 3456 1621 sine
3482 1569 3618 1626 illum
3644 1590 3733 1629 ca:-

2197 1662 2317 1701 cum
2349 1663 2468 1704 esse
2500 1667 2513 1703 :
2541 1650 2661 1705 ideo
2689 1668 2827 1707 nunc
2862 1655 3004 1708 mitis
3039 1665 3148 1722 est,
3183 1657 3304 1728 quia
3333 1673 3501 1714 caecus
3525 1681 3538 1716 :
3563 1679 3647 1718 cur
3668 1684 3736 1723 me

2192 1738 2350 1808 jubes
2387 1743 2594 1810 aperire
2627 1745 2810 1800 oculos
2841 1747 2990 1814 ejus?
3027 1765 3093 1803 an
3132 1757 3189 1803 ut
3222 1765 3431 1806 rursum
3459 1753 3658 1825 alliget?
3684 1762 3737 1815 At

2199 1846 2267 1884 ne
2310 1829 2541 1886 futurum
2585 1833 2808 1890 timeas:
2836 1853 2954 1891 nam
3003 1840 3200 1908 apertis
3235 1843 3402 1896 oculis
3441 1859 3542 1898 non
3581 1859 3738 1904 contra

2199 1939 2318 1988 nos,
2348 1925 2440 1980 sed
2471 1942 2564 1994 pro
2595 1928 2747 1983 nobis
2773 1939 2950 1985 utetur
2980 1949 2993 1984 :
3025 1931 3090 1986 ad
3124 1932 3242 1996 hoc,
3273 1933 3340 1988 Ut
3364 1937 3618 2004 respiciat,
3647 1940 3740 1996 hac

2198 2031 2406 2087 quoque
2444 2017 2779 2087 adjiciantur.
2823 2021 2901 2077 Ne
2949 2024 3132 2078 timeas
3162 2041 3176 2079 :
3211 2025 3340 2078 nihil
3367 2027 3511 2082 vobis
3541 2031 3742 2086 11101111-

2198 2107 2332 2172 ciet;
2377 2109 2484 2164 imo
2510 2112 2736 2179 patietur
2763 2113 2947 2168 multa.
2982 2113 3050 2168 Et
3082 2115 3222 2185 quod
3250 2116 3491 2173 mirabile
3515 2129 3624 2187 est,
3651 2124 3743 2190 pri-

2199 2213 2287 2254 mo
2313 2200 2562 2270 patietur,
2582 2210 2636 2256 et
2665 2210 2788 2258 tunc
2817 2204 2868 2258 in
2897 2205 3127 2274 pericula
3152 2207 3369 2263 incidet.
3400 2208 3554 2264 Saule
3577 2212 3742 2281 frater,

2198 2287 2348 2343 Jesus
2376 2290 2460 2358 qui
2481 2293 2721 2361 apparuit
2747 2294 2835 2348 tibi
2861 2295 2912 2348 in
2933 2296 3032 2360 via,
3058 2297 3191 2350 misit
3216 2313 3316 2351 me.
3350 2297 3466 2354 Non
3491 2300 3635 2367 dixit,
3660 2303 3743 2371 Qui

2199 2384 2504 2450 excaecavit,
2533 2385 2625 2438 sed
2650 2427 2665 2452 ,
2701 2386 2801 2450 Qui
2821 2395 3060 2458 apparuit
3089 2389 3178 2443 tibi
3205 2406 3226 2444 :
3249 2391 3322 2445 ita
3355 2393 3587 2448 modeste
3611 2411 3747 2464 agere

2200 2471 2418 2539 sciebat,
2463 2475 2702 2546 nihilque
2739 2490 3053 2549 arroganter
3093 2481 3240 2536 dicit.
3293 2481 3361 2538 Ut
3405 2483 3558 2553 igitur
3585 2486 3748 2543 Petrus

2200 2575 2386 2620 curato
2405 2566 2594 2622 claudo
2616 2568 2825 2624 dicebat
2850 2589 2863 2625 :
2893 2570 3029 2638 Quid
3055 2575 3195 2629 nobis
3221 2578 3500 2645 attenditis,
3522 2582 3654 2648 quasi
3675 2598 3750 2635 no-

2201 2668 2305 2712 stra
2333 2661 2510 2715 virtute
2536 2665 2612 2716 vel
2630 2666 2812 2734 pietate
2831 2666 3094 2736 fecerimus
3119 2671 3252 2723 hunc
3279 2670 3539 2726 ambulare
3563 2672 3683 2743 (Act.
3703 2675 3747 2729 5.

2204 2750 2332 2820 i2)?
2355 2753 2432 2807 sic
2460 2763 2513 2808 et
2541 2755 2661 2821 iste,
2689 2755 2838 2811 Jesus
2865 2760 2951 2826 qui
2978 2763 3213 2831 apparuit
3239 2763 3351 2817 tibi.
3382 2762 3638 2834 Impositis
3658 2765 3752 2835 jam

2204 2846 2449 2902 manibus
2477 2847 2592 2904 haec
2619 2849 2953 2920 loquebatur,
2985 2863 3039 2908 et
3066 2854 3258 2925 duplex
3295 2856 3508 2911 caecitas
3536 2857 3753 2912 solveba-

2204 2947 2308 2992 tur.
2339 2939 2471 2992 Cum
2492 2939 2620 2996 dicit
2643 2951 2840 3008 autem,
2871 2941 2998 2998 Cum
3021 2946 3230 3014 cepisset
3255 2946 3445 3013 cibum,
3470 2947 3755 3015 confortatus

2204 3039 2311 3095 est,
2353 3032 2611 3102 signiﬁcat
2642 3035 2788 3089 illum
2821 3036 3141 3093 inﬁrmatam
3167 3054 3291 3095 esse
3316 3055 3348 3094 a
3377 3055 3604 3096 maerore
3626 3042 3756 3095 0111111-

2205 3122 2363 3190 tatis,
2391 3139 2420 3177 a
2457 3124 2647 3181 timore
2678 3136 2732 3182 et
2756 3143 2785 3181 a
2816 3127 2975 3184 fame.
3018 3128 3203 3200 Neque
3240 3131 3390 3185 enim
3433 3133 3576 3202 prius
3605 3132 3756 3187 cibum

2206 3229 2418 3270 sumere
2459 3217 2662 3282 voluit,
2711 3235 2871 3289 quam
2923 3221 3216 3292 baptizatus
3271 3239 3466 3293 magna
3509 3225 3760 3278 sortiretur

2207 3303 2365 3358 dona.
2394 3305 2573 3378 Neque
2592 3308 2738 3372 dicit,
2761 3309 2917 3365 Jesus
2937 3312 3240 3378 cruciﬁxus,
3274 3313 3445 3369 Filius
3471 3314 3582 3378 Dei,
3603 3314 3681 3382 qui
3702 3314 3760 3366 si—

2206 3413 2306 3467 gna
2337 3398 2495 3466 facit;
2523 3402 2616 3456 sed
2636 3403 2797 3473 quid?
2824 3404 2925 3470 Qui
2944 3408 3180 3474 apparuit
3200 3407 3292 3460 tibi
3308 3424 3328 3472 ;
3359 3423 3422 3462 ea
3452 3407 3760 3475 dicens.qu:e

2208 3490 2282 3543 illi
2313 3500 2436 3544 nota
2463 3501 2635 3546 erant.
2681 3493 3117 3564 Quandoquidem
3145 3511 3213 3550 ne
3242 3497 3362 3566 ipse
3392 3497 3604 3567 quidem
3629 3495 3760 3550 Chri-

2208 3591 2322 3634 stus
2362 3581 2502 3636 aliud
2543 3582 2777 3652 adjecit,
2818 3601 2988 3655 neque
3019 3586 3152 3642 dixit
3180 3605 3193 3640 :
3224 3589 3342 3658 Ego
3368 3606 3484 3642 sum
3513 3590 3597 3643 ille
3622 3587 3766 3642 cruci-

2211 3674 2380 3740 ﬁxus,
2412 3676 2502 3746 qui
2529 3679 2823 3742 resurrexi;
2861 3680 2955 3734 sed
2975 3720 2991 3747 ,
3021 3682 3180 3746 Quem
3205 3690 3259 3734 tu
3295 3683 3626 3752 persequeris.
3669 3679 3764 3734 Non

2209 3766 2361 3833 dixit,
2383 3766 2480 3835 Qui
2513 3771 2974 3840 persequutionem
2998 3773 3194 3842 patior;
3226 3789 3295 3828 ne
3318 3774 3591 3828 videretur
3620 3774 3663 3825 in
3689 3787 3767 3824 cx-

2210 3868 2365 3916 ccsSu
2387 3864 2580 3918 mentis
2608 3863 2849 3920 irridere.
2881 3866 2978 3931 Qui
3006 3868 3244 3938 apparuit
3268 3868 3380 3933 tibi,
3411 3867 3599 3938 inquit,
3616 3867 3662 3919 in
3685 3865 3765 3917 via.

2213 3954 2374 4024 Atqui
2405 3970 2511 4008 non
2535 3955 2813 4024 apparuit,
2843 3957 2936 4012 sed
2974 3973 3069 4028 per
3099 3973 3263 4027 opera
3293 3959 3446 4014 visus
3480 3968 3578 4013 cst.
3613 3958 3672 4010 Et
3690 3973 3768 4009 νυο

2214 4044 2328 4099 10115
2353 4047 2613 4100 sermonis
2636 4048 2932 4102 molestiam
2961 4048 3203 4118 mitigare
3223 4090 3238 4113 ,
3269 4049 3455 4103 statim
3484 4047 3687 4117 adjicit,
3719 4044 3770 4100 Ut

2214 4137 2403 4199 videas,
2431 4148 2478 4190 et
2503 4139 2757 4208 implearis
2788 4140 2987 4208 Spiritu
3011 4151 3204 4194 sancto.
3237 4141 3359 4196 Non
3392 4142 3571 4206 venit,
3601 4148 3654 4194 ut
3679 4154 3771 4193 rem

2214 4227 2407 4283 factam
2433 4239 2698 4299 argueret,
2726 4231 2818 4286 sed
2850 4231 2915 4286 ad
2943 4232 3141 4287 donum
3167 4234 3582 4298 conferendum,
3612 4232 3770 4301 inquit.

2217 4321 2438 4377 Videtur
2476 4323 2605 4377 milti
2647 4333 2701 4378 et
2741 4324 2880 4379 hunc
2907 4335 2960 4380 et
2984 4325 3291 4381 Cornelium
3321 4328 3504 4382 statim
3537 4336 3650 4397 post
3684 4326 3775 4378 lucc

2217 4414 2352 4467 dicta
2384 4416 2541 4469 verba
2574 4415 2828 4486 Spiritum
2857 4417 3160 4486 recepisse;
3205 4419 3310 4473 etsi
3352 4419 3448 4489 qui
3493 4418 3663 4478 dabat,
3689 4430 3773 4468 non

2217 4519 2282 4559 ex
2307 4504 2584 4560 duodecim
2612 4516 2772 4562 esset.
2813 4507 2901 4563 Sic
2932 4509 3060 4562 nihil
3093 4510 3391 4564 humanum
3432 4510 3553 4574 hic,
3585 4523 3677 4564 nec
3705 4521 3778 4574 per

2220 4595 2490 4653 hominem
2530 4600 2722 4652 factum
2755 4608 2868 4663 est;
2909 4599 3004 4654 sed
3034 4601 3171 4656 Deus
3199 4601 3395 4656 aderat
3420 4602 3514 4671 qui
3543 4600 3652 4653 haec
3676 4610 3776 4666 age-

2221 4695 2322 4744 ret.
2348 4686 2620 4758 Simulque
2648 4689 2795 4744 illum
2829 4691 3054 4744 instituit
3079 4700 3135 4745 ut
3165 4691 3416 4746 modeste
3443 4692 3655 4754 sentiat,
3680 4704 3779 4743 011111

2221 4779 2368 4833 11111111
2416 4795 2521 4833 11011
2566 4780 2711 4834 ducit
2754 4781 2819 4834 ad
2865 4782 3164 4851 praecipuos
3203 4784 3520 4852 apostolus,
3553 4782 3781 4847 docetque

2221 4870 2352 4925 nihil
2380 4869 2464 4925 1110
2491 4871 2778 4926 humanum
2809 4888 2946 4928 esse.
2979 4873 3160 4942 Neque
3187 4885 3319 4928 tunc
3344 4873 3625 4945 Spiritum,
3653 4881 3701 4924 ut
3725 4871 3776 4924 si-

2221 4977 2321 5033 gna
2359 4962 2570 5028 ederet,
2607 4965 2846 5034 accepit,
2884 4975 2934 5018 ut
2970 4966 3048 5020 sic
3077 4965 3191 5034 ejus
3218 4965 3360 5020 ﬁdes
3392 4965 3780 5020 ostenderetur:

2222 5070 2394 5126 neque
2418 5056 2561 5110 enim
2591 5055 2738 5126 signa
2768 5057 2912 5110 fecit.
2943 5055 3010 5109 Et
3041 5057 3227 5122 statim,
3265 5058 3477 5128 inquit,
3513 5058 3565 5111 in
3593 5069 3786 5126 synago-

2221 5158 2299 5222 gis
2329 5152 2636 5221 praedicabat
2660 5152 2948 5219 Christum,
2979 5153 3098 5222 quia
3127 5154 3206 5206 hic
3245 5164 3323 5207 est
3354 5152 3526 5206 Filius
3557 5151 3662 5216 Dei.
3691 5148 3785 5201 Non

2224 5245 2544 5314 prazdicabat
2569 5246 2708 5316 quod
2739 5249 3118 5302 resurrexisset
3140 5287 3155 5312 ,
3186 5261 3371 5316 neque
3401 5246 3544 5318 quod
3572 5245 3786 5300 viveret;

2223 5338 2316 5392 sed
2345 5338 2509 5405 quid?
2538 5339 2947 5393 Accuratissime
2979 5339 3171 5408 dogma
3200 5340 3548 5408 exponebat,
3581 5335 3701 5401 Quia
3724 5333 3789 5382 hic

2224 5442 2296 5486 est
2346 5430 2510 5484 Filius
2552 5430 2668 5485 Dei.
2721 5432 2794 5486 Illi
2835 5448 2964 5487 vero
3005 5431 3088 5486 his
3127 5430 3327 5486 auditis
3359 5432 3413 5486 in
3449 5427 3791 5485 ittcrcdulit-‘llc

2228 5532 2494 5592 perstant,
2527 5537 2648 5578 eum
2695 5525 3016 5593 Oportuisset
3066 5538 3171 5578 non
3218 5524 3392 5578 modo
3431 5523 3677 5583 credere,
3711 5513 3789 5568 sed

2227 5614 2384 5668 etiam
2411 5613 2807 5683 obstupescere.
2835 5615 2902 5668 Et
2923 5631 3018 5669 cur
3039 5630 3142 5669 non
3170 5615 3516 5681 simpliciter,
3539 5612 3672 5685 quod
3694 5626 3790 5678 por.

2226 5711 2481 5774 sequutor
2519 5703 2711 5769 fuerit,
2743 5705 2965 5769 dicunt;
2996 5708 3090 5760 sed
3130 5706 3274 5775 quod
3319 5714 3646 5776 expugnaret
3681 5713 3791 5759 eos,

2228 5799 2314 5858 qui
2344 5796 2444 5852 hoc
2473 5813 2664 5853 nomen
2697 5799 3042 5854 invocarent?
3074 5798 3324 5868 Magnum
3356 5797 3591 5854 furorem
3621 5791 3790 5850 111510
