4076 6354
1948 124 1972 165 9

474 306 573 365 161

465 420 665 487 τοῦτος
694 415 769 477 Τὸ
800 423 1003 496 σφόδρα
1025 424 1251 495 μανικδν
1282 425 1370 481 διὰ
1397 426 1586 480 τούτου
1613 426 1987 498 ἐμφαίνοντες.
2009 425 2120 478 Kal

466 509 567 564 οὐκ
593 506 742 565 εἷπον
762 512 851 566 τὸν
890 513 1113 584 Ἰησοῦν.
1150 515 1257 566 ἀπὸ
1281 514 1378 583 τῆς
1410 513 1705 583 βασκανίας
1735 514 1855 567 οὐδὲ
1874 514 1933 566 τὸ
1951 513 2122 584 ὄνομα

468 597 689 651 ἀκούειν
720 600 1034 670 ἀνεχόμενοι
1059 618 1073 631 ’
1107 600 1279 662 οὕτως
1314 596 1453 671 ἦσαν
1492 602 1965 673 ἐκτεθηριωμένοι.
2013 600 2123 655 Καὶ

466 678 584 737 ὦδε
614 688 701 751 εἰς
719 686 892 739 τοῦτο
913 687 1229 752 ἐλήλυθεν.
1254 688 1365 740 Οὐκ
1392 688 1585 760 ἔχομεν
1603 691 1798 754 εἰπεῖν,
1833 690 2016 762 φησὶν,
2042 689 2122 743 ὃτι

468 776 581 835 τοῖς
611 774 924 837 ἀποστόλοις
954 776 1215 845 πρότερον
1248 778 1579 846 συνεγένετο.

538 870 587 933 γ’
595 865 755 935 ,Ὅρα
773 864 858 917 διά
870 866 1047 917 πόσων
1066 865 1405 936 ὁμολογεῖται
1422 868 1531 921 τῶν
1558 868 1765 941 ἐχθρῶν
1790 869 2073 940 τυγχάνων
2093 870 2122 923 6

467 950 695 1014 Παῦλος.
737 951 792 1004 '0
820 952 875 1004 δὲ
901 952 960 1004 οὐ
989 952 1147 1022 μόνον
1179 954 1277 1008 οὐκ
1310 955 1571 1027 ᾐσχύνετο
1602 958 1831 1023 τούτοις,
1860 956 1996 1011 ἀλλὰ
2026 957 2121 1011 καὶ

468 1039 810 1109 ἐνηϐρύνετο.
860 1040 1092 1107 Σαῦλος
1129 1040 1197 1095 δὲ
1232 1041 1473 1112 μᾶλλον
1514 1044 1974 1115 ἐνεδυναμοῦτο,
2023 1045 2122 1098 καί

464 1128 825 1195 συνῄσχυνε
849 1127 990 1194 τοὺς
1032 1129 1360 1196 Ἰουδαίους
1378 1147 1392 1161 '
1414 1131 1705 1197 τουτέστιν,
1744 1131 2119 1201 ἐπεστόμιζεν,

463 1213 565 1264 οὐκ
588 1212 673 1268 εἴα
692 1230 744 1265 τι
768 1217 970 1268 εἰπεῖν’
994 1216 1387 1285 συμϐιϐάζων,
1422 1217 1512 1271 ὅτι
1539 1213 1717 1284 οὗτός
1740 1218 1911 1272 ἐστιν
1931 1222 1965 1273 ό
1990 1221 2123 1287 Χρι-

464 1299 630 1364 στός.
664 1302 939 1355 Διδάσκων
960 1346 975 1367 ,
1018 1305 1152 1373 φησί
1176 1320 1191 1335 ⁸
1215 1305 1532 1369 διδάσκαλος
1562 1307 1655 1359 καὶ
1680 1307 1787 1378 γὰρ
1810 1307 2007 1369 εὐθέως
2030 1303 2117 1380 ἦν.

476 1385 575 1452 Ὠς
624 1388 738 1440 δὲι
764 1390 1145 1458 ἐπληροῦντο
1202 1394 1413 1461 ⁴ἡμέραι
1460 1395 1680 1459 ἱκαναί,
1721 1397 2122 1450 συνεϐουλεύ-

464 1492 655 1530 σαντο
678 1480 729 1531 οὶ
769 1477 1049 1534 Ἰουδαῖοι
1093 1482 1333 1536 ἀνελεῖν
1372 1484 1579 1538 αὐτόν.
1615 1484 1740 1538 Ἐπὶ
1777 1484 1867 1539 τὸν
1904 1488 2120 1558 ἰσχυρὸν

467 1564 825 1635 συλλογισμὸν
852 1567 1101 1638 ἔρχονται
1140 1570 1302 1623 πάλιν
1352 1573 1402 1624 οἰ
1446 1571 1703 1626 Ἰουδαῖοι.
1746 1574 1858 1627 Οὐκ
1897 1575 1975 1629 ἐτι
2012 1575 2119 1647 γάρ

466 1653 827 1721 συκοφάντας,
856 1656 949 1708 xal
978 1659 1333 1727 κατηγόρους,
1354 1660 1448 1712 καὶ
1462 1658 1803 1733 ψευδομάρτυ
1813 1670 1910 1733 ρας
1934 1661 2122 1733 ἐπιζη-

463 1741 647 1793 τοῦσιν
671 1758 686 1774 ·
723 1742 844 1795 οὐδὲ
875 1745 983 1814 γὰρ
1022 1744 1101 1797 ἔτι
1131 1746 1413 1815 ἀνέχονται
1437 1747 1642 1801 τούτων
1669 1765 1684 1779 ο
1717 1748 1852 1801 ἀλλὰ
1879 1748 1963 1816 τί;
2002 1751 2122 1804 Λοι-

466 1827 565 1880 πὸν
616 1828 769 1881 αὐτοὶ
814 1828 879 1881 δι’
919 1830 1127 1884 ἑαυτῶν
1167 1832 1321 1885 τοῦτο
1366 1833 1710 1904 ἐργάζονται.
1769 1836 1984 1907 Ἐπειδὴ
2014 1836 2121 1907 γάρ

462 1909 601 1966 εἶδον
632 1916 1034 1985 ἐπιτεινόμενον
1057 1918 1116 1970 τὸ
1161 1922 1422 1990 πρᾶγμα,
1454 1921 1573 1974 οὐδέ
1608 1921 1951 1992 δικαστήριον
1991 1923 2121 1976 καθ-

465 1998 691 2063 ίζουσιν.
722 2002 1024 2071 Ἐγνώσθη
1052 2004 1120 2057 δὲ
1141 2004 1218 2069 τῷ
1251 2007 1464 2071 Σαύλῳ
1500 2008 1538 2075 ἡ
1571 2007 1857 2077 ἐπιϐουλὴ
1882 2009 2080 2063 αὐτῶν
2102 2028 2117 2041 ο

462 2086 843 2154 παρετήρουν
888 2106 951 2141 τε
988 2092 1093 2155 τὰς
1131 2093 1331 2158 πύλας
1366 2093 1591 2162 ἡμέρας
1632 2112 1697 2148 τε
1736 2095 1834 2149 καὶ
1880 2097 2119 2164 νυκτὸς,

461 2174 623 2240 ὅπως
654 2176 838 2228 αὐτὸν
857 2176 1138 2233 ἀνέλωσι.
1169 2180 1264 2233 Διά
1284 2181 1371 2245 τίς
1407 2183 1526 2236 Ὅτι
1550 2185 1766 2238 πάντων
1792 2188 2121 2257 ἀφορητότε-

466 2278 558 2331 ρον
592 2258 658 2333 ἦν
691 2264 874 2328 αὐτοῖς
893 2266 1000 2319 τῶν
1028 2268 1127 2338 ἤδη
1153 2271 1534 2341 γεγενημένων
1567 2273 1825 2342 σημείων,
1856 2274 1965 2326 τῶν
1988 2292 2119 2327 πεν-

460 2349 841 2422 τακισχιλίων,
875 2354 982 2407 τῶν
1014 2357 1325 2427 τρισχιλίων
1346 2398 1360 2419 ,
1396 2360 1615 2413 πάντων
1646 2361 1849 2425 ἁπλῶς.
1886 2363 1994 2416 Kal
2020 2364 2122 2434 ὅρα

458 2438 622 2492 αὐτὸν
648 2440 785 2505 τέως
804 2442 862 2494 οὐ
888 2444 1069 2514 χάριτι
1102 2444 1426 2515 σωζόμενον,
1461 2447 1575 2501 ἀλλ’
1600 2448 1916 2524 ἀνθρωπίνῃ
1938 2453 2116 2523 σοφίᾳ·

462 2523 549 2578 ἴνα
598 2527 777 2600 μάθῃς
822 2529 916 2582 τοῦ
952 2532 1144 2603 ἀνδρὸς
1184 2533 1283 2602 τὴν
1322 2534 1523 2604 ἀρετὴν
1555 2536 1647 2588 καί
1677 2538 1843 2607 χωρὶς
1882 2523 2121 2608 σημείων

458 2611 785 2683 λάμποντος.
829 2619 1126 2684 Λαϐόντες
1171 2618 1239 2672 δὲ
1281 2620 1469 2673 αὐτὸν
1506 2625 1561 2675 οἱ
1598 2625 1851 2691 μαθηταί
1880 2628 2118 2695 νυκτὸς,

460 2703 737 2769 καθῆκαν
774 2703 870 2758 διὰ
904 2706 1009 2758 τοῦ
1040 2707 1308 2775 τείχους,
1338 2710 1721 2777 χαλάσαντες
1756 2713 1826 2765 ἐν
1852 2715 2118 2782 σπυρίδι.

458 2788 699 2852 Εἰκότως
721 2807 733 2821 ·
762 2792 849 2844 ἵνα
872 2790 1237 2867 ἀνύποπτονῇ
1266 2795 1328 2848 τὸ
1349 2799 1601 2867 πρᾶγμα.
1638 2799 1703 2851 Τί
1731 2796 1851 2865 οὖν;
1882 2804 2121 2858 τοιοῦτον

459 2875 703 2965 κίνδυνον
726 2877 1001 2951 διαφυγὼν
1018 2920 1034 2945 ,
1059 2878 1166 2951 ἆρα
1183 2882 1398 2936 ἵσταται
1422 2884 1449 2924 ι)
1470 2902 1484 2949 ;
1506 2885 1792 2956 Οὐδαμῶς,
1824 2888 1937 2943 ἀλλ’
1957 2893 2123 2965 ἀπέρ-

457 2980 612 3032 χεται
635 2963 762 3019 ἔνθα
795 2967 1058 3037 μειζόνως
1077 2969 1142 3022 ἂν
1156 2970 1351 3034 αὐτοὺς
1375 2971 1581 3043 ἐξάψει.
1605 2975 1725 3028 Ὀτι
1743 2976 1852 3048 γὰρ
1881 2963 2123 3050 ἀκριϐῶς

464 3052 806 3119 ἐπίστευσεν,
852 3056 1082 3110 ἄπιστον
1122 3053 1188 3129 ἦν
1244 3058 1323 3111 ἔτι
1360 3063 1472 3125 τοῖς
1517 3061 1748 3128 πολλοῖς.
1811 3066 1909 3121 Διά
1966 3069 2121 3123 τοῦτο

459 3136 609 3211 [166]
632 3141 748 3210 μεθ’
776 3143 994 3213 ἡμέρας
1022 3145 1211 3209 ἱκανὰς
1238 3146 1397 3200 τοῦτο
1426 3148 1657 3217 γίνεται.
1706 3151 1773 3204 Τί
1808 3171 1936 3207 ποτε
1963 3158 2120 3211 τοῦτό

458 3226 640 3294 ἐστιν;
670 3229 831 3293 Εἰκὸς
852 3232 1012 3285 αὐτὸν
1049 3234 1122 3304 μὴ
1158 3233 1438 3303 βούλεσθαι
1469 3236 1605 3300 τέως
1634 3238 1868 3305 ἐξελθεῖν
1891 3244 2118 3311 ἐκεῖθεν,

457 3314 668 3368 πολλῶν
690 3319 820 3381 ἰσως
860 3322 1271 3391 παραινούντων
1298 3340 1312 3353 ⁸
1356 3323 1540 3395 ἐπειδὴ
1570 3325 1625 3378 δὲ
1657 3328 1844 3397 ἔμαθε,
1881 3329 1999 3383 τότε
2026 3334 2122 3384 ἐπ-

459 3401 653 3489 έτρεψε
683 3408 795 3469 τοῖς
828 3408 1099 3478 μαθηταῖς
1121 3411 1284 3464 αὐτοῦ
1306 3428 1318 3441 ·
1343 3413 1438 3465 καὶ
1463 3414 1570 3485 γὰρ
1589 3416 1836 3486 μαθητὰς
1858 3413 2003 3489 εἶχεν
2032 3422 2122 3474 εὐ-

458 3488 616 3552 θέως.
639 3491 810 3545 Τοῦτο
834 3496 1199 3566 αἰνιττόμενος
1222 3497 1406 3568 ἔλεγεν
1428 3517 1443 3531 ·
1495 3502 1550 3553 Ὀ
1575 3501 1870 3572 ἐθνάρχης
1914 3488 2123 3575 νἈρέτα

456 3577 565 3629 τοῦ
612 3578 919 3647 ,βασιλέως
968 3583 1243 3652 ἐφρούρει
1292 3587 1408 3654 τὴν
1454 3591 1867 3658 Δαμασκηνῶν
1917 3599 2120 3665 πόλιν,

458 3664 671 3755 πιάσαι
698 3686 775 3737 με
808 3669 1018 3728 θέλων.
1051 3673 1159 3725 Καὶ
1184 3674 1285 3746 ὅρα
1317 3675 1410 3729 τὸν
1439 3677 1829 3751 εὐαγγελιστὴν
1853 3682 2003 3738 οὐδὲν
2037 3664 2123 3755 φιὲ

460 3753 699 3824 λοτίμως
720 3755 967 3825 λέγοντα,
996 3759 1117 3812 οὐδὲ
1145 3760 1395 3833 λαμπρὸν
1432 3764 1717 3819 δεικνύντα
1754 3768 1844 3821 τὸν
1881 3753 2122 3839 Παῦλον,

460 3843 593 3896 ἀλλὰ
631 3844 791 3915 μόνον
817 3847 897 3899 ὅτι
926 3846 1224 3918 ἐπήγειραν
1245 3850 1335 3904 τὸν
1367 3851 1607 3921 βασιλέα.
1640 3854 1817 3909 Μόνον
1843 3852 1935 3912 οὖν
1962 3860 2123 3915 αὐτὸν

456 3930 795 4002 ἐξέπεμψαν,
822 3934 915 3987 καὶ
944 3935 1135 3988 οὐδένα
1172 3939 1290 4008 μετ’
1316 3939 1504 3995 αὐτοῦ,
1554 3942 1667 3994 Καὶ
1706 3942 1863 3998 τοῦτο
1903 3946 1960 3999 δὲ
1987 3964 2125 4020 συμ-

458 4020 752 4089 φερόντως,
790 4020 929 4075 ὥστε
952 4024 1113 4077 αὐτὸν
1143 4026 1376 4095 φανῆναι
1403 4028 1514 4091 τοῖς
1537 4028 1854 4096 ἀποστόλοις
1874 4034 1932 4087 ἐν
1959 4034 2125 4107 Ἱερο-

459 4105 584 4157 σολύ
594 4123 714 4175 μοις
739 4122 753 4139 ο
788 4108 986 4177 μᾶλλον
1011 4110 1067 4163 δὲ
1094 4112 1249 4163 αὐτοὶ
1270 4112 1366 4182 μὲν
1390 4113 1722 4184 ἐξέπεμψαν,
1747 4118 1823 4183 ὡς
1848 4120 1911 4173 ἐκ
1931 4105 2122 4177 τούτου

457 4190 642 4245 λοιπὸν
672 4193 848 4263 ἐαυτῷ
874 4195 970 4266 τὴν
1001 4197 1274 4267 σωτηρίαν
1303 4200 1631 4270 πορίσασθαι
1663 4218 1675 4231 ·
1698 4205 1860 4269 αὐτὸς
1889 4207 1947 4261 δέ
1973 4210 2124 4264 τούν-

458 4279 639 4331 αντίον
673 4281 1063 4351 πραττόμενος,
1114 4284 1194 4347 εἰς
1244 4285 1371 4348 τούς
1417 4289 1777 4358 μαινομένους
1825 4294 1985 4359 εὐθὺς
2020 4297 2122 4351 ἐπ-

457 4364 716 4436 επήδησε.
753 4367 921 4421 Τοῦτό
963 4370 1079 4422 ἐστι
1102 4371 1463 4443 πεπυρῶσθαι
1486 4415 1501 4439 ,
1532 4376 1689 4431 τοῦτο
1721 4380 1957 4450 μάλιστα
1987 4384 2119 4449 ζεῖν.

458 4452 570 4544 Ιςαὶ
602 4451 833 4544 σκόπει-.
865 4455 981 4519 πῶς
1008 4457 1329 4523 ἀκολουθεῖ,
1363 4461 1428 4515 ἐκ
1451 4463 1674 4536 πρώτης
1700 4467 1915 4540 ἡμέρας
1938 4471 2123 4544 τηρῶν

455 4538 519 4592 τὸ
549 4540 913 4612 παράγγελμα
931 4584 947 4608 ,
973 4544 1110 4615 ὅπερ
1138 4546 1380 4615 ἡκουσαν
1407 4551 1456 4602 οἰ
1485 4550 1771 4608 ἀπόστολοι
1795 4538 1823 4621 ,⁷
1846 4556 1907 4610 τὺ
1927 4596 1944 4622 ,

450 4626 537 4717 μή
572 4645 662 4717 τις
685 4628 798 4717 ᾶρη
826 4630 934 4683 τὸν
962 4633 1232 4700 σταυρὸν
1250 4636 1440 4690 αὑτοῦ
1465 4637 1565 4693 καὶ
1591 4641 1981 4715 ἀκολουθήσῃ
1996 4665 2118 4717 μοι.

456 4714 531 4767 Τὸ
559 4715 735 4769 τοίνυν
770 4715 998 4789 ὔστερον
1021 4718 1182 4771 αὐτὸν
1210 4720 1317 4775 τῶν
1349 4721 1526 4777 ἄλλων
1560 4725 1757 4791 ἐλθεῖν,
1790 4714 2120 4799 μᾶλλον-αὐ-

455 4802 546 4888 τδν
566 4803 991 4888 *προθυμότερον
1024 4805 1221 4860 ἐποίει.
1269 4809 1380 4863 Kal
1408 4810 1574 4883 -ἐργῳ
1610 4814 1911 4888 ἐπληροῦτο
1943 4822 2121 4875 ἐκεῖνο

454 4887 534 4977 τὸ,
566 4883 639 4956 ⁷ῼ
672 4889 903 4977 ἀεργέεται
947 4891 1125 4953 πολὺ,
1162 4888 1405 4960 μᾶλλον
1454 4883 1774 4967 ἀγαπήσει..
1822 4904 1982 4957 Ὥστε
2010 4906 2120 4977 ὃσῳ

458 4972 682 5043 ἔσχατον
713 4971 866 5045 ἦλθε,
896 4977 1131 5048 τοτούτῳ
1160 4980 1359 5049 μᾶλλον
1392 4983 1697 5056 ἠγάπησεν.
1725 4988 1823 5042 Διά
1853 4990 2007 5045 τοῦτο
2026 4971 2121 5048 καὶ

455 5060 548 5111 τὸν
595 5061 858 5131 πρότερον
908 5063 1024 5131 βίον
1069 5068 1264 5121 ἐαυτοῦ
1323 5071 1652 5141 στηλιτεύων
1678 5114 1691 5138 ,
1732 5078 1826 5129 καὶ
1858 5079 2120 5146 πολλάκις

457 5146 648 5235 ἐαυτὸν
682 5148 895 5212 στίζων,
934 5150 1086 5203 οὐδὲν
1129 5155 1315 5223 ἡγεῖτο
1364 5158 1547 5212 ἱκανὸν
1591 5158 1729 5217 εἶναι
1784 5165 1923 5235 πρὸς
1954 5168 2013 5221 τὸ
2051 5170 2120 5223 τὰ

457 5234 697 5327 πρότερα
727 5235 1064 5327 ἀποκρύψαι.
1088 5242 1483 5311 Συμόιϐάζων,
1515 5250 1667 5318 φησί,
1702 5234 1967 5321 τουτέστι,
2001 5261 2118 5327 μετ’

456 5323 754 5386 ἐπιεικείας
791 5323 1077 5378 διδάσκων.
1111 5328 1222 5380 Kal
1246 5329 1368 5402 ὅρα,
1392 5334 1453 5386 οὐ
1480 5335 1723 5403 λέγουσιν
1750 5341 1917 5413 αὐτῷ,
1941 5323 2021 5398 δτὶ
2046 5348 2117 5400 Σὺ

457 5405 508 5463 εἴ
535 5413 562 5464 6
596 5410 809 5482 πορθῶν
840 5428 854 5442 ’
882 5412 933 5464 τί
986 5414 1425 5501 μεταϐέϐλησαι;
1470 5423 1765 5493 ᾐσχύνοντο
1797 5405 1903 5501 γάρ
1929 5448 1943 5461 ο
1982 5433 2119 5487 ἀλλὰ.

456 5499 856 5592 πρδὶἑιιυτούς⁸
881 5500 1089 5592 ἔλεγον.
1123 5498 1413 5592 ΔΕῖπιεῄγάρ
1444 5508 1510 5562 ἂν
1545 5512 1723 5584 πολλῷ
1757 5498 2114 5592 δικαιότερον,

454 5585 534 5680 δτι
568 5585 737 5680 Τρῦτο
764 5587 997 5680 μάλιστα
1021 5590 1163 5659 ὑμᾶς
1184 5589 1391 5656 διδάξαι
1422 5594 1661 5666 ὀφείλει,
1695 5601 1819 5656 ἐπεὶ
1850 5606 1941 5659 καὶ
1980 5585 2117 5680 πρὸς

469 5673 776 5744 Ἀγρίππαν
806 5675 979 5740 οὔτως
1010 5677 1379 5748 ἀπολογεῖται.
1423 5682 1625 5739 Τοῦτον
1648 5689 1970 5763 μιμώμεθα,
2008 5673 2115 5751 παλ

518 5848 541 5873 η
586 5846 684 5898 Alii
710 5849 992 5911 διδάσκαὶος
1021 5854 1109 5919 γὰρ
1140 5855 1275 5914 οὐτος
1314 5857 1388 5919 ἠν.
1434 5858 1518 5918 Ὦς
1550 5861 1615 5911 δέ.
1692 5862 1719 5905 b
1759 5864 1968 5933 Αίίὶἆρα
2006 5869 2118 5935 φεύ-

454 5932 552 5979 Ὑέιὶ

1236 311 1296 366 S.
1336 307 1617 367 JOANNlS
1650 308 2138 369 CHRYSOS'I‘OMI
2175 308 2497 367 ARCHIEP.
2535 307 3079 367 CONSTANTINOP.

3800 305 3928 367 ισιι

2232 425 2477 497 ρακαλῶ,
2519 426 2615 480 καὶ
2655 428 2837 497 ἡμεῖς,
2871 424 3131 496 καὶπρὸς
3162 422 3370 486 πάντας
3417 416 3567 495 ῶμεν
3610 423 3928 489 κινδύνους

2226 513 2719 584 παρατεταγμένοι.
2750 514 2857 568 Kal
2882 512 3019 576 πῶς,
3044 511 3226 580 φησὶν,
3250 512 3457 574 ἐκεῖνος
3478 510 3667 581 φεύγει
3688 522 3713 550 ε
3734 528 3749 576 ;
3790 511 3932 565 Οὐκ

2227 595 2294 671 ἦν
2326 600 2527 665 δειλίας
2551 602 2611 654 τὸ
2632 602 2885 672 πρᾶγμα,
2913 599 3029 653 ἀλλ’
3051 598 3344 667 ἐφύλαττεν
3370 600 3557 652 ἐαυτὸν
3576 600 3654 670 τῷ
3682 598 3929 669 κηρὺγ-

2235 705 2386 759 ματι.
2422 690 2484 742 Εἰ
2516 688 2686 753 δειλὸς
2709 684 2810 760 ἦν,
2851 689 2951 741 οὐκ
2991 686 3056 740 ἂν
3101 689 3181 749 εἰς
3217 686 3285 739 τὰ
3322 686 3673 757 Ἰεροσόλυμα
3706 683 3929 757 ἦλθεν,

2227 776 2328 829 οὐκ
2352 776 2417 829 ἂν
2446 776 2650 841 εὐθέως
2684 776 2971 843 ἀνεδέξατο
3016 775 3115 846 τὴν
3156 773 3500 827 διδασκαλίαν
3521 791 3535 805 ο
3572 774 3932 843 καθυφῆκεν

2228 863 2294 917 ἂν
2320 864 2417 935 τῆς
2447 864 2821 935 σφοδρότητος.
2867 863 3006 915 Ἀλλ’
3034 862 3134 915 οὐκ
3159 861 3224 931 ἦν
3245 860 3433 923 δειλὸς,
3457 860 3593 913 ἀλλά
3620 861 3718 914 καὶ
3752 864 3933 913 οἰχο-

2226 953 2472 1021 νομικός.
2503 950 2823 1022 Ἐπαιδεύθη
2846 948 2923 1021 τῷ
2960 947 3121 1002 πάθει
3150 948 3243 1002 τοῦ
3278 947 3569 1016 Στεφάνου.
3612 947 3707 999 Διὸ
3741 947 3933 1000 οὐδὲν

2231 1038 2375 1108 μέγα
2401 1040 2586 1108 ἡγεῖτο
2613 1037 2673 1091 τὸ
2704 1038 2994 1092 ἀποθανεῖν
3027 1036 3166 1107 ὐπὲρ
3196 1035 3292 1089 τοῦ
3324 1035 3700 1107 κηρύγματος,
3738 1036 3802 1086 εἰ
3845 1034 3935 1105 μὴ

2232 1125 2369 1195 μετά
2399 1124 2594 1179 πολλοῦ
2650 1124 2743 1178 τοῦ
2790 1124 3015 1196 κέρδους
3055 1122 3212 1176 τοῦτο
3243 1123 3565 1193 ἐργάσαιτο,
3606 1123 3936 1193 ἄνθρωπος

2227 1213 2347 1266 οὐδέ
2376 1214 2465 1267 τὸν
2491 1213 2721 1284 Χριστὸν
2748 1212 2876 1265 ἰδεῖν
2893 1212 3081 1277 θέλων,
3110 1210 3168 1264 ὃν
3193 1210 3426 1282 μάλιστα
3456 1210 3676 1262 πάντων
3699 1211 3938 1261 ἐσπευ-

2227 1300 2315 1354 δεν
2359 1301 2505 1367 ἰδεῖν,
2548 1300 2735 1372 ἐπειδὴ
2778 1301 2989 1354 οὐδέπω
3034 1301 3340 1371 ἀπήρτιστο
3382 1296 3530 1369 αὐτῷ
3569 1299 3639 1351 τά
3692 1300 3808 1370 τῆς
3839 1300 3936 1362 εἰς

2227 1392 2353 1454 τοὺς
2379 1392 2698 1463 ἀνθρώπους
2726 1390 3333 1463 οἰκονομίας.Τοιαύτην
3360 1386 3501 1446 εἶναι
3530 1390 3634 1461 χρὴ
3659 1390 3768 1462 τὴν
3805 1390 3933 1460 ψυ-

2229 1477 2328 1548 χὴν
2356 1479 2451 1531 τοῦ
2475 1479 2822 1550 Χριστιανοῦ.

2298 1564 2359 1619 δ’.
2390 1567 2523 1619 Ἀπὸ
2554 1568 2853 1639 προοιμίων
2880 1567 2973 1621 καὶ
3001 1566 3110 1620 ἀπὸ
3122 1565 3369 1637 βαλϐῖδος
3384 1565 3551 1633 αὐτῆς
3578 1565 3933 1621 ἐδείκνυτοά

2225 1652 2256 1705 6
2282 1654 2565 1724 χαρακτὴρ
2586 1654 2798 1708 Παύλου
2819 1670 2834 1684 ⁸
2861 1654 3060 1725 μᾶλλον
3087 1655 3145 1708 δέ
3175 1655 3269 1707 καὶ
3298 1654 3403 1723 πρὸ
3429 1652 3640 1707 τούτου.
3698 1654 3803 1705 Ἐν
3840 1648 3936 1717 οἷς

2228 1738 2335 1807 γὰρ
2374 1740 2437 1792 οὐ
2476 1741 2616 1794 κατά
2642 1742 2842 1809 γνῶσιν
2868 1742 3075 1805 ἐποίει,
3106 1739 3431 1811 ἀνθρωπίνῳ
3461 1739 3795 1809 κινούμενος
3829 1740 3935 1792 λο-

2228 1825 2413 1897 γισμῷ
2454 1826 2824 1897 διεπράττετο.
2858 1830 2921 1881 Εἰ
2959 1828 3067 1899 γάρ
3097 1829 3233 1899 μετά
3267 1828 3521 1882 τοσοῦτον
3568 1829 3771 1898 χρόνον
3815 1831 3937 1883 οὐκ

2228 1914 2421 1985 ἡθελεν
2453 1913 2715 1967 ἀναλῦσαι
2739 1928 2755 1943 ⁸
2776 1915 2955 1985 πολλῷ
2984 1916 3183 1985 μᾶλλον
3205 1917 3261 1968 ἐν
3282 1917 3423 1985 ἀρχῇ
3455 1916 3561 1985 τῆς
3582 1916 3891 1984 ἐμπορίας
3916 1954 3933 1977 ,

2227 2002 2352 2072 ἄρτι
2382 2001 2491 2054 τῶν
2516 2001 2749 2071 λιμένων
2776 2000 3028 2067 ἐξελθών.
3065 2003 3180 2056 Οὐκ
3218 2003 3516 2072 ἐξαρπάζει
3556 2002 3614 2055 δὲ
3656 2003 3851 2055 αὐτὸν
3904 2006 3935 2057 6

2229 2089 2459 2158 Χριστὸς
2478 2088 2571 2142 τοῦ
2600 2088 2867 2153 κινδύνου,
2885 2088 2998 2142 ἀλλ’
3023 2089 3251 2160 ἀφίησιν
3273 2106 3287 2118 ο
3311 2090 3501 2160 ἐπειδὴ
3520 2088 3795 2158 βούλεται
3822 2091 3937 2145 καὶ

2228 2174 2323 2227 ἀνθ
2333 2176 2541 2247 ρωπίνῃ
2567 2178 2778 2231 συνέσει
2804 2177 2977 2230 πολλὰ
3002 2177 3269 2245 γίνεσθαι.
3300 2176 3508 2240 Ἀλλως
3536 2176 3595 2229 δέ
3629 2178 3896 2246 ἀφίησεν
3912 2217 3933 2241 ,

2230 2261 2316 2314 ἵνα
2345 2262 2625 2333 μάθωμεν,
2652 2264 2734 2316 ὃτι
2764 2264 2859 2317 καὶ
2888 2265 3042 2318 αὐτοὶ
3080 2264 3356 2336 ἄνθρωποι
3385 2259 3524 2335 ἦσαν
3543 2304 3560 2327 ,
3593 2264 3693 2318 καὶ
3718 2265 3819 2316 ὅτι
3864 2266 3935 2317 οὐ

2229 2349 2503 2420 πανταχοῦ
2536 2350 2598 2404 τὸ
2632 2353 2739 2405 πᾶν
2767 2354 2798 2422 ἡ
2826 2352 2983 2423 χάρις
3010 2353 3263 2424 ἐνήργει·
3295 2353 3419 2406 ἐπεὶ
3439 2353 3486 2405 εἰ
3519 2351 3593 2423 μὴ
3614 2350 3793 2405 τοῦτο
3826 2348 3934 2424 ἦν,

2230 2437 2358 2503 ξύλα
2394 2439 2579 2503 ἁπλῶς
2625 2440 2988 2511 ἐνομίσθησαν
3029 2440 3111 2495 ἄν.
3157 2440 3256 2494 Διά
3291 2458 3372 2492 τοι
3415 2438 3573 2492 τοῦτο
3602 2439 3789 2492 πολλὰ
3826 2443 3935 2493 καὶ

2228 2526 2383 2578 αὐτοί
2408 2526 2721 2597 ᾠκονόμουν
2758 2526 2908 2600 [167]
2937 2526 3026 2581 διὰ
3053 2527 3161 2581 τῶν
3190 2528 3549 2598 πραγμάτων.
3586 2527 3771 2579 Τοῦτο
3823 2530 3932 2580 καὶ

2228 2613 2389 2682 ἡμεῖς
2422 2613 2687 2683 ποιῶμεν,
2724 2615 2817 2668 καὶ
2851 2614 2991 2668 οὕτω
3021 2615 3119 2684 τῆς
3157 2616 3265 2668 τῶν
3293 2615 3535 2685 ἀδελφῶν
3572 2614 3929 2686 ὀρεγώμεθα

2231 2700 2522 2770 σωτηρίας.
2539 2700 2709 2755 Τοῦτο
2732 2703 3030 2774 μαρτυρίου
3049 2704 3147 2757 οὐκ
3163 2703 3404 2766 ἔλαττον,
3435 2702 3596 2773 μηδὲν
3624 2704 3931 2775 παραιτή-

2230 2787 2428 2841 σασθαι
2476 2787 2668 2843 παθεῖν
2711 2789 2801 2844 διὰ
2842 2790 2940 2862 τὴν
2995 2792 3099 2843 τῶν
3148 2790 3359 2845 πολλῶν
3407 2792 3703 2861 σωτηρίαν.
3734 2793 3935 2847 υύδὲν

2228 2872 2399 2938 οὓτως
2429 2875 2709 2946 εὐφραίνει
2736 2877 2827 2929 τὸν
2856 2878 3008 2932 Θεόν.
3041 2878 3209 2930 Πάλιν
3236 2878 3367 2948 ἐρῶ,
3387 2877 3415 2930 ὅ
3438 2877 3697 2941 πολλάκις
3720 2874 3931 2933 εἷπον·

2228 2962 2339 3034 ἐρῶ
2364 2963 2440 3027 δὲ,
2469 2964 2656 3036 ἐπειδὴ
2687 2965 2890 3037 σφόδρα
2910 2966 3040 3019 αὐτὸ
3076 2965 3337 3036 βούλομαι
3364 2983 3377 2995 ·
3405 2966 3527 3019 ἐπεὶ
3562 2966 3658 3018 καὶ
3700 2966 3732 3019 ό
3772 2967 3936 3040 Χρι-

2231 3051 2355 3115 στὸς
2384 3052 2444 3105 τὸ
2467 3052 2599 3105 αὐτὸ
2625 3053 2817 3115 ἐποίει,
2845 3054 2975 3123 περί
2997 3054 3242 3122 ἀφέσεως
3268 3054 3546 3125 παραινῶν
3577 3054 3673 3107 καὶ
3700 3054 3933 3122 λέγων’

2231 3140 2410 3193 Ὅταν
2428 3142 2849 3209 προσεύχησθε
2877 3154 2900 3180 ο
2924 3142 3111 3211 ὑμεῖς.
3137 3142 3343 3212 ἀφίετε
3367 3143 3422 3196 ετ
3460 3160 3511 3196 τι
3545 3142 3704 3195 κατά
3735 3159 3942 3211 τινος

2228 3227 2416 3295 ἔχετε.
2462 3227 2631 3281 Πάλιν
2670 3228 2747 3298 τῷ
2790 3228 2983 3299 Πέτρῳ
3031 3228 3441 3300 διαλεγόμενος,
3477 3230 3558 3282 Οὐ
3583 3227 3745 3298 λέγω
3782 3246 3937 3297 σοι,

2230 3317 2414 3387 φησὶν,
2445 3317 2533 3371 ὅτι
2554 3318 2736 3386 ’Ἄφες
2762 3316 2873 3380 ἕως
2892 3316 3157 3382 ἑπτάκις,
3177 3318 3314 3370 ἀλλ’
3336 3317 3445 3384 ἕως
3464 3317 3939 3385 ἑϐδομηκοντά-

2228 3420 2323 3470 κις
2354 3402 2507 3457 ἐπτὰ
2526 3419 2542 3435 ·
2564 3404 2660 3457 καὶ
2682 3403 2769 3457 διὰ
2799 3403 2910 3456 τῶν
2939 3403 3116 3473 ἔργων
3133 3405 3311 3476 ἀφῆκε
3328 3405 3397 3458 τὰ
3413 3407 3492 3468 εἰς
3523 3403 3690 3458 αὐτὸν
3721 3406 3937 3478 πλημ-

2233 3492 2541 3564 μελήματα.
2578 3492 2732 3546 υῦτω
2752 3492 2816 3565 δὴ
2840 3493 2934 3546 καὶ
2952 3495 3137 3563 ἡμεῖς,
3177 3494 3369 3566 ἐπειδὴ
3402 3493 3558 3564 ἴσμεν
3587 3495 3753 3549 τοῦτο
3783 3499 3934 3569 ὅρον

2229 3580 2655 3653 Χριστιανισμοῦ
2671 3580 2819 3644 ὄντα,
2840 3580 2927 3633 διὰ
2948 3581 3149 3644 παντὸς
3166 3581 3296 3653 περὶ
3319 3582 3483 3635 αὐτοῦ
3514 3582 3935 3654 διαλεγόμεθα.

2303 3668 2468 3721 Οὐδὲν
2496 3667 2828 3739 ψυχρότερον
2851 3669 3179 3742 Χριστιανοῦ
3202 3709 3216 3733 ,
3252 3670 3467 3741 ἐτέρους
3504 3670 3578 3741 μὴ
3609 3672 3939 3739 σώζοντος.

2231 3758 2344 3811 Οὐκ
2372 3757 2513 3829 ἔχεις
2553 3757 2785 3812 ἐνταῦθα
2835 3759 3026 3813 πενίαν
3073 3760 3247 3814 εἰπεῖν
3274 3776 3287 3789 ·
3311 3760 3344 3829 ἡ
3374 3760 3481 3830 γάρ
3509 3759 3579 3812 τά
3609 3758 3707 3813 δύο
3737 3780 3940 3817 κατα-

2230 3844 2472 3898 ϐαλοῦσα
2522 3845 2719 3913 λεπτά,
2769 3848 3161 3918 κατηγορήσει.
3223 3846 3332 3900 Kal
3401 3846 3609 3918 Πέτρος
3662 3848 3883 3917 ἔλεγεν
3912 3868 3937 3887 ο

2244 3933 2541 4002 Ἀργύριον
2584 3933 2686 3988 καὶ
2722 3937 2979 4004 χρυσίον
3010 3936 3124 4003 οὐχ
3155 3933 3412 4004 ὑπάρχει
3439 3952 3560 4003 μοι.
3607 3935 3716 3988 Kal
3749 3936 3942 3994 Παῦ-

2230 4018 2321 4083 λος
2353 4018 2524 4082 ούτως
2546 4014 2616 4091 ἦν
2645 4020 2835 4091 πένης,
2862 4020 2937 4084 ώς
2969 4022 3062 4075 καὶ
3083 4023 3335 4075 πεινᾶσαι
3369 4021 3642 4085 πολλάκις,
3670 4021 3772 4074 καὶ
3802 4021 3938 4094 τῆς

2230 4106 2537 4174 ἀναγκαίας
2566 4108 2841 4179 ἀπορῆσαι
2877 4107 3107 4179 τροφῆς.
3143 4109 3256 4161 Οὐκ
3285 4108 3431 4179 ἔχεις
3471 4108 3786 4176 δυσγένειαν
3832 4113 3936 4164 εἰ-

2231 4196 2356 4247 πεῖν
2387 4210 2400 4223 ·
2421 4193 2516 4259 καὶ
2542 4193 2650 4264 γὰρ
2674 4196 2871 4248 ἐκεῖνοι
2899 4194 3105 4265 ἄσημοι
3131 4190 3294 4267 ἦσαν,
3325 4196 3419 4249 καὶ
3439 4194 3498 4259 ἐξ
3518 4196 3769 4265 ἀσήμων.
3785 4196 3935 4253 Οὐκ

2230 4282 2374 4353 ἔχεις
2413 4281 2679 4335 ἰδιωτείαν
2727 4281 3092 4353 προϐαλέσθαι
3125 4299 3138 4313 ο
3170 4284 3263 4336 καὶ
3293 4282 3402 4353 γὰρ
3444 4283 3638 4335 ἐκεῖνοι
3677 4283 3936 4357 ἀγράμ-

2233 4388 2395 4442 ματοι
2426 4365 2585 4442 ἦσαν.
2623 4370 2737 4425 Κᾶν
2768 4369 2956 4434 δοῦλος
2984 4366 3050 4443 ᾗς
3073 4411 3089 4437 ,
3118 4370 3219 4423 κᾶν
3243 4370 3518 4441 δραπέτης
3538 4410 3551 4431 ,
3590 4369 3805 4443 δυνήσῃ
3850 4375 3944 4430 τὰ

2231 4458 2383 4530 παρά
2410 4458 2607 4512 σαυτοῦ
2641 4458 2960 4530 πληρῶσαι·
2997 4457 3119 4510 ἐπεὶ
3148 4459 3241 4511 καὶ
3273 4458 3301 4509 6
3343 4457 3627 4528 Ὀνὴσιμος
3654 4460 3943 4530 τοιοῦτος

2229 4544 2318 4620 ἦν.
2352 4547 2493 4600 Ἀλλ’
2514 4549 2615 4620 ὅρα
2638 4545 2743 4600 ποῦ
2767 4546 2924 4600 καλεῖ
2950 4546 3134 4608 αὐτὸν,
3180 4546 3273 4598 καί
3306 4547 3384 4608 εἰς
3410 4545 3572 4598 πόσον
3590 4547 3715 4612 ἄγει
3737 4546 3944 4611 ἀξίω-

2233 4656 2332 4709 μα.
2369 4638 2503 4692 Ἵνα
2533 4634 2792 4705 κοινωνῇ
2817 4653 2918 4704 μοι
2941 4675 2956 4700 ,
2984 4637 3149 4708 φησὶν
3169 4676 3183 4698 ,
3224 4635 3294 4688 ἐν
3324 4635 3447 4700 τοῖς
3483 4634 3727 4704 δεσμοῖς
3755 4655 3942 4705 μου,

2231 4727 2345 4781 Οὐκ
2375 4725 2519 4796 ἐχεις
2540 4724 2824 4779 ἀσθένειαν
2847 4725 3048 4777 εἰπεῖν·
3072 4723 3196 4777 ἐπεὶ
3237 4723 3331 4776 καὶ
3368 4722 3629 4792 Τιμόθεος
3652 4725 3943 4797 τοιοῦτος

2228 4809 2317 4885 ἦν,
2365 4812 2575 4876 πυκνάς
2627 4811 2765 4883 ἔχων
2812 4812 2911 4876 τὰς
2948 4809 3255 4875 ἀσθενείας.
3286 4811 3405 4865 Ὀτι
3439 4811 3496 4865 δὲ
3528 4810 3760 4883 ἀσθενὴς
3798 4810 3891 4887 ἦν
3912 4860 3942 4887 ,

2230 4903 2394 4958 ἄκουε
2419 4918 2433 4933 ο
2462 4902 2614 4966 Οῖνῳ
2641 4902 2822 4972 ὀλίγῳ
2851 4898 2974 4969 χρῶ
3017 4899 3113 4953 διὰ
3143 4900 3250 4953 τὸν
3288 4902 3593 4970 στόμαχόν
3630 4917 3751 4955 σου
3809 4908 3946 4963 καὶ

2228 4992 2336 5059 τὰς
2389 4988 2628 5056 πυκνάς
2682 5007 2798 5043 σου
2851 4989 3189 5055 ἀσθενείας.
3245 4988 3475 5042 Δύναται
3528 4989 3756 5051 ἕκαστος
3815 4992 3947 5049 τὸν

2229 5080 2457 5151 πλησίον
2487 5078 2737 5148 ὠφελεῖν,
2773 5079 2866 5132 ἐάν
2896 5079 3025 5151 θέλῃ
3047 5078 3117 5131 τά
3145 5081 3275 5150 παρ’
3303 5077 3466 5132 αὐτοῦ
3500 5078 3763 5149 πληροῦν.
3787 5083 3945 5158 Οὐχ

2228 5172 2389 5242 ὁρᾶτε
2417 5169 2484 5222 τά
2500 5168 2691 5240 δένδρα
2710 5166 2779 5220 τὰ
2800 5167 3025 5237 ἄκαρπα
3042 5166 3157 5230 πῶς
3185 5168 3331 5219 ἐστιν
3357 5167 3569 5237 ἰσχυρά,
3594 5165 3712 5229 πῶς
3730 5170 3942 5240 καλὰ,

2227 5257 2466 5327 εὐμήκη,
2501 5256 2619 5308 λεῖα
2648 5255 2741 5308 καὶ
2772 5254 2986 5326 ὐψηλά;
3031 5254 3171 5307 Ἀλλ’
3208 5254 3256 5307 εἰ
3292 5254 3619 5325 παράδεισον
3650 5255 3945 5325 ἔχοιμεν,

2229 5343 2553 5414 βουλοίμεθα
2596 5342 2662 5396 ἂν
2707 5342 2879 5413 ροιάς,
2920 5343 3106 5405 ἐλαίας
3141 5342 3286 5413 ἔχειν
3318 5341 3676 5412 καρπίμουςῐ
3713 5345 3949 5420 πολλῷ

2231 5431 2432 5502 μᾶλλον
2455 5432 2488 5502 ἢ
2520 5432 2692 5485 ταῦτα
2718 5448 2731 5462 ’
2765 5434 2949 5485 ἐκεῖνα
2981 5429 3091 5501 γὰρ
3123 5431 3257 5501 πρὸς
3275 5430 3468 5501 τέρψιν
3496 5430 3649 5492 εἰσὶν,
3672 5429 3736 5482 οὐ
3759 5435 3949 5505 πρὸς

2226 5520 2498 5587 ὠφέλειαν
2523 5536 2535 5548 ·
2567 5520 2662 5574 καὶ
2688 5521 2721 5590 ἡ
2746 5519 2985 5589 ὠφέλεια
3025 5518 3084 5571 δὲ
3122 5519 3298 5589 μικρά
3342 5518 3426 5582 τίς
3467 5519 3603 5570 ἐστι.
3648 5517 3947 5579 Τοιοῦτοί

2226 5613 2363 5664 εἰσιν
2405 5609 2456 5663 οἰ
2496 5609 2564 5663 τὰ
2602 5607 2783 5662 αὐτῶν
2827 5608 2989 5678 μόνον
3035 5605 3364 5670 σκοποῦντες
3388 5621 3401 5634 ·
3443 5605 3643 5675 μᾶλλον
3673 5604 3734 5658 δὲ
3770 5608 3947 5667 οὐδὲ

2290 5750 2313 5778 ⁸
2346 5746 2448 5806 "is,
2473 5748 2553 5795 καὶ
2593 5750 2712 5802 πῶς,
2756 5748 2921 5809 φησὶν,
2964 5747 3140 5809 ἐκεῖνος
3176 5748 3362 5809 φεύγει;
3404 5750 3583 5809 ratem
3641 5748 3941 5809 nonjmlli.

2285 5811 2310 5846 d
2338 5811 2542 5868 Quidum
2568 5807 2879 5857 ἐπεδείκνυτο.
2951 5812 2974 5838 ο
3012 5808 3148 5857 Unus
3177 5808 3282 5855 cod.
3468 5807 3679 5875 ἀφέσεως
3734 5807 3945 5855 διαλει-

2285 5888 2437 5919 ιιενοε.
2458 5871 2611 5919 Ὅταν
2638 5871 2981 5919 ποοσεύγησθι.
3070 5870 3088 5910 ί
3137 5869 3270 5919 Unus
3321 5884 3351 5895 "
3448 5869 3605 5916 ἐλαίαν
3646 5883 3773 5919 εγειν
3824 5872 3944 5919 ὦ.

2234 5872 2437 5932 (ὁμενος,
2458 5871 2611 5922 ’Ὀταν
2638 5871 2981 5934 προσεύχησθε.
3070 5870 3088 5910 ί
3137 5869 3270 5920 Unus
3304 5869 3413 5919 00d.
3448 5869 3605 5916 ἐλαίαν
3646 5869 3773 5929 ἐχειν
3824 5872 3944 5923 ὦ.

2231 5948 2425 5983 καρπον.
3508 5978 3513 5984 .
