3978 6508
204 426 281 486 161
698 448 712 457 ·
1130 417 1195 474 ΙΝ
1232 416 1411 473 ACTA
1443 410 1962 471 APOSTOLORUM.
2005 413 2230 471 llOMlL.
2276 415 2396 473 XX.

201 536 471 595 clarabant.
507 535 617 592 Nec
655 531 837 589 Iesum
875 530 1259 598 nominabant,
1284 527 1425 599 quod
1460 543 1526 583 ex
1560 525 1757 582 invidia

204 648 255 686 ne
294 644 484 683 nomen
530 627 746 699 quidem
787 625 973 680 audire
1013 625 1343 679 sustinerent
1383 639 1397 675 :
1440 621 1519 675 sic
1555 619 1757 675 eﬂ‘erati

200 732 354 781 erant.
386 721 451 776 Et
484 722 585 775 huc
617 730 879 791 prspterea
909 718 1057 772 venit.
1085 717 1199 771 Non
1240 729 1522 787 possumus
1549 713 1756 779 dicere,

200 815 371 885 inquit,
399 813 544 884 quod
575 813 719 883 prius
750 827 870 867 cum
906 809 1161 881 apostolis
1188 807 1368 863 fuerit.

254 908 303 962 3.
344 906 481 961 Vide
504 947 519 971 ,
558 921 714 975 quam
759 903 941 959 multis
982 902 1296 957 testimoniis
1330 916 1396 957 ex
1426 899 1759 955 inimicorum

199 1014 404 1057 numero
433 998 598 1054 fuisse
627 997 823 1055 Paulus
845 996 1164 1052 declaretur.
1195 996 1285 1051 Ille
1314 1009 1442 1050 vero
1469 1008 1571 1048 non
1601 993 1760 1048 modo

197 1092 265 1145 his
287 1107 394 1144 non
420 1088 867 1153 confundebatur,
897 1086 991 1142 sed
1017 1096 1070 1142 et
1093 1085 1434 1155 gloriabatur.
1456 1083 1545 1137 22.
1571 1082 1763 1138 Saulus

197 1193 345 1235 autem
374 1182 533 1251 magis
561 1179 931 1235 convalescebat
951 1220 968 1247 ,
999 1188 1046 1233 et
1074 1177 1409 1249 confundebat
1436 1175 1644 1229 Judazos
1664 1216 1679 1239 ,
1710 1173 1761 1229 id

196 1284 282 1336 est,
312 1266 645 1337 confutabat,
679 1285 778 1326 nec
806 1269 948 1340 loqui
980 1268 1207 1336 sinebat,
1243 1268 1497 1339 a/ﬁrmans
1523 1265 1761 1336 quoniam

195 1367 263 1420 hic
295 1377 372 1420 est
407 1364 658 1420 Christus.
691 1366 932 1429 Docens,
963 1364 1133 1434 inquit
1161 1381 1174 1417 :
1206 1379 1327 1418 nam
1368 1362 1549 1417 statim
1576 1360 1762 1415 doctor

194 1460 295 1515 fuit.
324 1458 417 1514 23.
447 1459 571 1513 Cum
599 1471 765 1511 autem
794 1459 1117 1530 implerentur
1151 1457 1256 1512 dies
1285 1456 1463 1521 multi,
1502 1455 1763 1526 conspira-

194 1559 352 1604 reruut
380 1548 573 1614 Judwi,
603 1559 655 1602 ut
685 1550 827 1602 illum
854 1550 1207 1617 interﬁcerent.
1238 1547 1319 1602 Ad
1346 1547 1575 1602 validum
1602 1546 1762 1618 syllo-

193 1643 410 1713 gistnmn
461 1655 644 1695 rursus
690 1640 910 1695 veniunt
951 1639 1142 1695 Judmi.
1187 1639 1300 1695 Non
1346 1640 1487 1694 enim
1532 1638 1762 1708 amplius

194 1735 571 1804 sycophantas.
603 1742 939 1787 accusatores
979 1742 1034 1787 et
1080 1730 1241 1787 falsos
1286 1740 1447 1787 testes
1484 1739 1760 1801 qumrunt,

195 1840 350 1893 neque
391 1824 526 1879 ultra
570 1824 688 1878 illos
718 1822 931 1889 ferunt;
967 1822 1061 1878 sed
1089 1823 1253 1893 quid?
1280 1824 1501 1877 Demum
1542 1823 1638 1892 ipsi
1667 1837 1763 1891 per

193 1918 389 1985 scipsos
420 1916 521 1971 hoc
544 1927 854 1986 operantur.
886 1916 1019 1983 Quia
1047 1917 1189 1971 enim
1231 1916 1480 1971 videbant
1521 1931 1633 1970 rem
1664 1930 1761 1969 au-

193 2009 321 2078 geri,
370 2026 479 2063 non
524 2009 658 2064 ultra
699 2008 954 2079 judicium
984 2008 1253 2064 adhibent.
1296 2008 1387 2063 24.
1423 2006 1569 2062 Notae
1595 2017 1760 2061 autem

192 2107 324 2174 facta?
366 2114 490 2157 sunt
534 2103 697 2157 Saulo
738 2102 936 2157 insidia:
971 2118 1163 2156 eorum.
1201 2100 1557 2155 Custodiebant
1596 2110 1762 2153 autem

194 2207 349 2265 portas
382 2198 465 2249 die
490 2213 550 2249 ac
576 2206 720 2250 nocte
745 2237 759 2258 ,
792 2205 847 2248 ut
872 2212 981 2248 eum
1020 2195 1373 2263 interﬁcerent.
1405 2193 1618 2262 Quare?
1641 2192 1762 2263 quia

193 2289 281 2342 hoc
318 2290 427 2343 illis
468 2286 854 2343 intolerabilius
878 2295 992 2341 erat
1016 2286 1262 2339 omnibus
1286 2326 1300 2349 ,
1327 2300 1445 2354 quae
1485 2284 1616 2338 iacta
1647 2282 1764 2337 fue-

193 2390 317 2446 rant,
347 2380 543 2449 signis.
574 2381 784 2450 illisque
810 2381 1039 2451 quinque
1069 2378 1318 2443 millibus,
1350 2376 1622 2446 tribusque
1648 2376 1767 2430 mil-

192 2477 282 2527 bus
308 2475 609 2528 conversis.
639 2473 706 2527 Et
733 2473 852 2527 vide
878 2474 1022 2526 illum
1051 2472 1158 2543 jam
1188 2487 1293 2526 nor.
1321 2471 1511 2542 gratia,
1538 2469 1633 2525 sed
1662 2468 1764 2523 hu-

199 2582 337 2620 mana
366 2566 632 2635 sapientia
659 2565 881 2629 servari,
905 2571 965 2618 ut
988 2564 1162 2620 discas
1190 2563 1288 2617 viri
1314 2563 1586 2629 virtutem,
1605 2560 1765 2616 etiam

196 2661 381 2727 absque
402 2658 676 2713 miraculis
699 2658 1001 2727 fulgentem.
1024 2655 1112 2710 25.
1137 2654 1449 2725 Accipientes
1468 2662 1632 2706 autem
1654 2668 1767 2707 eum

200 2750 425 2819 discipuli
446 2761 620 2810 noctu,
647 2765 735 2817 per
761 2764 958 2801 murum
983 2746 1286 2801 demiserunt
1313 2761 1447 2809 eum,
1470 2745 1765 2797 submitten-

202 2852 264 2892 tes
284 2843 331 2893 in
354 2848 555 2909 sporta.
586 2838 735 2903 Jure,
766 2839 843 2892 sic
868 2848 924 2892 ut
949 2854 1037 2893 res
1061 2836 1362 2906 suspicione
1381 2842 1606 2891 careret.
1629 2832 1768 2901 Quid

205 2935 349 3003 ergo?
383 2948 451 2986 an
503 2933 607 2987 hoc
647 2931 859 3002 elapsus
907 2929 1143 2999 periculo
1182 2927 1476 2984 desistit“?
1514 2926 1766 2993 Minime;

209 3028 291 3079 scd
322 3028 406 3079 illo
434 3025 583 3086 abit,
615 3024 702 3078 ubi
733 3023 899 3093 magis
934 3022 1055 3078 illus
1080 3021 1435 3091 aggrediatur.
1467 3018 1598 3074 Nam
1629 3017 1770 3089 quod

220 3134 329 3172 vere
346 3118 602 3187 crederet,
626 3116 799 3172 adhuc
821 3115 968 3171 multi
994 3114 1213 3170 credere
1234 3128 1338 3169 non
1363 3120 1623 3183 poterant.
1647 3109 1771 3166 Ideo

224 3221 334 3284 po~t
357 3212 536 3266 multos
564 3210 680 3265 dies
719 3209 821 3264 hoc
861 3208 1059 3264 evenit.
1090 3205 1352 3274 Quidnam
1383 3204 1486 3259 hoc
1513 3204 1635 3259 est?
1663 3202 1771 3258 Ve-

222 3304 419 3358 risimile
439 3314 521 3359 est
552 3302 697 3359 illum
729 3301 962 3357 nondum
1004 3298 1239 3354 voluisse
1271 3296 1430 3352 istinc
1466 3293 1768 3367 proficisci,

211 3395 374 3449 multis
414 3396 600 3450 forsan
646 3391 985 3448 monentibus
1015 3408 1030 3445 :
1061 3389 1152 3445 ubi
1189 3397 1366 3444 autem
1411 3388 1528 3443 btec
1553 3386 1770 3451 didicit,

204 3496 319 3540 tunc
348 3483 590 3555 permisit
616 3484 887 3555 discipulis
925 3483 1036 3539 suis
1066 3501 1081 3538 :
1112 3496 1234 3537 nam
1269 3481 1447 3536 statim
1485 3479 1774 3549 discipulos

194 3577 394 3633 habuit.
425 3578 544 3633 Hoc
571 3575 912 3632 subindicans
937 3574 1185 3630 dicebat:
1210 3569 1449 3626 Damasci
1476 3569 1775 3641 prtepositus

188 3671 346 3739 gentis
375 3671 549 3724 Aretaa
572 3668 702 3739 regis
731 3666 1037 3722 custodiebat
1055 3666 1303 3720 civitatem
1321 3660 1772 3726 Damascenorum,

186 3763 356 3815 wlens
397 3779 482 3816 me
517 3759 939 3830 comprehendere
978 3756 1075 3828 (2.
1105 3754 1224 3812 Cor.
1259 3755 1346 3810 11.
1388 3752 1520 3825 52).
1562 3753 1627 3809 Et
1654 3752 1776 3809 vide

182 3853 576 3924 evangelistam
608 3850 741 3906 nihil
768 3850 1049 3905 ambitiose
1076 3849 1405 3918 loquentem,
1434 3861 1605 3917 neque
1633 3846 1776 3925 Pau-

180 3945 291 4001 lum
321 3947 538 4002 clarum
571 3943 912 4000 exhibentem
935 3983 949 4007 ,
976 3940 1071 3997 sed
1100 3942 1271 3996 solum
1300 3938 1442 4011 quod
1470 3954 1648 4009 regem
1678 3953 1776 3993 ex-

177 4040 494 4095 citaverint.
526 4037 682 4092 Illum
710 4036 870 4107 igitur
902 4032 1075 4090 solum
1106 4031 1427 4098 emiserunt,
1454 4039 1508 4086 et
1535 4044 1656 4085 cum
1685 4028 1778 4084 illo

176 4132 483 4186 neminem.
512 4126 574 4184 Id
599 4141 810 4198 quoque
833 4133 1204 4197 congruenter,
1229 4132 1286 4177 ut
1311 4123 1423 4193 ipse
1446 4120 1701 4193 apostolis
1724 4120 1777 4175 in

175 4224 493 4279 Jerusalem
533 4236 657 4277 sese
684 4219 993 4277 ostenderet
1022 4238 1036 4275 :
1067 4217 1174 4273 imo
1211 4216 1286 4271 illi
1324 4215 1540 4287 quidem
1579 4213 1779 4270 emise-

175 4326 324 4383 runt,
351 4326 415 4369 ut
444 4313 645 4369 deinde
676 4311 789 4383 ipse
811 4311 1034 4366 salutem
1059 4325 1207 4364 suam
1235 4318 1483 4374 curaret;
1512 4307 1626 4377 ipse
1651 4320 1780 4361 vero

169 4406 525 4461 contrarium
549 4402 771 4470 faciens,
795 4401 864 4457 ad
885 4403 1120 4457 furentes
1142 4400 1320 4456 statim
1344 4399 1645 4455 transilivit.
1668 4398 1781 4453 Hoc

168 4509 254 4553 cat
283 4496 521 4553 incendi
547 4536 564 4561 ,
594 4494 695 4549 hoc
723 4493 951 4548 maxime
979 4493 1206 4549 fervere.
1248 4491 1314 4546 Et
1353 4489 1620 4561 perpende
1642 4503 1778 4560 quo-

166 4592 336 4646 modo
360 4595 660 4659 sequatur,
682 4601 710 4639 a
733 4585 905 4655 primo
923 4583 1010 4638 die
1034 4592 1354 4653 praeceptum
1376 4595 1616 4645 servans,
1637 4579 1780 4651 quod

166 4683 486 4737 audierunt
524 4677 754 4748 aposnoli
785 4695 799 4731 :
832 4675 950 4730 Nisi
977 4675 1091 4746 quis
1126 4675 1272 4728 tollat
1299 4690 1497 4728 crucem
1524 4690 1668 4727 suam
1687 4714 1701 4738 ,
1732 4681 1783 4727 et

162 4784 425 4844 sequatur
460 4786 548 4825 me
574 4768 785 4837 (Matth.
813 4766 900 4822 10.
928 4766 1039 4837 38).
1063 4764 1213 4833 Quod
1242 4780 1368 4835 ergo
1397 4774 1512 4836 post
1534 4765 1669 4820 alios
1692 4778 1783 4820 ve-

166 4869 392 4932 nisset,
444 4864 560 4919 hoc
606 4863 752 4917 illum
794 4861 1165 4931 ferventiorem
1207 4860 1481 4916 reddebat.
1524 4859 1593 4915 Et
1620 4875 1783 4930 opere

161 4959 297 5015 illud
332 4955 685 5027 implebatur
707 4972 720 5008 :
746 4952 839 5009 Cui
867 4953 1078 5007 multum
1104 4953 1392 5019 dimittitur,
1414 4953 1458 5006 is
1478 4952 1594 5021 plus
1612 4952 1783 5022 diliget

167 5050 326 5119 (Luc.
359 5050 426 5103 7.
462 5048 589 5116 47).
617 5046 797 5115 Itaque
824 5054 1021 5117 quanto
1051 5044 1253 5099 tardius
1280 5044 1461 5109 venit,
1488 5052 1635 5099 tanto
1665 5043 1783 5114 plus

159 5143 399 5198 amavit.
431 5140 679 5210 Ideoque
701 5138 931 5208 priorem
955 5137 1116 5191 vitam
1138 5152 1286 5190 suam
1307 5144 1488 5205 aperte
1503 5135 1781 5201 damnans,

162 5249 408 5305 seseque
439 5242 667 5293 notans,
699 5229 827 5284 nihil
855 5229 985 5283 satis
1012 5243 1130 5283 esse
1158 5228 1392 5297 putabat,
1423 5236 1480 5281 ut
1505 5227 1679 5295 priora
1708 5234 1783 5281 tc-

160 5337 340 5395 geret.
377 5322 744 5390 Conﬁrmans.
774 5319 942 5390 inquit
974 5336 989 5373 :
1021 5318 1071 5373 id
1098 5328 1198 5376 est.
1226 5333 1347 5372 cum
1377 5316 1786 5372 mansuetudine

164 5421 404 5473 docens.
437 5414 527 5468 Et
554 5411 674 5466 vide
702 5429 715 5465 :
744 5427 847 5466 non
874 5410 1058 5466 dicunt
1081 5410 1129 5464 ei
1156 5427 1170 5463 ε
1196 5409 1276 5464 Tu
1310 5423 1370 5471 es
1407 5408 1498 5479 qui
1536 5408 1785 5463 devasta-

165 5511 295 5574 bus;
338 5524 461 5566 cur
511 5514 748 5561 mutatus
776 5505 868 5559 es?
905 5502 1289 5559 erubescebant
1316 5502 1495 5568 enim;
1524 5501 1619 5556 sed
1647 5501 1787 5556 inter

166 5620 223 5658 se
262 5601 578 5657 dicebant.
620 5595 851 5651 Dixisset
889 5594 1031 5650 enim
1076 5593 1244 5648 multo
1280 5592 1511 5662 justius,
1540 5591 1653 5648 Hoc
1690 5606 1786 5646 vos

169 5698 338 5769 nugis
366 5693 599 5749 docere
622 5695 833 5759 oportet
860 5705 874 5743 :
900 5703 1021 5742 nam
1044 5685 1183 5757 apud
1214 5686 1499 5758 Agrippam
1525 5683 1596 5741 ita
1622 5682 1787 5739 ratio-

230 5855 249 5886 ⁸
282 5851 390 5907 Alit
419 5848 638 5912 legunt,
660 5844 803 5909 fugit,
822 5857 925 5910 pro,
950 5840 1152 5895 desistit.

1984 208 2003 235 Ω

3336 426 3439 485 l8?

1868 541 1991 581 nem
2020 529 2211 584 reddit.
2241 529 2394 585 llunc
2418 531 2686 587 imitemur
2709 542 2767 587 et
2784 546 2902 600 nos,
2931 549 3132 606 quaeso,
3159 545 3216 593 et
3237 543 3303 592 ad
3325 555 3429 594 om.

1866 622 1954 673 nia
1989 622 2153 676 simus
2197 623 2428 691 pericula
2468 625 2733 679 instructi.
2765 625 2831 679 Et
2860 629 3125 693 quomodo
3146 673 3163 697 ,
3196 632 3437 703 inquies,

1868 709 1959 766 ille
1986 713 2191 782 fugit"!
2218 714 2330 768 Non
2361 731 2427 769 ex
2458 716 2767 782 timiditate,
2794 721 2887 773 sed
2922 735 2981 774 se
3010 722 3074 775 ad
3107 725 3439 793 praedicatio-

1868 806 1990 856 nem
2019 803 2282 858 servabat.
2310 804 2366 860 Si
2396 806 2608 861 timidus
2647 807 2862 876 fuisset,
2903 826 3011 865 non
3050 812 3438 885 Jerosnlymam

1866 894 2118 958 venisset,
2150 910 2254 950 non
2282 897 2459 950 statim
2486 897 2780 954 doctrinam
2806 902 3155 972 suscepisset;
3184 918 3249 959 ex
3280 906 3443 961 vehe-

1868 985 2066 1039 mentia
2103 986 2301 1057 aliquid
2339 990 2652 1046 remisisset.
2685 991 2880 1049 Verum
2910 1011 3014 1051 non
3045 1006 3161 1051 erat
3189 998 3434 1069 timidus,

1866 1077 1960 1131 sed
1991 1076 2224 1147 prudens
2245 1120 2258 1143 ,
2290 1078 2546 1150 Stephani
2572 1084 2717 1139 cmde
2743 1086 2983 1144 edoctus.
3016 1087 3136 1144 Ideo
3165 1091 3293 1145 nihil
3323 1106 3425 1144 nia-

1866 1183 2026 1238 gnum
2057 1169 2272 1238 putabat
2299 1187 2417 1226 esse
2458 1187 2554 1242 pro
2582 1174 2961 1243 praedicatione
2989 1181 3157 1247 mori,
3190 1181 3288 1234 nisi
3316 1197 3436 1235 cum

1867 1274 2059 1329 magno
2085 1260 2232 1316 lucro
2261 1261 2312 1317 id
2343 1263 2489 1319 fieret
2518 1282 2532 1318 :
2557 1264 2715 1322 homo
2744 1282 2811 1321 ne
2834 1266 3105 1326 Christum
3126 1270 3341 1341 quidem
3362 1272 3437 1325 vi-

1865 1348 1994 1405 dere
2020 1351 2220 1418 volens,
2254 1370 2410 1423 quem
2442 1356 2672 1411 maxime
2693 1358 2929 1414 omnium
2955 1359 3136 1417 videre
3158 1362 3435 1432 cupiebat;

1865 1444 2112 1512 quoniam
2157 1447 2388 1500 nondum
2428 1463 2582 1503 suum
2627 1465 2751 1521 erga
2800 1450 3041 1515 homines
3083 1455 3436 1512 ministerium

1867 1534 2141 1605 impletum
2159 1549 2292 1593 erat.
2315 1539 2498 1595 Talem
2520 1552 2728 1611 oportet
2747 1559 2866 1600 esse
2881 1545 3162 1604 Christiani
3183 1552 3434 1607 animam.

1937 1629 1990 1685 4.
2024 1630 2104 1685 Ab
2143 1631 2291 1686 initio
2318 1644 2372 1687 et
2398 1633 2467 1688 ab
2492 1634 2606 1704 ipso
2634 1652 2823 1692 cursus
2865 1641 3124 1712 principio
3163 1642 3441 1703 character

1865 1718 2018 1774 Pauli
2044 1720 2413 1780 declarabatur
2438 1742 2451 1780 :
2480 1726 2588 1781 imo
2614 1736 2669 1782 et
2705 1738 2859 1784 antea
2890 1747 2902 1784 :
2934 1746 3053 1787 nam
3082 1733 3134 1789 in
3161 1734 3227 1789 iis
3256 1737 3437 1803 etiam,

1867 1828 1987 1882 quae
2013 1828 2118 1868 non
2146 1816 2437 1871 secundum
2465 1819 2742 1874 scientiam
2772 1819 3035 1891 faciebat,
3063 1823 3295 1883 humano
3320 1844 3440 1885 mo-

1868 1911 1953 1959 tus
1979 1906 2257 1963 ratiocinio
2282 1922 2341 1963 se
2364 1909 2600 1979 gerebat.
2623 1911 2679 1967 Si
2707 1914 2847 1968 enim
2870 1925 2990 1985 post
3009 1925 3211 1977 tantum
3236 1928 3443 1992 tempus

1867 2014 1971 2053 non
2003 2002 2250 2071 cupiebat
2278 2006 2505 2073 resolvi,
2538 2009 2704 2063 multo
2730 2010 2900 2081 magis
2937 2011 3087 2069 initio
3125 2017 3443 2087 negotiatio-

1867 2090 1985 2157 nis,
2017 2108 2185 2163 nuper
2209 2112 2240 2150 e
2266 2107 2422 2166 portu
2454 2113 2722 2168 egressus.
2753 2100 2869 2155 Non
2901 2104 3058 2175 eripit
3086 2116 3262 2162 autem
3292 2109 3439 2164 illum

1867 2186 2112 2243 Christus
2137 2205 2166 2244 a
2196 2191 2452 2260 periculo,
2484 2192 2581 2247 sed
2614 2194 2834 2251 dimittit
2861 2213 2874 2252 :
2903 2198 3023 2267 quia
3051 2200 3161 2255 vult
3187 2203 3348 2260 multa
3376 2221 3441 2263 ex

1868 2278 2097 2335 humana
2128 2282 2404 2351 prudentia
2443 2284 2579 2339 fieri.
2620 2286 2867 2357 Alioquin
2905 2288 3158 2356 dimittit,
3189 2302 3244 2349 ut
3268 2295 3441 2350 disca-

1868 2368 1987 2428 mus
2014 2374 2154 2445 ipsos
2176 2376 2334 2431 etiam
2363 2376 2608 2434 homines
2632 2378 2817 2449 fuisse,
2842 2397 3011 2452 neque
3035 2399 3246 2456 semper
3266 2390 3441 2444 omnia

1867 2467 2089 2536 gratiam
2117 2468 2346 2536 operari.
2376 2468 2489 2526 Nisi
2514 2472 2657 2526 enim
2687 2473 2790 2528 hoc
2815 2482 2976 2536 esset.
3003 2475 3142 2545 ligna
3168 2494 3287 2535 esse
3315 2482 3442 2537 sim-

1869 2557 2078 2626 pliciter
2112 2559 2398 2616 existimati
2434 2561 2676 2618 fuissent.
2716 2564 2842 2620 ldeo
2884 2567 3047 2623 multa
3088 2571 3185 2641 ipsi
3215 2572 3445 2631 admini-

1868 2648 2127 2706 Strabant.
2154 2654 2265 2709 lloc
2290 2665 2346 2709 et
2370 2671 2469 2712 nos
2492 2656 2772 2726 faciamus,
2795 2668 2850 2714 et
2877 2660 2947 2714 ita
2974 2660 3191 2719 fratrum
3219 2668 3444 2724 salutem

1868 2746 2268 2802 curemus.Non
2296 2757 2377 2804 est
2404 2751 2663 2823 martyrio
2684 2752 2881 2820 minus,
2911 2753 3041 2809 nihil
3066 2758 3170 2826 pati
3198 2774 3447 2819 recusare

1870 2837 1941 2893 ob
1967 2840 2252 2895 multorum
2283 2843 2545 2910 salutem;
2574 2843 2704 2898 nihil
2736 2844 2810 2899 ita
2837 2844 3002 2901 Deum
3029 2847 3279 2905 laetificat.
3310 2851 3446 2906 Rur-
3529 2839 3537 2848 ’

1870 2936 1989 2978 sum
2018 2923 2186 2979 dicam
2213 2924 2298 2991 id,
2323 2927 2465 2998 quod
2494 2942 2638 2997 saepe
2663 2927 2808 2995 dixi;
2834 2930 3039 2995 dicam,
3069 2934 3188 3003 quia
3216 2934 3267 2990 id
3296 2935 3449 2995 valde

1871 3016 2029 3086 cupio
2056 3036 2070 3073 :
2095 3018 2344 3088 quoniam
2372 3029 2428 3075 et
2448 3010 2695 3077 Christus
2721 3022 2948 3093 idipsum
2980 3023 3238 3093 faciebat,
3266 3027 3333 3084 de
3359 3046 3446 3090 re-

1873 3106 2127 3165 missione
2156 3110 2449 3168 admonens
2470 3124 2524 3177 et
2546 3113 2729 3170 dicens
2759 3135 2771 3169 :
2803 3116 3020 3183 Quando
3042 3121 3198 3174 oratis
3225 3126 3309 3176 vos
3328 3164 3342 3187 ,
3370 3139 3451 3177 re.

1873 3200 2053 3255 mittite
2079 3203 2124 3256 si
2147 3204 2270 3271 quid
2299 3215 2475 3259 contra
2509 3207 2727 3277 aliquem
2760 3208 2949 3264 habetis
2976 3212 2994 3279 (
3018 3210 3203 3266 Matth.
3235 3214 3288 3269 5.
3319 3213 3445 3285 23).

1876 3286 2104 3348 Rursum
2136 3294 2295 3351 Petro
2319 3297 2558 3367 loquens,
2582 3299 2753 3370 inquit
2776 3317 2791 3355 :
2818 3300 2936 3355 Non
2964 3302 3077 3357 dico
3102 3305 3208 3370 tibi,
3234 3303 3452 3361 Remitte

1874 3401 2033 3455 usque
2080 3388 2293 3457 septies,
2336 3390 2425 3442 sed
2465 3405 2623 3457 usque
2668 3393 2950 3462 septuagies
2996 3396 3177 3462 septies
3205 3395 3324 3469 (Id.
3356 3398 3446 3454 18.

1876 3476 2007 3549 22);
2050 3494 2213 3549 reque
2253 3480 2364 3551 ipsa
2404 3481 2641 3549 dimisit,
2677 3500 2795 3554 qum
2830 3496 3014 3541 contra
3046 3488 3217 3557 ipsum
3247 3498 3449 3560 patrata

1875 3579 2022 3626 sunt.
2046 3570 2118 3624 lta
2141 3579 2193 3626 et
2217 3587 2313 3626 nos
2336 3572 2455 3643 quia
2484 3574 2726 3630 novimus
2748 3574 2886 3631 hunc
2912 3592 3031 3632 esse
3057 3594 3279 3650 scopum
3300 3580 3453 3637 Chri-

1875 3662 2162 3729 Stianismi,
2189 3662 2257 3719 de
2283 3662 2383 3720 hac
2409 3680 2469 3721 re
2494 3681 2707 3737 semper
2728 3668 3059 3725 disserimus.

1950 3756 2264 3811 Christianus
2306 3758 2522 3811 aliorum
2561 3759 2772 3813 salutem
2807 3777 2983 3815 curare
3017 3763 3177 3817 debet.
3204 3794 3278 3805 —
3311 3763 3451 3821 Nihil

1878 3848 2118 3921 frigidius
2142 3850 2443 3907 Christiano
2462 3892 2477 3918 ,
2506 3852 2596 3923 qui
2630 3854 2853 3908 aliorum
2884 3856 3108 3911 salutem
3138 3873 3243 3912 non
3279 3869 3451 3913 curat.

1877 3941 1995 3998 Non
2025 3953 2175 4013 potes
2202 3945 2286 4001 hic
2310 3953 2673 4016 paupertatem
2704 3947 2999 4002 obtendere
3022 3966 3035 4002 :
3060 3964 3181 4003 nam
3209 3966 3327 4020 quae
3348 3951 3455 4006 dno

1880 4037 2081 4092 minuta
2110 4037 2322 4107 injecit,
2351 4046 2404 4093 te
2431 4039 2719 4094 accusabit.
2749 4038 2818 4093 Et
2860 4039 3047 4093 Petrus
3081 4039 3324 4108 dicebat,
3353 4042 3454 4096 Ar-

1880 4137 2080 4201 gentum
2106 4138 2151 4183 et
2177 4146 2357 4184 aurum
2379 4146 2479 4184 non
2507 4140 2578 4184 est
2605 4130 2731 4183 mihi
2754 4131 2889 4199 (Act.
2922 4131 2975 4185 5.
3006 4130 3084 4201 6).
3114 4131 3305 4187 Paulus
3328 4134 3455 4188 item

1879 4222 2015 4277 adeo
2039 4236 2237 4291 pauper
2255 4231 2389 4288 erat,
2413 4230 2471 4275 ut
2496 4237 2639 4291 smpe
2658 4223 2906 4288 esuriret,
2931 4230 2985 4278 et
3011 4224 3312 4280 necessario
3337 4224 3458 4281 cibo

1881 4322 2107 4368 careret.
2141 4311 2256 4368 Non
2299 4320 2449 4382 potes
2492 4311 2871 4383 ignobilitatem
2916 4313 3201 4382 proferre:
3233 4330 3353 4369 nam
3381 4316 3457 4372 illi

1884 4403 2143 4474 ignobiles
2169 4411 2321 4459 erant
2343 4444 2357 4468 ,
2386 4418 2452 4458 ex
2479 4403 2798 4474 ignobilibus
2822 4403 2949 4459 orti.
2974 4403 3091 4460 Non
3129 4414 3280 4475 potes
3317 4421 3459 4478 prte-

1884 4504 2066 4551 texere
2104 4504 2155 4550 te
2193 4494 2411 4550 idiotam
2446 4510 2567 4550 esse
2596 4511 2611 4547 :
2645 4511 2767 4550 nam
2804 4505 2858 4550 et
2900 4495 2976 4550 illi
3017 4496 3252 4552 illiterati
3282 4507 3456 4554 erant.

1885 4586 1997 4641 Etsi
2025 4600 2211 4642 servus
2250 4586 2323 4640 sis
2344 4626 2362 4652 ,
2396 4587 2495 4641 etsi
2523 4587 2773 4656 fugitivus
2793 4628 2808 4653 ,
2841 4595 2930 4641 tua
2968 4589 3167 4657 poteris
3195 4590 3410 4658 exsequi
3440 4606 3455 4644 :

1882 4678 2145 4749 siquidem
2182 4686 2235 4733 et
2274 4677 2555 4733 Onesimus
2592 4678 2714 4734 talis
2750 4688 2883 4733 erat.
2911 4678 3015 4733 Sed
3043 4679 3198 4743 vide,
3226 4695 3456 4749 quonam

1885 4758 2040 4825 vocet
2066 4768 2235 4838 illum,
2264 4778 2317 4825 et
2339 4769 2405 4824 ad
2431 4785 2588 4840 quam
2619 4778 2741 4840 agat
2766 4769 3075 4839 dignitatem
3109 4788 3123 4824 :
3149 4769 3453 4825 lltcommu-

1884 4861 2015 4915 nicet
2042 4878 2253 4926 mecum,
2286 4861 2476 4932 inquit,
2506 4863 2560 4915 in
2587 4861 2799 4915 vinculis
2838 4861 2960 4913 meis
2988 4858 3230 4930 (Philem.
3262 4861 3315 4916 1.
3344 4862 3452 4931 10).

1886 4954 2001 5009 Νοη
2036 4962 2187 5022 potes
2228 4953 2589 5011 infirmitatem
2634 4953 2868 5021 objicere
2897 4968 2911 5004 :
2945 4967 3065 5005 nam
3103 4951 3224 5007 talis
3248 4968 3459 5023 quoque

1886 5042 2198 5101 Timotheus
2222 5054 2367 5111 erat,
2391 5046 2481 5115 qui
2510 5044 2815 5115 frequenter
2846 5043 3075 5098 habebat
3098 5044 3454 5102 infirmitates.

1887 5137 2039 5205 Quod
2069 5138 2209 5192 enim
2252 5136 2495 5191 inﬁrmus
2529 5144 2672 5190 esset
2707 5134 2829 5187 audi
2863 5153 2877 5189 :
2917 5132 3046 5188 Vino
3089 5135 3285 5191 modico
3324 5147 3462 5190 utere

1889 5240 2094 5298 propter
2117 5227 2433 5283 stomachum
2462 5238 2602 5279 tuum
2628 5235 2675 5279 et
2704 5227 2980 5297 frequentes
3006 5236 3118 5281 tuas
3142 5227 3460 5296 infirmitates

1890 5322 1966 5394 (1.
1993 5320 2125 5375 Tim.
2149 5321 2203 5376 5.
2234 5319 2347 5387 25).
2377 5318 2561 5373 Potest
2586 5318 2948 5387 unusquisque
2971 5318 3217 5387 proximo
3242 5318 3462 5387 prodes—

1888 5428 1969 5477 se,
2002 5411 2045 5465 si
2077 5410 2204 5464 velit
2234 5425 2353 5479 quae
2381 5423 2473 5462 sua
2501 5416 2626 5462 sunt
2652 5408 2894 5477 implere.
2934 5406 3051 5463 Non
3078 5408 3268 5464 videtis
3298 5408 3454 5464 infru-

1888 5514 2101 5558 ctuosas
2139 5502 2389 5568 arbores,
2428 5516 2586 5572 quam
2626 5500 2791 5555 firma:
2825 5500 2969 5566 sint,
2997 5516 3153 5570 quam
3192 5500 3457 5569 pulchrae,

1891 5612 2147 5668 procerae,
2171 5595 2335 5652 laevos
2356 5605 2409 5652 et
2426 5593 2715 5651 sublimes?
2735 5595 2803 5648 At
2821 5593 2865 5649 si
2886 5593 3098 5648 hortum
3119 5591 3457 5662 haberemus,

1880 5776 1999 5889 aut"
2011 5772 2149 5834 Hrcc,
2167 5778 2218 5824 Et
2240 5769 2491 5834 quomodo,
2514 5768 2719 5832 inquies,
2741 5766 2824 5819 ille
2844 5765 2985 5832 fugit,
3002 5765 3183 5821 desunt
3198 5770 3247 5818 in
3262 5766 3464 5832 quibus-
