3978 6512
533 491 793 547 vellemus
837 490 1239 560 malogranata,
1283 492 1337 539 et
1379 483 1550 537 olivas
1598 480 1900 536 fructiferas
1944 477 2121 548 potius

532 597 694 654 quam
721 581 838 637 illas
857 576 1089 637 habere:
1115 578 1220 632 illa:
1240 576 1384 630 enim
1408 574 1473 627 ad
1498 573 1822 642 voluptatem
1844 578 1989 635 sunt,
2012 586 2119 625 non

532 674 600 729 ad
629 673 934 739 utilitatem,
963 680 1017 725 et
1042 670 1087 725 si
1113 682 1215 739 qua
1251 668 1323 723 sit
1347 665 1567 731 utilitas,
1596 679 1659 719 ea
1687 679 1848 735 parva
1886 673 1988 718 est.
2019 662 2120 717 Ta-

534 766 615 821 les
637 772 761 819 sunt
785 764 841 826 ii,
867 761 961 833 qui
989 777 1083 817 sua
1110 761 1282 815 solum
1310 765 1581 827 spectant;
1612 758 1720 812 imo
1742 772 1811 812 ne
1842 757 1973 811 tales
1998 756 2119 825 qui-

534 858 658 913 dem
683 896 700 921 ,
734 854 831 911 sed
857 854 923 908 ad
949 854 1210 908 ultionem
1242 851 1416 905 solum
1444 849 1573 920 apti.
1601 848 1733 904 Nam
1762 848 1866 904 illae
1897 847 2120 904 arbores

533 946 601 1003 ad
629 946 909 1003 aedificium
949 952 1007 1000 et
1047 944 1113 998 ad
1156 957 1334 998 rerum
1366 942 1585 996 tutelam
1623 950 1762 1011 apta:
1789 950 1934 996 sunt.
1963 939 2121 994 Tales

531 1048 687 1094 erant
714 1038 817 1092 illa:
855 1038 1089 1108 virgines
1106 1076 1120 1101 ,
1148 1044 1311 1090 castae
1330 1074 1345 1097 ,
1371 1044 1573 1088 ornatae
1593 1074 1607 1099 ,
1630 1032 2000 1099 continentes;
2024 1030 2119 1087 sed

530 1131 729 1186 nemini
770 1130 967 1192 utiles,
1010 1128 1131 1182 ideo
1179 1127 1585 1183 comburuntur.
1632 1125 1790 1180 Tales
1830 1134 1984 1190 sunt,
2027 1121 2119 1193 qui

531 1221 805 1276 Christum
831 1235 935 1275 non
965 1219 1223 1273 nutriunt.
1256 1216 1533 1286 Perpende
1558 1226 1733 1270 autem
1764 1215 2031 1270 neminem
2058 1215 2120 1268 il-

531 1313 703 1368 lorum
729 1311 796 1368 de
823 1311 1060 1382 peccatis
1086 1312 1197 1365 suis
1222 1310 1491 1375 accusari,
1524 1324 1628 1363 non
1653 1308 1797 1380 quod
1824 1307 2117 1364 fornicatus

528 1404 634 1467 sit,
666 1418 770 1458 non
808 1402 952 1473 quod
985 1402 1297 1471 pejeraverit
1317 1442 1331 1465 ,
1358 1400 1425 1456 de
1464 1401 1612 1455 nullo
1645 1410 1825 1461 certe;
1852 1400 1945 1454 sed
1975 1399 2118 1469 quod

528 1495 685 1550 alteri
714 1510 819 1549 non
845 1494 1122 1563 profuerit.
1155 1493 1298 1547 'l'alis
1323 1502 1438 1547 erat
1466 1492 1555 1547 ille
1574 1533 1589 1555 ,
1612 1491 1701 1562 qui
1734 1491 1990 1547 talentum
2018 1490 2117 1545 de-

529 1588 687 1652 fodit,
718 1587 1041 1657 inculpatum
1073 1584 1334 1640 exhibens
1361 1584 1545 1649 vitam,
1572 1584 1668 1640 sed
1702 1583 1854 1639 alteri
1886 1599 1990 1638 non
2018 1584 2118 1638 uti-

528 1679 616 1733 lis.
643 1677 960 1747 Quomodo,
988 1691 1170 1748 quzeso
1192 1719 1207 1743 ,
1235 1676 1573 1731 Christianus
1612 1676 1682 1730 sit
1717 1676 1807 1745 qui
1849 1676 1968 1731 talis
2000 1676 2116 1731 est?

527 1770 583 1826 Si
621 1768 941 1825 fermentum
984 1771 1204 1824 mixtum
1238 1768 1453 1832 farinae,
1483 1784 1588 1822 non
1628 1770 1911 1823 mutaverit
1950 1778 2116 1822 totum

530 1864 584 1917 in
611 1863 857 1919 eamdem
882 1861 1245 1917 conditionem
1267 1902 1281 1927 ,
1312 1876 1379 1915 an
1410 1860 1726 1916 fermentum
1762 1876 1887 1916 vere
1920 1860 2118 1916 fuerit?

528 1958 665 2026 Quid
692 1972 821 2013 vero
839 1998 856 2023 ,
885 1956 930 2011 si
962 1963 1288 2026 unguentum
1315 1954 1632 2010 accedentes
1660 1969 1764 2009 non
1795 1954 1962 2009 odore
1992 1970 2114 2023 per-

526 2052 761 2119 fuderit,
787 2066 856 2107 an
892 2050 945 2107 id
975 2060 1299 2121 unguentum
1333 2049 1623 2105 vocemus?
1648 2049 1726 2105 Ne
1751 2049 1971 2117 dixeris,
1999 2048 2116 2105 Non

527 2160 744 2217 possum
766 2146 900 2200 alios
924 2144 1175 2200 inducere
1199 2162 1213 2198 :
1239 2160 1363 2199 nam
1384 2144 1428 2199 si
1450 2143 1782 2199 Christianus
1805 2142 1987 2208 fueris,
2016 2143 2117 2197 itn-

526 2239 786 2310 possibile
814 2248 899 2294 est
935 2247 992 2294 ut
1030 2255 1136 2293 non
1173 2238 1283 2293 fiat.
1323 2237 1454 2292 Nam
1485 2245 1543 2292 ut
1576 2252 1639 2294 ea
1668 2253 1787 2308 qua:
1828 2237 1883 2291 in
1927 2246 2113 2292 natura

526 2340 652 2385 sunt
688 2330 1160 2385 contradictionem
1206 2345 1311 2384 non
1356 2328 1554 2384 habent
1587 2346 1600 2382 :
1634 2329 1705 2384 ita
1742 2337 1797 2384 et
1840 2327 1954 2383 hare
1992 2344 2115 2401 quas

525 2422 752 2477 dicimus
781 2439 795 2477 :
824 2421 878 2477 in
917 2430 1104 2477 natura
1145 2422 1288 2476 cnim
1320 2421 1605 2476 Christiani
1648 2436 1737 2476 res
1776 2420 1875 2475 sita
1904 2430 2004 2477 est.
2033 2421 2113 2477 Ne

530 2514 694 2568 Deum
716 2515 1037 2571 contumelia
1062 2513 1282 2569 aflicias.
1307 2514 1360 2569 Si
1383 2513 1602 2579 dixeris,
1631 2528 1735 2568 non
1765 2529 1919 2584 posse
1942 2514 2113 2569 solem

524 2606 724 2675 lucere,
746 2609 1066 2664 contumelia
1098 2608 1249 2663 illum
1277 2607 1479 2671 afficis;
1504 2607 1549 2662 si
1570 2606 1787 2673 dixeris,
1817 2623 1921 2662 non
1953 2622 2112 2677 posse

1245 368 1307 430 3.
1342 365 1618 425 JOANMS
1653 360 2129 421 CllRVSOSTOMl
2168 359 2482 416 ARCHIEP.
2510 359 3038 419 CONSTANTINOP.
3654 380 3731 451 τα

2211 472 2574 529 Christianum
2611 474 2867 545 prodesse
2890 516 2906 541 ,
2942 475 3108 530 Deum
3138 476 3450 532 contumelia
3484 480 3672 542 alletisti
3694 505 3734 549 et

2223 565 2531 620 mendacem
2559 565 2759 621 dixisti.
2789 565 3019 621 Facilius
3040 566 3182 621 enim
3208 575 3309 633 est,
3340 568 3491 625 solem
3515 589 3604 631 non
3628 581 3737 635 (al...

2222 655 2401 712 facere
2441 672 2542 712 nec
2579 657 2758 713 lucere
2780 697 2799 725 ,
2846 673 3007 728 quam
3044 656 3399 714 Christianum
3434 678 3529 718 non
3563 666 3737 735 lucere;

2220 749 2429 805 facilius
2457 759 2559 816 est,
2590 751 2763 805 lucem
2791 765 2911 806 esse
2942 749 3208 817 tenebras,
3236 766 3388 820 quam
3424 752 3517 811 hoc
3544 756 3657 812 ﬁeri.
3680 761 3738 818 se

2221 840 2367 895 dicas
2387 882 2403 908 ,
2434 856 2550 896 rem
2587 856 2706 896 esse
2752 840 3134 910 impossibilem
3169 859 3183 894 :
3216 856 3335 895 nam
3365 849 3654 902 contrarium
3678 865 3743 908 est

2223 932 2571 1003 impossibile.
2612 933 2690 988 Ne
2732 934 2897 990 Deum
2928 932 3248 989 contumelia
3276 930 3485 989 afficias.
3516 938 3564 991 Si
3600 954 3741 998 nostra

2221 1037 2367 1082 recte
2410 1041 2825 1097 componamus,
2864 1025 2950 1081 illa
2987 1027 3207 1080 omnino
3243 1034 3428 1091 erunt,
3452 1037 3501 1083 et
3523 1033 3655 1099 quasi
3677 1049 3745 1091 aes

2221 1121 2482 1189 quaepiam
2520 1119 2777 1174 naturalis
2818 1128 3127 1191 sequentur.
3159 1117 3275 1172 Non
3318 1129 3483 1187 potem
3511 1121 3657 1179 latere
3680 1127 3747 1183 lux

2220 1213 2507 1269 Christiani
2544 1232 2557 1269 :
2589 1230 2696 1268 non
2728 1222 2904 1285 potest
2932 1212 3187 1268 occultari
3219 1219 3325 1267 tam
3353 1212 3535 1284 fulgida
3565 1219 3747 1287 lampas.

2219 1304 2298 1361 Ne
2328 1305 2504 1376 itaque
2531 1306 2702 1376 ignavi
2734 1308 2920 1359 simus.
2945 1303 3095 1360 Sicut
3119 1304 3261 1359 enim
3287 1305 3490 1360 virtutis
3515 1306 3691 1363 lucrtun
3713 1322 3753 1366 et

2222 1404 2274 1457 ln
2306 1417 2405 1456 nos
2432 1411 2486 1457 et
2514 1403 2567 1455 in
2596 1417 2689 1456 eos
2710 1444 2724 1468 ,
2755 1402 2843 1469 qui
2883 1402 2970 1455 illa
3008 1402 3290 1470 juvantur,
3324 1402 3507 1456 transit
3535 1420 3546 1456 :
3575 1404 3641 1459 sic
3665 1415 3709 1459 et
3730 1423 3753 1461 a

2221 1494 2421 1548 malitia
2452 1493 2645 1565 duplex
2682 1492 3058 1549 detrimentum
3089 1500 3144 1547 et
3179 1493 3231 1547 in
3263 1507 3361 1546 nos
3390 1500 3445 1547 et
3472 1495 3520 1547 in
3550 1509 3660 1559 eos,
3688 1499 3757 1567 qui

2221 1587 2506 1654 laeduntur,
2536 1588 2848 1658 pertransit.
2875 1587 2954 1644 Sit
2975 1586 3262 1657 quispiam,
3294 1585 3337 1639 si
3368 1585 3465 1648 vis,
3498 1587 3664 1648 idiom.
3688 1590 3757 1658 qui

2220 1695 2249 1732 a
2282 1682 2531 1750 quopiam
2576 1682 2851 1737 innumera
2888 1682 3122 1752 patiatur
3160 1678 3299 1733 mala
3321 1721 3333 1743 ,
3365 1694 3620 1750 nemoque
3644 1682 3761 1737 illum

2220 1772 2538 1839 ulciscatur,
2570 1772 2664 1829 sed
2709 1783 2763 1829 et
2806 1772 3061 1829 beneficia
3106 1779 3326 1842 prtestet
3354 1788 3367 1825 :
3399 1787 3499 1841 qua
3526 1773 3760 1842 doctrina,

2219 1866 2412 1934 quibus
2443 1867 2637 1934 verbis,
2665 1876 2795 1938 quot
2821 1865 3274 1921 admonitionibus
3303 1880 3410 1919 non
3437 1875 3517 1920 est
3554 1866 3647 1920 hoc
3677 1861 3765 1923 for-

2222 1957 2368 2012 tius?
2396 1974 2555 2028 quem
2594 1957 2830 2016 furorem
2860 1974 2966 2013 non
3001 1959 3345 2028 exstinguere
3369 1997 3384 2019 .
3424 1974 3526 2010 non
3565 1960 3766 2029 mitigare

2219 2049 2435 2104 valeat?
2470 2050 2595 2106 Hice
2623 2066 2753 2121 ergo
2792 2065 2914 2105 cum
2957 2052 3220 2111 sciamus,
3250 2048 3439 2102 virtuti
3467 2047 3769 2119 luct'eamus,

2216 2158 2338 2198 cum
2369 2157 2475 2197 non
2507 2144 2775 2213 possimus
2801 2143 2907 2197 alio
2937 2142 3096 2198 modo
3125 2142 3359 2197 salutem
3389 2142 3668 2212 consequi,
3691 2142 3771 2198 nisi

2217 2235 2270 2289 itt
2295 2236 2441 2292 hisce
2468 2237 2623 2290 bonis
2646 2237 2896 2306 operibus
2922 2236 3082 2291 vitam
3113 2243 3440 2303 praesentem
3466 2235 3661 2290 emensi
3685 2235 3778 2291 iue-

2216 2330 2417 2397 rimus,
2444 2338 2503 2385 ut
2541 2328 2717 2386 futura
2747 2344 3139 2400 consequamur
3167 2327 3308 2384 bona
3332 2368 3347 2393 ,
3377 2326 3545 2398 gratia
3574 2336 3625 2382 et
3650 2327 3776 2383 beni-

2216 2424 2419 2494 gnitate
2449 2424 2658 2479 Domini
2698 2423 2865 2479 nostri
2906 2423 3033 2479 Jesu
3060 2422 3298 2486 Christi,
3332 2422 3551 2491 quicum
3589 2421 3717 2475 [latri
3739 2429 3782 2476 et

2215 2515 2433 2584 Spiritui
2460 2524 2644 2570 sancto
2662 2517 2850 2586 gloria,
2878 2515 3184 2583 imperium,
3212 2513 3415 2581 honor,
3440 2528 3582 2568 nunc
3600 2524 3650 2570 et
3667 2527 3781 2569 sent-

2217 2623 2331 2678 per,
2361 2618 2415 2663 et
2441 2608 2493 2662 in
2522 2610 2716 2664 smcula
2741 2609 3080 2665 satculorutn.
3110 2609 3309 2663 Amen.

1876 2818 2222 2880 HOMILIA
2266 2820 2446 2881 XXI.

522 2970 653 3028 Car.
700 2970 753 3027 9.
784 2985 836 3023 v.
867 2968 960 3024 26.
988 2968 1117 3024 Cum
1158 2977 1325 3021 autem
1354 2967 1563 3022 venisset
1592 2964 1789 3020 Paulus
1812 2964 1866 3018 in
1893 2964 2108 3019 Jerusa-

598 3063 695 3117 lent
719 3101 736 3128 ,
778 3061 999 3115 tentabat
1022 3076 1075 3113 se
1092 3062 1312 3129 jungere
1346 3058 1609 3127 discipulis
1639 3072 1659 3111 :
1689 3069 1737 3111 et
1766 3072 1935 3111 omnes
1965 3056 2110 3109 time-

597 3154 716 3206 bant
742 3168 876 3218 eum,
916 3167 1018 3206 non
1048 3150 1305 3205 credentes
1339 3150 1473 3220 quod
1516 3158 1642 3203 esset
1683 3148 1982 3220 discipulus.
2012 3146 2103 3201 S7.

593 3242 857 3298 Barnabas
872 3253 1041 3296 autent
1065 3244 1433 3313 apprehensum
1462 3241 1606 3295 illum
1631 3241 1777 3294 duxit
1802 3241 1870 3293 ad
1897 3249 2104 3311 aposto-

594 3339 692 3402 los,
716 3349 763 3391 et
783 3338 1006 3390 narravit
1026 3336 1128 3390 illis
1147 3338 1400 3406 quomodo
1420 3337 1473 3390 in
1488 3335 1567 3389 via
1586 3335 1787 3389 vidisset
1813 3334 2101 3389 Dominum.

593 3432 645 3486 l.
675 3429 831 3484 Pauli
853 3432 989 3485 dicta
1003 3428 1567 3493 conciliantur.——Jure
1593 3430 1680 3483 hic
1717 3428 1863 3483 dubii
1892 3443 2103 3498 quau-a-

521 3537 642 3577 mus
663 3564 678 3587 ,
724 3522 993 3593 quomodo
1024 3522 1075 3577 in
1108 3521 1347 3592 Epistula
1376 3521 1441 3574 ad
1464 3520 1679 3577 Galatas
1707 3520 1911 3574 dicatur
1943 3536 1956 3571 :
1983 3519 2104 3575 Non

521 3615 626 3669 abii
648 3613 1040 3685 Jerosolymam,
1066 3614 1155 3668 sed
1196 3614 1249 3666 in
1289 3613 1529 3666 Arabiam
1571 3623 1616 3666 et
1659 3610 2010 3675 Damascum;
2056 3621 2103 3666 et

522 3716 636 3776 post
655 3716 754 3761 tres
777 3722 939 3763 annos
967 3705 1170 3760 ascendi
1195 3703 1567 3774 Jerosolymam
1596 3704 1762 3757 videre
1796 3702 2024 3767 Petrum;
2054 3694 2105 3756 et

524 3797 772 3853 neminem
810 3796 1151 3867 apostolorum
1197 3795 1301 3848 vidi
1328 3793 1471 3863 (Gal.
1504 3794 1556 3849 1.
1590 3793 1778 3861 17-19)
1807 3812 1820 3846 :
1848 3794 1931 3848 hic
1972 3808 2101 3848 vero

516 3898 701 3944 contra
723 3888 948 3951 dicatur,
973 3886 1267 3942 Barnabatn
1291 3886 1463 3956 ipsum
1479 3885 1695 3939 duxisse
1715 3885 1782 3939 ad
1806 3884 2096 3954 apostolOs.

518 3981 614 4037 Vel
643 3981 745 4036 hoc
770 3979 929 4050 igitur
949 3979 1059 4031 vult
1078 3979 1258 4033 dicere
1293 3995 1307 4032 :
1333 3976 1446 4032 Non
1469 3975 1595 4043 abii,
1625 3986 1680 4031 ut
1709 3977 1776 4031 ibi
1802 3992 2095 4040 manerem;

514 4071 588 4127 ibi
617 4087 844 4142 namque
873 4070 1023 4136 dicit,
1053 4068 1105 4123 Ν
1110 4087 1174 4125 an
1199 4070 1391 4124 ad/tazsi
1417 4070 1560 4123 carni
1585 4079 1630 4122 et
1650 4069 1885 4140 sanguini
1916 4067 2094 4140 (Ibid.

516 4178 565 4216 υ.
600 4163 714 4234 16);
746 4178 918 4234 neque
938 4163 1044 4217 abii
1066 4162 1455 4233 Jerusidymam
1473 4162 1537 4215 ad
1555 4171 1923 4216 antecessores
1948 4176 2096 4216 meos

515 4253 790 4321 apostolos
819 4269 833 4305 :
862 4254 945 4307 vel
976 4252 1080 4306 alio
1110 4251 1269 4307 modo
1297 4270 1310 4307 :
1344 4252 1465 4322 quia
1492 4252 1697 4307 insidia:
1723 4254 1825 4307 illa:
1857 4253 2094 4307 Damasci

515 4353 639 4415 post
662 4344 763 4399 iter
791 4345 841 4399 in
870 4344 1119 4399 Arabiam
1143 4344 1309 4408 fuere,
1337 4360 1400 4399 ac
1420 4344 1613 4399 deinde
1632 4345 1903 4409 ascendit,
1950 4355 2097 4415 post-

515 4449 674 4501 quam
709 4434 902 4488 isthinc
936 4434 1185 4487 redierat.
1233 4433 1350 4504 Ipse
1376 4433 1533 4503 igitur
1558 4452 1664 4488 non
1702 4435 1833 4489 abiit
1859 4434 1925 4488 ad
1965 4452 2096 4505 apo-

511 4527 699 4591 stolos,
715 4525 807 4581 sed
824 4526 1098 4597 discipulis
1120 4526 1325 4583 lucrare
1344 4528 1637 4599 satagebat,
1657 4538 1841 4599 utpote
1862 4531 1948 4601 qui
1967 4546 2094 4587 non-

511 4618 636 4673 dum
664 4617 870 4684 doctor,
903 4620 997 4674 sed
1026 4620 1315 4689 discipulus
1346 4632 1506 4676 esset.
1552 4622 1695 4693 Ergo
1722 4638 1826 4677 non
1859 4622 1977 4679 ideo
2001 4639 2091 4678 as-

508 4710 709 4778 cendit,
736 4720 793 4766 ut
812 4720 1178 4767 antecessmes
1204 4728 1328 4767 sttos
1353 4712 1526 4769 adiret
1549 4734 1561 4768 :
1586 4730 1757 4784 neque
1774 4715 1915 4770 enim
1933 4715 2090 4788 quid-

508 4802 648 4873 piam
683 4803 752 4858 ab
791 4803 895 4858 illis
928 4802 1130 4858 didicit.
1189 4803 1285 4859 Vel
1316 4804 1383 4859 de
1412 4806 1511 4860 hoc
1539 4820 1763 4860 ascensu
1798 4823 1902 4861 non
1938 4808 2085 4874 dicit,

507 4895 601 4950 sed
624 4894 819 4950 omittit
844 4894 1026 4960 illum;
1064 4895 1199 4950 adeo
1231 4907 1286 4950 ttt
1312 4911 1399 4951 res
1427 4898 1494 4951 ita
1522 4913 1580 4952 sc
1606 4897 1834 4952 habeat:
1864 4899 2006 4954 Abiit
2035 4902 2085 4955 itt

504 4987 775 5049 Arabiam,
808 4987 1001 5042 deittde
1030 4988 1177 5042 venit
1207 4988 1519 5043 Damascum
1544 5032 1559 5057 ,
1603 5001 1783 5059 postea
1811 4990 2085 5064 Jerosoly-

510 5092 670 5139 mam,
696 5078 815 5131 hinc
837 5079 887 5132 in
915 5078 1143 5150 Syriam.
1167 5079 1262 5134 Vel
1287 5080 1331 5135 si
1355 5096 1460 5135 non
1485 5082 1553 5145 ita
1575 5091 1675 5147 est,
1699 5084 1776 5137 sic
1802 5099 1888 5138 res
1911 5100 1969 5140 se
1992 5085 2085 5138 ha-

508 5167 624 5221 buit
654 5186 666 5221 :
692 5169 945 5223 Ascendit
965 5169 1367 5242 Jerosolymatn,
1405 5171 1527 5227 hinc
1548 5173 1598 5227 itt
1626 5176 1934 5229 Damascum
1958 5178 2083 5231 mis-

507 5274 600 5313 sus
628 5269 730 5326 est,
756 5258 950 5314 deinde
978 5260 1031 5315 in
1055 5262 1280 5332 Syriam,
1313 5264 1505 5319 deinde
1530 5281 1715 5319 rursus
1742 5266 2078 5334 Datuasmtm,

502 5361 686 5423 pustea
717 5352 1012 5407 Caesaream
1037 5395 1053 5420 ,
1096 5366 1149 5409 et
1181 5365 1302 5409 tunc
1334 5373 1427 5425 νει·
1451 5360 1851 5427 qttatttordecitn
1888 5376 2077 5425 annos,

500 5445 641 5501 forte
659 5444 871 5515 quando
894 5443 1084 5499 fratres
1108 5445 1325 5501 adduxit
1348 5465 1468 5501 cum
1496 5449 1754 5504 Barnaba.
1787 5449 1880 5506 Vel
1901 5451 1943 5505 si
1973 5468 2077 5505 non

502 5537 625 5598 hoc.
653 5536 791 5591 aliud
813 5535 942 5590 dicit
969 5544 1194 5607 tempus.
1226 5536 1357 5592 Nam
1382 5538 1830 5613 historiographus
1857 5545 2077 5597 multum

500 5629 820 5700 compendio
845 5628 1051 5693 studet,
1100 5638 1155 5684 et
1181 5632 1344 5684 ntulta
1375 5640 1609 5701 tempora
1640 5636 1900 5703 congerit.
1947 5635 2083 5689 Vide“

496 5737 663 5795 quam
673 5736 780 5778 non
799 5723 869 5778 sit
890 5720 1222 5787 ambitiostts,
1243 5738 1416 5792 neque
1438 5734 1613 5779 narret
1631 5725 1884 5780 visionem
1910 5726 2072 5792 illam,

504 5816 603 5876 sed
626 5828 968 5875 transcurrat.
1002 5819 1202 5877 Rursus
1232 5821 1309 5877 sic
1333 5812 1515 5891 incipit
1538 5832 1591 5878 et
1620 5824 1694 5879 ait
1723 5823 1884 5880 :Cum
1908 5836 2077 5879 autent

2214 2967 2427 3020 venisset
2455 2965 2509 3019 in
2531 2963 2838 3031 Jerusalem,
2882 2966 3103 3021 tentabat
3144 2981 3200 3020 se
3233 2966 3470 3036 jungere
3514 2965 3790 3037 discipulis:

2210 3059 2287 3113 illi
2323 3074 2437 3115 vero
2482 3058 2721 3112 timebant
2747 3074 2880 3112 eum.
2927 3058 2994 3113 Et
3026 3057 3151 3113 hinc
3191 3073 3419 3113 rursum
3454 3058 3605 3112 Pauli
3644 3059 3792 3112 fervor

2210 3151 2531 3217 ostenditur;
2557 3167 2664 3207 non
2692 3152 2760 3207 ab
2788 3152 3014 3218 Anania,
3042 3168 3147 3207 non
3174 3152 3249 3207 ab
3278 3152 3373 3219 iis,
3403 3152 3497 3223 qui
3530 3151 3648 3207 istic
3661 3150 3793 3205 mira-

2210 3244 2405 3300 bantur
2432 3259 2586 3306 eum.
2628 3243 2721 3299 sed
2751 3244 2912 3298 etiam
2941 3244 3007 3311 ab
3036 3243 3124 3309 iis,
3154 3260 3284 3315 qua:
3316 3242 3679 3316 Jerosolytnis
3701 3252 3794 3295 acts

2208 3348 2352 3393 sunt.
2384 3337 2566 3411 Neque
2605 3338 2746 3392 enim
2778 3336 2882 3393 hoc
2920 3338 3167 3393 humana:
3211 3347 3342 3393 erat
3370 3338 3789 3408 exspectationis.

2206 3431 2271 3483 Et
2296 3429 2416 3485 vide
2445 3430 2592 3484 illum
2625 3445 2729 3484 non
2760 3430 3030 3499 apostolos
3055 3429 3205 3485 adire
3238 3446 3359 3499 prae
3390 3431 3679 3494 modestia,
3720 3431 3797 3483 sed

2207 3521 2520 3592 discipulos,
2544 3531 2727 3590 utpote
2747 3521 2835 3590 qui
2857 3516 3148 3591 diScipulus
3177 3529 3338 3576 esset
3362 3540 3376 3576 :
3410 3521 3655 3577 nondum
3680 3518 3798 3574 cnim

2207 3615 2344 3669 fidus
2394 3628 2514 3668 esse
2560 3613 2862 3683 putabatur.
2914 3612 3177 3668 Barnabas
3221 3625 3410 3669 autem
3455 3614 3802 3688 apprehensum

2204 3706 2349 3760 illunt
2373 3706 2518 3760 duxit
2538 3707 2608 3760 ad
2636 3707 2893 3776 apostolus
2911 3749 2926 3773 ,
2954 3716 3000 3761 et
3038 3709 3274 3760 narravit
3303 3709 3418 3763 illis
3442 3750 3461 3775 ,
3504 3709 3743 3779 quomodo
3761 3707 3801 3758 in

2204 3801 2285 3853 via
2315 3800 2516 3855 uidisset
2546 3798 2838 3855 Dominum.
2872 3800 3141 3855 Barnabas
3174 3800 3275 3856 hic
3308 3803 3467 3857 milis
3494 3813 3552 3858 et
3579 3817 3803 3855 mansue-

2205 3899 2290 3945 tus
2317 3889 2477 3944 homo
2505 3899 2643 3945 erat.
2675 3889 2879 3946 Nomen
2906 3900 3082 3947 autem
3114 3891 3240 3962 ejus
3275 3894 3463 3947 filium
3502 3894 3803 3949 consolatio-

2203 3983 2285 4035 nis
2311 3982 2573 4053 significat
2600 4001 2614 4037 :
2637 3983 2778 4037 unde
2801 3992 2855 4037 et
2873 3982 3075 4037 amicus
3099 3984 3277 4041 Paulo
3303 3985 3432 4041 fuit.
3462 3986 3622 4055 Quod
3652 3995 3803 4039 autem

2202 4073 2355 4129 valde
2382 4073 2525 4128 mitis
2552 4083 2695 4128 esset
2723 4082 2777 4128 et
2810 4089 3027 4130 accessu
3060 4073 3267 4140 facilis,
3322 4086 3383 4132 et
3415 4094 3488 4132 ex
3519 4078 3644 4145 hoc,
3681 4086 3730 4131 et
3752 4090 3800 4129 ex

2201 4165 2266 4219 iis
2289 4181 2408 4235 qua:
2428 4166 2567 4221 circa
2588 4165 2845 4221 Joannem
2871 4174 2985 4220 acta
3013 4175 3156 4232 sunt,
3185 4168 3400 4238 liquet.
3438 4169 3602 4225 Unde
3625 4171 3705 4222 hic
3725 4183 3803 4219 non

2200 4258 2412 4324 metuit,
2443 4257 2538 4313 sed
2562 4268 2763 4318 narrat,
2788 4256 3053 4327 quomodo
3079 4259 3131 4312 in
3159 4260 3255 4312 via
3284 4260 3502 4314 viderit
3524 4259 3804 4320 Dominum,

2199 4360 2253 4405 et
2280 4351 2421 4420 quod
2448 4350 2697 4421 loquutus
2724 4351 2791 4404 sit
2825 4350 2919 4411 illi.
2962 4365 3026 4405 ac
3052 4353 3349 4420 quomodo
3382 4354 3645 4409 Damasci
3673 4352 3811 4406 libere

2197 4441 2367 4512 egerit
2392 4442 2443 4494 in
2475 4440 2691 4497 nomine
2722 4440 2929 4495 Domini
2961 4439 3109 4495 Jesu.
3171 4441 3523 4499 Verisimile
3568 4443 3707 4499 enim
3746 4448 3809 4493 est

2195 4531 2346 4586 illum
2372 4532 2614 4586 Damasci
2637 4531 2904 4586 audivisse
2922 4530 2990 4586 de
3015 4531 3126 4585 illo.
3154 4532 3303 4589 Ideo
3332 4535 3468 4591 hinc
3495 4535 3568 4591 ad
3591 4536 3677 4591 illa
3704 4546 3814 4604 pm

2196 4632 2421 4694 parant,
2475 4623 2602 4678 dum
2633 4624 2722 4678 ille
2750 4623 3003 4693 operibus
3045 4623 3191 4677 dicta
3250 4627 3594 4682 confirmat.
3626 4626 3713 4679 28.
3762 4622 3813 4673 Et

2193 4731 2300 4775 erat
2321 4737 2435 4774 cum
2461 4719 2565 4773 illis
2593 4720 2787 4772 intrans
2815 4728 2860 4771 et
2881 4718 3051 4772 exiens
3079 4718 3130 4770 in
3150 4717 3515 4789 Jerusalem,
3549 4732 3599 4776 et
3625 4716 3817 4791 ﬁducia

2193 4814 2311 4868 liter
2351 4828 2506 4883 agens
2543 4812 2595 4865 in
2629 4811 2830 4864 nomine
2854 4810 2998 4864 Jesu.
3025 4810 3117 4865 29.
3150 4810 3527 4879 Loqucbatur
3565 4828 3758 4885 quoque
3780 4817 3818 4861 et

2192 4907 2479 4979 disputabat
2533 4923 2646 4960 cum
2704 4905 2916 4962 ercis.
2976 4906 3109 4974 Quia
3178 4907 3470 4979 discipuli
3528 4908 3823 4965 metuebant

2192 4999 2373 5062 illum,
2417 4998 2646 5069 apostoli
2677 5014 2804 5053 vero
2834 5014 2936 5052 non
2968 4998 3037 5052 illi
3082 4999 3477 5056 confidebant
3512 5019 3528 5056 :
3567 5002 3690 5056 ideo
3717 4998 3821 5052 him:

2189 5093 2402 5148 illorum
2425 5101 2622 5148 metum
2642 5093 2817 5146 solvit.
2841 5090 3190 5159 Loquebutur,
3222 5082 3447 5165 inquit,
3474 5105 3527 5151 et
3550 5090 3824 5163 disputabat

2187 5202 2301 5238 cum
2323 5183 2534 5238 Grecis.
2567 5184 2661 5238 llic
2686 5184 2902 5239 Graecos
2928 5194 3083 5237 vocat
3112 5198 3249 5249 eos,
3290 5188 3396 5256 qui
3427 5172 3629 5243 Grzcce
3662 5188 3823 5253 loque-

2188 5276 2415 5331 bantur:
2444 5274 2616 5330 ethoc
2636 5275 2920 5329 admodum
2950 5275 3266 5344 sapienter.
3299 5276 3389 5332 illi
3422 5279 3582 5334 etiim
3609 5277 3697 5333 alii
3737 5273 3817 5328 lle

2186 5368 2311 5421 brcei
2337 5383 2403 5423 ne
2432 5367 2612 5422 videre
2638 5367 2850 5437 quidem
2878 5354 3023 5420 illum
3050 5367 3362 5424 volebant.
3393 5371 3495 5426 Illi
3520 5384 3694 5425 autem
3714 5382 3821 5436 qum

2184 5458 2356 5512 rebant
2382 5458 2605 5513 occidere
2649 5474 2781 5512 eum.
2815 5456 3193 5513 Vehementia:
3230 5475 3309 5516 ac
3368 5462 3648 5533 perfecta:
3674 5464 3823 5515 victu.

2183 5550 2276 5604 ria:
2307 5549 2408 5603 hoc
2434 5550 2644 5620 signum
2689 5559 2825 5616 erat,
2876 5559 2930 5605 et
2958 5549 3095 5619 quod
3133 5549 3223 5605 illi
3263 5552 3383 5609 hac
3416 5556 3492 5611 de
3523 5571 3587 5610 re
3619 5556 3830 5609 tnultum

2181 5642 2445 5697 dolerent.
2478 5642 2564 5697 50.
2603 5642 2753 5710 Quod
2781 5659 2895 5695 cum
2924 5642 3307 5711 cognovissent
3346 5650 3582 5719 fratres,
3616 5649 3833 5703 deduxe-

2181 5744 2295 5787 runt
2312 5751 2422 5787 eum
2443 5733 2743 5788 thsareant.
2773 5735 2891 5789 Pra:
2918 5735 3109 5788 timore
3144 5735 3268 5793 hoc
3295 5740 3529 5797 factum
3555 5762 3568 5796 :
3596 5744 3833 5795 timentes

2180 5826 2322 5882 enim
2349 5841 2413 5881 ne
2436 5824 2664 5897 idipsum
2685 5823 2972 5893 accideret,
2999 5826 3151 5896 quod
3190 5828 3544 5904 Stephano,
3571 5832 3835 5890 deducunt
