3978 6506
188 392 278 451 1ηὸ

183 510 490 563 ϐω-επεειπι.
517 502 583 559 Et
606 506 847 558 miserunt
869 519 1101 558 rursum.
1123 503 1230 558 Etsi
1249 515 1463 573 propter
1478 502 1746 568 timorem,

183 605 388 657 mittunt
419 612 621 663 tamen,
662 609 718 652 ut
758 598 1027 665 praedicet,
1057 606 1112 649 et
1138 598 1187 649 iu
1215 605 1327 649 tuto
1353 596 1441 660 sit,
1483 602 1667 663 utpote
1694 594 1747 648 in

184 693 338 763 [suria
361 707 481 745 sua.
517 690 647 745 Vide
666 699 864 755 autem,
892 688 1157 759 quomodo
1181 704 1284 742 non
1307 689 1482 741 omnia
1514 704 1607 757 per
1630 702 1750 756 gra-

182 786 294 838 tiam
325 784 479 848 ﬁant,
507 782 603 836 sed
632 783 901 852 permittat
934 781 1093 845 Deus,
1121 788 1181 835 ut
1209 780 1372 835 multa
1396 795 1463 835 ex
1492 781 1751 850 sapientia

179 890 263 930 sua
289 886 345 930 et
373 879 607 929 humano
647 889 794 930 more
822 874 1147 942 dispensent.
1178 873 1234 929 Si
1255 883 1430 929 autem
1456 873 1506 926 in
1537 874 1652 941 ipso
1676 872 1751 927 l‘a-

177 980 309 1024 ctum
336 978 421 1023 est
448 968 569 1035 hoc,
601 968 769 1022 multo
796 969 963 1037 magis
989 967 1041 1022 in
1071 968 1195 1022 illis.
1226 967 1488 1022 Permittit
1515 982 1665 1035 ergo,
1694 975 1752 1022 ut

177 1062 486 1131 ignavorum
514 1062 791 1116 obtentum
806 1062 1030 1116 auferat.
1053 1061 1141 1116 5i.
1178 1059 1419 1115 Ecclesia:
1442 1061 1640 1131 quidm
1662 1078 1751 1129 per

174 1164 324 1206 totam
349 1150 388 1204 .1
393 1154 591 1206 udteam
619 1164 665 1206 et
695 1152 985 1207 Samariam
1008 1169 1181 1223 pacem
1211 1151 1477 1214 habebant,
1506 1161 1552 1207 et
1579 1154 1746 1220 wdiﬁ-

173 1245 437 1308 cabantur,
478 1244 715 1308 ibantque
740 1246 793 1297 in
820 1245 999 1298 timore
1032 1243 1269 1307 Domini,
1319 1255 1367 1297 ct
1412 1245 1750 1300 consolatione

173 1336 397 1406 Spiritus
426 1336 590 1389 sancti
616 1335 957 1405 replebantur.
991 1335 1236 1391 Dicturus
1266 1345 1348 1391 est
1376 1336 1444 1392 de
1474 1336 1611 1391 Petri
1640 1338 1748 1392 dis-

171 1446 320 1484 cessu
352 1431 419 1483 ad
448 1439 682 1485 sanctos.
716 1429 793 1484 Ne
829 1431 947 1501 quis
992 1447 1118 1501 ergo
1157 1440 1364 1502 putaret
1406 1431 1457 1486 id
1495 1448 1558 1486 ex
1603 1443 1746 1487 metu

172 1522 518 1594 provenisse,
567 1523 738 1593 primo
783 1532 962 1577 narrat
999 1532 1058 1577 ut
1098 1538 1156 1579 se
1187 1522 1443 1578 baberent
1474 1524 1744 1591 Ecclesite;

172 1614 460 1671 ostendens
487 1615 659 1685 ipsum
687 1614 1111 1684 persequutionis
1136 1623 1374 1685 tempore
1402 1614 1747 1688 Jerosolymac

172 1710 433 1762 mansisse
458 1725 471 1761 :
496 1723 617 1762 cum
647 1717 823 1762 autem
852 1708 904 1761 in
935 1714 1050 1761 tuto
1073 1716 1228 1762 erant
1249 1708 1442 1778 ubique
1470 1708 1744 1774 Ecclesiae,

172 1812 293 1855 tunc
319 1800 716 1872 Jerusoiymam
744 1800 1057 1870 reliquisse;
1090 1789 1467 1857 adeo°fervens
1493 1813 1547 1857 et
1571 1804 1749 1858 alacer

171 1904 300 1946 erat.
328 1891 449 1945 Non
477 1892 620 1946 enim
648 1892 769 1962 quia
801 1908 899 1961 pax
926 1901 1061 1956 erat,
1094 1893 1309 1962 putabat
1339 1910 1443 1947 non
1471 1910 1603 1964 opus
1627 1911 1748 1951 esse

167 1999 261 2037 suo
290 1983 549 2037 adventu.
578 1983 644 2037 Et
676 1998 792 2049 cur,
821 1983 1048 2052 inquies,
1081 1983 1131 2037 id
1158 1982 1300 2049 facit,
1325 1986 1573 2056 venitque
1605 1989 1747 2056 pacis

172 2085 432 2143 tempore,
460 2085 515 2129 et
543 2083 818 2145 postquam
846 2074 1041 2130 Paulus
1061 2075 1301 2131 abierat?
1328 2076 1459 2143 Quia
1487 2080 1605 2132 illos
1629 2096 1745 2133 ina-

171 2166 305 2219 xime
342 2164 743 2219 venerabantur
770 2166 812 2233 ¹,
855 2174 1038 2235 utpote
1075 2167 1164 2236 qui
1202 2182 1344 2237 stupe
1373 2169 1651 2238 adessent,
1694 2182 1749 2227 et

170 2257 496 2312 multitudini
528 2256 832 2324 mirabiles;
864 2259 1010 2313 illum
1039 2275 1168 2317 vero
1193 2263 1647 2330 contemnebant,
1694 2274 1749 2321 et

172 2352 219 2406 in
244 2367 369 2406 eum
404 2352 579 2422 magis
607 2353 1085 2423 exasperabantur.

232 2443 287 2498 2.
316 2442 513 2498 Petrus
554 2445 697 2515 quasi
740 2450 847 2501 dua:
880 2446 1125 2501 circuibat
1163 2447 1384 2504 ordines.
1410 2479 1482 2491 —
1508 2448 1748 2505 Vidistin’

170 2535 436 2601 quomodo
465 2551 571 2605 pax
601 2535 795 2591 bellum
823 2547 1042 2608 sequuta
1073 2539 1186 2594 sit?
1226 2539 1335 2595 imo
1362 2540 1592 2596 vidistin‘
1622 2541 1747 2612 quid

173 2626 349 2681 {vicerit
380 2628 586 2682 bellum
617 2628 778 2683 illud?
820 2630 1078 2699 DiSpersit
1112 2631 1358 2701 pacificos
1394 2633 1532 2688 illos.
1566 2634 1619 2689 In
1651 2634 1749 2690 Sa-

176 2721 329 2773 maria
361 2719 575 2789 pudore
589 2719 821 2775 sull'usus
841 2730 923 2775 est
942 2722 1125 2777 Simon
1147 2738 1163 2777 :
1193 2724 1244 2778 in
1269 2723 1450 2779 Judtea
1472 2724 1748 2796 Sapphirae

178 2825 319 2865 casus
346 2811 571 2866 accidit.
599 2811 714 2866 Non
748 2828 874 2883 ergo
915 2814 1037 2883 quia
1077 2828 1176 2883 pax
1217 2824 1365 2883 erat,
1392 2817 1629 2872 remissa:
1660 2832 1746 2872 res

176 2913 352 2967 erant;
379 2902 477 2958 sed
511 2902 635 2959 talis
664 2914 778 2958 erat
808 2920 938 2974 pax,
968 2920 1087 2975 qua:
1128 2908 1490 2962 consolatione
1527 2907 1747 2965 haberet

185 3008 330 3062 opus.
352 2992 443 3048 3‘2.
472 2992 688 3047 Factum
713 3003 784 3047 est
807 3005 993 3058 autent,
1021 3006 1076 3049 ut
1112 2993 1315 3060 Petrus,
1342 2998 1462 3050 dum
1487 3010 1745 3068 pertrans-

182 3085 276 3135 iret
324 3084 580 3139 universos
601 3124 619 3149 ,
662 3085 911 3139 deueniret
949 3086 1016 3138 ad
1055 3096 1252 3140 sanctos
1273 3127 1287 3150 ,
1330 3089 1416 3156 qui
1459 3088 1746 3144 habitabant

200 3174 404 3244 Lydae.
432 3176 585 3243 Quasi
631 3176 736 3231 dux
785 3178 1075 3244 circuibat,
1112 3179 1328 3234 ordines
1366 3180 1743 3249 considerans,

195 3284 309 3335 qum
357 3283 470 3337 pars
506 3279 654 3325 esset
686 3269 1016 3335 coadunata,
1056 3288 1175 3342 quas
1213 3282 1434 3340 ornata,
1482 3288 1611 3343 qua:
1650 3289 1748 3330 sua

186 3363 454 3428 prarsentia
482 3373 685 3432 egeret.
719 3362 854 3418 Vide
893 3364 1038 3418 illum
1085 3365 1280 3435 ubique
1317 3365 1746 3434 circumcursan-

175 3466 275 3507 tetn
297 3495 314 3519 ,
343 3464 400 3510 et
434 3458 666 3525 primum
699 3457 991 3511 inventum.
1029 3456 1123 3512 Ubi
1161 3457 1435 3527 eligendus
1476 3468 1590 3515 erat
1627 3475 1750 3530 apo-

165 3547 369 3614 stolus,
404 3550 495 3602 hic
522 3549 728 3618 primus
755 3548 885 3613 fuit;
912 3565 1032 3603 cum
1071 3548 1351 3605 dicendum
1397 3561 1511 3606 erat
1549 3551 1748 3608 Judaeis

157 3657 263 3694 nitu
314 3658 446 3698 esse
488 3643 670 3698 ebrios
708 3644 1015 3710 apostolos,
1065 3658 1184 3697 cum
1225 3642 1443 3699 claudus
1481 3645 1749 3700 sanandus

152 3733 251 3787 fuit
270 3777 285 3796 ,
309 3736 539 3806 quando
563 3734 986 3790 concionandum
1006 3743 1119 3789 erat
1137 3777 1151 3800 ,
1176 3735 1261 3790 ltic
1286 3745 1412 3791 ante
1437 3737 1570 3792 alios
1596 3747 1744 3803 erat;

144 3829 367 3895 quando
398 3826 673 3897 agendum
703 3842 825 3881 cum
857 3826 1121 3896 prmlectis
1143 3869 1158 3891 ,
1196 3827 1408 3897 quando
1444 3844 1564 3883 cum
1602 3831 1742 3882 Ana-

145 3921 267 3984 uia,
296 3935 435 3974 eum
473 3934 538 3974 ex
573 3919 755 3973 umbra
798 3918 1102 3974 sanationes
1146 3918 1350 3974 ﬁerent.
1395 3918 1495 3974 Ubi
1536 3924 1746 3989 pericu-

140 4011 249 4065 lum
296 4020 439 4077 est,
499 4010 589 4065 hic
626 4010 813 4075 adest,
862 4019 917 4065 et
971 4010 1056 4064 ubi
1100 4010 1340 4080 quaedam
1390 4011 1747 4079 dispensanda

136 4114 264 4158 sunt
290 4122 305 4157 :
340 4104 447 4159 ubi
484 4117 614 4158 vero
640 4103 940 4172 tranquilla:
967 4117 1054 4157 res
1080 4112 1235 4165 sunt,
1266 4103 1318 4156 in
1347 4104 1612 4156 communi
1635 4119 1751 4155 out-

133 4211 276 4260 nes;
309 4196 473 4251 adeo
502 4210 613 4250 non
653 4195 855 4263 appetit
894 4194 1147 4263 majorem
1196 4192 1474 4248 honorem.
1517 4192 1746 4246 Rursum

131 4306 260 4343 cum
313 4288 602 4343 miracula
654 4288 812 4342 edere
848 4288 1145 4356 Oportebat,
1192 4286 1279 4341 ille
1318 4284 1625 4355 prosiliebat
1652 4301 1666 4337 :
1697 4293 1751 4340 et

131 4381 219 4435 hic
246 4383 469 4436 iterum
504 4381 624 4448 ipse
652 4393 748 4448 per
773 4394 832 4432 se
860 4378 1066 4432 laborat
1085 4418 1099 4440 ,
1129 4387 1182 4431 et
1211 4377 1311 4431 iter
1332 4376 1457 4445 agit.
1486 4376 1575 4431 55.
1598 4375 1751 4433 Inve-

130 4475 204 4523 nit
230 4484 423 4525 autem
454 4471 530 4523 ibi
562 4470 814 4523 hominem
854 4469 1121 4538 quemdam
1154 4469 1355 4522 nomine
1387 4465 1641 4533 xEneam,
1688 4467 1751 4521 ab

124 4565 279 4618 mis
306 4574 446 4618 octo
466 4564 730 4632 jacentem
752 4562 806 4614 in
833 4561 1042 4632 grabato
1066 4603 1080 4625 ,
1120 4566 1205 4631 qui
1246 4568 1351 4614 erat
1392 4561 1703 4631 paralyticus
1732 4575 1752 4613 :

128 4657 215 4709 3.
244 4667 297 4709 et
325 4657 411 4708 ait
442 4655 533 4707 illi
569 4652 753 4706 Petrus
781 4668 801 4705 :
832 4652 1022 4717 Δῗηεα,
1056 4660 1201 4706 sanat
1232 4661 1278 4704 te
1303 4649 1455 4704 Iesus
1480 4649 1707 4705 Christus
1733 4667 1751 4703 :

122 4762 319 4817 urge,
363 4755 423 4800 et
467 4754 648 4798 sterne
691 4744 796 4797 tibi.
842 4741 908 4795 Et
944 4745 1114 4797 statim
1157 4742 1396 4797 surrexit.
1426 4741 1493 4795 Et
1520 4758 1616 4796 cur
1646 4757 1751 4796 non

122 4836 508 4906 exspectavit
549 4834 652 4889 viri
689 4833 845 4889 ﬁdem
870 4874 884 4899 ,
932 4850 1032 4889 nec
1076 4835 1420 4903 interrogavit
1462 4848 1529 4887 an
1577 4835 1751 4887 curari

123 4930 295 4985 vellet
316 4928 345 4982 2
371 4928 545 4984 Sane
574 4926 698 4996 quia
719 4927 786 4981 ad
809 4927 1089 4982 multorum
1112 4927 1531 4981 consolationem
1558 4926 1753 4982 factum

122 5031 210 5076 est
238 5018 630 5075 miraculum.
669 5015 850 5089 Itaque
892 5017 1014 5072 audi
1058 5027 1312 5088 quantum
1352 5018 1557 5073 lucrum
1590 5036 1603 5072 :
1631 5020 1759 5072 sub-

120 5112 303 5185 jungit
336 5113 516 5168 enim
551 5109 740 5165 dicens
763 5128 779 5164 :
805 5111 895 5165 55.
923 5108 989 5163 Et
1013 5109 1240 5163 viderunt
1268 5125 1438 5162 omnes
1457 5149 1471 5174 ,
1498 5110 1585 5180 qui
1610 5109 1757 5163 Itabi-

128 5210 305 5261 tabant
334 5204 579 5278 Lycida
598 5212 644 5256 et
670 5203 911 5257 Assaroni
935 5244 949 5269 ,
979 5204 1062 5274 qui
1085 5203 1309 5257 conversi
1328 5211 1444 5255 sunt
1475 5203 1543 5254 ad
1580 5202 1758 5256 Domi-

129 5316 268 5356 num.
287 5301 465 5357 Bene
493 5298 591 5351 sic
609 5295 739 5350 dixit
766 5315 780 5351 :
803 5294 1024 5367 insignis
1043 5296 1183 5350 enim
1205 5303 1318 5349 erat
1336 5295 1415 5346 vir
1436 5309 1449 5357 ;
1474 5307 1759 5363 argumen-

112 5402 358 5463 tumque
399 5390 519 5446 dat
554 5388 694 5456 signi
720 5376 905 5457 ,“quod
934 5385 1082 5440 tollat
1108 5386 1404 5455 grabatum.
1440 5382 1553 5438 Non
1586 5385 1757 5438 solum

134 5486 269 5540 enim
298 5500 331 5539 a
364 5480 614 5539 morbis
644 5478 1041 5544 liberaverunt,
1070 5477 1165 5531 sed
1194 5478 1353 5531 etiam
1384 5491 1505 5529 cum
1536 5478 1762 5531 sanitate

140 5580 271 5630 vires
301 5570 745 5645 praestiterunt.
788 5569 1033 5638 Alioquin
1069 5577 1243 5622 autem
1288 5566 1520 5621 nondum
1556 5566 1765 5619 virtutis

142 5680 241 5721 sua:
267 5670 441 5738 signa
475 5660 798 5725 dederant;
830 5661 901 5715 ita
943 5668 1000 5714 ut
1036 5659 1225 5714 merito
1260 5673 1365 5712 non
1407 5656 1710 5726 exigeretur
1736 5670 1765 5707 a

202 5762 215 5790 ι
250 5766 393 5807 Unus
412 5752 567 5806 Cod.
588 5814 599 5817 Α
617 5750 821 5817 habet...
864 5762 952 5800 suo
975 5749 1201 5817 adventu.
1226 5745 1413 5817 Abicrat
1438 5743 1614 5817 Paulus
1636 5748 1768 5794 erat-

148 5831 227 5876 que
250 5833 353 5869 oux
380 5859 396 5872 .
426 5829 541 5865 nec
561 5814 680 5873 jam
697 5812 868 5864 bellum
891 5818 972 5862 ant
995 5809 1217 5862 turbatio.
1244 5812 1351 5861 Illos
1376 5809 1586 5860 maxime
1621 5819 1763 5857 vene-

150 5883 394 5943 'Ibutttw’,
421 5888 544 5929 ulc.

1225 5978 1253 5998 τέ’

1204 6009 1287 6045 λλ.

1127 388 1192 445 IN
1267 383 1446 442 ACTA
1486 380 2015 440 APOSTOLORUM.
2056 382 2287 441 llOMlL.
2326 385 2471 442 XXl.

3324 391 3429 456 166

1853 498 1970 551 viro
2001 496 2168 562 ﬁdes,
2200 501 2626 573 quandoquidem
2665 521 2767 561 non
2808 520 3096 579 exegerunt
3142 526 3171 566 a
3210 514 3425 575 claudo.

1853 586 2311 654 Quemadmodum
2365 597 2521 665 igitur
2560 609 2612 652 et
2656 598 2899 655 Christus
2956 604 3108 659 initio
3154 611 3423 676 signorum

1856 682 2013 735 iidem
2043 700 2147 738 non
2176 689 2418 756 exigebat
2445 708 2460 745 :
2488 692 2565 745 sic
2588 710 2757 764 neque
2781 697 2886 753 isti.
2909 699 3258 772 Jerosolymis
3282 710 3422 761 enim

1854 773 1988 830 ﬁdes
2006 780 2197 833 merito
2218 783 2365 850 prius
2384 786 2694 855 exigebatur
2716 807 2728 842 :
2757 790 2895 845 unde
2916 802 2969 847 et
2991 805 3210 865 propter
3233 800 3383 854 tidem
3400 832 3420 859 ν

1856 877 2115 938 quotquot
2140 874 2338 929 morbis
2362 877 2732 937 detinebantur
2753 925 2768 949 ,
2794 884 2844 939 in
2874 886 2975 942 viis
3001 894 3422 960 experiebantur,

1854 971 1908 1053 ut
1940 964 2197 1020 venientis
2235 967 2373 1024 Petri
2416 972 2604 1028 Saltem
2642 978 2825 1033 umbra
2866 987 3165 1053 quempiam
3213 989 3422 1045 illorum

1854 1051 2216 1110 obumbraret.
2260 1060 2416 1115 Multa
2449 1065 2586 1118 enim
2632 1068 2737 1124 illic
2775 1074 2921 1143 signa
2960 1051 3291 1147 edebantur;
3342 1086 3425 1141 hic

1852 1151 2030 1236 autem
2062 1144 2164 1202 huc
2193 1150 2414 1217 primum
2443 1159 2684 1226 contigit.
2715 1162 2842 1217 Nam
2871 1166 3016 1236 signa
3056 1173 3157 1226 alia
3196 1176 3259 1229 ad
3280 1144 3422 1233 alios

1852 1232 2160 1291 alliciendos
2187 1240 2482 1298 edebantur
2507 1289 2519 1311 ,
2552 1248 2652 1301 alia
2698 1252 2764 1304 ad
2807 1232 3133 1317 credentiqu
3176 1232 3421 1323 comula.

1853 1325 2206 1428 tionetnlbti.‘
2232 1331 2299 1428 in
2345 1333 2513 1406 lappe
2563 1352 2727 1395 autem
2768 1348 2862 1414 fuit
2905 1354 3133 1419 quwdnm
3177 1358 3424 1428 discipula

1853 1420 2055 1508 nomine
2082 1421 2297 1478 Tabitha
2320 1468 2333 1488 ,
2362 1445 2473 1497 qua:
2498 1432 2540 1483 si
2568 1432 2916 1503 interpretetur
2934 1483 2946 1501 ,
2997 1444 3179 1501 dicitur
3208 1420 3420 1508 Dorcas.

1856 1507 1981 1564 Haec
2004 1524 2111 1567 erat
2139 1515 2288 1584 plena
2315 1521 2547 1587 operibus
2575 1526 2713 1580 bonis
2738 1570 2751 1592 ,
2798 1540 2844 1582 et
2891 1534 3215 1607 cleemosynis
3236 1583 3251 1607 ,
3301 1560 3425 1610 quas

1855 1603 2085 1671 faciebat.
2117 1606 2206 1662 57.
2240 1607 2455 1664 Factum
2483 1625 2555 1667 est
2578 1628 2744 1671 autem
2783 1622 2834 1674 in
2863 1623 3032 1679 diebus
3067 1603 3169 1683 illis
3196 1603 3251 1685 ut
3274 1603 3425 1702 inﬁr-

1852 1707 1989 1749 mata
2028 1711 2320 1755 moreretur.
2360 1704 2527 1769 Quam
2554 1725 2665 1761 cum
2703 1713 2967 1780 (abissent,
3006 1736 3278 1788 posuerant
3314 1745 3426 1783 eam

1852 1784 1906 1884 in
1944 1791 2220 1844 ctenaculo.
2267 1793 2356 1848 38.
2398 1796 2520 1850 Cum
2564 1810 2729 1853 autem
2762 1822 2916 1874 prope
2960 1784 3084 1865 esset
3125 1812 3307 1884 Lydda
3357 1820 3427 1874 ad

1851 1877 2052 1983 Joppen
2076 1921 2093 1948 ,
2139 1884 2376 1955 discipuli
2400 1892 2657 1947 audientes
2678 1937 2693 1960 ,
2732 1900 2865 1966 quod
2895 1899 3073 1957 Petrus
3096 1877 3221 1962 esset
3248 1911 3301 1965 in
3329 1930 3388 1966 ea
3405 1955 3426 1983 ,

1852 1971 2094 2027 miserunt
2121 1977 2248 2031 duos
2273 1980 2404 2035 viros
2425 2024 2437 2043 .
2470 1997 2701 2054 rogantes
2724 2031 2739 2053 ,
2765 2008 2826 2043 ne
2843 1993 3066 2060 di/ferret
3085 2002 3250 2056 venire
3274 1971 3431 2075 usque

1852 2061 1922 2115 ad
1942 2062 2098 2132 ipsos.
2123 2066 2233 2122 Cur
2251 2084 2622 2140 exspectarunt
2643 2079 2813 2135 donec
2839 2093 3178 2146 moreretur?
3200 2109 3297 2149 cur
3319 2061 3427 2154 non

1853 2163 1977 2209 ante
2007 2169 2219 2255 rogatus
2253 2161 2348 2255 iuit
2390 2163 2620 2221 Petrus?
2658 2171 2931 2243 Indignum
2983 2190 3227 2248 putantes
3265 2196 3425 2255 tunc,

1853 2260 1973 2300 cum
2007 2249 2538 2322 philosopharentur,
2571 2260 2857 2331 discipulos
2892 2272 2958 2323 ad
2998 2288 3082 2328 res
3123 2249 3427 2345 httjusutodi

1852 2350 2106 2430 gravare,
2159 2351 2212 2397 et
2257 2359 2286 2397 a
2335 2347 2709 2414 pra2dicatioue
2755 2357 3085 2418 abstrahere.
3126 2367 3257 2425 Nam
3307 2373 3429 2430 ideo

1852 2426 1983 2522 dicit
2008 2443 2171 2522 prope
2199 2432 2363 2490 fuisse
2388 2478 2402 2501 ,
2440 2447 2495 2492 ut
2529 2444 2772 2500 ostendat
2802 2448 2919 2505 illus
2948 2457 3096 2522 quasi
3125 2474 3235 2513 rem
3267 2426 3427 2517 ocra:

1854 2518 2004 2571 sione
2029 2520 2206 2575 oblata
2237 2526 2451 2592 petiisse
2481 2531 2498 2597 (
2524 2531 2779 2605 discipula
2808 2541 2947 2596 enim
2964 2518 3090 2600 erat
3112 2547 3153 2618 ),
3195 2567 3299 2607 non
3327 2572 3427 2611 au-

1856 2613 1960 2661 tem
1993 2612 2258 2702 praecipuo
2288 2616 2423 2671 loco.
2455 2619 2545 2675 39.
2577 2623 2866 2695 Exsurgens
2892 2644 3058 2689 autem
3089 2612 3271 2696 Petrus
3297 2649 3428 2702 venit

1851 2712 1970 2751 cum
1994 2700 2113 2757 illis.
2149 2702 2214 2755 Et
2244 2722 2357 2759 cum
2386 2710 2662 2766 advenisset
2692 2717 2946 2775 duxerunt
2984 2725 3131 2781 illum
3166 2731 3220 2784 in
3260 2700 3429 2791 cinna;

1853 2788 2046 2887 culum.
2080 2793 2193 2847 Non
2220 2810 2445 2866 rogant,
2475 2803 2567 2857 sed
2614 2822 2725 2862 rem
2774 2812 2846 2866 illi
2893 2819 3243 2887 permittunt,
3276 2841 3329 2881 ut
3360 2788 3426 2885 cx

1855 2882 2034 2989 seipso
2065 2887 2357 2989 vvitammilli
2401 2891 2672 2961 largiatur.
2716 2900 2791 2955 lla
2832 2882 2917 2958 hic
2961 2882 3425 2989 impletur'illud,

1856 2969 2191 3073 Eleemosyna
2223 2978 2394 3034 liberat
2422 3000 2454 3037 a
2482 2990 2678 3055 morte(
2705 2989 2826 3047 Tob.
2859 2996 2945 3050 12.
2974 2969 3070 3073 9
3107 3003 3172 3057 Et
3208 2969 3427 3065 circum:

1853 3074 2094 3121 steterunt
2132 3069 2276 3124 illum
2315 3091 2485 3131 omnes
2526 3079 2725 3147 vidule,
2764 3085 2938 3154 ﬂentes
2967 3069 3356 3155 et'ostendentrs
3387 3108 3435 3159 ei

1856 3157 2052 3212 tunicas
2077 3170 2121 3212 et
2144 3172 2300 3217 vestes
2320 3206 2336 3231 ,
2365 3184 2489 3238 quas
2516 3171 2732 3241 faciebat
2758 3175 2952 3233 Dorcas
2975 3222 2989 3247 ,
3022 3200 3137 3238 cum
3162 3202 3283 3242 esset
3311 3157 3427 3247 cunt

1853 3247 1976 3351 illis.
2017 3250 2221 3307 Ducunt
2251 3254 2461 3312 Petrum
2491 3276 2557 3317 eo
2578 3304 2595 3327 ,
2628 3266 2716 3320 ubi
2744 3278 2860 3323 erat
2899 3281 3103 3330 mortua
3148 3285 3422 3351 exposita;

1856 3335 1995 3392 forte
2027 3352 2304 3411 putantes,
2336 3348 2410 3401 illi
2438 3353 2708 3423 quidpiam
2754 3358 2819 3413 ad
2864 3335 3248 3434 pltiloSOphiam
3277 3335 3425 3430 exilii:

1857 3433 2003 3524 bere.
2028 3436 2213 3493 Viden‘
2234 3452 2427 3511 quanta
2455 3449 2691 3504 accessio
2714 3451 2847 3505 facta
2869 3454 2936 3508 sit
2957 3457 2981 3508 ?
3001 3433 3109 3514 Nec
3132 3463 3245 3517 sine
3266 3481 3423 3524 causa

1854 3518 2049 3583 nomen
2081 3532 2318 3587 mulieris
2346 3537 2609 3602 profertur
2630 3580 2645 3604 ,
2692 3541 2786 3597 sed
2813 3553 2870 3597 ut
2897 3549 3209 3606 ostendatur
3252 3560 3423 3611 nunti-

1854 3618 1938 3717 nis
1964 3634 2084 3674 cum
2119 3622 2226 3677 vita
2253 3629 2634 3694 c0ttsonantia;
2663 3631 2731 3685 ita
2777 3650 2968 3705 nempe
3008 3641 3131 3710 vigil
3175 3654 3227 3699 et
3267 3663 3427 3717 expe-

1851 3710 1959 3766 dita
1978 3720 2094 3766 erat
2118 3754 2131 3776 ,
2156 3724 2214 3768 ut
2236 3715 2427 3771 dorcas
2446 3720 2558 3775 sive
2574 3737 2786 3792 caprea.
2816 3727 2974 3783 Multa
2997 3733 3191 3803 quippe
3212 3710 3425 3794 numina

1853 3818 1972 3857 cum
2006 3806 2211 3860 ratione
2235 3807 2430 3863 dantur
2453 3851 2467 3876 ,
2497 3821 2553 3864 ut
2584 3827 2726 3883 sa‘pe
2749 3817 2902 3871 Vobis
2931 3822 3180 3879 diximus.
3225 3825 3381 3881 Plena
3406 3872 3425 3897 ,

1854 3898 2026 3966 inquit
2046 3939 2059 3959 ,
2085 3908 2191 3952 erat
2215 3902 2357 3954 bonis
2376 3905 2609 3971 cperibus
2632 3947 2646 3969 ,
2671 3917 2716 3960 et
2738 3909 3060 3982 eleetttosynis
3083 3956 3097 3978 ,
3121 3933 3244 3985 quas
3268 3923 3424 3989 [atie-

1854 3987 1955 4042 but.
1991 3989 2235 4059 Magnum
2278 3992 2512 4046 mulieris
2543 4002 2841 4052 encomiunt
2865 4040 2879 4060 ,
2914 4004 3182 4073 siquidem
3204 3987 3428 4081 utraque

1854 4081 1932 4135 sic
1966 4080 2191 4135 faciebat
2215 4124 2231 4146 ,
2273 4092 2329 4135 ut
2365 4086 2603 4154 utrisque
2645 4088 2797 4154 plena
2844 4103 3005 4146 esset.
3040 4096 3217 4152 Palam
3245 4080 3427 4160 autem

1854 4184 1937 4229 est
1959 4217 1975 4241 ,
2009 4176 2149 4229 illam
2180 4178 2327 4245 prius
2355 4179 2613 4233 bonorum
2636 4196 2854 4250 aper-um
2880 4227 2896 4251 ,
2920 4186 3112 4244 deinde
3131 4192 3429 4268 electuosy-

1858 4281 2045 4320 narum
2072 4282 2255 4321 curam
2286 4268 2552 4325 habuisse.
2575 4271 2703 4338 Quae
2724 4275 2933 4345 faciebat
2957 4320 2971 4343 ,
3003 4280 3203 4352 inquit,
3237 4284 3430 4344 Dorcas

1857 4373 1974 4410 cum
2012 4356 2115 4411 illis
2153 4374 2375 4412 versans.
2420 4360 2581 4416 Multa
2631 4364 2918 4420 humilitas.
2950 4369 3066 4426 Non
3114 4374 3253 4430 enim
3294 4380 3431 4435 sicut

1859 4464 1989 4514 nos;
2020 4449 2115 4505 sed
2142 4452 2301 4506 simul
2343 4467 2533 4508 omnes
2571 4466 2756 4523 erant,
2797 4474 3040 4529 magnam
3075 4465 3431 4539 eleemosynae

1857 4557 2039 4598 curant
2085 4544 2364 4599 habentes.
2414 4546 2505 4600 40.
2556 4545 2743 4615 Ejectis
2779 4562 2944 4605 autent
2984 4557 3212 4612 omnibus
3249 4565 3389 4631 foras
3414 4605 3430 4626 ,

1862 4636 2260 4705 Petrusvponens
2286 4653 2449 4707 genua
2477 4641 2636 4692 oravit
2666 4655 2685 4693 :
2714 4651 2760 4694 et
2802 4659 3067 4699 conversus
3100 4648 3167 4699 ad
3210 4666 3389 4719 corpus
3413 4693 3431 4719 ,

1858 4729 1987 4783 dixit
2014 4744 2031 4781 :
2064 4727 2278 4782 Tabitlia
2302 4771 2315 4792 ,
2341 4746 2507 4800 surge.
2537 4730 2600 4782 At
2631 4731 2721 4784 illa
2762 4735 2957 4802 aperuit
2995 4737 3165 4790 oculos
3203 4756 3321 4793 suos
3346 4782 3359 4803 ,
3387 4752 3433 4795 et

1857 4824 1963 4877 viso
1985 4822 2139 4875 Petro
2159 4823 2360 4877 resedit.
2384 4823 2493 4877 Cur
2512 4839 2698 4879 omnes
2717 4825 2862 4894 ejicit
2880 4827 2903 4879 ?
2923 4827 3000 4881 Ne
3026 4828 3274 4900 lacryntis
3297 4848 3429 4886 cou-

1862 4916 2103 4969 turbetur
2131 4926 2184 4969 et
2210 4925 2506 4969 moveatur.
2540 4914 2606 4968 Et
2650 4916 2824 4984 positis
2869 4918 3075 4987 genibus
3118 4922 3295 4974 oravit.
3323 4923 3434 4979 Hoc

1860 5014 1976 5060 erat
2005 5007 2228 5061 iutensze
2258 5006 2516 5060 oratioois
2546 5006 2817 5059 indicium.
2867 5008 2957 5060 41.
3004 5007 3143 5063 Dans
3184 5022 3353 5066 autem
3390 5015 3435 5067 ei

1862 5113 2067 5150 manum
2087 5139 2103 5163 ,
2134 5096 2319 5167 inquit.
2352 5096 2449 5150 llic
2469 5097 2770 5166 singillatim
2797 5098 3031 5153 ostendit
3056 5100 3217 5155 vitam
3239 5145 3254 5168 ,
3282 5103 3438 5159 deiu-

1863 5188 2037 5259 deque
2058 5188 2307 5243 virtutem
2333 5188 2600 5241 inductam
2627 5227 2643 5253 ,
2669 5188 2824 5242 aliam
2852 5191 3016 5245 verbo
3038 5234 3053 5260 ,
3073 5192 3229 5248 aliam
3255 5197 3433 5251 manu.

1863 5279 2009 5335 Dans
2028 5292 2194 5335 autem
2225 5282 2268 5333 ei
2296 5296 2499 5333 manum
2522 5321 2537 5345 ,
2585 5282 2739 5335 erexit
2790 5299 2919 5338 eam.
2969 5282 3035 5338 Et
3069 5298 3181 5340 cum
3216 5300 3441 5345 vocasset

1863 5383 2062 5428 sanctos
2082 5383 2127 5426 et
2151 5372 2328 5426 viduas
2351 5413 2366 5435 ,
2400 5373 2671 5442 assignavit
2698 5389 2807 5427 eam
2837 5376 2998 5430 vivant
3022 5418 3037 5442 ,
3065 5379 3185 5434 aliis
3211 5382 3275 5435 ad
3310 5398 3439 5438 cou-

1865 5468 2178 5523 solationem
2204 5506 2218 5529 ,
2265 5465 2404 5534 quod
2454 5481 2692 5521 sororem
2719 5472 3020 5539 acciperent
3045 5482 3099 5527 et
3128 5475 3438 5532 miraculum

1865 5558 2109 5612 viderent
2132 5573 2147 5623 ;
2176 5556 2347 5610 viduis
2367 5572 2492 5611 vero
2518 5557 2587 5612 ad
2611 5562 2987 5629 patrocinium.
3012 5564 3104 5619 42.
3134 5565 3324 5620 Notum
3349 5584 3444 5622 aa-

1869 5657 1966 5701 tem
1994 5652 2182 5719 factum
2210 5657 2281 5702 est
2312 5665 2399 5717 per
2426 5650 2709 5705 universam
2751 5652 2952 5724 lappen
2975 5696 2991 5719 ,
3035 5665 3083 5708 et
3121 5660 3441 5713 crediderunt

1868 5742 2011 5796 multi
2029 5742 2083 5796 in
2101 5740 2334 5796 Domino.
2351 5741 2493 5796 451⁷
2495 5752 2661 5796 actum
2673 5753 2744 5799 est
2760 5755 2947 5815 autem,
2965 5759 3019 5800 ut
3038 5766 3124 5818 per
3140 5752 3322 5803 multos
3340 5752 3446 5808 dies
3500 5746 3519 5759 “

1869 5844 2089 5891 maneret
2116 5834 2167 5889 in
2196 5834 2364 5905 loppe
2387 5836 2524 5907 apud
2562 5833 2820 5892 Simonem
2855 5839 3123 5909 quemdam
3150 5856 3439 5897 canarium.
