3978 6502
585 374 685 435 κη

598 554 601 557 _
658 492 710 545 5.
760 486 896 543 Petri
920 484 1248 543 mansuetudo
1264 493 1311 541 et
1328 485 1592 539 modestia.
1609 514 1681 523 -—
1698 481 1829 538 Vide
1847 481 2161 537 modestiam

585 596 640 637 et
671 583 1128 637 mansuetudinem
1162 578 1340 644 Petri,
1372 577 1642 645 quomodo
1671 590 1777 630 non
1805 574 1945 645 apud
1974 574 2120 629 illam
2141 614 2156 637 ,

586 692 761 746 neque
804 674 943 745 apud
973 675 1132 729 alium
1161 672 1463 743 quempiam
1495 670 1757 740 insignem
1788 681 2037 734 maneat,
2069 668 2163 723 sed

586 768 726 839 apud
754 767 1061 832 curiarium,
1092 780 1186 833 per
1212 763 1387 817 omnia
1411 762 1476 815 ad
1503 759 1857 815 humilitatem
1886 759 2162 823 inducens,

588 875 693 914 non
724 858 904 913 sinens
934 856 1151 910 viliores
1176 854 1496 919 erubescere
1516 893 1531 917 ,
1561 866 1658 906 nec
1686 850 1919 921 majores
1944 848 2122 903 extolli
2148 866 2162 902 :

585 952 674 1020 qui
696 951 854 1006 etiam
879 949 999 1003 ideo
1021 944 1405 1002 transeundum
1428 957 1547 997 esse
1566 942 1798 1013 putavit,
1816 940 1957 1011 quod
1983 939 2166 994 ﬁdeles

584 1042 826 1099 doctrina
855 1055 948 1095 sua
992 1044 1233 1108 egerent.
1286 1036 1449 1107 Igitur
1476 1033 1719 1103 superius
1762 1032 1902 1086 dicta
1948 1038 2162 1100 repeta-

584 1151 723 1190 mus.
756 1132 1035 1196 Tentabat,
1086 1130 1296 1200 inquit,
1352 1146 1405 1183 se
1447 1130 1662 1198 jungere
1711 1126 1997 1190 discipulis.
2050 1123 2164 1178 Non

586 1224 924 1296 impudenter
954 1223 1214 1287 accessit,
1244 1219 1339 1275 sed
1368 1219 1628 1273 modeste.
1664 1216 1960 1286 Discipulos
1988 1226 2165 1270 autem

585 1325 739 1369 vocat
768 1315 928 1370 etiam
957 1329 1084 1377 eos,
1118 1312 1208 1383 qui
1254 1327 1361 1367 non
1391 1320 1544 1365 erant
1593 1310 1643 1362 in
1682 1307 1847 1362 choro
1886 1307 2166 1361 duodecim

583 1410 795 1464 illorum
839 1426 853 1465 :
887 1409 1008 1478 quia
1042 1419 1164 1462 tunc
1192 1419 1380 1461 omnes
1427 1405 1496 1459 ob
1542 1402 1753 1456 virtutis
1794 1400 2164 1456 excellentiam

584 1502 827 1574 discipuli
871 1501 1238 1557 vocabantur:
1285 1496 1563 1553 manifesta
1610 1494 1752 1551 enim
1793 1505 1908 1549 erat
1954 1494 2163 1548 illorum

583 1596 776 1665 imago.
810 1592 875 1648 Et
905 1609 1075 1647 omnes
1113 1590 1350 1645 timebant
1389 1606 1499 1643 eum
1521 1628 1537 1654 ,
1570 1587 1762 1657 inquit.
1811 1584 1947 1640 Vide
1973 1627 1987 1649 ,
2029 1600 2166 1653 quo-

586 1690 748 1746 tnodo
775 1687 948 1743 adhuc
976 1684 1205 1755 pericula
1234 1690 1564 1748 metuerent,
1597 1678 1864 1750 quomodo
1892 1677 2066 1731 adhuc
2097 1677 2165 1731 tio

582 1797 701 1837 mor
728 1780 948 1850 vigeret.
973 1775 1236 1829 Barnabas
1262 1783 1429 1827 autem
1455 1771 1827 1840 apprehensum
1851 1769 1995 1822 illum
2021 1768 2167 1821 duxit

581 1873 652 1927 ad
679 1871 933 1941 apostolos
951 1911 965 1935 ,
996 1878 1042 1923 et
1064 1867 1287 1921 narravit
1316 1864 1442 1919 illis.
1467 1863 1690 1917 Videtur
1714 1871 1891 1915 autem
1923 1860 2017 1931 ipsi
2042 1860 2168 1914 Bar-

584 1954 751 2021 nabas
787 1972 943 2018 antea
1000 1962 1162 2015 fuisse
1203 1958 1438 2024 amicus,
1471 1956 1697 2024 ideoque
1729 1961 1911 2008 narrat
1953 1952 2126 2007 omnia
2148 1990 2163 2016 ,

582 2072 703 2128 (una:
749 2055 815 2110 ad
865 2055 1035 2123 ipsum
1068 2051 1403 2121 Spectabunt.
1449 2046 1593 2103 Nihil
1634 2054 1810 2101 autem
1857 2045 2045 2099 horum
2082 2041 2169 2096 ille

583 2152 752 2207 dicit:
799 2132 928 2221 puto
956 2164 1056 2204 nec
1086 2147 1152 2202 ad
1183 2146 1317 2200 alios
1344 2152 1527 2214 postea
1559 2141 1812 2196 extulisse
1831 2178 1846 2203 ,
1891 2138 1989 2192 nisi
2018 2151 2167 2207 qua:-

584 2244 708 2299 dam
750 2243 908 2298 fuerit
947 2241 1259 2295 necessitas.
1320 2236 1383 2290 Et
1424 2243 1532 2288 erat
1576 2249 1690 2287 cum
1730 2232 1835 2286 illis
1876 2231 2071 2283 intrans
2113 2227 2168 2281 in

584 2336 889 2400 Jerusalem,
920 2343 967 2387 et
988 2330 1293 2403 ﬁducialiter
1310 2345 1463 2400 agens
1487 2327 1541 2380 in
1564 2325 1767 2380 nomine
1794 2322 2002 2377 Domini
2018 2320 2165 2375 Jesu.

587 2434 701 2489 lloc
727 2441 782 2488 et
804 2431 922 2485 aliis
947 2429 1110 2484 dabat
1139 2426 1408 2481 ﬁduciam.
1440 2423 1600 2477 Vides
1626 2430 1682 2475 et
1708 2419 1794 2473 hic
1821 2427 1877 2474 et
1903 2417 2011 2472 illic
2035 2416 2168 2470 alios

586 2522 933 2595 providentes
960 2529 1015 2575 et
1056 2526 1308 2574 curantes
1336 2524 1397 2570 ut
1429 2514 1518 2569 ille
1555 2512 1756 2577 abiret,
1781 2525 1901 2566 cum
1933 2507 2166 2563 nondum

590 2615 686 2672 Dei
714 2613 939 2685 gratiam
965 2609 1300 2681 accepisset?
1323 2607 1502 2676 Itaque
1523 2605 1603 2659 sic
1628 2602 1767 2658 illius
1793 2601 1972 2657 fervor
1990 2608 2172 2654 osten-

586 2708 749 2764 ditur.
796 2702 978 2774 Neque
1018 2701 1128 2770 jam
1159 2699 1370 2754 videtur
1398 2695 1528 2750 mihi
1572 2694 1662 2748 ille
1702 2708 1798 2762 per
1828 2702 2024 2746 terram
2069 2689 2170 2744 iter

590 2799 827 2861 habere;
866 2794 961 2850 sed
1002 2791 1197 2847 deinde
1225 2788 1524 2860 navigabat.
1569 2785 1682 2841 Hoc
1718 2797 1931 2854 quoque
1971 2781 2030 2835 ﬁt
2076 2795 2171 2849 per

590 2887 1042 2960 dispensationem
1065 2924 1081 2951 ,
1122 2892 1181 2938 ut
1209 2882 1280 2937 ibi
1312 2880 1472 2935 etiam
1502 2877 1837 2948 praedicaret.
1872 2872 1994 2927 Ideo
2016 2872 2172 2942 igitur

592 2980 799 3038 insidiae
838 2977 1144 3047 contigere,
1187 2981 1241 3029 et
1286 2972 1389 3027 iter
1414 2968 1801 3038 Jerosolymam
1833 2980 1926 3032 per
1953 2963 2170 3032 dispen-

590 3074 875 3135 sationem,
901 3078 959 3124 ut
984 3083 1050 3121 ne
1079 3067 1215 3120 ultra
1242 3070 1519 3133 suspectus
1544 3068 1705 3114 esset.
1731 3057 2050 3126 Loquebatur
2072 3070 2169 3107 au-

593 3175 690 3219 tem
720 3173 764 3217 et
804 3160 1092 3232 disputabat
1131 3173 1246 3212 cum
1276 3154 1485 3211 Graecis.
1536 3151 1605 3206 Et
1646 3149 1926 3213 Ecclesia,
1964 3146 2166 3217 inquit,

595 3254 837 3310 habebant
862 3268 1054 3323 pacem,
1083 3245 1468 3318 wdiﬁcabantur
1483 3253 1529 3297 et
1561 3241 1886 3296 ambulabant
1918 3240 1971 3293 in
1997 3239 2174 3292 timore

592 3346 842 3411 Domini;
870 3343 921 3399 id
948 3351 1061 3407 est,
1089 3338 1438 3400 crescebant,
1460 3344 1516 3390 et
1537 3330 1755 3405 pacem,
1783 3346 1964 3386 veram
1994 3329 2174 3400 utique

598 3453 806 3510 pacem,
826 3437 963 3491 inter
982 3448 1041 3488 se
1072 3431 1360 3486 habebant.
1377 3428 1587 3490 Merito,
1606 3440 1727 3479 nam
1744 3422 1897 3479 valde
1913 3421 2175 3476 alllixerat

598 3533 721 3589 illos
742 3539 1020 3585 externum
1048 3525 1269 3581 bellum.
1306 3520 1370 3576 Et
1396 3519 1738 3575 consolatione
1760 3516 1919 3570 sancti
1949 3513 2175 3583 Spiritus

599 3621 942 3692 replebantur.
988 3613 1376 3673 Consolabatur
1417 3612 1535 3666 illos
1565 3610 1793 3679 Spiritus
1822 3616 2072 3672 sanctus,
2122 3614 2176 3662 et

599 3730 698 3786 per
727 3710 979 3768 miracula
1023 3717 1079 3765 et
1119 3723 1215 3778 per
1242 3721 1444 3777 opera:
1489 3704 1555 3758 ad
1599 3703 1712 3757 hrec
1749 3718 1906 3768 vero,
1948 3702 2177 3771 idipsum

600 3807 825 3877 singulis
854 3805 1046 3860 inerat.
1077 3800 1295 3855 Factum
1321 3807 1393 3853 est
1419 3807 1585 3851 autem
1613 3806 1666 3850 ut
1697 3794 1883 3850 Petrus
1909 3794 2031 3847 dum
2058 3795 2174 3864 p'er-

601 3898 875 3961 transiret,
917 3893 1195 3964 perveniret
1237 3891 1305 3944 ad
1343 3888 1599 3961 Lyddam.
1652 3886 1852 3941 Invenit
1897 3896 2064 3939 autem
2108 3884 2177 3938 ibi

603 3990 857 4044 hominem
893 3984 1300 4049 decumbentem,
1343 3992 1391 4036 et
1437 3980 1565 4034 dixit
1603 3978 1681 4033 illi
1712 3996 1731 4032 :
1776 3976 1981 4043 sEuea,
2029 3986 2178 4031 sanat

598 4090 651 4136 te
686 4079 841 4135 Jesus
870 4078 1119 4132 Christus.
1177 4073 1292 4129 Non
1323 4071 1644 4128 ostentantis
1684 4069 1883 4124 dictum
1925 4078 2040 4133 est,
2084 4068 2177 4122 sed

603 4172 818 4228 ﬁdentis
843 4184 956 4224 rem
982 4183 1103 4224 esse
1128 4167 1376 4221 futuram.
1410 4163 1533 4218 Mihi
1561 4178 1689 4216 vero
1719 4177 1934 4231 prorsus
1971 4161 2181 4215 videtur

604 4276 803 4329 aegrum
825 4258 948 4313 huic
967 4256 1259 4313 credidisse
1285 4255 1473 4320 verbo,
1490 4261 1544 4309 et
1565 4268 1751 4306 sanum
1780 4251 1973 4306 factum
1994 4250 2175 4307 fuisse.

606 4352 761 4420 Quod
785 4360 962 4406 autem
997 4350 1115 4405 sine
1156 4348 1292 4403 fastu
1321 4355 1491 4405 esset.
1533 4361 1597 4400 ex
1625 4345 1968 4414 sequentibus
2007 4343 2179 4413 palam

609 4452 713 4498 est.
743 4441 858 4497 Non
882 4441 1024 4496 enim
1045 4439 1207 4505 dixit,
1239 4438 1294 4493 ln
1324 4437 1539 4492 nomine
1561 4436 1688 4491 .lesu
1710 4478 1725 4502 ,
1750 4435 1845 4490 sed
1872 4444 1930 4489 ut
1948 4436 2176 4505 signum,

610 4535 778 4603 magis
831 4532 932 4587 hoc
977 4539 1209 4586 enarrat.
1272 4527 1512 4583 Viderunt
1552 4537 1721 4580 autem
1760 4527 1847 4596 qui
1894 4525 2181 4578 habitabant

610 4626 879 4698 Lyddnm,
925 4634 972 4679 ct
1000 4623 1224 4678 conversi
1248 4630 1364 4676 sunt
1401 4621 1469 4674 ad
1504 4619 1802 4674 Dominum.
1851 4618 2030 4688 Itaque
2075 4632 2181 4672 non

611 4720 805 4773 frustra
835 4717 957 4771 dixi.
976 4716 1231 4770 miracula
1260 4714 1394 4768 facta
1424 4711 1590 4767 fuisse
1613 4712 1680 4767 ad
1712 4711 2106 4782 persuasionem
2128 4720 2184 4766 et

610 4809 1051 4865 consolationem.
1097 4805 1164 4861 In
1195 4803 1367 4874 lappe
1389 4814 1556 4859 autem
1583 4812 1689 4858 erat
1714 4802 1942 4874 quasdam
1969 4803 2185 4872 discipu-

610 4904 663 4957 la
681 4944 698 4969 ,
728 4900 930 4971 inquit,
962 4898 1166 4965 nomine
1193 4895 1430 4954 Tabitlta.
1458 4893 1677 4949 Factum
1704 4905 1778 4948 est
1803 4904 1970 4948 autem
1995 4894 2047 4947 in
2078 4894 2185 4947 die-

612 4996 702 5051 bus
743 4995 866 5056 illis,
897 5002 950 5047 ut
989 4992 1249 5061 inﬁrmata
1276 4998 1574 5044 moreretur.
1616 4987 1777 5043 Vides
1806 4988 2000 5058 ubique
2037 4988 2185 5057 signa

614 5085 802 5141 edita?
843 5083 960 5139 Non
989 5082 1305 5153 simpliciter
1342 5088 1555 5136 mortua
1579 5086 1662 5133 est
1691 5078 1918 5133 Tabitha
1941 5120 1957 5143 ,
2008 5079 2101 5134 sed
2134 5079 2185 5133 in

614 5177 976 5234 inﬁrmitatem
1003 5175 1169 5245 lapsa.
1202 5172 1327 5228 Ideo
1355 5173 1571 5228 Petrum
1600 5185 1703 5225 non
1736 5179 1990 5225 vocarunt
2017 5170 2188 5225 donec

615 5271 701 5324 illa
732 5276 937 5323 mortua
961 5276 1125 5320 esset.
1172 5265 1445 5321 Audientes
1468 5273 1635 5317 autem
1672 5262 1908 5331 discipuli
1950 5261 2188 5316 miserunt

614 5367 869 5430 rogantes,
888 5373 950 5412 ne
970 5356 1290 5428 pigritaretur
1313 5355 1526 5409 transire
1548 5352 1618 5407 ad
1640 5369 1743 5407 eos.
1759 5350 1910 5417 Vide,
1938 5367 2031 5421 per
2054 5351 2188 5405 alios

617 5453 833 5507 mittunt
860 5458 917 5505 et
943 5454 1154 5503 vocant.
1184 5446 1276 5502 llle
1300 5460 1428 5501 vero
1451 5446 1787 5516 obtemperat
1810 5452 1865 5499 et
1889 5444 2066 5508 venit;
2090 5457 2189 5498 nec

615 5544 950 5601 contumelia:
969 5543 1089 5599 loco
1111 5541 1270 5597 habet
1288 5539 1429 5610 quod
1455 5549 1711 5595 vocetur:
1740 5540 1810 5594 ita
1836 5554 2083 5610 magnum
2106 5547 2191 5596 est

618 5639 891 5695 tribulatio
919 5637 1138 5703 bonum,
1171 5635 1310 5707 quod
1339 5636 1541 5691 animas
1570 5646 1782 5690 nostras
1807 5637 2040 5705 cepulet.
2064 5635 2193 5689 Nul-

619 5734 700 5787 lus
730 5731 799 5785 ibi
832 5732 1025 5790 luctus.
1057 5729 1303 5799 planctus
1333 5728 1532 5784 nullus.
1568 5730 1731 5796 Quam
1757 5746 1869 5782 cum
1896 5730 2147 5782 (orassent
2171 5767 2188 5791 ,

622 5837 890 5894 posuerunt
936 5825 987 5879 in
1032 5823 1329 5889 clunacula;
1376 5821 1425 5876 id
1470 5830 1580 5887 est,
1630 5821 1806 5875 omnia
1851 5819 2024 5875 fecere
2071 5836 2187 5893 qua

1357 371 1413 429 S.
1452 369 1725 428 JOANNIS
1759 366 2227 426 CHRVSOSTOMI
2266 366 2582 423 ARClllEl’.
2622 367 3146 426 CONSTANTINOP.
3697 391 3770 452 ,ω

2271 492 2483 538 mortuo
2512 483 2908 554 competebant.
2954 484 3250 558 Exsurgens
3295 478 3405 544 vero
3442 488 3635 565 Petrus,
3671 510 3772 563 sum

2270 590 2388 627 cum
2418 573 2541 629 illis.
2578 573 2643 627 Et
2685 591 2798 629 cum
2824 578 3129 631 ascendisset
3173 578 3228 631 in
3271 584 3597 652 cmoaculum,
3634 598 3773 661 ροεξιίε

2269 665 2479 737 genibus
2507 668 2667 722 oravit
2690 707 2706 734 ,
2736 678 2783 722 et
2811 686 3077 725 conversus
3102 669 3171 724 ad
3194 687 3375 737 corpus
3402 675 3520 730 dicit
3541 695 3556 734 :
3577 680 3755 743 Tabitlia

2269 772 2437 827 surge.
2484 755 2599 811 Non
2630 759 2805 812 omnia
2834 760 3097 830 permittit
3126 732 3449 836 Deus'signa

2270 846 2520 903 facilitate
2563 849 2698 904 ﬁeri.
2747 851 2856 906 Hoc
2892 861 3074 933 autem
3099 853 3206 908 illis
3234 856 3497 924 proderat.
3533 861 3635 920 Non
3671 871 3781 927 enim

2272 949 2475 995 tantum
2508 942 2735 999 aliorum
2763 944 2988 1001 salutem
3010 946 3254 1015 curabat,
3282 950 3375 1004 sed
3397 952 3548 1009 etiam
3574 957 3781 1026 ipsorum.

2269 1033 2371 1099 Qui
2397 1048 2528 1104 ergo
2555 1036 2740 1089 umbra
2769 1053 2861 1091 sua
2900 1047 2978 1091 tot
3012 1038 3257 1095 homines
3295 1043 3541 1111 curabat,
3575 1064 3698 1106 nunc
3728 1066 3788 1112 tet

2271 1134 2525 1197 tantaque
2565 1128 2689 1182 facit
2726 1129 2792 1182 ad
2825 1128 2967 1183 illam
2993 1130 3353 1186 excitandam.
3382 1133 3633 1193 Interdum
3661 1144 3785 1202 etiam

2270 1218 2403 1272 ﬁdes
2440 1219 2811 1275 accedentium
2853 1221 3264 1291 cooperabatur.
3294 1222 3439 1280 Hanc
3464 1242 3587 1299 ergo
3609 1233 3789 1300 primam

2269 1320 2536 1365 mortuam
2577 1313 2837 1378 suscitat,
2871 1313 3087 1369 nomine
3129 1329 3368 1370 vocans:
3415 1332 3531 1388 quae
3577 1324 3706 1392 quasi
3742 1343 3791 1383 ex

2269 1416 2458 1456 somno
2483 1403 2876 1474 expergefacta,
2909 1404 3135 1473 primum
3163 1406 3374 1475 aperuit
3406 1408 3616 1477 oculos,
3639 1413 3792 1474 deinde

2269 1494 2447 1548 statim
2485 1494 2668 1550 videns
2713 1495 2949 1561 Petrum,
2980 1496 3139 1562 sedit,
3171 1494 3490 1568 demumque
3518 1514 3547 1553 a
3570 1511 3693 1559 tactu
3710 1521 3795 1560 ina-

2270 1601 2370 1640 nus
2404 1585 2664 1641 ﬁrmatur.
2706 1588 2784 1641 Tu
2811 1604 2937 1643 vero
2967 1588 3098 1643 mihi
3121 1589 3325 1645 lucrum
3354 1591 3620 1649 considera
3643 1636 3658 1662 ,
3690 1613 3795 1667 quo.

2271 1678 2432 1733 modo
2464 1680 2654 1735 iterum
2685 1680 2888 1736 fructus
2918 1682 2988 1736 sit
3026 1698 3132 1738 non
3162 1683 3225 1738 ad
3256 1687 3679 1745 ostentationem.
3706 1692 3799 1749 Iden

2268 1785 2398 1825 sane
2427 1787 2615 1827 omnes
2646 1772 2787 1829 foras
2817 1773 2962 1845 ejicit
2985 1816 3001 1841 ,
3042 1775 3095 1830 in
3129 1776 3232 1831 hoc
3258 1774 3563 1847 Magistrum
3590 1782 3798 1843 imitatus.

2268 1861 2369 1919 Ubi
2399 1865 2542 1918 enim
2572 1866 2822 1936 lacrymze
2849 1876 2975 1921 sunt
3000 1908 3014 1932 ,
3043 1883 3147 1922 non
3176 1878 3393 1938 Oportet
3425 1879 3618 1927 tantum
3643 1887 3803 1947 myste-

2272 1956 2408 2010 rium
2439 1956 2621 2025 perﬁci
2650 1976 2663 2011 :
2697 1957 2804 2011 imo
2832 1957 2925 2013 ubi
2950 1968 3074 2013 sunt
3100 1959 3355 2015 miracula
3376 2001 3397 2028 ,
3425 1977 3530 2018 non
3558 1963 3691 2020 decet
3714 1983 3805 2026 esse

2270 2046 2552 2119 lacrymas.
2584 2048 2777 2105 Audite
2803 2090 2818 2116 ,
2845 2065 3028 2120 quaeso
3050 2092 3065 2118 ,
3099 2052 3200 2107 etsi
3246 2068 3356 2109 non
3388 2056 3515 2124 quid
3540 2057 3699 2118 simile
3727 2061 3807 2129 jam

2271 2138 2382 2202 ﬁat,
2408 2147 2585 2197 tamen
2608 2156 2748 2196 nunc
2769 2141 2929 2196 etiam
2953 2143 3004 2197 in
3024 2145 3249 2199 mortuis
3271 2160 3527 2216 magnum
3550 2152 3807 2220 mysterium

2269 2228 2565 2301 perﬁcitur.
2616 2230 2709 2286 Dic
2735 2243 2911 2286 autem
2937 2232 3067 2289 mihi
3098 2251 3111 2287 :
3148 2235 3193 2289 si
3222 2235 3385 2291 nobis
3414 2238 3713 2295 sedentibus
3736 2241 3813 2296 ιιιιο

2276 2328 2490 2388 perator
2512 2322 2819 2392 quempiam
2850 2322 2901 2377 in
2928 2324 3126 2394 regiam
3159 2335 3423 2392 vocaret,
3453 2343 3520 2383 an
3545 2328 3754 2385 ﬂendum
3774 2343 3815 2388 et

2272 2410 2559 2484 lugendum
2577 2415 2765 2469 esset?
2789 2415 2978 2486 Angeli
3005 2415 3202 2473 adsunt
3230 2415 3304 2477 de
3333 2417 3473 2473 caelo
3499 2420 3645 2476 missi
3666 2463 3679 2487 ,
3703 2422 3819 2477 intle-

2270 2521 2375 2576 qne
2419 2507 2697 2563 venientes
2722 2546 2739 2571 ,
2784 2507 2854 2563 ab
2898 2508 3015 2579 ipso
3055 2510 3203 2581 Rege
3228 2510 3421 2576 missi,
3451 2520 3513 2569 ut
3551 2528 3818 2571 consetvntn

2270 2615 2424 2654 suum
2452 2609 2667 2665 vocent,
2690 2610 2743 2656 et
2768 2610 2822 2656 tu
2849 2603 3061 2671 ploras?
3081 2603 3269 2660 Nescis
3284 2606 3452 2676 quale
3468 2606 3541 2662 sit
3564 2611 3822 2680 mysterium

2272 2689 2401 2745 illud
2422 2732 2438 2756 ,
2468 2707 2628 2762 quam
2660 2692 2987 2748 horrendum
3011 2735 3027 2759 ,
3056 2709 3217 2765 quam
3250 2697 3597 2754 tremendum
3620 2740 3635 2766 ,
3659 2716 3715 2756 ac
3733 2716 3822 2757 veto

2272 2780 2482 2854 hymnis
2507 2784 2807 2856 gaudioque
2834 2786 3053 2855 dignum
3085 2787 3147 2841 ‘?

2342 2876 2397 2930 4.
2422 2874 2513 2930 Vis
2533 2876 2742 2932 discere
2759 2876 2863 2933 hoc
2878 2893 2982 2933 non
2999 2893 3121 2935 esse
3140 2889 3359 2951 tempus
3372 2881 3749 2954 lacrymarutnt
3764 2885 3826 2940 Dei

2272 2969 2547 3039 sapientiae
2572 2970 2861 3024 maximum
2880 2970 2983 3025 hoc
3001 2980 3086 3027 est
3102 2974 3459 3043 mysterium.
3476 2975 3672 3032 Anima
3683 2978 3832 3049 quippe

2273 3076 2370 3116 ceu
2391 3060 2611 3116 domum
2632 3062 2935 3133 quampiam
2962 3063 3222 3120 deserens
3247 3106 3264 3130 ,
3296 3067 3481 3137 pergit
3504 3067 3573 3123 ad
3601 3069 3833 3123 Dominum

2274 3168 2428 3209 suum
2452 3171 2467 3218 ;
2496 3163 2553 3210 tu
2578 3171 2709 3210 vero
2735 3155 2885 3227 luges
2905 3156 3059 3213 ?Hoc
3082 3173 3213 3229 ergo
3238 3173 3374 3215 cum
3392 3176 3531 3231 puer
3551 3163 3764 3219 nascitur
3784 3161 3837 3216 la-

2274 3260 2400 3303 cere
2422 3256 2700 3316 oporteret
2727 3265 2739 3301 :
2771 3264 2893 3303 nam
2921 3248 3008 3304 hic
3034 3261 3219 3319 partus
3244 3252 3347 3307 illo
3375 3252 3687 3310 meliorest.
3706 3253 3840 3322 Pergit

2274 3340 2418 3395 enim
2435 3339 2501 3394 ad
2518 3339 2674 3394 aliam
2690 3340 3369 3413 lucem,solviturquasiex
3388 3344 3625 3401 vinculis
3635 3346 3842 3407 arcens.

2278 3431 2506 3502 quasiex
2524 3447 2695 3503 agone
2706 3432 2934 3503 quodam
2951 3434 3245 3505 egreditur.
3269 3436 3484 3503 Etiam,
3500 3437 3720 3509 inquies,
3739 3438 3780 3491 id
3799 3438 3845 3491 de

2276 3522 2459 3592 probis
2476 3532 2622 3578 recte
2646 3521 2798 3578 dicis.
2817 3522 3025 3594 thuid
3045 3526 3147 3579 hoc
3172 3525 3247 3581 ad
3276 3537 3358 3587 te,
3384 3541 3421 3581 ο
3454 3526 3657 3582 homo?
3677 3538 3727 3585 tu
3740 3528 3846 3581 ctum

2276 3629 2399 3683 erga
2414 3614 2608 3685 probos
2624 3630 2729 3670 non
2748 3613 2849 3671 hoc
2864 3616 2996 3685 agis.
3009 3616 3101 3671 Dic
3118 3632 3256 3672 vero
3274 3619 3444 3685 mibi,
3461 3619 3594 3690 quid
3612 3620 3661 3674 in
3678 3620 3851 3689 parvulo

2277 3705 2482 3761 infante
2513 3707 3011 3775 reprehendendum
3039 3706 3210 3763 babes
3229 3709 3256 3763 Τ
3290 3724 3398 3765 cur
3428 3710 3587 3782 luges
3613 3711 3851 3765 illumtcut

2278 3812 2469 3853 rcccns
2502 3796 2855 3854 illuminatum
2878 3799 2902 3853 ?
2928 3814 3050 3854 nam
3080 3810 3135 3854 et
3163 3800 3265 3856 ille
3290 3801 3558 3871 ejusdem
3584 3802 3855 3857 conditionis

2280 3899 2383 3942 est.
2406 3888 2514 3944 Cur
2542 3903 2670 3960 ergo
2700 3889 2849 3960 luges
2881 3891 3074 3945 illum?
3106 3892 3299 3947 nescis
3329 3893 3489 3963 quod
3522 3894 3664 3950 sicut
3686 3893 3759 3948 sol
3781 3906 3852 3962 pu-

2278 3996 2372 4036 rus
2402 3980 2663 4046 ascendit,
2694 3981 2765 4035 ita
2793 3990 2848 4035 et
2875 3981 3051 4036 anima
3080 3997 3204 4036 cum
3238 3983 3395 4038 bona
3425 3986 3752 4040 conscientia
3773 3998 3859 4037 cor-

2281 4089 2379 4143 pus
2404 4073 2736 4144 relinquens,
2765 4073 3048 4143 splendide
3074 4074 3250 4145 fulget
3274 4076 3300 4130 ?
3336 4076 3469 4133 Non
3503 4093 3632 4134 cum
3661 4085 3786 4133 tanto
3802 4075 3852 4128 si-

2280 4165 2448 4221 lentio
2486 4165 2671 4220 videas
2715 4164 3096 4235 imperatorem
3140 4169 3489 4227 venientem
3535 4172 3589 4228 in
3617 4172 3851 4227 civitatem.

2284 4267 2486 4327 quanto
2511 4256 2743 4312 animam
2767 4271 2966 4327 corpus
2990 4257 3443 4330 relinquentem,
3472 4272 3532 4318 et
3561 4278 3683 4318 cum
3707 4260 3857 4331 angelis

2282 4353 2588 4407 abeuntem.
2614 4351 2797 4423 Cogita
2817 4367 2936 4423 quae
2959 4352 3031 4408 sit
3050 4361 3178 4408 tunc
3198 4356 3433 4423 anima,
3461 4357 3518 4412 in
3543 4373 3654 4428 quo
3674 4369 3864 4424 stupore,

2285 4446 2338 4501 in
2365 4461 2469 4516 qua
2494 4445 2873 4512 admiratione,
2900 4446 2953 4501 in
2980 4461 3084 4517 qua
3110 4447 3444 4519 voluptate.
3495 4449 3611 4506 Cur
3634 4491 3653 4518 ,
3692 4462 3867 4519 quaso.

2284 4539 2473 4608 luges?
2499 4554 2624 4593 num
2645 4538 2697 4593 in
2721 4538 3089 4607 peccatoribus
3111 4547 3344 4596 tantum
3372 4542 3488 4598 hoc
3511 4544 3687 4599 facis?
3708 4536 3873 4597 Utinam

2285 4632 2364 4685 sic
2389 4640 2551 4692 esset,
2585 4645 2689 4685 non
2718 4632 2916 4685 luctum
2945 4630 3309 4700 prohiberent
3340 4652 3356 4687 ;
3388 4636 3608 4690 utinam
3639 4634 3747 4688 talis
3768 4638 3876 4685 esset

2287 4720 2510 4792 scepusl
2532 4722 2629 4778 Hic
2656 4723 2827 4777 luctus
2853 4723 3187 4792 apostolicus
3210 4765 3227 4789 ,
3263 4724 3366 4781 hic
3398 4730 3578 4783 etiam
3623 4724 3881 4783 Dominicis

2288 4824 2371 4870 est
2402 4831 2416 4867 :
2462 4813 2691 4885 ploravit
2732 4815 2874 4870 enim
2913 4813 3068 4870 Iesus
3095 4814 3563 4891 Jerosolytnam.
3595 4821 3785 4875 Vellem
3811 4817 3883 4869 hac

2289 4908 2405 4979 lege
2435 4906 2667 4962 discerni
2697 4906 2892 4962 luctus.
2930 4906 3157 4974 Quando
3195 4920 3411 4968 autem
3448 4923 3738 4970 revocatus
3762 4908 3887 4965 mla

2289 5000 2539 5056 obtendis
2559 5042 2575 5067 ,
2625 5000 3094 5066 consuetudinem,
3126 5016 3342 5058 curam
3370 5023 3389 5070 ;
3428 5022 3546 5062 non
3575 5023 3638 5062 ea
3669 5006 3734 5060 de
3763 5018 3886 5056 causa

2291 5092 2440 5162 luges
2463 5132 2479 5156 ,
2511 5090 2603 5146 sed
2631 5091 2906 5146 obtentum
2937 5092 3169 5161 profers.
3223 5094 3400 5168 Luge
3449 5110 3790 5171 peccatoretn
3811 5135 3827 5161 ,
3856 5104 3895 5145 rt

2290 5202 2389 5255 ego
2431 5186 2695 5256 laerymas
2725 5184 2975 5251 fundam;
3020 5187 3128 5241 imo
3179 5197 3359 5248 tanto
3408 5199 3597 5266 magis
3637 5209 3788 5265 quam
3821 5202 3895 5252 ιιι,

2290 5286 2490 5346 quanto
2519 5277 2722 5346 majore
2753 5278 2843 5332 ille
2872 5278 3134 5349 supplicio
3167 5281 3479 5342 obnoxius
3506 5299 3597 5344 est
3634 5308 3649 5344 :
3678 5302 3777 5359 ego
3796 5301 3901 5355 quo-

2291 5383 2396 5437 que
2437 5366 2579 5422 hunc
2621 5367 2825 5423 habens
2853 5383 3113 5438 scopum,
3150 5370 3405 5443 lugebo.
3444 5379 3646 5433 Talem
3675 5388 3901 5432 murmura

2295 5475 2400 5514 non
2443 5469 2493 5514 te
2520 5458 2691 5513 solum
2716 5501 2733 5527 ,
2775 5459 2869 5515 sed
2914 5469 3076 5515 totam
3106 5461 3438 5524 civitatem
3472 5469 3667 5541 lugere
3694 5476 3906 5542 oportet.

2295 5569 2499 5608 necnon
2528 5567 2717 5607 omnes
2746 5562 3120 5616 occurrentes,
3157 5571 3391 5627 nempe
3422 5564 3588 5631 quasi
3616 5578 3732 5623 eos,
3758 5564 3835 5629 qui
3860 5555 3908 5607 ad

2296 5657 2522 5700 mortem
2548 5646 2835 5701 ducuntur.
2867 5645 3004 5701 Vere
3034 5661 3301 5720 namque
3336 5652 3472 5711 lure
3499 5657 3647 5711 mala
3677 5670 3814 5711 mors
3833 5660 3914 5713 est,

2296 5753 2441 5793 mors
2472 5748 2833 5809 peccatorum.
2863 5736 2969 5793 Sed
2996 5753 3082 5793 res
3102 5753 3216 5795 sus
3246 5743 3453 5815 deque
3482 5764 3662 5802 versae
3688 5756 3819 5801 sunt.
3844 5743 3915 5797 llic

2384 5832 2400 5861 ί
2439 5837 2565 5879 (nius
2587 5829 2699 5881 Cod.
2728 5829 2894 5890 habet,
2920 5828 3113 5894 hymnis
3141 5830 3515 5902 laudibusque
3542 5840 3766 5905 dignun.
