4076 6354
424 329 518 385 ιιι)

416 444 548 507 ψοςὸ
576 442 817 508 τοιοῦτος
841 462 855 475 ·
887 445 980 500 καὶ
1027 443 1136 514 ἐγὼ
1176 442 1429 513 θρηνήσω
1480 440 1618 511 μετά
1659 438 1900 491 τοιούτου
1951 454 2076 490 σκο-

411 529 537 586 ποῦ.
590 531 664 585 Οὐ
696 531 756 584 σὲ
779 531 835 584 δὲ
863 532 1022 602 μόνον
1047 531 1137 584 τὸν
1165 529 1404 583 τοιοῦτον
1434 528 1514 580 δεῖ
1540 527 1780 597 θρηνεῖν,
1816 523 1951 576 ἀλλά
1981 525 2077 576 καὶ

409 621 509 685 τὴν
541 619 694 674 πόλιν
719 619 935 674 ἃπασαν
967 618 1059 671 καὶ
1087 619 1213 681 τοὺς
1261 615 1638 676 ἀπαντῶντας,
1673 611 1922 682 καθάπερ
1952 612 2077 673 τοὺς

409 707 504 759 ἐπὶ
535 706 764 768 θάνατον
792 706 1195 775 ἀπαγομένους.
1242 705 1446 765 Ὄντως
1496 701 1605 771 γὰρ
1649 700 1877 762 Θάνατος
1927 694 2078 760 οὗτός

409 799 526 850 ἐστι
554 795 810 867 πονηρὸς,
833 797 862 848 ὁ
888 795 995 847 τῶν
1024 792 1387 865 ἁμαρτωλῶν.
1451 791 1612 844 ’Λλλά
1662 790 1731 843 τὰ
1779 789 1890 842 ἀνω
1927 787 2080 840 κάτω

409 884 724 953 γεγένηταιι
778 876 945 946 Οὗτος
991 884 1020 935 6
1072 881 1267 953 θρῆνος
1315 880 1411 934 καὶ
1461 878 1779 948 φιλοσοφίας
1809 876 1948 941 ἐστὶ,
1985 875 2080 928 καὶ

406 971 753 1026 διδασκαλίαν
800 970 912 1040 ἔχει
965 968 1198 1038 πολλήν·
1249 968 1454 1030 ἐκεῖνος
1483 966 1539 1018 δὲ
1571 963 1958 1035 μικροψυχίαςε
2015 963 2078 1014 Εἰ

407 1059 743 1130 ἐθρηνοῦμεν
772 1057 962 1112 τοῦτον
982 1057 1073 1110 τὸν
1103 1057 1301 1127 θρῆνον
1325 1057 1582 1120 ἅπαντες,
1625 1054 1830 1118 ζῶντας
1862 1053 1928 1107 ἂν
1983 1054 2080 1106 αύ-

403 1148 529 1209 τούς
558 1145 969 1216 ὃιωρθώσαμεν.
1001 1145 1214 1215 Ὥσπερ
1243 1141 1336 1197 οῦν
1371 1144 1420 1196 εί
1451 1143 1636 1211 κύριος
1669 1155 1695 1182 α
1720 1139 1786 1212 ἧς
1811 1142 2078 1210 φάρμακα

405 1235 723 1300 ἐπενεγκεῖν
779 1231 1058 1286 κωλύοντα
1105 1232 1195 1286 τὸν
1229 1232 1456 1286 θάνατον
1494 1233 1698 1283 ἐκεῖνον
1730 1230 1820 1282 τὸν
1847 1246 2080 1298 σωματι-

407 1321 520 1384 κὸν,
544 1319 805 1388 ἐποίησας
829 1319 896 1372 ἄν
921 1335 935 1350 '
962 1318 1104 1372 οὕτω
1140 1320 1234 1372 καὶ
1274 1318 1388 1382 νῦν,
1423 1318 1564 1387 εἴγε
1596 1316 1782 1370 τοῦτον
1831 1316 2079 1386 ἐθρήνεις

405 1410 494 1460 τᾶν
522 1407 774 1470 θάνατον,
807 1404 1085 1468 ἐκώλυσας
1114 1405 1179 1459 ἂν
1208 1405 1298 1459 καὶ
1329 1399 1423 1458 ἐπὶ
1455 1405 1570 1469 σοῦ,
1605 1406 1701 1458 καὶ
1733 1405 1818 1457 ἐπ’
1865 1403 2076 1456 ἐκείνου

404 1496 562 1548 τοῦτο
583 1495 857 1565 γενέσθαι.
882 1494 997 1547 Νῦν
1021 1494 1078 1546 δὲ
1111 1494 1338 1565 αἴνιγμά
1366 1494 1482 1546 ἐστι
1514 1493 1575 1546 τὸ
1619 1493 1900 1562 γινόμενον
1921 1509 1933 1522 ·
1989 1509 2079 1544 κυ-

407 1583 556 1654 ρίους
592 1582 693 1653 μὲν
716 1581 876 1645 ὄντας
907 1582 982 1652 μὴ
1012 1582 1360 1652 συγχωρῆσαι
1385 1581 1572 1635 τοῦτον
1602 1580 1864 1642 ἐπελθεῖν,
1919 1581 2077 1648 ἀφεῖ-

404 1690 492 1725 ναι
536 1670 810 1740 γενέσθαι,
854 1671 1146 1740 γενόμενον
1201 1669 1257 1722 δὲ
1315 1669 1550 1723 πενθεῖν.
1597 1669 1805 1729 Ὄντως
1864 1667 2076 1738 θρήνων

404 1762 566 1825 ἄξιοι,
603 1759 733 1812 ὅταν
793 1758 1116 1828 παραστῶσι
1168 1757 1246 1828 τῷ
1303 1757 1504 1827 βήματι
1554 1755 1649 1810 τοῦ
1696 1755 1955 1826 Χριστοῦ,
1988 1750 2077 1808 οἷα

403 1845 727 1901 ἀκούσονται
765 1845 1017 1918 ρήματα;
1069 1839 1160 1898 οἷα
1225 1847 1499 1898 πείσονται
1566 1843 1900 1914 πράγματα;
1937 1841 2074 1911 Εἱκῆ

405 1935 606 2004 ὲζησαν
633 1928 782 1988 οὗτοι
802 1948 816 1961 ·
861 1933 1062 2004 μᾶλλον
1091 1933 1150 1986 δὲ
1172 1934 1272 1986 οὐκ
1302 1932 1446 2002 εἰκῆ,
1480 1930 1619 1984 ἀλλὰ
1645 1931 1739 1984 καὶ
1767 1931 1859 1983 ἐπὶ
1897 1928 2073 1999 κακῷ.

406 2022 515 2075 Καὶ
539 2020 636 2074 ἐπὶ
661 2021 868 2074 τούτων
897 2020 1156 2091 εὔκαιρον
1188 2023 1362 2074 εἰπεῖν
1388 2037 1401 2050 ·
1443 2020 1727 2090 Συμφέρον
1769 2014 1836 2090 ἦν
1869 2018 2072 2082 αὐτοῖς,

403 2109 453 2160 εξ
476 2108 578 2163 οὐκ
602 2107 992 2178 ἐγεννήθησαν.
1031 2108 1097 2160 Τί
1119 2108 1228 2180 γὰρ
1255 2107 1468 2176 ὄφελος,
1510 2107 1638 2160 εἰπέ
1678 2125 1790 2179 μοι,
1826 2107 2077 2160 τοσοῦτον

400 2195 679 2250 ἀναλῶσαι
705 2195 901 2266 χρόνον
931 2196 1024 2248 ἐπὶ
1051 2195 1208 2266 κακῷ
1234 2196 1333 2266 τῆς
1353 2195 1560 2248 ἑαυτῶν
1585 2196 1857 2267 κεφαλῆς;
1886 2196 1949 2247 Εἰ
1969 2193 2078 2266 γὰρ

403 2285 526 2353 είκῆ
557 2282 717 2354 μόνον
739 2283 1002 2345 ἀνάλωτο,
1027 2283 1128 2336 οὐκ
1161 2282 1227 2336 ἂν
1255 2283 1488 2355 ἢρκεσεν
1507 2285 1541 2353 ἡ
1565 2281 1760 2354 ζημία.
1802 2281 1938 2335 Εἰπέ
1963 2297 2074 2352 μοι,

403 2373 464 2423 εἴ-
483 2387 570 2436 τις
615 2371 888 2441 μισθωτὸς
935 2371 1226 2441 γενόμενος
1273 2371 1479 2424 εἴκοσιν
1527 2370 1622 2440 ἐτη
1679 2370 2078 2424 κατακόπτοιτο

403 2458 648 2528 εἰκῆίώ
705 2458 1000 2512 κλαύσεται
1044 2459 1140 2512 καὶ
1181 2457 1468 2528 θρηνήσει,
1519 2459 1612 2511 καὶ
1657 2455 1798 2522 δόξει
1857 2455 2075 2509 πάντων

403 2546 762 2618 ἐλεεινότερος
801 2542 975 2610 εἶναις
1019 2545 1130 2598 Καὶ
1177 2538 1334 2608 οὗτος
1376 2547 1556 2600 πᾶσαν
1602 2547 1700 2616 τὴν
1755 2544 1904 2614 ζωὴν
1949 2543 2073 2614 είκῆ

404 2633 704 2702 κατεκόπη,
744 2633 868 2687 οὐδὲ
899 2632 1275 2704 μίαν-ἡμέραν
1339 2633 1538 2703 ἔζησεν
1579 2631 1785 2702 ἐαυτῷ,
1827 2631 1963 2686 ἀλλὰ
2005 2633 2073 2700 τῇ

404 2723 604 2791 τρυφῇ,
633 2724 717 2791 τῇ
751 2720 1030 2790 ἀσελγείᾳ,
1073 2723 1145 2791 τῇ
1206 2720 1512 2790 πλεονεξίᾳ,
1561 2722 1628 2790 τῇ
1678 2719 1942 2790 ἁμαρτία,
1995 2718 2076 2787 τῷ

402 2807 652 2878 διαϐόλῳ.
697 2807 898 2861 Τοῦτον
921 2803 1113 2860 οὗνιού
1141 2807 1662 2878 θρηνήσομεν;εἰπέ
1691 2823 1778 2876 μοι
1803 2823 1816 2836 ο
1863 2806 1925 2859 οὐ
1960 2823 2076 2859 πει-

401 2893 686 2968 ρασόμεθα
718 2895 829 2948 τῶν
864 2893 1125 2948 κινδύνων
1157 2895 1500 2966 ἐξαρπάσαις
1538 2895 1695 2948 Ἔστι
1721 2895 1850 2966 γὰρ,
1903 2895 2071 2958 ἐστιν,

407 2981 501 3035 ςὰν
532 2980 794 3052 θέλωμεν,
815 2982 1025 3050 κούφην
1059 2982 1206 3053 αύτῷ
1235 2982 1486 3052 γενέσθαι
1520 2982 1618 3053 τήν
1650 2983 1868 3035 κόλασιν
1893 2983 1939 3034 δ.
1980 2984 2076 3036 Ἂν

404 3064 496 3124 οὖν
526 3069 695 3141 εὐχὰς
725 3069 865 3141 ὑπὲρ
892 3070 1059 3124 αὑτοῦ
1095 3071 1336 3142 ποιῶμεν
1366 3071 1518 3144 [175]
1550 3073 1811 3140 συνεχεῖς,
1832 3071 1898 3123 ἀν
1919 3070 2075 3142 ἐλεη-

411 3157 645 3232 ννοσύνην
677 3158 907 3230 διδῶμεν
930 3175 942 3189 ⁸
978 3158 1079 3212 κᾶν
1107 3161 1319 3220 ἐκεῖνος
1341 3159 1558 3227 ἀνάξιος
1589 3155 1648 3232 ᾖ,
1703 3161 1850 3230 ἡμᾶς
1879 3161 1907 3211 6
1945 3159 2077 3222 Θεὸς

405 3249 806 3319 δυσωπήσεται.
830 3248 895 3302 Et
928 3248 1014 3302 διὰ
1045 3248 1257 3301 Παῦλον
1287 3248 1506 3319 ἐτέρους
1545 3249 1808 3312 διέσωσε,
1867 3249 1961 3302 καὶ
2010 3248 2076 3300 δι’

406 3335 643 3399 ἂλλουςο
692 3335 872 3389 ἄλλων
938 3336 1212 3405 φείδεται’
1249 3334 1365 3398 πῶς
1420 3336 1538 3406 οὐχὶ
1591 3336 1687 3388 καὶ
1742 3336 1808 3388 δι’
1843 3338 1988 3406 ἡμᾶς
2017 3336 2080 3388 τὸ

405 3421 539 3474 αὐτὸ
567 3420 726 3475 τοῦτο
753 3422 1083 3492 ἐργάσεται;
1133 3423 1226 3474 Ἐκ
1248 3422 1356 3474 τῶν
1375 3423 1593 3475 ἐκείνου
1639 3423 1965 3494 χρημάτων,
2016 3423 2078 3474 ἐκ

406 3509 514 3561 τῶν
535 3509 679 3573 σῶν,
712 3508 836 3561 ὅθεν
871 3509 938 3562 ἂν
970 3507 1156 3582 θέλῃς,
1199 3509 1468 3580 βοήθησον
1492 3527 1506 3542 ·
1537 3511 1824 3574 ἐπίσταξον
1876 3510 2075 3572 ἔλαιον,

412 3595 699 3665 μᾶλλονιδὲ
730 3595 902 3666 ὕδωρ.
948 3597 1062 3650 Οὐκ
1113 3596 1226 3667 ἔχει
1273 3597 1647 3668 ἐλεημοσύνας
1701 3598 1909 3660 οἰκείας
1959 3599 2079 3650 ἐπι-

406 3682 720 3748 δείξασθαι;
751 3682 871 3737 Κᾶν
909 3683 1259 3752 συγγενικὰς.
1328 3685 1443 3738 Οὐκ
1481 3685 1595 3755 ἔχει
1641 3686 1740 3749 τὰς
1788 3686 1880 3738 ὑπ’
1911 3686 2077 3739 αὑτοῦ

411 3771 820 3842 γεγενημένας;
847 3770 966 3824 Κᾶν
990 3771 1091 3834 τὰς
1121 3772 1260 3843 ὑπὲρ
1292 3772 1480 3826 αὐτοῦ.
1537 3770 1693 3825 Οῦτω
1743 3773 1888 3842 με.τά
1935 3776 2079 3845 παρ-

406 3861 606 3934 ρησίας
633 3859 802 3913 αὑτὸν
822 3861 1222 3930 παραιτήσεται
1253 3861 1372 3914 τότε
1413 3862 1446 3932 ἡ
1499 3861 1659 3930 γυνὴ,
1694 3859 1888 3932 λῦτρον
1941 3863 2080 3933 ὑπὲρ

408 3945 574 4000 αὐτοῦ
621 3945 992 4017 καταθεμένη.
1049 3947 1201 4017 Ὅσῳ
1245 3947 1508 4001 πλειόνων
1565 3948 1791 4016 γέγονεν
1829 3949 2080 4019 ἁμαρτη-

412 4035 595 4105 μάτων
613 4033 933 4096 ὑπεύθυνος,
959 4035 1205 4105 τοσούτῳ
1234 4035 1498 4105 μειζόνως
1522 4035 1670 4106 αὑτῷ
1695 4036 1775 4089 δεῖ
1797 4037 1896 4106 τῆς
1924 4037 2081 4106 ἐλεησ-

410 4125 672 4192 μοσύνης.
699 4122 775 4176 Οὐ
822 4122 913 4174 διὰ
961 4122 1124 4176 τοῦτο
1163 4123 1224 4175 δὲ
1256 4124 1460 4193 μόνον,
1509 4123 1626 4176 ἀλλ’
1653 4125 1746 4177 ηὸτι
1805 4123 1926 4177 οὐδὲ
1961 4125 2082 4194 ἴσην

409 4210 523 4280 ἔχει
553 4209 654 4280 τὴν
687 4209 842 4279 ἰσχὺν
869 4209 986 4273 νῦν,
1015 4209 1130 4262 ἀλλ’
1155 4209 1365 4264 ἐλάττω
1397 4210 1597 4281 πολλῷ.
1643 4211 1718 4263 Ού
1777 4212 1886 4281 γάρ
1935 4213 2083 4264 ἐστιν

415 4301 550 4359 ἴσον,
575 4297 739 4351 αὐτόν
765 4314 902 4349 ⁴τινα
919 4297 1168 4365 ποιῆσαι,
1197 4298 1293 4350 καὶ
1317 4297 1403 4350 ἐτε
1413 4314 1502 4368 ρον
1521 4298 1660 4367 ὑπὲρ
1677 4298 1864 4354 αὐτοῦ.
1883 4299 1970 4361 Ὠς
1988 4294 2082 4352 οὗν

411 4386 692 4447 ἐλάττονος
703 4384 868 4455 οὔσης
877 4423 892 4449 ,
909 4384 1050 4436 οὓτω
1061 4383 1136 4454 τῷ
1153 4384 1322 4450 πλήθε
1331 4384 1624 4455 ιὲμεγίστην
1636 4385 1876 4455 ποιῶμεν
1889 4387 2081 4456 αὑτήν.

483 4474 577 4542 Μὴ
598 4475 726 4541 περὶ
753 4473 994 4542 σήματα,
1026 4470 1102 4542 μὴ
1123 4471 1251 4542 περὶ
1276 4473 1504 4540 ἐντάφια
1516 4471 1890 4543 ἁσχολώμεθα.
1918 4475 2079 4543 Περί-

413 4572 612 4626 στησον
642 4557 843 4626 χήρας”
877 4554 1037 4607 τοῦτο
1058 4554 1314 4622 ἐντάφιον
1348 4556 1616 4624 μέγιστον.
1642 4556 1778 4608 Είπέ
1810 4555 2044 4626 τοῦνομα
2065 4573 2079 4589 ⁸

415 4639 596 4702 πάσας
653 4639 908 4692 κέλευσον
963 4638 1106 4710 ὑπὲρ
1154 4637 1320 4690 αὑτοῦ
1372 4638 1644 4691 ποιεῖσθαι
1714 4637 1811 4701 τὰς
1849 4639 2077 4709 δεήσεις,

415 4723 635 4786 καὶτὰς
669 4721 951 4792 ἱκετηρίας
974 4738 987 4752 ο
1019 4721 1332 4792 δυσωπήσει
1359 4719 1517 4774 τοῦτο
1558 4721 1649 4774 τὸν
1697 4721 1853 4787 Θεὸν,
1888 4723 1936 4774 εί
1988 4725 2081 4776 καὶ

419 4804 494 4876 μὴ
534 4806 625 4858 ὑπ’
651 4803 842 4869 αὑτοῦ,
885 4803 1020 4856 ἀλλά
1062 4803 1128 4856 δι’
1197 4803 1358 4856 αὑτὸν
1418 4802 1603 4874 ἕτερος
1652 4803 1823 4867 αἴτιος
1874 4806 2082 4872 γίνεται

415 4889 514 4958 τῆς
545 4887 935 4957 ἐλεημοσύνης.
993 4887 1105 4939 Καὶ
1151 4887 1310 4939 τοῦτο
1335 4886 1510 4956 δόγμα
1545 4889 1645 4958 τῆς
1671 4887 1765 4939 τοῦ
1797 4887 1931 4940 Θεοῦ
1965 4889 2074 4958 φιλ-

417 4972 730 5043 ανθρωπίας
787 4973 924 5028 ἐστί.
969 4973 1151 5040 Χῆραι
1191 4970 1557 5040 περιεστῶσαι
1593 4971 1685 5022 καὶ
1727 4969 2080 5042 δακρύουσαι,

415 5054 538 5124 οὐχὶ
559 5053 655 5105 τοῦ
691 5053 980 5123 παρόντος,
1023 5054 1159 5107 ἀλλὰ
1204 5054 1298 5106 καὶ
1343 5053 1435 5106 τοῦ
1497 5053 1779 5123 μέλλοντος
1833 5054 2082 5109 δύνανται

418 5135 726 5207 ἐξαρπάσαι
757 5135 1006 5189 θανάτου.
1049 5137 1239 5189 Πολλοὶ
1263 5137 1358 5189 καὶ
1389 5137 1454 5190 ἐκ
1477 5135 1584 5188 τῶν
1633 5137 1721 5205 ὑφ’
1756 5137 1962 5208 ἐτέρων
2015 5137 2084 5190 δι’

420 5219 616 5281 αὐτοὺς
651 5218 1033 5288 γεγενημένων
1065 5218 1446 5289 ἐλεημοσυνῶν
1505 5218 1811 5272 ἀπώναντο.
1854 5219 1918 5272 Εί
1975 5219 2084 5290 γὰρ

417 5302 515 5355 καὶ
540 5301 619 5372 μὴ
651 5299 856 5363 τέλεον,
887 5299 1162 5369 ἀλλ’όμως
1196 5299 1546 5370 παραμυθίαν
1568 5295 1724 5372 εὗρόν
1750 5319 1898 5355 τιναο
1939 5304 2083 5367 ἐπεὶ,

421 5387 468 5439 εί
490 5387 565 5458 μὴ
593 5383 750 5439 τοῦτό
774 5384 915 5448 ἐστι,
947 5383 1063 5445 πῶς
1085 5382 1152 5434 τά
1173 5382 1361 5436 παιδία
1388 5383 1618 5448 σώζεται
1642 5401 1656 5448 ;
1686 5386 1863 5438 καίτοι
1886 5402 1949 5455 γε
1971 5388 2087 5439 ἐκεῖ

421 5468 571 5522 οὐδὲν
603 5466 740 5520 αύτά
765 5465 1036 5536 εἰσφέρει,
1059 5464 1172 5517 ἀλλ’
1199 5467 1249 5516 οἱ
1282 5469 1459 5532 γονεῖς
1480 5467 1539 5519 τὸ
1565 5469 1700 5520 πᾶν
1728 5468 1822 5521 καὶ
1840 5469 2085 5538 γυναιξὶν

422 5550 684 5622 ἐχαρίσθη
716 5550 904 5602 παιδία
958 5547 1238 5612 πολλάκις,
1290 5548 1442 5602 οὐδὲν
1496 5551 1635 5604 αύτά
1687 5553 2084 5622 εἰσενεγκόντα.

424 5634 630 5698 Πολλὰς
665 5635 795 5704 ἡμῖν
828 5634 858 5685 6
887 5631 1018 5694 Θεὸς
1038 5631 1131 5685 τοῦ
1153 5632 1428 5696 σώζεσθαι
1455 5632 1687 5688 δέδωκεν
1715 5635 1889 5700 ὁδοὺς,
1926 5636 2086 5706 μόνον

425 5718 503 5790 μὴ
535 5718 843 5790 άμελῶμεν.

481 5824 507 5852 ⁸
547 5822 647 5875 Alii
677 5824 838 5887 ὥσπερ
869 5824 956 5886 γὰρ
977 5824 1015 5872 εἷ
1035 5822 1207 5887 κύριος.
1300 5819 1336 5859 δ
1361 5821 1496 5887 [lpus
1516 5823 1722 5884 θέλωμεν
1759 5825 1937 5887 ἡμέραν

424 5887 634 5941 γενέσθαι
668 5888 754 5943 τὴν
793 5884 1005 5938 κόλασιν.
1093 5884 1114 5914 θ
1145 5885 1324 5933 Vocem
1367 5884 1552 5940 ἄλλους,
1583 5898 1680 5944 qua
1706 5884 1936 5938 careb'ant
1967 5884 2089 5937 editi

425 5961 614 6006 omnes,
649 5961 764 5998 mss.
807 5950 1096 5997 auctoritate
1149 5947 1458 5999 inseruimus.
1483 5945 1618 5995 Enrr.

1190 329 1249 383 S.
1288 326 1572 390 JOANNIS
1605 320 2092 378 CHRYSOSTOMI
2134 321 2455 376 ARCHIEP.
2487 322 3029 380 CONSTANTINOP.

3749 329 3848 385 170

2242 437 2314 490 .ε’.
2366 438 2430 490 Τί
2457 435 2571 502 οῦν,
2594 442 2659 494 ἄν
2686 458 2776 504 τις.
2800 437 3040 513 πένηςῇ.
3076 441 3242 512 φησί;
3277 441 3443 496 Πάλιν
3494 443 3623 514 ἐρῶ,
3653 444 3716 497 τὺ
3748 462 3850 498 πο-

2183 524 2245 578 λὺ
2281 526 2380 595 τῆς
2440 527 2806 599 ἐλεημοσύνης
2843 530 2942 582 οὐκ
3001 530 3064 580 ἐκ
3115 529 3223 582 τῶν
3266 529 3553 600 διδομένων
3603 533 3852 602 κρίνεται

2187 613 2368 680 μόνον,
2396 613 2531 666 ἀλλά
2571 615 2663 667 καὶ
2684 617 2748 668 ἐκ
2792 616 2889 684 τῆς
2955 615 3347 684 προαιρέσεως.
3399 617 3576 670 Μόνον
3625 620 3700 690 μὴ
3744 619 3854 686 δῷς

2181 699 2400 752 ἔλαττον
2443 699 2544 768 τῆς
2597 700 2898 768 δυνάμεως,
2945 703 3041 754 καὶ
3085 702 3146 754 τὸ
3185 704 3291 755 πᾶν
3323 704 3590 769 ὲξέτισας.
3632 706 3696 756 Τί
3735 704 3853 770 οὖν,

2182 789 2336 858 φησὶ,
2365 787 2431 842 ἂν
2462 787 2667 859 ἕρημος
2766 791 2858 841 καὶ
2887 789 3055 854 ξένος,
3096 794 3191 844 καὶ
3227 792 3429 863 μηδένα
3464 793 3596 864 Exn;
3642 795 3742 847 Διά
3797 795 3856 848 τί

2133 928 2150 950 ._
2179 879 2289 945 γὰρ
2321 876 2522 946 μηδένα
2555 876 2703 945 ἓχει;
2743 876 2864 929 είπέ
2925 895 3037 947 μοι.
3088 879 3277 948 Τούτῳ
3337 881 3488 950 αύτῷ
3538 883 3724 935 δίδωσι
3773 883 3859 935 δί-

2180 981 2303 1034 κην,
2351 965 2430 1017 ὅτι
2493 965 2698 1035 μηδένα
2751 964 2895 1017 οὕτω
2957 966 3130 1036 φίλον,
3173 966 3345 1031 οὕτως
3411 969 3662 1042 ἐνάρετον
3713 970 3854 1041 ἔχει.

2181 1052 2350 1106 Τοῦτο
2413 1049 2505 1106 οὖν
2555 1052 2783 1122 γίνεται,
2841 1054 2948 1118 ἵνα,
2980 1054 3085 1107 κᾶν
3115 1055 3268 1108 αὐτοὶ
3299 1057 3376 1126 μὴ
3402 1051 3552 1127 ὦμεν
3583 1059 3856 1130 ὲνάρετοι,

2183 1141 2570 1211 σπουδάζωμεν
2603 1142 2852 1213 ἑταίρους
2889 1143 2984 1196 καὶ
3015 1143 3202 1212 φίλους
3235 1145 3529 1214 ἐναρέτους
3562 1147 3726 1217 ἔχειν,
3757 1149 3860 1200 καὶ

2182 1233 2414 1297 γυναῖκα
2441 1231 2533 1282 καὶ
2553 1231 2685 1288 υἱὸν,
2719 1231 2794 1292 ὡς
2824 1231 3195 1303 καρπούμενοί
3253 1249 3306 1285 τι
3359 1233 3457 1286 καὶ
3504 1233 3569 1286 δι’
3629 1236 3813 1288 αὒτῶν
3839 1252 3855 1266 °

2185 1318 2380 1388 μικρὸν
2438 1319 2535 1387 μὲν
2588 1317 2981 1389 καρπούμενοι,
3011 1319 3385 1389 καρπούμενοι
3416 1321 3473 1374 δὲ
3503 1323 3673 1392 ὅμως.
3754 1325 3860 1378 ’Δν

2183 1405 2514 1476 σπουδάσῃς,
2547 1407 2621 1476 μὴ
2653 1406 3008 1469 πλουτοῦσαν,
3033 1406 3148 1460 ἀλλ’
3182 1407 3386 1478 εὐλαϐῆ
3413 1414 3645 1477 γυναῖκα
3710 1413 3858 1478 ἁγα-

2179 1493 2391 1562 γέσθαι,
2427 1493 2627 1564 ταύτης
2662 1493 2689 1533 ἀ
2721 1494 3003 1566 ἀπολαύσῃ
3050 1495 3148 1565 τῆς
3200 1497 3575 1566 παραμυθίας.
3619 1500 3864 1567 Ὁμοίως

2180 1581 2246 1633 ἂν
2279 1581 2610 1652 σπουδάσῃς,
2674 1581 2748 1651 μὴ
2795 1582 3127 1634 πλουτοῦντα
3185 1583 3300 1637 υἱὸν
3362 1575 3703 1648 καταλιπεῖν,
3736 1587 3858 1639 ἀλλ’

2179 1668 2402 1739 εὐλαϐῆ,
2461 1669 2558 1722 καὶ
2617 1668 2909 1740 θυγάτριον
2979 1671 3216 1740 σεμνὸν,
3284 1673 3379 1725 καὶ
3442 1673 3584 1725 οὓτω
3647 1674 3858 1744 ταύτης

2177 1756 2461 1828 ἀπολαύσῃ
2519 1759 2622 1828 τῆς
2677 1758 3049 1828 παραμυθίας.
3119 1759 3217 1812 Ἂν
3279 1759 3451 1812 ταῦτα
3519 1761 3855 1834 σπουδάσῃς,

2178 1844 2273 1898 κα)⁸
2294 1845 2454 1909 αὐτὸς
2506 1845 2603 1916 έσῃ
2649 1846 2906 1909 τοιοῦτος.
2956 1847 3066 1900 Καὶ
3113 1845 3272 1899 τοῦτο
3328 1847 3494 1918 μέρος
3533 1848 3757 1919 ἀρετῆς,
3792 1851 3861 1903 τὸ

2177 1932 2453 1997 τοιούτους
2477 1934 2749 2003 αἱρεῖσθαι
2780 1934 2874 1987 καὶ
2899 1933 3108 2003 φίλους,
3128 1935 3223 1988 καὶ
3239 1938 3493 2002 γυναῖκα,
3521 1937 3614 1990 καὶ
3638 1937 3857 1991 παιδία.

2249 2023 2363 2075 Ούκ
2399 2022 2522 2092 είκῆ
2555 2023 2862 2092 προσφοραὶ
2889 2023 3030 2090 ὑπὲρ
3057 2021 3164 2074 τῶν
3198 2021 3539 2076 ἀπελθόντων
3584 2024 3858 2091 γίνονται,

2178 2110 2277 2162 οὐκ
2302 2109 2423 2179 εἰκῆ
2447 2109 2735 2180 ἱκετηρίαι,
2765 2111 2865 2162 οὐκ
2895 2111 3015 2180 εἰκῆ
3046 2109 3440 2181 ἐλεημοσύναι·
3472 2110 3644 2164 ταῦτα
3673 2113 3862 2166 πάντα

2178 2200 2238 2251 τὸ
2271 2198 2493 2267 Πνεῦμα
2517 2197 2746 2262 διέταξε,
2771 2198 2838 2250 δι’
2869 2197 3112 2268 ἀλλήλων
3140 2200 3285 2268 ἡμᾶς
3309 2198 3635 2268 ὠφελεῖσθαι
3670 2199 3859 2269 βουλό-

2182 2281 2512 2351 μενον.Ὂρα
2545 2284 2683 2353 γάρ⁴
2715 2281 3013 2350 Ὠφελεῖται
3033 2281 3183 2352 [1761
3203 2281 3502 2345 ἐκεῖνοςδιὸ
3530 2281 3646 2344 σοῦ,
3666 2281 3856 2352 ὠφελῇ

2182 2371 2245 2422 σὺ
2302 2370 2369 2424 δι’
2423 2372 2661 2423 ἐκεῖνον·
2724 2370 3133 2439 κατεφρόνησας
3193 2370 3513 2440 χρημάτων,
3553 2369 3858 2440 προαχθεὶς

2179 2457 2514 2528 ἐργάσασθαί
2535 2475 2587 2509 τι
2622 2459 2864 2525 γενναῖον
2883 2473 2896 2486 ο
2930 2457 3024 2509 καὶ
3047 2458 3110 2510 σὺ
3135 2457 3284 2526 αύτῷ
3309 2462 3407 2527 τῆς
3437 2457 3733 2528 σωτηρίας,
3757 2461 3859 2510 καὶ

2179 2546 2337 2608 αύτὸς
2365 2547 2447 2598 σοὶ
2473 2545 2572 2616 τῆς
2602 2545 2971 2615 ἐλεημοσύνης
3026 2545 3247 2613 γέγονεν
3290 2545 3479 2608 αἴτιος.
3523 2545 3614 2614 Μὴ
3674 2547 3858 2614 ἀμφί-

2179 2632 2362 2695 ϐαλλε,
2395 2634 2478 2686 ὅτι
2508 2631 2862 2703 καρπώσεταί
2906 2650 2957 2684 τι
2991 2633 3244 2702 χρηστόν.
3297 2634 3408 2703 Οὐχ
3459 2633 3643 2694 ἁπλῶς
3671 2635 3697 2684 ὁ
3733 2633 3856 2685 διά-

2178 2736 2333 2784 κονος
2358 2720 2476 2792 βοᾷ·
2518 2720 2688 2791 Ὑπὲρ
2707 2720 2813 2772 τῶν
2835 2721 2893 2773 ἐν
2921 2720 3139 2790 Χριστῷ
3167 2708 3398 2791 κε’κοιμη
3409 2722 3602 2790 μένων,
3625 2721 3719 2774 καὶ
3744 2723 3857 2773 τῶν

2177 2810 2277 2874 τὰς
2313 2808 2501 2878 μνείας
2533 2808 2673 2878 ὑπὲρ
2707 2807 2883 2860 αὐτῶν
2917 2808 3350 2878 ἐπιτελουμένων
3371 2825 3384 2838 ·
3418 2809 3513 2878 οὐχ
3545 2811 3574 2861 6
3600 2809 3855 2874 διάκονός

2179 2899 2324 2950 ἐστιν
2386 2898 2414 2948 6
2459 2895 2659 2965 ταύτην
2711 2895 2891 2959 ἀφιεὶς
2926 2893 3020 2965 τὴν
3051 2897 3252 2964 φωνὴν,
3279 2895 3414 2948 ἀλλὰ
3441 2895 3500 2947 τὸ
3531 2895 3752 2966 Πνεῦμα
3790 2901 3858 2951 τὸ

2179 2986 2332 3052 ἅγιον
2363 2997 2385 3023 ε
2410 3001 2424 3013 °
2459 2984 2520 3036 τὸ
2547 2983 2600 3035 δὲ
2633 2985 2876 3053 χάρισμα
2908 2982 3070 3051 λέγω.
3099 2983 3162 3034 Τί
3190 2983 3404 3049 λέγεις;
3460 2983 3531 3034 Εν
3571 2986 3759 3054 χερσὶν
3815 2989 3857 3054 ὴ

2177 3073 2373 3136 θυσία,
2405 3073 2498 3124 καὶ
2530 3072 2705 3125 πάντα
2753 3071 3037 3138 πρόκειται
3090 3071 3500 3141 ηὐτρεπισμένα
3523 3088 3537 3101 ·
3591 3073 3855 3140 πάρεισιν

2179 3161 2420 3230 ἄγγελοι,
2461 3158 2789 3230 ἁρχάγγελοι
2812 3177 2824 3188 ο
2869 3159 3131 3228 πάρεστιν
3159 3160 3186 3210 ό
3213 3158 3339 3221 Υἱὸς
3365 3156 3457 3210 τοῦ
3499 3159 3634 3211 Θεοῦ
3661 3177 3674 3190 -
3707 3164 3855 3230 μετὰ

2177 3251 2445 3318 τοσαύτης
2495 3248 2696 3317 φρίκης
2753 3248 3045 3316 ἑστήκασιν
3101 3245 3372 3308 ἃπαντεςυ
3437 3247 3858 3318 παρεστήκασιν

2179 3339 2374 3389 ἐκεῖνοι
2411 3334 2661 3404 βοῶντες,
2723 3333 2938 3385 πάντων
2997 3331 3306 3398 σιγώντων·
3367 3333 3459 3385 καὶ
3512 3334 3616 3403 ἡγῇ
3661 3334 3858 3398 ἁπλῶς

2179 3422 2423 3490 γίνεσθαι
2451 3421 2518 3473 τὰ
2551 3420 2838 3488 γινόμενα;
2867 3418 3074 3472 Ούκοῦν
3107 3418 3200 3470 καὶ
3229 3418 3298 3471 τὰ
3325 3419 3458 3472 ἄλλα
3495 3419 3707 3482 ἁπλῶς,
3756 3425 3856 3474 καὶ

2177 3512 2246 3563 τά
2269 3512 2406 3581 ὑπὲρ
2434 3510 2533 3578 τῆς
2575 3508 2918 3577 Ἑκκλησίας,
2943 3507 3035 3559 καλ⁸
3058 3507 3126 3559 τὰ
3159 3507 3296 3578 ὑπὲρ
3329 3507 3436 3560 τῶν
3461 3509 3648 3578 ἱερέων
3676 3525 3857 3579 προσ-

2181 3600 2476 3670 φερόμενα.
2511 3597 2603 3650 καὶ
2630 3595 2695 3647 τὰ
2729 3596 2868 3664 ὑπὲρ
2906 3594 2998 3647 τοῦ
3029 3594 3426 3665 πληρώματος
3461 3597 3549 3668 Μὴ
3597 3597 3810 3664 γένοιτο
3836 3617 3850 3630 ·

2179 3685 2318 3739 ἀλλὰ
2365 3684 2544 3736 πάντα
2600 3684 2739 3753 μετὰ
2787 3683 3020 3744 πίστεως
3073 3684 3299 3750 γίνεται.
3358 3683 3422 3735 Τί
3480 3685 3578 3736 οἴει
3609 3683 3671 3736 τό
3705 3685 3857 3756 ὑπὲρ

2184 3772 2477 3843 μαρτύρων
2499 3770 2921 3842 προσφέρεσθαι,
2949 3769 3009 3821 τὸ
3036 3770 3300 3840 κληθῆναι
3324 3771 3383 3822 ἐν
3402 3770 3581 3840 ἐκείνῃ
3599 3774 3662 3840 τῇ
3694 3770 3854 3842 ῶρᾳ;

2181 3860 2302 3912 Κᾶν
2337 3860 2614 3930 μάρτυρες
2640 3852 2762 3921 ὦσι,
2792 3856 2893 3911 κᾶν
2918 3858 3064 3927 ὑπὲρ
3091 3857 3400 3928 μαρτύρων,
3457 3859 3664 3927 μεγάλη
3713 3862 3854 3929 τιμή

2182 3949 2244 4001 τὸ
2281 3947 2670 4016 ὀνομασθῆναι,
2703 3945 2794 3998 τοῦ
2825 3945 3093 3998 Δεσπότου
3149 3946 3434 4014 παρόντος,
3465 3944 3558 3997 τοῦ
3615 3945 3847 3998 θανάτου

2183 4035 2601 4103 ἐπιτελουμένου
2627 4032 2852 4094 ἐκείνου,
2882 4033 2978 4100 τῆς
3012 4032 3246 4102 φρικτῆς
3268 4029 3288 4070 ί
3333 4031 3545 4096 θυσίας,
3573 4031 3677 4083 τῶν
3702 4033 3814 4099 ἀφά

2181 4139 2290 4174 των
2306 4122 2640 4191 μυστηρίων.
2672 4118 2936 4189 Καθάπερ
2966 4121 3074 4189 γάρ
3096 4118 3404 4189 καθημένου
3434 4117 3526 4171 τοῦ
3560 4117 3842 4188 βασιλέως,

2179 4211 2282 4264 ὅσα
2316 4209 2381 4262 ἄν
2405 4225 2487 4270 τις
2515 4207 2790 4277 βούληται,
2810 4205 2995 4260 ἀνύει·
3025 4206 3340 4277 ἐγερθέντος
3367 4206 3444 4268 δὲ,
3481 4206 3578 4259 ὅσα
3603 4207 3669 4260 ἂν
3684 4207 3844 4279 λέγῃ,

2182 4299 2306 4367 εἰκῆ
2353 4298 2498 4367 ἐρεῖ’
2543 4294 2687 4348 οῦτω
2741 4295 2833 4348 καὶ
2873 4295 3016 4357 τότε,
3048 4295 3152 4357 ἕως
3203 4293 3271 4348 ἂν
3325 4295 3603 4366 πρόκειται
3641 4295 3708 4347 τά
3738 4296 3850 4348 τῶν

2188 4383 2521 4455 μυστηρίων,
2564 4384 2697 4435 πᾶσι
2753 4381 2886 4452 τιμὴ
2939 4381 3166 4452 μεγίστη
3195 4381 3258 4435 τὸ
3296 4383 3515 4452 μνήμης
3545 4381 3849 4447 ἀξιοῦσθαι.

2187 4475 2329 4542 Ὅρα
2358 4471 2486 4541 γάρ’
2518 4468 2961 4536 Καταγγέλλεται
2985 4470 3104 4521 τότε
3123 4470 3182 4522 τὸ
3206 4471 3501 4539 μυστήριον
3517 4469 3577 4524 τὸ
3602 4471 3852 4541 φρικτὸν,

2181 4561 2264 4612 ὅτι
2305 4559 2444 4628 ὑπὲρ
2473 4559 2572 4629 τῆς
2595 4556 2919 4625 οἰκουμένης
2953 4556 3150 4610 ἔδωκεν
3201 4556 3390 4609 ἐαυτὸν
3421 4557 3448 4608 6
3479 4555 3610 4619 Θεός
3636 4572 3648 4583 ·
3709 4561 3853 4626 μετα

2181 4647 2276 4700 τοῦ
2339 4645 2614 4715 θαύματος
2664 4644 2876 4696 ἐκείνου
2921 4644 3188 4714 εὐκαίρως
3229 4645 3635 4714 ὑπομιμνήσκει
3689 4646 3855 4698 αὐτὸν

2179 4735 2290 4797 ,τῶν
2321 4732 2736 4804 ἡμαρτηκότων.
2768 4731 3036 4801 Καθάπερ
3060 4732 3165 4802 γὰρ
3196 4733 3322 4785 ὅταν
3347 4733 3586 4786 ἐπινίκια
3611 4733 3717 4786 τῶν
3753 4734 3854 4802 βα-

2183 4821 2375 4874 σιλέων
2395 4822 2615 4890 ἄγηται,
2643 4819 2761 4871 τότε.
2789 4818 3157 4889 εύφημοῦνται
3187 4820 3285 4888 μὲν
3316 4820 3406 4872 καὶ
3434 4821 3546 4873 ὅσοι
3576 4821 3672 4892 τῆς
3697 4821 3854 4890 νίκης

2186 4907 2568 4979 ἐκοινώνησαν,
2619 4907 2870 4976 ἀφίενται
2917 4907 2973 4959 δὲ
3021 4908 3114 4960 καὶ
3144 4908 3257 4960 ὅσοι
3291 4909 3349 4959 ἐν
3379 4908 3594 4978 δεσμοῖς
3631 4911 3735 4961 εἰσι
3767 4910 3856 4962 διὰ

2186 5003 2276 5056 τὸν
2305 5002 2524 5073 καιρόν·
2556 4999 2915 5071 παρελθόντος
2938 4999 2994 5052 δὲ
3016 4999 3107 5052 τοῦ
3145 4997 3358 5069 καιροῦ,
3389 5001 3417 5051 ό
3458 4999 3530 5069 μὴ
3548 4998 3725 5069 τυχὼν
3756 5002 3858 5053 οὐκ

2187 5089 2268 5143 ἐτι
2290 5091 2432 5153 τινὸς
2446 5088 2706 5143 ἀπολαύει
2727 5105 2739 5116 ·
2771 5087 2913 5141 οὕτω
2941 5087 3005 5158 δὴ
3031 5089 3126 5141 καὶ
3154 5087 3408 5152 ἐνταῦθα,
3441 5087 3547 5139 τῶν
3575 5088 3858 5141 ἐπινικίων

2187 5174 2340 5241 οὗτος
2360 5181 2391 5231 ὁ
2421 5179 2626 5249 καιρός.
2673 5178 2916 5240 Ὁσάκις
2944 5175 3053 5246 γάρ
3086 5176 3194 5234 κᾶν.
3257 5175 3440 5247 φησὶν,
3475 5176 3714 5242 ἐσθίητε
3747 5175 3858 5227 τὸν

2188 5267 2368 5335 ἄρτον
2403 5266 2642 5331 τοῦτον,
2678 5263 2786 5317 τὸν
2817 5262 3078 5319 θάνατον
3100 5261 3216 5315 τοῦ
3247 5262 3468 5330 Κυρίου
3529 5261 3857 5330 καταγγέλ-

2187 5356 2342 5408 λετε.
2372 5353 2463 5422 Μὴ
2495 5352 2559 5421 δὴ
2593 5351 2781 5414 ἁπλῶς
2808 5349 3140 5421 προσίωμεν,
3172 5348 3307 5420 μηδὲ
3351 5350 3427 5411 ῶς
3479 5348 3636 5418 ἔτυχε
3681 5348 3858 5401 ταῦτα

2187 5440 2430 5509 γίνεσθαι
2453 5440 2778 5508 νομίζωμεν.
2814 5437 3020 5500 ’Ἄλλως
3050 5437 3108 5489 δὲ
3167 5436 3456 5508 μαρτύρων
3513 5437 3855 5506 μεμνήμεθα,

2189 5527 2470 5582 καὶτοῦτο
2530 5527 2610 5587 είς
2652 5525 2855 5587 πίστιν,
2908 5526 2989 5577 ὅτι
3036 5526 3097 5577 ού
3145 5523 3712 5593 τέθνηκενόΚύριος·
3763 5540 3846 5576 κα*

2187 5615 2344 5670 τοῦτο
2396 5614 2489 5667 τοῦ
2536 5613 2942 5667 τεθανατῶσθαι
2994 5613 3086 5666 τὸν
3135 5613 3363 5666 θάνατον
3429 5615 3689 5683 σημεῖον,
3759 5609 3856 5663 τοῦ

2248 5757 2273 5796 ἀ
2323 5757 2461 5820 Alius
2497 5755 2699 5820 γυναῖκα
2732 5756 2826 5820 καί
2857 5755 3098 5820 θυγάτριον
3133 5754 3389 5814 ἀγαγέσθαι
3435 5752 3623 5812 σεμνὸν,
3663 5749 3834 5820 ταύτῃ

2195 5823 2220 5851 θ
2256 5818 2420 5868 Montf.
2460 5818 2514 5865 οὐ
2538 5819 2592 5866 τὸ
2619 5820 2767 5878 ἅγιον.
2795 5817 3086 5865 Particutam
3109 5821 3389 5878 negantem,
3426 5825 3538 5878 quia
3556 5824 3646 5858 seu
3670 5817 3851 5878 c_nti_a:_n

2193 5881 2374 5938 turbat.
2397 5894 2506 5942 cum
2526 5868 2782 5942 Corniﬁci”
2811 5879 2920 5942 Sav.
2937 5885 2994 5942 ret
3019 5891 3133 5942 mss.
3158 5868 3461 5942 s'u_slu_limus'.
3479 5873 3619 5942 Enn.
3689 5868 3785 5942 9_6
3815 5870 3852 5925 ᾖ

2201 5937 2432 6007 παρόντος
2471 5939 2565 6002 ’τῆς
2605 5941 2761 6003 μνείας
2805 5941 3161 6001 ἐπιτελουμένης
3211 5937 3388 5992 ἐκείνης
3419 5941 3526 5992 -τὴς
3582 5948 3661 5996 φρ·
3704 5937 3760 5990 ’ἱ
3785 5975 3794 5985 ,ν
