3978 6470
190 382 285 439 169
1126 382 1189 438 ΙΝ
1228 381 1405 438 ACTA
1446 380 1961 438 AI‘OSTOLORUM.
2006 382 2230 438 IIOMIL.
2272 384 2411 440 XXI.

187 500 352 553 luctus
380 506 437 551 et
474 495 874 566 philosophicus
902 504 987 550 est
1014 503 1068 550 et
1095 494 1390 549 doctrinam
1421 495 1579 550 habet
1607 494 1745 547 mul-

185 603 285 644 tam
309 608 324 655 ;
354 591 445 644 ille
470 604 600 644 vero
624 606 688 643 ex
721 588 1152 657 pusillanimitatc
1181 588 1552 656 proficiscitur.
1594 587 1649 642 Si
1677 587 1748 641 ita

180 684 480 752 legeremus
491 695 699 746 omnes,
717 680 832 734 illos
847 681 1081 735 viventes
1094 677 1749 745 emendassemus.Qnem-

178 774 458 829 admodum
478 776 521 827 si
552 788 737 843 posses
754 771 1035 842 pbarmaca
1052 772 1305 827 adhibere
1330 813 1345 838 ,
1383 787 1501 841 qua:
1522 780 1745 825 mortem

177 868 317 921 illam
351 867 691 935 corporalem
719 874 1000 927 arcerent,
1032 864 1310 919 adhiberes
1339 865 1552 934 utique:
1587 864 1654 915 ita
1695 872 1749 917 ct

175 974 332 1025 nunc,
363 961 407 1013 si
440 959 579 1013 hanc
606 958 813 1025 fugeres
838 966 1063 1011 mortem
1085 997 1099 1018 ,
1127 968 1180 1010 ct
1204 972 1233 1008 a
1264 967 1313 1011 te
1339 964 1389 1010 ct
1419 956 1485 1009 ab
1514 955 1602 1009 illo
1629 970 1744 1007 eam

172 1051 337 1119 ipsam
367 1066 603 1105 arceres.
632 1048 784 1103 Nunc
808 1057 983 1103 autem
1013 1048 1236 1117 aenigma
1258 1058 1339 1101 est
1366 1046 1505 1115 quod
1532 1045 1741 1112 accidit,

172 1142 311 1211 quod
340 1157 465 1196 cum
493 1142 761 1211 possimus
787 1139 1043 1209 impedire
1069 1140 1351 1207 quominus
1374 1152 1518 1192 mors
1545 1137 1626 1190 illa
1658 1152 1746 1191 ac-

171 1235 342 1298 cidat,
378 1248 484 1287 non
513 1232 893 1302 impediamus;
923 1230 1017 1286 sed
1046 1247 1164 1285 cum
1193 1230 1416 1295 accidit,
1448 1230 1740 1299 lugeamus.

170 1327 309 1381 Vere
338 1325 590 1395 lacrymis
617 1324 761 1394 digni
790 1332 948 1377 sunt:
980 1338 1099 1376 cum
1126 1322 1407 1376 adstabunt
1430 1333 1552 1376 ante
1581 1321 1744 1375 tribu-

168 1420 253 1472 nal
281 1417 482 1473 Christi
505 1459 519 1480 ,
548 1418 720 1485 qualia
750 1415 907 1469 verba
942 1414 1189 1476 audient,
1230 1413 1400 1482 qualia
1442 1413 1743 1480 patientur?

167 1510 389 1564 Frustra
418 1510 667 1563 vixerunt
694 1506 748 1561 hi
770 1548 785 1573 ,
816 1508 922 1560 imo
951 1522 1053 1558 non
1082 1504 1292 1563 frustra.
1322 1503 1413 1557 scd
1444 1504 1493 1556 in
1526 1503 1738 1560 malum.

169 1601 241 1653 De
270 1601 378 1654 illis
403 1598 585 1653 dicere
616 1614 709 1667 par
737 1606 814 1652 est
846 1615 858 1649 :
890 1597 1089 1651 Bonum
1123 1607 1237 1649 erat
1269 1596 1401 1659 illis,
1429 1596 1471 1649 si
1502 1596 1606 1648 nati
1637 1610 1739 1649 non

167 1692 391 1745 fuissent
419 1689 611 1759 (Marc.
643 1690 728 1742 14.
758 1687 873 1756 il).
905 1687 1032 1754 Quae
1061 1686 1278 1747 utilitas,
1305 1700 1507 1753 qnieso,
1539 1694 1739 1740 tantum

165 1781 435 1835 insumere
482 1789 691 1847 tempus
737 1778 789 1830 in
832 1776 1020 1845 Capitis
1059 1776 1141 1830 sui
1182 1775 1419 1831 malum?
1460 1774 1513 1829 Si
1547 1774 1738 1829 frustra

162 1875 336 1929 solum
357 1874 681 1941 insumptum
699 1870 903 1937 fuisset,
924 1885 1027 1925 non
1049 1878 1245 1924 tantum
1267 1868 1447 1922 fuisset
1466 1867 1734 1923 damnum.

164 1968 253 2020 Dic
299 1965 433 2018 mihi
460 2006 475 2028 ,
508 1966 553 2017 si
583 1963 701 2032 quis
730 1961 1087 2015 mercenarius
1115 1959 1299 2029 viginti
1337 1974 1504 2013 annos
1546 1959 1737 2013 frustra

161 2057 370 2126 perdat,
394 2070 572 2109 annon
598 2053 823 2123 plorabit
849 2060 903 2106 et
928 2052 1108 2117 ﬂebit,
1135 2051 1476 2119 omniumque
1506 2050 1739 2103 miserri-

161 2167 274 2206 mus
305 2165 429 2205 esse
457 2146 761 2202 videbitur?
788 2148 856 2200 At
881 2145 966 2200 hic
993 2154 1153 2203 totam
1182 2145 1337 2198 vitam
1368 2158 1515 2197 suam
1547 2142 1735 2198 frustra

158 2243 426 2313 perdidit,
470 2256 643 2310 neque
672 2240 756 2294 vel
788 2254 893 2293 uno
922 2239 1009 2293 die
1038 2238 1137 2293 sibi
1166 2238 1333 2301 vixit,
1365 2237 1458 2290 sed
1493 2236 1694 2290 deliciis
1717 2279 1732 2304 ,

161 2335 405 2398 luxurim,
436 2335 706 2396 avaritia),
740 2340 957 2401 peccato
978 2370 993 2395 ,
1022 2329 1255 2385 diabolo.
1290 2330 1499 2392 Annon,
1532 2342 1732 2398 qua-so,

158 2430 296 2481 lmnc
326 2425 668 2493 lugebimus?
697 2440 871 2478 annon
904 2423 1218 2478 conabimttr
1244 2438 1272 2476 a
1306 2421 1553 2492 periculis
1578 2438 1735 2475 crue-

158 2519 243 2573 re?
274 2519 606 2580 Possumus,
635 2528 781 2570 certe
804 2530 1107 2585 possumus,
1130 2513 1177 2571 si
1200 2514 1443 2580 velimus,
1471 2514 1587 2583 ejus
1611 2528 1736 2579 sup-

143 2607 794 2678 pliciumlcvinscfficere.
818 2608 874 2662 Si
907 2607 1207 2676 frequenter
1230 2605 1498 2659 oratiOues
1526 2619 1622 2675 pro
1642 2604 1734 2660 illo

160 2704 461 2765 fundamus,
496 2703 539 2754 si
568 2702 960 2771 elecmosynam
989 2700 1178 2755 demus
1203 2716 1218 2764 ;
1245 2691 1572 2753 etiamsi’ille
1601 2697 1735 2751 indi-

159 2812 282 2865 gnus
309 2797 395 2860 sit,
431 2810 531 2849 nos
565 2795 704 2849 Detls
732 2793 1000 2849 exaudiet.
1029 2790 1082 2847 Si
1111 2801 1328 2860 prOpter
1352 2790 1570 2845 Paulum
1599 2788 1732 2843 alios

162 2889 414 2951 servavit,
464 2897 520 2942 et
562 2896 781 2955 propter
808 2885 943 2939 alios
984 2885 1186 2953 parcit,
1218 2898 1313 2937 cur
1352 2897 1458 2935 non
1500 2881 1730 2951 idipsum

166 2991 367 3046 propter
390 2994 493 3031 nos
522 2978 683 3032 etiam
713 2976 906 3031 faciet?
940 2975 1013 3029 Ex
1044 2974 1188 3028 illius
1218 2973 1485 3043 pecuniis,
1509 2988 1574 3028 ex
1602 2974 1726 3038 tuis,

170 3068 298 3121 unde
320 3068 572 3132 volneris,
601 3069 729 3133 juva
759 3086 772 3122 :
798 3066 989 3120 instilla
1018 3067 1212 3129 oleum,
1246 3064 1352 3119 imo
1379 3080 1588 3135 aquam.
1610 3061 1727 3119 Non

176 3170 335 3227 potest
372 3162 740 3229 clcemosynas
770 3158 1011 3227 proprias
1052 3156 1347 3212 exhibere?
1390 3154 1587 3211 Saltem
1633 3171 1728 3209 co-

170 3264 422 3320 gnatorum
455 3252 730 3307 exhibeat.
762 3251 877 3305 Non
910 3259 1085 3319 potest
1121 3264 1149 3301 a
1183 3265 1241 3305 se
1284 3248 1489 3303 factas?
1528 3247 1726 3304 Saltem

156 3357 251 3412 pro
273 3359 327 3397 ευ
354 3344 543 3398 factas.
570 3344 660 3398 Sic
685 3359 805 3396 cum
830 3341 1018 3400 fiducia
1047 3341 1217 3409 ipsum
1250 3349 1375 3395 tunc
1403 3339 1728 3410 deprecabi—

152 3446 232 3487 tur
267 3452 437 3500 uxor,
490 3437 719 3503 pretium
762 3435 1147 3503 redemptionis
1192 3447 1286 3502 pro
1313 3433 1402 3487 illo
1429 3433 1721 3500 deponens.

141 3530 252 3597 Ono
281 3532 531 3600 pluribus
559 3530 655 3584 fttit
692 3531 922 3600 peccatis
960 3528 1220 3585 obnoxius
1244 3570 1258 3592 ,
1290 3544 1354 3583 eo
1382 3530 1550 3597 magis
1589 3544 1723 3597 Opus

132 3621 292 3675 habet
320 3624 693 3692 cleemosyna.
733 3620 916 3689 Neque
946 3635 1073 3673 vero
1103 3630 1317 3689 pr0ptcr
1350 3619 1450 3674 hoc
1481 3629 1679 3673 tantum
1705 3660 1719 3685 ,

125 3716 219 3765 sed
247 3713 381 3781 quia
416 3727 521 3765 non
550 3727 732 3781 parem
766 3724 905 3766 nunc
931 3710 1036 3763 vim
1065 3708 1256 3774 habet,
1300 3709 1405 3762 imo
1431 3710 1595 3762 multo
1623 3711 1722 3763 mi-

120 3820 339 3857 norem.
375 3803 494 3856 Non
526 3818 619 3872 par
643 3803 784 3856 enim
812 3816 899 3856 res
923 3809 1033 3866 est,
1065 3802 1234 3870 ipsum
1257 3799 1498 3870 qumdam
1521 3799 1716 3865 facere,

114 3906 169 3949 ct
195 3898 376 3950 alium
413 3913 511 3964 pro
541 3897 675 3965 ipso.
702 3896 831 3950 Cum
864 3896 1042 3963 itaque
1069 3894 1241 3947 minor
1266 3894 1364 3957 sit,
1397 3908 1490 3962 per
1510 3894 1716 3965 copiam

109 3990 395 4043 faciamus
422 3988 568 4041 illam
597 3988 874 4057 majorem.

184 4080 557 4150 Eleemosynte
582 4090 788 4149 prosunt
807 4079 1086 4146 -deftmctt's.
1115 4108 1187 4119 —
1212 4076 1291 4133 Ne
1337 4078 1478 4131 circa
1523 4093 1714 4131 monu—

103 4184 321 4237 menta,
364 4190 437 4226 ne
465 4173 611 4225 circa
641 4172 955 4239 sepulcralia
1001 4185 1219 4240 operam
1267 4168 1475 4225 demus.
1528 4170 1713 4223 Patro-

102 4265 295 4317 cinare
330 4262 541 4325 viduis,
587 4263 687 4316 hoc
713 4261 1010 4331 sepulcralc
1036 4260 1267 4316 officium
1295 4269 1376 4314 cst
1403 4261 1711 4314 maximum.

96 4355 197 4409 Die
221 4371 443 4410 nomen
479 4373 494 4407 :
529 4368 718 4409 omnes
740 4354 854 4407 illas
876 4353 1006 4423 jube
1033 4368 1129 4423 pro
1150 4354 1266 4422 ipso
1288 4367 1476 4422 preces
1506 4362 1559 4406 et
1583 4368 1711 4422 snp-

94 4448 443 4517 plieatinnes
497 4447 791 4500 emittere:
826 4445 928 4501 hoc
967 4446 1135 4499 Deum
1187 4445 1454 4514 placabit;
1504 4445 1713 4499 etiamsi

88 4558 198 4595 non
238 4557 353 4609 per
386 4541 571 4605 illum,
601 4548 655 4592 at
685 4548 907 4610 prOpter
934 4539 1079 4593 illum
1108 4538 1245 4591 alius
1275 4546 1461 4591 auctor
1485 4538 1554 4591 sit
1576 4537 1713 4591 elee-

90 4650 379 4704 ιιιοςγιιςε.
425 4633 497 4686 Et
525 4632 626 4686 hoc
647 4640 1020 4700 argumentum
1050 4638 1137 4685 est
1164 4630 1355 4684 divinae
1391 4629 1704 4687 clementiae.

88 4724 288 4779 Vidua:
344 4724 775 4779 circumstantes
817 4729 871 4776 et
922 4722 1299 4792 lacrymantes,
1350 4735 1455 4774 non
1494 4734 1525 4773 a
1570 4735 1709 4787 pra:-

83 4829 278 4877 scnte.
317 4814 432 4869 sed
468 4830 500 4865 a
529 4812 704 4865 futura
736 4823 904 4866 morte
937 4820 1161 4883 possunt
1189 4826 1398 4866 eruere.
1458 4810 1605 4865 Multi
1642 4812 1710 4864 ab
1752 4880 1754 4883 _

80 4906 484 4978 elcemosynis
518 4906 743 4957 aliorum
772 4919 868 4974 pro
894 4918 952 4958 se
975 4903 1124 4957 factis
1144 4902 1305 4973 adjuti
1331 4909 1467 4957 sunt.
1493 4902 1546 4956 Si
1566 4902 1710 4955 enim

80 5014 189 5053 non
213 4998 480 5051 omnino
513 4995 621 5050 sint
647 4995 874 5058 liberati,
899 4994 1086 5049 saltem
1126 4994 1354 5062 aliquam
1389 4993 1712 5047 invenerunt

77 5092 574 5147 consolationem.
604 5088 733 5141 Nam
764 5086 810 5140 si
838 5085 939 5141 hoc
969 5102 1073 5140 non
1104 5094 1267 5148 esset,
1294 5083 1558 5154 quomodo
1580 5098 1709 5153 pue-

78 5187 181 5238 ruli
236 5180 671 5238 servarentur?
721 5166 978 5249 siquidem
1026 5176 1155 5230 nihil
1202 5176 1273 5230 illi
1319 5175 1566 5241 afferunt,
1613 5174 1709 5229 sed

80 5288 254 5333 totum
315 5282 604 5348 parentes
652 5288 666 5324 :
718 5283 772 5326 et
821 5271 1130 5326 mulieribus
1166 5270 1364 5324 donati
1404 5280 1528 5323 sunt
1566 5283 1709 5338 saepe

81 5374 257 5437 pueri,
328 5366 445 5438 qui
501 5364 633 5418 nihil
682 5364 748 5416 ad
796 5362 926 5416 illud
964 5362 1277 5417 intulerunt.
1328 5360 1518 5414 Multas
1569 5360 1708 5415 Deus

82 5465 236 5520 nobis
287 5459 520 5517 salutis
563 5456 711 5512 dedit
755 5457 900 5521 vias,
950 5454 1109 5510 modo
1154 5469 1258 5507 non
1305 5454 1654 5523 negligamtts.

140 5568 219 5618 ι’,
244 5555 415 5624 Quid
459 5565 617 5621 ergo,
655 5550 883 5620 inquies,
916 5549 958 5602 si
1000 5549 1119 5617 quis
1149 5562 1349 5615 pauper
1374 5547 1480 5600 sit?
1502 5544 1708 5599 Rursus
1736 5534 1746 5545 ’

82 5652 252 5707 dicam
289 5670 304 5703 :
347 5648 752 5715 EleemOsynae
767 5643 916 5713 eopia
946 5657 1049 5695 non
1077 5657 1141 5695 ex
1167 5640 1305 5693 datis
1327 5647 1577 5707 pensatur
1593 5651 1707 5692 mo-

87 5748 167 5803 do.
208 5744 311 5797 sed
349 5739 544 5795 etiam
574 5751 637 5788 ex
675 5734 965 5803 proposito.
1000 5732 1221 5785 Tantum
1270 5746 1338 5783 ne
1380 5730 1475 5784 des
1507 5729 1703 5793 minus,

85 5856 239 5913 quam
271 5832 599 5892 facultates
626 5829 815 5895 ferant,
844 5836 895 5883 ct
929 5834 1091 5880 totum
1121 5823 1343 5878 solvisti.
1367 5822 1503 5893 Quid
1532 5839 1659 5894 ergo
1682 5862 1697 5890 ,

3331 392 3430 444 170

1858 492 2088 563 inquies,
2123 496 2168 550 si
2195 498 2342 552 solus
2371 497 2441 553 sit
2466 506 2520 552 et
2542 499 2872 570 peregrinus,
2918 501 3293 572 neminemque
3333 504 3428 555 ιιει-

1856 583 2017 639 beat?
2053 584 2181 653 Cur,
2225 604 2428 657 quaeso,
2486 590 2752 645 neminem
2799 590 2994 646 habet?
3037 591 3150 647 Hoc
3193 594 3310 662 ipso
3343 595 3429 647 ille

1856 691 2041 744 poenas
2087 678 2197 745 dat,
2248 681 2387 750 quod
2415 683 2683 737 neminem
2714 683 2792 738 sic
2815 684 3067 747 amicum,
3114 685 3193 740 sic
3232 687 3428 740 virtute

1853 767 2134 834 prmditum
2158 770 2371 825 habeat.
2403 772 2584 842 Itaque
2615 773 2717 828 hoc
2746 775 2815 829 ita
2841 790 2899 829 se
2926 774 3108 841 habet,
3141 785 3198 830 ut
3239 781 3283 831 si
3328 793 3427 830 nos

1852 859 2049 915 virtute
2086 861 2291 929 prtediti
2325 878 2434 917 non
2473 866 2661 931 simus,
2705 882 2957 921 curemus
3001 868 3187 923 saltem
3230 870 3426 924 virtute

1851 950 2108 1015 praeditos
2144 954 2345 1009 amicos
2374 955 2591 1019 habere,
2625 973 2954 1027 uxoremque
2984 959 3108 1014 item
3133 970 3185 1014 et
3218 962 3421 1027 filiuni,

1850 1052 1909 1096 ut
1933 1042 2164 1101 fructum
2192 1047 2474 1114 quemdam
2516 1064 2609 1118 per
2634 1049 2755 1104 illos
2783 1053 3170 1123 percipiamus;
3204 1072 3421 1125 parvum

1850 1136 2086 1205 quidem,
2119 1140 2213 1193 sed
2242 1148 2418 1195 tamen
2447 1143 2820 1211 percipiamus.
2845 1146 2900 1200 Si
2923 1161 3077 1202 cures
3108 1150 3267 1217 piam,
3317 1167 3421 1205 non

1848 1226 2087 1293 divitem,
2121 1230 2318 1286 dueere
2349 1250 2569 1288 uxorem
2596 1237 2611 1267 ⁸
2634 1277 2647 1299 ,
2677 1236 2777 1291 hac
2802 1237 2992 1293 frueris
3012 1241 3374 1299 consolatione
3405 1264 3417 1297 :

1843 1317 2197 1388 similiterque
2234 1323 2276 1375 si
2304 1337 2459 1378 cures
2484 1326 2647 1379 filium
2673 1342 2775 1381 non
2799 1329 3126 1398 opulentum,
3155 1334 3246 1387 sed
3277 1336 3419 1402 pium

1847 1410 2170 1479 relinquere,
2202 1414 2245 1467 si
2270 1415 2429 1469 filiam
2460 1426 2686 1483 castam,
2717 1419 2818 1472 hac
2854 1421 2977 1475 item
3009 1422 3205 1478 frueris
3238 1442 3420 1481 οθιιευ-

1848 1499 2066 1557 latione.
2099 1503 2153 1557 Si
2199 1505 2312 1559 haec
2353 1521 2529 1571 cures,
2579 1520 2631 1561 tu
2656 1525 2867 1579 quoque
2907 1512 3024 1567 talis
3052 1516 3179 1569 eris.
3212 1518 3276 1570 Et
3306 1518 3420 1573 lucc

1846 1608 1968 1662 pars
1997 1596 2203 1651 virtutis
2227 1608 2329 1664 est,
2353 1600 2488 1654 tales
2511 1602 2705 1671 eligere
2735 1604 2957 1669 amicos,
2984 1621 3225 1675 uxorem,
3260 1612 3414 1665 filios.

1919 1684 2207 1745 Oblationes
2232 1706 2322 1759 pro
2350 1689 2621 1759 defunctis.
2649 1724 2717 1733 —
2748 1694 2862 1748 Non
2896 1694 3086 1751 frustra
3117 1699 3418 1756 oblati0ncs

1843 1792 1940 1845 pro
1965 1778 2228 1834 defunctis
2260 1781 2419 1847 fiunt,
2454 1800 2558 1838 non
2597 1786 2788 1839 frustm
2828 1802 3048 1857 preces,
3094 1806 3196 1845 non
3226 1795 3415 1849 frustra

1843 1867 2199 1942 elcemosyna:
2229 1890 2242 1924 :
2274 1872 2388 1927 hrec
2416 1875 2592 1928 omnia
2637 1876 2869 1945 Spiritus
2911 1879 3193 1949 disposuit,
3232 1886 3417 1940 volens

1843 1969 1899 2011 ut
1943 1974 2041 2014 nos
2088 1970 2276 2017 mutuo
2310 1963 2581 2033 juvemus.
2642 1967 2775 2023 Vide
2813 1985 3043 2041 namque
3076 1991 3090 2027 :
3120 1974 3210 2029 ille
3241 1992 3334 2044 per
3364 1986 3416 2030 te

1843 2050 2122 2107 utilitatem
2162 2056 2374 2122 accipit,
2406 2066 2459 2110 tu
2489 2069 2707 2128 propter
2732 2059 2879 2114 illum
2903 2062 3103 2131 juvaris
3132 2083 3145 2117 :
3176 2076 3417 2122 content-

1843 2140 1995 2208 psisti
2035 2158 2186 2212 opes,
2221 2144 2468 2201 inductus
2496 2149 2561 2202 ad
2584 2149 2708 2217 quid
2734 2165 2994 2221 generose
3021 2159 3411 2225 praastandum;

1840 2239 1896 2284 et
1935 2241 1988 2285 tu
2024 2233 2123 2300 ipsi
2151 2233 2355 2301 salutis,
2382 2245 2437 2291 et
2465 2237 2553 2292 ille
2583 2239 2675 2293 tibi
2697 2241 3052 2315 cleemosyna}
3078 2255 3263 2302 auctor
3290 2249 3407 2303 fuit.

1840 2320 1917 2376 Ne
1943 2322 2176 2388 dubites,
2206 2326 2376 2394 ipsum
2406 2327 2534 2397 quid
2564 2329 2686 2384 boni
2714 2331 3087 2403 decerptumm
3117 2354 3256 2394 esse.
3295 2342 3409 2396 Non

1842 2413 2032 2467 frustra
2065 2414 2261 2470 clamat
2288 2416 2545 2474 diaconus
2577 2437 2591 2472 :
2621 2420 2724 2476 Pro
2752 2422 2818 2477 iis
2844 2425 2934 2492 qui
2965 2425 3018 2481 in
3056 2426 3267 2483 Christo
3316 2432 3414 2488 de-

1840 2505 2002 2561 functi
2031 2518 2175 2570 sunt,
2207 2516 2261 2562 et
2284 2525 2377 2578 pro
2403 2510 2469 2564 iis
2495 2511 2583 2581 qui
2614 2512 2823 2569 illorum
2850 2518 3158 2574 memoriam
3182 2520 3406 2579 faciunt:

1840 2612 1945 2650 non
1984 2597 2241 2653 diaconus
2269 2600 2405 2655 hanc
2432 2603 2625 2658 emittit
2652 2620 2861 2669 vocem,
2907 2609 3000 2663 sed
3030 2610 3258 2679 Spiritus
3282 2630 3408 2670 san-

1836 2698 1989 2753 ctus;
2021 2689 2142 2744 dico
2169 2703 2347 2747 autem
2377 2692 2573 2748 donum
2603 2696 2739 2763 ejus.
2768 2697 2905 2765 Quid
2931 2700 3106 2755 dicis?
3148 2704 3204 2757 in
3241 2708 3410 2761 mani-

1837 2780 1936 2837 bus
1977 2791 2059 2836 est
2107 2782 2299 2847 hostia,
2350 2794 2402 2839 et
2437 2787 2613 2841 omnia
2663 2798 2845 2858 parata
2894 2800 3136 2859 prostant
3172 2812 3184 2847 :
3216 2796 3410 2851 adsunt

1835 2876 2028 2944 angeli,
2062 2876 2364 2947 archangeli
2392 2895 2406 2943 ;
2438 2878 2589 2933 adest
2617 2878 2780 2935 Filius
2806 2881 2900 2937 Dei
2925 2899 2939 2946 ;
2968 2899 3088 2939 cum
3114 2893 3260 2941 tanto
3287 2888 3410 2943 hor~

1834 2982 1958 3021 rore
1987 2966 2199 3021 adstant
2228 2983 2447 3033 omnes;
2505 2969 2717 3025 adstant
2744 2971 2820 3025 illi
2850 2972 3144 3030 clamantes
3164 2978 3410 3033 onmibus

1833 3058 2116 3113 silentibus
2146 3079 2158 3113 :
2190 3069 2243 3116 et
2270 3070 2423 3130 putas
2454 3062 2567 3116 lucc
2605 3061 2799 3118 frustra
2846 3065 3003 3119 fieri?
3047 3067 3187 3137 Ergo
3224 3066 3279 3124 εἰ
3304 3072 3406 3129 alia

1834 3151 2048 3216 frustra,
2079 3162 2133 3207 et
2176 3168 2294 3224 qua:
2345 3170 2439 3223 pro
2471 3153 2727 3219 Ecclesia,
2762 3165 2815 3211 et
2839 3172 2957 3226 quae
2984 3172 3082 3227 pro
3110 3161 3403 3216 saccrdoti~

1833 3243 1929 3296 bus
1971 3242 2282 3308 offeruntur,
2328 3253 2382 3298 et
2420 3260 2537 3314 (μνη
2567 3261 2662 3315 pro
2688 3245 3018 3315 plenitudine
3049 3247 3171 3321 (a)?
3218 3251 3401 3315 Absit;

1830 3336 1923 3392 sed
1951 3338 2124 3390 omnia
2156 3352 2275 3391 cum
2304 3337 2407 3391 fide
2436 3338 2585 3390 fiuut.
2613 3338 2749 3405 Quid
2779 3351 2932 3407 putas
2959 3355 3057 3408 pro
3082 3344 3404 3413 martyribus

1828 3430 2030 3495 offerri,
2074 3429 2215 3501 quod
2246 3439 2501 3486 vocentur
2527 3431 2579 3484 in
2608 3431 2694 3484 illa
2719 3431 2894 3486 hora?
2948 3432 3099 3488 Licet
3137 3445 3401 3505 martyres

1828 3526 1953 3587 sint,
1983 3526 2142 3579 etiam
2175 3539 2271 3593 pro
2298 3523 2637 3596 martyribus,
2691 3538 2913 3593 magnus
2942 3524 3114 3581 honor
3141 3530 3400 3585 nominari

1828 3616 2054 3672 Domino
2082 3625 2367 3686 prasente,
2407 3618 2531 3670 dum
2565 3632 2709 3672 mors
2737 3616 2823 3671 illa
2854 3617 3144 3686 perficitur,
3177 3618 3400 3676 horren.

1825 3709 1951 3763 dum
1982 3710 2321 3775 sacrificium,
2350 3709 2631 3764 ineffabilia
2651 3712 2922 3781 mysteria.
2943 3711 3395 3778 Quemadmodum

1824 3800 1966 3855 enim
1993 3800 2212 3855 sedente
2241 3800 2585 3869 lmperatore,
2619 3816 2967 3871 quiecumqne
2995 3804 3223 3859 voluerit
3245 3812 3397 3875 quis?

1827 3893 1985 3961 piam.
2032 3893 2279 3963 perficit;
2329 3892 2419 3945 ubi
2458 3900 2636 3946 autem
2684 3893 3000 3956 surrexerit,
3051 3910 3400 3966 qua-cumquo.

1822 3985 2036 4049 dixerit,
2066 3984 2259 4039 frustra
2283 3983 2410 4039 dicit
2446 4002 2458 4036 :
2485 3984 2555 4037 ita
2582 3994 2635 4038 et
2666 3992 2813 4049 tunc,
2855 3985 3110 4054 quamdiu
3158 3998 3399 4054 prostant

1823 4078 2099 4153 mysteria,
2140 4075 2389 4130 omnibus
2432 4075 2605 4129 honor
2643 4075 2909 4129 maximus
2936 4083 3020 4129 est
3058 4076 3109 4130 in
3140 4080 3396 4132 memoria

1821 4168 2029 4223 haberi.
2062 4167 2194 4222 Vide
2219 4168 2360 4221 enim
2385 4183 2399 4221 :
2427 4168 2769 4221 annuntiatur
2790 4177 2913 4221 tunc
2938 4170 3245 4238 mysterium
3270 4170 3396 4226 hor-

1819 4261 2065 4326 rendum,
2089 4261 2227 4331 quod
2250 4276 2346 4330 pro
2366 4258 2570 4314 mundo
2589 4259 2820 4328 seipsum
2847 4260 2987 4314 Deus
3005 4260 3213 4316 dederit
3236 4280 3249 4316 :
3274 4277 3392 4316 cum

1820 4356 2074 4411 miraculo
2102 4355 2193 4409 illo
2222 4363 2522 4424 opportune
2551 4360 2811 4406 memorat
2836 4352 2923 4406 ille
2948 4367 3062 4419 eos,
3092 4354 3181 4423 qui
3212 4368 3393 4424 pecca.

1817 4458 2026 4505 verunt.
2073 4448 2222 4503 Sicut
2260 4447 2401 4501 cnim
2445 4445 2658 4516 quando
2703 4445 3041 4513 triumphalia
3085 4462 3267 4517 regum
3297 4450 3395 4502 dn—

1818 4553 2031 4607 cuntur,
2084 4551 2212 4595 tunc
2255 4539 2596 4595 celebrantur
2636 4538 2795 4592 etiam
2850 4546 3112 4608 quotquot
3154 4540 3390 4595 νὶοιοιίςυ

1817 4635 1949 4689 socii
1981 4633 2229 4697 fuerunt;
2257 4630 2594 4684 dimittuntur
2623 4629 2783 4684 etiam
2816 4629 2872 4692 ii,
2925 4630 3012 4698 qui
3062 4632 3113 4683 in
3168 4631 3391 4687 vinculis

1816 4734 1960 4789 sunt,
1985 4725 2053 4779 ob
2082 4722 2338 4792 temporis
2368 4721 2767 4785 celebritatem;
2818 4721 3002 4787 elapso
3041 4730 3216 4776 autem
3254 4732 3389 4777 tem—

1817 4835 1966 4889 pore,
1989 4817 2077 4887 qui
2103 4815 2235 4869 nihil
2263 4822 2581 4885 asscquutus
2609 4821 2710 4875 est,
2733 4812 2881 4866 nullo
2908 4811 3099 4866 fruitur
3128 4829 3141 4865 :
3172 4814 3239 4867 ita
3261 4830 3390 4869 sane

1819 4908 1923 4975 hic,
1951 4904 2345 4976 triumphalium
2376 4914 2585 4973 tempus
2609 4915 2711 4957 est.
2761 4901 2890 4954 Nam
2919 4900 3011 4963 ait,
3039 4900 3388 4966 Quotiescum-

1814 5019 1911 5073 que
1934 5000 2249 5054 manducatis
2275 5013 2458 5067 panem
2484 4997 2637 5061 hunc,
2689 5002 2897 5047 mortem
2944 4991 3149 5045 Domini
3188 5010 3390 5048 annun-

1818 5095 1953 5150 tiatt's
1978 5093 2054 5164 (l.
2091 5092 2208 5146 Cor.
2247 5092 2331 5144 ll.
2358 5088 2469 5157 26).
2526 5087 2708 5157 itaque
2743 5101 2810 5139 ne
2852 5096 3140 5155 utcumque
3166 5088 3392 5142 acceda-

1815 5203 1958 5251 mus,
1991 5202 2090 5242 nec
2116 5195 2317 5241 temere
2352 5183 2467 5236 haec
2494 5180 2609 5235 fieri
2632 5187 2898 5249 putemus.
2927 5179 3176 5248 Alioquin
3208 5190 3387 5234 autem

1815 5290 2079 5352 martyres
2105 5287 2481 5335 memoramus.
2505 5280 2558 5326 et
2581 5271 2683 5326 hoc
2705 5271 2756 5325 in
2785 5270 2965 5333 fidem,
2991 5271 3133 5341 quod
3150 5270 3259 5340 jam
3289 5272 3395 5324 ilo~

1818 5376 1997 5429 minus
2026 5379 2270 5429 mortuus
2307 5382 2413 5420 non
2440 5365 2547 5431 sit;
2581 5363 2759 5418 ethoc
2789 5363 2996 5433 signum
3023 5372 3107 5418 est
3129 5375 3391 5419 mortuam

1879 5508 1898 5540 ί
1931 5505 2071 5556 Alius
2091 5504 2259 5559 habet,
2281 5500 2324 5550 si
2354 5512 2492 5550 cures
2513 5510 2608 5548 non
2630 5483 2828 5547 divitem
2860 5494 2948 5549 sed
2969 5498 3101 5561 piam
3120 5502 3166 5547 et
3195 5510 3389 5561 gravent

1778 5606 1779 5609 η
1815 5570 1992 5620 ducere
2014 5579 2228 5616 tutorem.
2262 5613 2271 5619 ,

1875 5642 1945 5694 (ιιι
1974 5637 2219 5681 Uounreus
2239 5631 2472 5691 opinatur
2497 5624 2603 5676 haec
2623 5627 2683 5675 ad
2706 5626 2843 5694 illam
2861 5620 3082 5694 liturgige
3100 5620 3393 5694 particulam

1808 5682 2057 5757 Speoiare.
2078 5706 2147 5757 ⁸εις
2184 5682 2558 5757 βασ-ξιὶα-μηὺρσνόν
2587 5702 2780 5757 πλήρωμα.
2810 5686 2936 5757 Quid
2951 5682 3007 5757 ,εἰ
3027 5683 3266 5757 dicamus,
3292 5682 3397 5757 hac

1810 5746 1869 5806 ait
1900 5746 2145 5804 Ecclesiae
2162 5746 2523 5815 plenitudinem
2548 5746 2743 5815 referri,
2761 5749 3041 5815 quaeetiam
3063 5748 3264 5815 vocatur
3287 5746 3397 5815 ple.

1812 5805 1985 5869 nitudo
2008 5805 2311 5878 sanctorum,
2332 5818 2446 5880 quia
2470 5813 2626 5863 sancti
2655 5813 2704 5861 in
2728 5805 2817 5861 hac
2840 5810 2941 5860 vita
2962 5805 3193 5871 precibus
3218 5812 3389 5866 egent.
