3978 6502
519 455 613 516 (τι

522 565 644 610 esse
690 555 958 608 mortem,
1002 535 1147 610 quod
1187 533 1280 589 ille
1319 537 1560 584 mortuus
1598 521 1776 577 fuerit.
1805 515 1930 572 Hinc
1976 513 2097 568 cum

523 645 780 703 sciamus,
834 623 1234 692 consideremus
1277 615 1502 694 quantas
1545 623 1829 686 possumus
1855 601 2100 662 consola-

527 741 704 796 tiones
750 727 1016 789 defunctis
1063 721 1330 779 conferre,
1376 711 1493 765 vice
1545 709 1922 776 lacrytnarum,
1988 695 2104 748 vice

523 811 766 888 ﬂetuum,
803 807 1452 876 vice“monumentorum,
1486 800 1858 866 electuosynas
1889 803 2100 855 nempe,

1285 435 1341 490 s.
1381 425 1656 487 tomos
1679 403 2148 479 CHRYSOSTOMI
2190 403 2502 470 ancn'tcr.
2541 402 3070 464 CUNSTANTINOP.
3121 444 3123 447 .

3684 391 3777 446 172

2207 510 2497 566 orationes,
2522 505 2851 561 oblationes:
2881 509 3010 555 utet
3031 498 3104 552 illi
3128 505 3184 552 et
3204 509 3302 550 nos
3323 491 3582 562 promissa
3601 502 3775 543 cause

2207 613 2433 670 quamur
2453 597 2590 652 bona
2615 637 2631 661 ,
2669 599 2838 665 gratia
2865 589 3273 658 et'benignitate
3311 580 3572 650 unigeniti
3616 577 3776 643 Filii,

2210 693 2426 763 quicum
2452 692 2590 746 Patri
2619 700 2670 744 et
2707 685 2926 757 Spiritui
2955 691 3141 739 sancto
3165 679 3331 750 gloria
3355 717 3372 742 ,
3393 676 3588 739 honor,
3620 673 3780 740 impe-

2213 786 2374 850 rium,
2391 797 2532 838 nunc
2549 790 2603 835 et
2621 794 2853 849 semper,
2872 787 2926 833 et
2945 777 3000 831 in
3015 771 3209 829 saecula
3229 767 3570 826 seculorum.
3589 763 3781 818 Amen.

1635 870 3782 916 ______________________________________

529 908 1622 959 _____________.________.___—

508 1128 654 1186 -Car.
695 1121 781 1177 10.
822 1131 874 1170 v.
915 1113 967 1168 1.
1008 1107 1098 1164 Vir
1123 1089 1513 1170 autemquidam
1535 1081 1643 1148 erat
1669 1077 1726 1142 ni
1750 1077 2114 1140 Caesareano-

588 1217 720 1274 mine
736 1209 1018 1270 Cornelius,
1050 1197 1275 1257 centurio
1304 1210 1368 1248 ea:
1393 1190 1618 1248 cohorte,
1642 1197 1754 1251 qua:
1777 1177 1981 1234 vocatur
2007 1170 2119 1226 Ita-

599 1315 718 1375 lica,
746 1307 804 1362 2.
838 1302 1101 1373 religiosus
1145 1308 1204 1347 ac
1243 1290 1422 1344 timens
1466 1282 1626 1336 Deum
1659 1292 1777 1330 cum
1801 1271 1936 1327 omni
1961 1266 2111 1321 domo

599 1353 718 1375 ..-η
750 1353 804 1362 -.
840 1353 959 1373 ---ν
993 1353 1033 1354 η

599 1422 714 1470 sua,
760 1399 950 1472 faciens
989 1392 1326 1456 eleemosynas
1355 1376 1540 1432 multas
1565 1370 1718 1444 plebi,
1763 1375 1807 1420 et
1840 1353 2112 1433 deprecans

603 1499 763 1552 Deum

601 1683 846 1738 dicentem
875 1671 989 1732 sibi,
1022 1639 1242 1724 Corneli.
1270 1657 1415 1738 4._At
1437 1652 1525 1708 ille
1550 1651 1747 1703 intuens
1775 1658 1908 1704 eum,
1939 1639 2116 1692 timore

601 1780 860 1842 correptus
879 1765 1007 1821 dixit
1032 1778 1048 1816 :
1079 1755 1213 1825 Quid
1241 1733 1345 1817 est,
1369 1740 1621 1802 Domine?
1651 1736 1793 1792 Dixit
1816 1743 1979 1787 autem
2004 1727 2114 1781 illi:
2145 1781 2150 1786 _

607 1867 875 1925 Orationes
906 1869 1005 1915 tua:
1031 1862 1077 1910 et
1104 1852 1429 1917 eleemosyntu
1455 1850 1554 1895 tua:
1577 1831 1910 1891 ascenderunt
1942 1828 1994 1880 in
2021 1839 2116 1877 nte-

605 1959 820 2016 moriam
849 1955 903 2007 in
928 1953 1198 2016 conspectu
1231 1939 1343 1994 Dei.

607 2056 661 2110 1.
702 2049 799 2104 llic
847 2058 955 2100 non
999 2045 1117 2096 erat
1158 2030 1393 2094 Judaaus,
1443 2037 1542 2079 nec
1579 2016 1791 2072 vivebat
1821 2007 2114 2068 secundum

537 2149 750 2218 legem;
787 2136 884 2195 sed
917 2134 1027 2205 jam
1058 2125 1524 2200 praeoccupaverat
1547 2111 1846 2168 institutum
1873 2103 1998 2159 vita:
2024 2114 2118 2154 no-

1261 2215 1271 2218 _
1654 2203 1667 2218 _
1744 2216 1772 2218 α
1805 2199 1850 2218 ,4
1879 2195 2014 2218 mu
2067 2200 2115 2218 Α.

503 2262 506 2264 τ
536 2195 724 2295 st:um.
759 2231 825 2287 Et
851 2195 974 2282 vide
995 2195 1129 2278 du'os
1149 2215 1452 2274 credentes,
1478 2203 1780 2263 eunuchum
1804 2199 1856 2253 in
1878 2195 2040 2258 Gaza,
2064 2200 2120 2247 et

536 2332 697 2390 hunc,
728 2322 914 2379 ambos
941 2318 993 2372 in
1019 2305 1362 2382 dignitatibus
1391 2297 1731 2356 constitutos,
1765 2297 2118 2373 magnamque

1027 2367 1256 2460 vcinam.
1300 2393 1408 2452 Sed
1439 2385 1689 2461 nepotes
1713 2367 1790 2440 ob.
1811 2379 2116 2450 dignitates.

536 2515 650 2571 Non
673 2525 736 2567 ea
770 2508 838 2563 de
879 2515 1063 2563 causa,
1107 2492 1281 2556 absit;
1312 2486 1406 2544 sed
1439 2491 1654 2554 propter
1681 2477 1952 2547 pietatem.
1996 2467 2120 2522 Ideo

537 2561 1207 2678 tligttitates'positzersuut,
1230 2591 1289 2639 ut
1319 2577 1489 2648 major
1511 2574 1678 2644 pietas
1698 2569 1948 2624 eluceret.
1973 2561 2122 2615 Mira-

537 2655 694 2758 bil‘ius
715 2655 910 2766 quippe
934 2697 1034 2748 est,
1067 2695 1187 2737 cum
1209 2675 1329 2748 quis
1354 2673 1407 2726 in
1433 2666 1632 2723 divitiis
1660 2670 1716 2717 et
1739 2655 1978 2730 potentia
1994 2669 2121 2708 eon-

1718 2753 1730 2766 .
1813 2765 1826 2766 ί
1986 2741 2118 2766 mu,

539 2741 776 2852 stitutus,
799 2741 919 2838 tralis
939 2775 1115 2833 luerit.
1144 2741 1304 2826 Certe
1332 2774 1519 2831 magna
1550 2755 1691 2811 illius
1718 2753 1834 2805 laus
1853 2757 1958 2812 est,
1981 2741 2122 2814 quod

542 2889 740 2939 tantam
770 2867 1248 2945 peregrinationem
1273 2854 1566 2923 susciperet
1592 2890 1606 2913 ,
1639 2859 1738 2900 nec
1767 2840 1856 2896 tali
1884 2847 2125 2906 tempore

543 2979 595 3030 in
629 2975 710 3026 via
742 2967 1022 3024 lectionem
1050 2953 1447 3013 intermitteret,
1493 2951 1549 2998 et
1579 2938 1716 3011 quod
1747 2949 1907 2991 curru
1944 2939 2125 2984 vectus

543 3065 842 3134 Philippum
875 3055 1181 3113 advoc:tret,
1207 3042 1480 3108 multaque
1507 3033 1608 3087 alia
1640 3050 1654 3088 :
1684 3040 1934 3096 magnum
1965 3021 2125 3076 etiam

547 3161 605 3215 in
631 3118 737 3212 hoc
759 3161 862 3216 est,
897 3143 1039 3219 quod
1065 3140 1436 3205 eleemosynas
1465 3135 1520 3182 et
1548 3135 1734 3194 preces
1758 3118 2045 3175 emitteret,
2074 3118 2129 3163 et

548 3254 600 3308 in
632 3205 786 3304 tanto
796 3205 1100 3314 principatu
1128 3229 1243 3302 pius
1269 3230 1431 3281 esset.
1477 3216 1628 3274 Unde
1667 3221 1721 3268 ct
1747 3210 1815 3266 ab
1846 3210 1945 3262 hoc
1980 3205 2128 3259 illntn

550 3351 732 3401 uotum
763 3296 892 3394 inicit
922 3351 934 3387 :
968 3339 1024 3386 et
1062 3296 1254 3382 merito
1277 3361 1295 3386 ,
1324 3326 1384 3372 ut
1421 3328 1490 3369 ne
1520 3310 1638 3381 quis
1666 3307 1872 3361 diceret
1915 3296 2128 3354 mentiri

552 3437 948 3504 Scripturarum
987 3417 1290 3476 historiam.
1319 3409 1404 3464 Ea:
1427 3405 1649 3465 cohorte,
1677 3396 1866 3466 inquit,
1898 3405 2011 3460 qua:
2044 3403 2132 3440 vo-

551 3487 762 3584 cabulur
797 3518 1002 3576 Italica.
1030 3501 1238 3568 Cohors
1275 3499 1351 3572 (a)
1385 3506 1522 3560 erat,
1555 3493 1606 3547 id
1633 3487 1772 3562 quod
1803 3496 2130 3570 ttuttcvoca-

557 3565 748 3584 πων...
797 3565 1001 3576 -...--___
1043 3565 1071 3568 _,
1283 3565 1294 3572 ‘
1334 3565 1343 3572 _

557 3633 676 3675 ntus
697 3616 998 3670 numerum.
1030 3602 1155 3657 Pius
1180 3614 1240 3652 ac
1270 3595 1447 3659 timens
1478 3585 1639 3640 Deutn
1668 3595 1781 3635 cum
1809 3565 1947 3632 omni
1982 3572 2132 3626 domo

698 3665 1011 3762 liaicdicit,
1058 3710 1124 3751 ne
1153 3699 1307 3763 putes
1343 3685 1412 3740 ob
1445 3681 1756 3750 dignitatem
1784 3671 1899 3740 ejus
1924 3667 1999 3722 sic
2029 3665 2136 3719 dis-

519 3835 522 3846 ι
556 3799 837 3877 pensatum
875 3759 1062 3849 fuisse.
1111 3759 1334 3854 Quando
1361 3775 1580 3832 Paulum
1611 3765 1801 3822 adduci
1831 3759 2131 3846 Oportebat,

561 3841 836 3877 γυιων-η·-
876 3841 1062 3849 --τ-θη
1123 3841 1158 3854 ...

561 3912 666 3954 non
696 3888 935 3962 angelus,
966 3879 1060 3938 sed
1083 3880 1198 3950 ipse
1238 3871 1492 3928 Dominus
1522 3869 1778 3933 apparet;
1809 3868 1983 3924 neque
2015 3841 2136 3904 mit-

817 3944 900 4035 ad
922 3944 1159 4045 aliquam
1199 3982 1264 4022 ex
1295 3957 1576 4018 duodecim
1614 3953 1740 4016 illis,
1774 3946 1868 4004 sed
1895 3944 1958 3998 ad
1993 3945 2135 3996 Ana-

560 4083 723 4138 niam.
755 4076 851 4131 llic
875 4086 1002 4126 vero
1027 4073 1234 4124 contra,
1257 4055 1600 4127 eoryphzeum
1631 4045 1812 4110 mittit,
1841 4050 1901 4097 ut
1929 4037 2136 4107 Philip-

560 4165 686 4246 pum
707 4169 771 4224 ad
792 4163 1117 4222 eunuchum,
1141 4155 1346 4210 illorum
1371 4141 1660 4203 infirmitati
1678 4155 1736 4194 se
1757 4144 2136 4202 attemperans,

1528 4237 1539 4246 _
1907 4224 2035 4246 “an
2084 4230 2130 4246 Δ.

560 4224 864 4331 δορεηεαυθ
911 4249 1182 4326 quomodo
1226 4242 1418 4300 talibus
1466 4237 1543 4293 uti
1589 4238 1850 4304 epot'teat.
1907 4224 2038 4280 Nam
2082 4230 2137 4274 et

564 4319 808 4414 Christus
849 4319 993 4417 saepe
1019 4345 1240 4412 apparet
1285 4336 1370 4398 iis,
1421 4329 1512 4401 qui
1539 4326 1680 4383 mala
1717 4319 2009 4391 patiuntur,
2043 4326 2143 4367 nec

569 4456 914 4523 possuut'per
941 4454 1000 4494 se
1030 4432 1308 4490 accedere.
1337 4425 1473 4481 Vide
1499 4428 1676 4476 autem
1704 4427 1759 4470 et
1787 4415 1872 4468 hic
1893 4454 1906 4476 ,
1938 4421 2139 4478 quaeso,

1318 4521 1325 4523 “
1640 4521 1648 4523 -
1684 4509 1754 4523 ⁸η·
1814 4507 1824 4516 “
1851 4521 1858 4523 .
1896 4493 2115 4523 ώ-ι-ξ.ι...

571 4493 713 4599 aliud
740 4493 1097 4603 eleEmos'ynat
1123 4521 1459 4580 encomiunt;
1508 4523 1567 4569 ut
1603 4521 1657 4566 et
1683 4509 1790 4563 illic
1814 4507 1867 4559 in
1896 4493 2143 4557 Tabitha.

581 4633 828 4703 Vir'pius,
857 4598 1047 4695 inquit,
1075 4625 1121 4673 et
1145 4617 1322 4672 timens
1358 4610 1521 4663 Deum
1558 4619 1672 4658 cum
1699 4599 1836 4655 omni
1861 4598 2010 4674 domo
2029 4607 2143 4647 sua.

571 4962 723 5067 racia
751 4995 986 5059 fuerunt;
1024 4991 1162 5045 Vidit
1189 4989 1245 5041 in
1268 4985 1378 5040 visu
1407 4979 1692 5050 manifeste,
1721 4970 1864 5044 quasi
1894 4969 2021 5020 liora
2054 4962 2152 5017 diei

544 5119 556 5127 '
578 5113 738 5164 nona,
777 5090 1010 5164 angelum
1036 5085 1133 5140 Dei
1161 5084 1494 5135 introeuntem
1509 5071 1574 5123 ad
1595 5083 1667 5130 se,
1697 5075 1742 5119 et
1768 5063 2010 5115 dicentem
2037 5055 2151 5120 sibi,

546 5199 560 5212 ’·
839 5148 1015 5250 διιπρ.
1041 5174 1188 5230 videt
1220 5162 1510 5241 angelum?
1550 5159 1620 5217 Ut
1642 5156 1837 5214 certior
1867 5153 2016 5206 ﬁeret
2054 5148 2155 5202 Pe—

547 5297 556 5306 '
581 5282 734 5344 (rus;
764 5277 874 5332 into
902 5285 1008 5326 non
1033 5267 1144 5328 ille,
1181 5261 1274 5317 sed
1301 5259 1388 5313 alii
1416 5252 1758 5312 inﬁrmiores.
1790 5243 1946 5299 Nona
1981 5247 2158 5294 autem

589 5323 696 5337 ...η
719 5323 734 5344 ,
767 5323 868 5332 ..---
1132 5323 1142 5328 _

569 5376 750 5434 'ltora,
781 5361 995 5437 quando
1021 5357 1163 5413 curis
1189 5353 1326 5408 liber
1355 5352 1406 5404 in
1431 5349 1611 5418 quiete
1636 5348 1772 5407 erat,
1805 5351 1926 5392 cum
1957 5333 2010 5387 in
2036 5323 2158 5385 cra-

578 5463 820 5532 tionibus
839 5467 896 5515 et
924 5456 977 5511 in
1004 5447 1416 5521 compnnctione
1438 5437 1771 5495 versabatur.
1821 5429 2033 5484 Intuens
2071 5440 2162 5477 au-

585 5527 685 5614 tem
715 5530 885 5617 illum,
914 5549 1091 5603 timore
1115 5515 1396 5610 correptus,
1429 5533 1577 5586 dixit.
1617 5515 1760 5583 'Vlde
1785 5520 2028 5592 angelum
2060 5531 2163 5570 no.3
2191 5534 2200 5542 ·

594 5651 595 5654 “
649 5641 722 5712 (α)
763 5603 1015 5717 inductio
1036 5634 1239 5707 legitur,
1261 5603 1570 5738 surgit,un
1593 5620 1650 5671 ad
1696 5618 1887 5688 literato
1919 5603 2159 5681 reddere-

594 5717 668 5738 .....
712 5720 841 5738 ...η-η
885 5708 1030 5738 βαι-νη
1067 5708 1197 5738 sum
1223 5700 1276 5738 et
1298 5702 1354 5738 eo
1389 5700 1472 5737 ors
1507 5682 1633 5738 apud
1655 5679 1896 5738 Polybium
1916 5671 2159 5721 dtl'fertmt.

575 5724 578 5727 .
767 5671 1476 5760 ξ’ᾖξιζῖξξῖςὲἶὲὲῖῖὸὶῖόνξ
1484 5671 1633 5746 apud
1655 5673 1896 5742 Polybium
1916 5671 2160 5721 differtmi.

592 5774 624 5786 ι.
787 5767 1019 5786 λιμμα..
1063 5773 1116 5786 ..ιθ
1137 5784 1147 5786 -
1192 5755 1354 5786 ιιίοιηιί
1380 5785 1388 5786 ,
1414 5749 1552 5786 maius
1571 5744 1742 5786 ductor
1771 5751 1926 5786 Imma:
1942 5763 1955 5786 ς
1979 5740 2160 5786 θιδιιιι.

1063 5740 1392 5830 {gladi—cunt,
1404 5740 1553 5830 ιρῗδυξξ
1571 5740 1749 5830 (ἔνεισί
1771 5751 1955 5801 λοχαγόςς
1979 5740 2161 5786 θιδυιι,

575 5821 796 5886 iactasse
830 5821 1088 5892 quingenti
1109 5821 1174 5869 ini

581 5907 809 5949 μάλισταὴ
830 5889 964 5952 causa,
1072 5899 1233 5952 πεῖραν,
1263 5889 1323 5927 καὶ
1345 5889 1508 5942 σημεῖον.

591 5932 1292 6026 Ἠῖεκῴβῖἀιιῖἷοὶαίηεὴι,
1315 5932 1614 5998 nuutipulum
1631 5967 1645 5992 ,
1669 5937 1874 5992 signum.

808 1500 1002 1556 semper
1030 1498 1050 1538 :
1075 1482 1129 1536 5.
1169 1448 1223 1532 is
1259 1472 1384 1529 vidit
1420 1470 1475 1522 in
1511 1465 1620 1520 visu
1668 1454 1931 1527 manifeste
1967 1448 2112 1522 quasi
2166 1508 2190 1517 ι,

599 1594 729 1647 liora
757 1585 858 1641 diei
885 1595 1040 1643 nona,
1089 1571 1324 1643 angelum
1363 1563 1461 1629 Dei
1501 1546 1833 1615 introeuntem
1859 1549 1924 1603 ad
1949 1563 2034 1610 se,
2065 1552 2113 1597 et
2159 1587 2175 1620 ε

1177 5791 1569 5873 tii'ééTt'nét'yB‘iL
1577 5791 1662 5864 ,ξῖ
1756 5814 1800 5853 τὸ
1817 5791 1882 5861 ﬁt;
1901 5791 2009 5867 νζίροε
2020 5791 2204 5873 mgf

1536 5854 1828 5920 casaubon."
1853 5854 1915 5911 Αέ
1949 5854 2173 5921 singulas

1913 949 2264 1016 HOMILIA
2306 950 2516 1012 XXII.

2218 1075 2396 1170 statim
2422 1076 2827 1146 dicentem'qute
2858 1075 3097 1131 dicturus
3129 1079 3263 1137 erat,
3289 1068 3384 1126 sed
3410 1066 3556 1138 prius
3580 1062 3790 1121 solven-

2217 1168 2323 1223 tem
2352 1178 2572 1234 metnm,
2595 1177 2650 1224 et
2669 1178 2901 1226 mentem
2933 1167 3048 1237 ejus
3077 1165 3392 1236 erigentem.
3417 1161 3552 1216 Nam
3572 1173 3647 1214 ex
3675 1158 3790 1210 visu

2216 1263 2391 1314 metus
2419 1259 2513 1319 fuit
2533 1275 2556 1326 ;
2580 1259 2673 1316 sed
2700 1271 2872 1315 metus
2899 1254 3332 1327 inoderatus,'qui
3360 1253 3504 1308 illum
3527 1252 3789 1305 intentant

2215 1349 2463 1454 redderet
2511 1361 2736 1454 tantum.
2797 1351 2997 1406 Deinde
3036 1350 3209 1406 verba
3248 1358 3445 1403 metum
3492 1343 3792 1404 solverunt,

2218 1440 2326 1497 into
2352 1444 2527 1529 potius
2558 1442 2741 1499 laudes
2775 1443 2880 1498 illis
2908 1442 3171 1513 adjuncta;
3209 1438 3414 1495 timoris
3447 1433 3792 1507 aSperitat'em

2218 1538 2544 1608 mitigarunt.
2577 1537 2714 1592 Audi
2755 1551 2884 1592 vero
2913 1551 3031 1606 quae
3057 1534 3219 1590 verba
3249 1549 3264 1585 :
3305 1529 3578 1584 Orationes
3613 1535 3716 1580 tum
3752 1533 3796 1579 et

2217 1629 2542 1700 elecmbsyme
2567 1638 2666 1683 tute
2693 1627 3027 1684 ascenderunt
3047 1627 3110 1678 in‘
3126 1623 3418 1678 memoriam
3442 1621 3494 1674 in
3523 1625 3797 1686 conspectu

2218 1720 2336 1777 Dei.
2365 1721 2418 1777 5.
2457 1719 2607 1775 Nunc
2653 1736 2770 1791 ergo
2816 1720 2956 1773 mitte
2999 1719 3132 1773 viros
3175 1717 3229 1770 in
3267 1714 3491 1784 Joppen,
3533 1721 3580 1765 et
3611 1708 3799 1764 accersi

2221 1815 2480 1870 Simonem
2507 1815 2792 1884 quemdam,
2825 1811 2911 1882 qui
2951 1809 3332 1882 cognominatur
3356 1803 3561 1860 Petrus.
3609 1800 3690 1856 Ne
3735 1798 3797 1852 ad

2128 1939 2149 1967 ο.
2220 1906 2383 1962 alium
2415 1907 2648 1973 veniant,
2682 1919 2790 1959 non
2818 1919 2848 1957 a
2879 1903 3195 1974 cognomine
3227 1907 3430 1952 tantum
3453 1938 3469 1962 ,
3509 1893 3608 1950 sed
3639 1892 3797 1948 etiam

2221 2014 2251 2054 a
2287 1998 2407 2054 loco
2434 1999 2604 2052 virum
2640 1996 2882 2052 denotat.
2913 1994 2967 2050 6.
3004 1993 3101 2048 Hic
3132 1985 3595 2062 Itospitatur'apud
3625 1985 3798 2040 Simo-

2222 2108 2334 2145 nem
2361 2089 2627 2162 quemdam
2654 2088 2959 2154 coriarium,
2993 2086 3142 2156 cujus
3167 2083 3441 2138 estdomus
3460 2082 3614 2150 juxta
3637 2091 3796 2130 mare.

2225 2180 2468 2239 Vidistin'
2515 2180 2786 2253 quomodo
2836 2178 3102 2250 apostoli,
3152 2174 3456 2230 solitudinis
3501 2180 3557 2227 et
3605 2169 3803 2241 quietis

2223 2286 2484 2344 amantes,
2511 2275 2827 2331 remotiores
2853 2272 3060 2328 urbium
3085 2280 3261 2340 partes
3286 2263 3646 2323 sectarentur?
3667 2262 3802 2329 Quid

2226 2369 2406 2441 igitur,
2459 2369 2503 2423 si
2530 2367 2845 2438 contigisset
2888 2365 3050 2420 alium
3083 2376 3202 2417 esse
3235 2359 3506 2416 Simonem
3534 2364 3588 2412 et
3631 2357 3804 2425 ipsum

2225 2459 2549 2518 coriarium?
2601 2457 2705 2515 Sed
2761 2466 2817 2513 et
2880 2456 3039 2510 aliam
3105 2449 3300 2508 notam‘
3331 2449 3607 2513 habebat,
3663 2446 3808 2517 quod

2225 2555 2486 2612 habitaret
2506 2553 2653 2624 juxta
2677 2566 2822 2606 mare
2855 2569 2869 2604 :
2903 2551 3002 2609 tria
3028 2555 3204 2603 autem
3235 2545 3323 2600 illa
3352 2559 3456 2597 non
3485 2555 3809 2596 concurrere

2226 2655 2492 2720 poterant.
2544 2643 2653 2700 Nec
2686 2644 2839 2708 dixit,
2868 2656 3055 2712 quare,
3085 2655 3155 2695 ne
3183 2637 3486 2698 resolutum
3519 2633 3809 2695 redderet;

2229 2740 2324 2796 sed
2353 2738 2587 2805 dimisit,
2629 2746 2688 2791 ut
2728 2734 2975 2789 audiendi
3005 2730 3269 2788 desiderio
3313 2724 3622 2792 teneretur?
3655 2725 3710 2782 7.
3746 2722 3810 2777 Et

2231 2850 2346 2888 cum
2368 2831 2670 2886 discessisset
2697 2827 2924 2900 angelus,
2957 2828 3044 2896 qui
3065 2821 3356 2891 loquebatur
3379 2817 3634 2881 Cornelio,
3661 2831 3811 2870 voca-

2231 2928 2298 2983 vit
2326 2927 2452 2980 duos
2487 2923 2786 2979 domesticos
2831 2937 2970 2986 suos,
3002 2927 3047 2973 et
3075 2917 3282 2971 militem
3308 2923 3602 2968 metuentem
3629 2909 3811 2963 Domi-

2228 3023 2375 3086 num,
2409 3019 2549 3073 exiis
2577 3017 2661 3087 qui
2691 3015 2768 3069 illi
2796 3012 3065 3085 parebant.
3093 3009 3147 3065 8.
3198 3006 3388 3072 Quibus
3417 3019 3531 3058 cum
3558 3010 3815 3055 narrasset

2234 3117 2425 3181 omnia,
2472 3112 2606 3166 misit
2643 3109 2760 3164 illos
2804 3109 2858 3162 in
2895 3105 3116 3176 Joppen.
3165 3101 3352 3156 Videu‘
3389 3097 3536 3152 illum
3564 3096 3682 3149 haec
3710 3108 3814 3146 non

2235 3211 2351 3264 sine
2378 3221 2537 3263 causa
2567 3203 2770 3268 dicere,
2815 3197 2909 3255 sed
2937 3205 2995 3252 ut
3023 3193 3330 3252 ostenderet
3359 3205 3472 3256 eos,
3517 3188 3610 3258 qui
3660 3201 3817 3257 pare.

2236 3303 2365 3356 baut
2391 3299 2486 3365 illi,
2518 3291 2660 3351 tales
2680 3290 2884 3348 fuisse?
2931 3288 2998 3344 Et
3044 3304 3159 3341 cum
3182 3293 3432 3339 narrasset
3470 3281 3573 3336 illis
3603 3280 3782 3333 omnia
3803 3319 3818 3341 ,

2238 3392 2427 3463 inquit.
2459 3382 2590 3444 Vide
2615 3400 2773 3458 quam
2804 3383 3012 3440 alienus
3032 3381 3098 3437 sit
3121 3396 3149 3433 a
3185 3379 3357 3433 fastu:
3375 3374 3488 3430 Non
3518 3373 3682 3437 dixit,
3717 3370 3821 3425 Vo-

2237 3496 2356 3542 cate
2382 3483 2509 3538 mihi
2532 3480 2788 3543 Petrum;
2820 3474 2914 3531 sed
2936 3483 2991 3528 ut
3011 3471 3281 3533 suaderet,
3321 3466 3560 3521 narravit
3587 3462 3772 3517 omnia
3804 3479 3816 3512 :

2240 3581 2320 3634 sic
2348 3592 2462 3632 rem
2487 3575 2576 3629 ille
2606 3571 2826 3643 provide
2853 3567 3062 3638 agebat.
3112 3561 3228 3618 Non
3257 3561 3401 3615 enim
3430 3557 3599 3611 voluit
3626 3571 3693 3609 ex
3724 3570 3821 3607 au-

2242 3670 2490 3727 ctoritate
2537 3667 2684 3720 illum
2733 3675 3011 3717 accersere
3040 3674 3054 3711 :
3088 3656 3209 3710 ideo
3240 3661 3436 3707 narrat.
3478 3649 3662 3719 Usque
3691 3647 3826 3700 adeo

2243 3763 2518 3817 modestus
2544 3765 2660 3812 erat
2686 3755 2868 3816 homo,
2909 3747 3116 3806 etiamsi
3147 3746 3278 3800 nihil
3317 3757 3564 3812 magnotu
3602 3738 3824 3808 cogitari

2243 3863 2425 3925 posset
2450 3852 2516 3908 de
2541 3851 2656 3904 viro
2680 3845 2817 3919 apud
2839 3843 3128 3901 coriariutn‘
3154 3839 3485 3893 diversante.
3519 3834 3571 3888 9.
3610 3833 3826 3886 Postera

2245 3924 2412 4002 autem
2453 3945 2554 4010 die,
2604 3941 2699 3995 iter
2734 3940 2837 3993 illis
2875 3935 3197 4009 facientibus,
3231 3939 3277 3984 et
3303 3924 3828 4000 appropinquantibus

2245 4040 2454 4103 civitati,
2500 4035 2724 4089 ascendit
2768 4031 2951 4085 Petrus
2983 4029 3036 4082 in
3065 4024 3327 4096 Superiora
3353 4021 3488 4074 circa
3512 4019 3696 4071 horam
3722 4031 3832 4069 ser-

2250 4147 2373 4188 tatn.
2407 4130 2539 4185 \‘ide
2578 4124 2846 4198 quomodo
2875 4121 3103 4191 Spiritus
3135 4128 3372 4183 tempora
3401 4119 3722 4172 conuectat,
3769 4121 3824 4158 ac

2249 4241 2422 4297 neque
2459 4225 2614 4278 citius
2657 4232 2828 4290 neque
2862 4213 3068 4270 tardius
3102 4225 3214 4265 rent
3245 4207 3418 4261 iaciat.
3454 4200 3724 4261 Ascendit,
3755 4198 3824 4250 iu-

2249 4323 2383 4392 quit,
2416 4319 2601 4373 Petrus
2629 4316 2681 4368 in
2708 4309 2987 4381 superiora,
3033 4314 3088 4360 ut
3121 4308 3286 4356 oraret
3324 4298 3457 4352 circa
3496 4295 3679 4347 harant
3724 4305 3830 4347 se:-

2253 4427 2357 4470 tam
2384 4428 2403 4467 :
2443 4412 2547 4466 hoc
2585 4416 2687 4474 est,
2733 4416 2978 4460 seorsum
3006 4406 3059 4454 et
3090 4396 3140 4450 in
3168 4393 3368 4464 quiete,
3398 4387 3546 4457 quasi
3571 4387 3626 4439 in
3647 4397 3832 4438 creua-

2252 4509 2392 4564 culo.
2420 4505 2505 4560 10.
2551 4501 2614 4556 Et
2645 4514 2755 4553 cum
2800 4497 3032 4556 esuriret,
3078 4488 3236 4544 voluit
3273 4493 3493 4555 gustare.
3523 4475 3842 4532 Parentibus

2253 4611 2420 4656 autent
2441 4597 2562 4663 illis,
2607 4592 2783 4648 cecidit
2820 4604 2970 4658 super
2997 4599 3110 4639 eum
3135 4579 3314 4634 mentis
3338 4589 3592 4638 excessus,
3638 4581 3686 4624 et
3715 4569 3845 4622 vidit

2255 4693 2434 4748 caelum
2457 4697 2706 4759 apertum.
2752 4681 2888 4749 Quid
2917 4689 3000 4734 est
3028 4675 3222 4731 mentis
3245 4685 3495 4726 excessus
3519 4667 3542 4720 ?
3571 4665 3846 4735 Spiritua-

2258 4786 2343 4849 lis,
2375 4781 2564 4851 inquit,
2612 4765 3225 4843 eontemplatio'accidit’
3252 4763 3322 4816 illi
3356 4775 3462 4814 :ex
3489 4769 3746 4826 corpore.
3787 4763 3856 4805 ut

2259 4877 2330 4930 ita
2360 4849 2554 4936 dic'am,
2585 4864 2817 4924 excessit
2842 4862 3039 4917 anima.
3070 4857 3157 4912 11.
3189 4853 3272 4908 ~Et
3312 4851 3435 4906 vidit
3477 4849 3664 4902 caelum
3691 4861 3858 4913 aper-

2262 4980 2386 5033 tum,
2410 4975 2457 5020 et
2479 4961 2781 5018 descendens
2801 4973 2887 5011 vas
2913 4947 3169 5023 quoddam
3188 4945 3319 4999 velut
3348 4943 3556 4996 linteum
3579 4951 3861 5008 magnum,

2261 5072 2476 5133 quatuor
2495 5056 2651 5111 initiis
2689 5049 2911 5107 submitti
2936 5043 2998 5099 de
3024 5041 3148 5098 ccelo
3184 5039 3236 5092 in
3264 5046 3450 5090 terram
3482 5048 3500 5085 :
3544 5029 3634 5085 12.
3670 5030 3730 5081 in
3756 5042 3872 5093 quo

2262 5164 2406 5210 erant
2427 5149 2597 5206 omnia
2622 5139 2968 5216 quadrupedia
3009 5145 3183 5197 teme,
3216 5126 3459 5183 et.bestia:
3503 5131 3550 5175 et
3594 5120 3878 5189 serpentis:

2265 5259 2311 5302 et
2339 5240 2568 5299 volatilia
2597 5211 2729 5292 ceeli.
2756 5211 2845 5288 1'5.
2870 5229 2940 5284 'Et
2974 5231 3110 5300 facta
3137 5231 3208 5277 est
3238 5234 3334 5273 una:
3360 5215 3427 5269 ad
3453 5228 3570 5268 eum
3597 5227 3619 5265 :
3660 5211 3878 5278 Surge.

2269 5337 2440 5401 Petre,
2464 5330 2656 5395 occide,
2687 5336 2732 5382 et
2760 5321 3030 5380 manduca.
3061 5315 3151 5370 14.
3179 5311 3458 5366 Ait'autem
3487 5302 3683 5357 Petrus
3713 5317 3733 5354 :
3755 5303 3890 5352 Ἁδ-

2268 5435 2353 5497 sit,
2386 5427 2624 5491 Domine,
2656 5422 2774 5493 quia
2798 5427 3072 5482 numquam
3092 5402 3391 5460 manducavi
3418 5412 3568 5453 omne
3591 5407 3906 5447 commune

2232 5585 2238 5592 ,
2271 5536 2317 5582 et
2347 5486 2684 5578 immundum.
2735 5510 2821 5567 15.
2868 5507 2935 5561 Et
2972 5518 3069 5558 no.1:
3110 5500 3293 5553 iterum
3339 5489 3559 5547 secundo
3602 5486 3676 5540 ad
3701 5501 3832 5538 eam
3881 5500 3908 5538 .-

2275 5599 2424 5687 Qtlod
2445 5613 2582 5669 Deus
2610 5602 2912 5680 puriﬁcavit,
2943 5609 2995 5651 tu
3024 5599 3283 5649 commune
3303 5586 3370 5640 ne
3393 5580 3604 5638 dixeris.
3629 5575 3725 5633 l6".
3757 5574 3808 5630 Β
3821 5596 3922 5631 ac

2271 5718 2439 5764 autem
2461 5710 2650 5777 factum
2677 5709 2749 5754 est
2787 5709 2941 5766 usque
2981 5680 3167 5752 tertio;
3193 5692 3238 5736 et
3275 5678 3443 5735 statim
3489 5676 3758 5741 receptum
3801 5682 3928 5722 es:

2276 5819 2364 5861 vas
2387 5802 2442 5856 in
2468 5798 2670 5853 caelum.

2352 5894 2409 5950 2.
2442 5889 2581 5960 Quid
2624 5887 2727 5942 hoc
2752 5880 2869 5938 est?
2905 5873 3212 5948 Symbolum
3251 5865 3413 5921 totius
3441 5858 3592 5916 orbis
3631 5871 3726 5912 res
3763 5866 3942 5910 est.
