4076 6354
440 297 541 362 173
628 331 638 342 -

438 421 577 474 πάνυ
595 420 780 481 αὐτοῖς
803 419 1150 490 προσίστατο,
1177 419 1492 486 ἀναγκαίως
1512 418 1873 486 οἰκονομεῖται
1897 417 2092 479 εἰπεῖν,

439 509 738 564 Οὐδέποτε
783 509 1012 580 ἔφαγον
1047 526 1061 540 ·
1095 509 1213 580 οὐχὶ
1235 508 1398 569 αὐτὸς
1427 505 1711 569 δεδοικὼς,
1751 506 1826 576 μή
1851 503 2059 572 γένοιτο
2079 543 2095 568 ,

438 599 550 650 ἀλλ’
590 598 696 650 ὑπὸ
728 597 821 650 τοῦ
848 598 1186 668 Πνεύματος,
1233 596 1306 658 ὡς
1337 593 1492 663 ἔφην,
1517 592 1984 662 οἰκονομούμενος.
2027 589 2095 642 ἶν’

438 684 536 761 ἔχῃ
575 689 873 756 ἀπολογίαν
911 687 1048 758 πρὸς
1087 685 1214 746 τοὺς
1252 682 1619 752 ἐγκαλοῦντας
1643 723 1658 747 ,
1685 683 1766 735 ὅτι
1798 682 1887 733 καὶ
1923 681 2098 734 ἀντεῖ-

437 795 539 830 πεν
565 795 577 807 ·
604 777 746 830 πάνυ
767 777 875 848 γὰρ
899 777 1080 837 αὐτοῖς
1108 772 1266 844 ἔμελε
1291 771 1382 825 τοῦ
1406 771 1498 824 τὸν
1527 770 1691 841 νόμον
1713 767 2094 839 φυλάττεσθαι.

437 866 532 926 Εἰς
561 865 690 930 ἔθνη
713 865 1012 936 ἐπέμπετο.
1047 863 1165 914 Ἵνα
1193 856 1286 914 οῦν
1319 861 1394 931 μὴ
1427 860 1522 913 καὶ
1552 853 1699 912 οῦτοι
1765 856 1928 911 αὐτοῦ
1965 872 2097 908 κατ-

443 953 738 1023 ηγορῶσιν,
770 953 845 1014 ὡς
875 952 1045 1022 ἔφθην
1064 946 1253 1015 εἰπὼν,
1285 948 1456 1002 ταῦτα
1493 947 1854 1017 οἰκονομεῖται
1874 962 1889 976 ⁸
1930 945 1963 1015 ἢ
2005 944 2096 997 zeal

439 1041 526 1092 ἵνα
553 1040 626 1110 μὴ
649 1040 774 1110 δόξῃ
796 1038 1062 1107 φαντασία
1081 1056 1165 1102 τις
1195 1030 1357 1103 εἶναι,
1380 1033 1522 1097 εἰπε.
1550 1033 1864 1102 Μηδαμῶς,
1897 1034 2092 1100 Κύριε,

435 1129 525 1180 ὅτι
549 1127 834 1181 οὐδέποτε
873 1127 1100 1196 ἔφαγον
1127 1127 1331 1180 κοινὸν
1369 1119 1407 1193 ἢ
1443 1123 1797 1191 ἀκάθαρτον.
1845 1120 2094 1188 Ἐγένετο

435 1213 490 1265 δὲ
530 1213 684 1284 φωνὴ
715 1215 849 1285 πρὸς
881 1215 1044 1267 αὐτόν
1078 1231 1092 1245 ⁸
1131 1215 1200 1268 *Α
1235 1215 1267 1267 ὸ
1311 1213 1454 1277 Θεὸς
1497 1210 1848 1278 ἐκαθάρισε,
1897 1208 1978 1260 σὺ
2007 1205 2092 1276 μὴ

435 1303 665 1354 κοίνου.
709 1302 878 1354 Τοῦτο
923 1302 1074 1354 δοκεῖ
1114 1301 1210 1371 μὲν
1247 1299 1384 1370 πρὸς
1429 1299 1590 1352 αὐτὸν
1622 1296 1915 1364 λέγεσθαι·
1947 1295 2007 1347 τὸ
2036 1295 2094 1348 δὲ

434 1391 543 1443 πᾶν
574 1395 708 1460 πρὸς
747 1384 1034 1453 Ἰουδαίους
1062 1389 1301 1456 λέγεται.
1347 1389 1409 1440 Ei
1435 1387 1542 1456 γὰρ
1580 1389 1606 1437 ὁ
1635 1383 1949 1447 διδάσκαλος
1972 1385 2094 1436 ἐπι-

431 1479 700 1546 τιμᾶται,
751 1477 932 1546 πολλῴ
981 1476 1180 1545 μᾶλλον
1230 1467 1397 1530 οὗτοι.
1453 1475 1515 1527 'Il
1550 1471 1640 1527 οὖν
1682 1472 1870 1525 σινδὼν
1894 1512 1909 1534 ,
1937 1466 2095 1524 τοῦτό

432 1561 579 1618 ἐστιν
610 1566 643 1634 ἡ
676 1564 748 1633 γῆ
780 1581 795 1594 ο
834 1564 902 1616 τὰ
929 1559 984 1618 δέ
1009 1578 1033 1604 α
1065 1567 1121 1615 ἐν
1154 1565 1290 1634 αὐτῇ
1331 1563 1517 1633 θηρία.
1550 1564 1597 1614 οἱ
1628 1560 1687 1625 ἐξ
1715 1561 1914 1613 ἐθνῶν·
1936 1555 2092 1621 τὸδὲ,

433 1653 636 1708 Θῦσον
677 1652 775 1706 zeal
817 1652 1003 1721 φάγε,
1043 1652 1124 1703 ὅτι
1178 1650 1452 1712 κάκείνοις
1484 1649 1564 1702 δεῖ
1596 1647 1876 1720 προσιέναι
1908 1665 1920 1678 ο
1953 1648 2012 1699 τὸ
2036 1646 2093 1699 δὲ

430 1743 612 1813 τρίτον
645 1741 804 1795 τοῦτο
830 1739 1104 1808 γενέσθαι,
1132 1739 1192 1792 τὸ
1225 1739 1505 1808 βάπτισμα
1537 1736 1704 1807 δηλοῖ.
1752 1733 2050 1803 Μηδαμῶς
2076 1774 2092 1798 ,

433 1834 628 1902 Κύριε,
670 1829 958 1884 οὐδέποτε
1005 1828 1230 1896 ἔφαγον
1267 1827 1474 1879 κοινὸν
1500 1826 1538 1893 ἢ
1579 1824 1935 1892 ἀκάθαρτον.
1983 1822 2093 1876 Καὶ

429 1925 518 1978 διά
554 1925 628 1988 τί,
653 1922 839 1992 φησὶν,
871 1920 1160 1983 ἁντείπεν;
1198 1918 1318 1970 Ἵνα
1341 1917 1414 1986 μή
1457 1933 1541 1978 τις
1572 1915 1720 1986 εἴπῃ,
1751 1915 1832 1967 ὅτι
1869 1911 2092 1984 ἐπείρα-

429 2014 522 2075 ξεν
551 2013 580 2064 ὁ
624 2011 757 2072 Θεὸς
798 2010 994 2070 αὐτὸν,
1043 2007 1231 2076 ὥσπερ
1269 2008 1362 2058 ἐπὶ
1399 2000 1494 2057 τοῦ
1541 2004 1810 2074 Ἀϐραὰμ,
1841 2003 1930 2055 ὅτε
1973 2004 2093 2055 ἐκε-

429 2100 617 2153 λεύετο
657 2099 747 2151 τὸν
787 2097 902 2149 υἱὸν
930 2096 1122 2148 θυσίαν
1155 2096 1464 2161 ἀνενεγκεῖν
1491 2109 1504 2121 ·
1541 2093 1616 2154 ὡς
1656 2091 1749 2144 ἐπὶ
1778 2090 1871 2143 τοῦ
1904 2087 2091 2143 Φιλίπ-

428 2204 557 2252 που,
605 2186 715 2250 ὅτε,
768 2185 1007 2248 Πόσους
1057 2182 1273 2252 ἄρτους
1325 2181 1526 2248 ἐχετες
1571 2173 1675 2233 ὑπὸ
1711 2178 1805 2232 τοῦ
1851 2177 2088 2250 Χριστοῦ

427 2275 687 2345 ⁴ἠρωτήθη
717 2291 731 2304 ⁸
778 2275 877 2343 οὐχ
917 2275 1003 2325 ’ίνα
1037 2272 1214 2343 μάθῃ,
1266 2271 1399 2324 ἀλλά
1447 2273 1718 2341 πειράζων
1759 2271 1938 2323 αὐτόν.
1980 2270 2090 2322 Kal

429 2363 537 2434 μὴν
566 2364 623 2415 ἐν
652 2361 730 2432 τῷ
761 2362 910 2432 νόμῳ
949 2363 1076 2432 περί
1103 2359 1357 2428 καθαρῶν
1383 2359 1475 2411 καὶ
1503 2359 1827 2428 ἀκαθάρτων
1865 2356 2091 2411 διεστεί-

425 2451 555 2503 λατο
598 2450 840 2518 Μωῡσῆς
877 2447 985 2501 τῶν
1033 2465 1090 2501 τε
1125 2449 1182 2500 ἐν
1218 2449 1286 2516 γῇ
1319 2446 1427 2499 τῶν
1469 2463 1528 2498 τε
1577 2448 1634 2498 ἐν
1684 2446 1924 2516 θαλάσσῃ
1951 2463 1964 2475 ·
1998 2445 2090 2498 καὶ

424 2537 572 2606 ὅμως
605 2535 726 2588 ούδέ
755 2534 928 2598 οὕτως
961 2533 1097 2604 ᾔδει.
1141 2533 1240 2596 Ὠς
1271 2532 1338 2584 δὲ
1387 2532 1456 2585 ἐν
1499 2530 1691 2596 ἐαυτῷ
1737 2530 2003 2597 διηπόρει
2056 2531 2089 2582 ό

425 2623 666 2692 Πέτρος,
701 2624 756 2676 τί
786 2622 862 2676 ἂν
883 2622 975 2689 εἴη
1007 2623 1072 2675 τὸ
1103 2619 1316 2689 ὅραμα,
1347 2619 1377 2672 ὃ
1413 2615 1535 2672 εἶδε
1557 2657 1570 2680 ,
1602 2618 1700 2670 καὶ
1736 2617 1863 2670 ἰδοὺ
1897 2619 1950 2668 οἱ
1986 2615 2088 2668 άν-

424 2711 562 2778 δρες
588 2713 640 2764 οἱ
661 2710 1104 2778 ἀπεσταλμένοι
1131 2709 1247 2762 ἀπὸ
1280 2707 1384 2761 τοῦ
1421 2707 1785 2774 Κορνηλίου,
1815 2703 2090 2772 διερωτήο

425 2821 646 2870 σαντες
669 2803 786 2870 τὴν
805 2803 1000 2856 οὶκίαν
1022 2800 1128 2852 τοῦ
1151 2800 1417 2868 Σίμωνος
1433 2838 1446 2858 ,
1480 2797 1828 2862 ἐπέστησαν
1846 2795 1944 2848 ἐπὶ
1982 2795 2087 2849 τὸν

430 2890 703 2954 πυλῶνα,
745 2891 842 2942 zeal
872 2885 1265 2956 φωνήσαντες
1284 2928 1298 2949 ,
1343 2883 1753 2938 ἐπυνθάνοντο
1772 2923 1788 2948 ,
1813 2885 1864 2935 εἰ
1891 2884 2088 2963 Σίμων

425 2983 459 3034 ό
496 2978 969 3045 ἐπικαλούμενος
993 2973 1212 3041 Πέτρος
1233 2971 1445 3026 ἐνθάδε
1475 2969 1776 3036 ξενίζεται.
1835 2971 2090 3040 Θαμϐου-

429 3067 580 3136 μένῳ
617 3064 738 3119 καθ’
769 3063 959 3116 ἐαυτὸν
985 3063 1079 3115 καὶ
1108 3059 1449 3132 διαποροῦντι
1483 3060 1559 3130 τῷ
1599 3060 1810 3130 Πέτρῳ,
1837 3059 2086 3130 ἔρχονται

425 3156 476 3206 οἱ
505 3154 696 3224 ἄνδρες
726 3151 994 3221 εὐκαίρως
1023 3149 1121 3220 τήν
1145 3149 1380 3220 ἀπορίαν
1402 3147 1620 3212 λύοντες
1665 3164 1679 3177 ·
1714 3148 1838 3200 ἐπεὶ
1876 3149 1970 3202 καὶ
1997 3147 2086 3200 τὸν

440 3241 637 3311 Ἰωσὴφ
669 3239 934 3311 πρότερον
963 3239 1112 3292 εἴασε
1141 3236 1539 3308 θορυϐηθῆναι,
1568 3235 1660 3289 zeal
1701 3237 1822 3288 τότε
1844 3235 1934 3289 τὸν
1958 3237 2085 3306 ἀρχ-

427 3327 658 3396 άγγελον
709 3326 936 3396 πέμπει.
989 3324 1239 3386 Εὐκόλως
1283 3323 1392 3394 γὰρ
1456 3325 1491 3394 ή
1532 3323 1677 3392 ψυχὴ
1723 3323 1939 3393 δέχεται
1987 3323 2085 3394 τὴν

425 3415 599 3479 λύσιν,
632 3414 894 3483 πρότερον
926 3413 982 3464 ἐν
1006 3411 1207 3482 ἀπορίᾳ
1239 3411 1522 3480 γενομένη.
1559 3409 1695 3463 Οὔτε
1721 3407 1812 3464 οὖν
1845 3412 1937 3464 ἐπὶ
1954 3411 2084 3464 πολὺ

423 3506 634 3573 γίνεται
672 3503 818 3572 αὐτῷ
854 3502 922 3554 τά
953 3502 1048 3571 τῆς
1083 3502 1314 3570 ἀπορίας
1337 3541 1350 3561 ,
1379 3500 1504 3553 οὗτε
1544 3501 1650 3572 πρὸ
1688 3500 1906 3564 τούτου,
1950 3501 2086 3554 ἀλλά

425 3596 556 3664 περὶ
584 3593 675 3646 τὸν
707 3591 898 3661 καιρὸν
922 3589 1016 3642 τοῦ
1040 3589 1282 3660 ἀρίστου.
1318 3589 1426 3644 Τοῦ
1450 3590 1476 3628 b
1502 3588 1570 3641 δὲ
1598 3589 1823 3656 Πέτρου
1855 3589 2084 3643 διενθυ-

421 3678 724 3751 μουμένου
749 3677 882 3745 περὶ
905 3677 1010 3730 τοῦ
1027 3677 1342 3747 ὁράματος,
1363 3673 1533 3730 εἶπεν
1560 3675 1717 3741 αὐτῷ
1738 3675 1802 3728 τὸ
1821 3677 2080 3746 Πνεῦμιυ

438 3767 592 3822 Ἰδοὺ
627 3765 840 3833 ἄνδρες
865 3765 1112 3832 ζητοῦσι
1130 3781 1224 3819 σε.
1263 3764 1449 3819 Ἀλλὰ
1475 3766 1762 3829 ἀναστὰς,
1800 3763 2085 3832 κατάϐηθι

423 3854 526 3908 καὶ
550 3854 810 3922 πορεύου
840 3852 961 3906 σὺν
984 3852 1208 3918 αὐτοῖς,
1221 3851 1412 3922 μηδὲν
1435 3852 1903 3920 διακρινόμενος,
1935 3851 2083 3904 διότι
2113 3850 2118 3854 ’

568 3941 925 3997 ἀπέσταλκα
953 3942 1196 4007 αὐτούς.
1238 3941 1347 3994 Kal
1398 3941 1560 3994 πάλιν
1616 3940 1773 3992 τοῦτο
1822 3939 2083 4007 ἀπολογία

423 4032 631 4103 Πέτρου
663 4030 797 4100 πρὸς
821 4031 948 4092 τοὺς
979 4028 1263 4098 μαθητὰς,
1324 4028 1407 4080 ἵνα
1443 4029 1717 4097 μάθωσιν,
1754 4028 1835 4081 ὅτι
1875 4028 1968 4080 καὶ
2007 4027 2084 4079 δι-

423 4118 641 4189 εκρίθη,
671 4118 764 4170 καὶ
803 4115 1096 4184 ἐπαιδεύθη
1140 4115 1305 4184 μηδὲν
1347 4114 1734 4185 διακρίνεσθαι.
1770 4115 1898 4167 ’Ότι
1947 4114 2080 4183 ἐγὼ,

423 4205 608 4275 φησὶν.
644 4203 862 4267 αὐτοὺς
888 4201 1262 4254 ἀπέσταλκα.
1302 4202 1441 4272 Ὅρα
1463 4203 1560 4270 ὅση
1590 4203 1683 4254 τοῦ
1703 4203 2015 4270 Πνεύματος
2049 4204 2082 4271 ἡ

423 4294 658 4359 ἐξουσία.
679 4291 826 4363 [180]
852 4291 916 4344 Ὃ
932 4293 988 4342 δέ
1007 4293 1149 4342 ποιεῖ
1163 4291 1354 4355 ὀΘεὸς,
1368 4290 1525 4342 τοῦτο
1546 4290 1762 4358 λέγεται
1783 4291 1842 4342 τὸ
1861 4289 2084 4359 Πνεῦμα

422 4384 616 4434 ποιεῖν.
659 4381 716 4433 ’0
760 4380 857 4448 μὲν
896 4374 990 4431 οὖν
1038 4378 1268 4446 ἄγγελος
1308 4379 1406 4447 ούχ
1446 4378 1618 4440 οὕτως
1642 4395 1657 4408 ο
1701 4378 1835 4431 ἁλλά
1867 4379 2081 4449 πρῶτον

421 4467 613 4534 εἰπὼν,
646 4469 716 4521 Al
759 4465 934 4536 εἰ)χαί
972 4481 1088 4519 σου
1115 4466 1211 4518 καὶ
1257 4468 1316 4519 al
1354 4467 1756 4534 ἐλεημοσύναι
1789 4483 1938 4528 σου,
1961 4467 2080 4520 τότε

421 4556 1037 4628 φησὶν,⁹Λπόστειλον,
1075 4554 1161 4606 ἵνα
1189 4553 1355 4624 δείξῃ,
1389 4555 1468 4606 ὄτι
1500 4554 1706 4607 ἐκεῖθεν
1725 4555 2077 4610 ἀπέσταλταιο

421 4648 482 4697 τὸ
509 4645 567 4698 δὲ
590 4643 831 4714 Πνεῦμα,
860 4643 982 4697 ἐπεὶ
1006 4643 1232 4713 Κύριον,
1270 4643 1415 4712 Ἐγὼ
1446 4643 1667 4710 αὐτοὺς
1705 4644 2078 4698 ἀπέσταλκα.

423 4735 692 4800 Καταϐὰς
715 4733 781 4786 δὲ
807 4736 839 4786 ό
864 4731 1083 4800 Πέτρος
1111 4731 1259 4799 πρὸς
1291 4730 1431 4796 τοὺς
1451 4729 1695 4800 ἄνδρας,
1721 4728 1908 4785 εἶπεν·
1928 4733 2081 4787 Ἰδοὺ

421 4825 535 4894 ἐγώ
565 4827 701 4893 εἰμι,
733 4823 806 4876 ὃν
833 4821 1071 4889 ζητεῖτε.
1110 4821 1205 4886 Τίς
1233 4821 1271 4888 η
1307 4821 1466 4873 αἰτία
1487 4819 1561 4873 δι’
1590 4819 1669 4888 ἢν
1692 4821 1982 4888 πάρεστε;
2016 4825 2080 4876 οἱ

420 4909 488 4964 δὲ
515 4907 687 4965 εἷπον
709 4928 722 4941 ’
744 4911 1076 4977 Κορνήλιος
1103 4912 1135 4963 ό
1165 4909 1610 4976 ἑκατοντάρχης
1627 4949 1642 4973 ,
1674 4909 1827 4976 ἀνὴρ
1852 4909 2079 4976 δίκαιος

421 4999 521 5051 καὶ
571 5000 938 5067 φοϐούμενος
980 4998 1087 5051 τὸν
1114 4997 1295 5063 Θεὸν,
1339 4998 1825 5066 μαρτιφυύμενός
1857 5016 1922 5052 τε
1957 5000 2076 5054 ὑπὸ

421 5086 568 5139 ὅλου
600 5085 708 5138 τοῦ
749 5085 963 5149 ἐθνους
991 5084 1108 5137 τῶν
1152 5085 1467 5146 Ἰουδαίων,
1515 5085 1918 5154 ἐχρηματίσθη
1960 5087 2078 5142 ὑπὸ

420 5173 678 5244 ἀγγέλου
699 5172 871 5239 ἁγίου
889 5170 1392 5238 μεταπέμψασθαί
1415 5189 1488 5225 σε
1514 5175 1601 5237 εὶς
1636 5173 1744 5225 τὸν
1777 5169 1946 5227 οἷκον
1982 5179 2080 5230 αὐ-

421 5261 548 5322 τοῦ,
579 5259 676 5312 καὶ
708 5256 964 5311 ἀκοῦσαι
986 5257 1222 5325 ῥήματα
1260 5261 1417 5324 παρὰ
1456 5262 1592 5314 σοῦ.
1637 5261 1866 5330 Λέγουσι
1898 5264 1963 5317 τὰ
1997 5268 2078 5334 ἐγ.

422 5350 625 5419 κώμια,
656 5346 798 5399 ὥστε
828 5347 1033 5409 πεῖσαι,
1067 5345 1146 5396 ὃτι
1172 5347 1266 5398 καὶ
1292 5346 1521 5413 ἄγγελος
1551 5347 1703 5419 ὤφθη
1734 5352 1902 5422 αύτῷ.
1941 5357 2078 5408 Εἰσ-

420 5439 832 5505 καλεσάμενος
863 5430 977 5489 οὖν
1021 5435 1242 5500 αὐτοὺς
1280 5435 1574 5498 ἐξένισεν.
1620 5439 1816 5510 Ὀρᾷς,
1848 5442 2008 5494 πόθεν
2043 5445 2074 5512 ή

419 5529 560 5597 ἀρχὴ
594 5527 804 5594 γίνεται
837 5523 944 5575 τῶν
977 5521 1183 5586 ἐθνῶν;
1229 5523 1359 5575 ’Λπὺ
1387 5524 1577 5594 ἀνδρὸς
1599 5527 1887 5592 εὐσεϐοῦς,
1927 5530 2074 5594 ἀξίου

418 5615 674 5684 φανέντος
701 5613 808 5666 ἀπὸ
839 5612 945 5678 τῶν
974 5612 1169 5682 ἔργων.
1197 5612 1258 5664 Εἰ
1291 5612 1399 5691 γὰρ
1432 5615 1524 5665 καὶ
1551 5615 1707 5668 τοῦτο
1740 5621 1950 5687 γέγονε,
1986 5622 2078 5674 καὶ

417 5705 563 5773 ὅμως
592 5702 1068 5766 σκανδαλίζονται,
1117 5702 1164 5753 εἰ
1197 5700 1272 5772 μὴ
1305 5701 1462 5754 τοῦτο
1486 5698 1553 5773 ἦν
1575 5744 1590 5765 ,
1622 5705 1674 5756 τί
1707 5707 1805 5759 ούκ
1833 5710 1896 5761 ἂν
1927 5707 2075 5762 εἷπον

430 5793 668 5844 Ἰουδαῖοι
695 5809 709 5858 ;
741 5789 1273 5858 Εὶσκαλεσάμενος
1303 5787 1436 5858 οὖν,
1472 5792 1665 5862 φησὶν,
1695 5797 1914 5862 αὐτοὺς
1951 5798 2076 5862 ἐξέ-

481 5896 506 5922 ⁸
537 5893 669 5941 Unus
689 5893 796 5942 cod.
823 5892 971 5942 οῦτοι.
1003 5892 1063 5940 Ἦ
1098 5893 1177 5940 οῦν
1213 5900 1268 5951 γῆ
1294 5893 1437 5943 τοῦτό
1469 5897 1596 5944 ἐστιν
1622 5900 1651 5953 ἡ
1683 5901 1851 5948 σινδὼν
1872 5917 1883 5928 ο
1911 5904 1981 5954 Τὰ
2005 5905 2072 5954 δέ,

422 5953 449 5993 ⁵
471 5957 569 6008 “‘m
611 5958 689 6003 τὸν
715 5971 875 6017 “"90"
900 5957 1170 6017 ἠρώτησαν,
1200 5957 1238 6003 εί
1266 5957 1360 6005 ἐκεῖ
1393 5959 1626 6014 Ξενίζεται.
1663 5959 1777 6010 Τοῦ.

1189 303 1247 357 S.
1289 299 1578 358 JUANNIS
1614 297 2100 355 CIIRYSOSTOMI
2140 296 2460 357 ARCIIIEP.
2507 303 3047 364 CONSTANTINOP.

3758 315 3864 368 174

2202 431 2355 471 νισε.
2407 419 2513 472 Bia
2545 421 2683 492 πόση
2711 422 2998 491 ἀσφάλεια.
3043 423 3202 476 Ὥστε
3242 423 3406 493 μηδὲν
3435 424 3632 487 αὐτοὺς
3667 428 3866 481 παθεῖν

2201 505 2395 569 δεινὸν,
2431 509 2798 572 εἰσκαλεῖται,
2833 512 2927 563 καὶ
2979 510 3114 579 μετά
3144 512 3459 582 παρρησίας
3499 512 3686 566 λοιπὸν
3736 531 3862 568 συν-

2201 591 2487 649 διαιτᾶται.
2513 594 2592 664 Τῇ
2624 597 2690 648 δὲ
2724 597 3008 663 ἐπαύριον
3034 598 3298 665 ἀναστὰς
3319 602 3351 653 ό
3377 599 3616 667 Πέτρος.
3639 601 3866 670 ἐξῆλθε

2199 680 2322 733 σὺν
2350 682 2576 748 αὐτοῖς,
2602 687 2701 737 καί
2723 702 2880 751 τινες
2902 683 3311 754 τῶνάδελρῶν
3328 680 3445 739 τῶν
3463 685 3580 741 ἀπὸ
3615 690 3868 756 Ἰόππης

2197 767 2512 834 συνῆλθον
2537 765 2716 835 αὐτῷ,
2750 773 2848 824 zeal
2878 765 2952 840 τῇ
2981 773 3266 841 ἐπαύριον
3289 772 3578 843 εἰσῆλθον
3613 778 3703 842 εἰς
3747 777 3869 846 τὴν

2196 856 2575 925 Καισάρειαν.
2625 859 2924 930 Ἐπίσημος
2975 855 3043 932 ἦν
3096 865 3124 916 ὁ
3176 863 3336 935 ἀνὴρ.
3380 863 3456 928 ὡς
3499 867 3556 918 ἐν
3601 867 3866 938 ἐπισήμῳ

2197 944 2348 997 πόλει
2381 945 2681 1016 τυγχάνων.
2718 947 2808 1000 Διὸ
2839 950 2929 1002 καὶ
2957 949 3044 1002 ἐπ’
3077 950 3225 1021 αὐτῷ
3258 952 3437 1006 πάντα
3480 953 3614 1024 ὁμοῦ
3647 953 3864 1008 οίκονο-

2199 1035 2398 1102 μεῖται,
2425 1037 2518 1088 καὶ
2547 1037 2654 1088 ἀπὸ
2683 1037 2780 1101 τῆς
2818 1037 3078 1101 Ἰουδαίας
3107 1039 3279 1111 ἀρχὴν
3304 1041 3570 1112 λαμϐάνει
3596 1044 3658 1096 τὸ
3679 1045 3866 1114 πρᾶγ-

2201 1135 2274 1186 μα
2303 1137 2317 1151 ·
2349 1115 2460 1172 οἷον
2489 1121 2550 1173 τὸ
2585 1124 2659 1192 μὴ
2690 1123 2947 1176 ὑπνοῦντι
2969 1124 3234 1194 ὀφθῆναι,
3265 1126 3380 1180 ἀλλ’
3408 1129 3767 1198 ἐγρηγορότι,
3799 1131 3866 1183 τὸ

2197 1206 2256 1258 ὲν
2283 1208 2466 1278 ἡμέρᾳ
2489 1226 2502 1239 ο
2527 1210 2654 1280 περὶ
2682 1212 2878 1280 ἐνάτην
2914 1213 3024 1284 γάρ
3053 1213 3201 1283 ὤραν
3219 1232 3230 1243 ·
3267 1215 3440 1279 οὕτως
3478 1217 3653 1288 ἑαυτῷ
3683 1231 3866 1290 προσ-

2196 1295 2360 1364 εῖχεν.
2407 1296 2545 1349 Ἀλλ’
2594 1298 2789 1368 ἴδωμεν
2828 1301 3032 1354 ἀνωθεν
3068 1302 3136 1354 τά
3171 1303 3457 1374 εἰρημένα.
3490 1305 3599 1358 Kal
3625 1300 3802 1359 εἶπεν
3827 1309 3867 1361 ὁ

2194 1382 2468 1451 ἄγγελος·
2503 1389 2569 1439 Al
2598 1388 2771 1454 εὐχαί
2812 1403 2927 1441 σου
2956 1389 3052 1440 zeal
3085 1392 3143 1442 al
3169 1390 3566 1458 ἐλεημοσύναι
3608 1409 3726 1447 σου
3763 1395 3868 1448 dr-

2197 1471 2430 1538 έϐησαν
2455 1477 2540 1538 εἰς
2565 1476 2964 1543 μνημόσυνον
2987 1476 3244 1531 ἐνώπιον
3261 1479 3368 1533 τοῦ
3389 1481 3556 1534 Θεοῦ.
3575 1481 3864 1534 Ἐντεῦθεν

2193 1557 2370 1627 δῆλον,
2415 1563 2496 1614 ὅτι
2539 1561 2626 1615 διὰ
2669 1565 2852 1635 φωνῆς
2888 1565 3146 1619 ἐκάλεσεν
3184 1567 3212 1619 ὁ
3246 1568 3509 1634 ἄγγελος,
3557 1572 3650 1622 καὶ
3683 1569 3866 1634 οὕτως

2195 1643 2334 1700 εἶδεν
2378 1651 2569 1703 αὐτόν’
2609 1651 2683 1714 ὡς
2725 1653 2878 1722 εἰμὴ
2921 1653 3198 1718 ἐκάλεσεν,
3243 1653 3352 1708 οὐδ’
3397 1657 3462 1710 ἂν
3518 1653 3865 1712 εἶδεν-οὓτω

2196 1738 2587 1807 συντεταμένος
2629 1735 2696 1809 ἦν
2743 1739 2852 1793 ἀπὸ
2899 1741 2993 1794 τοῦ
3041 1742 3386 1813 πράγματος,
3427 1746 3485 1797 ἐν
3534 1739 3579 1812 ᾧ
3619 1741 3706 1815 ἦν.
3744 1747 3861 1800 Kal

2189 1825 2568 1894 μετάπεμψαι
2617 1829 2851 1897 Σίμωνα
2910 1831 3018 1883 τὸν
3065 1831 3542 1901 ἐπικαλούμενον
3602 1834 3858 1902 Πέτρον.

2192 1914 2363 1978 Τέως,
2400 1916 2481 1967 ὃτι
2506 1915 2600 1968 ἐπὶ
2627 1921 2882 1998 χρηστοῖς
2909 1918 3072 1971 αὐτὸν
3105 1919 3552 1988 μετακαλέσεται,
3572 1921 3813 1991 ἐδήλωσε
3839 1938 3857 1954 ο

2193 2003 2366 2068 ποίοις
2397 2003 2451 2057 δὲ
2478 2002 2755 2076 χρηστοῖς,
2790 2006 2890 2059 οὐκ
2919 2005 3022 2060 ἔτι.
3051 2005 3238 2070 Οὕτως
3261 2007 3381 2060 οὐδὲ
3403 2009 3607 2079 Πέτρος
3625 2008 3775 2077 λέγει
3796 2009 3863 2063 τὸ

2193 2091 2300 2143 πᾶν
2320 2106 2333 2122 ·
2360 2091 2496 2144 ἀλλά
2518 2092 2794 2160 πανταχοῦ
2816 2095 2880 2146 ἐκ
2908 2094 3106 2164 μέρους
3131 2095 3200 2148 τά
3236 2095 3569 2166 διηγήματα,
3609 2096 3750 2150 ὥστε
3777 2097 3861 2150 δι·-

2192 2179 2424 2249 εγείρειν
2442 2179 2566 2242 τοὺς
2582 2180 2876 2241 ἀκούοντας
2893 2191 2914 2219 ο
2927 2220 2939 2234 .
2962 2173 3118 2234 Οὕτω
3135 2183 3228 2234 zeal
3242 2183 3509 2237 Φίλιππον
3526 2184 3681 2238 καλεῖ
3692 2185 3860 2254 μόνον

2191 2269 2270 2330 εἰς
2296 2267 2392 2338 τὴν
2423 2266 2646 2338 ἔρημον.
2685 2267 2889 2333 Ἀνέϐη
2918 2269 2986 2320 δὲ
3009 2269 3229 2338 Πέτρος
3257 2271 3355 2324 ἐπὶ
3379 2272 3445 2324 τὸ
3474 2271 3636 2342 δῶμα
3661 2287 3859 2340 προσ-

2189 2353 2477 2419 εύξασθαι
2506 2356 2638 2423 περί
2671 2355 2832 2424 ὥραν
2874 2356 3093 2423 ἕκτην,
3136 2358 3236 2410 καὶ
3282 2351 3506 2412 ἔπεσέν
3541 2359 3632 2412 ἐπ’
3663 2361 3861 2415 αὐτὸν

2188 2443 2498 2508 ἔκστασις.
2539 2444 2638 2496 zeal
2682 2447 2888 2511 θεωρεῖ
2917 2444 3138 2509 σκεῦός
3165 2462 3220 2497 τι
3244 2447 3324 2510 ὡς
3349 2447 3592 2515 ὀθόνην.
3625 2447 3855 2513 Σκόπει,

2188 2531 2269 2582 ὅτι
2295 2530 2413 2582 οὐδὲ
2440 2532 2472 2601 ή
2507 2532 2666 2584 πεῖνα
2691 2532 2999 2601 ἠνάγκασεν
3045 2533 3205 2586 αὐτὸν
3241 2534 3607 2606 προσδραμεῖν
3638 2537 3705 2606 τῇ
3739 2553 3859 2590 σιν-

2188 2614 2316 2670 δόνι.
2352 2619 2467 2670 Ἵνα
2490 2617 2547 2670 δέ
2589 2621 2664 2688 μὴ
2703 2621 2762 2672 ἐν
2793 2619 2998 2673 πλείονι
3033 2621 3237 2692 ἀπορίᾳ
3263 2625 3289 2674 ὁ
3316 2621 3578 2697 Πέτροςῇ
3607 2663 3621 2686 ,
3663 2625 3856 2679 ἀκούει

2189 2703 2456 2775 λεγούσης
2497 2705 2700 2774 φωνῆς’
2748 2707 3057 2773 Ἀναστὰς,
3083 2709 3298 2776 Πέτρε,
3324 2710 3516 2764 θῦσον
3539 2712 3637 2764 καὶ
3675 2712 3852 2783 φάγε.

2192 2787 2354 2856 Ἴσως
2386 2793 2479 2845 ἐπὶ
2509 2793 2711 2859 γόνατα
2740 2795 2993 2866 κείμενος
3027 2793 3132 2850 εἶδε
3165 2799 3264 2868 τὴν
3293 2799 3557 2852 ὀπτασίαν
3586 2817 3599 2830 ·
3634 2801 3757 2872 ἐμοὶ
3795 2801 3855 2856 δὲ

2188 2883 2336 2936 δοκεῖ
2377 2883 2466 2937 διὰ
2503 2884 2564 2937 τὸ
2606 2886 2870 2957 κήρυγμα
2917 2888 3122 2956 ταύτην
3149 2888 3474 2960 ἑωρακέναι.
3510 2891 3630 2943 Ὀτι
3663 2891 3721 2942 δὲ
3757 2893 3855 2945 zeal

2190 2969 2329 3023 θεῖον
2368 2966 2436 3041 ἦν
2483 2971 2544 3023 τὸ
2585 2971 2869 3042 γινόμενον
2892 3013 2906 3036 ,
2958 2971 3118 3044 δῆλον
3155 2974 3218 3027 ἐκ
3263 2993 3323 3028 τε
3357 2976 3452 3028 τοῦ
3485 2975 3689 3031 ἀνωθεν
3722 2978 3854 3031 ἰδεῖν

2190 3058 2535 3123 καταϐαῖνον,
2567 3059 2630 3112 ἐκ
2655 3077 2714 3112 τε
2746 3060 2838 3113 τοῦ
2878 3062 2937 3113 ἐν
2969 3062 3225 3116 ἐκστάσει
3258 3062 3529 3131 γενέσθαι.
3561 3065 3634 3117 Τὸ
3663 3065 3722 3117 δὲ
3757 3067 3853 3119 καὶ

2188 3147 2370 3216 φωνὴν
2397 3147 2604 3200 ἐκεῖθεν
2641 3148 2963 3218 ἐνεχθῆναι,
2995 3150 3089 3202 καὶ
3125 3150 3188 3202 τὸ
3222 3151 3343 3221 τρὶς
3367 3150 3523 3205 τοῦτο
3553 3152 3809 3220 γενέσθαι
3836 3195 3852 3218 ,

2187 3234 2282 3286 zeal
2314 3235 2375 3287 τὸ
2405 3235 2631 3306 οὐρανὸν
2661 3236 3036 3307 ἀνεῳχθῆναι,
3081 3239 3176 3291 zeal
3209 3239 3270 3291 τὸ
3294 3239 3502 3292 ἐκεῖθεν
3529 3241 3683 3311 ⁴ἣκειν
3707 3284 3721 3305 ,
3755 3243 3852 3295 καὶ
3890 3267 3896 3270 ν

2185 3321 2246 3374 τὸ
2295 3323 2412 3375 ἐκεῖ
2459 3323 2874 3394 ἀναρπασθῆναι
2930 3325 3112 3392 πάλιν,
3161 3327 3304 3399 μέγα
3343 3329 3539 3400 δεῖγμα
3583 3329 3677 3383 τοῦ
3709 3329 3852 3386 θεῖον

2186 3404 2325 3462 εἶναι
2354 3410 2414 3462 τὸ
2442 3412 2693 3481 πρᾶγμα.

2259 3506 2331 3566 γ’.
2364 3500 2464 3552 Διά
2497 3500 2549 3552 τί
2581 3501 2636 3553 δὲ
2658 3499 2814 3556 τοῦτο
2834 3501 3077 3570 γίνεται;
3114 3503 3211 3557 Διά
3237 3506 3361 3569 τσὺς
3396 3505 3536 3576 μετὰ
3555 3501 3852 3573 ταῦτα,οῖς

2191 3586 2372 3656 μέλλει
2416 3587 2728 3657 ἐξηγεῖσθαι
2757 3607 2769 3619 ·
2794 3590 2916 3643 ἐπεὶ
2968 3591 3130 3655 αὐτὸς
3165 3593 3267 3663 ήδη
3313 3593 3553 3658 ἀκούσας
3585 3591 3672 3665 ἦν,
3707 3596 3794 3648 ὅτι
3823 3586 3850 3635 δ

2185 3677 2289 3740 Εἰς
2305 3675 2450 3729 όδὸν
2469 3676 2658 3730 ἐθνῶν
2668 3677 2754 3746 μὴ
2777 3676 3091 3746 ἀπέλθητε.
3119 3681 3228 3733 Kal
3247 3681 3320 3752 μὴ
3339 3681 3643 3754 θαυμάσῃς.
3663 3683 3853 3754 Είγάρ

2185 3764 2486 3832 περιτομῆς
2512 3764 2702 3835 ἐδεήθη
2723 3766 2818 3818 καὶ
2852 3765 3040 3829 θυσίας
3066 3766 3300 3831 Παῦλος,
3321 3768 3469 3840 [181]
3503 3768 3683 3839 πολλῷ
3713 3769 3844 3840 μᾶλα.

2183 3849 2275 3902 λον
2300 3850 2420 3902 τότε
2449 3853 2506 3903 ἐν
2543 3853 2683 3921 ἀρχῇ
2718 3851 2812 3904 τοῦ
2855 3853 3209 3924 κηρύγματος
3248 3856 3650 3928 ἀσθενεστέρων
3678 3858 3849 3912 ὄντων

2185 3939 2386 4003 αὐτῶν,
2417 3939 2619 3993 τούτων
2652 3939 2776 3995 ἔδει.
2805 3942 2915 3995 Καὶ
2947 3942 3073 3996 ὶδοὺ
3105 3947 3157 3996 οἱ
3183 3943 3416 4013 ἄνδρες,
3443 3949 3596 4016 φησὶ,
3625 3950 3678 4000 οἰ
3726 3947 3844 4001 ἀπο

2187 4030 2548 4098 εσταλμένοι
2579 4025 2694 4084 ἀπὸ
2729 4031 2834 4084 τοῦ
2862 4033 3195 4099 Κορνηλίου
3217 4034 3564 4100 ἐπέστησαν
3596 4036 3695 4088 ἐπὶ
3737 4036 3846 4090 τὸν

2185 4115 2437 4170 πυλῶνα
2457 4131 2470 4144 ⁸
2494 4119 2592 4170 καὶ
2617 4118 3008 4187 φωνήσαντες
3029 4119 3437 4175 ἐπυνθάνοντο
3464 4162 3477 4181 ,
3512 4124 3565 4176 εὶ
3588 4124 3784 4191 Σίμων
3811 4127 3846 4178 ὁ

2183 4204 2655 4272 ἐπικαλούμενος
2712 4208 2933 4273 Πέτρος
2988 4205 3200 4261 ἐνθάδε
3252 4208 3554 4272 ξενίζὶται.
3607 4210 3737 4262 Ἀτε
3770 4211 3848 4276 ὡς

2184 4293 2373 4363 εὐτελῆ
2403 4294 2578 4346 οὶκίαν
2597 4337 2610 4358 ,
2656 4294 2898 4347 κάτωθεν
2931 4296 3321 4361 ἐπυνθάνοντο,
3352 4299 3412 4350 ού
3435 4300 3561 4360 τοὺς
3596 4298 3847 4367 γείτονας

2183 4376 2435 4449 ἠρώτων.
2470 4377 2580 4433 Τοῦ
2600 4380 2668 4432 δέ
2695 4379 2916 4448 Πέτρου
2937 4383 3462 4454 διενθυμουμένου,
3487 4381 3655 4438 εἶπεν
3682 4385 3849 4452 αὺτῴ

2181 4468 2249 4520 τὸ
2282 4469 2550 4536 Πνεῦμίν
2592 4462 2884 4535 Ἀναστὰς
2909 4470 3214 4538 κατάϐηθι,
3246 4474 3342 4526 zeal
3369 4476 3627 4542 πορεύου
3646 4475 3851 4543 μηδὲν

2182 4554 2653 4624 διακρινόμενος,
2685 4557 2833 4609 διότι
2865 4557 2979 4626 ἐγὼ
3002 4558 3355 4614 ἀπέσταλκα
3384 4563 3624 4625 αὐτούς.
3659 4563 3804 4633 Ὅρα
3827 4581 3843 4595 ·

2183 4644 2281 4696 οὐκ
2315 4641 2453 4697 εἴπεο
2475 4645 2572 4697 Διά
2596 4646 2704 4716 γὰρ
2723 4646 2880 4698 τοῦτο
2908 4646 2968 4699 τὸ
2998 4648 3179 4720 ὅραμά
3205 4666 3286 4701 σοι
3315 4649 3467 4719 ὤφθη
3494 4668 3506 4680 ·
3529 4650 3664 4713 ἀλλ’,
3691 4650 3848 4721 Ἐγὼ

2181 4731 2399 4797 αὐτοὺς
2430 4733 2805 4787 ἀπέσταλκα·
2843 4734 3057 4798 δεικνὺς
3081 4775 3093 4797 ,
3131 4737 3210 4788 ὅτι
3236 4732 3377 4789 δύτω
3400 4737 3480 4790 δεῖ
3511 4735 3796 4792 πείθεσθαι
3826 4779 3842 4804 ,

2183 4819 2409 4883 εὐθύνας
2433 4821 2532 4872 οὑκ
2559 4821 2916 4874 ἀπαιτοῦντα.
2968 4823 3153 4893 ’Λρκεῖ
3179 4823 3287 4895 γὰρ
3314 4824 3448 4893 πρὸς
3481 4826 3663 4878 πᾶσαν
3704 4827 3845 4898 πλη-

2181 4994 2434 5065 λάλησον,
2463 4999 2556 5050 καὶ
2588 4999 2752 5068 μηδὲν
2781 4998 2942 5050 πλέον
2979 4997 3180 5068 ζητεῖν.
3228 5003 3496 5066 Καταϐὰς
3524 5001 3592 5053 δὲ
3617 5002 3845 5071 Πέτρος

2179 5080 2382 5137 εἶπεν·
2419 5084 2563 5139 Ἰδοὺ
2613 5085 2727 5153 ἐγώ
2775 5088 2910 5154 εἰμι,
2958 5086 3031 5139 ὃν
3075 5086 3315 5152 ζητεῖτε.
3375 5088 3439 5140 Τί
3483 5088 3679 5158 δήποτε
3739 5092 3846 5144 οὐκ

2179 5171 2383 5234 εύθὲως
2429 5172 2625 5234 αὐτοὺς
2668 5172 2902 5237 ἐδέξατο,
2952 5172 3087 5225 ἀλλὰ
3131 5174 3487 5239 πυνθάνεται;
3525 5173 3643 5228 Εἷδε
3673 5193 3847 5248 στρα-

2177 5259 2377 5322 τιώτας
2423 5259 2581 5321 ὄντας
2626 5259 2751 5321 τοὺς
2793 5260 3137 5324 ἐπιστάντας.
3167 5262 3257 5314 Διὸ
3288 5263 3384 5332 οὐχ
3411 5263 3593 5326 ἁπλῶς
3621 5265 3840 5336 ἐρωτᾷ,

2177 5347 2313 5399 ἀλλὰ
2339 5347 2602 5416 πρότερον
2637 5347 2977 5419 ὁμολογήσας
3010 5349 3171 5411 αὐτὸς
3197 5345 3354 5413 εἶναι,
3381 5352 3499 5403 τότε
3531 5351 3630 5421 τήν
3658 5354 3843 5407 αἰτίαν

2178 5434 2503 5487 πυνθάνεται
2524 5439 2620 5504 τῆς
2647 5437 2900 5504 ἀφίξεως,
2931 5439 3015 5493 ἵνα
3046 5437 3119 5508 μὴ
3150 5437 3376 5507 νομισθῇ
3409 5438 3498 5491 διά
3522 5439 3680 5492 τοῦτο
3706 5455 3843 5494 πυν-

2179 5523 2458 5584 θάνεσθαι,
2491 5523 2565 5584 ὡς
2590 5523 2651 5592 δὴ
2681 5523 2850 5577 θέλων
2880 5525 3067 5578 ἑαυτὸν
3093 5526 3459 5598 κατακρύψαι.
3489 5529 3599 5582 Καὶ
3631 5530 3841 5584 πυνθά-

2177 5630 2347 5674 νεται,
2387 5611 2471 5663 ἵνα
2494 5653 2506 5674 ,
2538 5613 2603 5666 ἂν
2634 5614 2730 5682 μὲν
2761 5615 2961 5678 εὐθέως
2991 5618 3294 5689 κατεπείγῃ
3319 5659 3333 5681 ,
3365 5619 3459 5671 καὶ
3503 5618 3794 5691 συνεξέλθῃ
3821 5637 3839 5652 ο

2177 5702 2241 5756 ἂν
2271 5703 2326 5755 δὲ
2368 5703 2463 5773 μὴ,
2496 5702 2581 5754 ἵνα
2616 5701 2818 5776 ξενίσῃ.
2855 5703 3010 5768 Τίνος
3044 5706 3098 5758 δὲ
3133 5707 3318 5760 ἕνεκεν
3348 5709 3540 5759 ἐκεῖνοι
3582 5706 3837 5774 λέγουσι,

2240 5847 2261 5874 ο
2305 5844 2397 5892 Hic
2435 5846 2594 5893 omnia
2639 5847 2834 5895 diverse
2879 5854 3038 5896 narrat
3073 5864 3215 5906 unus,
3256 5848 3320 5898 ita
3358 5855 3411 5899 ut
3465 5849 3525 5897 ad
3568 5849 3840 5899 xarietales

2178 5905 2465 5971 referendus
2503 5911 2804 5971 ιυι-δνμξιμίιιε]
2832 5911 3150 5961 exscribenda
3180 5920 3342 5971 esset;
3383 5913 3469 5961 scd
3503 5926 3626 5960 unus
3655 5924 3838 5960 sensus

2179 5969 2360 6028 Ubique
2389 5977 2483 6018 cst.
2553 5969 2577 6008 ἃ
2611 5970 2740 6020 [ιίυδ
2764 5974 2868 6021 cod.
2906 5975 3042 6030 αἰτός
3067 5976 3284 6035 ἤκουσεν,
3322 5969 3410 6025 ὅτι,
