3978 6496
230 353 326 409 ΗΞ
1193 337 1258 396 IN
1296 335 1476 394 ACTA
1515 332 2036 392 APOSTOUJIIUM.
2080 332 2310 389 IIOMIL.
2357 333 2520 390 XXII.

226 469 391 520 llomo
421 461 827 518 incircutncistts
860 467 998 525 erat,
1035 455 1273 526 nihilque
1314 465 1598 508 commune
1634 448 1798 502 habe-

224 559 308 612 bat
333 571 454 610 cum
483 554 703 610 Judtcis.
748 551 881 620 Quia
929 551 1088 619 igitur
1132 562 1322 602 omnes
1361 545 1510 600 illum
1539 553 1598 596 nt
1625 551 1796 596 trans-

221 662 518 718 gressorem
546 644 846 700 accusaturi
878 651 1051 703 erant,
1099 649 1152 694 et
1192 638 1297 694 illis
1335 635 1618 691 admodum
1649 632 1797 687 cordi

219 748 332 793 erat
362 756 377 794 :
409 737 714 792 necessario
743 735 831 790 ille
860 735 938 788 sic
974 748 1086 787 rem
1133 729 1444 800 temperavit
1472 737 1527 781 ut
1553 727 1752 780 diceret
1781 739 1794 776 :

223 829 517 898 Numquam
556 826 790 892 comedi;
838 839 945 879 non
988 821 1129 893 quod
1171 822 1401 886 timeret,
1441 818 1617 882 absit;
1647 814 1738 870 sed
1765 830 1797 868 ει

218 919 442 989 Spiritu,
473 929 531 970 ut
573 917 703 979 dixi,
734 917 812 970 sic
841 913 1128 984 dispositus
1175 911 1294 974 fuit,
1333 919 1389 963 ut
1430 906 1794 962 defensionem

220 1011 440 1065 haberet
467 1018 654 1064 eontra
681 1022 794 1072 eos,
827 1006 916 1076 qui
947 1020 1006 1060 se
1029 1010 1362 1064 accusarent,
1393 999 1533 1072 quod
1565 997 1795 1052 reStitis-

214 1115 294 1157 set
320 1120 334 1154 :
365 1116 556 1170 magna
591 1100 733 1154 enim
761 1113 888 1153 cura
917 1096 1024 1150 illis
1052 1103 1187 1160 erat,
1235 1103 1293 1147 ut
1339 1092 1426 1147 Iex
1473 1098 1794 1144 servaretur.

217 1195 291 1249 Ad
319 1203 508 1264 gentes
542 1192 865 1246 mittebatur.
897 1189 974 1244 Ne
1003 1188 1163 1258 igitur
1187 1185 1241 1240 111
1269 1185 1429 1240 etiam
1462 1183 1608 1238 illum
1637 1195 1796 1236 accu-

214 1298 417 1354 sarent,
449 1298 502 1340 ut
533 1286 662 1351 dixi,
696 1285 810 1339 hmc
839 1285 908 1338 ita
933 1283 1234 1353 dispensata
1258 1289 1382 1335 sunt
1409 1296 1421 1331 :
1448 1285 1539 1330 aut
1563 1291 1631 1332 ne
1649 1275 1799 1330 vide-

215 1392 360 1435 retur
397 1379 678 1450 phantasia
712 1377 955 1448 qnatdam
995 1391 1136 1440 esse,
1160 1373 1295 1429 dixit
1324 1391 1336 1426 :
1367 1373 1528 1438 Absit,
1556 1370 1792 1436 Domine,

212 1477 327 1544 quia
367 1491 644 1542 numquam
689 1472 988 1526 manducavi
1039 1485 1300 1524 commune
1328 1476 1416 1519 aut
1459 1465 1795 1519 immundum.

215 1569 372 1622 Facta
405 1575 488 1621 est
522 1575 698 1619 autem
722 1579 822 1618 vox
853 1562 920 1616 ad
949 1562 1093 1616 illum
1125 1578 1136 1613 :
1171 1560 1298 1628 Qua:
1328 1558 1461 1612 Deus
1488 1556 1792 1626 puriﬁcavit,

212 1671 259 1712 tu
286 1675 559 1712 commune
588 1674 651 1710 ne
673 1656 881 1709 dixeris.
911 1654 1022 1708 lIoc
1049 1652 1258 1707 videtur
1284 1650 1496 1720 quidem
1541 1649 1607 1703 ad
1647 1649 1794 1702 illum

212 1751 336 1811 dici,
373 1758 540 1802 totum
571 1764 698 1802 vero
724 1746 921 1802 ,Ιιιᾱιῐείε
947 1744 1157 1800 dicitur.
1185 1742 1316 1797 Nam
1356 1743 1398 1796 si
1443 1741 1691 1810 Magister
1715 1740 1796 1793 in-

210 1848 482 1908 crepatur,
528 1839 698 1892 multo
738 1839 906 1908 magis
938 1836 1013 1891 hi.
1048 1836 1293 1890 Linteum
1324 1849 1453 1903 ergo
1496 1842 1578 1887 est
1623 1843 1793 1898 terra;

213 1934 334 1987 fera:
363 1941 543 1986 autem
570 1933 626 1986 in
651 1931 742 1984 illa
767 1930 993 2001 gentiles
1016 1948 1031 1994 ;
1055 1927 1183 1982 illud
1208 1941 1355 1992 vero,
1387 1925 1572 1980 Occide
1591 1935 1635 1978 et
1653 1941 1798 1977 man-

213 2024 363 2085 duca,
392 2023 658 2093 significat
702 2022 822 2077 illos
847 2021 1103 2076 accedere
1129 2019 1324 2074 debere
1349 2035 1362 2083 ;
1394 2017 1535 2087 quod
1562 2032 1687 2070 vero
1718 2025 1797 2070 ter

213 2119 316 2178 liat.
351 2116 403 2170 id
430 2117 750 2184 baptismum
778 2113 1059 2184 significat.
1085 2111 1244 2174 Absit,
1265 2109 1501 2174 Domine,
1522 2125 1796 2178 numquam

212 2208 513 2261 ntnnducaci
544 2223 809 2260 commune
835 2215 922 2258 aut
951 2203 1289 2258 immundum.
1324 2202 1389 2258 Et
1417 2217 1532 2267 cur,
1565 2202 1792 2270 inquies,

211 2299 578 2353 contradixit?
604 2297 682 2353 Ne
711 2298 830 2368 quis
860 2297 1083 2362 diceret,
1113 2295 1280 2349 Dcunt
1307 2293 1594 2349 tentavisse
1621 2292 1793 2355 illum,

209 2395 347 2447 sicut
379 2393 764 2452 Abrahamum,
797 2405 919 2446 cum
943 2389 1128 2459 jussus
1151 2397 1235 2442 est
1263 2387 1428 2441 lilium
1461 2386 1688 2441 hostiam
1719 2385 1796 2438 of-

211 2490 350 2540 ferre
376 2503 389 2552 ;
420 2487 562 2541 sicut
593 2495 646 2540 et
691 2485 1014 2556 Philippum,
1043 2482 1254 2552 quando
1285 2482 1486 2551 rogavit
1530 2479 1792 2546 Christus,

216 2584 343 2643 Quot
377 2595 535 2648 panes
557 2578 748 2630 habetis
765 2577 796 2630 ?'
819 2574 1184 2643 interrogavit,
1213 2589 1316 2627 non
1348 2581 1405 2626 ιιι
1428 2572 1677 2637 disceret,
1701 2569 1795 2625 sed

215 2681 422 2724 tentans
462 2671 632 2722 illum.
660 2669 819 2738 Atqui
853 2667 902 2720 in
935 2667 1051 2735 lege
1079 2667 1146 2720 de
1189 2664 1398 2720 mundis
1419 2673 1471 2719 et
1507 2663 1794 2719 immundis

216 2763 465 2815 distincte
497 2769 827 2830 prteceperat
870 2759 1097 2829 Moyses,
1148 2766 1252 2811 tam
1284 2758 1334 2810 in
1365 2766 1529 2821 terra,
1555 2771 1712 2825 quam
1741 2755 1793 2809 in

218 2855 339 2906 mari
369 2871 381 2905 :
411 2864 646 2907 attamen
668 2866 840 2920 neque
865 2853 943 2905 sic
965 2851 1183 2904 sciebat.
1211 2851 1300 2904 17.
1324 2847 1448 2903 Cum
1470 2859 1634 2901 autem
1657 2848 1795 2916 apud

219 2963 264 2997 se
287 2947 539 2998 dubitaret
584 2943 768 2998 Petrus
795 2959 816 2998 :
843 2958 955 3014 qua:
980 2952 1105 2997 esset
1133 2943 1274 3007 visio,
1307 2958 1454 3009 quam
1493 2941 1686 2994 viderat
1707 2958 1726 2994 :
1748 2949 1796 2994 et

227 3054 324 3089 ecce
349 3036 461 3098 viri,
494 3036 582 3105 qui
604 3036 741 3089 missi
767 3045 908 3088 erant
929 3051 960 3087 a
987 3032 1238 3096 Cornelio,
1264 3032 1565 3102 inquirentes
1590 3032 1796 3085 domum

237 3127 459 3192 Simonis,
491 3128 792 3181 adstiterant
819 3127 886 3180 ad
901 3128 1140 3196 januam.
1171 3125 1256 3180 18.
1282 3124 1347 3177 Et
1373 3140 1490 3176 cum
1515 3133 1792 3189 vocassent,

237 3224 588 3293 interrogabant
617 3223 661 3276 si
691 3222 891 3286 Simon,
923 3221 1010 3289 qui
1040 3219 1428 3291 cognominatur
1455 3215 1660 3282 Petrus,
1689 3217 1796 3269 illic

229 3316 408 3368 habere!
454 3314 750 3384 hospitium.
780 3312 1002 3366 Mirante
1033 3312 1083 3365 in
1116 3310 1402 3378 semetipso
1429 3319 1483 3363 et
1520 3307 1796 3362 dubitante

220 3407 386 3470 Petro,
417 3406 644 3460 veniunt
671 3413 971 3474 opportune
1002 3402 1120 3468 viri,
1153 3402 1239 3471 qui
1283 3400 1662 3455 dubitationem
1689 3397 1798 3452 sol-

217 3506 330 3550 vant
362 3514 375 3549 :
408 3496 678 3565 siquidem
723 3504 778 3550 et
817 3494 1107 3564 Josephum
1155 3492 1396 3547 dubitare
1443 3490 1704 3558 permisit,
1743 3499 1798 3544 et

211 3598 330 3643 tunc
354 3587 740 3656 archangelum
779 3586 926 3640 misit
957 3583 1168 3648 (Matth.
1194 3583 1250 3637 ‘2.
1295 3583 1405 3654 15).
1440 3580 1618 3637 Facile
1648 3596 1797 3635 nam-

207 3697 307 3747 que
350 3681 536 3732 anima
579 3678 895 3732 solutionem
928 3675 1140 3744 accipit,
1172 3689 1290 3743 qua:
1337 3673 1482 3742 prius
1513 3671 1793 3726 dubitavit.

203 3772 316 3826 Νιιιι
349 3774 443 3826 ditt
479 3786 630 3842 ergo,
660 3785 830 3838 neque
856 3778 1013 3823 antea
1047 3767 1326 3830 dubitavit,
1367 3765 1461 3821 sed
1487 3766 1626 3821 circa
1659 3775 1795 3819 tent-

202 3881 300 3933 pns
328 3862 568 3935 prandii.
600 3861 688 3919 I9.
722 3859 876 3914 Petro
897 3868 1064 3912 autem
1091 3858 1340 3929 cogitante
1362 3857 1424 3909 de
1443 3857 1648 3914 visione,
1670 3855 1796 3908 dixit

201 3958 437 4022 Spiritus
476 3956 523 4008 ei
552 3971 569 4007 :
600 3953 728 4007 Ecce
769 3952 862 4006 viri
903 3958 1132 4021 quierunt
1166 3959 1230 4002 te.
1278 3947 1370 4003 9.0.
1409 3945 1577 4017 Surge
1607 3949 1794 4015 itaque,

200 4049 476 4112 descende,
508 4053 555 4098 et
580 4045 704 4098 vade
737 4060 853 4097 cum
880 4044 950 4096 eis
977 4041 1103 4094 nihil
1128 4041 1384 4103 dubitans,
1414 4039 1532 4105 quia
1559 4054 1649 4107 ego
1684 4037 1798 4090 misi

196 4159 297 4195 eos.
337 4142 471 4194 Ilaec
500 4139 625 4192 item
658 4138 757 4191 alia
808 4145 890 4190 est
933 4134 1172 4188 defensio
1203 4132 1342 4186 Petri
1372 4130 1437 4184 ad
1468 4128 1794 4198 discipulos;

198 4245 252 4285 ut
281 4234 506 4287 discant
528 4238 583 4285 et
606 4229 900 4284 dubitatum
941 4226 1121 4292 fuisse,
1153 4235 1209 4280 et
1237 4225 1408 4293 ipsum
1437 4222 1687 4277 didicisse
1719 4222 1800 4275 ni-

195 4326 266 4378 hil
299 4340 429 4379 esse
461 4320 834 4376 dubitandum.
866 4319 997 4384 Quia
1018 4334 1129 4388 ego,
1161 4316 1347 4384 inquit,
1371 4315 1484 4366 misi
1502 4314 1637 4367 illos.
1664 4312 1798 4369 Vide

191 4427 400 4484 quanta
425 4415 500 4468 sit
535 4413 766 4482 Spiritus
794 4420 1049 4481 potestas.
1084 4407 1234 4475 Quod
1261 4415 1438 4460 autem
1481 4405 1605 4460 facit
1634 4407 1794 4472 Deus,

194 4506 326 4560 illud
372 4505 578 4560 dicitur
606 4503 834 4572 Spiritus
872 4501 1064 4554 facere.
1100 4499 1333 4568 Angelus
1361 4514 1488 4552 vero
1534 4513 1639 4551 non
1684 4498 1795 4560 ita;

187 4598 286 4652 sed
318 4613 450 4652 cum
497 4597 644 4664 prius
682 4594 924 4660 dixisset,
960 4591 1224 4646 Orationes
1263 4600 1361 4645 tua:
1388 4601 1433 4642 et
1473 4591 1800 4660 eleemosgna:

191 4703 316 4754 tute,
383 4701 517 4743 tunc
564 4688 658 4746 ait,
712 4686 875 4749 Mitte,
925 4693 982 4737 ut
1028 4682 1276 4738 ostendat
1327 4682 1522 4736 isthinc
1577 4681 1798 4734 missum

190 4780 367 4832 fuisse
402 4795 416 4830 :
446 4777 683 4846 Spiritus
732 4791 877 4839 vero,
919 4773 1040 4842 quia
1091 4772 1346 4826 Dominus
1389 4783 1493 4836 est,
1538 4771 1644 4841 Ego
1684 4771 1800 4825 illos

185 4870 333 4922 misi.
386 4868 484 4922 21.
537 4867 856 4921 Descendens
892 4873 1062 4918 autem
1105 4863 1290 4916 Petrus
1331 4861 1398 4914 ad
1441 4863 1591 4928 viros,

189 4962 333 5017 Ecce
365 4979 465 5033 ego
494 4978 628 5022 sum,
661 4976 806 5027 quem
834 4959 1089 5026 quieritis;
1118 4972 1232 5026 qua:
1272 4972 1428 5009 causa
1469 4965 1562 5022 est,
1595 4965 1802 5024 propter

186 5073 352 5123 quam
383 5055 638 5107 venistis?
680 5052 772 5104 ‘22.
807 5053 903 5117 Qui
935 5053 1168 5104 dixerunt
1199 5065 1216 5102 :
1249 5049 1512 5102 Cornelius
1553 5050 1797 5114 centurio,

185 5151 265 5202 εἰν
281 5151 478 5218 justus
523 5157 571 5198 et
617 5146 795 5198 timens
840 5143 1020 5206 Deum,
1061 5154 1108 5195 et
1150 5141 1484 5194 testimonium
1512 5141 1698 5194 habens
1738 5143 1800 5194 ab

185 5243 447 5292 uniuersa
477 5248 625 5308 gente
646 5235 962 5299 Judworutit,
992 5251 1290 5304 responsum
1319 5233 1508 5301 accepit
1537 5233 1598 5285 ab
1623 5234 1801 5302 angelo

185 5345 379 5386 sancta
414 5345 672 5383 accersere
695 5339 740 5381 te
769 5329 820 5380 in
844 5329 1048 5380 domum
1074 5342 1238 5388 suam,
1269 5335 1316 5377 et
1339 5324 1518 5377 audire
1542 5325 1687 5378 tim-ba
1714 5325 1802 5378 abs

188 5436 255 5478 te.
301 5424 535 5478 Laudes
560 5420 858 5490 proferunt,
888 5428 944 5472 ut
989 5418 1246 5472 suadeant
1270 5415 1412 5487 quod
1457 5416 1677 5486 angelus
1705 5431 1802 5485 ap-

185 5516 454 5586 paruerit
474 5515 545 5568 ei.
579 5514 670 5567 25.
705 5510 1040 5564 Introducens
1067 5525 1184 5579 ergo
1209 5526 1310 5574 eos,
1340 5509 1523 5577 recepit
1563 5509 1799 5576 hospitio.

191 5607 425 5669 Viden',
458 5604 598 5658 unde
627 5602 716 5656 fiat
747 5603 952 5656 initium
979 5599 1257 5670 gentium?
1286 5600 1327 5652 A
1360 5601 1474 5654 viro
1505 5599 1594 5669 pio
1622 5600 1709 5668 qui
1738 5599 1802 5652 ab

188 5697 468 5767 operibus
511 5695 707 5764 dignus
735 5695 878 5747 visus
905 5691 1010 5746 est:
1051 5691 1182 5745 Nam
1230 5691 1273 5744 si
1319 5691 1402 5745 vel
1444 5707 1502 5746 re
1544 5691 1612 5744 ita
1652 5700 1801 5760 gesta

187 5791 554 5848 oIIenduutur
579 5789 792 5846 Judtri:
829 5789 873 5844 si
903 5802 987 5844 res
1019 5802 1120 5842 non
1167 5785 1370 5854 fuisset,
1417 5785 1542 5855 quid
1587 5800 1689 5840 non
1721 5783 1798 5838 di-

3384 340 3492 396 I74

1905 448 2038 502 cturi
2067 448 2259 502 erant?
2285 447 2646 518 Introduccns,
2673 431 2860 522 inquit,
2893 451 3008 506 illos
3038 453 3219 523 recepit
3247 434 3488 524 hospitia.

1909 540 2039 594 Vide
2080 549 2273 610 quanta
2320 543 2599 597 securitas.
2637 542 2716 599 Ne
2762 543 2889 614 quid
2932 545 3038 600 illis
3083 562 3244 616 grave
3283 550 3493 604 accidat.

1905 631 2049 700 ipsos
2078 633 2381 698 introducit,
2406 645 2460 689 et
2483 635 2706 691 ﬁdenter
2727 651 2848 692 cum
2876 637 2984 692 illis
3004 639 3226 694 vietitat.
3250 641 3493 713 Sequenti

1905 732 2070 775 autem
2094 725 2174 777 die
2207 724 2388 778 Petrus
2414 743 2624 797 surgens
2651 727 2904 797 profectus
2925 738 2995 783 est
3025 747 3138 784 cum
3165 732 3287 796 iilis,
3316 744 3361 787 et
3380 735 3492 804 qui-

1905 814 2022 867 dam
2050 832 2112 870 ea;
2138 817 2377 884 fratribus
2399 819 2459 871 ab
2482 819 2652 889 Joppe
2671 822 2895 875 comitati
2915 833 3031 876 sunt
3056 841 3188 877 eum.
3205 825 3294 880 25.
3315 827 3491 882 Altera

1903 917 2070 959 autem
2105 909 2186 961 die
2225 909 2523 964 introierunt
2558 911 2860 968 Caesaream.
2895 914 3122 985 Insignis
3151 918 3231 971 vir
3266 926 3403 984 erat,
3433 929 3493 974 ut

1907 1001 1960 1054 in
1981 1000 2168 1070 insigni
2194 1002 2321 1057 urbe
2343 1018 2576 1056 versans.
2604 1005 2778 1072 Quare
2804 1007 2853 1060 in
2883 1007 2974 1062 illo
2995 1008 3170 1063 omnia
3196 1010 3356 1064 simul
3380 1011 3493 1066 dis-

1907 1105 2218 1166 pensantur,
2271 1106 2429 1166 atque
2470 1113 2498 1150 a
2543 1097 2722 1151 Judzca
2771 1115 2856 1154 res
2898 1101 3117 1170 incipit;
3160 1103 3305 1157 velut
3347 1102 3492 1174 quod

1906 1202 2010 1239 non
2041 1186 2349 1248 dormienti,
2380 1187 2472 1241 sed
2505 1187 2759 1256 vigilanti,
2786 1201 2944 1259 atque
2966 1194 3105 1262 quod
3149 1194 3377 1248 interdiu
3405 1209 3494 1251 res

1903 1279 2144 1343 accidat;
2173 1281 2314 1334 circa
2349 1295 2542 1332 nonam
2574 1280 2715 1335 enim
2753 1282 2936 1336 horam
2971 1303 2982 1336 :
3015 1285 3084 1337 ita
3127 1285 3228 1339 sibi
3271 1285 3371 1354 ipsi
3405 1296 3492 1340 at-

1906 1372 2173 1426 tendebat.
2217 1371 2322 1426 Sed
2347 1373 2588 1439 superius
2615 1371 2752 1426 dicta
2785 1384 3106 1442 repetamus,
3143 1377 3208 1430 Et
3233 1379 3360 1432 dixit
3390 1392 3492 1434 an-

1903 1464 2044 1533 gelus
2076 1479 2093 1516 :
2127 1462 2393 1518 Orationes
2417 1474 2517 1516 tua:
2537 1474 2581 1517 et
2603 1465 2930 1535 eleenwsyuw
2958 1477 3057 1519 tua:
3082 1471 3414 1524 ascenderunt
3436 1474 3490 1525 in

1904 1558 2194 1610 memoriam
2225 1557 2276 1610 in
2302 1568 2570 1626 conspectu
2596 1557 2708 1610 Dei.
2753 1557 2884 1612 llinc
2917 1561 3084 1626 palam
3115 1571 3216 1628 est,
3242 1564 3493 1632 angelum

1904 1648 2095 1701 emissa
2134 1663 2263 1704 voce
2290 1649 2438 1702 illtnn
2465 1649 2844 1718 appellavisse,
2875 1661 3033 1720 atque
3062 1653 3131 1705 ita
3161 1653 3290 1708 vidit
3319 1656 3491 1710 illum.

1903 1741 2054 1806 Quod
2084 1742 2128 1794 si
2159 1758 2261 1794 non
2293 1751 2553 1807 vocasset,
2587 1759 2688 1796 non
2717 1745 2896 1810 utique
2916 1724 3135 1800 vidisset
3165 1762 3178 1797 :
3210 1748 3280 1800 ita
3312 1747 3493 1802 inten-

1905 1841 1988 1886 tus
2009 1843 2122 1886 erat
2167 1833 2264 1898 rei,
2311 1849 2467 1900 quant
2497 1832 2706 1902 agebat.
2754 1833 2821 1886 Et
2861 1835 3052 1888 accersi
3095 1836 3371 1902 Simonem,
3404 1839 3499 1908 qui

1902 1929 2283 1997 cognominant:-
2333 1926 2535 1981 Petrus.
2591 1927 2804 1982 Interim
2850 1928 2990 1997 quod
3034 1928 3104 1983 ad
3147 1930 3294 1984 utilia
3340 1931 3489 1985 illum

1901 2031 2186 2076 vacaturus
2219 2021 2306 2082 sit,
2335 2019 2610 2085 declarat;
2638 2020 2702 2074 ad
2731 2035 2850 2090 qua:
2881 2036 3008 2076 vero
3029 2022 3201 2087 utilia,
3230 2024 3490 2076 nondum.

1901 2115 1988 2170 Sic
2026 2129 2199 2184 neque
2240 2113 2429 2168 Petrus
2476 2121 2644 2167 totum
2691 2113 2960 2178 declarat;
2992 2113 3086 2168 sed
3132 2115 3326 2184 ubique
3367 2125 3530 2170 sunt.

1900 2207 2123 2262 succisae
2145 2207 2497 2268 narrationes.
2525 2214 2582 2259 ut
2601 2205 2878 2260 audientes
2897 2207 3150 2260 excitent.
3175 2205 3269 2262 Sie
3287 2215 3342 2261 et
3365 2208 3494 2262 Phi-—

1901 2299 2102 2368 lippum
2133 2299 2302 2352 solum
2339 2305 2492 2351 vocat
2530 2299 2581 2350 in
2627 2297 2991 2351 solitudinem.
3036 2297 3273 2351 Ascendit
3319 2306 3490 2352 autem
3528 2333 3531 2340 ι

1901 2389 2084 2444 Petrus
2109 2389 2175 2441 ad
2198 2389 2480 2457 superiora,
2507 2398 2561 2441 ut
2588 2398 2754 2442 oraret
2790 2390 2924 2442 circa
2949 2390 3126 2442 horam
3169 2398 3382 2445 sextam.
3417 2389 3490 2443 Et

1900 2481 2077 2536 cecidit
2110 2496 2260 2549 super
2289 2497 2402 2532 eum
2445 2481 2623 2532 mentis
2653 2496 2904 2543 excessus,
2955 2489 3000 2533 et
3043 2480 3168 2532 vidit
3211 2495 3298 2533 vas
3327 2481 3493 2546 quod-

1901 2573 2020 2625 dam
2049 2572 2180 2625 velut
2210 2573 2442 2625 linteum.
2475 2570 2772 2640 Perpende,
2803 2571 3072 2640 quomodo
3114 2587 3288 2642 neque
3321 2572 3494 2628 fames
3532 2613 3536 2620 η

1899 2666 2073 2734 coegit
2105 2679 2225 2719 eum
2252 2678 2469 2717 currere
2494 2663 2559 2716 ad
2589 2663 2890 2718 sindonem.
2918 2663 2996 2718 Nc
3026 2680 3152 2718 vero
3177 2664 3344 2735 magis
3377 2664 3491 2718 hat-

1899 2759 2087 2813 sitaret
2103 2757 2313 2820 Petrus,
2331 2755 2479 2810 audit
2499 2771 2683 2810 vocem
2705 2756 2968 2810 dicentem
2993 2773 3007 2810 :
3033 2756 3285 2827 Surgens,
3313 2755 3487 2819 Patre,

1899 2857 2064 2901 uincta
2089 2856 2135 2900 et
2162 2847 2432 2900 manduca.
2480 2845 2642 2900 Forte
2676 2847 2728 2900 in
2759 2861 2930 2916 genua
2972 2847 3329 2916 procumbens
3356 2847 3492 2900 vidit

1899 2941 2158 2995 visionem
2190 2958 2203 2993 :
2237 2939 2447 2994 videtur
2476 2939 2603 2993 mihi
2634 2949 2852 3010 propter
2879 2939 3496 3008 prtedicationemillam
3523 2978 3530 2984 ι

1899 3033 2117 3088 vidisse.
2157 3033 2309 3099 Quod
2353 3047 2482 3088 vero
2523 3033 2757 3087 divinum
2798 3041 2950 3088 esset
2978 3031 3052 3095 id,
3084 3032 3224 3103 quod
3245 3031 3490 3095 videbat,

1901 3125 2024 3180 hinc
2049 3125 2390 3180 manifestum
2414 3134 2515 3191 est,
2541 3125 2680 3194 quod
2709 3125 2833 3180 illud
2855 3141 3084 3194 superne
3110 3123 3488 3186 descenderet,

1902 3228 2011 3274 tum
2041 3219 2221 3280 etiam,
2251 3218 2392 3288 quod
2423 3219 2536 3286 ipse
2563 3219 2613 3272 111
2639 3232 2861 3274 excessu
2892 3219 3086 3272 mentis
3108 3225 3252 3272 esset
3280 3235 3294 3270 :
3326 3220 3492 3271 item-

1900 3326 2006 3380 que
2037 3311 2188 3380 .quod
2225 3327 2328 3365 vox
2375 3310 2497 3365 inde
2542 3310 2798 3377 ferretur,
2832 3311 2979 3380 quod.
3017 3310 3146 3364 illud
3194 3320 3274 3364 ter
3313 3309 3503 3373 ﬁeret,

1900 3405 2042 3474 quod
2072 3405 2260 3459 caelum
2294 3409 2613 3473 aperiretur,
2655 3404 2794 3474 quod
2835 3403 2962 3458 illud
3004 3403 3126 3458 inde
3169 3401 3392 3464 veniret,
3433 3411 3497 3457 et

1902 3501 2026 3554 illue
2063 3500 2419 3568 .arriperetur,
2458 3513 2712 3568 maguum
2745 3507 2861 3552 erat
2899 3496 3150 3552 indicium
3202 3509 3318 3551 rem
3364 3509 3492 3550 esse

1902 3588 2121 3661 prorsus
2146 3590 2402 3644 divinam.

1974 3683 2026 3737 5.
2066 3683 2176 3737 Cur
2205 3689 2333 3736 vero
2361 3683 2438 3737 sic
2466 3696 2554 3738 res
2595 3681 2811 3752 agitur?
2861 3682 3086 3752 Propter
3127 3695 3243 3741 eos.
3295 3679 3495 3750 quibus

1903 3784 2086 3845 postea
2118 3775 2244 3830 illud
2272 3759 2581 3830 narraturus
2602 3785 2718 3830 erat
2747 3795 2760 3830 :
2793 3792 2911 3830 nam
2938 3777 3051 3845 ipse
3078 3776 3183 3843 jam
3212 3773 3487 3830 audierat:

1904 3865 1970 3920 In
2000 3867 2129 3919 viam
2155 3867 2375 3937 gentium
2405 3883 2466 3921 ne
2497 3867 2718 3920 abieritis
2749 3865 2962 3936 (Matth.
2990 3867 3074 3920 10.
3099 3867 3176 3935 5).
3210 3867 3272 3919 lit
3301 3879 3367 3919 ne
3391 3864 3492 3918 mi-

1904 3957 2057 4011 reris.
2089 3956 2142 4010 Si
2172 3958 2312 4011 enitn
2355 3957 2761 4012 circumcisione
2795 3966 2852 4012 et
2879 3957 3089 4012 victima
3132 3973 3264 4023 ιιιτιις
3309 3955 3490 4009 habuit

1905 4049 2096 4103 Paulus
2123 4065 2137 4112 ;
2175 4049 2341 4102 multo
2382 4050 2550 4119 magis
2586 4059 2711 4104 tunc
2740 4051 2888 4104 initio
2916 4050 3328 4120 prazdicationis,
3356 4065 3498 4103 cum»

1905 4149 2085 4194 essent
2109 4139 2286 4194 adhuc
2313 4140 2656 4205 infirmiores,
2682 4141 2764 4196 his
2793 4157 2928 4209 opus
2955 4142 3238 4195 habebant.
3270 4140 3331 4194 Et
3355 4157 3490 4204 ecce,

1906 4231 2097 4301 inquit,
2126 4232 2220 4284 riri
2244 4233 2384 4286 missi
2413 4251 2443 4285 a
2470 4233 2702 4288 Cornelio
2729 4235 3030 4288 adstiterant
3058 4235 3125 4287 ad
3148 4236 3362 4303 ianuam
3395 4249 3416 4285 :
3445 4241 3495 4286 et

1906 4339 2020 4376 cum
2045 4334 2324 4388 vocassent,
2353 4325 2730 4394 interrogabant
2756 4327 2796 4378 si
2829 4325 3029 4388 Simon,
3053 4327 3136 4395 qui
3166 4325 3509 4395 cognomina-~-

1907 4426 1990 4468 tur
2018 4415 2220 4477 Petrus,
2250 4417 2359 4470 illic
2387 4418 2588 4471 haberet
2618 4419 2910 4488 hospitium.
2941 4418 3018 4472 Eo
3041 4418 3182 4487 quod
3211 4418 3329 4470 vilis
3349 4424 3530 4471 esset»

1906 4508 2126 4570 domus,
2179 4508 2336 4572 infra,
2390 4525 2494 4564 non
2538 4518 2714 4564 autern
2772 4511 3009 4570 vicinos,
3067 4508 3489 4578 interrogabant.

1909 4601 2063 4656 Petro
2091 4613 2257 4654 autem
2299 4603 2406 4654 hwc
2451 4618 2618 4654 secum
2653 4602 2920 4670 cogitante,
2950 4601 3077 4654 dixit
3106 4601 3182 4653 illi
3211 4600 3436 4666 Spiritus
3467 4614 3487 4650 :

1911 4691 2135 4761 Surgens
2163 4690 2426 4751 descende,
2459 4700 2504 4743 et
2532 4691 2657 4743 vade
2683 4691 2813 4743 nihil
2835 4690 3095 4752 hcesitans,
3122 4689 3242 4756 quia
3265 4704 3356 4757 ego
3377 4686 3491 4739 misi
3521 4726 3528 4736 ..

1907 4801 2010 4837 eos.
2042 4783 2202 4846 Vide;
2237 4797 2339 4835 non
2369 4782 2545 4836 dixit:
2572 4783 2699 4837 Ideo
2736 4783 2876 4835 enim
2911 4781 3042 4834 visio
3070 4781 3315 4848 apparuit
3354 4776 3444 4832 tibi
3473 4795 3489 4840 ;

1907 4875 2023 4938 sed,
2047 4871 2157 4942 Ego
2173 4873 2287 4927 illos
2306 4873 2439 4938 misi,
2458 4873 2747 4928 ostendens
2763 4873 2840 4926 sic
2855 4871 3327 4939 obtemperandutn
3346 4885 3488 4935 esse,

1910 4981 2012 5019 nec
2035 4966 2269 5020 rationes
2305 4981 2423 5019 esse
2449 4964 2753 5032 exigendas.
2783 4963 2932 5018 Satis
2953 4963 3098 5017 enim
3123 4970 3257 5026 erat,
3285 4970 3344 5015 ιιι
3367 4975 3490 5017 cor-

1909 5060 2014 5113 tior
2041 5058 2212 5124 ﬁeret,
2240 5058 2377 5127 quod
2405 5058 2474 5111 ab
2513 5057 2603 5110 illo
2641 5055 2949 5117 audivisset,
2982 5055 3094 5109 line
3129 5054 3236 5118 fac.»
3267 5054 3370 5110 hoc
3401 5055 3491 5110 io-

1908 5166 2109 5220 quere;
2142 5166 2238 5204 nec
2281 5150 2406 5219 quid
2455 5150 2587 5202 ultra
2613 5148 2966 5218 querendum
2993 5157 3128 5202 erat.
3171 5147 3518 5203 Descendens.

1909 5256 2076 5295 autem
2102 5241 2286 5295 Petrus
2311 5241 2440 5294 dixit
2471 5254 2488 5292 :
2513 5239 2644 5293 Ecce
2666 5255 2757 5310 ego
2777 5257 2911 5301 sum,
2939 5256 3085 5308 quem
3114 5241 3358 5309 quwritis.
3384 5239 3491 5294 Cur

1911 5348 2016 5386 non
2039 5331 2215 5385 statim
2245 5331 2363 5384 illos
2384 5331 2590 5399 recipit,
2613 5330 2706 5384 sed
2726 5331 2956 5401 qu:erit?
2980 5331 3201 5386 Videbat
3233 5331 3350 5385 illos
3369 5345 3489 5386 esse

1912 5423 2107 5477 milites
2141 5438 2155 5474 :
2188 5421 2305 5474 ideo
2350 5436 2456 5475 non
2491 5421 2803 5490 simpliciter
2846 5423 3173 5492 interrogat;
3219 5422 3311 5476 sed
3334 5429 3489 5490 .post—

1911 5528 2068 5582 quam
2094 5510 2265 5566 fassus
2294 5520 2396 5575 est,
2425 5525 2483 5566 se
2513 5512 2684 5581 ipsum
2710 5527 2851 5578 esse,
2877 5524 3003 5568 tunc
3023 5512 3490 5582 quaeritadventus

1910 5618 2145 5666 causam,
2177 5612 2232 5656 ut
2259 5618 2326 5657 ne
2353 5611 2644 5671 putaretur,
2669 5620 2726 5658 se
2757 5604 2878 5658 ideo
2905 5605 3182 5667 sciscitari,
3207 5605 3356 5674 quasi
3382 5605 3489 5658 vel-

1912 5694 1984 5747 let
2013 5709 2134 5748 sese
2163 5695 2449 5748 occultare.
2494 5695 2558 5748 Et
2585 5695 2902 5761 sciscitatur,
2936 5705 2994 5751 ut
3034 5697 3077 5749 si
3110 5698 3287 5748 statim
3331 5709 3489 5764 urge-

1915 5792 2079 5855 retur,
2109 5800 2226 5840 cum
2257 5785 2359 5841 illis
2388 5785 2484 5842 iret
2511 5803 2524 5853 ;
2553 5787 2632 5840 sin
2659 5786 2852 5854 minus,
2889 5785 3258 5855 illos-hospitio
3281 5785 3494 5844 excive-
