3978 6498
542 405 647 463 175

540 532 641 579 ret.
700 520 807 576 Cur
846 528 1026 576 autem
1056 519 1257 579 dicunt
1300 517 1371 572 illi
1411 535 1425 575 :
1465 517 1687 572 Accersit
1734 525 1782 571 te
1821 517 1874 570 in
1920 516 2125 569 domum

538 631 684 681 suam
700 613 727 669 2
753 612 888 682 Quia
914 612 997 668 sic
1021 611 1131 667 illis
1152 618 1495 681 prmeeperat.
1525 607 1774 671 Fortasse
1802 621 1952 673 vero,
1977 607 2124 675 quasi

539 708 802 769 rationem
825 720 922 777 pro
958 704 1048 760 illo
1089 702 1296 773 dantes,
1327 701 1513 759 dicunt
1543 718 1555 755 :
1583 700 1662 756 Ne
1686 700 1908 756 damnes
1939 700 2122 765 illum;

539 813 646 858 non
669 799 819 870 quasi
848 806 900 854 te
927 805 1272 853 contemnens
1296 794 1459 859 misit,
1499 792 1593 849 sed
1620 792 1822 863 jussus.
1862 790 2125 846 Cornelius

536 890 1001 960 veroxupectabat
1027 888 1164 953 illos,
1196 887 1481 942 convocatis
1510 886 1738 956 cognatis
1771 885 1875 939 suis
1894 924 1909 949 ,
1946 894 1995 937 et
2033 899 2122 937 ne-

536 982 771 1039 cessariis
789 981 985 1037 apricis.
1013 979 1144 1037 lure
1176 996 1190 1033 :
1220 994 1395 1049 neque
1419 979 1560 1033 enim
1583 977 1783 1047 justum
1816 977 2004 1031 fuisset
2030 991 2123 1030 eo-

535 1085 728 1148 gnatos
767 1084 822 1131 et
859 1074 1060 1130 amicos
1086 1090 1193 1129 non
1233 1074 1389 1129 simul
1427 1072 1617 1128 adduci
1650 1089 1664 1126 :
1695 1070 1932 1143 alioquin
1972 1085 2122 1137 vero,

536 1166 645 1222 illic
676 1176 967 1236 prementes
992 1168 1161 1237 magis
1185 1165 1420 1221 audituri
1446 1175 1618 1221 erant.
1902 1160 1929 1181 '

548 1256 960 1329 -Eleiemasymu
1001 1258 1156 1313 uirtus
1196 1258 1517 1328 praedicatur.
1540 1287 1612 1301 -ψ-
1637 1256 1885 1321 Vidistis,
1928 1240 2124 1325 quanta

534 1350 611 1407 sit
641 1350 998 1423 eleemosyna:
1040 1351 1227 1416 virtus,
1277 1360 1331 1406 et
1374 1352 1426 1406 in
1472 1352 1632 1420 priori
1676 1360 1730 1406 et
1784 1356 1838 1404 in
1875 1350 2121 1418 praesenti

534 1452 784 1504 sermone
804 1443 832 1497 ἲ.
857 1442 948 1499 llla
978 1458 1008 1496 a
1041 1451 1382 1512 temporanea
1412 1453 1586 1497 morte
1617 1442 1879 1505 liberavit,
1914 1441 2028 1496 inec
2056 1440 2123 1494 ab

535 1543 739 1591 interna
766 1534 928 1593 :_h:ee
955 1546 1010 1590 et
1030 1534 1222 1604 januas
1246 1535 1361 1588 caeli
1388 1534 1615 1604 aperuit.
1646 1533 1796 1597 Vide,
1828 1531 2010 1603 quanti
2045 1533 2121 1586 fe-

534 1627 837 1697 ceritquod
866 1627 1051 1695 credat
1077 1625 1379 1692 Cornelius,
1418 1638 1477 1682 ut
1516 1637 1573 1684 et
1608 1627 1829 1696 angelus
1862 1624 2119 1688 mittatur,

535 1729 590 1784 et
626 1718 854 1789 Spiritus
880 1730 1154 1789 operetur,
1200 1730 1253 1775 et
1290 1721 1652 1790 apostolorum
1681 1718 1997 1789 corypluuus
2025 1714 2123 1768 ad-

514 1818 777 1879 ‘vucelur,
812 1814 1036 1884 talisque
1063 1825 1319 1884 appareat
1348 1814 1502 1880 visio,
1528 1829 1592 1869 ac
1617 1814 1747 1879 nihil
1779 1819 1920 1867 retro
1952 1810 2120 1864 relin-

534 1912 748 1972 quatur.
791 1904 931 1972 Quot
969 1915 1124 1961 erant
1170 1906 1530 1969 centuriones,
1588 1904 1813 1971 tribuni,
1854 1918 2027 1973 reges,
2069 1913 2123 1957 et

536 1998 713 2051 nullus
739 2013 922 2053 eorum
950 1998 1138 2055 eadem
1178 2008 1540 2069 consequutus
1576 2007 1679 2055 est.
1715 1998 2123 2061 Audite,omnes

534 2100 795 2161 quotquot
824 2092 879 2147 in
918 2082 1154 2149 exercitu
1191 2095 1321 2150 estis
1344 2136 1360 2161 ,
1404 2103 1664 2163 quotquot
1700 2108 1855 2162 reges
1891 2091 2118 2162 stipatis.

535 2179 669 2236 Pius
706 2193 834 2251 erat,
868 2186 1058 2255 inquit,
1100 2196 1148 2240 et
1176 2188 1354 2241 timens
1390 2184 1556 2241 Deum
1585 2201 1605 2241 :
1629 2185 1880 2255 quodque
1922 2183 2114 2250 majus.

537 2274 661 2330 talis
695 2285 813 2332 erat
838 2275 964 2331 Cum
1004 2279 1143 2332 omni
1171 2278 1322 2333 domo
1350 2262 1467 2333 sua.
1503 2277 1577 2333 Ita
1615 2287 1732 2333 erat
1771 2277 1894 2331 huic
1933 2278 2007 2332 rei
2040 2278 2119 2331 in-

535 2377 734 2435 teutus,
752 2380 818 2424 .ut
847 2354 952 2425 non
980 2371 1140 2426 modo
1162 2386 1257 2426 sua
1288 2371 1424 2426 bene
1449 2371 1803 2441 dispensaret,
1832 2370 1928 2426 sed
1958 2370 2117 2426 etiam

534 2459 588 2515 in
620 2460 813 2518 familia
843 2478 943 2520 sua
971 2465 1197 2536 idipsutn
1229 2465 1448 2521 faceret.
1473 2465 1589 2520 Non
1614 2467 1756 2520 enim
1794 2473 1850 2519 ut
1877 2477 1996 2530 nos,
2027 2464 2118 2533 qui

468 2568 476 2576 ·
533 2551 666 2610 nihil
696 2570 801 2610 non
839 2557 1066 2626 agimus,
1098 2566 1155 2611 ut
1181 2572 1278 2612 nos
1317 2557 1543 2614 ministri
1573 2557 1828 2621 timeant;
1856 2564 1913 2609 ιιι
1940 2565 2116 2610 autem

533 2644 611 2714 pii
637 2644 764 2711 sint,
792 2662 899 2703 non
930 2649 1080 2703 item.
1110 2648 1209 2704 Hie
1235 2663 1362 2705 vero
1393 2664 1499 2703 non
1543 2649 1640 2713 sic,
1685 2648 1780 2703 sed
1821 2663 1940 2702 cum
1971 2649 2118 2703 omni

533 2734 699 2792 domo
714 2751 813 2791 sua
841 2739 1005 2793 Deum
1030 2740 1251 2796 timebat
1281 2758 1295 2794 :
1329 2756 1429 2796 nec
1457 2741 1618 2795 modo
1641 2741 1791 2811 quasi
1819 2740 2119 2794 communis

534 2835 688 2893 pater
715 2838 832 2883 erat
854 2831 1094 2885 omnium
1116 2831 1205 2901 qui
1225 2847 1345 2887 eum
1378 2832 1492 2900 ipso
1513 2842 1685 2897 erant,
1716 2831 1808 2886 sed
1838 2831 2000 2887 etiam
2022 2831 2119 2885 mi-

535 2916 686 2976 litum
715 2935 956 2975 suorum.
1003 2922 1159 2987 Audi,
1208 2923 1351 2993 quid
1381 2922 1525 2977 aliud
1563 2923 1739 2977 dicant
1770 2940 1783 2976 :
1818 2923 2120 2977 necessario

534 3012 679 3065 enim
737 3012 864 3069 illud
910 3013 1123 3069 additur
1166 3032 1182 3069 :
1231 3014 1591 3070 Testimonium
1637 3015 1825 3070 habens
1869 3016 1933 3071 ab
1981 3017 2120 3071 omni

534 3112 722 3170 gente;
749 3118 817 3159 ne
853 3106 973 3175 quis
1001 3104 1206 3162 diceret
1232 3122 1245 3158 :
1273 3105 1431 3175 Quid,
1477 3107 1524 3167 si
1556 3106 1956 3165 incircumcisus
1994 3108 2119 3163 est?

537 3194 602 3248 Et
625 3193 816 3259 Judazi,
848 3195 1037 3267 inquit,
1067 3196 1418 3253 testiﬁcantur
1438 3196 1508 3254 ei.
1539 3196 1681 3270 Ergo
1703 3198 1835 3253 nihil
1862 3214 1959 3270 par
1977 3200 2121 3256 eice.

534 3301 775 3359 tnosynze
811 3290 957 3349 :imo
986 3298 1130 3345 tanta
1156 3290 1232 3346 rei
1263 3292 1343 3345 vis
1371 3300 1473 3356 est,
1505 3291 1719 3360 quando
1746 3306 1811 3347 ex
1850 3292 2119 3362 penuariis

535 3385 684 3454 puris
705 3385 1061 3455 prolunditur,
1095 3398 1152 3441 ut
1189 3403 1274 3448 ea.
1310 3402 1430 3457 quae
1459 3403 1524 3442 ex
1566 3387 1760 3457 injuste
1801 3388 1966 3452 partis
2007 3402 2121 3442 ma-

536 3487 684 3542 nant,
718 3480 909 3535 similia
939 3481 1048 3535 sint
1072 3479 1201 3535 fonti
1228 3480 1396 3535 lutum
1427 3480 1730 3545 etnittenti;
1757 3493 1876 3551 quae
1901 3495 2028 3534 vero
2053 3496 2120 3535 ex

534 3575 679 3646 juste
706 3575 891 3644 partis,
919 3574 1074 3629 alveo
1104 3575 1327 3644 limpido
1356 3583 1410 3631 et
1445 3590 1596 3643 puro.
1626 3576 1682 3629 in
1722 3574 1969 3645 paradiso
2000 3589 2119 3629 ma-

536 3665 706 3731 nanti,
738 3666 828 3735 qui
866 3666 1042 3729 suavis
1084 3666 1221 3731 visu,
1260 3670 1438 3720 suavis
1470 3676 1525 3721 et
1554 3675 1716 3732 tactu,
1746 3665 1872 3737 quid
1918 3665 2036 3720 lene
2066 3673 2120 3720 et

535 3754 785 3826 frigidum
812 3754 956 3831 dans.
980 3756 1031 3810 in
1059 3756 1302 3812 meridie.
1331 3757 1419 3813 Sic
1443 3766 1527 3813 est
1558 3765 1611 3811 et
1637 3757 1998 3829 eleemosyna.
2038 3756 2119 3831 Ad

540 3849 681 3906 hunc
707 3848 907 3906 fontem
939 3864 1044 3905 non
1085 3850 1261 3920 populi
1304 3851 1543 3913 arbores.
1574 3865 1679 3905 non
1710 3850 1840 3920 pini,
1879 3865 1987 3905 non
2028 3866 2121 3905 cu-

536 3940 731 4009 pressi,
755 3940 849 3995 sed
879 3940 1074 4011 planta:
1103 3941 1205 3995 illis
1235 3941 1388 4010 longe
1419 3942 1667 3996 meliores
1705 3949 1760 3996 et
1787 3942 2120 4011 proceriores

537 4040 663 4086 sunt
690 4047 706 4084 :
732 4046 888 4087 amor
914 4032 1029 4098 Dei,
1064 4033 1180 4089 laus
1204 4033 1501 4100 hominum,
1526 4034 1693 4105 gloria
1725 4036 1777 4089 in
1806 4035 1995 4099 Deum,
2023 4035 2119 4091 be-

539 4120 837 4177 nevolentia
886 4124 1165 4192 omnium,
1219 4134 1557 4194 peccatorum
1609 4125 1866 4194 abolitio,
1924 4126 2117 4183 fiducia

539 4214 729 4283 multa,
755 4230 919 4286 opum
939 4225 1303 4288 contemptus,
1332 4219 1691 4291 eleemosyna,
1723 4234 1818 4289 per
1843 4234 2002 4289 quam
2031 4235 2122 4275 ca-

539 4306 713 4363 ritatis
740 4308 919 4378 planta
947 4311 1199 4365 nutritur.
1227 4310 1368 4366 Nihil
1394 4312 1536 4367 enim
1561 4313 1637 4367 sic
1672 4313 1947 4368 caritatem
1971 4314 2120 4370 alere

539 4396 698 4464 solet,
729 4408 789 4454 ut
809 4400 854 4454 si
880 4400 999 4471 quis
1027 4402 1332 4458 misericors
1378 4402 1555 4459 fuerit.
1597 4403 1723 4460 llaec
1751 4419 1930 4460 ramos
1960 4406 2012 4461 in
2039 4406 2120 4461 al-

540 4497 652 4544 tum
683 4489 841 4561 erigit
867 4508 882 4544 :
912 4490 1000 4548 hic
1029 4493 1218 4548 melior
1246 4493 1367 4549 fons
1401 4503 1489 4550 est
1515 4495 1626 4557 illo,
1658 4496 1745 4565 qui
1791 4497 1843 4551 in
1872 4496 2121 4568 paradiso

540 4592 679 4651 erat,
710 4599 817 4640 non
861 4585 915 4641 in
953 4596 1186 4657 quatuor
1220 4589 1394 4657 capita
1424 4587 1646 4652 divisus.
1687 4589 1783 4644 sed
1820 4590 1887 4645 ad
1930 4591 2119 4645 catlum

538 4673 713 4745 ipsum
742 4676 1093 4748 pertingens:
1128 4677 1212 4733 hic
1238 4679 1376 4749 parit
1401 4678 1619 4734 ﬂuvium
1659 4680 1804 4734 illum
1841 4681 2118 4737 salientem

543 4766 600 4821 in
624 4766 785 4822 vitam
810 4776 1065 4825 zetermm
1088 4769 1270 4837 (locis.
1298 4771 1352 4825 4.
1382 4772 1477 4841 14)
1503 4789 1516 4825 :
1551 4772 1603 4825 in
1645 4771 1784 4831 hunc
1813 4787 1960 4828 mors
1988 4774 2122 4829 inci-

537 4857 693 4922 dens,
716 4859 867 4930 quasi
893 4859 1122 4917 suptilia
1147 4862 1445 4917 absumitur
1467 4880 1497 4917 a
1524 4864 1667 4919 fonte
1695 4881 1708 4916 :
1740 4864 1875 4920 adeo
1896 4864 1983 4920 hic
2006 4866 2122 4920 ubi-

538 4964 769 5021 cumque
804 4951 991 5018 stillet,
1032 4968 1221 5024 magna
1272 4964 1524 5023 epes-stur
1567 4955 1725 5011 bona.
1748 4956 1857 5040 .llie
1900 4956 2117 5014 ﬂuviqu

541 5036 681 5109 ignis
699 5042 850 5111 quasi
863 5043 1148 5099 scintillam
1168 5045 1460 5116 exstinguit
1481 5063 1497 5101 :
1521 5047 1609 5101 hic
1624 5036 1859 5102 vermem
1877 5049 2022 5103 illum
2048 5050 2119 5105 ita

504 5166 505 5169 η
543 5129 772 5187 suffocat
794 5134 947 5203 quasi
976 5134 1225 5190 nihilum.
1247 5137 1346 5206 Qui
1376 5136 1519 5193 hunc
1532 5137 1714 5204 habet,
1744 5154 1852 5194 non
1870 5140 2121 5196 dentibus

539 5220 749 5278 stridet.
777 5223 858 5279 Ex
880 5239 1014 5296 aqua
1039 5226 1141 5282 ista
1168 5228 1213 5282 si
1243 5244 1346 5299 qua
1374 5229 1516 5285 stilla
1541 5230 1786 5287 inciderit
1814 5232 1866 5287 in
1886 5233 2114 5299 vincula,

541 5314 738 5372 scindit
754 5316 841 5372 illa
860 5334 875 5371 :
895 5319 944 5374 si
972 5318 1027 5374 in
1053 5319 1296 5377 loruaces
1314 5322 1577 5391 inciderit,
1603 5339 1791 5381 omnes
1808 5327 2115 5397 exstinguit.

612 5410 665 5465 ι.
706 5409 856 5465 Sicut
884 5410 977 5467 ille
1003 5410 1122 5467 fons
1147 5414 1397 5483 paradisi,
1429 5432 1534 5471 non
1558 5417 1717 5474 modo
1740 5417 1935 5473 ﬂuenta
1959 5420 2117 5474 emit-

542 5501 626 5566 tit,
650 5499 816 5556 modo
840 5500 1074 5557 siccatur
1101 5502 1372 5575 (alioquin
1389 5506 1498 5575 jam
1526 5507 1644 5564 fons
1670 5523 1775 5564 non
1794 5507 1989 5581 esset),
2019 5511 2114 5566 sed

541 5607 758 5661 semper
799 5594 1024 5651 scaturit
1053 5611 1067 5648 :
1101 5594 1172 5648 ita
1200 5605 1255 5649 et
1284 5594 1404 5650 fons
1443 5606 1625 5653 noster
1660 5614 1875 5671 semper
1919 5601 2115 5672 largius

542 5681 739 5739 ﬂuenta
782 5683 1021 5740 ell’undat
1061 5683 1128 5740 ad
1162 5699 1258 5740 eos
1288 5686 1553 5750 maxime,
1609 5688 1701 5758 qui
1746 5690 2111 5746 misericordia

536 5785 749 5844 egeant,
781 5784 837 5831 ut
864 5774 984 5832 fons
1011 5786 1242 5832 maneat.
1272 5775 1385 5833 Hoc
1406 5777 1629 5834 hilarem
1653 5778 1831 5836 reddit
1847 5797 1991 5847 eum,
2022 5784 2114 5854 qui

539 5866 733 5941 accipit
757 5883 773 5923 :
800 5868 902 5926 hoc
935 5869 1275 5942 eleemosyna
1300 5879 1416 5938 est,
1465 5871 1509 5927 si
1548 5886 1659 5929 non
1682 5872 1841 5930 modo
1867 5875 2110 5946 rapidum

1276 400 1340 456 .s.
1374 397 1656 481 AJOANNIS
1681 360 2119 454 crinvsos'rou

2225 372 2524 454 manu.
2559 382 3090 460 CONSTANTINOP.
3670 424 3748 483 in;
3826 456 3831 459 ι

2236 516 2493 583 ﬂuentum
2526 520 2752 587 emittat,
2785 504 2877 576 sed
2902 522 3059 577 etiam
3085 508 3495 603 perpetuu‘m.‘Si
3523 514 3610 600 vis,
3632 524 3751 607 quasi

2233 623 2297 675 ex
2341 610 2572 665 fontibus
2613 612 2703 667 tibi
2735 614 2828 669 Dei
2866 615 3291 691 misericordiam
3338 618 3612 693 impluere,
3639 642 3683 684 et
3709 645 3753 688 tu

2232 701 2433 757 fontem
2479 702 2695 760 habeto.
2726 706 2866 761 Nihil
2912 707 2987 761 illi
3018 723 3113 777 par
3149 718 3254 765 est.
3284 710 3339 765 Si
3370 719 3422 765 ιιι
3456 711 3601 770 fontis
3633 719 3758 792 hujus

2231 807 2323 848 ora
2355 797 2654 866 aperueris,
2691 798 2850 853 fontis
2878 800 2971 854 Dei
3002 801 3125 854 talia
3155 810 3316 887 erunt
3343 819 3453 872 ora,
3476 818 3528 861 ut
3546 812 3756 883 abyssum

2230 902 2445 943 omnem
2478 900 2751 959 superent.
2795 891 3139 949 Occasionem
3168 896 3338 950 solum
3380 903 3609 969 quaerita
3636 913 3760 967 nobis

2230 980 2474 1049 accipere
2516 982 2676 1063 Deus,
2705 993 2760 1039 et
2791 986 3064 1055 profundit
3095 988 3231 1043 bona
3280 1006 3343 1045 ex
3376 998 3625 1061 peuuariis
3650 1005 3757 1059 suis.

2229 1069 2360 1124 (lum
2395 1073 2629 1138 insumit,
2685 1091 2805 1131 cum
2847 1077 3126 1146 impendit,
3162 1090 3285 1135 tunc
3331 1082 3479 1147 dives
3519 1100 3626 1151 est,
3665 1102 3765 1150 ωηο

2229 1162 2543 1231 opulentus.
2555 1164 2798 1237 Magnum
2822 1180 2981 1223 estus
3005 1169 3166 1225 fontis
3194 1173 3334 1228 illius
3358 1192 3369 1226 :
3392 1190 3572 1244 purum
3598 1182 3756 1238 etlim-

2229 1251 2410 1321 pidum
2434 1255 2555 1322 ejus
2583 1252 2862 1312 ﬂuentum.
2893 1258 2947 1314 Si
2988 1260 3132 1315 hunc
3169 1278 3274 1317 non
3318 1263 3577 1341 obstruas,
3621 1286 3769 1344 neque

2229 1343 2376 1409 illum
2403 1343 2668 1417 obstrues.
2705 1347 2859 1421 Nulla
2893 1350 3213 1405 infructuosa
3238 1353 3387 1421 juxta
3422 1356 3559 1411 illum
3585 1370 3676 1416 stet
3694 1380 3766 1419 ar-

2229 1436 2348 1505 bor,
2377 1455 2444 1495 ne
2473 1439 2752 1497 humorem
2780 1443 2923 1496 illum
2955 1444 3219 1499 absumat.
3252 1445 3428 1521 [labes
3460 1428 3687 1507 divitias?
3711 1457 3772 1512 Ne

2228 1529 2434 1600 plantes
2482 1532 2590 1588 illic
2637 1534 2828 1588 salices
2862 1536 3020 1596 ;talis
3063 1547 3145 1590 est
3191 1539 3333 1613 enim
3374 1531 3493 1608 ejus
3517 1544 3768 1615 voluptas:

2227 1623 2393 1678 multa
2418 1624 2666 1693 insumit,
2698 1636 2752 1681 et
2778 1616 2909 1681 nihil
2954 1628 3007 1682 in
3039 1644 3098 1684 se
3122 1630 3392 1699 ostendit,
3441 1633 3533 1687 sed
3575 1635 3774 1696 fructum

2230 1715 2421 1784 perdit.
2444 1716 2521 1770 Ne
2541 1717 2749 1788 plantes
2769 1718 3004 1783 salicem,
3032 1737 3099 1775 ne
3123 1721 3324 1790 pinum,
3354 1738 3451 1778 nec
3473 1726 3592 1794 quid
3609 1729 3772 1797 simile,

2226 1810 2366 1879 quod
2397 1821 2676 1867 consumat
2709 1823 2762 1867 et
2790 1812 2977 1873 inutile
3012 1815 3081 1887 sit
3110 1833 3123 1868 :
3157 1815 3274 1885 talis
3300 1816 3443 1871 enim
3472 1829 3555 1872 est
3579 1823 3778 1878 vestium

2225 1903 2501 1971 voluptas;
2533 1904 2649 1959 visu
2677 1904 2919 1975 pulchrae
2942 1915 3083 1977 sunt,
3115 1906 3208 1980 sed
3237 1906 3301 1977 ad
3334 1907 3467 1963 nihil
3499 1888 3669 1966 utiles.
3695 1913 3778 1969 lm-

2225 1995 2312 2064 ple
2335 1995 2608 2073 surculis:
2640 1997 2818 2067 omnia
2856 1982 3128 2070 fructifera
3152 1999 3361 2073 plantes
3388 2000 3444 2055 in
3466 2017 3649 2058 manus
3677 2022 3781 2074 pau-

2224 2100 2412 2156 perum
2435 2102 2784 2158 quaecumque
2800 2089 3052 2159 volueris.
3077 2089 3216 2145 Nihil
3242 2091 3339 2146 hac
3363 2102 3505 2148 terra
3532 2096 3779 2167 pinguius;

2224 2182 2475 2250 quamvis
2499 2196 2660 2250 parva
2692 2182 2759 2236 sit
2807 2199 2997 2237 manus
3042 2187 3332 2255 eapaeitas,
3381 2197 3619 2245 attamen
3648 2195 3785 2249 arbor

2227 2271 2313 2326 illa
2339 2272 2569 2341 plantata
2597 2273 2663 2326 ad
2697 2288 2864 2344 usque
2892 2275 3079 2329 etulum
3113 2278 3398 2351 pertingit,
3432 2291 3485 2351 et
3517 2282 3661 2337 firma
3681 2295 3784 2337 stat.

2225 2362 2338 2419 Hoc
2368 2373 2451 2419 est
2480 2380 2606 2420 vere
2632 2366 2894 2435 plantare.
2922 2367 3054 2422 Nam
3082 2356 3303 2443 quodin
3347 2380 3493 2444 terra
3520 2375 3785 2445 plantatur,

2222 2456 2266 2509 si
2294 2472 2401 2512 non
2420 2472 2584 2523 nunc,
2616 2468 2736 2528 post
2763 2469 2979 2514 centum
3006 2474 3178 2515 annos
3209 2463 3425 2531 peribit.
3447 2464 3556 2519 Cur
3595 2467 3792 2525 arbores

2223 2548 2451 2621 plantas,
2482 2551 2677 2619 quibus
2707 2565 2813 2605 non
2853 2551 3082 2616 frueris;
3131 2553 3224 2608 sed
3271 2564 3565 2627 antequam
3597 2557 3790 2625 fruaris,

2222 2659 2368 2697 mors
2396 2645 2652 2699 invadens
2682 2654 2733 2701 te
2762 2646 3026 2716 abripiet?
3057 2647 3183 2702 Hinc
3206 2650 3392 2715 arbor,
3425 2666 3553 2705 eum
3579 2663 3795 2707 mortuus

2221 2733 2407 2804 fueris,
2437 2746 2562 2790 tunc
2589 2736 2681 2791 tibi
2708 2736 2937 2792 fructum
2976 2738 3142 2794 dabit.
3178 2739 3233 2794 Si
3264 2741 3479 2809 plantes
3502 2784 3517 2808 ,
3548 2760 3616 2798 ne
3639 2745 3690 2798 in
3715 2760 3793 2815 ga-

2222 2827 2537 2898 SIritnargia:
2583 2839 2770 2884 ventre
2818 2830 3061 2900 plantes,
3108 2846 3175 2885 ne
3200 2831 3253 2885 in
3285 2818 3570 2887 secessum
3619 2834 3799 2889 fructus

2221 2929 2407 2985 exeat;
2448 2919 2540 2974 sed
2573 2919 2751 2988 planta
2798 2921 2851 2974 in
2894 2919 3094 2977 afﬂicto
3138 2933 3348 2995 ventre,
3403 2934 3465 2978 ut
3508 2924 3709 2979 fruetus
3744 2928 3796 2980 ad

2222 3012 2412 3066 cmlum
2435 3012 2644 3066 exsiliat
2677 3032 2692 3068 :
2738 3028 2923 3081 recrea
2949 3015 3180 3070 animam
3209 3018 3471 3087 pauperis
3498 3018 3552 3072 in
3584 3022 3802 3091 angustia

2221 3103 2508 3169 versantia,
2540 3112 2595 3157 ut
2636 3120 2704 3158 ne
2735 3104 2895 3159 latam
2924 3115 3065 3162 tuam
3098 3108 3236 3161 viam
3267 3120 3476 3164 arctes.
3512 3110 3631 3166 Non
3654 3112 3799 3179 vides,

2221 3197 2491 3266 quomodo
2517 3198 2760 3264 arbores,
2790 3216 2909 3270 quae
2936 3203 3054 3257 sine
3084 3217 3335 3257 mensura
3368 3207 3659 3275 rigantur,
3685 3222 3715 3263 a
3738 3224 3807 3262 ra-

2223 3290 2344 3344 dice
2379 3299 2831 3360 corrumpantur;
2860 3308 2980 3362 qua:
3009 3278 3185 3349 autem
3212 3311 3335 3349 cum
3371 3312 3636 3351 mensum
3663 3340 3677 3363 ,
3705 3315 3805 3353 cre-

2222 3384 2412 3438 SCant?
2442 3384 2513 3437 Ita
2542 3395 2596 3439 et
2624 3395 2677 3438 tu
2709 3400 2776 3440 ne
2802 3396 3044 3441 ventrem
3068 3396 3214 3442 tuum
3249 3399 3379 3457 potu
3414 3390 3737 3460 ingurgites,
3758 3406 3812 3443 ne

2224 3475 2717 3543 putrescatarboris
2739 3475 2887 3530 radix
2914 3490 2927 3527 :
2952 3488 3130 3546 potum
3162 3478 3227 3532 da
3251 3466 3492 3543 sitienti,
3524 3494 3581 3535 ut
3603 3482 3810 3535 fructum

2223 3565 2378 3620 ferat.
2410 3566 2539 3635 Qua:
2566 3566 2840 3622 moderate
2868 3579 3049 3637 potum
3080 3571 3375 3639 accipiunt,
3407 3589 3524 3627 nun
3554 3574 3817 3643 pulrefacil

2222 3658 2329 3722 sol,
2348 3658 2440 3713 sed
2472 3672 2592 3726 qua:
2615 3658 2969 3715 immoderate
3000 3660 3017 3691 ¹
3048 3676 3061 3712 :
3089 3661 3205 3715 talis
3231 3663 3446 3733 quippe
3475 3674 3565 3718 est
3586 3666 3711 3718 solis
3740 3682 3817 3717 ua-

2223 3760 2362 3806 tura.
2400 3751 2606 3821 Ubique
2635 3752 2774 3807 mala
2818 3762 2903 3808 est
2943 3754 3317 3810 immoderatio
3345 3775 3362 3812 :
3394 3757 3645 3827 ideoque
3693 3760 3819 3813 illam

2223 3841 2619 3906 exscindamus,
2654 3853 2709 3898 ut
2734 3859 2851 3913 qua:
2874 3845 3104 3914 petimus
3132 3860 3531 3917 assequamur.
3559 3850 3617 3903 lu
3646 3849 3821 3903 altissi-

2222 3937 2327 3991 mis
2368 3937 2500 3992 locis
2528 3938 2778 3993 dicuntur
2816 3939 2990 3993 fontes
3030 3940 3182 3994 oriri.
3224 3941 3375 4013 Ergo
3408 3944 3595 3997 simus
3642 3930 3697 4000 et
3742 3957 3823 3997 nos

2222 4031 2405 4085 animo
2428 4031 2708 4095 sublimes,
2739 4041 2794 4086 et
2820 4031 3162 4104 eleemosyna
3188 4033 3298 4089 cito
3325 4035 3618 4090 manabit.
3664 4035 3822 4103 Neque

2222 4124 2366 4179 enim
2391 4130 2568 4194 potest
2585 4125 2832 4180 sublimis
2870 4125 3046 4180 anima
3079 4142 3184 4182 non
3214 4127 3577 4191 misericors,
3610 4139 3666 4184 et
3694 4128 3825 4182 mise-

2224 4213 2396 4270 ricors
2423 4230 2531 4269 non
2558 4216 2804 4271 sublimis
2824 4232 2967 4273 esse.
2996 4216 3099 4285 Qui
3124 4233 3255 4288 ergo
3283 4222 3574 4289 pecunias
3595 4219 3823 4289 despicit.

2224 4305 2406 4361 radice
2431 4306 2696 4363 malorum
2722 4308 2967 4378 superior
2992 4317 3095 4366 est.
3116 4308 3319 4365 Fontes
3354 4310 3416 4365 in
3449 4312 3701 4368 desertis
3726 4320 3828 4366 sunt

2224 4411 2285 4455 ut
2310 4400 2595 4471 plurimum
2626 4418 2640 4457 :
2670 4410 2726 4456 et
2752 4417 2851 4457 nos
2874 4402 3106 4458 animam
3136 4418 3204 4459 ex
3230 4405 3489 4461 tumultu
3530 4406 3827 4467 educamus,

2224 4500 2279 4546 et
2305 4490 2446 4561 apud
2497 4507 2594 4547 nos
2644 4494 2902 4548 scaturiet
2950 4494 3331 4571 eleemosyna.
3378 4495 3610 4554 Fontes
3656 4505 3833 4567 quanto

2225 4585 2394 4651 magis
2420 4592 2731 4652 purgantur,
2770 4591 2918 4639 tanto
2948 4583 3220 4641 uberiores
3241 4595 3380 4641 sunt
3409 4604 3425 4640 :
3463 4588 3544 4642 ita
3578 4604 3682 4643 nos
3720 4600 3835 4656 quo-

2223 4690 2347 4745 que,
2371 4690 2477 4745 quo
2502 4675 2672 4745 magis
2689 4675 3040 4743 insumemus,
3062 4685 3118 4731 et
3133 4677 3303 4749 magis
3333 4678 3499 4735 bona
3529 4680 3834 4737 scaturient.

2224 4763 2323 4832 Qui
2352 4763 2551 4818 fontem
2592 4765 2769 4830 habet,
2803 4780 2908 4820 non
2942 4766 3133 4821 timet:
3165 4767 3210 4822 si
3237 4782 3385 4834 ergo
3420 4782 3482 4826 et
3519 4787 3630 4828 nos
3656 4772 3838 4826 {etatem

2226 4855 2516 4911 habeamus
2545 4856 2967 4927 eleetnosynam,
2992 4872 3097 4913 non
3123 4863 3485 4917 timebimus.
3524 4862 3633 4919 llic
3660 4863 3840 4934 quippe

2224 4944 2346 5002 fons
2366 4946 2433 5002 ad
2457 4956 2662 5017 potum,
2694 4947 2762 5001 ad
2790 4948 3173 5016 irrigationem,
3206 4949 3273 5005 ad
3318 4952 3612 5020 aedilicia,
3642 4954 3713 5009 ad
3739 4967 3843 5008 om-

2225 5041 2313 5096 nia
2358 5040 2513 5095 nobis
2557 5040 2706 5095 utilis
2753 5050 2856 5096 est.
2887 5041 3033 5097 Nihil
3078 5041 3183 5099 hoc
3214 5052 3350 5112 potu
3388 5048 3611 5103 melius
3643 5062 3660 5101 :
3693 5044 3847 5109 nescit

2222 5131 2312 5190 hic
2342 5132 2463 5188 fons
2488 5132 2805 5189 ebrietatem
2832 5132 3128 5189 inducere:
3162 5134 3370 5191 melius
3415 5148 3513 5194 est
3548 5140 3723 5195 talem
3768 5138 3850 5191 ha-

2223 5224 2351 5279 bere
2377 5222 2601 5290 fontem,
2629 5238 2790 5294 quam
2818 5224 2936 5279 auri
2962 5223 3138 5281 fontes
3161 5226 3467 5284 emittere.
3501 5228 3676 5285 Omni
3709 5228 3847 5284 auri-

2221 5316 2334 5371 fera
2388 5326 2529 5371 terra
2574 5317 2766 5373 melior
2802 5323 2885 5371 est
2931 5316 3131 5382 anima,
3179 5332 3302 5388 qua:
3366 5319 3716 5389 hujus'lnodi
3767 5322 3855 5375 fert

2221 5421 2432 5462 aurum.
2454 5407 2570 5462 Non
2601 5406 2744 5463 enim
2776 5406 2829 5461 in
2861 5406 2999 5462 hane
3025 5408 3224 5477 regiam
3250 5449 3266 5473 ,
3299 5410 3414 5464 sed
3456 5411 3518 5465 in
3565 5426 3853 5482 supernam

2223 5499 2499 5553 nobiseum
2531 5497 2795 5554 concedit.
2827 5496 2940 5552 Hoc
2960 5512 3146 5553 aurum
3175 5511 3607 5558 ornamentum
3638 5513 3729 5559 est
3761 5504 3856 5557 Ec-

2220 5589 2400 5645 clesia:
2430 5589 2519 5643 Dei
2551 5605 2652 5644 :ex
2698 5588 2800 5643 hoc
2846 5604 2980 5644 auro
3026 5588 3251 5646 efficitur
3306 5592 3559 5660 gladius
3608 5594 3857 5665 Spiritus,

2219 5680 2426 5754 gladius
2447 5695 2541 5752 per
2564 5696 2723 5751 quem
2749 5679 2913 5735 draco
2934 5679 3250 5735 dissecatur.
3278 5678 3377 5737 Ex
3420 5684 3542 5742 hoc
3572 5687 3733 5743 fonte
3754 5699 3863 5756 pro-

2281 5818 2300 5850 ι
2335 5817 2500 5883 codex
2525 5829 2657 5883 unus
2680 5814 2828 5865 habet
2848 5813 2938 5883 :_si
2980 5821 3143 5883 potum
3171 5814 3454 5883 moderate
3487 5818 3747 5883 ualetis.
3779 5829 3865 5869 non

2217 5879 2470 5945 putremcit
2492 5879 2560 5931 sol
2572 5890 2592 5943 ;
2614 5878 2657 5930 si
2678 5884 2837 5928 autem
2860 5877 3190 5940 immoderate,
3213 5879 3543 5942 putreﬁat.
