4076 6354
195 289 279 344 ns
1179 283 1248 338 IN
1288 266 1470 338 Aen
1513 273 1798 336 APOSTOI

1904 277 2046 337 ιυΜ.
2082 282 2320 344 HOMIL.
2385 287 2551 342 XXII.

181 383 597 471 ἀποπέμπεται
631 417 702 456 σε
738 403 824 468 εις
870 400 978 455 τὸν
1022 397 1190 454 οἷκον
1227 400 1450 464 αὐτοῦς
1490 397 1797 452 Ὅτιτοῦτο

179 495 330 554 αὐτοῖς
353 489 628 543 ἐκέλευσε.
662 489 814 559 Τάχα
836 489 893 542 δὲ
931 488 1025 542 καὶ
1071 488 1146 551 ὡς
1193 487 1612 558 ἀπολογούμενοι
1658 485 1798 556 ὑπὲρ

178 580 310 636 αὐτοῦ
350 573 630 648 μονονουχὶ
677 576 930 646 λέγουσι·
963 576 1144 646 Μηδὲν
1196 575 1480 645 καταγνῷς
1520 590 1533 604 ·
1568 572 1665 643 οὐχ
1717 572 1792 637 ὡς

178 666 491 738 καταφρονῶν
553 665 834 736 ἐπεμψεν,
892 663 1007 718 ἀλλ’
1057 663 1350 733 ἐκελεύσθη
1410 662 1601 725 οὕτως.
1640 662 1701 714 '0
1732 660 1800 713 δὲ

177 754 465 826 Κορνήλιος
493 749 576 824 ἦν
605 742 956 823 προσδοκῶν
979 752 1199 818 αὐτοὺς
1221 795 1234 819 ,
1265 751 1397 822 φησί¹
1418 791 1432 816 ,
1466 751 1801 818 προσκαλε-

176 846 395 912 σάμενος
421 842 563 907 τοὺς
581 842 895 912 συγγενεῖς
914 841 1120 906 αὑτοῦ,
1146 842 1245 894 καὶ
1276 840 1417 905 τοὺς
1435 838 1801 909 ἀναγκαίους

175 928 373 1001 φίλους.
391 929 638 993 Εἰκότως
661 942 688 970 α
715 946 729 959 ·
750 929 811 982 οὐ
832 930 941 1000 γάρ
957 929 1162 982 δίκαιον
1177 924 1244 999 ἦν
1257 928 1493 989 καὶτοὺς
1521 929 1800 994 συγγενεῖς

175 1021 247 1071 καὶ
279 1017 394 1080 τούς
423 1017 618 1086 φίλους
655 1017 732 1088 μὴ
762 1016 1192 1084 συνεπάγεσθαι·
1231 1015 1406 1077 ἄλλως
1450 1013 1508 1066 δὲ
1547 1009 1638 1067 καὶ
1687 1015 1801 1066 ἐκεῖ

174 1109 401 1180 παρόντες
432 1106 643 1178 μᾶλλον
676 1105 840 1159 αὑτοῦ
876 1107 1115 1177 ἥκουσαν
1144 1105 1228 1158 ἀν.

225 1196 407 1257 Είδετε,
459 1193 605 1265 πόση
657 1196 758 1264 τῆς
811 1193 1180 1265 ἐλεημοσύνης
1227 1196 1260 1266 ἡ
1309 1193 1577 1264 δύναμις,
1612 1196 1703 1248 καὶ
1741 1198 1799 1250 ὲν

175 1289 222 1357 τῇ
266 1284 496 1356 προτέρᾳ
540 1282 779 1348 διαλέξει
841 1283 935 1338 καὶ
992 1283 1256 1350 ἐνταῦθα;
1307 1284 1515 1354 Ἐκείνη
1568 1283 1796 1338 θανάτου

176 1371 406 1444 ἀπήλλαξε
457 1371 554 1425 τοῦ
612 1372 969 1448 προσκαίρου,
1013 1371 1151 1443 αὕτη
1208 1371 1301 1425 τοῦ
1343 1372 1560 1426 αἰωνίου
1593 1390 1607 1405 ·
1659 1373 1796 1444 αὕτη

175 1462 244 1515 καί
281 1459 443 1531 θύρας
489 1459 729 1530 ἀνέῳξεν
770 1459 1023 1531 οὐρανοῦ.
1057 1461 1197 1532 Ὅρα
1234 1461 1312 1524 δέ,
1346 1459 1461 1524 πῶς
1499 1461 1627 1531 περὶ
1665 1461 1796 1514 πολ-

176 1549 245 1601 λοῦ
279 1547 563 1617 γεγένηται
609 1546 671 1601 τὸ
709 1547 995 1601 πιστεῦσαι
1038 1548 1366 1619 Κορνήλιον,
1398 1549 1474 1611 ὡς
1506 1549 1598 1601 καὶ
1632 1549 1800 1617 ἄγγε-

176 1638 242 1689 λον
294 1633 652 1705 πεμφθῆναι,
713 1636 805 1688 καὶ
859 1633 1081 1706 Πνεῦμα
1155 1636 1488 1706 ἐνεργῆσαι,
1551 1636 1643 1689 καὶ
1706 1623 1798 1689 τδν

179 1724 430 1795 κορυφαῖον
473 1722 936 1794 μεταπεμφθῆναι
987 1723 1096 1775 τῶν
1143 1723 1472 1788 ἀποστόλων,
1530 1724 1625 1776 καὶ
1677 1723 1798 1793 ὄψιν

179 1813 366 1881 φανῆναι
400 1809 690 1881 τοιαύτην,
727 1809 820 1864 καὶ
856 1810 1021 1881 μηδὲν
1051 1809 1187 1874 ὅλως
1216 1809 1580 1879 ὲλλειφθῆναι.
1637 1810 1797 1863 Πόσοι

179 1894 283 1969 ἦσαν
325 1899 751 1970 ἑκατόνταρχοι,
802 1897 895 1950 καὶ
943 1897 1212 1968 χιλίαρχοι
1239 1938 1254 1963 ,
1295 1899 1386 1950 καὶ
1418 1897 1674 1967 βασιλεῖς,
1703 1898 1799 1951 καὶ

179 1988 312 2050 000:1;
352 1990 558 2040 τούτων
602 1987 868 2055 ἐπέτυχεν
913 1980 987 2038 ὧν
1021 1982 1201 2051 οὐτοςς
1244 1984 1536 2038 Ἀκούσατε
1575 1986 1794 2051 πάντες.

180 2075 265 2126 ὅσοι
286 2074 337 2126 ἐν
365 2072 682 2144 στρατείαις
731 2073 873 2135 ἐστὲ,
914 2073 1027 2125 ὅσοι
1073 2070 1350 2142 βασιλεῦσι
1395 2073 1796 2143 παρεστήκατε.

174 2159 400 2227 Εὐσεϐὴς
438 2157 538 2231 ἦν,
571 2158 730 2233 φησὶ,
757 2161 852 2213 καί
875 2162 1244 2229 φοϐούμενος
1267 2159 1373 2213 τὸν
1403 2160 1549 2212 Θεόν
1574 2177 1588 2191 ·
1617 2161 1711 2213 καὶ
1739 2159 1800 2214 τὸ

181 2247 346 2316 μεῖξον,
370 2248 448 2301 ὅτι
476 2248 726 2310 τοιοῦτος
744 2244 811 2319 ἦν
838 2247 998 2301 Μετὰ
1018 2247 1244 2315 παντὸς
1261 2247 1368 2302 τοῦ
1393 2248 1563 2304 οἴκου
1590 2248 1795 2305 αὑτοῦ.

180 2336 328 2399 Οὐτως
364 2333 429 2405 ἦν
456 2335 974 2408 συγκεκροτημένος
1019 2337 1154 2407 πρὸς
1195 2337 1352 2390 τοῦτο
1387 2338 1482 2391 καὶ
1521 2338 1799 2408 διακείμε-

179 2440 276 2488 νος,
309 2424 376 2488 ὡς
410 2424 483 2496 μὴ
533 2426 701 2496 μόνον
749 2421 807 2479 εῦ
863 2425 1106 2480 τίθεσθαι
1160 2425 1228 2479 τὰ
1276 2428 1470 2493 οἰκεῖα,
1519 2427 1655 2480 ἀλλά
1704 2427 1799 2480 καὶ¹

182 2515 251 2565 ἐπὶ
296 2516 384 2584 τῆς
432 2516 708 2579 οἰκετείας
761 2516 822 2568 τὸ
875 2516 1007 2569 αὐτὸ
1056 2515 1213 2569 τοῦτο
1248 2519 1439 2570 ποιεῖν.
1473 2518 1546 2570 Οὐ
1581 2517 1689 2586 γὰρ
1724 2517 1800 2580 ὡς

182 2603 322 2672 ἡμεῖς,
345 2605 414 2667 οἳ,
444 2606 598 2668 ὅπως
625 2605 722 2675 μὲν
748 2607 876 2676 ἡμῖν
909 2605 1129 2676 φοϐεροὶ
1152 2606 1202 2659 οί
1228 2604 1621 2675 ὑπηρετοῦντες
1647 2605 1798 2657 ἔσον-

183 2707 262 2752 ται,
291 2694 453 2746 πάντα
479 2692 747 2764 ποιοῦμεν
775 2734 792 2759 ,
823 2694 970 2756 ὅπως
1001 2693 1057 2746 δὲ
1089 2693 1334 2757 εὐλαϐεῖς
1355 2732 1368 2757 ,
1400 2695 1603 2749 οὐκέτι.
1659 2693 1797 2746 Ἀλλ’

183 2772 300 2842 οὗτος
333 2781 422 2850 οὐχ
472 2781 674 2845 οὓτως,
727 2781 863 2835 ἀλλά
903 2782 1040 2852 μετά
1092 2783 1191 2852 τῆς
1226 2783 1402 2847 οίκίας
1459 2784 1675 2855 ἀπάσης
1707 2786 1799 2840 τὸν

185 2865 284 2918 Θεὸν
305 2869 560 2935 ἐφοϐεῖτο,
587 2869 651 2921 οὐ
686 2869 845 2939 μόνον
872 2869 900 2910 h
938 2869 1126 2942 ὥσπερ
1157 2871 1333 2934 κοινὸς
1375 2871 1556 2944 πατὴρ
1582 2873 1800 2927 πάντων

184 2953 264 3005 τῶν
286 2956 390 3024 μετ’
413 2956 582 3010 αὐτοῦ
616 2957 712 3022 ὣν,
749 2956 882 3011 ἀλλά
923 2959 1018 3012 καὶ
1049 2957 1157 3010 τῶν
1187 2959 1279 3011 ὑπ’
1314 2959 1476 3012 αὐτὸν
1536 2976 1801 3030 στρατιω-

185 3041 282 3096 τῶν.
309 3046 494 3099 Ἀκουε
547 3045 610 3099 δέ
641 3046 735 3099 καὶ
758 3045 812 3099 τί
867 3063 1032 3115 φασιν
1082 3047 1287 3118 ἓτερον·
1330 3048 1642 3116 ἀναγκαίως
1689 3047 1798 3120 γάρ

187 3131 511 3199 προστέθειται
525 3134 616 3198 τὸ,
636 3135 1126 3204 Μαρτυρούμενος
1139 3135 1255 3188 ὑπὸ
1281 3135 1428 3188 ὅλου
1445 3135 1549 3189 τοῦ
1561 3134 1794 3202 ἔθνους·

188 3219 249 3270 ἵνα
275 3219 406 3294 [182]
443 3223 637 3293 μηδεὶς
656 3224 806 3295 είπῃ·
857 3222 921 3276 Τί
950 3223 1078 3293 γὰρ,
1111 3225 1158 3276 εί
1189 3223 1522 3294 ἀκρόϐυστος
1540 3220 1642 3298 ἦν;
1688 3225 1799 3280 Καὶ

186 3308 360 3376 ἐκεῖνοι,
385 3313 538 3382 φησὶ,
577 3305 946 3383 μαρτυροῦσιν
993 3311 1160 3381 αὐτῷ.
1191 3313 1334 3382 1Ἀρα
1371 3313 1523 3367 οὐδὲν
1569 3314 1798 3385 ἐλεημο-

187 3394 314 3466 σύνης
340 3399 464 3454 ἴσον·
496 3399 705 3470 μᾶλλον
738 3399 794 3453 δὲ
819 3399 959 3453 οὕτω
1005 3400 1212 3472 μεγάλη
1258 3399 1348 3454 τοῦ
1397 3401 1718 3472 πράγματος
1764 3404 1798 3474 ή

191 3482 324 3552 ἰσχὺς,
347 3485 466 3540 ὅταν
491 3489 560 3540 ἐκ
592 3486 848 3558 καθαρῶν
878 3488 1174 3560 προχέηται
1214 3489 1478 3559 ταμείων,
1529 3489 1604 3554 ὡς
1641 3491 1708 3545 τά
1735 3508 1798 3560 γε

187 3572 481 3643 τρλχεόμενα
527 3575 593 3638 ἐξ
619 3573 819 3628 ἀδίκων
870 3575 1128 3647 βόρϐορον
1175 3575 1350 3629 ἔοικεν
1374 3577 1592 3648 ἀφιείσῃ
1624 3583 1795 3651 πηγῇ·

187 3658 234 3708 τὰ
259 3659 305 3711 δὲ
327 3663 384 3714 ἐκ
409 3663 638 3717 δικαίων
663 3662 887 3734 κερδῶν,
920 3663 1168 3734 καθάπερ
1219 3667 1368 3736 νᾶμα
1399 3667 1591 3729 διειδές
1616 3684 1675 3720 τε
1705 3669 1800 3722 καὶ

189 3745 384 3818 καθαρὸν
418 3751 473 3804 ἐν
499 3751 847 3823 παραδείσῳ,
874 3751 968 3824 ἡδὺ
1003 3751 1102 3824 μὲν
1145 3753 1290 3817 ίδεῖν,
1325 3753 1419 3824 ήδὺ
1455 3754 1512 3808 δὲ
1534 3754 1797 3825 ἅψασθαι,

191 3833 348 3904 κοῦφόν
371 3855 428 3891 τε
449 3839 545 3894 καὶ
575 3839 784 3912 ψυχρὸν
819 3843 876 3894 ἐν
903 3843 1218 3914 μεσημϐρία
1272 3843 1564 3914 διδόμενον.
1614 3842 1800 3908 Οὕτως

189 3923 298 3976 ἐστὶν
329 3929 358 3998 ή
383 3929 746 4001 ἐλεημοσύνη.
801 3929 960 4000 Παρά
992 3930 1194 4004 ταύτην
1221 3931 1319 4004 τήν
1353 3932 1534 4004 πηγὴν
1563 3934 1662 3987 οὐκ
1713 3933 1798 3987 ατ-

190 4025 322 4083 Tum.
339 4017 422 4070 καὶ
443 4017 672 4080 πεῦκαι,
720 4017 840 4071 οὐδέ
876 4018 1229 4089 κυπάρισσοι,
1261 4018 1376 4073 ἀλλ’
1407 4021 1570 4091 ἐτερα
1593 4021 1801 4076 τούτων

192 4101 330 4172 πολλῷ
356 4104 544 4174 βελτίω
568 4105 713 4174 φυτά
746 4105 962 4177 εὐμήκη
1009 4106 1135 4159 είσί·
1166 4107 1317 4176 φιλία
1371 4107 1528 4172 Θεοῦ,
1581 4109 1801 4174 ἔπαινος

191 4185 462 4270 ἀνθρώπων,
486 4191 619 4258 δόξα
638 4196 671 4264 ή
693 4194 773 4258 είς
799 4193 953 4259 Θεὸν,
983 4193 1162 4247 εὖνοια
1186 4196 1334 4267 παρὰ
1355 4197 1596 4263 πάντων,
1625 4200 1802 4274 ἀμαρ-

192 4280 398 4344 τημᾶτων
428 4275 756 4353 ἀφανισμὸς,
789 4282 1067 4354 παρρησία
1092 4283 1277 4355 πολλὴ,
1310 4287 1608 4357 χρημάτων
1640 4289 1801 4359 ύπερ-

193 4362 304 4429 σῷία,
332 4368 685 4441 ἐλεημοσύνη,
749 4370 815 4425 δι’
847 4366 915 4442 ἧς
949 4371 1048 4442 τῆς
1078 4372 1298 4444 ἀγάπης
1323 4375 1385 4426 τὸ
1418 4376 1582 4444 φυτὸν
1611 4377 1802 4447 τρέφε-

195 4463 272 4501 ται.
295 4454 443 4510 Οὐδὲν
481 4458 591 4530 γὰρ
641 4457 814 4522 οὕτως
864 4460 1086 4531 ἀγάπην
1132 4460 1351 4531 τρέφειν
1379 4462 1586 4528 εἴωθεν,
1613 4464 1693 4526 ’ὠς
1741 4465 1800 4517 τὸ

195 4535 414 4622 ἐλεήμονα
440 4543 580 4600 εἷναί
609 4563 750 4600 τινα.
781 4545 930 4618 Αὕτη
958 4548 1084 4612 τούς
1116 4547 1343 4612 κλάδους
1384 4551 1463 4612 είς
1491 4549 1625 4619 ὕψος
1651 4551 1801 4622 αίρε-

198 4621 291 4677 σθαι
312 4636 458 4685 ποιεῖ·
489 4633 632 4704 αῦτη
665 4634 890 4705 βελτίων
914 4637 946 4706 ή
981 4635 1129 4708 πηγὴ
1158 4638 1258 4707 τῆς
1279 4637 1337 4690 ἐν
1360 4636 1436 4707 τῷ
1463 4621 1798 4709 παραδείάφν

196 4709 269 4763 ῡύκ
295 4717 364 4779 είς
389 4721 660 4793 τέσσαρας
687 4721 864 4794 ἀρχὰς
889 4721 1309 4795 διαιρο[υ]μένη,
1339 4724 1454 4778 ἀλλ’
1480 4727 1559 4788 είς
1586 4725 1678 4779 τὸν
1707 4727 1800 4779 οὐ·-

199 4800 321 4865 ρανὺν
337 4806 489 4862 αὐτὺν
508 4809 902 4882 ἀφικνουμένη·
931 4810 1068 4882 αὐτη
1083 4812 1255 4864 τίκτει
1283 4811 1374 4864 τὸν
1394 4813 1636 4882 ποταμὸν
1660 4816 1801 4868 ἐκεῖ·

198 4901 262 4938 νον
275 4889 350 4944 τὸν
377 4895 667 4967 ἁλλόμενον
688 4899 768 4960 είς
795 4897 938 4968 ζωὴν
967 4898 1202 4952 αἰώνιον·
1229 4901 1310 4963 είς
1345 4899 1549 4970 ταύτην
1573 4901 1801 4966 θάνατος

200 4971 421 5062 ἐμπεσὼν,
457 4984 713 5055 καθάπερ
748 4986 981 5056 σπινθὴρ
1022 4987 1366 5041 ἀναλίσκεται
1400 4988 1508 5041 ἀπὸ
1543 4990 1643 5060 τῆς
1692 5009 1800 5062 πη-

201 5058 290 5149 ’ζῆς
315 5065 490 5134 οὕτως,
513 5073 757 5142 ὅπουπερ
816 5071 882 5126 ἂν
912 5072 1195 5146 ἐπιστάξῃ,
1255 5074 1466 5143 μεγάλα
1509 5058 1800 5149 ἐργάζεται

201 5143 355 5216 ἀγαθά,
404 5159 550 5231 Αὕτη
582 5159 680 5214 τοῦ
726 5160 898 5231 πυρὸς
945 5161 1037 5214 τὸν
1090 5143 1334 5232 ποταμὸν
1395 5143 1676 5219 σϐέννυσιν
1723 5165 1799 5230 ὡς

205 5241 437 5315 σπινθῆρα·
496 5247 632 5319 αὓτη
675 5247 767 5302 τὸν
819 5249 1076 5320 σκώληκα
1134 5248 1307 5315 οὕτως
1362 5251 1672 5322 ἀποπνίγει,
1726 5255 1801 5318 ὡς

204 5324 333 5385 θὺδέν.
370 5335 422 5389 '0
457 5337 661 5408 ταύτην
691 5336 852 5408 ἔχων,
879 5338 938 5391 οὐ
968 5337 1155 5410 βρύχει
1209 5342 1338 5403 τοὺς
1370 5340 1606 5405 ὀδόντας.
1663 5343 1798 5396 Ἀπὸ

207 5413 272 5464 τοῦ
295 5417 460 5488 ὓδατος
488 5426 690 5497 ταύτης
743 5425 808 5478 ἂν
861 5427 1125 5498 ἐπιστάξῃ
1155 5431 1236 5493 είς
1263 5430 1332 5483 τὰ
1365 5430 1559 5501 δεσμὰ,
1605 5429 1804 5500 διαιρεῖ

208 5502 325 5592 αὐτὰ·
360 5515 454 5568 κᾶν
478 5520 554 5581 είς
585 5518 685 5583 τὰς
712 5519 972 5591 καμίνους
998 5519 1213 5592 ἐμπέσῃ
1233 5561 1248 5587 ,
1281 5521 1458 5583 πάσας
1494 5519 1797 5573 σϐέννυσιν.

258 5591 508 5677 δ’.Ὦσπερ
536 5603 686 5678 οὖνὴ
717 5609 774 5660 ἐν
804 5608 1120 5678 παραδείσῳ
1338 5608 1395 5660 οὐ
1419 5607 1512 5660 νῦν
1545 5609 1641 5678 μὲν
1667 5625 1800 5680 προ-

212 5678 292 5768 χέει
317 5687 529 5760 νάματα,
557 5695 654 5749 νῦν
680 5696 738 5749 δὲ
771 5696 1085 5768 ξηραίνεται
1125 5696 1267 5765 (ἐπεὶ
1321 5698 1421 5750 οὐκ
1442 5696 1508 5750 ἂν
1562 5695 1647 5768 είη
1687 5678 1770 5750 λοι

217 5767 286 5859 πδγ
326 5781 498 5856 πηγὴ),
524 5785 645 5840 ἀλλ’.
681 5785 774 5842 ἀεὶ
803 5767 1111 5854 ἀναϐλύζει·
1142 5785 1286 5841 ὀὕτω
1334 5787 1430 5842 καλ⁸
1476 5789 1510 5858 ή
1558 5767 1802 5859 ἡμετέρα

241 5857 477 5938 ...λειώως
496 5873 642 5926 deest
673 5875 720 5926 in
743 5876 1048 5938 quibusdam.
1117 5876 1142 5913 ι’
1169 5875 1284 5925 Haec
1304 5877 1385 5924 τὸν
1407 5857 1527 5923 Θεὸν
1570 5857 1801 5938 ἐφοϐεῖτο,

215 5927 253 5971 Ψ
282 5927 412 5987 μόνον,
447 5927 625 5989 υιιείιιίι
668 5927 774 5990 ille:
795 5941 950 5990 codex
973 5938 1060 6004 qui
1089 5939 1272 6002 ubique
1317 5938 1472 5988 ferme
1504 5927 1674 5986 variat.

1817 5987 1823 5996 .
1926 5952 2061 6004 πρωί,
2092 5947 2198 5980 τοτε
2221 5945 2380 5986 σηπει.

3445 295 3551 350 1⁵16

1900 398 1987 452 ἀεὶ
2035 399 2414 474 δαψιλέστερον
2456 414 2478 443 ε
2522 408 2792 475 προχείτω
2821 404 2884 459 τὸ
2907 408 3056 477 νᾶμα
3107 407 3244 478 πρὸς
3284 409 3411 472 τοὺς
3451 411 3555 480 μά·-

1898 485 2054 540 λιστα
2077 489 2458 560 ἐπιδεομένους
2484 491 2686 556 ἐλέους,
2733 493 2820 545 ἵνα
2857 494 2992 568 μένῃ
3016 501 3185 564 πηγή.
3233 495 3404 549 Τοῦτο
3436 499 3553 552 ἱλα-

1905 571 1993 641 ρὸν
2023 577 2166 626 ποιεῖ
2183 575 2272 628 τὸν
2296 576 2659 647 λαμϐάνοντα·
2696 579 2852 633 τοῦτο
2889 581 3250 652 ἐλεημοσύνη,
3285 583 3358 654 μὴ
3419 601 3552 655 σφο-

1896 659 2021 728 δρὸν
2055 663 2215 732 μόνον
2241 666 2558 736 προχεῖσθαι
2580 668 2642 719 τὸ
2670 669 2837 737 νᾶμα,
2884 667 3020 722 ἀλλὰ
3046 670 3140 722 καὶ
3187 671 3450 743 διηνεκές.
3489 673 3554 726 Et

1899 744 2098 814 βούλει,
2127 749 2401 819 ὦσπερέκ
2430 752 2624 821 πηγῶν
2678 769 2760 806 σοι
2811 755 3104 826 ἐπομϐρεῐν
3148 755 3242 808 τοῦ
3285 756 3418 810 Θεοῦ
3462 758 3555 811 τὸν

1897 833 2068 900 ἔλεον,
2101 836 2196 890 καὶ
2238 838 2303 890 σὺ
2361 840 2542 910 πηγὴν
2583 841 2694 911 ἔχε.
2736 843 2898 895 Οὐδὲν
2949 843 3149 912 ταύτης
3195 844 3327 898 ἴσον.
3359 848 3456 899 Ἂν
3487 849 3551 901 σὺ

1895 922 2100 994 ταύτης
2127 925 2228 995 τῆς
2249 928 2434 998 πηγῆς
2464 928 2679 1000 ἀνοίξῃς
2705 929 2772 982 τὰ
2803 930 3066 1000 στόματα,
3096 933 3198 1002 τῆς
3241 935 3423 1004 πηγῆς
3457 935 3556 987 τοῦ

1896 1011 2032 1065 Θεοῦ
2059 1015 2276 1068 τοιαῦτα
2304 1016 2453 1070 ἔσται
2487 1017 2554 1070 τά
2591 1019 2851 1088 στόματα,
2907 1019 3046 1073 ὥστε
3096 1024 3276 1076 πᾶσαν
3319 1024 3556 1078 ἄϐυσσον

1897 1102 2134 1181 νικῆσαι.
2204 1106 2488 1176 Ἀφορμὴν
2513 1107 2665 1176 ζητεῖ
2723 1108 2880 1178 μόνον
2931 1110 3060 1180 παρ’
3112 1112 3268 1181 ἡμῶν
3309 1113 3492 1166 λαϐεῖν
3524 1118 3554 1168 ὁ

1897 1189 2050 1252 Θεὸς,
2074 1193 2166 1244 καὶ
2198 1197 2480 1262 προχεῖται
2524 1197 2588 1248 ἐκ
2621 1195 2730 1248 τῶν
2759 1197 3002 1266 ταμείων
3048 1198 3210 1251 αὐτοῦ
3242 1201 3309 1253 τά
3351 1201 3549 1268 ἀγαθά.

1901 1277 2068 1332 Ὅταν
2093 1279 2373 1354 ἀναλίσκῃ,
2394 1283 2522 1336 ὅταν
2551 1284 2786 1355 δαπανᾷ,
2819 1284 2939 1338 τότε
2967 1287 3204 1350 πλουτεῖ,
3239 1288 3358 1340 τότε
3385 1290 3444 1342 εὐ
3455 1307 3552 1342 πο-

1901 1368 2001 1435 ρεῖ.
2032 1367 2192 1435 Μέγα
2215 1369 2429 1439 ἐκείνης
2460 1370 2522 1423 τὸ
2545 1371 2716 1441 στόμα
2743 1373 2839 1442 τῆς
2872 1375 3073 1444 πηγῆς·
3102 1373 3340 1446 καθαρὸν
3368 1376 3429 1430 τὸ
3452 1377 3553 1430 αὐ-

1897 1455 1995 1523 τῆς
2021 1456 2169 1524 νᾶμα
2199 1456 2287 1508 καὶ
2319 1455 2530 1520 διειδές.
2563 1460 2658 1511 Ἂν
2684 1459 2757 1530 μὴ
2795 1459 3000 1531 ταύτην
3053 1461 3391 1534 ἀποφράξῃς,
3434 1465 3560 1518 οὐδὲ.

1899 1540 2131 1612 ἐκείνην.
2159 1543 2337 1613 Μηδὲν
2363 1544 2610 1615 ἄκαρπον
2642 1547 2888 1616 στηκέτω
2933 1550 3063 1618 παρ’
3101 1549 3270 1619 αὐτὴν
3317 1551 3552 1622 δένδρον,

1900 1628 1987 1680 ἵνα
2019 1628 2093 1700 μή
2124 1631 2220 1701 τὴν
2249 1632 2425 1685 νοτίδα
2446 1633 2616 1704 αὐτῆς
2641 1635 3021 1706 καταναλώσῃ.
3054 1637 3237 1706 Ἔχεις
3264 1639 3554 1710 χρήματα;

1897 1716 1988 1786 Μὴ
2024 1717 2218 1784 φύτευε
2248 1719 2523 1790 αἰγείρους
2548 1723 2681 1774 ἐκεῖ·
2708 1722 2947 1775 τοιοῦτον
2976 1723 3084 1795 γὰρ
3107 1726 3139 1795 ὴ
3162 1726 3362 1797 τρυφή·
3388 1727 3558 1781 πολλὰ

1899 1799 2196 1868 ἀναλίσκει,
2228 1802 2322 1855 καὶ
2347 1803 2498 1857 οὐδὲν
2521 1804 2792 1858 δείκνυσιν
2831 1807 2887 1858 ἐν
2910 1807 3097 1876 ἑαυτῇ,
3129 1807 3263 1860 ἀλλὰ
3289 1809 3554 1863 ἀπόλλυσι

1896 1882 1986 1934 τὸν
2017 1887 2242 1955 καρπόν.
2271 1886 2362 1955 Μὴ
2391 1886 2662 1958 φυτεύσῃς
2690 1888 2917 1959 πεύκην,
2955 1891 3028 1960 μὴ
3051 1890 3230 1957 πίτυν,
3265 1892 3395 1961 μηδέ
3430 1893 3563 1958 ἄλλο,

1896 1981 1949 2017 τι
1993 1967 2101 2020 τῶν
2157 1968 2411 2022 τοιούτων
2460 1969 2566 2025 τῶν
2598 1970 2995 2024 ἀναλισκόντων
3049 1974 3164 2043 μὲν,
3215 1975 3447 2044 οὐδαμοῦ
3500 1977 3556 2029 δὲ

1899 2049 2203 2122 χρησίμων·
2235 2051 2444 2104 τοιοῦτο
2474 2053 2582 2122 γὰρ
2609 2054 2641 2121 ή
2670 2053 2776 2105 τῶν
2801 2054 3028 2123 ἱματίων
3055 2056 3255 2126 τρυφὴ,
3287 2057 3414 2108 ἰδεῖν
3465 2058 3556 2125 μό-

1898 2149 1986 2185 νον
2013 2132 2195 2196 καλὸν,
2221 2133 2452 2204 οὐδαμοῦ
2483 2135 2540 2186 δὲ
2586 2137 2876 2206 χρήσιμον.
2940 2137 3365 2209 Ἀναδενδράδων
3419 2139 3558 2208 πλή-

1904 2227 2098 2282 ρωσον·
2139 2214 2315 2268 πάντα
2335 2216 2405 2268 τὰ
2434 2215 2688 2286 κάρπιμα
2722 2217 2986 2286 φύτευσον
3012 2221 3068 2271 ὲν
3098 2223 3218 2282 ταῖς
3250 2221 3358 2274 τῶν
3393 2223 3562 2290 πενή-

1899 2311 2006 2348 των
2031 2297 2236 2367 χερσὶν,
2278 2297 2419 2368 ειπερ
2447 2297 2512 2351 ἂν
2563 2297 2744 2371 θέλῃς.
2800 2301 2966 2354 Οὐδὲν
3019 2301 3222 2370 ταύτης
3252 2301 3561 2374 λιπαρώτε-

1901 2391 1993 2449 ρον
2017 2379 2112 2448 τῆς
2145 2379 2267 2449 γῆς·
2297 2380 2473 2432 καίτοι
2503 2385 2698 2453 μικρόν
2721 2385 2836 2436 ἐστι
2867 2384 2927 2435 τὸ
2955 2384 3226 2454 διάστημα
3250 2385 3398 2456 [185]
3459 2389 3559 2457 τῆς

1899 2463 2099 2532 χειρὸς,
2133 2463 2247 2517 ἀλλ’
2279 2465 2427 2533 ὅμως
2477 2461 2613 2536 πρὸς
2657 2466 2819 2518 αὐτὸν
2849 2466 3039 2535 φθάνει
3089 2468 3179 2519 τὸν
3225 2469 3451 2538 οὐρανὸν
3497 2471 3562 2521 τὸ

1900 2546 2260 2616 φυτευόμενον
2292 2547 2526 2616 δένδρον,
2572 2548 2664 2600 καὶ
2705 2548 2923 2616 βέϐαιον
2973 2548 3192 2620 ἕστηκε.
3226 2551 3396 2603 Τοῦτό
3443 2553 3560 2605 ἐστι

1900 2627 2179 2696 φυτεῦσαι.
2235 2629 2307 2682 Τὸ
2369 2631 2467 2700 μὲν
2521 2630 2630 2701 γὰρ
2681 2633 3042 2702 φυτευόμενον
3103 2635 3161 2686 ἐν
3219 2637 3286 2704 τῇ
3313 2638 3406 2704 γῇ,
3459 2635 3560 2688 κᾶν

1903 2711 1977 2782 μὴ
2016 2709 2129 2777 νῦν,
2173 2711 2310 2782 μετά
2364 2715 2556 2767 ἑκατὸν
2589 2715 2682 2785 ἐτη
2720 2713 3020 2768 ἀπολεῖται.
3070 2715 3133 2767 Τί
3161 2715 3410 2784 φυτεύεις
3441 2717 3559 2770 δέν-

1898 2794 2021 2865 δρα,
2055 2788 2128 2847 ὦν
2154 2797 2251 2848 οὐκ
2281 2797 2584 2870 ἀπολαύσῃ,
2617 2799 2752 2853 ἀλλά
2795 2805 2923 2870 πρὶν
2951 2800 2983 2871 ἢ
3020 2799 3369 2862 ἀπολαύσεις,
3397 2802 3424 2852 ὁ
3459 2798 3558 2851 θά-

1899 2894 2057 2940 νατος
2093 2878 2332 2932 ἐπελθὼν
2355 2883 2696 2952 προαρπάζει
2739 2897 2832 2947 σε;
2873 2883 3042 2937 Τοῦτο
3067 2883 3128 2936 τὸ
3171 2883 3402 2954 δένδρον,
3432 2885 3564 2937 ὅταν

1899 2961 2195 3034 ἀποθάνῃς,
2215 2963 2338 3016 τότε
2369 2981 2450 3015 σοι
2477 2963 2660 3017 δίδωσι
2683 2965 2775 3018 τὸν
2805 2965 3034 3036 καρπόν.
3071 2966 3133 3018 Εἰ
3173 2966 3443 3036 φυτεύεις,
3483 2965 3563 3036 μὴ

1901 3042 1959 3091 ἐν
1987 3043 2053 3110 τῇ
2075 3041 2176 3110 τῆς
2208 3043 2644 3113 γαστριμαργίας
2672 3044 2944 3116 φυτεύσῃς
2992 3045 3190 3115 κοιλίᾳ,
3229 3047 3316 3098 ἶνα
3357 3047 3430 3116 μὴ
3480 3047 3560 3108 είς

1901 3122 2236 3194 ἀφεδρῶναὸ
2270 3126 2484 3195 καρπὸς
2542 3127 2698 3196 ἐκϐῇ·
2732 3127 2868 3180 ἀλλά
2921 3127 3187 3197 φύτευσον
3237 3130 3294 3182 ἐν
3333 3129 3558 3200 τεθλιμ-

1905 3209 2039 3279 μένῃ
2065 3208 2240 3280 νηδύϊ,
2295 3209 2382 3263 ἵνα
2428 3210 2646 3284 πηδήσῃ
2693 3212 2827 3281 πρὸς
2857 3211 2948 3264 τὸν
2978 3213 3201 3283 οὐρανὸν
3247 3215 3276 3266 ὁ
3327 3213 3554 3284 καρπός.

1915 3292 2249 3346 Ἀνάπαυσον
2268 3293 2366 3362 τὴν
2388 3293 2890 3363 στενοχωρουμένην
2931 3293 3108 3365 ψυχὴν
3139 3295 3237 3366 τὴν
3260 3295 3352 3347 τοῦ
3394 3296 3559 3366 πένη-

1901 3391 2011 3438 τος,
2041 3374 2126 3428 ἵνα
2158 3375 2232 3445 μὴ
2265 3377 2363 3445 τὴν
2397 3375 2704 3446 εὐρύχωρον
2731 3376 2924 3448 θλὶψῃς
2966 3376 3062 3447 τὴν
3092 3379 3209 3448 σήν.
3245 3378 3355 3448 Οὐχ
3403 3380 3559 3450 ὁρᾷς,

1903 3459 1986 3511 ὅτι
2012 3458 2075 3512 τὰ
2105 3460 2431 3530 ποτιζόμενα
2461 3459 2566 3512 τῶν
2598 3459 2825 3530 δένδρων
2839 3460 3113 3532 ἀμέτρως,
3148 3462 3253 3514 ἀπὸ
3279 3463 3378 3533 τῆς
3403 3463 3560 3534 ῥίζης

1904 3543 2159 3613 σήπεται·
2187 3543 2256 3595 τὰ
2291 3542 2347 3596 δὲ
2403 3543 2538 3614 μετὰ
2571 3543 2934 3614 συμμετρίας,
2990 3543 3250 3611 abierat;
3307 3545 3463 3599 Οῦτω
3494 3547 3561 3617 δὴ

1902 3628 1996 3679 καὶ
2026 3625 2091 3678 σὺ
2153 3626 2227 3696 μὴ
2260 3626 2358 3696 τὴν
2391 3625 2586 3678 σαυτοῦ
2625 3626 2849 3698 ποτίσῃς
2881 3625 3133 3698 ἀμέτρως
3170 3627 3432 3698 γαστέρα,
3471 3627 3560 3682 ἵνα

1906 3709 1981 3778 μὴ
2013 3711 2158 3780 σαπῇ
2193 3711 2226 3778 ή
2259 3709 2384 3779 ρίζα
2409 3709 2503 3762 τοῦ
2529 3709 2766 3778 δένδρου·
2801 3711 3020 3762 πότισον
3045 3712 3143 3780 τὴν
3171 3711 3433 3780 διψῶσαν,
3473 3714 3560 3766 ἵνα

1903 3791 2113 3861 καρπὸν
2156 3790 2372 3862 ἐνέγκῃ.
2416 3791 2495 3844 Τὰ
2526 3792 2851 3863 συμμέτρως
2881 3793 3208 3862 ποτιζόμενα
3247 3795 3308 3847 οὐ
3350 3797 3564 3865 σήπειὸ

1901 3872 2077 3942 ἥλιος,
2115 3873 2184 3926 τὰ
2233 3873 2291 3926 δέ
2344 3874 2618 3946 ἀμέτρως,
2661 3876 2822 3948 σήπει
2872 3874 2933 3914 ἀ·
2967 3876 3189 3947 τοιαύτη
3252 3878 3360 3947 γὰρ
3389 3880 3422 3948 ή
3463 3879 3563 3932 τοῦ

1903 3955 2056 4027 ήλίου
2085 3956 2265 4026 φύσις.
2292 3957 2576 4027 Πανταχοῦ
2600 3958 2633 4028 ἡ
2659 3957 2893 4028 ἀμετρία
2921 3958 3109 4011 κακόν·
3133 3959 3214 4012 διὸ
3248 3960 3560 4030 περικόψω-

1907 4055 2009 4111 μεν
2037 4038 2225 4110 αὐτὴν,
2259 4039 2347 4094 ίνα
2388 4041 2484 4093 καὶ
2535 4042 2696 4111 ἡμεῖς
2735 4039 2990 4111 τύχωμεν
3041 4034 3116 4097 ὧν
3143 4041 3423 4114 αἰτοῦμεν.
3472 4045 3560 4097 Ἐν

1902 4126 2016 4190 τοῖς
2049 4123 2404 4194 ὑψηλοτάτοις
2428 4125 2646 4195 χωρίοις
2675 4126 2732 4179 αί
2773 4125 2950 4196 πηγαὶ
2985 4124 3231 4195 λέγονται
3259 4126 3561 4184 τίκτεσθαι.

1905 4207 2114 4261 Οὐκοῦν
2135 4207 2424 4279 γενώμεθα
2451 4207 2647 4278 ὑψηλοὶ
2672 4208 2767 4262 καὶ
2795 4209 2957 4279 ἡμεῖς
2984 4209 3082 4279 τὴν
3111 4209 3312 4280 ψυχὴν,
3345 4211 3441 4264 καὶ
3469 4227 3566 4264 τα-

1905 4291 2047 4363 χέως
2068 4294 2103 4363 ἡ
2135 4291 2470 4363 ἐλεημοσύνη
2497 4291 2698 4362 ρεύσει·
2736 4293 2798 4346 οὐ
2835 4294 2944 4364 γὰρ
2963 4293 3198 4364 ἐστιτήν
3219 4293 3429 4365 ὑψηλὴν
3461 4293 3565 4364 ψυ-

1907 4377 2008 4448 χὴν
2049 4376 2122 4448 μὴ
2153 4377 2246 4430 καὶ
2281 4375 2547 4448 ἐλεήμονα
2597 4372 2756 4441 εἶναι,
2789 4375 2885 4430 καὶ
2915 4376 3014 4448 τὴν
3051 4376 3320 4448 ἐλεήμονα
3351 4376 3426 4448 μὴ
3469 4379 3564 4431 καὶ

1907 4459 2135 4532 ὑψηλήν.
2193 4463 2244 4512 ’0
2271 4459 2401 4528 γοῦν
2429 4461 2726 4531 χρημάτων
2768 4460 3071 4531 ὑπερορῶν,
3117 4461 3214 4530 τῆς
3243 4458 3397 4530 ῥίζης
3419 4458 3563 4512 ἀνώ-

1904 4546 2060 4616 τερός
2085 4547 2200 4596 ἐστι
2235 4542 2342 4597 τῶν
2369 4544 2570 4598 κακῶν,
2606 4546 2672 4597 Αἱ
2705 4544 2879 4614 πηγαὶ
2927 4546 2984 4619 ἐν
3013 4543 3265 4613 ἐρημίαις
3319 4544 3455 4595 είσὶν
3488 4542 3564 4606 ὡς

1903 4627 1974 4679 τά
2000 4625 2188 4680 πολλά·
2223 4628 2315 4680 καὶ
2349 4629 2508 4696 ἡμεῖς
2530 4627 2627 4698 τὴν
2660 4628 2837 4698 ψυχὴν
2867 4631 2966 4697 τῆς
3000 4624 3320 4694 πολυοχλίας
3369 4624 3568 4693 ἐξαγά-

1906 4727 2113 4781 γωμεν,
2149 4711 2240 4764 καὶ
2266 4711 2506 4781 πηγάσει
2528 4714 2656 4782 παρ’
2675 4714 2808 4782 ἡμῖν
2832 4713 2863 4781 ή
2893 4709 3251 4781 ἐλεημοσύνη.
3275 4710 3340 4760 Δί
3364 4708 3564 4778 πηγαὶ,

1906 4795 2015 4865 ὅσῳ
2037 4795 2102 4848 ἂν
2129 4796 2520 4867 καθαίρωνται,
2567 4793 2940 4865 ἀφθονώτεραι
2976 4803 2998 4831 θ
3030 4792 3290 4860 γίνονται·
3325 4788 3468 4844 οὕτω
3497 4791 3567 4863 δὴ

1907 4881 2001 4931 καὶ
2028 4882 2206 4950 ἡμεῖς,
2234 4881 2344 4951 ὅσῳ
2367 4879 2434 4933 ἂν
2473 4878 2857 4948 ἀναλώσωμεν,
2905 4876 3143 4946 τοσούτῳ
3185 4874 3466 4945 βλαστάνει
3493 4874 3566 4928 τά

1908 4965 2067 5019 καλά.
2112 4963 2170 5018 Ὀ
2200 4964 2380 5036 πηγὴν
2400 4963 2559 5034 ἔχων,
2586 4964 2648 5016 οὐ
2676 4959 2931 5014 δέδοικεν·
2963 4959 3029 5014 ἀν
3052 4959 3231 5014 τοίνυν
3278 4959 3374 5014 καὶ
3400 4959 3575 5031 ἡμεῖς,

1909 5048 2119 5119 ἔχωμεν
2156 5047 2254 5117 τὴν
2279 5046 2644 5117 ἐλεημοσύνην
2673 5045 2875 5116 πηγὴν,
2899 5045 2958 5098 οὐ
2984 5043 3421 5115 φοϐηθησόμεθα.
3452 5044 3561 5096 Καὶ

1909 5132 2015 5203 γὰρ
2043 5131 2179 5201 πρὸς
2212 5129 2394 5194 ποτὸν,
2437 5129 2572 5200 πρὸς
2604 5129 2844 5201 ἀρδείαν,
2899 5127 3037 5200 πρὸς
3078 5127 3385 5198 οἰκοδομὴν,
3425 5127 3562 5197 πρὸς

1909 5218 2085 5271 πάντα
2117 5218 2248 5288 ήμῖν
2274 5216 2542 5286 χρήσιμος
2572 5215 2710 5284 αὕτη
2738 5216 2771 5287 ή
2801 5217 2973 5287 πηγή.
3007 5213 3172 5269 Οὐδὲν
3203 5212 3296 5267 τοῦ
3321 5213 3575 5284 πόματος⁸

1907 5302 2096 5355 τούτου
2127 5299 2355 5370 βέλτιον·
2391 5299 2492 5352 οὐκ
2513 5294 2652 5352 οἶδεν
2678 5299 2815 5369 αὕτη
2851 5299 3021 5370 μέθην
3057 5297 3411 5370 ἐργάσασθαι·
3437 5295 3563 5366 βέλ-

1910 5402 2023 5438 τιον
2051 5382 2304 5452 τοιαύτην
2343 5381 2487 5452 ἔχειν
2534 5383 2733 5454 πηγὴν,
2773 5383 2806 5453 ἢ
2837 5382 3038 5454 χρυσοῦ
3068 5381 3250 5452 πηγὰς
3292 5381 3560 5450 ἐπιρρεῖν.

1912 5471 2097 5540 ῐΙάσης
2129 5467 2432 5538 χρυσίτιδος
2486 5467 2587 5539 γῆς
2619 5468 2899 5539 βελτίωνή
2951 5465 3136 5521 τοῦτον
3187 5466 3426 5536 φέρουσα
3470 5463 3564 5518 τὸν

1912 5551 2108 5624 χρυσὸν
2141 5552 2309 5622 ψυχή.
2357 5552 2430 5604 οὐ
2460 5553 2569 5623 γὰρ
2611 5554 2690 5616 είς
2717 5553 2887 5604 τάῦτα
2915 5551 2983 5604 τὰ
3007 5549 3270 5620 βασίλεια,
3325 5545 3464 5600 ἀλλά
3492 5545 3573 5601 τάι

1912 5638 2024 5691 ἄνω
2075 5637 2206 5706 ἡμῖν
2241 5639 2591 5707 συνεκχωρεῖ.
2638 5637 2696 5688 '0
2727 5636 2948 5705 χρυσὸς,
2987 5635 3188 5702 κόσμος
3239 5630 3449 5699 γίνεται
3494 5631 3564 5700 τῇ

1941 5721 2221 5792 Εκκλησίᾳ
2251 5719 2342 5773 τοῦ
2369 5720 2524 5774 Θεοῦ·
2550 5719 2656 5773 ἀπὸ
2681 5718 2869 5772 τούτου
2900 5715 2991 5770 τοῦ
3035 5713 3236 5786 χρυσοῦ
3261 5714 3296 5784 ἡ
3322 5712 3566 5785 μάχαιρα

1977 5814 1998 5840 ε
2025 5809 2137 5856 Haec
2157 5808 2231 5855 ἀεὶ
2253 5808 2603 5869 δαψιλέστερον,
2637 5806 2825 5869 οεευηι
2842 5792 3008 5869 Ini-H0
3029 5803 3134 5869 quq.
3202 5800 3226 5842 δ
3254 5797 3414 5869 godg;
3435 5810 3569 5869 qm}:

1925 5872 2096 5933 ὶνέγκῃ.
2138 5870 2223 5918 ’Λν
2247 5859 2523 5933 συμμέτρως
2537 5859 2758 5933 ποτίσῃς,
2779 5866 2998 5933 οὐ-σήπει
3025 5867 3057 5919 ὸ
3082 5866 3233 5924 ἥλιος·
3263 5863 3317 5911 ἂν
3356 5860 3408 5910 δὲ
3447 5859 3565 5924 ὸ.ρἐ

2133 5933 2198 5980 ὅτε
2221 5930 2380 5986 σήπει.
2437 5929 2472 5968 Vc
2499 5929 2632 5978 ldeun
2672 5929 3004 5991 καθαρώτεραι.
