4076 6354
511 279 615 335 177

509 401 973 465 κατασκευάζεται
1032 400 1124 454 τοῦ
1171 399 1505 470 Πνεῦματος,
1558 400 1591 468 ἡ
1646 397 1889 468 μάχαιρα
1929 399 1995 450 δι’
2041 394 2106 469 ἦς
2137 401 2166 451 ὁ

505 489 720 557 δράκων
757 490 1140 559 ἀποτέμνεται.
1187 489 1318 540 ’Δπὸ
1357 487 1558 554 ταύτης
1587 488 1684 554 τῆς
1716 485 1895 555 πηγῆς
1925 487 1974 537 οί
2029 484 2164 538 λίθοι

507 579 859 648 προέρχονται
881 579 929 630 οἱ
955 578 1143 647 τίμιοι,
1168 580 1214 630 οί
1234 577 1361 647 περὶ
1381 574 1476 646 τὴν
1500 574 1744 644 κεφαλὴν
1764 573 1856 626 τοῦ
1878 572 2161 642 βασιλέως.

505 665 596 735 Μὴ
622 665 684 735 δὴ
724 665 1012 734 άμελῶμεν
1045 665 1298 718 τοσούτου
1351 661 1600 725 πλούτου,
1655 661 1769 714 ἀλλ’
1822 661 2162 731 είσφέρωμεν

1363 284 1418 339 5.
1461 281 1741 339 .IOANNIS
1778 279 2268 335 CIIBYSOSTOMI
2307 280 2631 338 ARCIIIEP.
2671 280 3215 338 CONSTANTINUP.

3826 287 3950 339 178

2265 398 2364 468 τὴν
2381 399 2749 468 ἐλεημοσύνην
2781 400 2916 468 μετὰ
2935 399 3233 468 δαψιλείας,
3256 401 3341 454 ἵνα
3368 402 3466 466 τῆς
3497 401 3644 472 παρὰ
3668 403 3767 456 τοῦ
3793 403 3950 456 Θεοῦ

2276 485 2686 554 φιλανθρωπίας
2703 484 3040 556 ἁξιωθῶμεν,
3072 487 3252 557 χάριτι
3277 490 3368 541 καὶ
3390 492 3690 560 οἰκτιρμοῖς
3709 492 3810 544 τοῦ
3839 509 3952 560 μο-

2264 573 2512 641 νογενοῦς
2535 573 2698 626 αὐτοῦ
2725 573 2875 636 Υίοῦ,
2897 568 2942 642 ᾧ
2965 577 3113 628 πᾶσα
3135 575 3281 640 δόξα,
3300 577 3431 648 τιμὴ
3461 579 3554 630 καὶ
3581 581 3802 648 κράτος,
3818 580 3952 648 ἅμα

2262 660 2338 731 τῷ
2367 661 2504 732 ἁγίῳ
2528 660 2824 731 Πνεύματι,
2861 663 2940 726 εἰς
2965 663 3088 726 τοὺς
3127 663 3326 727 αἰῶνας
3353 665 3461 718 τῶν
3486 666 3714 720 αἰώνων.
3734 667 3948 737 Ἀμήν.

615 790 3819 816 W

1992 875 2240 929 OMIAIA
2277 875 2405 930 Kl".

506 974 585 1044 Τῇ
613 975 680 1028 δὲ
699 973 982 1044 ἐπαύριον
1005 970 1291 1044 ἁναστᾲς,
1317 969 1582 1044 φησὶνιό
1605 964 2014 1044 Πέτροςηῆλθε
2037 970 2158 1020 σὺν

569 1039 788 1109 αὐτοῖς’
821 1039 920 1095 καί
953 1059 1109 1106 τινες
1161 1040 1279 1094 τῶν
1311 1039 1588 1107 ἀδελφῶν
1612 1039 1731 1092 τῶν
1757 1039 1874 1092 ἀπὸ
1922 1039 2158 1105 Ἰόππης

557 1108 878 1180 συνῆλθον
930 1115 1016 1180 εις
1046 1111 1162 1180 τὴν
1180 1108 1556 1178 Καισάρειαν.
1605 1109 1666 1161 '0
1723 1109 1789 1180 δέ
1827 1109 2158 1180 Κορνήλιος

563 1183 642 1253 ἦν
705 1177 1381 1253 προσδοκῶνςα-ὺτοὺςζ
1418 1179 1950 1253 συγκαλεσάμενος
2016 1177 2158 1243 τοὺς

562 1249 876 1323 συγγενεῖς
919 1250 1104 1308 αὐτοῦ
1138 1251 1236 1304 καὶ
1280 1251 1420 1314 τοὺς
1456 1249 1814 1317 ἀναγκαίους
1849 1249 2082 1316 φίλους.

562 1343 632 1394 α’.
659 1339 812 1393 Μετὰ
841 1339 902 1390 τὸ
919 1337 1124 1402 ξενίσαι
1157 1337 1282 1398 τοὺς
1300 1336 1518 1406 ἄνδρας,
1541 1335 1818 1403 ἐξέρχεται
1841 1334 1937 1385 σὺν
1953 1332 2154 1394 αὐτοῖς·

494 1429 697 1491 καλῶς.
759 1426 1031 1498 Πρότερον
1088 1424 1490 1494 φιλοφρονεῖται
1533 1435 1556 1462 ο
1616 1422 1710 1474 ἆτε
1765 1421 1872 1473 ἀπὸ
1906 1421 2154 1490 καμάτου

489 1519 650 1580 ὄντας
679 1515 901 1581 αὐτοὺς,
927 1515 1020 1566 καὶ
1048 1514 1241 1565 οἰκειοῖ
1274 1512 1472 1581 ἑαυτῷ,
1502 1505 1620 1563 εἶτα
1655 1508 1840 1561 λοιπὸν
1898 1509 1990 1560 καί
2027 1525 2154 1560 συν-

491 1606 678 1670 έξεισι.
719 1603 796 1672 Τῇ
847 1603 914 1655 δέ
937 1602 1242 1669 ἐπαύριον,
1290 1600 1476 1669 φησὶν,
1533 1597 1803 1662 ἀναστὰς
1835 1599 1867 1650 ὁ
1911 1597 2154 1662 Πέτρος,

485 1693 634 1765 ἦλθε
650 1694 770 1748 σὺν
782 1691 1004 1753 αὐτοῖς,
1020 1691 1120 1744 καί
1139 1707 1296 1755 τινες
1314 1686 1812 1756 τῶνάδελερῶνθύ
1831 1686 2005 1756 μόνος,
2020 1685 2154 1740 ἀλλὰ

488 1784 582 1836 καὶ
605 1783 750 1836 ἄλλοι
779 1781 1028 1852 ἔρχονται
1078 1781 1193 1848 μετ’
1219 1776 1401 1831 αὐτοῦ·
1440 1777 1534 1829 καὶ
1589 1775 1746 1828 τοῦτο
1773 1773 2149 1845 οἰκονομικῶς,

486 1871 627 1924 ῶστε
673 1867 810 1922 εἶναι
849 1868 1131 1939 μάρτυρας
1169 1865 1307 1936 μετὰ
1339 1863 1531 1930 ταῦτα,
1591 1865 1716 1916 ὃταν
1770 1861 2150 1930 ἀπολογεῖσθαι

482 1960 592 2013 δέοι
621 1959 844 2029 Πέτρον.
886 1957 946 2009 '0
977 1955 1044 2009 δὲ
1066 1954 1395 2022 Κορνήλιος
1421 1950 1498 2024 ἦν
1525 1951 1880 2021 προσδοκῶν
1908 1949 2146 2015 αὐτοὺς,

483 2044 1021 2118 συγκαλεσάμενος
1061 2043 1202 2109 τοὺς
1256 2041 1573 2112 συγγενεῖς
1623 2039 1808 2093 αὑτοῦ
1863 2038 1958 2092 καὶ
2011 2039 2150 2103 τοὺς

483 2134 851 2204 ἀναγκαίους
879 2133 1118 2199 φίλους.
1182 2128 1352 2182 Τοῦτο
1401 2127 1578 2198 φίλου,
1628 2125 1785 2179 τοῦτο
1841 2124 2144 2188 θεοσεϐοῦς,

482 2223 540 2274 ἐν
573 2223 684 2283 τοῖς
735 2218 994 2280 τοιούτοις
1021 2217 1246 2286 ἀγαθοῖς
1274 2215 1378 2286 πρὸ
1411 2215 1628 2268 πάντων
1655 2211 1924 2266 ποιεῖσθαι
1955 2229 2134 2264 κοινω·

481 2310 603 2372 νούς
623 2308 750 2370 τοὺς
770 2307 1099 2374 ἀναγκαίους
1131 2305 1334 2373 φίλους.
1361 2303 1598 2366 Εἰκότως
1620 2301 1841 2364 τούτους
1867 2301 2143 2369 συγκαλεῖ,

477 2393 560 2460 οἷς
583 2397 803 2467 ἐθάρρει
857 2396 943 2448 ἀεὶ
976 2396 1105 2466 περὶ
1162 2393 1418 2446 τοιούτων
1468 2391 1925 2460 διασκεπτόμενος
1985 2389 2144 2460 μάλι-

480 2499 602 2548 στα,
663 2485 699 2538 ἃ
760 2483 1011 2555 περιττὸν
1064 2481 1200 2544 τέως
1254 2476 1321 2550 ἦν
1377 2479 1512 2551 πρὸς
1581 2479 1772 2541 ἄλλους
1819 2478 2142 2544 ἐξενεγκεῖν.

491 2574 643 2642 Ἐμοὶ
695 2571 753 2624 δὲ
819 2571 912 2623 καὶ
970 2570 1112 2639 φίλοι
1162 2571 1255 2622 καὶ
1311 2570 1590 2636 συγγενεῖς
1654 2565 1781 2637 παρ’
1834 2564 1995 2618 αὑτοῦ
2053 2565 2141 2617 δο-

478 2662 663 2716 κοῦσιν
699 2658 1075 2732 ἐρρυθμίσθαι.
1114 2659 1209 2722 Ὠς
1231 2656 1299 2709 δὲ
1319 2657 1554 2725 ἐγένετο
1609 2655 1714 2708 τοῦ
1749 2655 1776 2694 b
1825 2654 2144 2708 συνελθεῖν

474 2752 584 2804 τὸν
615 2748 857 2816 Πέτρον,
881 2746 1274 2811 συναντήσας
1299 2743 1458 2808 αὐτῷ
1495 2747 1526 2798 ὀ
1559 2743 1908 2811 Κορνήλιος,
1937 2743 2134 2796 πεσὼν

474 2839 574 2892 ἐπὶ
606 2837 747 2903 τοὺς
777 2836 967 2901 πόδας
987 2835 1467 2902 προσεκύνησεν.
1521 2832 1584 2885 '0
1613 2831 1680 2884 δὲ
1735 2830 1955 2900 Πέτρος
1984 2830 2143 2899 ἤγει-

474 2944 586 2994 ρεν
605 2925 814 2988 αὑτὸν,
844 2923 1056 2993 λέγων’
1092 2920 1425 2988 Ἀνάστηθι·
1447 2921 1542 2974 καὶ
1565 2920 1674 2988 γὰρ
1695 2919 1808 2988 ἐγὼ
1832 2919 2140 2988 ἅνθρωπός

473 3017 610 3082 ειμι.
635 3011 805 3066 Τοῦτο
835 3014 996 3075 ποιεῖ,
1027 3010 1088 3064 τὸ
1132 3013 1390 3062 ταπεινόν
1423 3007 1587 3062 αὐτοῦ
1621 3009 1854 3070 δεικνὺς,
1890 3009 1981 3061 καὶ
2015 3025 2140 3060 παι-

471 3102 644 3155 δεύων
675 3101 801 3164 τοὺς
827 3100 1040 3163 ἄλλους,
1076 3099 1171 3152 καὶ
1202 3097 1280 3168 τῷ
1315 3097 1434 3168 Θεῷ
1459 3097 1815 3169 εὐχαριστῶν,
1845 3097 1940 3150 καὶ
1963 3097 2136 3167 δηλῶν

471 3191 569 3256 ὡς,
597 3191 643 3242 εί
678 3192 771 3242 καὶ
813 3187 1132 3259 ἐκελεύσθη,
1187 3188 1337 3258 ὅμως
1387 3187 1596 3240 οἴκοθεν
1634 3186 1832 3256 πολλὴν
1876 3182 1986 3256 εἶχε
2037 3186 2136 3258 τὴν

471 3279 773 3332 εὐλάϐειαν.
801 3277 862 3329 Τί
895 3273 989 3329 οὖν
1019 3277 1047 3329 0
1081 3275 1317 3348 Πέτρος;
1373 3273 1710 3342 ’Λνάστηθιο
1741 3275 1838 3328 καὶ
1883 3279 1993 3344 γὰρ
2023 3274 2136 3344 ἐγὼ

469 3368 778 3435 ἅνθρωπός
799 3369 933 3436 εἰμι.
963 3366 1146 3435 Ὀρᾷςν
1175 3365 1291 3428 πῶς
1309 3364 1414 3435 πρὸ
1431 3365 1538 3416 τῶν
1560 3364 1733 3418 ἄλλων
1753 3361 1912 3416 τοῦτο
1938 3363 2135 3431 αὐτοὺς

471 3454 812 3517 παιδεύουσι,
874 3452 1038 3524 μηδὲν
1109 3452 1251 3522 μέγα
1287 3452 1413 3522 περὶ
1462 3450 1670 3504 ἑαυτῶν
1725 3449 2130 3519 φαντάζεσθαι;

469 3543 578 3596 Καὶ
642 3537 988 3608 συνομιλῶν
1026 3536 1204 3604 αὐτῷ,
1252 3537 1518 3606 εἰσῆλθε*
1549 3537 1646 3591 καί
1675 3537 1942 3606 εὑρίσκει
1981 3554 2132 3591 συν-

466 3631 840 3698 εληλυθότας
872 3626 1161 3693 πολλοὺς,
1202 3626 1318 3696 ἔφη
1349 3643 1412 3680 τε
1460 3625 1608 3694 πρὸς
1636 3627 1876 3692 αὐτούς·
1939 3626 2133 3696 Ὑμεῖς

465 3717 820 3777 ἐπίστασθε,
857 3715 937 3780 ὠς
965 3713 1242 3784 ἀθέμιτόν
1272 3715 1444 3766 ἐστιν
1479 3712 1653 3781 ἀνδρὶ
1700 3713 1962 3781 Ἰουδαίῳ
1991 3718 2132 3768 κολ-

466 3805 687 3862 λᾶσθαι
716 3805 753 3873 ἢ
777 3804 1211 3874 προσέρχεσθαι
1235 3804 1750 3874 άλλοςςύλῳ.”ορα,
1777 3803 1977 3866 εὐθέως
2004 3804 2132 3874 περὶ

465 3895 565 3964 τῆς
596 3893 690 3946 τοῦ
731 3891 865 3944 Θεοῦ
896 3889 1304 3962 φιλανθρωπίας
1353 3891 1683 3958 διαλέγεται,
1714 3892 1810 3942 καὶ
1837 3890 2128 3950 δείκνυσιν,

463 3983 546 4035 ὅτι
584 3981 792 4052 μεγάλα
823 3981 1006 4043 αὐτοῖς
1035 3979 1328 4048 ἐχαρίσατο
1355 3979 1555 4047 ἀγαθά.
1587 3979 1660 4031 Οὐ
1692 3979 1850 4049 μόνον
1883 3979 1939 4032 δὲ
1976 3978 2132 4031 τοῦτο

466 4071 766 4140 θαυμάζειν
820 4067 1052 4122 ἐνταῦθα
1111 4067 1212 4127 ἔνι,
1247 4068 1328 4120 ὃτι
1384 4066 1608 4120 τοιαῦτα
1649 4063 1974 4137 ὃιαλέγεται”
2016 4065 2128 4119 ἀλλ’

463 4159 544 4210 ὃτι
579 4157 695 4220 πῶς
743 4156 878 4227 ὁμοῦ
927 4157 1022 4209 καὶ
1060 4157 1271 4226 μεγάλα
1325 4147 1643 4224 φθέγγεται,
1682 4157 1777 4208 καὶ
1827 4155 2125 4225 μετριάζει.

464 4248 540 4299 Οὐ
574 4248 682 4315 γὰρ
716 4241 888 4297 εἷπε-ν’
924 4243 1231 4314 Ἄνθρωποι
1264 4243 1452 4312 μηδενὶ
1503 4245 1882 4310 καταξιοῦντες
1938 4243 2128 4296 κολλᾶ-

469 4335 614 4394 σθαι,
650 4333 885 4402 ἤλθομεν
921 4330 1056 4400 πρὸς
1085 4332 1249 4401 ὑμᾶς·
1285 4330 1420 4383 ἀλλὰ
1447 4330 1534 4395 τίς
1588 4330 1771 4395 Ὑμεῖς
1801 4330 2128 4384 ἐπίστασθε

467 4423 516 4492 (0
544 4421 674 4484 Θεὸς
704 4420 858 4473 τοῦτο
885 4419 1163 4482 ἐκέλευσε,
1205 4417 1380 4486 φησί),
1435 4414 1786 4485 παράνομον
1805 4413 1958 4470 εἶναι
1985 4422 2129 4470 κολ-

464 4506 686 4562 λᾶσθαι
715 4507 749 4574 ἢ
781 4504 1218 4573 προσέρχεσθαι
1245 4504 1594 4572 ἀλλοφύλῳ.
1631 4499 1764 4556 Εἶτα
1797 4504 1885 4558 ἵνα
1920 4504 1994 4575 μὴ
2040 4507 2128 4556 ἐπ’

463 4595 613 4664 αὐτῴ
649 4596 745 4665 τὴν
777 4594 936 4664 χάριν
993 4592 1080 4663 θῇ,
1117 4593 1329 4659 ὲπάγει’
1380 4591 1489 4644 Καὶ
1521 4592 1648 4660 ἐμοὶ
1675 4595 1707 4645 ὀ
1739 4595 1881 4658 Θεὸς
1937 4591 2128 4655 ἔδειξε

455 4685 690 4756 μηδένα
719 4682 927 4736 κοινὸν
961 4680 998 4749 ἢ
1028 4678 1364 4748 ἀκάθαρτον
1393 4677 1594 4747 λέγειν
1625 4679 1956 4746 ἀνθρωπον.
1992 4679 2097 4732 Τοῦ

461 4791 524 4827 το
554 4771 928 4842 προστίθησιν,
960 4770 1047 4822 ἵνα
1077 4767 1152 4839 μὴ
1181 4767 1307 4838 δόξῃ
1340 4767 1658 4821 κολακεύειν
1688 4768 1870 4821 αὐτόν.
1903 4767 1998 4820 Διὸ
2026 4769 2126 4822 καὶ

460 4860 900 4929 ἁναντιρρήτως
924 4854 1115 4928 ἦλθον
1149 4856 1608 4927 μεταπεμφθείς.
1641 4856 1758 4908 Ἵνα
1797 4855 1870 4925 μὴ
1898 4855 2128 4924 νομίσω-

464 4969 570 5014 σιν,
606 4952 707 5014 ὅτι,
735 4951 782 5001 εἰ
807 4949 902 5002 καὶ
934 4947 1250 5018 παρανομία
1281 4941 1428 5016 ἦντὸ
1458 4945 1692 5015 πρᾶγμα
1719 4942 1903 5014 [1851.
1939 4944 2124 5014 ἐπειδὴ

461 5037 644 5108 ἄρχων
680 5032 770 5106 ἦν,
804 5035 892 5088 διὰ
929 5035 1086 5087 τοῦτο
1108 5035 1435 5104 ἐπήκουσεν,
1472 5031 1608 5086 ἀλλὰ
1639 5032 1700 5083 τὸ
1726 5033 1835 5084 πᾶν
1881 5029 1958 5101 τῷ
2007 5033 2126 5102 Θεῷ

461 5125 802 5192 λογίσωνται,
835 5124 896 5175 οὐ
932 5123 1091 5192 μόνον
1117 5123 1178 5174 οὐ
1223 5122 1535 5187 κολλᾶσθαι,
1578 5120 1692 5174 ἀλλ’
1714 5120 1833 5172 οὐδὲ
1887 5120 2123 5190 προσέρ-

463 5213 650 5284 χεσθαι
683 5211 823 5277 ἐξὸν,
851 5210 1037 5278 φησίν.
1067 5210 1448 5280 Πυνθάνομαι
1477 5206 1591 5265 οὖν
1623 5210 1739 5263 τίνι
1771 5211 1929 5278 λόγῳ
1979 5227 2120 5279 μετ-

459 5297 812 5369 επέμψασθέ
850 5314 942 5366 με.
994 5298 1107 5350 Οὐκ
1139 5298 1347 5365 ἀγνοῶν
1381 5298 1730 5352 πυνθάνεταιο
1777 5299 1892 5368 ᾔδει
1923 5299 2029 5367 γὰρ
2058 5298 2117 5350 τὸ

460 5391 567 5442 πᾶν
603 5389 632 5440 ὁ
654 5386 857 5457 Πέτρος
887 5385 1000 5438 ἀπὸ
1027 5383 1120 5438 τοῦ
1170 5387 1465 5455 ὁράματος
1501 5387 1700 5456 ἤκουσε
1731 5385 1785 5438 δὲ
1841 5385 1931 5438 καὶ
1966 5387 2116 5455 παρὰ

457 5478 567 5532 τῶν
624 5474 991 5548 στρατιωτῶν·
1039 5471 1173 5526 ἀλλὰ
1207 5471 1452 5541 βούλεται
1493 5473 1705 5543 πρῶτον
1740 5473 1936 5536 αὐτοὺς
1986 5473 2116 5542 ὁμο-

455 5567 705 5637 λογῆσαι,
733 5565 827 5618 καὶ
857 5560 1190 5622 ὑπευθύνους
1218 5562 1440 5630 ποιῆσαι
1483 5562 1550 5630 τῇ
1582 5561 1780 5613 πίστει.
1839 5559 1903 5612 Τί
1953 5555 2046 5612 οὐν
2091 5564 2120 5614 0

455 5655 784 5726 Κορνήλιος;
843 5651 958 5706 Οὐκ
1004 5645 1179 5703 εἶπεν·
1215 5647 1289 5701 Οὐ
1321 5647 1430 5718 γάρ
1459 5642 1609 5700 εἶπόν
1650 5665 1730 5700 σοι
1773 5649 1822 5700 οί
1859 5650 2119 5719 στρατιῶ-

517 5779 544 5807 ⁸
587 5778 640 5826 ln
682 5790 778 5843 uno
815 5771 1192 5843 exemplgriﬁb
1238 5772 1312 5821 his
1362 5771 1828 5843 in_clpitur,_!(akd»;
1888 5773 2112 5843 πρότερον

487 5841 815 5904 ιλοφρονεῖται.
878 5840 906 5880 b
931 5832 1182 5889 Ajniculus
1224 5848 1285 5884 cx
1308 5832 1517 5898 qualubr
1558 5832 1696 5883 codd.
1743 5832 1975 5895 receptos
2016 5832 2112 5888 ésl.

483 5905 588 5954 ζοιτ.

2260 984 2384 1032 ται;
2427 967 2541 1022 ἀλλ’
2569 969 2693 1040 δρα,
2719 969 2836 1033 πῶς
2875 970 3064 1041 πράως
3099 971 3192 1023 καὶ
3213 971 3504 1035 ταπεινῶς·
3554 974 3695 1028 Ἀπὸ
3728 976 3950 1044 τετάρ-

2261 1071 2369 1122 της
2396 1055 2613 1124 ὴμέρας
2640 1060 2816 1125 μέχρι
2839 1064 3060 1124 ταύτης
3083 1057 3192 1124 τῆς
3214 1057 3368 1126 ὥρας
3392 1060 3557 1128 ἤμην
3587 1065 3947 1130 νηστεύων,

2260 1143 2356 1197 καὶ
2400 1143 2513 1210 τὴν
2538 1143 2765 1212 ἐνάτην
2819 1144 2978 1212 ὥραν
3016 1148 3596 1214 προσευχόμενος-ἑν
3649 1150 3730 1214 τῷ
3782 1151 3950 1214 οἴκῳ

2257 1247 2393 1297 μου·
2429 1231 2526 1283 καὶ
2575 1231 2703 1284 ἰδοὺ
2759 1232 2913 1300 ἀνὴρ
2948 1233 3096 1298 ἐστη
3147 1233 3402 1288 ἐνώπιόν
3440 1254 3559 1304 μου
3605 1237 3675 1290 ἐν
3715 1237 3947 1306 ἐσθῆτι

2256 1318 2519 1387 λαμπρᾷ,
2553 1321 2652 1374 καί
2677 1338 2873 1388 ⁸ςςησν
2924 1320 3233 1388 Κορνήλιε,
3287 1325 3656 1392 εἰσηκούσθη
3708 1345 3836 1381 σου
3901 1329 3944 1395 ἡ

2257 1407 2590 1474 προσευχὴ,
2633 1409 2731 1462 καὶ
2780 1411 2839 1461 αἱ
2877 1410 3279 1478 ἐλεημοσύναι
3332 1429 3447 1464 σου
3485 1413 3795 1482 ἁνέΰησαν
3846 1419 3944 1482 εις

2249 1493 2649 1561 μνημόσυνον
2678 1495 2928 1549 ἐνώπιον
2980 1496 3086 1550 τοῦ
3140 1497 3307 1552 Θεοῦ.
3358 1499 3462 1552 Καὶ
3527 1502 3642 1567 την
3694 1502 3945 1570 ἐνάτην

2253 1579 2432 1648 ὥραν,
2487 1585 2640 1654 φησὶ,
2702 1587 3205 1654 προσευχόμενος.
3259 1587 3324 1640 Τί
3359 1589 3474 1641 ἐστι
3517 1589 3703 1657 τοῦτο;
3765 1593 3940 1664 Ἐμοὶ

2253 1667 2399 1722 δοκεῖ
2430 1670 2521 1722 καὶ
2551 1673 2774 1741 καιροὺς
2811 1671 3070 1743 ὡρικέναι
3095 1675 3272 1745 ἑαυτῷ
3321 1676 3436 1745 βίου
3497 1679 3936 1752 ἀκριϐεστέρου,

2255 1757 2346 1808 καὶ
2377 1757 2433 1809 ἐν
2465 1775 2609 1810 τισιν
2639 1761 2889 1830 ἡμέραις.
2931 1762 3029 1815 Διά
3081 1762 3190 1833 γὰρ
3219 1763 3376 1816 τοῦτο
3415 1761 3584 1817 εἶπενο
3631 1767 3764 1820 Ἀπὸ
3825 1786 3936 1822 τε-

2252 1844 2471 1910 τάρτης
2498 1844 2742 1912 ἡμέρας.
2777 1847 2920 1916 ’Ὀρα
2954 1849 3118 1902 πόσον
3151 1851 3299 1902 ἐστὶν
3356 1852 3508 1922 εὐχή.
3543 1854 3670 1906 Ὅτε
3711 1855 3939 1910 ἐπέδω-

2252 1948 2346 1983 κεν
2368 1933 2447 1994 εῖς
2480 1933 2786 1997 εὐλάϐειαν,
2810 1935 2931 1988 τότε
2963 1937 3211 2003 φαίνεται
3242 1939 3388 2009 αὐτῷ
3416 1941 3444 1990 ὁ
3484 1939 3734 2008 ἅγγελος.
3764 1943 3933 2015 Λῦτη

2254 2018 2350 2103 μία
2383 2019 2582 2091 ὴμέρα-
2617 2023 2710 2074 καὶ
2748 2022 2812 2094 ἣν
2835 2023 3074 2092 ἀπῆλθον
3113 2027 3161 2078 οί
3191 2027 3554 2097 πεμφθέντες,
3585 2031 3703 2099 μία·
3733 2033 3834 2084 καὶ
3862 2036 3934 2103 ἦν

2248 2100 2430 2174 ἦλθον,
2456 2109 2616 2161 πάλιν
2655 2110 2774 2179 μία’
2811 2112 2903 2162 καί
2925 2115 2988 2182 τῇ
3015 2114 3248 2185 τετάρτῃ
3282 2117 3474 2186 ἐφάνη,
3506 2118 3580 2180 ὼς
3622 2114 3765 2171 εἶναι
3805 2100 3936 2172 δεῦ-

2250 2196 2411 2265 τέραν
2450 2197 2566 2266 μεθ’
2597 2197 2661 2268 ῆν
2689 2199 3046 2268 προσηύξατο.
3085 2203 3193 2254 Καὶ
3245 2203 3372 2256 ἰδοὺ
3427 2205 3581 2272 ἀνὴρ
3632 2205 3785 2273 ἔστη
3832 2209 3935 2260 ἐν·

2247 2281 2434 2337 ώπιόν
2459 2302 2580 2353 μου
2605 2286 2674 2337 ἐν
2701 2285 2908 2352 ἐσθῆτι
2940 2287 3201 2358 λαμπρᾷ.
3245 2291 3318 2342 Οὐ
3373 2291 3518 2360 λέγει
3541 2293 3794 2360 ἄγγελον,
3828 2296 3934 2348 οῦ-

2243 2387 2351 2433 τως
2375 2373 2520 2424 ἐστὶν
2554 2371 2774 2440 ἄτυφος.
2823 2375 2934 2426 Καί
2963 2391 3136 2443 φησιο
3173 2376 3485 2443 Κορνήλιε,
3530 2381 3929 2450 εἰσηκούσθη

2244 2474 2361 2511 σου
2396 2461 2431 2526 ἠ
2459 2459 2790 2528 προσευχὴ,
2821 2461 2918 2514 καὶ
2939 2466 2995 2516 αἱ
3027 2463 3435 2529 ἐλεημοσύναι
3467 2483 3583 2519 σου
3607 2467 3930 2536 ἐμνήσθη-

2244 2561 2365 2597 σαν
2391 2545 2646 2599 ἐνώπιον
2667 2547 2772 2600 τοῦ
2813 2550 2980 2603 Θεοῦ.
3041 2551 3288 2619 Πέμψον
3330 2548 3444 2607 οὖν
3473 2556 3560 2618 εὶς
3633 2556 3925 2624 Ἰόππην,

2244 2635 2342 2685 καὶ
2389 2635 2794 2703 μετακάλεσαι
2846 2637 3101 2706 Σίμωνα,
3155 2637 3222 2703 ὃς
3248 2640 3613 2694 ἐπικαλεῖται
3664 2643 3922 2711 Πέτρος·

2242 2721 2420 2789 οὗτος
2465 2723 2747 2787 ξενίζεται
2803 2725 2873 2777 ἐν
2929 2727 3084 2794 οἰκίᾳ
3119 2730 3382 2797 Σίμωνος
3429 2730 3706 2800 βυρσέως
3753 2739 3925 2800 παρὰ

2242 2811 2582 2866 θάλασσαν·
2615 2812 2682 2877 ὃς
2712 2815 3192 2883 παραγενόμενος
3220 2817 3480 2883 λαλήσει
3517 2837 3634 2872 σοι.
3677 2822 3923 2884 Ἐξαίν-

2241 2901 2352 2969 τῆς
2393 2897 2507 2956 οὖν
2544 2902 2784 2972 ἔπεμψα
2835 2904 2983 2970 πρὸς
3037 2905 3130 2959 σέ·
3167 2909 3248 2960 σύ
3279 2924 3340 2961 τε
3389 2907 3577 2974 καλῶς
3613 2911 3922 2979 ἐποίησας

2239 2993 2736 3059 παραγενόμενος.
2778 2992 2910 3044 Νῦν
2941 2988 3054 3046 οὖν
3080 2994 3300 3061 πάντες
3333 2996 3501 3064 ἡμεῖς
3521 2998 3778 3052 ἐνώπιον
3803 3003 3918 3056 τοῦ

2242 3079 2388 3132 Θεοῦ
2421 3079 2746 3149 πάρεσμεν,
2783 3081 3039 3135 ἀκοῦσαι
3069 3083 3264 3136 πάντα
3297 3088 3368 3138 τὰ
3420 3091 3920 3158 προστεταςγλένα

2238 3184 2337 3222 σοι
2363 3169 2477 3222 ὑπὸ
2511 3169 2616 3222 τοῦ
2641 3171 2812 3224 Θεοῦ.
2847 3169 2946 3223 Διά
2970 3170 3128 3225 τοῦτο
3195 3167 3341 3225 εἷπε·
3391 3175 3513 3228 Τίνι
3567 3179 3725 3244 λόγῳ
3769 3195 3918 3246 μετ-

2239 3255 2592 3326 επέμψασθέ
2633 3274 2748 3326 με;
2803 3259 2889 3310 ἵνα
2942 3260 3113 3314 ταῦτα
3155 3260 3327 3324 οὕτως
3371 3263 3500 3335 εἴπῃ
3537 3264 3600 3315 τά
3660 3268 3911 3335 ῥήματα.

2251 3340 2520 3407 ’Λνοίξας
2549 3341 2617 3394 δὲ
2649 3343 2868 3410 Πέτρος
2903 3344 2968 3398 τὸ
2994 3347 3185 3414 σττψα
3217 3342 3403 3399 εἷπειν
3450 3349 3572 3400 Ἐπ’
3612 3349 3912 3418 ἀληθείας

2237 3428 2782 3498 καταλαμϐάνομαι,
2834 3431 2922 3483 ὅτι
2968 3434 3079 3486 οὐκ
3116 3432 3249 3488 ἔστι
3300 3435 3830 3505 προσωπολήπτης
3876 3445 3912 3494 ὁ

2239 3515 2404 3581 Θεὸς,
2431 3517 2567 3570 ἀλλ’
2602 3518 2670 3570 ἐν
2698 3518 2874 3571 παντὶ
2903 3520 3059 3574 ἔθνει
3087 3522 3118 3573 0
3155 3523 3526 3591 φοϐούμενος
3573 3525 3761 3577 αὑτὸν
3808 3531 3909 3580 καὶ

2234 3603 2617 3673 ἐργαζόμενος
2643 3605 3058 3673 δικαιοσύνην,
3092 3607 3303 3674 δεκτὸς
3337 3609 3497 3674 αὐτῷ
3547 3611 3698 3665 ἐστι.
3725 3613 3773 3664 Τ
3776 3632 3909 3668 ουτ-

2236 3693 2402 3756 ἐστιν,
2429 3693 2492 3746 ἄν
2513 3709 2571 3745 τε
2601 3694 2938 3764 άκρόϐυστός
2973 3697 3118 3748 ἐστιν
3147 3696 3212 3750 ἄν
3231 3713 3289 3749 τε
3313 3698 3699 3768 ἑμπερίτομος.
3729 3702 3911 3756 Τοῦτο

2234 3783 2328 3834 καὶ
2380 3781 2590 3845 Παῦλος
2658 3782 2863 3854 δηλῶν,
2911 3787 2993 3838 Ού
3054 3783 3165 3853 γάρ
3223 3786 3354 3839 ἐστι
3412 3793 3909 3858 προ-σωποληψίιι

2233 3871 2391 3938 παρά
2434 3869 2513 3934 τῷ
2553 3869 2694 3935 Θεῷ.
2758 3870 2925 3939 λέγει.
2959 3871 3088 3956 Νῦν
3147 3869 3261 3926 οὖν
3314 3874 3621 3944 πάρεσμεν
3667 3877 3906 3945 πάντες

2232 3959 2424 4028 ἡμεῖς,
2461 3962 2644 4030 φησὶν,
2671 3960 2928 4014 ἐνώπιον
2959 3961 3063 4014 τοῦ
3099 3962 3266 4015 Θεοῦ.
3306 3963 3465 4034 Ὅρα,
3502 3965 3597 4035 ὅση
3626 3967 3657 4035 ἡ
3684 3966 3898 4030 πίστις,

2231 4049 2330 4118 ὅση
2377 4051 2409 4120 ή
2463 4049 2738 4102 εὐλάὸεια.
2775 4050 2964 4122 ’1,ίὸει,
3015 4051 3096 4103 ὅτι
3145 4052 3296 4104 οὐδὲν
3345 4053 3678 4123 ἀνθρώπινον
3734 4050 3895 4108 εἶπεν

2231 4139 2258 4188 0
2287 4137 2507 4208 Πέτρος,
2549 4137 2610 4188 '0
2645 4139 2786 4203 Θεὸς
2808 4137 2998 4201 ἑδειξέ
3032 4156 3150 4206 μοι,
3179 4138 3368 4192 εἰπών.
3391 4141 3482 4193 Διὸ
3507 4142 3700 4204 καὶτὸ,
3733 4143 3894 4212 Πάρς

2229 4235 2435 4288 εσμεν,
2467 4221 2726 4274 ἀκοῦσαι
2787 4223 2983 4276 πάντα
3016 4224 3087 4276 τὰ
3110 4228 3599 4295 προστεταγμένα
3651 4244 3750 4280 σοι
3772 4230 3897 4283 ὑπὸ

2231 4308 2336 4361 τοῦ
2370 4308 2537 4371 Θεοῦ,
2585 4309 2750 4377 λέγει.
2801 4311 2865 4362 Τί
2899 4307 3027 4373 οῦν;
3063 4307 3171 4381 ἆρα
3222 4310 3409 4375 δεκτὸς
3439 4313 3583 4384 αὐτῷ
3612 4315 3728 4366 ἐστι
3776 4317 3805 4368 0
3837 4318 3900 4368 ὲν

2232 4396 2484 4466 Περσίδι;
2513 4392 2658 4467 Ἂνῇ
2693 4397 2862 4463 ἄξιος,
2892 4397 3064 4469 ταύτῃ
3087 4397 3274 4462 δεκτὸς
3313 4399 3463 4452 ἔσται
3495 4399 3571 4469 τῷ
3623 4404 3901 4468 καταξιω-

2231 4482 2387 4551 θῆναι
2423 4483 2519 4552 τῆς
2545 4485 2796 4544 πίστεως.
2842 4483 3118 4537 Ἐντεῦθεν
3145 4488 3235 4538 καί
3260 4486 3349 4539 τὸν
3377 4488 3435 4554 ἐξ
3464 4487 3746 4552 Αἰθιοπίας
3769 4491 3900 4543 εὐν-

2229 4569 2387 4638 οῦχον
2443 4571 2504 4623 οὐ
2541 4571 2797 4640 περιεῖδε.
2831 4573 2937 4624 Καὶ
2979 4572 3051 4633 τί,
3081 4574 3263 4643 φησὶν,
3302 4574 3367 4627 ἂν
3402 4575 3576 4638 εἴποις
3628 4579 3900 4647 περὶτῶν

2231 4657 2494 4716 θεοσεϐῶν
2531 4661 2624 4710 καὶ
2653 4660 3052 4729 περιοφθέντων
3075 4677 3088 4723 ;
3116 4663 3346 4728 Ἄπαγε·
3372 4663 3544 4725 οὐδεὶς
3569 4669 3898 4736 περιορᾶται

2230 4745 2504 4815 θεοσεϐὴς.
2538 4748 2610 4799 οὐ
2633 4748 2740 4816 γὰρ
2771 4748 2939 4809 ἐστιν,
2962 4749 3060 4800 οὐκ
3095 4749 3208 4801 ἔστι
3243 4751 3599 4822 περιοφθῆναί
3633 4770 3754 4805 τινα
3783 4755 3899 4807 τῶν

2224 4832 2480 4884 τοιούτων
2521 4836 2669 4886 ποτε.
2709 4836 2802 4886 Ἐν
2834 4836 3010 4888 παντὶ
3042 4837 3220 4898 ἔθνει,
3265 4838 3419 4906 φησὶ,
3454 4841 3486 4892 o'
3519 4841 3894 4909 φοϐούμενος

2225 4921 2332 4970 τὸν
2361 4919 2510 4972 Θεὸν
2529 4921 2624 4972 καὶ
2649 4920 3033 4989 ἐργαζόμενος
3058 4921 3474 4992 δικαιοσύνην.
3507 4927 3896 5000 Δικαιοσύνην,

2224 5010 2322 5078 τὴν
2356 5010 2532 5060 πᾶσαν
2561 5009 2760 5080 ἀρετὴν
2791 5009 2962 5062 καλεῖ.

2305 5094 2371 5164 β’.
2415 5097 2596 5165 Ὁρᾷς,
2630 5097 2746 5158 πῶς
2779 5096 3128 5150 καταστέλλει
3161 5099 3324 5152 αὐτοῦ
3344 5101 3404 5152 τὸ
3435 5100 3687 5170 φρόνημα
3709 5103 3789 5172 τῷ
3815 5106 3897 5156 εἰ-

2227 5185 2366 5234 πεῖν·
2411 5184 2512 5235 Ἐν
2532 5181 2709 5234 παντὶ
2736 5183 2890 5234 ἐθνει
2916 5185 2948 5235 ό
2972 5186 3338 5252 φοϐούμενος
3364 5187 3467 5239 τὸν
3485 5186 3652 5250 Θεὸν,
3675 5187 3897 5258 δεκτὸς

2225 5269 2383 5334 αὐτῷ
2407 5270 2554 5341 [186]
2575 5270 2910 5334 ἑστιν;ὼσεὶ
2935 5271 3136 5339 ἔλεγεν·
3163 5274 3364 5327 Οὐδένα
3393 5275 3711 5340 ἀπωθεῖται,
3747 5279 3895 5331 πάν-

2224 5377 2320 5422 τας
2353 5363 2633 5430 προσίεται
2659 5360 2782 5421 τούς
2818 5361 3190 5424 πιστεύοντας.
3244 5357 3396 5426 Εἶτα,
3435 5364 3519 5415 ἵνα
3555 5365 3628 5436 μὴ
3656 5365 3891 5429 δόξωσιν

2225 5449 2281 5500 ὲν
2311 5446 2458 5509 τάξει
2497 5446 2922 5516 ἀπερριμμένων
2980 5441 3142 5511 εἶναι,
3186 5450 3398 5517 ἐπάγει·
3443 5451 3544 5503 Τὸν
3585 5451 3779 5518 Λόγον,
3828 5454 3892 5506 ὃν

2225 5534 2508 5586 ἀπέστειλε
2531 5537 2642 5594 τοῖς
2693 5534 2828 5596 υἱοῖς
2888 5533 3102 5605 Ἰσραὴλ
3131 5537 3616 5606 εὐαγγελιζόμενος
3661 5541 3891 5611 εἰρήνην

2222 5621 2309 5672 διὰ
2352 5619 2524 5689 Ἰησοῦ
2556 5619 2811 5689 Χριστοῦο
2845 5616 2999 5684 οῦτός
3042 5623 3157 5674 ἐστι
3185 5625 3401 5677 πάντων
3443 5625 3661 5696 Κύριος.
3696 5627 3893 5683 Ταῦτα

2221 5707 2370 5776 λέγει
2402 5707 2489 5761 διὰ
2525 5709 2652 5771 τοὺς
2675 5709 2966 5777 παρόντας,
3005 5710 3091 5762 ἵνα
3120 5713 3214 5766 καὶ
3267 5711 3509 5776 ἐκείνους
3543 5713 3722 5784 πείσῃ.
3786 5719 3892 5772 Διὰ

2221 5797 2380 5850 τοῦτο
2420 5795 2825 5867 παρασκευάζει
2888 5798 2983 5850 καὶ
3035 5800 3126 5851 τὸν
3175 5801 3474 5871 Κορνήλιον
3526 5803 3716 5855 εἰπεῖν.
3774 5809 3866 5858 Τὼ

2220 5887 2431 5954 Λόγον,
2488 5884 2668 5954 φησὶν,
2734 5884 2805 5937 ὃν
2849 5885 3168 5941 ἀπέστειλε
3230 5887 3350 5954 τοῖς
3396 5887 3542 5953 υἱοῖς
3609 5890 3882 5958 Ἰσραήλ.
