3978 6506
201 385 294 440 ΠἹ

1118 386 1184 441 ΙΝ
1221 387 1402 442 ACTA
1441 387 1962 448 AI’OSTOLOIRUM.
2005 391 2230 450 IIOMIL.
2273 397 2461 456 XXIII.

193 502 350 554 deant
380 495 583 568 lapides
609 498 850 570 pretiosi,
891 499 981 569 qui
1023 511 1183 570 caput
1237 501 1374 572 regis
1428 511 1636 556 ornant.
1689 501 1766 556 Ne

193 595 364 662 itaque
393 593 723 662 negligainus
752 602 927 647 tantas
965 593 1216 657 divitias;
1245 596 1336 650 sed
1371 597 1587 666 largiter
1623 597 1768 652 cleo-

189 699 464 755 nmsynam
509 685 830 747 inferamus,
875 695 932 740 ut
979 686 1069 740 Dei
1101 689 1426 758 benignitate
1457 690 1756 760 dignemur,

3350 411 3448 469 178

1873 510 2038 576 gratia
2066 517 2119 564 et
2148 511 2577 570 miserationibus
2605 518 2860 589 unige‘niti
2891 520 3006 591 ejus
3034 521 3189 586 Filii,
3217 526 3298 578 eui
3329 541 3444 579 om-

1871 602 1953 655 nis
1977 604 2162 672 gloria,
2193 612 2366 662 honor
2379 619 2432 663 et
2452 611 2732 681 imperium
2756 628 2857 669 una
2873 628 2992 669 cum
3015 626 3201 671 sancto
3217 618 3437 688 Spiritu,

1869 691 1920 746 in
1949 695 2139 749 saecula
2167 699 2500 754 saeculorum.
2524 705 2716 758 Amen.

1515 824 3434 855 Ἦν,-

1559 898 1906 964 HOMILIA
1962 904 2202 967 XXIII.

177 1033 303 1089 CAP.
336 1037 426 1090 10.
478 1053 528 1090 v.
560 1037 650 1091 2'5.
683 1036 921 1108 Sequenti
963 1048 1131 1092 autem
1169 1039 1280 1104 die,
1309 1040 1514 1110 inquit,
1546 1059 1756 1114 surgens

244 1127 432 1182 Petrus
452 1171 467 1191 ,
497 1132 752 1199 profectus
775 1140 846 1185 est
876 1147 988 1184 cum
1014 1131 1118 1185 illis
1142 1147 1162 1184 :
1188 1141 1234 1184 et
1257 1133 1463 1203 quidam
1488 1149 1550 1187 ea:
1579 1135 1754 1205 fratri-

239 1219 335 1272 bus
359 1223 420 1271 ab
441 1217 610 1290 .Ioppe
633 1237 750 1286 cum
769 1221 858 1274 illo
893 1232 1128 1276 venerunt
1171 1221 1464 1277 Ctesaream.
1508 1224 1597 1279 2t.
1627 1224 1752 1280 Cor-

235 1311 403 1366 nelias
427 1327 542 1365 vero
580 1313 901 1382 exspectabat
926 1313 1064 1380 illos,
1091 1316 1372 1369 convocatis
1397 1318 1620 1387 cognatis
1642 1319 1746 1373 suis

232 1415 280 1456 et
327 1406 622 1489 necessariis
663 1407 860 1460 amicis.

230 1491 288 1551 ιζ
339 1497 628 1567 Postquam
661 1500 804 1554 viros
845 1499 1180 1568 hospitaliter
1218 1502 1496 1564 traeiavit,
1537 1502 1744 1571 egredi-

164 1598 242 1641 tur
279 1605 409 1642 cum
441 1590 578 1643 illis:
615 1600 780 1645 recte.
828 1591 979 1646 Prius
1007 1593 1233 1661 benigne
1271 1609 1390 1646 cum
1419 1593 1522 1647 illis
1561 1594 1668 1663 agit
1698 1595 1738 1660 ί,

159 1691 346 1751 utpote
377 1699 442 1737 ex
475 1685 664 1738 itinere
694 1683 955 1754 fatigatis,
980 1685 1186 1754 sibique
1215 1685 1501 1740 familiares
1529 1686 1736 1754 reddit,

157 1777 486 1844 «leniumque
508 1792 606 1829 una
639 1769 1012 1846 proficiscitur.
1049 1777 1288 1848 Sequenti
1311 1789 1474 1831 autem
1514 1779 1628 1844 die,
1658 1779 1738 1832 in-

156 1868 296 1934 quit,
347 1883 560 1938 surgens
593 1869 776 1922 Petrus
799 1909 816 1936 ,
849 1870 1103 1940 profectas
1126 1881 1195 1924 est
1234 1885 1346 1922 cum
1383 1870 1482 1924 illis
1503 1887 1521 1924 :
1554 1881 1600 1924 et
1621 1872 1735 1939 qui-

155 1959 265 2010 dant
291 1961 510 2028 fratres.
536 1959 650 2014 Non
681 1961 832 2014 solus
857 2001 872 2026 ,
902 1961 995 2014 sed
1017 1969 1072 2015 et
1096 1962 1183 2014 alii
1205 1975 1324 2015 cum
1357 1962 1447 2014 illo
1476 1963 1730 2029 veniunt;

154 2051 310 2119 idque
340 2068 464 2106 cum
502 2053 728 2121 quadam
756 2054 1081 2122 providentia
1101 2095 1115 2118 ,
1146 2065 1202 2106 ut
1229 2065 1414 2122 postea
1442 2063 1603 2109 testes
1642 2069 1731 2108 es-

151 2153 297 2208 seut,
345 2144 563 2213 quando
594 2145 752 2199 Petro
778 2161 910 2216 opus
955 2146 1055 2199 fuit
1096 2146 1422 2201 defensione.
1467 2146 1730 2202 Cornelius

148 2250 256 2288 vero
293 2239 626 2306 exspectabat
665 2239 780 2292 illos
803 2280 818 2305 ,
849 2239 1131 2292 convocatis
1158 2240 1383 2319 cognatis
1411 2241 1517 2294 suis
1555 2251 1602 2294 et
1643 2257 1729 2292 ne-

147 2331 378 2384 cessariis
413 2331 611 2385 amicis.
643 2331 755 2386 Hoc
783 2333 940 2386 amici
967 2373 980 2395 ,
1011 2333 1111 2386 lioc
1137 2333 1208 2402 pii
1237 2333 1334 2386 viri
1375 2343 1454 2387 est
1479 2375 1494 2398 ,
1529 2333 1579 2387 in
1611 2333 1728 2388 tali-

147 2421 238 2473 bus
268 2421 435 2476 bonis
485 2423 688 2478 amicos
731 2438 840 2492 prae
868 2424 1113 2476 omnibus
1153 2424 1326 2478 facere
1355 2425 1550 2478 socios.
1598 2423 1726 2478 Jure

147 2512 238 2566 has
259 2524 425 2568 vocat
454 2515 647 2586 quibus
677 2515 907 2582 fidebat,
935 2515 1001 2569 de
1033 2515 1224 2570 talibus
1251 2516 1482 2569 maxime
1513 2530 1725 2586 semper

148 2602 458 2671 disserens,
510 2623 630 2674 qua:
676 2605 873 2661 frustra
923 2605 1155 2662 fortasse
1201 2607 1320 2661 aliis
1365 2609 1720 2676 exposuisset.

147 2693 401 2748 Videntur
450 2705 630 2750 autem
677 2697 806 2750 milii
852 2709 906 2752 et
951 2698 1107 2752 amici
1151 2707 1205 2752 et
1242 2700 1452 2768 cognati
1492 2700 1559 2753 ab
1607 2700 1722 2770 ipso

151 2783 299 2838 fuisse
334 2787 592 2840 instituti.
618 2787 710 2843 25.
740 2787 867 2843 Cum
905 2789 1159 2844 introisset
1181 2801 1345 2844 autem
1376 2790 1560 2846 Petrus
1583 2834 1598 2858 ,
1630 2794 1720 2847 ob-

149 2879 266 2930 viam
300 2881 435 2931 venit
471 2881 570 2950 ipsi
613 2880 908 2948 Cornelius,
939 2892 983 2937 et
1023 2885 1286 2952 procidens
1311 2885 1379 2937 ad
1419 2885 1566 2952 pedes
1606 2888 1718 2956 ejus

153 2969 382 3023 adorarit.
407 2971 501 3026 26.
539 2971 719 3026 Petrus
750 2991 863 3027 vero
917 2976 1071 3028 erexit
1099 2992 1213 3027 eum
1232 3017 1248 3041 ,
1277 2976 1442 3030 dicens
1467 2993 1486 3030 :
1515 2976 1716 3047 Surge;

161 3080 267 3114 nam
304 3073 347 3116 et
377 3082 464 3136 ego
495 3067 645 3119 homo
674 3084 801 3121 sum.
836 3068 946 3122 lloc
973 3069 1097 3122 facit
1122 3111 1136 3133 ,
1173 3070 1522 3125 humilitatem
1563 3086 1712 3125 suam

166 3156 429 3210 ostendens
447 3200 464 3224 ,
494 3157 738 3228 aliosque
764 3158 964 3214 docens
988 3161 1202 3231 Deoque
1227 3163 1424 3232 gratias
1445 3166 1580 3233 agit,
1613 3165 1711 3218 de-

163 3244 404 3316 claratque
440 3264 502 3303 se
522 3290 537 3312 ,
568 3250 774 3304 etiamsi
817 3251 997 3320 jussus
1027 3253 1096 3308 sit
1120 3294 1134 3317 ,
1166 3270 1229 3308 ex
1274 3269 1332 3310 se
1362 3264 1532 3310 tamen
1575 3259 1714 3311 mul-

159 3344 253 3389 tam
295 3337 498 3394 habere
549 3341 821 3410 pietatem.
867 3343 1004 3408 Quid
1054 3360 1182 3414 ergo
1231 3346 1462 3402 Petrus?
1502 3346 1711 3419 Surge;

143 3443 249 3478 nam
275 3439 320 3482 et
347 3447 440 3500 ego
474 3432 624 3486 homo
663 3449 795 3486 sum.
831 3433 1037 3502 Viden',
1069 3437 1340 3506 quomodo
1366 3447 1487 3492 ante
1529 3440 1707 3493 omnia

135 3515 247 3572 illus
268 3522 468 3576 docent
489 3564 504 3589 ,
530 3540 599 3579 ne
627 3525 752 3594 quid
780 3541 1028 3596 magnum
1059 3527 1125 3582 de
1145 3543 1203 3583 se
1225 3529 1494 3584 sentiant?
1522 3530 1612 3584 27.
1641 3529 1709 3584 Et

128 3611 328 3679 loquens
353 3630 479 3666 cum
498 3613 588 3668 illo
607 3655 622 3679 ,
653 3615 858 3670 intravit
883 3633 901 3670 .'
928 3628 975 3671 et
1001 3618 1187 3672 invenit
1213 3619 1399 3674 multos
1422 3621 1507 3692 qui
1529 3638 1708 3676 conve-

122 3714 333 3769 nerant,
385 3703 484 3759 28.
527 3703 754 3777 dixitque
791 3707 861 3760 ad
889 3707 1044 3762 illos:
1086 3707 1186 3763 Vos
1233 3711 1404 3776 scitis,
1457 3713 1706 3782 quomodo

117 3797 468 3851 abominatum
498 3798 562 3852 sit
589 3800 693 3854 viro
712 3799 896 3854 Judwa
922 3803 1163 3873 conjungi
1232 3813 1320 3856 aut
1346 3805 1578 3860 accedere
1639 3805 1708 3858 ad

115 3888 483 3959 alienigenam.
515 3890 645 3946 Vide
665 3934 680 3959 ,
715 3901 775 3946 ut
799 3893 980 3947 statim
1010 3893 1076 3948 de
1109 3894 1198 3948 Dei
1230 3894 1559 3965 benignitate
1597 3896 1707 3951 dis-

112 3992 286 4048 serat,
323 3982 688 4054 ostendatque
728 3985 900 4054 ipsum
942 4001 1132 4055 magna
1179 3986 1282 4042 illis
1313 3988 1554 4057 largitum
1585 4002 1705 4042 esse

113 4071 270 4125 bona.
297 4071 426 4128 Non
457 4075 561 4130 hoc
585 4076 756 4129 solum
784 4076 1152 4131 admirandum
1179 4077 1265 4132 bic
1288 4089 1390 4144 est,
1413 4079 1552 4149 quod
1579 4080 1701 4136 talia

112 4166 395 4234 loquatur;
438 4166 537 4221 sed
577 4177 630 4222 et
656 4168 926 4238 quomodo
959 4170 1117 4224 simul
1156 4182 1210 4224 et
1240 4186 1426 4241 magna
1459 4171 1703 4242 loquatur

109 4269 159 4310 ct
187 4259 442 4314 modeste
472 4271 612 4330 agat.
643 4260 762 4315 Non
790 4262 924 4316 dixit
947 4263 1090 4318 enim
1115 4281 1128 4318 :
1158 4263 1262 4318 Nos
1291 4265 1380 4334 qui
1410 4264 1478 4318 ad
1526 4265 1699 4319 nemi-

107 4369 224 4405 nem
248 4353 529 4408 accedere
558 4353 840 4424 dignamur
859 4397 873 4419 ,
901 4355 969 4410 ad
992 4372 1085 4410 vos
1113 4357 1389 4421 venimus;
1420 4357 1513 4412 sed
1536 4358 1699 4428 quid?

117 4443 210 4498 Vos
231 4445 382 4499 scitis
410 4445 582 4515 (Deus
604 4446 705 4501 hoc
726 4447 914 4516 jussit,
939 4447 1131 4518 inquit)
1156 4491 1168 4514 ,
1196 4449 1425 4519 iniquunt
1453 4465 1560 4504 esse
1581 4467 1702 4504 con-

99 4537 243 4604 jungi
289 4547 388 4590 aut
415 4537 657 4592 accedere
683 4539 752 4591 ad
791 4538 1144 4609 alienigenam.
1191 4538 1392 4595 Deinde
1422 4556 1490 4596 ne
1529 4542 1581 4595 in
1606 4542 1700 4597 illo

102 4629 331 4694 gratiam
389 4638 630 4694 statuat,
674 4629 888 4684 subdit:
929 4630 994 4684 Et
1021 4632 1145 4685 milii
1169 4630 1310 4686 Deus
1335 4633 1581 4698 ostendit,
1615 4651 1700 4689 ne-

100 4721 285 4773 minem
341 4736 664 4776 communem
715 4733 802 4776 aut
855 4723 1168 4776 immundum
1210 4723 1375 4778 dicere
1426 4726 1695 4779 hominem.

102 4810 208 4864 lloc
247 4811 574 4881 subjungit,
609 4828 679 4868 ne
706 4813 944 4869 videatur
973 4815 1175 4869 adulari
1212 4815 1330 4885 ipsi.
1357 4815 1449 4872 29.
1480 4816 1699 4886 Propter

97 4903 229 4968 quod
255 4905 379 4956 sine
401 4905 808 4959 contradictione
849 4907 960 4959 veni
986 4908 1277 4961 accersitus.
1311 4907 1386 4963 Ne
1413 4918 1695 4978 putarent,

99 4997 193 5048 etsi
225 5013 318 5050 res
356 4997 543 5050 illicita
573 5006 752 5062 esset,
781 5012 840 5052 se
868 5007 1053 5067 utpote
1083 4999 1310 5069 principi
1339 5015 1402 5055 ea
1437 5001 1504 5055 de
1535 5017 1694 5057 causa
1737 5023 1740 5026 ’

97 5089 536 5156 obtemperasse,
567 5089 661 5144 sed
694 5099 859 5145 totum
885 5093 996 5146 Deo
1028 5093 1379 5162 imputarent,
1407 5112 1509 5148 non
1535 5097 1696 5151 modo

98 5183 354 5251 .imjnngi
383 5224 399 5249 ,
432 5183 526 5236 sed
556 5185 717 5236 etiam
749 5184 1004 5239 accedere
1030 5201 1137 5239 non
1170 5186 1331 5240 licere
1354 5186 1502 5242 dicit.
1533 5187 1698 5243 Inter-

100 5292 213 5341 ruga
244 5292 382 5345 ergo
405 5315 420 5336 ,
458 5291 608 5344 quant
637 5275 698 5328 ob
725 5291 929 5330 causam
954 5278 1233 5331 accersistis
1259 5295 1353 5332 me.
1387 5279 1501 5333 Non
1546 5280 1696 5346 igno-

102 5381 218 5419 mus
261 5367 580 5435 interrogat
609 5383 622 5418 :
657 5367 856 5421 sciebat
884 5368 1024 5422 enim
1058 5378 1224 5423 totum
1253 5370 1438 5424 Petrus
1474 5386 1504 5425 a
1533 5373 1694 5426 visio-

101 5473 162 5510 ne
205 5458 496 5512 edoctus:
540 5458 786 5512 audierat
834 5460 994 5514 etiam
1042 5477 1072 5515 a
1120 5461 1414 5529 militibus;
1447 5462 1541 5518 sed
1582 5465 1694 5518 vult

156 5613 169 5640 ι
208 5609 266 5679 In
291 5623 413 5679 uno
437 5611 724 5679 exemplari,
741 5611 819 5661 bis
836 5613 1039 5679 omissis
1060 5615 1229 5679 verbis
1245 5650 1260 5674 ,
1285 5622 1532 5679 postquam
1567 5616 1694 5667 viros

101 5669 420 5739 hospitaliter
436 5669 676 5739 tractavit,
695 5669 944 5739 egreditur
969 5688 1078 5739 cum
1101 5675 1200 5727 illis
1224 5669 1416 5737 :rccte,
1443 5679 1505 5727 ab
1527 5679 1603 5728 bis
1622 5681 1694 5727 in-

101 5744 287 5802 cipitur,
319 5733 475 5802 Prius
500 5734 701 5802 benigne
723 5733 834 5802 cum
856 5736 954 5802 illis
969 5738 1084 5802 agit.
1107 5746 1368 5802 l’ossetque
1390 5733 1481 5789 boc
1504 5741 1694 5790 initium

101 5797 316 5866 lucrm,
343 5798 444 5847 sed
465 5797 645 5849 melius
663 5800 889 5856 incipitur
913 5801 974 5850 ab
999 5797 1093 5852 illis
1115 5797 1310 5862 verbis,
1343 5809 1590 5866 postquam
1625 5802 1690 5853 vi-

102 5864 185 5918 'ue,
213 5868 316 5908 etc.

1862 1047 1980 1102 illos
2010 1050 2236 1118 primum
2281 1054 2556 1124 conﬁteri,
2588 1068 2642 1113 et
2670 1059 2789 1116 ﬁdei
2828 1062 3087 1119 obnoxios
3128 1065 3261 1119 fieri.
3292 1065 3429 1132 Quid

1855 1155 1982 1210 ergo
2003 1144 2319 1202 Cornelius?
2339 1148 2452 1204 Non
2481 1149 2636 1216 dixit,
2663 1153 2778 1207 Non
2811 1156 2902 1208 tibi
2928 1157 3120 1212 milites
3139 1158 3428 1214 dixerunt?

1853 1233 1947 1286 sed
1976 1234 2129 1302 vide,
2163 1252 2321 1306 quam
2352 1251 2630 1298 mansuete
2659 1255 2712 1298 et
2739 1245 3007 1302 humiliter
3038 1249 3306 1319 loquatur.
3331 1251 3423 1306 50.

1851 1323 1897 1376 Α
1923 1337 2104 1392 quarta
2146 1327 2227 1382 die
2255 1347 2409 1400 usque
2439 1334 2490 1388 in
2521 1335 2650 1389 hanc
2677 1336 2853 1391 horam
2882 1356 3019 1393 eram
3053 1342 3326 1412 jejuuans,
3376 1353 3423 1396 et

1849 1429 1983 1467 nona
2021 1417 2147 1470 liora
2174 1436 2311 1474 erant
2327 1440 2486 1478 orans
2524 1425 2576 1479 in
2604 1427 2754 1480 domo
2784 1446 2895 1482 mea
2917 1447 2936 1484 :
2963 1441 3009 1484 et
3036 1449 3146 1486 ecce
3183 1437 3260 1487 vir
3285 1437 3419 1489 stetit

1846 1520 2016 1559 coram
2042 1525 2120 1561 me
2145 1511 2198 1563 in
2225 1515 2403 1567 vestitu
2448 1515 2716 1586 splendido
2740 1560 2754 1582 ,
2799 1531 2844 1573 et
2883 1523 2996 1576 ait:
3041 1524 3128 1578 51.
3177 1523 3416 1593 Corneli,

1845 1598 2082 1678 exaudita
2106 1611 2182 1653 est
2205 1604 2365 1658 oratio
2390 1615 2476 1659 tua
2498 1648 2514 1672 ,
2546 1618 2593 1660 et
2618 1609 2944 1682 eleemosyna:
2965 1622 3065 1667 tua:
3084 1617 3417 1670 ascenderunt

1841 1687 1896 1741 in
1925 1694 2216 1747 memoriam
2243 1697 2296 1749 in
2325 1712 2592 1768 conspectu
2621 1701 2741 1756 Dei.
2774 1703 2838 1756 Et
2865 1721 2999 1758 nona
3026 1707 3170 1772 liora,
3207 1709 3374 1778 inquit
3394 1749 3412 1775 ,

1841 1798 2011 1839 orans.
2041 1787 2174 1852 Quid
2205 1788 2306 1844 lioc
2331 1793 2450 1846 est?
2479 1793 2694 1850 Videtur
2726 1797 2854 1851 mihi
2896 1800 2996 1854 sibi
3023 1810 3260 1870 tempora
3287 1818 3417 1857 cono

1839 1874 2074 1932 stituissc
2096 1884 2439 1939 aceuratioris
2461 1886 2581 1941 vitae
2607 1888 2658 1940 in
2687 1889 3001 1958 quibusdam
3024 1893 3246 1948 diebus:
3275 1894 3415 1949 ideo-

1837 1980 1938 2031 que
1969 1968 2072 2035 ait,
2117 1970 2161 2023 A
2191 1984 2372 2042 quarta
2417 1976 2516 2030 die.
2561 1979 2693 2035 Vide
2715 2021 2729 2046 ,
2765 1993 2957 2052 quanta
2987 2000 3074 2039 res
3102 1986 3170 2040 sit
3215 1989 3410 2043 oratio.

1836 2059 2058 2125 Quando
2090 2064 2140 2117 in
2168 2067 2362 2134 pietate
2390 2071 2634 2140 profecit,
2669 2083 2790 2131 tunc
2818 2087 3039 2146 apparet
3067 2080 3140 2134 illi
3166 2083 3406 2150 angelus.

1837 2151 1960 2207 llaec
1979 2169 2078 2208 una
2103 2156 2216 2212 dies
2235 2171 2376 2227 erat;
2401 2177 2463 2218 ea
2487 2180 2588 2233 qua
2611 2166 2856 2222 abierunt
2875 2171 2930 2236 ii,
2952 2174 3040 2240 qui
3064 2174 3210 2228 missi
3231 2175 3406 2241 erant,

1834 2260 1972 2309 una;
2011 2265 2112 2318 qua
2143 2266 2424 2320 venerunt,
2457 2273 2642 2312 rursus
2665 2277 2807 2326 una;
2841 2272 2894 2316 et
2919 2275 3105 2334 quarta
3135 2268 3404 2336 apparuit,

1833 2338 1903 2391 ita
1932 2351 1989 2393 ut
2016 2343 2085 2395 sit
2110 2345 2339 2399 secunda
2368 2358 2487 2415 post
2515 2365 2653 2416 eam,
2678 2369 2781 2422 qua
2805 2367 3052 2423 precatus
3071 2368 3172 2413 est.
3201 2359 3265 2413 Et
3285 2377 3399 2415 ecce

1828 2431 1904 2484 vir
1919 2436 2054 2486 stetit
2070 2451 2237 2489 coram
2255 2454 2332 2491 me
2351 2441 2400 2493 in
2419 2452 2548 2494 veste
2561 2443 2968 2512 splendida.Non
2987 2451 3232 2519 angelum
3245 2451 3397 2518 dicit;

1829 2523 1900 2577 ita
1922 2526 2125 2581 alienus
2143 2539 2257 2584 erat
2277 2547 2303 2583 a
2323 2531 2480 2586 fastu.
2503 2534 2568 2588 Et
2587 2537 2688 2590 ait:
2707 2537 2924 2603 Corneli,
2945 2543 3180 2596 exaudita
3199 2554 3402 2599 estora-

1827 2617 1896 2669 tio
1932 2628 2016 2670 tua
2035 2659 2051 2683 ,
2081 2629 2128 2674 et
2168 2621 2494 2694 eleemosynaz
2523 2637 2622 2679 tua:
2665 2632 2998 2686 ascenderunt
3027 2634 3082 2688 in
3109 2639 3400 2690 memoriam

1823 2708 1877 2760 in
1907 2722 2174 2779 conspectu
2210 2713 2324 2767 Dei.
2350 2717 2438 2771 52.
2465 2717 2614 2772 Mitte
2649 2737 2768 2790 ergo
2798 2723 2850 2776 in
2878 2722 3080 2795 lappen
3099 2767 3115 2791 ,
3144 2737 3190 2780 et
3213 2729 3402 2784 accersi

1825 2801 2120 2871 Simonem,
2153 2809 2240 2877 qui
2263 2814 2650 2880 cognominatur
2669 2814 2855 2870 Petrus
2883 2833 2902 2872 :
2924 2819 3005 2871 hic
3032 2821 3318 2890 hospitatur
3341 2823 3396 2877 in

1821 2897 1970 2950 domo
1999 2897 2222 2954 Simonis
2243 2903 2448 2956 coriarii
2477 2905 2631 2974 juxta
2660 2924 2800 2960 mare
2822 2923 2842 2961 :
2865 2911 2951 2978 qui
2991 2911 3073 2963 ubi
3101 2913 3398 2980 advenerit,

1819 2990 2048 3058 loquetur
2076 2991 2181 3047 tibi.
2212 2994 2300 3048 55.
2346 2995 2620 3067 Confestim
2649 3015 2766 3070 ergo
2793 3000 2906 3052 misi
2929 3001 2998 3055 ad
3025 3012 3072 3065 te
3097 3017 3118 3057 :
3145 3013 3192 3056 et
3219 3014 3274 3058 tu
3299 3005 3388 3059 be-

1818 3101 1882 3137 ne
1905 3086 2066 3151 fecisti
2090 3089 2350 3142 veniendo.
2384 3088 2538 3145 Nunc
2567 3108 2683 3162 ergo
2717 3110 2888 3147 ontnes
2925 3111 3016 3148 nos
3044 3097 3097 3148 in
3121 3109 3392 3167 conspectu

1816 3175 1913 3230 Dei
1950 3177 2218 3246 adsumus,
2247 3191 2304 3234 ut
2331 3183 2600 3237 audiamus
2623 3186 2820 3250 omnia,
2857 3201 2970 3255 qua:
3009 3187 3098 3240 tibi
3139 3199 3391 3259 prweepta

1815 3277 1930 3322 sunt
1967 3287 1998 3322 a
2027 3270 2156 3326 Deo.
2188 3271 2311 3327 Ideo
2340 3273 2510 3338 dixit,
2545 3274 2656 3338 Qua
2684 3276 2746 3328 de
2767 3293 2918 3331 causa
2943 3280 3226 3334 accersistis
3255 3297 3336 3334 me
3355 3282 3384 3336 ?

1815 3371 1873 3416 ut
1899 3362 2012 3416 lucc
2049 3363 2125 3416 sic
2151 3364 2310 3419 verba
2336 3365 2495 3419 dicat.
2527 3368 2614 3421 54.
2657 3367 2902 3437 Aperiens
2925 3379 3091 3422 autem
3120 3369 3305 3424 Petrus
3329 3381 3386 3424 0s

1815 3471 1994 3522 suum,
2025 3457 2154 3510 dixit
2176 3474 2195 3511 :
2223 3456 2291 3510 In
2316 3458 2519 3511 veritate
2541 3461 2794 3529 comperi,
2825 3460 2961 3529 quod
2984 3477 3086 3514 non
3124 3462 3192 3515 sit
3213 3478 3385 3532 perso-

1814 3563 1992 3600 narum
2033 3559 2264 3618 acceptor
2284 3549 2456 3615 Deus;
2499 3550 2586 3604 55.
2618 3552 2705 3604 sed
2751 3553 2802 3604 in
2844 3553 2980 3605 omni
3007 3563 3180 3622 gente,
3209 3553 3296 3623 qui
3321 3554 3388 3606 ti-

1814 3649 1910 3693 met
1951 3640 2096 3694 illum
2125 3651 2172 3694 et
2198 3652 2433 3711 aperatur
2452 3643 2708 3712 justitiam
2727 3687 2742 3710 ,
2771 3655 3004 3714 acceptus
3032 3646 3110 3699 illi
3151 3655 3241 3700 est.
3271 3646 3386 3700 IIoc

1777 3751 1782 3756 '
1811 3739 1927 3795 est,
1975 3734 2086 3784 sive
2116 3734 2458 3802 praiputiatus
2486 3735 2572 3798 sit,
2604 3736 2716 3789 sive
2757 3736 3125 3791 circumcisus.
3174 3737 3288 3791 iloc
3331 3747 3386 3793 et

1811 3823 2007 3877 Paulus
2055 3827 2133 3879 sic
2175 3826 2449 3891 declarat,
2496 3827 2618 3882 Non
2663 3838 2736 3882 est
2787 3846 3115 3898 personarum
3158 3831 3384 3901 acceptio

1809 3918 1949 3984 apud
1987 3917 2146 3972 Deum
2175 3919 2349 3989 (Rom.
2379 3920 2434 3972 2.
2468 3921 2576 3991 II).
2609 3920 2764 3975 Nunc
2792 3938 2912 3992 ergo
2941 3923 3183 3977 adsumus
3211 3941 3383 3978 omnes

1808 4026 1932 4073 nos,
1966 4010 2174 4080 inquit,
2223 4011 2276 4064 in
2323 4023 2589 4082 conspectu
2637 4012 2753 4065 Dei.
2803 4013 2934 4069 Vide
2977 4023 3170 4083 quanta
3201 4015 3334 4068 ﬁdes
3365 4056 3380 4078 ,

1808 4111 2002 4172 quanta
2028 4103 2214 4172 pietas.
2235 4103 2446 4158 Sciebat
2470 4103 2594 4158 nihil
2621 4104 2908 4158 humanum
2935 4105 3114 4161 dicere
3140 4105 3376 4171 Petrum;

1807 4194 1943 4248 Deus
1969 4195 2183 4248 ostendit
2211 4195 2365 4265 mihi,
2397 4196 2547 4249 dixit.
2579 4195 2702 4249 Ideo
2728 4206 2780 4251 et
2806 4197 2932 4251 illud
2954 4237 2969 4262 ,
2997 4198 3252 4252 Adsumus
3274 4239 3291 4265 ,
3321 4207 3377 4252 ut

1760 4297 1764 4301 '
1808 4289 2075 4343 audiamus
2098 4289 2268 4342 omnia
2290 4331 2305 4353 ,
2336 4305 2448 4357 qua:
2467 4289 2553 4342 tibi
2583 4299 2831 4360 praecepta
2859 4301 2971 4345 sunt
2998 4307 3031 4344 α
3062 4291 3187 4344 Deo.
3230 4291 3369 4358 Quid

1807 4385 1978 4453 ergo?
2008 4400 2130 4437 num
2177 4392 2427 4452 acceptus
2453 4391 2534 4436 est
2561 4381 2634 4435 illi
2666 4382 2738 4448 is,
2767 4383 2855 4452 qui
2901 4392 2983 4437 est
3021 4383 3074 4437 in
3117 4382 3378 4438 Perside?

1808 4475 1862 4529 Si
1892 4475 2081 4544 dignus
2110 4474 2208 4538 sit,
2241 4475 2312 4528 ita
2336 4484 2584 4543 acceptus
2611 4475 2746 4540 erit,
2778 4485 2829 4528 ut
2861 4474 3015 4528 fidem
3038 4485 3374 4544 assequalur.

1805 4566 1940 4621 Ilinc
1967 4568 2126 4621 etiam
2172 4566 2474 4621 eunuchum
2497 4582 2561 4621 ex
2588 4565 2854 4634 AStliiopia
2885 4583 2988 4621 non
3015 4567 3275 4638 despexit.
3309 4567 3377 4622 Et

1805 4659 1966 4728 quid,
2017 4659 2257 4728 inquies,
2303 4659 2502 4712 dixeris
2545 4659 2613 4713 de
2657 4659 2917 4728 religiosis
2954 4660 3079 4712 viris
3105 4699 3119 4721 ,
3148 4659 3234 4728 qui
3279 4658 3374 4712 de-

1806 4751 1972 4819 specti
2020 4750 2478 4815 fuerunt?Absit,
2525 4766 2682 4804 nemo
2735 4751 3014 4820 religiosus
3061 4751 3352 4821 despicitur

1803 4843 1917 4898 Non
1947 4852 2119 4912 potest
2145 4845 2285 4898 enim
2307 4884 2322 4909 ,
2351 4859 2460 4897 non
2491 4853 2667 4912 potest
2692 4844 2876 4911 utique
2903 4842 3101 4910 despici
3130 4844 3219 4911 qui
3248 4841 3367 4895 talis

1803 4944 1904 4989 est.
1936 4935 2000 4988 In
2032 4936 2166 4988 omni
2193 4945 2336 5006 gente
2356 4977 2368 4999 ,
2403 4936 2572 5005 inquit
2594 4978 2608 4997 ,
2641 4936 2728 5004 qui
2756 4936 2896 4986 timet
2925 4933 3086 4986 Deum
3113 4943 3159 4987 et
3192 4949 3370 5003 opera-

1805 5037 1885 5080 tur
1904 5028 2176 5096 justitiam.
2207 5027 2473 5080 Jttsliliam
2505 5035 2658 5080 vocat
2694 5041 2905 5079 omnem
2934 5025 3204 5080 virtutem.

1872 5119 1924 5173 2.
1959 5118 2133 5181 Vides,
2160 5129 2216 5172 ut
2236 5119 2502 5187 deprimat
2525 5117 2664 5170 illius
2685 5116 2960 5170 sublimem
2990 5131 3224 5177 sensum,
3247 5131 3367 5170 cum

1802 5214 1930 5268 dicit
1956 5231 1968 5267 :
1998 5213 2061 5266 In
2090 5213 2225 5266 omni
2249 5222 2391 5282 gente
2417 5211 2500 5280 qui
2527 5212 2662 5262 timet
2685 5208 2870 5273 Deum,
2893 5219 3127 5279 acceptus
3157 5219 3226 5262 est
3252 5207 3368 5261 illi?

1803 5323 1864 5359 ac
1910 5306 1955 5359 si
2001 5305 2235 5367 diceret,
2282 5303 2556 5357 Neminem
2607 5303 2844 5372 repellit,
2875 5317 3060 5356 omnes
3088 5301 3368 5357 credentes

1801 5398 2052 5451 admittit.
2081 5396 2293 5453 Deinde.
2329 5405 2386 5448 ut
2414 5410 2480 5449 ne
2502 5395 2779 5450 videantur
2810 5396 2946 5449 inter
2965 5395 3199 5463 abjectos
3225 5410 3365 5458 esse,

1802 5489 1980 5543 subdit
2007 5507 2019 5542 :
2044 5489 2130 5543 56.
2166 5487 2380 5540 Verbum
2400 5487 2535 5556 quod
2558 5487 2690 5540 misit
2713 5487 2832 5554 ﬁliis
2861 5485 3046 5550 Israel,
3067 5487 3371 5540 annuntians

1802 5597 1973 5651 pacem
2004 5597 2091 5650 per
2111 5577 2286 5631 Jesum
2317 5577 2613 5632 Christum:
2643 5579 2724 5631 llic
2751 5590 2822 5632 est
2849 5580 3069 5632 omnium
3096 5579 3368 5658 Dominus.-

1801 5671 1926 5725 Ilaec
1953 5669 2080 5724 dicit
2107 5669 2157 5722 in
2185 5671 2524 5739 praesentium
2545 5672 2790 5740 gratiam,
2811 5679 2870 5723 ut
2898 5669 3004 5722 illis
3038 5667 3368 5737 persaadeat.

1801 5761 1925 5815 Ideo
1949 5769 2135 5827 curat,
2167 5770 2226 5813 ut
2265 5760 2541 5813 Cornelius
2581 5761 2843 5830 loquatur.
2884 5757 3128 5820 Verbum,
3161 5757 3366 5825 inquit,

1797 5856 1930 5925 quod
1962 5854 2095 5908 misit
2136 5854 2260 5925 ﬁliis
2282 5851 2468 5910 lsracl.
2503 5853 2660 5921 Vide,
2687 5852 2788 5907 illis
2811 5852 3019 5908 interim
3056 5850 3142 5904 dat
3175 5866 3370 5920 pra-ro—
