3978 6502
604 375 708 434 179

604 494 856 564 gativam.
886 487 1088 545 Deinde
1112 486 1238 542 illos
1257 492 1421 540 testes
1451 481 1675 544 inducit,
1706 478 1925 533 dicens:
1953 476 2040 531 57.
2078 473 2178 528 Vos

606 583 744 637 scitis
770 580 989 643 verbum,
1019 578 1153 650 quod
1178 580 1369 648 factum
1400 584 1471 629 est
1501 589 1589 643 per
1615 572 1895 624 universam
1919 566 2179 633 Judteam,

609 678 854 747 incipiens
893 692 924 728 a
957 673 1173 729 Gali/ica
1195 712 1209 736 ,
1244 679 1357 740 post
1400 668 1649 737 baptisma
1671 706 1686 727 ,
1712 664 1846 734 quod
1889 660 2181 731 praedicavit

607 769 851 825 Joannes.
884 765 1034 835 Quod
1068 765 1145 819 sic
1186 776 1272 832 res
1313 760 1540 824 habeat,
1570 773 1633 811 ex
1665 753 2009 824 sequentibus
2047 765 2180 805 con-

610 864 806 915 lirtnat.
854 859 941 913 58.
981 856 1215 910 Jesuma
1244 851 1536 910 Nazareth.
1581 847 1830 920 quomodo
1878 844 2023 898 unxit
2066 857 2180 897 eum

610 951 751 1007 Deus
782 950 981 1019 Spiritu
1007 957 1183 1002 sancto
1220 955 1266 1000 et
1306 945 1505 997 virtute.
1530 940 1643 996 Non
1671 939 1842 1003 dixit,
1886 935 2063 991 Nostis
2088 932 2180 988 Je-

607 1061 724 1097 sum
768 1043 966 1113 (neque
1010 1040 1154 1094 enim
1198 1034 1516 1103 noverant);
1546 1032 1640 1087 sed
1674 1047 1793 1100 quae
1822 1029 1891 1084 ab
1929 1029 2019 1082 illo
2044 1026 2180 1081 facta

606 1145 765 1198 sunt,
795 1140 996 1187 narrat.
1032 1131 1133 1198 Qui
1172 1128 1463 1200 pertransiit
1490 1122 1848 1195 benefaciendo
1883 1130 1928 1176 et
1954 1119 2182 1174 sanando

606 1242 777 1281 omnes
802 1241 1066 1297 oppressos
1090 1242 1123 1278 a
1156 1223 1379 1277 diabolo.
1410 1220 1543 1275 Hinc
1573 1218 1807 1272 ostendit
1832 1217 2027 1271 multas
2066 1230 2184 1269 mu-

606 1319 876 1373 tilationes
904 1316 1219 1380 diabolicas,
1252 1325 1307 1369 et
1329 1313 1571 1382 corporis
1601 1311 1751 1366 labes
1779 1309 1844 1362 ab
1874 1308 1965 1361 illo
1991 1306 2179 1362 factas.

594 1412 863 1478 Quoniam
893 1409 1029 1463 Deus
1058 1420 1163 1462 erat
1192 1424 1314 1461 cum
1346 1406 1459 1460 illo.
1490 1406 1722 1459 Rursum
1765 1402 1983 1457 humilia
2014 1399 2186 1469 loqui-

608 1516 696 1555 tur
714 1544 729 1567 ,
758 1518 863 1556 non
896 1504 1011 1556 sine
1036 1512 1199 1555 causa
1223 1508 1379 1569 puto,
1408 1497 1501 1553 sed
1531 1505 1750 1565 propter
1775 1492 2182 1547 humanitatem.

610 1595 697 1650 59.
732 1594 798 1648 Et
826 1611 917 1649 nos
949 1604 1092 1649 testes
1120 1610 1294 1648 sumus
1320 1592 1546 1646 omnium
1568 1632 1581 1657 ,
1608 1605 1721 1662 quae
1748 1587 1865 1659 fecit
1895 1588 1949 1640 in
1968 1585 2187 1669 .regione

605 1684 905 1740 Judteorum
933 1698 979 1739 et
1002 1684 1308 1739 Jerusalem.
1342 1683 1409 1738 Et
1436 1698 1551 1748 vos,
1578 1682 1770 1752 inquit,
1800 1690 1854 1735 et
1880 1694 1997 1733 nos.
2026 1677 2186 1743 Quem

607 1789 655 1832 et
696 1780 984 1833 occiderunt
1025 1777 1386 1846 suspendentes
1428 1776 1481 1829 in
1530 1776 1688 1843 ligno.
1740 1772 1836 1826 Hic
1881 1771 2186 1840 passionem

610 1864 881 1933 pnedicat.
914 1863 1003 1917 ιθ.
1040 1861 1192 1915 Hunc
1218 1860 1358 1915 Deus
1385 1859 1646 1914 suscitavit
1672 1858 1817 1911 tertia
1837 1856 1918 1909 die
1935 1897 1951 1923 ,
1978 1864 2023 1909 et
2050 1854 2185 1907 dedit

608 1970 723 2008 eum
765 1955 1089 2025 manifestum
1134 1954 1244 2020 ﬁeri
1265 1994 1280 2013 .
1310 1953 1398 2006 ll.
1440 1966 1541 2004 non
1570 1950 1708 2003 omni
1734 1948 1922 2018 populo
1941 1989 1956 2013 ,
1984 1946 2071 2000 sed
2109 1956 2185 1999 te-

606 2048 765 2101 stibus
803 2046 1155 2117 praeordinatis
1180 2062 1212 2097 a
1240 2044 1369 2111 Deo,
1395 2044 1536 2098 nobis
1560 2045 1646 2114 qui
1686 2042 2097 2095 manducavimus
2139 2048 2187 2093 et

606 2138 819 2195 bibimus
856 2157 969 2194 cum
1015 2157 1073 2195 eo
1093 2180 1110 2206 ς
1143 2150 1408 2209 postquam
1447 2139 1719 2193 resurrexit
1748 2154 1781 2190 a
1814 2137 2047 2191 mortuis.
2076 2134 2186 2189 Hoc

552 2259 559 2265 -
610 2235 898 2307 niaximum
953 2233 1364 2288 resurrectionis
1410 2239 1782 2302 argumentum
1828 2237 1930 2283 est.
1977 2228 2066 2282 42.
2123 2227 2187 2281 Et

608 2324 845 2395 prmeepit
892 2324 1035 2378 nobis
1085 2324 1363 2394 prtedicare
1405 2322 1594 2394 populo
1636 2330 1683 2374 et
1727 2320 2017 2388 testiﬁcari,
2067 2320 2186 2389 quia

604 2415 715 2479 ipse
744 2424 854 2480 est,
884 2415 971 2484 qui
998 2416 1299 2468 constitutus
1324 2423 1397 2468 cst
1423 2431 1455 2466 a
1481 2413 1589 2467 Deo
1662 2411 1827 2481 judea;
1869 2412 2093 2465 vivorum
2140 2418 2185 2463 et

604 2516 942 2561 mortuorum.
980 2506 1223 2576 Magnum
1252 2506 1412 2559 etiam
1446 2505 1548 2558 hoc
1571 2545 1585 2568 ,
1620 2512 1678 2557 ut
1718 2504 1820 2556 lide
1860 2501 2049 2570 dignos
2088 2499 2185 2555 de-

606 2609 901 2654 monstret.
939 2600 1058 2669 Ipse
1102 2615 1232 2653 vero
1277 2599 1639 2654 testimonium
1688 2594 1925 2660 inducit,
1955 2594 2183 2649 dicens:

604 2691 692 2745 45.
736 2689 874 2744 Huic
900 2707 1069 2745 omnes
1122 2693 1379 2762 prapheta:
1418 2688 1754 2744 testimonium
1784 2686 2073 2757 perhibent,
2098 2701 2183 2739 re-

606 2783 891 2836 missionem
935 2784 1162 2853 accipere
1192 2799 1279 2851 per
1319 2798 1499 2835 nomen
1542 2781 1651 2850 ejus
1677 2794 1876 2833 omnem
1914 2778 2000 2848 qui
2028 2777 2184 2831 credit

604 2875 658 2926 in
690 2874 851 2927 illum.
890 2874 1013 2928 Hrec
1039 2873 1315 2944 praedictio
1344 2882 1429 2928 est
1452 2887 1639 2928 eorum
1661 2913 1675 2937 ,
1706 2887 1824 2940 qua:
1861 2879 1981 2941 post
2007 2869 2182 2924 futura

602 2973 788 3028 erant;
810 2972 969 3034 quam
991 2963 1338 3027 conﬁrmans,
1364 2963 1652 3034 prephetas
1691 2974 1993 3031 opportune
2018 2969 2182 3016 testes

605 3054 841 3109 adhibet.
864 3054 967 3110 Sed
991 3066 1408 3129 repetantuspa,
1433 3071 1550 3125 quae
1576 3055 1643 3110 de
1669 3053 1919 3109 Cornelio
1940 3054 2183 3123 superius

602 3144 744 3199 dicta
790 3155 932 3200 sunt.
978 3146 1152 3212 Misit,
1197 3147 1400 3217 inquit,
1444 3148 1498 3200 in
1542 3144 1767 3215 .Ioppen,
1811 3154 1865 3198 ut
1907 3154 2182 3198 accerseret

604 3236 834 3290 Petrum.
868 3236 1098 3291 Omnino
1128 3247 1409 3292 venturum
1438 3234 1704 3291 credidit:
1752 3234 1875 3289 ideo
1918 3233 2083 3288 misit.
2115 3233 2183 3287 Et

603 3331 812 3396 loquens
838 3347 953 3384 cum
976 3332 1086 3397 illo,
1118 3330 1306 3400 inquit,
1349 3330 1569 3384 intravit.
1616 3328 1753 3396 Quid
1785 3328 2050 3398 loquens?
2081 3327 2179 3392 Ea,

604 3432 663 3475 ut
722 3432 887 3491 puto,
932 3439 1053 3492 qua:
1114 3423 1360 3491 superius
1411 3421 1553 3475 dicta
1609 3430 1754 3475 sunt.
1796 3419 1864 3474 Et
1917 3419 2183 3490 procidens

603 3514 673 3568 ad
714 3515 864 3583 pedes
905 3516 1049 3586 ejus,
1080 3516 1329 3567 adoravit.
1380 3514 1515 3569 Vide
1563 3514 1755 3583 ubique
1784 3528 2085 3569 sermonem
2116 3513 2184 3569 ab

603 3606 907 3661 adulatione
936 3607 1168 3662 aliemnn
1193 3650 1207 3671 ,
1236 3616 1291 3662 et
1330 3607 1630 3662 humilitate
1674 3608 1909 3676 plenum.
1938 3607 2071 3662 Hinc
2096 3606 2182 3662 di-

602 3712 740 3765 guns
765 3698 1065 3753 ostenditur
1098 3709 1151 3753 et
1183 3699 1268 3754 ille
1298 3699 1598 3754 eunuchus.
1642 3698 1894 3769 Praecepit
1914 3739 1929 3765 ,
1964 3700 2135 3769 inquit
2163 3739 2179 3765 ,

605 3787 871 3860 Philippo,
890 3799 942 3843 ut
967 3791 1253 3845 ascenderet
1279 3793 1329 3845 e't
1356 3791 1546 3845 sederet
1570 3791 1623 3844 in
1651 3806 1843 3855 curru;
1873 3791 1972 3845 etsi
2004 3791 2181 3846 nesci-

604 3890 689 3936 ret
713 3882 831 3951 quis
874 3890 1057 3950 esset,
1087 3882 1190 3937 nisi
1231 3882 1405 3936 solum
1435 3898 1501 3937 ex
1550 3880 1825 3952 propheta:
1851 3896 2182 3938 commemo-

602 3975 829 4030 ratione.
848 3973 945 4029 llic
966 3990 1098 4031 vero
1118 3977 1277 4031 etiam
1298 3975 1494 4032 cecidit
1508 3974 1575 4031 ad
1594 3974 1779 4046 pedes.
1797 3974 1986 4031 Viden’
2006 3990 2183 4032 mores

603 4069 721 4124 sine
746 4068 922 4123 fastu?
950 4068 1030 4124 Tu
1052 4084 1179 4125 vero
1203 4068 1334 4125 mihi
1362 4068 1641 4125 considera
1666 4110 1682 4135 ,
1710 4067 1979 4140 quomodo
2008 4078 2184 4124 osten-

602 4164 695 4218 dat
722 4163 911 4218 Petrus
929 4162 1168 4219 divinum
1194 4179 1314 4219 esse
1334 4178 1489 4219 suum
1516 4162 1828 4227 adventum,
1856 4177 1975 4217 cum
2002 4161 2135 4217 dicit
2160 4179 2173 4216 :

613 4253 717 4310 Vos
743 4257 880 4309 scitis
909 4255 1141 4309 illicitum
1165 4272 1289 4310 esse.
1336 4254 1403 4311 Et
1426 4271 1523 4310 cur
1564 4269 1669 4309 non
1696 4256 1873 4309 statim
1905 4253 2183 4310 sindonem

608 4348 969 4403 metuoravit?
1014 4342 1147 4413 Quia
1176 4362 1206 4400 a
1233 4350 1368 4401 vana
1410 4346 1578 4418 gloria
1617 4357 1734 4402 erat
1770 4345 1924 4401 valde
1954 4346 2179 4401 alienus.

605 4439 760 4509 Quod
789 4435 985 4493 missus
1011 4438 1081 4495 s'it
1098 4455 1127 4492 a
1152 4439 1261 4493 Deo
1281 4438 1442 4504 dicit;
1471 4438 1759 4507 quomodo,
1783 4453 1890 4493 non
1910 4440 2067 4501 item;
2091 4436 2186 4492 sed

606 4547 728 4585 cum
758 4546 977 4586 necesse
1007 4530 1122 4597 fuit,
1160 4545 1279 4584 cum
1310 4529 1442 4583 dixit
1470 4548 1484 4584 :
1524 4527 1626 4583 Vos
1653 4530 1792 4583 scitis
1818 4528 2054 4585 illicitum
2081 4544 2186 4583 esse

605 4622 789 4678 Judato
817 4623 1059 4693 conjungi
1082 4622 1157 4681 vel
1181 4625 1413 4676 accedere
1434 4621 1503 4675 ad
1525 4622 1892 4689 alienigenam:
1913 4621 1984 4675 ita
2006 4621 2188 4691 procul

607 4725 723 4770 erat
773 4730 802 4769 a
848 4730 982 4769 vana
1023 4714 1212 4785 gloria.
1254 4712 1351 4767 Vos
1384 4713 1536 4767 scitis.
1578 4712 1689 4767 lloc
1715 4712 1932 4779 dicens,
1978 4712 2187 4767 illorum

610 4806 929 4862 sententiam
958 4808 1009 4861 in
1028 4805 1368 4877 sponsionem
1389 4804 1568 4859 trahit.
1587 4803 1721 4872 Quid
1740 4820 1868 4859 vero
1885 4803 2188 4860 Cornelius?

609 4900 884 4967 Adsumus,
908 4898 1095 4969 inquit,
1126 4898 1179 4952 in
1219 4906 1485 4969 conspectu
1509 4894 1605 4949 Dei
1630 4895 1807 4950 audire
1828 4897 1996 4949 omnia
2014 4936 2029 4961 ,
2050 4911 2190 4966 quae-

611 5009 819 5061 cumque
862 4992 949 5045 tibi
976 5000 1228 5060 prtecepta
1263 4997 1382 5043 sunt
1404 5004 1437 5042 a
1475 4985 1605 5042 Deo.
1634 4985 1751 5041 Non
1778 4985 1943 5053 dixit,
1977 4985 2032 5041 ln
2063 5001 2192 5042 con-

612 5095 799 5153 spectu
831 5085 1079 5148 hominis,
1108 5082 1225 5148 sed,
1250 5077 1366 5147 Dei,
1396 5080 1704 5144 ostendens,
1728 5079 1805 5134 sic
1828 5079 2187 5134 accedendum

615 5189 735 5229 esse
763 5174 828 5228 ad
856 5175 949 5229 Dei
974 5190 1178 5230 servos.
1210 5173 1430 5230 Vidistis
1452 5182 1685 5228 mentem
1707 5171 2030 5226 excitatam?
2056 5170 2192 5225 vidi.

614 5270 714 5323 stis
738 5284 894 5339 quam
917 5269 1106 5340 dignus
1130 5279 1276 5327 esset
1298 5269 1383 5326 his
1410 5269 1698 5326 omnibus?
1720 5269 1960 5340 Aperiens
1981 5279 2149 5323 autem
2170 5309 2189 5335 ,

618 5360 810 5432 tnquit,
841 5360 1023 5415 Petrus
1051 5378 1107 5415 os
1124 5379 1272 5416 suum
1291 5362 1419 5416 dixit
1441 5380 1461 5417 :
1482 5362 1548 5416 In
1574 5362 1781 5416 ueritate
1805 5362 2049 5428 comperi,
2072 5361 2193 5429 quia

619 5469 721 5507 non
749 5463 820 5506 est
862 5469 1189 5523 personarum
1225 5465 1457 5522 acceptor
1495 5452 1656 5507 Deus.
1704 5452 1815 5508 Hoc
1840 5452 2193 5522 praesentibus

618 5544 818 5599 ludat-is
858 5543 941 5598 sui
981 5543 1235 5614 purgandi
1272 5559 1428 5598 causa
1469 5544 1695 5599 dicebat.
1730 5543 1860 5599 Cum
1901 5544 2042 5598 enim
2086 5542 2193 5597 illis

617 5637 836 5690 t-erbum
859 5634 1149 5690 traditurus
1168 5645 1330 5701 esset,
1347 5635 1495 5706 quasi
1518 5635 1880 5690 defensionem
1902 5633 2192 5704 praemittit.

620 5727 756 5795 Quid
802 5728 970 5799 ergo?
1006 5743 1135 5783 num
1178 5738 1334 5784 antea
1375 5742 1722 5799 personarum
1763 5736 2011 5799 acceptor
2038 5725 2195 5782 erat?

624 5817 813 5892 Absit;
841 5837 964 5881 nam
992 5833 1146 5880 antea
1169 5823 1249 5882 sic
1272 5832 1408 5881 erat.
1444 5820 1621 5878 Omnis
1641 5861 1657 5890 ,
1687 5821 1894 5894 inquit,
1932 5820 2017 5893 qui
2056 5821 2194 5873 timet

1337 367 1396 425 ε.
1436 364 1709 422 JOANNIS
1744 354 2216 418 CHRYSOSTOMI
2252 353 2571 411 ARCHIEP.
2611 354 3138 415 CONSTANTINOP.
3707 375 3780 432 ιδῃ

2290 466 2478 534 Deum,
2518 476 2566 522 et
2604 478 2845 536 operatur
2864 469 3142 539 justitiam,
3184 482 3415 543 acceptus
3441 476 3513 535 illi
3536 493 3615 535 est.
3640 484 3730 545 lloc
3749 504 3788 547 et

2289 561 2483 617 Paulus
2517 562 2755 617 scribens
2795 563 2925 619 dicit
2960 581 2973 618 :
3002 564 3130 619 Cum
3167 568 3297 620 enim
3337 578 3527 639 gentes,
3555 581 3788 653 qutclegrm

2289 673 2389 709 non
2416 656 2618 722 habent,
2645 672 2703 710 ea
2727 672 2839 725 qua:
2864 658 2987 727 legis
3006 667 3122 713 sunt
3150 659 3343 726 faciunt
3364 659 3529 734 (Rom.
3551 666 3602 720 9..
3626 672 3719 740 η),
3741 677 3793 733 ει

2288 750 2478 821 dogma
2508 750 2707 805 inducit
2748 761 2800 806 et
2847 752 3256 808 institutionem.
3297 754 3429 809 Nam
3457 758 3497 811 si
3534 776 3690 832 magos
3714 785 3790 825 non

2288 841 2566 912 despexit,
2599 859 2771 913 neque
2797 843 3139 914 Ethiopem,
3174 862 3347 917 neque
3374 847 3637 937 latronem,
3662 873 3796 927 neque

2288 933 2621 989 meretricem
2649 950 2664 986 :
2696 935 2862 990 multo
2889 938 3057 1005 magis
3083 933 3626 1007 operantes'justitiam
3659 957 3702 1003 et
3726 966 3795 1006 vo-

2288 1025 2459 1081 lentes
2485 1041 2589 1082 non
2617 1037 2942 1084 contemnet.
2966 1030 3101 1098 Quid
3131 1046 3288 1101 ergo,
3325 1033 3369 1086 si
3395 1033 3498 1088 sint
3520 1044 3741 1098 mansueti
3759 1056 3800 1101 et

2288 1121 2444 1175 mites
2494 1119 2737 1177 homines
2781 1122 2871 1192 qui
2897 1124 3120 1180 credere
3154 1125 3345 1180 nolint.
3390 1125 3521 1182 Ecce
3550 1136 3599 1184 tu
3633 1148 3798 1192 causam

2288 1209 2466 1266 dixisti
2499 1229 2511 1263 :
2544 1212 2666 1281 quia
2697 1213 2917 1269 credere
2947 1215 3151 1270 nolunt.
3199 1216 3446 1286 Alioquin
3487 1230 3647 1275 autem
3688 1241 3800 1279 man-

2288 1311 2496 1358 suetum
2527 1303 2614 1358 hic
2639 1302 2770 1359 dicit
2799 1322 2906 1360 non
2935 1307 3139 1375 mitem,
3178 1309 3274 1367 sed
3299 1325 3419 1363 eum
3443 1350 3457 1374 ,
3487 1311 3570 1381 qui
3594 1312 3801 1382 justitiam

2290 1404 2572 1463 operatur;
2606 1395 2655 1450 id
2689 1405 2803 1461 est,
2833 1414 2954 1452 eum
2977 1439 2991 1461 ,
3023 1400 3113 1469 qui
3146 1401 3200 1453 in
3229 1401 3474 1459 omnibus
3500 1402 3803 1473 beneplacitns

2290 1494 2393 1552 est,
2440 1487 2528 1555 qui
2578 1495 2704 1543 tunc
2750 1491 2867 1544 talis
2895 1500 3007 1557 est,
3038 1493 3249 1561 quando
3282 1491 3445 1547 Dendl
3472 1504 3526 1551 ut
3553 1512 3641 1566 par
3673 1509 3741 1555 est
3760 1502 3807 1556 ti-

2290 1586 2420 1632 met.
2468 1578 2779 1647 Hujnsmodi
2822 1597 2949 1638 vero
2994 1582 3261 1639 hominem
3309 1585 3452 1641 Deus
3495 1590 3631 1644 solus
3679 1596 3805 1648 novit.

2289 1668 2424 1725 Vide
2467 1674 2733 1742 quomodo
2778 1674 2863 1728 hic
2903 1686 3153 1745 acceptus
3196 1687 3309 1733 erat
3336 1695 3351 1732 :
3380 1694 3504 1735 mox
3534 1691 3588 1735 ut
3621 1685 3810 1753 audivit,

2291 1761 2450 1815 etiam
2481 1763 2886 1832 obtemperavit.
2912 1765 2981 1820 Et
3006 1783 3170 1833 nunc,
3200 1769 3243 1823 si
3276 1769 3500 1840 angelus
3526 1773 3737 1835 veniret,
3757 1778 3813 1830 ill-

2291 1852 2463 1921 quies,
2498 1870 2653 1909 nemo
2678 1865 2759 1910 est
2787 1858 2873 1926 qui
2917 1874 3021 1913 non
3049 1860 3312 1917 crederet.
3344 1861 3543 1918 Verum
3570 1864 3709 1936 longe
3730 1884 3816 1923 ma-

2286 1945 2402 2016 jora
2426 1963 2564 2002 nunc
2583 1949 2729 2019 signa
2756 1960 2909 2017 sunt,
2937 1968 3094 2023 quam
3126 1953 3212 2007 illa
3244 1971 3255 2006 :
3288 1962 3344 2010 et
3370 1964 3547 2011 tamen
3579 1960 3714 2015 multi
3737 1978 3813 2016 non

2292 2037 2534 2092 credunt.
2580 2040 2778 2096 Deinde
2820 2042 3116 2099 doctrinam
3160 2045 3365 2114 incipit,
3408 2056 3464 2102 et.
3501 2047 3687 2105 Judzeis
3709 2065 3820 2106 suam

2292 2138 2469 2183 servat
2498 2130 2845 2187 nobilitatem.
2892 2133 3137 2202 Verbum,
3166 2136 3369 2208 inquit,
3398 2141 3534 2208 quod
3563 2142 3687 2199 misit
3716 2141 3822 2202 Deus

2292 2221 2413 2290 ﬁliis
2442 2223 2625 2289 Israel,
2654 2228 2959 2283 annuntians
2988 2247 3160 2298 pacem
3188 2248 3207 2285 :
3232 2234 3313 2287 hic
3335 2242 3411 2286 est
3438 2236 3663 2289 omnium
3686 2237 3825 2293 Domi-

2292 2330 2403 2370 nus.
2431 2316 2610 2371 Primo
2634 2318 2700 2373 de
2727 2320 3087 2378 dominatione
3114 2325 3227 2393 ejus
3258 2326 3498 2396 loquitur
3515 2369 3532 2392 ,
3558 2330 3824 2386 admodum-

2290 2421 2396 2476 que
2421 2408 2741 2478 sublimiter,
2775 2421 2830 2466 ut
2860 2413 3050 2469 licebat
3073 2417 3123 2478 1;
3157 2417 3278 2486 quia
3306 2432 3431 2473 cum
3461 2420 3673 2484 nomine
3693 2439 3831 2477 serum

2292 2510 2425 2565 erat,
2476 2503 2563 2570 qni
2603 2503 2711 2572 jam
2744 2504 3252 2575 sublimis'el'l'ectus,
3300 2511 3563 2566 ardenter
3603 2516 3761 2568 omnia
3784 2518 3831 2568 ab

2290 2606 2349 2647 se
2377 2595 2564 2647 tradita
2596 2596 2916 2665 suscipiebat
2944 2617 2955 2651 :
2979 2599 3171 2653 deinde
3195 2601 3455 2668 probans,
3483 2605 3739 2673 quomodo
3752 2622 3834 2660 om-

2292 2684 2436 2738 nium
2466 2686 2720 2741 Dominus
2746 2698 2908 2755 esset,
2939 2690 3121 2759 adjicit
3153 2710 3165 2745 :
3204 2691 3355 2758 Quod
3387 2695 3531 2749 misit
3551 2700 3831 2761 annuntians;

2291 2776 2343 2831 id
2370 2786 2470 2839 est,
2501 2778 2568 2832 ad
2596 2780 2730 2834 bona
2757 2795 2974 2848 vocans,
3010 2798 3113 2837 non
3137 2783 3399 2853 judicium
3432 2786 3711 2845 inducens.

2362 2868 2416 2922 5.
2440 2866 2574 2923 Hinc
2589 2869 2844 2937 declarat,
2868 2872 3042 2942 ipsum
3062 2873 3293 2929 Verbum
3308 2890 3340 2929 a
3359 2878 3475 2931 Deo
3495 2877 3693 2934 Jud:eis
3710 2881 3838 2947 primo

2289 2960 2509 3015 missum
2542 2962 2725 3017 fuisse.
2760 2964 2961 3019 Deinde
2984 2965 3051 3019 ab
3072 2965 3156 3032 iis,
3182 2982 3306 3036 qua:
3331 2983 3436 3037 per
3464 2971 3839 3027 totamludzcatu

2289 3054 2485 3120 ell'ecit,
2511 3054 2613 3111 hoc
2635 3056 2983 3123 demonstrat,
3010 3057 3195 3114 dicens
3214 3077 3228 3114 :
3259 3059 3359 3114 Vos
3381 3064 3529 3116 scitis
3549 3064 3683 3131 quod
3698 3067 3842 3134 [at-Jun

2288 3160 2359 3203 est
2374 3150 2575 3202 uerbum
2596 3166 2683 3217 per
2703 3151 2983 3205 universam
3002 3150 3239 3205 Iudaeam
3252 3162 3339 3207 :et
3352 3153 3505 3223 quod
3524 3166 3608 3210 est
3626 3155 3842 3217 mirabile,

2286 3239 2532 3310 incipiens
2544 3257 2575 3293 a
2592 3238 2824 3304 Galiltea,
2850 3253 2959 3312 post
2979 3243 3246 3311 baptisma,
3260 3245 3407 3310 quod
3424 3247 3719 3314 prwdicavit
3732 3247 3848 3299 Joan-

2289 3350 2396 3386 nes.
2415 3333 2593 3387 Primo
2612 3333 2859 3403 loquutus
2881 3334 3042 3389 estde
3067 3336 3180 3403 ejus
3200 3337 3478 3407 prmclaro
3503 3352 3687 3406 opere,
3702 3347 3849 3391 ettunc

2288 3424 2355 3479 dc
2383 3425 2499 3494 ejus
2530 3426 2696 3494 patria
2727 3426 2948 3480 lidcnter
2967 3426 3219 3496 loquitur.
3249 3427 3494 3482 Jesuma
3518 3428 3783 3488 Nazareni.
3802 3431 3851 3481 lla

2288 3516 2489 3571 sciebat
2504 3519 2669 3586 ipsam
2689 3518 2912 3586 patriam
2933 3517 3257 3575 olfemlieulo
3283 3534 3440 3575 esse.
3461 3520 3727 3586 Quomodo
3746 3522 3853 3573 intra

2288 3624 2400 3663 eum
2412 3608 2549 3663 Deus
2565 3608 2761 3678 Spiritu
2774 3618 2945 3663 sancto
2959 3619 3004 3663 et
3020 3613 3214 3664 uirtute.
3231 3610 3445 3671 lterum
3463 3613 3635 3681 proba
3643 3623 3678 3664 t.
3692 3612 3759 3666 Ne
3772 3612 3859 3679 quis

2287 3699 2948 3764 enimdiceret,Undenam
2976 3702 3074 3756 hoc.
3092 3701 3445 3758 manifestum
3465 3704 3584 3759 est?
3601 3703 3855 3772 subiungit:

2291 3792 2391 3858 Qui
2413 3794 2729 3863 pertransivit
2758 3794 3110 3863 benefaciendo
3130 3804 3177 3848 et
3199 3795 3451 3851 sanando
3481 3813 3663 3850 omnes
3690 3812 3861 3864 oppres-

2286 3901 2371 3941 sos
2394 3902 2428 3940 a
2449 3886 2671 3942 diabolo.
2703 3887 2902 3943 Deinde
2929 3902 3050 3943 cum
3090 3887 3279 3954 bonis,
3309 3904 3449 3959 qua:
3481 3899 3739 3959 operatus
3773 3896 3857 3947 est,

2286 3977 2520 4033 Ostendit
2538 3986 2735 4048 quanta
2755 3978 2920 4033 virtus
2946 3979 3061 4049 ejus
3084 3988 3225 4035 esset
3250 4000 3262 4034 :
3286 3994 3428 4037 cum
3453 3982 3610 4037 enim
3639 3979 3867 4035 diabolum

2287 4071 2654 4140 superaverit,
2683 4070 2951 4141 ingentem
2979 4070 3122 4126 illam
3158 4071 3329 4127 fuisse
3358 4083 3620 4142 oportet.
3648 4072 3860 4142 Adjicitur

2287 4175 2470 4229 causa,
2506 4156 2757 4228 Quoniam
2787 4159 2927 4215 Deus
2957 4171 3065 4215 erat
3099 4178 3212 4215 cum
3235 4160 3359 4216 illo.
3396 4162 3536 4218 Ideo
3562 4172 3622 4218 et
3647 4161 3858 4219 Judaiiu

2290 4252 2535 4309 dicebant
2565 4270 2580 4307 :
2613 4252 2817 4309 Scimus
2836 4294 2851 4319 ,
2882 4254 3119 4323 quoniam
3146 4270 3180 4306 a
3221 4253 3339 4307 Deo
3395 4256 3597 4313 venisti
3636 4255 3862 4324 magister:

2291 4363 2433 4399 nemo
2458 4345 2590 4400 enim
2616 4356 2775 4415 potest
2801 4345 2908 4398 haec
2926 4345 3071 4416 signa
3092 4348 3279 4414 facere,
3312 4348 3429 4404 nisi
3454 4348 3614 4404 Deus
3633 4349 3772 4414 fuerit
3790 4361 3871 4397 cum

2291 4456 2347 4493 eo
2389 4438 2567 4509 (Joan.
2613 4440 2666 4494 3.
2707 4436 2785 4510 2).
2833 4438 3053 4504 Deinde,
3099 4448 3397 4509 postquam
3443 4442 3694 4496 Ostendit
3722 4454 3821 4493 eum
3852 4452 3871 4484 ει

2294 4533 2403 4589 Deo
2430 4534 2648 4587 missum
2672 4531 2851 4597 fuisse,
2878 4542 3001 4586 tunc
3025 4531 3172 4586 addit
3189 4548 3318 4587 eum
3342 4533 3715 4591 interfectum
3731 4530 3877 4591 fuisse,

2293 4639 2362 4679 ne
2391 4623 2515 4693 quid
2563 4623 2849 4677 absurdum
2889 4622 3213 4693 imagineris.
3245 4622 3466 4678 Viden’
3494 4625 3632 4680 illos
3661 4634 3878 4690 nusqmttn

2292 4715 2559 4771 occultare
2582 4728 2815 4779 crucem,
2842 4712 2948 4767 imo
2972 4723 3025 4768 et
3050 4712 3263 4768 modum
3296 4715 3652 4775 etiamsunt
3679 4713 3786 4770 aliis
3807 4708 3882 4772 ad-

2294 4809 2519 4863 dentes?
2551 4808 2714 4875 Quem
2744 4807 3034 4861 occiderunt
3053 4848 3067 4870 ,
3096 4807 3307 4877 inquit,
3347 4811 3739 4879 suspendenta
3762 4808 3806 4867 in
3833 4805 3884 4855 lt-

2293 4916 2413 4971 gno.
2443 4900 2509 4953 Et
2540 4900 2677 4954 dedit
2705 4900 2849 4953 illum
2876 4899 3198 4969 manifestmn
3224 4900 3378 4968 fieri,
3408 4918 3527 4957 non
3551 4902 3694 4956 omni
3714 4895 3889 4972 populo.

2293 4992 2383 5048 sed
2408 4993 2612 5047 testibus
2642 4990 2998 5062 prwordinatis
3021 5007 3053 5044 a
3073 4988 3181 5044 Deo
3211 4990 3400 5045 nobis.
3438 4995 3618 5064 Atqui
3653 4995 3764 5063 ipse
3799 4988 3892 5042 illos

2293 5085 2494 5156 elegit;
2522 5083 2617 5139 sed
2648 5082 2774 5138 illud
2799 5082 3054 5137 adscribit
3078 5080 3207 5138 Deo.
3236 5079 3694 5150 .l’razordinatis,
3724 5079 3895 5151 inquit.

2294 5176 2429 5233 Vide
2459 5174 2598 5231 unde
2626 5174 3073 5230 resurrectionem
3101 5173 3328 5243 probet,
3358 5190 3396 5229 a
3424 5160 3795 5230 comedenda.
3815 5172 3900 5224 Cur

2295 5281 2582 5338 resurgens
2608 5266 2809 5321 nullum
2839 5266 3048 5335 signum
3076 5264 3221 5329 iecit,
3250 5265 3371 5320 sed
3402 5267 3671 5323 comedit
3693 5274 3749 5322 et
3768 5260 3902 5317 bibit?

2296 5361 2429 5428 Quia
2469 5359 2581 5428 ipsa
2621 5358 2943 5413 resurrectio
2986 5370 3080 5426 per
3108 5370 3166 5410 se
3195 5370 3486 5426 magnum
3524 5371 3652 5415 erat
3681 5361 3905 5429 signum:

2300 5452 2456 5522 hujus
2493 5464 2622 5506 vero
2668 5448 2868 5503 nullum
2912 5447 3082 5517 majus
3128 5459 3550 5515 argumentum
3593 5454 3733 5515 erat,
3776 5457 3908 5518 quam

2298 5543 2440 5614 quod
2472 5540 2779 5596 comederet
2821 5548 2876 5595 et
2916 5538 3141 5605 biberet.
3185 5535 3547 5610 Testi/icari,
3606 5542 3796 5612 inquit.
3837 5536 3913 5590 llic

2302 5636 2609 5692 terribiliter
2636 5634 2891 5705 loquitur,
2924 5648 2991 5687 ne
3025 5638 3243 5702 possent
3275 5633 3359 5686 ad
3400 5636 3785 5706 ignorantiam
3810 5643 3915 5685 cono

2303 5730 2505 5800 fugere.
2551 5727 2662 5782 Nec
2709 5726 2882 5781 dixit:
2912 5725 3032 5795 ipse
3074 5734 3157 5780 est
3196 5722 3400 5781 Filius
3454 5730 3605 5795 Dei;
3660 5730 3754 5786 sed
3802 5726 3921 5795 quod

2366 5826 2381 5855 ⁸
2404 5819 2546 5883 Illud,
2568 5824 2620 5871 ω
2641 5817 2812 5873 licebat
2835 5816 2920 5879 (ὡς
2939 5814 3086 5877 ἐνῆν),
3110 5811 3259 5861 deest.
3284 5813 3342 5863 in
3366 5814 3705 5876 quibusdam
3730 5814 3836 5863 Mss.
