4076 6354
183 311 266 370 r19
1149 281 1216 364 ιιὶι
1255 309 1440 366 ACTA
1479 308 2012 368 APOSTOLORUM.
2048 311 2281 370 HOMIL.
2325 315 2513 375 xxm.

184 434 313 498 Ὅρα,
333 423 532 486 τούτοις
556 420 740 476 δίδωσι
767 420 907 485 τέως
929 420 990 475 τὺ
1014 420 1310 492 ἐξαίρετον.
1337 419 1466 476 Εἶτα
1483 423 1581 476 καὶ
1605 423 1801 485 αὐτοὺς

185 519 426 590 μάρτυρας
459 511 752 578 ἐπάγεται,
778 509 971 576 λέγων·
1027 509 1225 576 Ὑμεῖς
1254 509 1454 564 οῖδατε
1473 510 1540 563 τὸ
1563 510 1806 580 γενόμε-

181 623 266 660 ror
282 600 436 670 ῥῆμα
460 599 593 655 καθ’
634 599 784 665 ὅλης
812 595 923 666 τῆς
960 598 1274 664 Ἰουδαίας,
1322 597 1660 668 ἀρξάμενον
1685 596 1804 652 ἀπὸ

181 693 267 762 τῆς
307 689 657 754 Γαλιλαίας,
708 691 859 756 μετὰ
910 688 975 740 τὸ
1021 687 1344 756 βάπτισμα
1408 686 1440 740 ὃ
1512 685 1809 753 ἐκήρυξεν

192 779 450 842 Ἰωάννης.
481 775 608 828 Ὅτι
637 773 809 836 οὕτως
839 773 972 843 ἔχει,
1002 773 1161 839 τοῦτο
1198 775 1292 827 καὶ
1317 773 1535 826 ἀπὸτοῦ
1576 772 1701 842 ἑξῆς
1722 771 1811 841 βε·-

181 870 308 922 6τιιῖ·
352 863 586 932 Ἰησοῦν
611 863 721 916 τὸν
746 862 866 916 ἀπὸ
905 859 1186 929 Ναζαρὲθ,
1238 861 1319 926 ὡς
1341 860 1587 930 ἔχρισεν
1627 859 1813 914 αὑτὸν

183 954 355 1017 όΘεός
399 952 469 1004 ἐν
503 950 803 1019 Πνεύματι
843 948 989 1017 ἁγίῳ
1014 951 1112 1001 καὶ
1157 947 1428 1017 δυνάμει.
1480 948 1592 1002 Ούκ
1633 941 1808 1000 εἶπεν·

119 1051 132 1068 ‘
186 1046 298 1095 'l-m
359 1037 584 1109 Ἰησοῦν⁹
644 1035 766 1090 οὐδὲ
795 1036 902 1106 γάρ
935 1035 1150 1106 ᾔδεσαν·
1207 1035 1343 1089 άλλά
1391 1035 1460 1090 τὰ
1506 1036 1597 1089 ὑπ’
1646 1032 1811 1088 αὐτοῦ

183 1128 475 1201 εἰργασμένα
540 1123 819 1189 διέξεισιν·
863 1126 968 1189 Ὃς
1034 1122 1282 1190 διῆλθεν
1336 1123 1659 1194 εὐεργετῶν
1715 1123 1814 1177 καὶ

185 1220 390 1286 ἰώμενος
436 1213 678 1278 πάντας
737 1212 879 1278 τοὺς
926 1211 1635 1282 καταδυναστευομένους
1692 1213 1812 1268 ὑπὸ

186 1305 266 1359 τοῦ
306 1303 606 1356 διαϐόλου.
670 1298 949 1352 Ἐντεῦθεν
993 1299 1231 1351 δείκνυσι
1284 1297 1485 1360 πολλὰς
1539 1296 1814 1369 πηρώσεις

184 1388 451 1450 διαδολικάς
495 1387 594 1440 καὶ
622 1385 955 1456 διαστροφὴν
1005 1383 1254 1454 σώματος
1286 1384 1376 1436 ὑπ’
1426 1382 1634 1436 ἐκείνου
1663 1399 1815 1450 γενο-

190 1479 343 1550 μένας.
389 1477 522 1529 Ὀτι
571 1479 607 1529 ὁ
663 1475 810 1539 Θεὸς
848 1469 928 1541 ἦν
961 1473 1088 1542 μετ’
1117 1471 1324 1526 αὑτοῦ.
1374 1471 1540 1525 Πάλιν
1584 1469 1816 1524 ταπεινά

189 1567 460 1634 φθέγγεται,
485 1565 589 1634 οὐχ
621 1561 832 1624 ἁπλῶς,
866 1555 1040 1630 οἶμαι,
1072 1559 1207 1613 ἀλλά
1237 1558 1324 1612 διὰ
1364 1558 1424 1611 τὸ
1453 1557 1811 1630 ἀνθρώπινον.

189 1655 272 1709 Καὶ
299 1653 459 1722 ἡμεῖς
491 1651 804 1720 μάρτυρες
837 1649 1079 1703 πάντων
1101 1641 1188 1701 ὧν
1237 1647 1528 1714 ἐποίησεν
1551 1647 1623 1699 ἓν
1651 1664 1714 1700 τε
1741 1645 1816 1716 τῇ

189 1742 314 1812 χώρᾳ
333 1739 446 1794 τῶν
484 1737 802 1795 Ἰουδαίων
823 1737 918 1790 καὶ
950 1737 1020 1789 ἐν
1061 1734 1476 1804 Ἰερουσαλήμ.
1501 1734 1613 1788 Καὶ
1634 1734 1816 1804 ὑμεῖς,

191 1833 310 1904 φησὶ.
339 1832 428 1886 καὶ
468 1833 656 1901 ἡμεῖς.
694 1831 795 1882 Ὃν
842 1827 941 1881 καὶ
984 1825 1232 1882 ἀνεῖλον
1281 1824 1687 1895 κρεμάσαντες
1719 1824 1818 1878 ἐπὶ

192 1922 365 1986 ξύλου.
411 1917 683 1974 Ἐνταῦθα
708 1917 770 1971 τὸ
815 1915 986 1979 πάθος
1022 1914 1305 1986 κηρύττει.
1346 1914 1565 1969 Τοῦτον
1616 1915 1648 1968 ό
1677 1913 1819 1979 Θεὸς

190 2009 350 2078 ἤγειρε
379 2006 449 2076 τῆ
487 2006 663 2075 τρίτῃ
716 2003 926 2074 ἡμέρᾳ,
970 2003 1068 2056 καὶ
1099 2000 1322 2055 ἔδωκεν
1348 1999 1536 2055 αὑτὸν
1581 1999 1817 2070 ἐμφανῆ

190 2097 447 2166 γενέσθαι,
473 2097 549 2149 οὐ
570 2093 758 2147 παντὶ
782 2091 861 2156 τῷ
887 2090 1033 2156 λαῷ,
1056 2091 1218 2144 ἀλλὰ
1238 2087 1500 2158 μάρτυσι
1522 2087 1644 2154 τοῖς
1673 2105 1818 2156 προ-

192 2183 748 2255 κεχειροτονημένοις
775 2181 894 2237 ὑπὸ
927 2178 1037 2234 τοῦ
1065 2179 1214 2234 Θεοῦ
1237 2177 1401 2247 ἡμῖν,
1432 2177 1649 2242 οἵτινες
1671 2193 1827 2242 συντ

193 2273 456 2344 ερὰγομεν
482 2272 586 2326 καί
609 2270 983 2338 συνεπίομεν
1008 2266 1191 2332 αὐτῷ,
1209 2268 1362 2336 μετὰ
1381 2265 1446 2319 τὸ
1474 2264 1818 2333 ἀναστῆναι

191 2365 344 2418 αὐτὸν
387 2364 453 2416 ἐκ
481 2361 741 2431 νεκρῶν.
793 2360 965 2413 Τοῦτο
1003 2358 1301 2430 τεκμήριον
1325 2355 1424 2425 τῆς
1476 2355 1822 2418 ἀναστάσεως

195 2452 430 2521 μέγιστον.
466 2451 582 2505 Καὶ
641 2449 1038 2518 παρήγγειλεν
1097 2447 1242 2516 ἡμῖν
1278 2442 1532 2512 κηρῦξαι
1570 2441 1650 2508 τῷ
1696 2441 1824 2506 λαῷ

195 2539 272 2592 καί
294 2539 813 2607 διαμαρτύρασθαι,
856 2535 948 2589 ὅτι
1001 2535 1183 2601 αὐτός
1209 2535 1382 2587 ἐστιν
1425 2535 1457 2586 ὁ
1496 2529 1824 2600 ὡρισμένος

195 2628 288 2681 ὑπὸ
305 2628 402 2682 τοῦ
429 2627 584 2682 Θεοῦ
611 2624 820 2693 κριτὴς
865 2623 1094 2685 ζώντων
1128 2623 1228 2676 καὶ
1257 2621 1506 2690 νεκρῶν.
1529 2619 1690 2688 Μέγα
1732 2619 1826 2672 καὶ

198 2716 321 2770 τοῦτο
344 2717 475 2787 πρὸς
506 2716 572 2769 τὸ
626 2714 793 2779 δεῖξαι
826 2713 1190 2779 ἀξιοπίστους.
1236 2712 1292 2765 Ὀ
1312 2711 1368 2765 δὲ
1393 2711 1486 2764 καὶ
1516 2707 1823 2782 μαρτυρίαν

199 2804 377 2870 ἐπάγει,
404 2804 603 2872 λέγων·
635 2802 832 2870 Τούτῳ
850 2799 1075 2864 πάντες
1099 2803 1152 2855 οὶ
1175 2798 1473 2869 προφῆται
1493 2794 1823 2867 μαρτυροῦ-

200 2905 296 2953 σιν,
339 2889 551 2959 ἄφεσιν
609 2887 909 2959 ἁμαρτιῶν
967 2886 1178 2943 λαϐεῖν
1235 2885 1334 2940 διὰ
1380 2884 1487 2938 τοῦ
1535 2884 1827 2955 ὀνόματος

198 2976 348 3030 αὐτοῦ
371 2977 566 3031 πάντα
605 2977 713 3030 τὸν
741 2975 1106 3029 πιστεύοντα
1137 2975 1223 3040 είς
1248 2975 1456 3028 αὐτόν.
1517 2971 1688 3025 Τοῦτο
1731 2970 1826 3024 τοῦ

202 3065 441 3134 μέλλοντος
469 3065 696 3120 ἔσεσθαι
743 3063 881 3135 μετά
911 3063 1085 3117 ταῦτα
1113 3060 1585 3133 προαναφώνησις·
1643 3060 1710 3132 ἥν
1763 3060 1827 3132 δὴ

200 3155 272 3205 καὶ
299 3153 536 3222 βεϐαιῶν,
577 3155 709 3217 τοὺς
744 3153 1030 3224 προφήτας
1068 3149 1337 3220 εὐκαίρως
1379 3149 1660 3221 μάρτυρας
1689 3166 1830 3221 παρ-

203 3241 318 3308 άγει.
350 3242 481 3294 Ἀλλ’
510 3241 718 3312 ἴδωμεν
744 3239 948 3293 άνωθεν
968 3237 1038 3292 τὰ
1057 3237 1198 3292 κατά
1222 3237 1314 3291 τὸν
1335 3237 1649 3308 Κορνήλιον.
1695 3239 1830 3292 Ἀπ-

201 3331 416 3396 έστειλε,
477 3333 671 3404 φησὶν,
706 3333 792 3397 είς
864 3331 1116 3396 Ἰόππην
1147 3326 1670 3398 μετακαλέσασθαι
1723 3327 1831 3380 τὸν

205 3417 407 3486 Πέτρον.
449 3419 794 3483 Ἐπίστευσε,
826 3418 909 3470 ὅτι
933 3416 1148 3480 πάντως
1182 3414 1320 3485 ἥξει·
1357 3413 1435 3467 διὸ
1457 3415 1548 3470 καὶ
1567 3413 1830 3467 ἀποστέλ-

205 3506 282 3560 λει.
313 3509 411 3562 Καὶ
435 3506 790 3577 συνομιλῶν
823 3503 1002 3569 αὐτῷ,
1063 3503 1248 3572 φησὶν,
1302 3501 1568 3571 εἰσῆλθε.
1606 3501 1670 3554 Τί
1722 3501 1831 3574 ἄρα

205 3597 397 3664 ὸμιλῶν;
433 3597 646 3660 Ταῦτα,
673 3591 850 3666 οἶμαι,
903 3593 1296 3665 φθεγγόμενος,
1329 3592 1472 3664 άπερ
1523 3591 1830 3664 ἔμπροσθεν

205 3684 544 3752 emtam-Kal
576 3683 781 3737 πεσὼν
812 3681 911 3734 ἐπὶ
935 3681 1077 3746 τοὺς
1105 3679 1295 3745 πόδας
1348 3680 1829 3748 προσεκύνησεν.

209 3772 320 3841 ’θρα
345 3772 630 3836 κολακείας
659 3770 1073 3840 ἀπηλλαγμένον
1100 3769 1192 3823 τὸν
1218 3769 1375 3836 λόγον
1408 3767 1707 3838 πανταχοῦ,
1739 3768 1832 3822 καὶ

209 3863 552 3934 ταπεινότητος
598 3861 858 3930 γέμοντα.
921 3856 1200 3911 Ἐντεῦθεν
1231 3857 1379 3920 ἄξιος
1417 3857 1689 3909 δείκνυται
1741 3859 1834 3910 καὶ

209 3949 380 4014 ἐκεῖνος
404 3954 431 4005 ὁ
451 3948 730 4019 εὐνοῦχος.
776 3947 1098 4001 Ἕκέλευσε
1126 3945 1235 4016 γὰρ
1267 3944 1347 4010 τῷ
1395 3945 1670 4009 Φιλίππῳ
1697 3945 1836 3998 ἀνα-

213 4034 352 4104 ϐῆναι
373 4037 465 4092 καὶ
519 4038 768 4090 καθίσαι
796 4034 894 4088 ἐπὶ
935 4035 1000 4088 τὸ
1029 4034 1241 4103 ὄχημα·
1293 4033 1469 4086 καίτοι
1499 4034 1598 4087 οὐκ
1659 4033 1833 4097 είδὼς,

211 4121 328 4188 ὅστις
359 4127 516 4194 ἐστὶν,
553 4126 586 4196 ἢ
629 4124 738 4178 ἀπὸ
763 4126 862 4194 τῆς
891 4123 1230 4192 ἀπαγγελίας
1268 4122 1427 4192 μόνον
1450 4122 1550 4192 τῆς
1582 4121 1676 4175 τοῦ
1703 4139 1836 4194 προ-

215 4212 371 4282 φήτου.
395 4207 562 4277 Οὗτος
589 4213 648 4267 δὲ
685 4212 779 4265 καὶ
801 4211 993 4265 ἔπεσεν
1017 4211 1109 4263 ἐπὶ
1133 4212 1258 4273 τοὺς
1315 4209 1501 4273 πόδας.
1529 4205 1680 4273 Εἶδες
1707 4206 1836 4282 ἦθος

215 4298 506 4369 άτυφον;Σὺ
527 4303 584 4355 δέ
618 4319 708 4371 μοι
741 4299 952 4360 σκόπει,
993 4297 1111 4360 πῶς
1160 4297 1398 4352 δείκνυσι
1432 4297 1637 4367 Πέτρος
1689 4297 1837 4353 θείαν

217 4388 345 4442 αὑτοῦ
369 4391 461 4462 τὴν
493 4388 822 4459 παρουσίαν,
846 4386 926 4456 τῷ
950 4387 1149 4453 λέγειν·
1201 4384 1386 4454 Ὑμεῖς
1409 4385 1738 4440 ἐπίστασθε
1759 4387 1838 4453 ὡς

217 4476 451 4546 ἀθέμιτόν
472 4481 625 4534 ἐστι.
670 4478 779 4531 Καὶ
795 4475 886 4530 διὰ
912 4474 964 4527 τί
995 4474 1068 4545 μὴ
1089 4468 1209 4526 εἷπε
1241 4473 1338 4544 τὴν
1369 4473 1577 4527 σινδόνα
1600 4474 1835 4542 εὐθέως;

219 4563 314 4618 Ὀτι
332 4565 634 4631 ἀκενόδοξος
665 4560 733 4636 ἦν
768 4562 990 4633 σφόδρα.
1043 4561 1162 4613 ’Ὀτι
1202 4560 1302 4631 μὲν
1345 4559 1454 4631 γὰρ
1509 4560 1838 4614 ἀπέσταλται

221 4651 301 4706 ὑπὸ
319 4655 460 4720 Θεοῦ,
484 4655 656 4722 λέγει·
685 4652 821 4706 τὸδὲ
874 4649 1009 4713 πῶς,
1049 4650 1148 4701 οὐκ
1182 4647 1282 4701 ἔτι·
1336 4647 1451 4700 ἀλλ’
1497 4649 1585 4701 ὅτε
1627 4649 1840 4719 ἀνάγκη

221 4741 422 4809 γέγονεν,
465 4745 555 4798 ὅτε
603 4742 694 4794 καὶ
749 4737 895 4811 [187]
947 4732 1120 4792 εἶπεν·
1185 4735 1369 4806 Ὑμεῖς
1399 4735 1727 4790 ἐπίστασθε
1761 4738 1842 4803 ὡς

223 4829 454 4900 ἀθέμιτόν
505 4832 679 4885 ἐστιν
728 4825 992 4892 Ἰουδαίῳ
1054 4822 1386 4878 κολλᾶσθαι
1437 4825 1475 4891 ἢ
1525 4824 1843 4895 προσέρχε-

223 4920 332 4973 σθαι
360 4920 696 4990 ἀλλοέρύλῳ·
728 4915 900 4978 οὕτως
923 4910 992 4984 ἦν
1034 4913 1221 4984 πόρρω
1253 4912 1574 4978 κενοδοξίας.
1643 4913 1841 4982 ’Υμεῖς

226 5005 533 5064 ἐπίστασθε.
561 5007 732 5061 Τοῦτο
760 5005 932 5072 λέγων
955 5003 1047 5056 καὶ
1079 5001 1177 5070 τὴν
1223 5000 1445 5054 ἐκείνων
1473 5005 1843 5071 κατεγγυᾶται

228 5095 428 5169 γνώμην.
453 5099 517 5152 Τί
543 5097 631 5152 δαὶ
660 5095 988 5164 Κορνήλιος
1020 5090 1352 5159 Πάρεσμεν,
1375 5091 1558 5161 φησὶν,
1585 5091 1843 5148 ἐνώπιον

230 5183 311 5236 τοῦ
365 5187 500 5241 Θεοῦ
537 5226 550 5250 ,
619 5182 876 5238 ἀκοῦσαι
943 5180 1140 5234 πάντα
1217 5177 1291 5231 τὰ
1358 5180 1845 5250 προστεταγμένα

231 5277 426 5331 σοιὺπὸ
455 5277 560 5331 τοῦ
601 5273 769 5330 Θεοῦ.
821 5272 935 5326 Οὐκ
986 5267 1158 5334 εἶπεν,
1221 5269 1478 5323 Ἐνώπιον
1531 5269 1841 5342 ἀνθρώπου,

235 5361 354 5424 ἀλλὰ,
386 5366 487 5421 Τοῦ
541 5363 708 5428 Θεοῦ,
732 5359 967 5423 δεικνὺς,
1014 5359 1096 5412 ὅτι
1127 5357 1270 5411 οὕτω
1304 5357 1383 5411 δεῖ
1421 5357 1707 5428 προσέχειν
1736 5364 1847 5425 τοῖς

235 5451 304 5503 τοῦ
327 5455 448 5508 Θεοῦ
476 5453 700 5514 δούλοις.
730 5450 914 5503 Είδετε
942 5446 1180 5503 διάνοιαν
1197 5446 1624 5517 διεγηγερμένην
1641 5465 1658 5514 ;
1677 5447 1846 5502 εἴδετε

237 5539 325 5602 πῶς
348 5541 484 5609 ἄξιος
504 5538 572 5612 ἦν
601 5541 816 5595 πάντων
840 5535 1044 5591 τούτων
1065 5552 1079 5601 ;
1116 5534 1389 5600 Ἀνοίξας
1413 5533 1501 5599 δὲ,
1542 5536 1716 5606 φησὶ,
1739 5535 1849 5590 Πέ-

240 5639 344 5692 τρος
363 5629 418 5682 τὸ
445 5631 637 5699 στόμα
655 5623 846 5683 εἶπεν·
910 5623 1050 5678 Ἐπ’-
1087 5622 1372 5689 ἀληθείας
1403 5621 1848 5691 καταλαμϐάνο-

238 5727 332 5776 μαι,
377 5715 457 5770 ὅτι
493 5719 603 5771 οὐκ
653 5714 793 5769 ¹ἔστι
855 5709 1376 5780 προσωπολήπτης
1414 5711 1447 5762 ό
1482 5711 1644 5776 Θεός.
1681 5710 1851 5765 Τοῦτο

242 5802 312 5854 καὶ
335 5806 453 5876 πρὸς
474 5808 600 5871 τοὺς
627 5803 906 5876 παρόντας
947 5799 1233 5862 Ἰουδαίους
1279 5797 1712 5869 ἀπολογούμενος
1737 5798 1851 5853 ἐλε-

244 5901 306 5951 γε.
337 5891 539 5950 Μέλλων
588 5894 699 5965 γὰρ
720 5891 855 5964 πρὸς
883 5891 1080 5953 αὐτοὺς
1113 5883 1507 5958 μεταχειρίζειν
1558 5885 1649 5940 τὸν
1675 5886 1847 5956 λόγον,

247 5970 395 6046 ὥσπερ
416 5981 702 6048 ἀπολογίαν
725 5979 987 6050 πρότερον
1007 5975 1205 6046 τίθησι.
1245 5973 1309 6028 Τί
1339 5969 1465 6040 οὗν;
1529 5974 1634 6044 πρὸ
1659 5975 1846 6030 τούτου

1912 427 2384 516 προσωπολήπτης
2405 427 2510 504 ἦν;
2547 431 2636 504 Μὴ
2673 433 2899 503 γένοιτο·
2929 437 3049 492 ἐπεὶ
3099 441 3193 494 καὶ
3229 443 3334 516 πρὸ
3379 448 3570 504 τούτου

1909 513 2080 607 οὕτως
2117 512 2205 607 ἦν.
2231 517 2354 585 Πᾶς
2373 524 2418 607 ,ὁ
2445 523 2816 592 φοϐούμενος
2843 526 2942 580 καὶ
2975 512 3377 600 ἐργαζόμενος,
3415 539 3574 607 φησὶ,

1910 599 2323 674 δικαιοσύνην,
2357 606 2569 676 δεκτὸς
2619 611 2777 677 αὺτῷ
2830 613 2982 668 ἐστι.
3023 617 3192 671 Τοῦτο
3224 599 3338 673 καί
3362 599 3573 688 Παῦλος

1910 689 2135 777 γράφων
2161 692 2330 762 λέγει·
2358 695 2535 750 Ὅταν
2561 696 2672 766 γὰρ
2699 698 2844 768 ἔθνη
2879 702 2952 756 τὰ
2985 703 3072 772 μὴ
3113 706 3301 776 νόμον
3332 708 3570 777 ἔχοντα,

1909 776 2090 863 φύσει
2119 779 2187 833 τὰ
2215 781 2322 835 τοῦ
2350 784 2538 852 νόμου
2566 785 2729 854 ποιῇ.
2763 788 2874 842 Καὶ
2917 789 3092 863 δόγμα
3116 793 3324 863 εἰσάγει
3357 776 3451 853 καὶ
3471 815 3574 856 ,πο-

1909 861 2127 920 λιτείαν.
2177 867 2240 920 Et
2284 867 2392 940 γὰρ
2438 871 2646 940 μάγους
2695 874 2756 928 οὐ
2813 861 3101 948 περιεῖδεν,
3153 861 3273 935 ούδέ
3319 883 3572 951 Αἰθίοπα,

1912 953 2032 1044 ούδέ
2063 953 2285 1027 λῃστὴν,
2309 958 2431 1012 οὐδὲ
2455 960 2679 1032 πόρνην·
2726 965 2906 1036 πολλῷ
2943 967 3142 1038 μᾶλλον
3194 973 3321 1036 τοὺς
3348 975 3576 1044 ἐργαζο-

1916 1043 2113 1112 μένους
2145 1043 2489 1133 δικαιοσύνην
2526 1051 2621 1102 καὶ
2651 1049 3007 1124 βουλομένους
3054 1058 3272 1123 πάντως
3320 1043 3389 1114 ού
3421 1079 3577 1133 περι·

1913 1129 2125 1199 ὄψεται.
2156 1127 2349 1197 Τίοῦν,
2377 1135 2462 1188 ὅτι
2482 1137 2620 1191 είσὶν
2642 1139 2904 1204 ἐπιεικεῖς
2930 1144 3026 1197 καὶ
3051 1145 3248 1216 ἥμεροι
3276 1127 3574 1218 ἄνθρωποι,

1914 1219 2009 1272 καὶ
2034 1219 2320 1276 πιστεῦσαι
2347 1223 2408 1276 ού
2437 1223 2748 1294 βούλονται;
2801 1228 2932 1284 Ἰδοὺ
2965 1232 3030 1285 σὺ
3080 1233 3178 1303 τὴν
3203 1235 3380 1288 αἰτίαν
3404 1233 3576 1300 εἶπες,

1914 1305 1995 1358 ὅτι
2027 1307 2086 1358 οὐ
2117 1306 2413 1377 βούλονται.
2461 1312 2672 1378 Ἄλλως
2727 1315 2783 1368 δέ
2820 1317 3038 1389 ἐπιεικῆ
3101 1321 3352 1382 ἐνταῦθα,
3391 1325 3451 1377 οὐ
3481 1325 3579 1380 τὸν

1916 1394 2091 1464 πρᾶον
2123 1395 2292 1465 λέγει,
2323 1399 2458 1453 ἀλλὰ
2498 1401 2588 1455 τὸν
2625 1403 2972 1478 δικαιοσύνην
3003 1408 3387 1480 ἐργαζόμενον·
3424 1430 3579 1466 τουτ-

1916 1482 2054 1547 ἐστι,
2083 1483 2174 1536 τὸν
2207 1487 2264 1539 ἐν
2295 1489 2465 1541 πᾶσιν
2499 1490 2792 1562 εὐάρεστον
2827 1505 2875 1559 α,
2903 1493 2962 1558 ὃς
2987 1495 3108 1549 τότε
3139 1496 3377 1561 τοιοῦτός
3408 1501 3576 1563 ἐστιν,

1914 1571 2046 1625 ὅταν
2079 1573 2178 1648 ἔχῃ
2213 1575 2306 1630 τοῦ
2343 1577 2476 1632 Θεοῦ
2510 1580 2600 1633 τὸν
2640 1581 2802 1649 φόϐον
2833 1583 2909 1646 ὡς
2962 1586 3091 1656 χρή.
3130 1586 3232 1640 Τὸν
3255 1587 3311 1640 δὲ
3340 1588 3581 1643 τοιοῦτον

1915 1660 1945 1712 ὁ
1973 1660 2104 1725 Θεὸς
2161 1657 2269 1716 οἶδε
2323 1664 2502 1736 μόνος.
2541 1667 2684 1739 Ὅρα
2742 1670 2860 1733 πῶς
2889 1667 2957 1743 ἦν
3011 1667 3162 1738 οὗτος
3195 1673 3404 1740 δεκτός·
3464 1676 3582 1747 ἅμα

1917 1749 2263 1840 ἤκουσενκαὶ
2317 1753 2564 1840 ἐπείσθη.
2593 1759 2711 1812 Καὶ
2759 1759 2874 1822 νῦν,
2932 1763 2980 1814 εί
3013 1762 3243 1839 ἄγγελος
3270 1759 3423 1840 ἦλθε,
3475 1782 3583 1835 φη-

1919 1836 2024 1901 σὶν,
2053 1838 2281 1910 ἐπείσθη
2312 1839 2379 1894 ἂν
2423 1842 2672 1908 ἕκαστος,
2707 1845 2854 1910 ὅστις
2880 1845 2944 1900 ἂν
2981 1843 3069 1920 ἦν.
3113 1836 3274 1904 Ἀλλά
3302 1836 3484 1922 πολλῷ
3514 1853 3585 1908 τά

1919 1922 2013 1978 νῦν
2044 1929 2246 1998 σημεῖα
2301 1929 2528 1984 ἐκείνων
2555 1932 2670 1986 ἐστὶ
2700 1933 2944 2004 μείζονα,
2975 1937 3067 1990 καὶ
3097 1938 3247 2008 ὅμως
3293 1939 3585 1996 ἀπιστοῦσι

1919 2013 2123 2070 πολλοί.
2165 2011 2299 2070 Εἶτα
2341 2017 2566 2089 ἄρχεται
2617 2023 2718 2092 τῆς
2749 2022 3118 2089 διδασκαλίας,
3150 2027 3246 2080 καὶ⁵
3271 2030 3430 2099 τηρεῖ
3485 2035 3586 2101 τὴν

1919 2101 2198 2170 εὐγένειαν
2219 2106 2334 2169 τοῖς
2380 2107 2669 2173 Ἰουδαίοις.
2734 2111 2844 2166 Τὸν
2874 2114 3089 2182 Λόγον,
3133 2116 3318 2186 φησὶν,
3373 2115 3446 2170 ὃν
3473 2119 3585 2173 ἀπ-

1918 2187 2154 2245 έστειλε
2174 2192 2300 2258 τοῖς
2323 2193 2476 2258 υἱοῖς
2515 2196 2764 2266 Ἰσραὴλ
2778 2200 3581 2272 εὐαγγελιζόμενονείρήνην·

1921 2273 2098 2344 οὗτός
2121 2279 2252 2333 ἐστι
2276 2282 2494 2350 Κύριος
2524 2283 2786 2342 πάντων.
2847 2288 3068 2359 Πρῶτον
3103 2291 3231 2362 περὶ
3265 2296 3362 2363 τῆς
3397 2293 3587 2364 κυριό·

1923 2383 2081 2436 τητος
2107 2367 2269 2421 αὑτοῦ
2308 2368 2638 2439 διαλέγεται,
2682 2374 2776 2427 καὶ
2807 2376 3012 2446 σφόδρα
3042 2377 3281 2448 ὑψηλῶς,
3314 2380 3389 2444 ὡς
3434 2382 3582 2448 ἐνῆν,

1923 2452 2110 2525 ἐπειδὴ
2146 2456 2238 2508 καὶ
2286 2456 2420 2526 πρὸς
2474 2458 2652 2530 ψυχὴν
2701 2457 2847 2532 εἶχεν
2886 2463 3096 2535 ὑψηλὴν
3128 2465 3226 2537 ἤδη
3286 2468 3586 2539 γενομένην

1924 2541 2024 2628 καὶ*
2069 2541 2244 2596 πάντα
2277 2627 2280 2628 ν
2308 2543 2526 2616 θερμῶς
2577 2547 2894 2620 δεχομένην
2922 2550 2988 2603 τὰ
3028 2553 3119 2604 ὑπ’
3161 2554 3323 2608 αὐτοῦ
3381 2572 3586 2628 παρεγ-

1923 2625 2198 2699 γυώμενα·
2243 2627 2361 2685 εἶτα
2418 2635 2841 2701 κατασκευάζων
2891 2639 3010 2704 πῶς
3055 2640 3257 2712 Κύριος
3311 2643 3585 2706 ἁπάντων,

1925 2717 2121 2786 ἐπάγει
2181 2718 2277 2771 καὶ
2347 2718 2514 2790 λέγει·
2577 2725 2685 2776 Ὃν
2741 2725 3101 2781 ἀπέστειλεν
3148 2728 3589 2800 εὐαγγελιζόμε-

1924 2821 2055 2859 νον·
2093 2807 2371 2862 τουτέστιν
2406 2809 2492 2863 ἐπ’
2527 2811 2750 2880 ἀγαθοῖς
2804 2813 3092 2881 καλοῦντα,
3151 2817 3212 2870 ού
3246 2817 3427 2890 κρίσιν
3485 2821 3586 2873 ἐπ-

1925 2892 2144 2961 άγοντα.

1996 2988 2065 3050 γ’.
2098 2983 2374 3038 Ἐντεῦθεν
2396 2984 2684 3054 δείκνυσιν,
2719 2989 2800 3043 δτι
2826 2981 2978 3055 οὗτος
3008 2991 3116 3046 ἀπὺ
3139 2991 3274 3046 Θεοῦ
3316 2993 3595 3064 Ἰουδαίοις
3621 3059 3624 3062 ς

1927 3067 2145 3137 πρῶτον
2180 3071 2534 3128 ἀπέσταλται.
2567 3073 2698 3130 Εἶτα
2718 3078 2812 3146 ἀφ’
2844 3073 2919 3132 ὧν
2959 3079 3296 3151 κατώρθωσε¹
3320 3082 3440 3136 καθ’
3463 3082 3592 3154 ὅλης

1926 3157 2028 3226 τῆς
2069 3158 2330 3224 Ἰουδαίας
2351 3161 2508 3215 τοῦτο
2550 3165 3017 3230 συναποδείκνυσι,
3061 3169 3161 3221 καὶ
3191 3167 3360 3236 λέγει·
3396 3169 3592 3238 Ὑμεῖς

1928 3247 2129 3301 οἴδατε
2156 3251 2221 3301 τὸ
2241 3250 2568 3319 γενόμενον
2591 3252 2760 3321 ῥῆμα
2789 3254 2924 3308 καθ’
2954 3255 3103 3324 ὅλης
3135 3253 3245 3323 τῆς
3283 3256 3589 3324 Ἰουδαίας·

1931 3338 2022 3392 καὶ
2043 3335 2104 3389 τὸ
2146 3335 2479 3408 θαυμαστὸν,
2525 3341 2866 3411 ἀρξάμενον
2912 3344 3030 3398 ἀπὸ
3081 3344 3193 3412 τῆς
3217 3338 3592 3414 Γαλιλαίας,

1924 3425 2075 3493 μετὰ
2105 3428 2173 3480 τὸ
2203 3427 2520 3498 ⁶ϐάπτισμα
2561 3429 2592 3482 ὃ
2631 3430 2928 3500 ἐκήρυξεν
2994 3433 3284 3501 Ἰωάννης.
3325 3435 3594 3506 Πρότερον

1931 3507 2084 3566 εἶπεν
2111 3514 2273 3568 αὑτοῦ
2314 3516 2376 3568 τὸ
2401 3516 2752 3588 κατόρθωμα,
2802 3522 2897 3574 καὶ
2926 3521 3046 3574 τότε
3097 3521 3290 3594 θαρῤεϊ
3335 3524 3464 3594 περὶ
3496 3525 3595 3595 τῆς

1932 3599 2097 3654 αὑτοῦ
2147 3602 2405 3673 πατρίδος
2453 3606 2647 3658 εἰπεῖν·
2697 3607 2939 3673 Ἰησοῦν
2982 3608 3090 3662 τὸν
3139 3609 3254 3662 ἀπὸ
3311 3610 3590 3678 Ναζαρέθ.

1933 3689 2119 3752 Οὕτως
2144 3690 2282 3760 ᾔδει,
2328 3691 2410 3744 ὅτι
2437 3693 2731 3746 σκάνδαλον
2759 3697 2792 3764 ἡ
2824 3697 3040 3766 πατρίς.
3086 3698 3183 3764 Ὠς
3217 3700 3462 3766 ἔχρισεν
3483 3701 3593 3752 αύ-

1930 3777 2039 3830 τὸν
2076 3780 2108 3831 ό
2137 3779 2279 3844 Θεὸς
2310 3780 2602 3848 Πνεύματι
2631 3781 2777 3850 αγίῳ
2801 3782 2896 3835 καὶ
2928 3783 3197 3852 δυνάμει.
3232 3787 3398 3842 Πάλιν
3422 3803 3592 3839 κατα-

1935 3867 2122 3936 σκευή.
2164 3867 2278 3919 Ἵνα
2302 3867 2410 3936 γάρ
2436 3868 2508 3938 μή
2532 3885 2616 3931 τις
2659 3869 2808 3939 εἴπῃ,
2847 3870 2956 3922 Καὶ
2986 3870 3148 3924 πόθεν
3198 3872 3354 3925 τοῦτο
3403 3872 3591 3942 δῆλονς

1933 3953 2132 4021 ἐπάγει
2162 3953 2313 4025 [188]
2365 3953 2560 4022 λέγων’
2598 3957 2694 4022 Ὃς
2728 3954 2977 4024 διῆλθεν
3006 3959 3330 4028 εὐεργετῶν
3347 3960 3457 4014 -καὶ
3509 3961 3595 4018 ιώ·

1929 4059 2113 4111 μενος
2153 4041 2383 4108 πάντας
2414 4042 2556 4109 τοὺς
2589 4043 3300 4115 καταδυναστευομένους
3336 4049 3457 4104 ὑπὸ
3488 4050 3594 4114 τοῦ

1935 4130 2236 4185 διαϐόλου.
2271 4127 2402 4185 Εἶτα
2430 4131 2568 4202 μετά
2602 4131 2712 4185 τῶν
2745 4132 2962 4201 ἀγαθῶν
2985 4127 3060 4188 ὧν
3085 4135 3328 4206 ἐποίησε,
3355 4136 3592 4192 δείκνυσι
3655 4152 3662 4159 ·

1937 4219 2032 4272 καὶ
2064 4219 2162 4291 τὴν
2194 4219 2443 4289 δύναμιν,
2475 4220 2556 4273 ὅτι
2584 4219 2775 4292 πολλή·
2805 4223 2933 4275 ὅταν
2975 4222 3085 4295 γὰρ
3115 4223 3209 4279 τοῦ
3229 4223 3474 4280 διαϐόλου
3501 4245 3596 4281 πε-

1940 4308 2232 4380 ριγίνηται,
2291 4306 2460 4379 πολλή
2518 4308 2602 4372 τίς
2649 4308 2888 4363 ἐστικαὶ
2938 4312 3169 4382 μεγάλη.
3203 4314 3381 4386 Καὶὴ
3425 4316 3596 4381 αίτία,

1941 4397 2071 4450 Ὀτι
2128 4399 2161 4449 ό
2219 4397 2363 4462 Θεὸς
2412 4393 2492 4468 ἦν
2521 4399 2648 4467 μετ’
2697 4398 2902 4460 αὑτοῦ,
2945 4399 3130 4471 φησίν.
3166 4401 3263 4455 Διά
3316 4403 3473 4457 τοῦτο
3506 4406 3600 4458 καὶ

1952 4485 2193 4538 Ἰουδαῖοι
2231 4485 2401 4548 οὕτως
2432 4486 2636 4554 ελεγον·
2686 4488 2961 4556 Οἴδαμεν,
3014 4488 3101 4543 ὅτι
3129 4491 3249 4544 ἀπὸ
3293 4492 3400 4546 τοῦ
3451 4493 3598 4547 Θεοῦ

1939 4574 2243 4640 ἐλήλυθας
2268 4573 2653 4640 διδάσκαλος·
2691 4575 2889 4642 οὐδεὶς
2913 4575 3021 4645 γὰρ
3049 4577 3236 4633 ταῦτα
3272 4579 3341 4632 τὰ
3383 4580 3600 4649 σημεῖα

1940 4663 2189 4717 δύναται
2214 4663 2423 4726 ποιεῖν,
2475 4662 2552 4716 ἂν
2574 4662 2660 4732 μὴ
2692 4658 2732 4734 ᾖ
2765 4667 2797 4717 ό
2825 4663 2969 4728 Θεὸς
3018 4668 3147 4733 μετ’
3199 4667 3404 4721 αὐτοῦ.
3444 4664 3597 4732 Εἶτα,

1941 4751 2029 4804 ὅτε
2060 4751 2278 4818 ἔδειξεν,
2302 4752 2384 4804 ὅτι
2411 4751 2520 4805 ἀπὸ
2568 4751 2703 4805 Θεοῦ
2736 4751 3090 4819 ἀπέσταλται,
3129 4753 3249 4806 τότε
3293 4755 3464 4824 λέγει,
3517 4757 3600 4812 ὅτι

1941 4840 2202 4912 ἀνῃρέθη,
2235 4840 2320 4894 ἵνα
2369 4841 2442 4911 μή
2490 4857 2541 4892 τι
2569 4839 2768 4894 ἄτοπον
2821 4840 3148 4912 φαντασθῇς.
3195 4841 3356 4914 Ὁρᾷς
3403 4845 3601 4912 αὐτοὺς

1943 4929 2180 5000 οὐδαμοῦ
2215 4929 2554 4999 κρύπτοντας
2577 4928 2668 4981 τὸν
2700 4928 2948 4999 σταυρὸν,
2979 4930 3115 4984 ἀλλά
3140 4931 3279 5002 μετὰ
3299 4933 3409 4988 τῶν
3427 4935 3602 4991 ἀλλων

1941 5017 2190 5080 τιθέντας
2224 5017 2317 5070 καὶ
2347 5016 2437 5069 τὸν
2464 5016 2698 5086 τρόπον;
2740 5017 2848 5070 Ὃν
2873 5017 2968 5072 καί
2998 5019 3262 5084 ἀνεῖλον,
3293 5024 3446 5094 φησὶ,
3471 5041 3603 5093 κρε-

1939 5105 2246 5177 μάσαντες
2297 5104 2394 5157 ἐπὶ
2433 5104 2646 5168 ξύλου.
2689 5104 2796 5158 Καὶ
2848 5105 3072 5162 ἔδωκεν
3121 5111 3310 5164 αὐτὸν
3361 5111 3599 5182 ἐμφανῆ

1943 5195 2240 5266 γενέσθαι,
2265 5195 2336 5246 οὐ
2365 5192 2545 5245 παντὶ
2569 5189 2648 5257 τῷ
2669 5192 2816 5258 λαῷ,
2843 5196 3006 5250 ἀλλὰ
3027 5197 3288 5267 μάρτυσι
3310 5200 3434 5266 τοῖς
3459 5215 3602 5268 προ-

1945 5282 2532 5354 κεχειροτονημένοις
2569 5285 2686 5338 ὑπὸ
2720 5286 2827 5340 τοῦ
2883 5290 3030 5344 Θεοῦ
3081 5289 3244 5359 ἡμῖν.
3302 5292 3496 5346 Καίτοι
3537 5311 3602 5362 γε

1947 5373 2105 5436 αὐτὸς
2137 5371 2332 5435 αὐτοὺς
2380 5368 2679 5438 ἐξελέξατο,
2714 5374 2849 5427 ἀλλὰ
2900 5379 2993 5430 καὶ
3021 5377 3490 5451 τοῦτο-ἀνατίθησι
3522 5383 3603 5453 τῷ

1934 5461 2086 5532 Θεῷ.
2121 5459 2249 5525 Τοῖς
2280 5463 3000 5532 προκεχειροτονημένοις,
3039 5466 3232 5537 φησίν.
3269 5467 3410 5536 Ὅρα
3439 5469 3602 5524 πόθεν

1947 5552 2047 5622 τὴν
2076 5548 2369 5603 ἀνάστασιν
2408 5548 2736 5620 βεῦαιοῦται·
2765 5552 2876 5606 ἀπὸ
2924 5553 3019 5606 τοῦ
3053 5557 3268 5623 φαγεῖν.
3313 5555 3410 5609 Διά
3439 5557 3492 5610 τί
3540 5559 3600 5612 δὲ

1952 5639 2116 5711 μηδὲν
2142 5638 2398 5703 ἀναστὰς,
2431 5639 2652 5710 ἐποίησε
2681 5643 2927 5712 σημεῖον,
2967 5642 3084 5696 ἀλλῖ
3110 5643 3276 5713 ἔφαγε
3299 5645 3395 5698 καὶ
3411 5645 3602 5715 ἕπιεν;

1952 5729 2072 5782 ’Ὅτι
2105 5727 2201 5782 καὶ
2228 5727 2366 5798 αὕτη
2403 5729 2437 5797 ἡ
2469 5728 2770 5792 ἀνάστασις.
2817 5729 2937 5784 καθ’
2972 5732 3171 5804 ἐαυτὴν
3203 5734 3346 5804 μέγα
3379 5739 3604 5806 σημεῖον

1949 5811 2038 5888 ἦν·
2071 5814 2274 5886 ταύτης
2310 5815 2369 5868 δὲ
2399 5812 2748 5900 οὐδένοῦτως
2779 5817 2859 5881 εἰς
2898 5817 3170 5884 ἀπόδειξιν
3201 5821 3405 5890 μεῖζον,
3431 5822 3508 5888 ὡς
3541 5825 3606 5878 τὸ

1953 5983 1973 6032 ἐ
2068 5919 2177 5969 Duo
2219 5918 2382 5980 codd.,
2411 5917 2624 5980 ἐνάρετον
2647 5920 2728 5967 καὶ
2751 5919 2978 5978 ἄληπτον.
2997 5943 3058 5981 -εω
3081 5925 3215 5975 Unus
3251 5936 3354 5976 cum
3388 5926 3600 5990 Erasm.,

1978 5998 2182 6032 ναοετον.
3515 6016 3519 6020 .

1978 5998 2182 6046 ναρετον.
3515 6016 3519 6020 .
