  <div class='ocr_page' id='page_1' title='image "/cluster/home/n/w/nwhite01/storage/ocr_20150623/60/hvd.32044019207810/185.png"; bbox 0 0 4076 6354; ppageno 0'>
   <div class='ocr_carea' id='block_1_1' title="bbox 423 273 519 330">
    <p class='ocr_par' dir='ltr' id='par_1_1' title="bbox 423 273 519 330">
     <span class='ocr_line' id='line_1_1' title="bbox 423 273 519 330; baseline -0.031 1"><span class='ocrx_word' id='word_1_1' title='bbox 423 273 519 330; x_wconf 71' lang='grc'>181</span> 
     </span>
    </p>
   </div>
   <div class='ocr_carea' id='block_1_2' title="bbox 427 364 2082 454">
    <p class='ocr_par' dir='ltr' id='par_1_2' title="bbox 427 364 2082 454">
     <span class='ocr_line' id='line_1_2' title="bbox 427 364 2082 454; baseline -0.015 -15"><span class='ocrx_word' id='word_1_2' title='bbox 427 387 621 454; x_wconf 89' lang='grc' dir='ltr'>φαγεῖν</span> <span class='ocrx_word' id='word_1_3' title='bbox 677 385 771 436; x_wconf 71' lang='grc' dir='ltr'>καὶ</span> <span class='ocrx_word' id='word_1_4' title='bbox 827 385 987 435; x_wconf 83' lang='grc' dir='ltr'>πιεῖν.</span> <span class='ocrx_word' id='word_1_5' title='bbox 1024 377 1548 448; x_wconf 81' lang='grc' dir='ltr'>Διαμαρτύρασθαι,</span> <span class='ocrx_word' id='word_1_6' title='bbox 1596 371 1778 441; x_wconf 89' lang='grc' dir='ltr'>φησίν.</span> <span class='ocrx_word' id='word_1_7' title='bbox 1817 364 2082 420; x_wconf 77' lang='grc' dir='ltr'>Ἐνταῦθα</span> 
     </span>
    </p>
   </div>
   <div class='ocr_carea' id='block_1_3' title="bbox 1204 222 2117 320">
    <p class='ocr_par' dir='ltr' id='par_1_3' title="bbox 1204 222 2104 320">
     <span class='ocr_line' id='line_1_3' title="bbox 1204 222 2104 320; baseline -0.02 0"><span class='ocrx_word' id='word_1_8' title='bbox 1204 265 1261 320; x_wconf 91' lang='lat' dir='ltr'>s.</span> <span class='ocrx_word' id='word_1_9' title='bbox 1297 260 1580 319; x_wconf 81' lang='lat' dir='ltr'>JOANNIS</span> <span class='ocrx_word' id='word_1_10' title='bbox 1618 222 2104 314; x_wconf 70' lang='grc' dir='ltr'>οι-ιῐιγεοετοίιιι</span> 
     </span>
    </p>
   </div>
   <div class='ocr_carea' id='block_1_4' title="bbox 2219 222 3053 320">
    <p class='ocr_par' dir='ltr' id='par_1_4' title="bbox 2219 242 3053 302">
     <span class='ocr_line' id='line_1_4' title="bbox 2219 242 3053 302; baseline 0 -2"><span class='ocrx_word' id='word_1_11' title='bbox 2219 247 2461 302; x_wconf 67' lang='grc' dir='ltr'>ιοιιιειι.</span> <span class='ocrx_word' id='word_1_12' title='bbox 2501 242 3053 301; x_wconf 71' lang='grc' dir='ltr'>ϐΟΝΞΤΑΝΤΙΝΟΡ..</span> 
     </span>
    </p>
   </div>
   <div class='ocr_carea' id='block_1_5' title="bbox 3745 237 3854 290">
    <p class='ocr_par' dir='ltr' id='par_1_5' title="bbox 3745 237 3854 290">
     <span class='ocr_line' id='line_1_5' title="bbox 3745 237 3854 290; baseline -0.009 0"><span class='ocrx_word' id='word_1_13' title='bbox 3745 237 3854 290; x_wconf 68' lang='lat'>189.</span> 
     </span>
    </p>
   </div>
   <div class='ocr_carea' id='block_1_6' title="bbox 2185 348 3860 428">
    <p class='ocr_par' dir='ltr' id='par_1_6' title="bbox 2185 348 3860 428">
     <span class='ocr_line' id='line_1_6' title="bbox 2185 348 3860 428; baseline -0.01 -14"><span class='ocrx_word' id='word_1_14' title='bbox 2185 360 2408 414; x_wconf 86' lang='grc' dir='ltr'>δύνασαι</span> <span class='ocrx_word' id='word_1_15' title='bbox 2459 364 2572 425; x_wconf 83' lang='grc' dir='ltr'>τοῖς</span> <span class='ocrx_word' id='word_1_16' title='bbox 2603 360 2738 421; x_wconf 74' lang='grc' dir='ltr'>ἴσοις</span> <span class='ocrx_word' id='word_1_17' title='bbox 2771 357 3120 428; x_wconf 59' lang='grc' dir='ltr'>ἀμείψασθαι.</span> <span class='ocrx_word' id='word_1_18' title='bbox 3169 353 3232 406; x_wconf 87' lang='grc' dir='ltr'>Τί</span> <span class='ocrx_word' id='word_1_19' title='bbox 3273 351 3524 420; x_wconf 84' lang='grc' dir='ltr'>φεύγεις;</span> <span class='ocrx_word' id='word_1_20' title='bbox 3576 348 3709 412; x_wconf 72' lang='grc' dir='ltr'>Ναὶ,</span> <span class='ocrx_word' id='word_1_21' title='bbox 3743 365 3860 416; x_wconf 68' lang='grc' dir='ltr'>φης</span> 
     </span>
    </p>
   </div>
   <div class='ocr_carea' id='block_1_7' title="bbox 428 435 3858 542">
    <p class='ocr_par' dir='ltr' id='par_1_7' title="bbox 428 435 3858 542">
     <span class='ocr_line' id='line_1_7' title="bbox 436 435 2317 454; baseline -0.001 0"><span class='ocrx_word' id='word_1_22' title='bbox 436 435 456 454; x_wconf 77' lang='grc' dir='ltr'>ἶ</span> <span class='ocrx_word' id='word_1_23' title='bbox 475 435 500 438; x_wconf 28' lang='grc' dir='ltr'>’ί</span> <span class='ocrx_word' id='word_1_24' title='bbox 519 435 529 452; x_wconf 77' lang='grc' dir='ltr'>ι</span> <span class='ocrx_word' id='word_1_25' title='bbox 549 435 587 438; x_wconf 71' lang='grc'><strong><em>““</em></strong></span> <span class='ocrx_word' id='word_1_26' title='bbox 606 435 609 436; x_wconf 57' lang='grc'><strong><em>⁷</em></strong></span> <span class='ocrx_word' id='word_1_27' title='bbox 683 435 687 436; x_wconf 55' lang='grc'><strong><em>⁷</em></strong></span> <span class='ocrx_word' id='word_1_28' title='bbox 719 435 745 436; x_wconf 32' lang='lat'>7’</span> <span class='ocrx_word' id='word_1_29' title='bbox 761 435 768 436; x_wconf 30' lang='grc' dir='ltr'>ί</span> <span class='ocrx_word' id='word_1_30' title='bbox 1122 435 1138 448; x_wconf 62' lang='grc' dir='ltr'><strong><em>θ</em></strong></span> <span class='ocrx_word' id='word_1_31' title='bbox 1202 435 1218 446; x_wconf 71' lang='grc'><strong><em>⁸</em></strong></span> <span class='ocrx_word' id='word_1_32' title='bbox 1309 435 1324 444; x_wconf 83' lang='grc'><strong>¹</strong></span> <span class='ocrx_word' id='word_1_33' title='bbox 1610 435 1619 438; x_wconf 87' lang='grc'><strong><em>“</em></strong></span> <span class='ocrx_word' id='word_1_34' title='bbox 1659 435 1669 441; x_wconf 89' lang='grc'><strong><em>“</em></strong></span> <span class='ocrx_word' id='word_1_35' title='bbox 2311 435 2317 440; x_wconf 88' lang='grc'><em>’</em></span> 
     </span>
     <span class='ocr_line' id='line_1_8' title="bbox 428 435 3858 542; baseline -0.008 -32"><span class='ocrx_word' id='word_1_36' title='bbox 428 474 521 525; x_wconf 56' lang='grc' dir='ltr'>καὶ</span> <span class='ocrx_word' id='word_1_37' title='bbox 545 473 789 542; x_wconf 60' lang='grc' dir='ltr'>φοϐερῶς</span> <span class='ocrx_word' id='word_1_38' title='bbox 819 466 989 533; x_wconf 61' lang='grc' dir='ltr'>εἶπεν,</span> <span class='ocrx_word' id='word_1_39' title='bbox 1021 470 1108 521; x_wconf 77' lang='grc' dir='ltr'>ἵνα,</span> <span class='ocrx_word' id='word_1_40' title='bbox 1140 467 1212 537; x_wconf 75' lang='grc' dir='ltr'>μὴ</span> <span class='ocrx_word' id='word_1_41' title='bbox 1239 465 1430 533; x_wconf 77' lang='grc' dir='ltr'>ἔχωσιν</span> <span class='ocrx_word' id='word_1_42' title='bbox 1481 461 1558 522; x_wconf 87' lang='grc' dir='ltr'>είς</span> <span class='ocrx_word' id='word_1_43' title='bbox 1584 460 1804 524; x_wconf 86' lang='grc' dir='ltr'>ἄγνοιαν</span> <span class='ocrx_word' id='word_1_44' title='bbox 1837 467 2050 517; x_wconf 76' lang='grc' dir='ltr'>καταφν</span> <span class='ocrx_word' id='word_1_45' title='bbox 2077 464 2110 516; x_wconf 61' lang='grc' dir='ltr'>ἡ,</span> <span class='ocrx_word' id='word_1_46' title='bbox 2189 448 2292 510; x_wconf 69' lang='grc' dir='ltr'>σὶν,</span> <span class='ocrx_word' id='word_1_47' title='bbox 2322 448 2436 500; x_wconf 82' lang='grc' dir='ltr'>ἀλλ’</span> <span class='ocrx_word' id='word_1_48' title='bbox 2473 449 2532 500; x_wconf 89' lang='grc' dir='ltr'>οὐ</span> <span class='ocrx_word' id='word_1_49' title='bbox 2575 448 2804 514; x_wconf 85' lang='grc' dir='ltr'>δύναμαι</span> <span class='ocrx_word' id='word_1_50' title='bbox 2859 443 3107 510; x_wconf 82' lang='grc' dir='ltr'>φυλάξαι.</span> <span class='ocrx_word' id='word_1_51' title='bbox 3142 439 3347 493; x_wconf 85' lang='grc' dir='ltr'>Οὐκοῦν</span> <span class='ocrx_word' id='word_1_52' title='bbox 3377 438 3444 490; x_wconf 78' lang='grc' dir='ltr'>τά</span> <span class='ocrx_word' id='word_1_53' title='bbox 3489 435 3726 489; x_wconf 88' lang='grc' dir='ltr'>ἀδύνατα</span> <span class='ocrx_word' id='word_1_54' title='bbox 3755 435 3858 484; x_wconf 75' lang='grc' dir='ltr'>ἰπ-</span> 
     </span>
     <span class='ocr_line' id='line_1_9' title="bbox 1932 519 3856 542; baseline 0 0"><span class='ocrx_word' id='word_1_55' title='bbox 1932 541 1943 542; x_wconf 52' lang='lat'><strong><em>,</em></strong></span> <span class='ocrx_word' id='word_1_56' title='bbox 2027 539 2050 542; x_wconf 82' lang='lat'><em>__</em></span> <span class='ocrx_word' id='word_1_57' title='bbox 2202 535 2212 542; x_wconf 81' lang='lat'><em>.</em></span> <span class='ocrx_word' id='word_1_58' title='bbox 2295 536 2316 542; x_wconf 92' lang='grc'>..</span> <span class='ocrx_word' id='word_1_59' title='bbox 2423 538 2434 542; x_wconf 85' lang='grc'>-</span> <span class='ocrx_word' id='word_1_60' title='bbox 2477 537 2501 542; x_wconf 56' lang='grc' dir='ltr'><strong>Α</strong></span> <span class='ocrx_word' id='word_1_61' title='bbox 2555 537 2566 542; x_wconf 81' lang='grc'>-</span> <span class='ocrx_word' id='word_1_62' title='bbox 2687 537 2698 542; x_wconf 73' lang='grc'>-</span> <span class='ocrx_word' id='word_1_63' title='bbox 2717 539 2726 542; x_wconf 93' lang='grc'>-</span> <span class='ocrx_word' id='word_1_64' title='bbox 2791 535 2802 542; x_wconf 79' lang='grc'><strong>.</strong></span> <span class='ocrx_word' id='word_1_65' title='bbox 2917 533 2929 542; x_wconf 69' lang='grc' dir='ltr'><strong><em>ι</em></strong></span> <span class='ocrx_word' id='word_1_66' title='bbox 3116 530 3128 542; x_wconf 74' lang='grc' dir='ltr'><em>ι</em></span> <span class='ocrx_word' id='word_1_67' title='bbox 3287 529 3298 542; x_wconf 68' lang='grc' dir='ltr'>ο</span> <span class='ocrx_word' id='word_1_68' title='bbox 3424 525 3435 542; x_wconf 78' lang='grc' dir='ltr'>ο</span> <span class='ocrx_word' id='word_1_69' title='bbox 3525 541 3541 542; x_wconf 48' lang='grc' dir='ltr'><em>η</em></span> <span class='ocrx_word' id='word_1_70' title='bbox 3594 538 3673 542; x_wconf 22' lang='lat' dir='ltr'>Ag;</span> <span class='ocrx_word' id='word_1_71' title='bbox 3748 519 3856 542; x_wconf 54' lang='lat' dir='ltr'>.L_‘</span> 
     </span>
    </p>
   </div>
   <div class='ocr_carea' id='block_1_8' title="bbox 427 539 2076 630">
    <p class='ocr_par' dir='ltr' id='par_1_8' title="bbox 427 539 2076 630">
     <span class='ocr_line' id='line_1_10' title="bbox 427 539 2076 630; baseline -0.014 -17"><span class='ocrx_word' id='word_1_72' title='bbox 427 563 566 630; x_wconf 89' lang='grc' dir='ltr'>γεῖν.</span> <span class='ocrx_word' id='word_1_73' title='bbox 594 561 704 613; x_wconf 73' lang='grc' dir='ltr'>Καὶ</span> <span class='ocrx_word' id='word_1_74' title='bbox 731 561 830 612; x_wconf 78' lang='grc' dir='ltr'>οὐκ</span> <span class='ocrx_word' id='word_1_75' title='bbox 857 556 1028 618; x_wconf 72' lang='grc' dir='ltr'>εἶπεν,</span> <span class='ocrx_word' id='word_1_76' title='bbox 1053 557 1132 609; x_wconf 84' lang='grc' dir='ltr'>ὅτι</span> <span class='ocrx_word' id='word_1_77' title='bbox 1165 553 1334 615; x_wconf 77' lang='grc' dir='ltr'>Αὐτός</span> <span class='ocrx_word' id='word_1_78' title='bbox 1365 551 1510 602; x_wconf 82' lang='grc' dir='ltr'>ἐστιν</span> <span class='ocrx_word' id='word_1_79' title='bbox 1536 548 1564 599; x_wconf 91' lang='grc' dir='ltr'><strong>ὁ</strong></span> <span class='ocrx_word' id='word_1_80' title='bbox 1596 545 1722 608; x_wconf 86' lang='grc' dir='ltr'>Υίὸς</span> <span class='ocrx_word' id='word_1_81' title='bbox 1773 542 1868 596; x_wconf 88' lang='grc' dir='ltr'>τοῦ</span> <span class='ocrx_word' id='word_1_82' title='bbox 1918 539 2076 603; x_wconf 86' lang='grc' dir='ltr'>Θεοῦ,</span> 
     </span>
    </p>
   </div>
   <div class='ocr_carea' id='block_1_9' title="bbox 429 630 2089 717">
    <p class='ocr_par' dir='ltr' id='par_1_9' title="bbox 429 630 2089 717">
     <span class='ocr_line' id='line_1_11' title="bbox 429 630 2089 717; baseline -0.013 -17"><span class='ocrx_word' id='word_1_83' title='bbox 429 647 592 700; x_wconf 82' lang='grc' dir='ltr'>ἀλλ’ὃ</span> <span class='ocrx_word' id='word_1_84' title='bbox 626 647 858 717; x_wconf 87' lang='grc' dir='ltr'>μάλιστα</span> <span class='ocrx_word' id='word_1_85' title='bbox 880 645 1074 706; x_wconf 80' lang='grc' dir='ltr'>αὐτοὺς</span> <span class='ocrx_word' id='word_1_86' title='bbox 1102 640 1303 708; x_wconf 85' lang='grc' dir='ltr'>ἐφόϐει,</span> <span class='ocrx_word' id='word_1_87' title='bbox 1337 639 1418 690; x_wconf 81' lang='grc' dir='ltr'>ὅτι</span> <span class='ocrx_word' id='word_1_88' title='bbox 1467 635 1655 699; x_wconf 83' lang='grc' dir='ltr'>Αὐτός</span> <span class='ocrx_word' id='word_1_89' title='bbox 1678 633 1848 686; x_wconf 86' lang='grc' dir='ltr'>ἐστιν</span> <span class='ocrx_word' id='word_1_90' title='bbox 1899 633 1930 683; x_wconf 86' lang='grc' dir='ltr'>ό</span> <span class='ocrx_word' id='word_1_91' title='bbox 1963 630 2089 696; x_wconf 82' lang='grc' dir='ltr'>ὠρι-</span> 
     </span>
    </p>
   </div>
   <div class='ocr_carea' id='block_1_10' title="bbox 431 712 2094 803">
    <p class='ocr_par' dir='ltr' id='par_1_10' title="bbox 431 712 2094 803">
     <span class='ocr_line' id='line_1_12' title="bbox 431 712 2094 803; baseline -0.013 -15"><span class='ocrx_word' id='word_1_92' title='bbox 431 712 654 803; x_wconf 60' lang='grc' dir='ltr'>σμένοξ-</span> <span class='ocrx_word' id='word_1_93' title='bbox 688 735 803 788; x_wconf 77' lang='grc' dir='ltr'>ὑπὸ</span> <span class='ocrx_word' id='word_1_94' title='bbox 837 731 984 785; x_wconf 84' lang='grc' dir='ltr'>Θεοῦ</span> <span class='ocrx_word' id='word_1_95' title='bbox 1007 728 1213 796; x_wconf 77' lang='grc' dir='ltr'>κριτὴς</span> <span class='ocrx_word' id='word_1_96' title='bbox 1260 725 1491 786; x_wconf 78' lang='grc' dir='ltr'>ζώντων</span> <span class='ocrx_word' id='word_1_97' title='bbox 1528 722 1628 775; x_wconf 82' lang='grc' dir='ltr'>καὶ</span> <span class='ocrx_word' id='word_1_98' title='bbox 1681 718 1927 786; x_wconf 76' lang='grc' dir='ltr'>νεκρῶν.</span> <span class='ocrx_word' id='word_1_99' title='bbox 1962 712 2094 768; x_wconf 76' lang='grc' dir='ltr'>Εἶτα</span> 
     </span>
    </p>
   </div>
   <div class='ocr_carea' id='block_1_11' title="bbox 432 803 2096 890">
    <p class='ocr_par' dir='ltr' id='par_1_11' title="bbox 432 803 2096 890">
     <span class='ocr_line' id='line_1_13' title="bbox 432 803 2096 890; baseline -0.013 -16"><span class='ocrx_word' id='word_1_100' title='bbox 432 823 466 890; x_wconf 82' lang='grc' dir='ltr'><strong>ἡ</strong></span> <span class='ocrx_word' id='word_1_101' title='bbox 525 820 688 890; x_wconf 83' lang='grc' dir='ltr'>κυρία</span> <span class='ocrx_word' id='word_1_102' title='bbox 751 818 1060 884; x_wconf 85' lang='grc' dir='ltr'>κατασκευὴ</span> <span class='ocrx_word' id='word_1_103' title='bbox 1106 817 1138 884; x_wconf 84' lang='grc' dir='ltr'>ἡ</span> <span class='ocrx_word' id='word_1_104' title='bbox 1194 812 1300 866; x_wconf 84' lang='grc' dir='ltr'>ἀπὸ</span> <span class='ocrx_word' id='word_1_105' title='bbox 1328 811 1434 864; x_wconf 90' lang='grc' dir='ltr'>τῶν</span> <span class='ocrx_word' id='word_1_106' title='bbox 1489 806 1800 879; x_wconf 73' lang='grc' dir='ltr'>προφητῶνο</span> <span class='ocrx_word' id='word_1_107' title='bbox 1855 803 2096 875; x_wconf 84' lang='grc' dir='ltr'>μεγάλην</span> 
     </span>
    </p>
   </div>
   <div class='ocr_carea' id='block_1_12' title="bbox 432 888 2096 976">
    <p class='ocr_par' dir='ltr' id='par_1_12' title="bbox 432 888 2096 976">
     <span class='ocr_line' id='line_1_14' title="bbox 432 888 2096 976; baseline -0.003 0"><span class='ocrx_word' id='word_1_108' title='bbox 432 909 542 976; x_wconf 76' lang='grc' dir='ltr'>γὰρ</span> <span class='ocrx_word' id='word_1_109' title='bbox 568 904 709 975; x_wconf 79' lang='grc' dir='ltr'>εἶχον</span> <span class='ocrx_word' id='word_1_110' title='bbox 744 904 899 968; x_wconf 83' lang='grc' dir='ltr'>δόξαν</span> <span class='ocrx_word' id='word_1_111' title='bbox 949 905 1163 954; x_wconf 87' lang='grc' dir='ltr'>ἐκεῖνοι.</span> <span class='ocrx_word' id='word_1_112' title='bbox 1206 900 1396 963; x_wconf 70' lang='grc' dir='ltr'>Τούτῳ</span> <span class='ocrx_word' id='word_1_113' title='bbox 1429 896 1650 961; x_wconf 80' lang='grc' dir='ltr'>πάντες</span> <span class='ocrx_word' id='word_1_114' title='bbox 1701 897 1754 946; x_wconf 69' lang='grc' dir='ltr'><em>ολ</em></span> <span class='ocrx_word' id='word_1_115' title='bbox 1801 888 2096 960; x_wconf 55' lang='grc' dir='ltr'>προφῆται</span> 
     </span>
    </p>
   </div>
   <div class='ocr_carea' id='block_1_13' title="bbox 429 978 2096 1065">
    <p class='ocr_par' dir='ltr' id='par_1_13' title="bbox 429 978 2096 1065">
     <span class='ocr_line' id='line_1_15' title="bbox 429 978 2096 1065; baseline -0.01 -18"><span class='ocrx_word' id='word_1_116' title='bbox 429 993 853 1065; x_wconf 79' lang='grc' dir='ltr'>μαρτυροῦσιν.</span> <span class='ocrx_word' id='word_1_117' title='bbox 890 991 1017 1043; x_wconf 85' lang='grc' dir='ltr'>Ὅτε</span> <span class='ocrx_word' id='word_1_118' title='bbox 1046 990 1122 1057; x_wconf 84' lang='grc' dir='ltr'>τῷ</span> <span class='ocrx_word' id='word_1_119' title='bbox 1171 988 1317 1056; x_wconf 82' lang='grc' dir='ltr'>φόϐῳ</span> <span class='ocrx_word' id='word_1_120' title='bbox 1364 987 1669 1044; x_wconf 75' lang='grc' dir='ltr'>κατέσεισε,</span> <span class='ocrx_word' id='word_1_121' title='bbox 1729 982 1848 1035; x_wconf 90' lang='grc' dir='ltr'>τότε</span> <span class='ocrx_word' id='word_1_122' title='bbox 1903 978 2096 1046; x_wconf 84' lang='grc' dir='ltr'>ἐπάγει</span> 
     </span>
    </p>
   </div>
   <div class='ocr_carea' id='block_1_14' title="bbox 435 1064 2097 1151">
    <p class='ocr_par' dir='ltr' id='par_1_14' title="bbox 435 1064 2097 1151">
     <span class='ocr_line' id='line_1_16' title="bbox 435 1064 2097 1151; baseline -0.01 -16"><span class='ocrx_word' id='word_1_123' title='bbox 435 1083 533 1151; x_wconf 77' lang='grc' dir='ltr'>τὴν</span> <span class='ocrx_word' id='word_1_124' title='bbox 560 1079 926 1150; x_wconf 77' lang='grc' dir='ltr'>συγχώρησιν,</span> <span class='ocrx_word' id='word_1_125' title='bbox 957 1080 1018 1130; x_wconf 93' lang='grc' dir='ltr'>οὐ</span> <span class='ocrx_word' id='word_1_126' title='bbox 1050 1079 1176 1147; x_wconf 80' lang='grc' dir='ltr'>παρ’</span> <span class='ocrx_word' id='word_1_127' title='bbox 1207 1075 1368 1128; x_wconf 79' lang='grc' dir='ltr'>αὐτοῦ</span> <span class='ocrx_word' id='word_1_128' title='bbox 1390 1073 1709 1143; x_wconf 76' lang='grc' dir='ltr'>λεγομένην,</span> <span class='ocrx_word' id='word_1_129' title='bbox 1763 1069 1897 1122; x_wconf 86' lang='grc' dir='ltr'>ἀλλά</span> <span class='ocrx_word' id='word_1_130' title='bbox 1946 1064 2097 1133; x_wconf 88' lang='grc' dir='ltr'>παρά</span> 
     </span>
    </p>
   </div>
   <div class='ocr_carea' id='block_1_15' title="bbox 433 1153 2098 1238">
    <p class='ocr_par' dir='ltr' id='par_1_15' title="bbox 433 1153 2098 1238">
     <span class='ocr_line' id='line_1_17' title="bbox 433 1153 2098 1238; baseline -0.011 -16"><span class='ocrx_word' id='word_1_131' title='bbox 433 1169 543 1222; x_wconf 87' lang='grc' dir='ltr'>τῶν</span> <span class='ocrx_word' id='word_1_132' title='bbox 588 1167 901 1238; x_wconf 85' lang='grc' dir='ltr'>προφητῶν.</span> <span class='ocrx_word' id='word_1_133' title='bbox 941 1167 1052 1219; x_wconf 71' lang='grc' dir='ltr'>Καὶ</span> <span class='ocrx_word' id='word_1_134' title='bbox 1105 1167 1166 1216; x_wconf 87' lang='grc' dir='ltr'>τὸ</span> <span class='ocrx_word' id='word_1_135' title='bbox 1194 1164 1289 1233; x_wconf 82' lang='grc' dir='ltr'>μὲν</span> <span class='ocrx_word' id='word_1_136' title='bbox 1318 1162 1567 1232; x_wconf 87' lang='grc' dir='ltr'>φοϐερὸν,</span> <span class='ocrx_word' id='word_1_137' title='bbox 1625 1159 1753 1229; x_wconf 84' lang='grc' dir='ltr'>παρ’</span> <span class='ocrx_word' id='word_1_138' title='bbox 1799 1154 1982 1208; x_wconf 90' lang='grc' dir='ltr'>αὐτοῦ·</span> <span class='ocrx_word' id='word_1_139' title='bbox 2036 1153 2098 1205; x_wconf 90' lang='grc' dir='ltr'>τὸ</span> 
     </span>
    </p>
   </div>
   <div class='ocr_carea' id='block_1_16' title="bbox 435 1236 2098 1327">
    <p class='ocr_par' dir='ltr' id='par_1_16' title="bbox 435 1236 2098 1327">
     <span class='ocr_line' id='line_1_18' title="bbox 435 1236 2098 1327; baseline -0.01 -19"><span class='ocrx_word' id='word_1_140' title='bbox 435 1258 638 1327; x_wconf 74' lang='grc' dir='ltr'>ἥμερον</span> <span class='ocrx_word' id='word_1_141' title='bbox 690 1255 764 1316; x_wconf 71' lang='grc' dir='ltr'>δὲ,</span> <span class='ocrx_word' id='word_1_142' title='bbox 826 1254 934 1308; x_wconf 88' lang='grc' dir='ltr'>ἀπὸ</span> <span class='ocrx_word' id='word_1_143' title='bbox 995 1252 1102 1305; x_wconf 88' lang='grc' dir='ltr'>τῶν</span> <span class='ocrx_word' id='word_1_144' title='bbox 1139 1251 1454 1323; x_wconf 87' lang='grc' dir='ltr'>προφητῶν.</span> <span class='ocrx_word' id='word_1_145' title='bbox 1515 1236 1666 1301; x_wconf 84' lang='grc' dir='ltr'>Ὀσοι</span> <span class='ocrx_word' id='word_1_146' title='bbox 1723 1246 1818 1315; x_wconf 79' lang='grc' dir='ltr'>τῆς</span> <span class='ocrx_word' id='word_1_147' title='bbox 1852 1243 2098 1312; x_wconf 85' lang='grc' dir='ltr'>ἀφέσεως</span> 
     </span>
    </p>
   </div>
   <div class='ocr_carea' id='block_1_17' title="bbox 437 1333 2100 1412">
    <p class='ocr_par' dir='ltr' id='par_1_17' title="bbox 437 1333 2100 1412">
     <span class='ocr_line' id='line_1_19' title="bbox 437 1333 2100 1412; baseline -0.01 -16"><span class='ocrx_word' id='word_1_148' title='bbox 437 1344 656 1412; x_wconf 81' lang='grc' dir='ltr'>ἐτύχετε</span> <span class='ocrx_word' id='word_1_149' title='bbox 699 1342 922 1410; x_wconf 77' lang='grc' dir='ltr'>ταύτης,</span> <span class='ocrx_word' id='word_1_150' title='bbox 976 1342 1086 1393; x_wconf 84' lang='grc' dir='ltr'>ὅσοι</span> <span class='ocrx_word' id='word_1_151' title='bbox 1134 1341 1232 1408; x_wconf 80' lang='grc' dir='ltr'>τῆς</span> <span class='ocrx_word' id='word_1_152' title='bbox 1271 1339 1504 1400; x_wconf 88' lang='grc' dir='ltr'>πίστεως</span> <span class='ocrx_word' id='word_1_153' title='bbox 1556 1333 1951 1404; x_wconf 80' lang='grc' dir='ltr'>κατηξιώθητε,</span> <span class='ocrx_word' id='word_1_154' title='bbox 1995 1347 2100 1399; x_wconf 81' lang='grc' dir='ltr'>μα-</span> 
     </span>
    </p>
   </div>
   <div class='ocr_carea' id='block_1_18' title="bbox 439 1417 2097 1498">
    <p class='ocr_par' dir='ltr' id='par_1_18' title="bbox 439 1417 2097 1498">
     <span class='ocr_line' id='line_1_20' title="bbox 439 1417 2097 1498; baseline -0.009 -15"><span class='ocrx_word' id='word_1_155' title='bbox 439 1431 619 1494; x_wconf 88' lang='grc' dir='ltr'>θόντες</span> <span class='ocrx_word' id='word_1_156' title='bbox 650 1429 749 1497; x_wconf 77' lang='grc' dir='ltr'>τῆς</span> <span class='ocrx_word' id='word_1_157' title='bbox 792 1427 996 1498; x_wconf 77' lang='grc' dir='ltr'>δωρεᾶς</span> <span class='ocrx_word' id='word_1_158' title='bbox 1020 1427 1081 1478; x_wconf 84' lang='grc' dir='ltr'>τὸ</span> <span class='ocrx_word' id='word_1_159' title='bbox 1122 1425 1366 1496; x_wconf 83' lang='grc' dir='ltr'>μέγεθος,</span> <span class='ocrx_word' id='word_1_160' title='bbox 1401 1421 1722 1493; x_wconf 82' lang='grc' dir='ltr'>παρακαλῶ,</span> <span class='ocrx_word' id='word_1_161' title='bbox 1761 1417 2097 1472; x_wconf 81' lang='grc' dir='ltr'>σπουδάσατε</span> 
     </span>
    </p>
   </div>
   <div class='ocr_carea' id='block_1_19' title="bbox 443 1505 2096 1589">
    <p class='ocr_par' dir='ltr' id='par_1_19' title="bbox 443 1505 2096 1589">
     <span class='ocr_line' id='line_1_21' title="bbox 443 1505 2096 1589; baseline -0.01 -18"><span class='ocrx_word' id='word_1_162' title='bbox 443 1518 518 1589; x_wconf 82' lang='grc' dir='ltr'>μὴ</span> <span class='ocrx_word' id='word_1_163' title='bbox 549 1517 766 1587; x_wconf 87' lang='grc' dir='ltr'>ὐϐρίσαι</span> <span class='ocrx_word' id='word_1_164' title='bbox 797 1517 876 1579; x_wconf 88' lang='grc' dir='ltr'>είς</span> <span class='ocrx_word' id='word_1_165' title='bbox 907 1515 995 1568; x_wconf 90' lang='grc' dir='ltr'>τὸν</span> <span class='ocrx_word' id='word_1_166' title='bbox 1018 1514 1330 1585; x_wconf 75' lang='grc' dir='ltr'>εὐεργέτην.</span> <span class='ocrx_word' id='word_1_167' title='bbox 1376 1510 1666 1580; x_wconf 84' lang='grc' dir='ltr'>Ἐτύχομεν</span> <span class='ocrx_word' id='word_1_168' title='bbox 1693 1508 1800 1577; x_wconf 79' lang='grc' dir='ltr'>γάρ</span> <span class='ocrx_word' id='word_1_169' title='bbox 1829 1505 2096 1575; x_wconf 85' lang='grc' dir='ltr'>ἀφέσεως,</span> 
     </span>
    </p>
   </div>
   <div class='ocr_carea' id='block_1_20' title="bbox 439 1589 2100 1675">
    <p class='ocr_par' dir='ltr' id='par_1_20' title="bbox 439 1589 2100 1675">
     <span class='ocr_line' id='line_1_22' title="bbox 439 1589 2100 1675; baseline -0.009 -18"><span class='ocrx_word' id='word_1_170' title='bbox 439 1605 537 1675; x_wconf 83' lang='grc' dir='ltr'>οὐχ</span> <span class='ocrx_word' id='word_1_171' title='bbox 595 1605 680 1656; x_wconf 81' lang='grc' dir='ltr'>ἵνα</span> <span class='ocrx_word' id='word_1_172' title='bbox 733 1604 949 1673; x_wconf 80' lang='grc' dir='ltr'>χείρους</span> <span class='ocrx_word' id='word_1_173' title='bbox 999 1601 1308 1671; x_wconf 86' lang='grc' dir='ltr'>γενώμεθα,</span> <span class='ocrx_word' id='word_1_174' title='bbox 1345 1598 1458 1652; x_wconf 87' lang='grc' dir='ltr'>ἀλλ’</span> <span class='ocrx_word' id='word_1_175' title='bbox 1497 1600 1584 1651; x_wconf 81' lang='grc' dir='ltr'>ἵνα</span> <span class='ocrx_word' id='word_1_176' title='bbox 1628 1595 1880 1666; x_wconf 88' lang='grc' dir='ltr'>ἀμείνους</span> <span class='ocrx_word' id='word_1_177' title='bbox 1921 1589 2100 1661; x_wconf 85' lang='grc' dir='ltr'>πολλῷ</span> 
     </span>
    </p>
   </div>
   <div class='ocr_carea' id='block_1_21' title="bbox 441 1692 836 1761">
    <p class='ocr_par' dir='ltr' id='par_1_21' title="bbox 441 1692 836 1761">
     <span class='ocr_line' id='line_1_23' title="bbox 441 1692 836 1761; baseline -0.013 -14"><span class='ocrx_word' id='word_1_178' title='bbox 441 1696 537 1747; x_wconf 70' lang='grc' dir='ltr'>καὶ</span> <span class='ocrx_word' id='word_1_179' title='bbox 577 1692 836 1761; x_wconf 83' lang='grc' dir='ltr'>βελτίους.</span> 
     </span>
    </p>
   </div>
   <div class='ocr_carea' id='block_1_22' title="bbox 513 1765 2098 1850">
    <p class='ocr_par' dir='ltr' id='par_1_22' title="bbox 513 1765 2098 1850">
     <span class='ocr_line' id='line_1_24' title="bbox 513 1765 2098 1850; baseline -0.009 -17"><span class='ocrx_word' id='word_1_180' title='bbox 513 1781 715 1850; x_wconf 73' lang='grc' dir='ltr'>Μηδεὶς</span> <span class='ocrx_word' id='word_1_181' title='bbox 739 1779 915 1832; x_wconf 82' lang='grc' dir='ltr'>τοίνυν</span> <span class='ocrx_word' id='word_1_182' title='bbox 941 1779 1070 1850; x_wconf 75' lang='grc' dir='ltr'>εἴπῃ</span> <span class='ocrx_word' id='word_1_183' title='bbox 1094 1779 1175 1830; x_wconf 84' lang='grc' dir='ltr'>ὅτι</span> <span class='ocrx_word' id='word_1_184' title='bbox 1202 1777 1230 1829; x_wconf 88' lang='grc' dir='ltr'>ὀ</span> <span class='ocrx_word' id='word_1_185' title='bbox 1281 1775 1413 1837; x_wconf 83' lang='grc' dir='ltr'>Θεὸς</span> <span class='ocrx_word' id='word_1_186' title='bbox 1469 1775 1600 1843; x_wconf 80' lang='grc' dir='ltr'>ἡμῖν</span> <span class='ocrx_word' id='word_1_187' title='bbox 1656 1770 1828 1833; x_wconf 80' lang='grc' dir='ltr'>αἴτιος</span> <span class='ocrx_word' id='word_1_188' title='bbox 1891 1765 2098 1829; x_wconf 84' lang='grc' dir='ltr'>κακῶν,</span> 
     </span>
    </p>
   </div>
   <div class='ocr_carea' id='block_1_23' title="bbox 448 1852 2102 1938">
    <p class='ocr_par' dir='ltr' id='par_1_23' title="bbox 448 1852 2102 1938">
     <span class='ocr_line' id='line_1_25' title="bbox 448 1852 2102 1938; baseline -0.011 -17"><span class='ocrx_word' id='word_1_189' title='bbox 448 1869 524 1938; x_wconf 79' lang='grc' dir='ltr'>μὴ</span> <span class='ocrx_word' id='word_1_190' title='bbox 556 1867 790 1928; x_wconf 75' lang='grc' dir='ltr'>κολάσας</span> <span class='ocrx_word' id='word_1_191' title='bbox 832 1865 964 1935; x_wconf 76' lang='grc' dir='ltr'>μηδὲ</span> <span class='ocrx_word' id='word_1_192' title='bbox 1016 1857 1487 1935; x_wconf 77' lang='grc' dir='ltr'>τιμωρησάμενος.</span> <span class='ocrx_word' id='word_1_193' title='bbox 1545 1858 1681 1912; x_wconf 83' lang='grc' dir='ltr'><strong>Εἰπὲ</strong></span> <span class='ocrx_word' id='word_1_194' title='bbox 1732 1858 1838 1928; x_wconf 88' lang='grc' dir='ltr'>γάρ</span> <span class='ocrx_word' id='word_1_195' title='bbox 1897 1871 2005 1924; x_wconf 90' lang='grc' dir='ltr'>μοι,</span> <span class='ocrx_word' id='word_1_196' title='bbox 2037 1852 2102 1905; x_wconf 84' lang='grc' dir='ltr'>ἂν</span> 
     </span>
    </p>
   </div>
   <div class='ocr_carea' id='block_1_24' title="bbox 446 1939 2104 2026">
    <p class='ocr_par' dir='ltr' id='par_1_24' title="bbox 446 1939 2104 2026">
     <span class='ocr_line' id='line_1_26' title="bbox 446 1939 2104 2026; baseline -0.011 -17"><span class='ocrx_word' id='word_1_197' title='bbox 446 1957 627 2026; x_wconf 80' lang='grc' dir='ltr'>ἄρχων</span> <span class='ocrx_word' id='word_1_198' title='bbox 657 1954 835 2006; x_wconf 81' lang='grc' dir='ltr'>λαϐὼν</span> <span class='ocrx_word' id='word_1_199' title='bbox 866 1953 1030 2023; x_wconf 85' lang='grc' dir='ltr'>φονέα</span> <span class='ocrx_word' id='word_1_200' title='bbox 1051 1954 1184 2022; x_wconf 77' lang='grc' dir='ltr'>ἀφῇ,</span> <span class='ocrx_word' id='word_1_201' title='bbox 1214 1950 1323 2002; x_wconf 91' lang='grc' dir='ltr'>τῶν</span> <span class='ocrx_word' id='word_1_202' title='bbox 1359 1948 1494 2019; x_wconf 84' lang='grc' dir='ltr'>μετά</span> <span class='ocrx_word' id='word_1_203' title='bbox 1524 1946 1694 1999; x_wconf 87' lang='grc' dir='ltr'>ταῦτα</span> <span class='ocrx_word' id='word_1_204' title='bbox 1731 1945 1906 2012; x_wconf 88' lang='grc' dir='ltr'>φόνων</span> <span class='ocrx_word' id='word_1_205' title='bbox 1946 1939 2104 2001; x_wconf 88' lang='grc' dir='ltr'>αὐτὸς</span> 
     </span>
    </p>
   </div>
   <div class='ocr_carea' id='block_1_25' title="bbox 345 2030 2106 2121">
    <p class='ocr_par' dir='ltr' id='par_1_25' title="bbox 345 2030 2106 2121">
     <span class='ocr_line' id='line_1_27' title="bbox 345 2030 2106 2121; baseline -0.011 -22"><span class='ocrx_word' id='word_1_206' title='bbox 345 2114 352 2121; x_wconf 36' lang='grc'><em>.</em></span> <span class='ocrx_word' id='word_1_207' title='bbox 449 2045 620 2106; x_wconf 75' lang='grc' dir='ltr'>αἴτιος</span> <span class='ocrx_word' id='word_1_208' title='bbox 666 2038 802 2094; x_wconf 83' lang='grc' dir='ltr'>εἷναι</span> <span class='ocrx_word' id='word_1_209' title='bbox 855 2043 1131 2111; x_wconf 85' lang='grc' dir='ltr'>κρίνεται;</span> <span class='ocrx_word' id='word_1_210' title='bbox 1181 2037 1463 2107; x_wconf 89' lang='grc' dir='ltr'>Οὐδαμῶς.</span> <span class='ocrx_word' id='word_1_211' title='bbox 1501 2036 1610 2087; x_wconf 70' lang='grc' dir='ltr'>Καὶ</span> <span class='ocrx_word' id='word_1_212' title='bbox 1662 2032 1777 2095; x_wconf 86' lang='grc' dir='ltr'>πῶς</span> <span class='ocrx_word' id='word_1_213' title='bbox 1809 2030 1959 2088; x_wconf 71' lang='grc' dir='ltr'>αὐτοὶ</span> <span class='ocrx_word' id='word_1_214' title='bbox 1985 2031 2106 2090; x_wconf 85' lang='grc' dir='ltr'>ταῖς</span> 
     </span>
    </p>
   </div>
   <div class='ocr_carea' id='block_1_26' title="bbox 449 2109 2107 2198">
    <p class='ocr_par' dir='ltr' id='par_1_26' title="bbox 449 2109 2107 2198">
     <span class='ocr_line' id='line_1_28' title="bbox 449 2109 2107 2198; baseline -0.01 -14"><span class='ocrx_word' id='word_1_215' title='bbox 449 2131 628 2190; x_wconf 86' lang='grc' dir='ltr'>ἀθέοις</span> <span class='ocrx_word' id='word_1_216' title='bbox 669 2109 939 2198; x_wconf 80' lang='grc' dir='ltr'>γλώσσαις</span> <span class='ocrx_word' id='word_1_217' title='bbox 993 2127 1220 2189; x_wconf 77' lang='grc' dir='ltr'>διδόντες</span> <span class='ocrx_word' id='word_1_218' title='bbox 1271 2124 1584 2193; x_wconf 81' lang='grc' dir='ltr'>ὑϐρίζεσθαι</span> <span class='ocrx_word' id='word_1_219' title='bbox 1640 2120 1732 2172; x_wconf 88' lang='grc' dir='ltr'>τὸν</span> <span class='ocrx_word' id='word_1_220' title='bbox 1774 2117 1903 2172; x_wconf 89' lang='grc' dir='ltr'>Θεὸν</span> <span class='ocrx_word' id='word_1_221' title='bbox 1939 2117 2005 2170; x_wconf 86' lang='grc' dir='ltr'>δι’</span> <span class='ocrx_word' id='word_1_222' title='bbox 2033 2109 2107 2168; x_wconf 81' lang='grc' dir='ltr'>ὧν</span> 
     </span>
    </p>
   </div>
   <div class='ocr_carea' id='block_1_27' title="bbox 448 2203 2110 2288">
    <p class='ocr_par' dir='ltr' id='par_1_27' title="bbox 448 2203 2110 2288">
     <span class='ocr_line' id='line_1_29' title="bbox 448 2203 2110 2288; baseline -0.011 -16"><span class='ocrx_word' id='word_1_223' title='bbox 448 2219 750 2288; x_wconf 85' lang='grc' dir='ltr'>τολμῶμεν,</span> <span class='ocrx_word' id='word_1_224' title='bbox 782 2217 841 2270; x_wconf 91' lang='grc' dir='ltr'>οὐ</span> <span class='ocrx_word' id='word_1_225' title='bbox 883 2215 1194 2285; x_wconf 86' lang='grc' dir='ltr'>δεδοίκαμεν</span> <span class='ocrx_word' id='word_1_226' title='bbox 1237 2212 1356 2266; x_wconf 85' lang='grc' dir='ltr'>ουδέ</span> <span class='ocrx_word' id='word_1_227' title='bbox 1407 2210 1732 2280; x_wconf 75' lang='grc' dir='ltr'>φρίττομενς</span> <span class='ocrx_word' id='word_1_228' title='bbox 1773 2205 1836 2258; x_wconf 88' lang='grc' dir='ltr'>Τί</span> <span class='ocrx_word' id='word_1_229' title='bbox 1867 2204 1972 2275; x_wconf 82' lang='grc' dir='ltr'>γάρ</span> <span class='ocrx_word' id='word_1_230' title='bbox 2011 2203 2110 2255; x_wconf 89' lang='grc' dir='ltr'>οὐκ</span> 
     </span>
    </p>
   </div>
   <div class='ocr_carea' id='block_1_28' title="bbox 450 2291 2108 2378">
    <p class='ocr_par' dir='ltr' id='par_1_28' title="bbox 450 2291 2108 2378">
     <span class='ocr_line' id='line_1_30' title="bbox 450 2291 2108 2378; baseline -0.011 -19"><span class='ocrx_word' id='word_1_231' title='bbox 450 2307 633 2378; x_wconf 77' lang='grc' dir='ltr'>ἐροῦσι</span> <span class='ocrx_word' id='word_1_232' title='bbox 656 2323 674 2365; x_wconf 78' lang='lat'>;</span> <span class='ocrx_word' id='word_1_233' title='bbox 714 2305 764 2358; x_wconf 84' lang='grc' dir='ltr'>τί</span> <span class='ocrx_word' id='word_1_234' title='bbox 791 2305 878 2357; x_wconf 70' lang='grc' dir='ltr'>δαὶ</span> <span class='ocrx_word' id='word_1_235' title='bbox 906 2304 966 2356; x_wconf 89' lang='grc' dir='ltr'>οὐ</span> <span class='ocrx_word' id='word_1_236' title='bbox 997 2303 1316 2372; x_wconf 81' lang='grc' dir='ltr'>φθέγξονται</span> <span class='ocrx_word' id='word_1_237' title='bbox 1344 2316 1359 2362; x_wconf 81' lang='grc' dir='ltr'>ς</span> <span class='ocrx_word' id='word_1_238' title='bbox 1400 2298 1586 2359; x_wconf 70' lang='grc' dir='ltr'>⁸Αὐτὸς</span> <span class='ocrx_word' id='word_1_239' title='bbox 1612 2295 1796 2357; x_wconf 86' lang='grc' dir='ltr'>αὐτοῖς</span> <span class='ocrx_word' id='word_1_240' title='bbox 1824 2291 2108 2363; x_wconf 70' lang='grc' dir='ltr'>ἐπέτρεψε,</span> 
     </span>
    </p>
   </div>
   <div class='ocr_carea' id='block_1_29' title="bbox 451 2380 2110 2465">
    <p class='ocr_par' dir='ltr' id='par_1_29' title="bbox 451 2380 2110 2465">
     <span class='ocr_line' id='line_1_31' title="bbox 451 2380 2110 2465; baseline -0.011 -18"><span class='ocrx_word' id='word_1_241' title='bbox 451 2395 647 2465; x_wconf 78' lang='grc' dir='ltr'>φησίν⁴</span> <span class='ocrx_word' id='word_1_242' title='bbox 704 2393 870 2464; x_wconf 75' lang='grc' dir='ltr'>ἐχρῆν</span> <span class='ocrx_word' id='word_1_243' title='bbox 922 2392 1028 2461; x_wconf 83' lang='grc' dir='ltr'>γὰρ</span> <span class='ocrx_word' id='word_1_244' title='bbox 1059 2389 1243 2454; x_wconf 74' lang='grc' dir='ltr'>ἀξίους</span> <span class='ocrx_word' id='word_1_245' title='bbox 1298 2387 1458 2448; x_wconf 78' lang='grc' dir='ltr'>ὄντας</span> <span class='ocrx_word' id='word_1_246' title='bbox 1516 2385 1763 2444; x_wconf 83' lang='grc' dir='ltr'>κολάσαι,</span> <span class='ocrx_word' id='word_1_247' title='bbox 1812 2381 1871 2434; x_wconf 90' lang='grc' dir='ltr'>οὐ</span> <span class='ocrx_word' id='word_1_248' title='bbox 1923 2380 2110 2449; x_wconf 83' lang='grc' dir='ltr'>τιμᾷν,</span> 
     </span>
    </p>
   </div>
   <div class='ocr_carea' id='block_1_30' title="bbox 450 2467 2113 2551">
    <p class='ocr_par' dir='ltr' id='par_1_30' title="bbox 450 2467 2113 2551">
     <span class='ocr_line' id='line_1_32' title="bbox 450 2467 2113 2551; baseline -0.01 -14"><span class='ocrx_word' id='word_1_249' title='bbox 450 2484 570 2537; x_wconf 85' lang='grc' dir='ltr'>οὐδέ</span> <span class='ocrx_word' id='word_1_250' title='bbox 598 2481 912 2551; x_wconf 73' lang='grc' dir='ltr'>στεφανοῦν,</span> <span class='ocrx_word' id='word_1_251' title='bbox 955 2480 1014 2532; x_wconf 95' lang='grc' dir='ltr'>οὐ</span> <span class='ocrx_word' id='word_1_252' title='bbox 1061 2479 1168 2530; x_wconf 89' lang='grc' dir='ltr'>τῶν</span> <span class='ocrx_word' id='word_1_253' title='bbox 1229 2475 1511 2546; x_wconf 65' lang='grc' dir='ltr'>πρωτείων</span> <span class='ocrx_word' id='word_1_254' title='bbox 1565 2471 1920 2544; x_wconf 82' lang='grc' dir='ltr'>μεταδιδόναι,</span> <span class='ocrx_word' id='word_1_255' title='bbox 1979 2467 2113 2521; x_wconf 86' lang='grc' dir='ltr'>ἀλλά</span> 
     </span>
    </p>
   </div>
   <div class='ocr_carea' id='block_1_31' title="bbox 453 2555 2114 2635">
    <p class='ocr_par' dir='ltr' id='par_1_31' title="bbox 453 2555 2114 2635">
     <span class='ocr_line' id='line_1_33' title="bbox 453 2555 2114 2635; baseline -0.01 -12"><span class='ocrx_word' id='word_1_256' title='bbox 453 2569 698 2632; x_wconf 78' lang='grc' dir='ltr'>κολάζειν</span> <span class='ocrx_word' id='word_1_257' title='bbox 750 2568 843 2620; x_wconf 66' lang='grc' dir='ltr'>καὶ</span> <span class='ocrx_word' id='word_1_258' title='bbox 891 2563 1268 2635; x_wconf 84' lang='grc' dir='ltr'>τιμωρεῖσθαι.</span> <span class='ocrx_word' id='word_1_259' title='bbox 1333 2561 1390 2612; x_wconf 86' lang='grc' dir='ltr'>Ὀ</span> <span class='ocrx_word' id='word_1_260' title='bbox 1427 2561 1484 2612; x_wconf 78' lang='grc' dir='ltr'>δὲ</span> <span class='ocrx_word' id='word_1_261' title='bbox 1553 2558 1716 2629; x_wconf 85' lang='grc' dir='ltr'>μηδέν</span> <span class='ocrx_word' id='word_1_262' title='bbox 1769 2575 1822 2609; x_wconf 87' lang='grc' dir='ltr'>τι</span> <span class='ocrx_word' id='word_1_263' title='bbox 1878 2555 2114 2608; x_wconf 88' lang='grc' dir='ltr'>τοιοῦτον</span> 
     </span>
    </p>
   </div>
   <div class='ocr_carea' id='block_1_32' title="bbox 451 2642 2117 2718">
    <p class='ocr_par' dir='ltr' id='par_1_32' title="bbox 451 2642 2117 2718">
     <span class='ocr_line' id='line_1_34' title="bbox 451 2642 2117 2718; baseline -0.012 -7"><span class='ocrx_word' id='word_1_264' title='bbox 451 2659 635 2718; x_wconf 86' lang='grc' dir='ltr'>αὐτοῖς</span> <span class='ocrx_word' id='word_1_265' title='bbox 676 2653 845 2708; x_wconf 87' lang='grc' dir='ltr'>ποιῶν</span> <span class='ocrx_word' id='word_1_266' title='bbox 875 2665 922 2714; x_wconf 80' lang='grc' dir='ltr'>α,</span> <span class='ocrx_word' id='word_1_267' title='bbox 952 2651 1064 2704; x_wconf 81' lang='grc' dir='ltr'>ἀλλ’</span> <span class='ocrx_word' id='word_1_268' title='bbox 1091 2650 1210 2704; x_wconf 77' lang='grc' dir='ltr'>ἀντὶ</span> <span class='ocrx_word' id='word_1_269' title='bbox 1248 2647 1450 2700; x_wconf 87' lang='grc' dir='ltr'>τούτων</span> <span class='ocrx_word' id='word_1_270' title='bbox 1496 2647 1586 2698; x_wconf 73' lang='grc' dir='ltr'>καὶ</span> <span class='ocrx_word' id='word_1_271' title='bbox 1614 2644 1810 2715; x_wconf 89' lang='grc' dir='ltr'>τιμῶν,</span> <span class='ocrx_word' id='word_1_272' title='bbox 1843 2642 2117 2704; x_wconf 75' lang='grc' dir='ltr'>τοιούτους</span> 
     </span>
    </p>
   </div>
   <div class='ocr_carea' id='block_1_33' title="bbox 455 2732 2115 2816">
    <p class='ocr_par' dir='ltr' id='par_1_33' title="bbox 455 2732 2115 2816">
     <span class='ocr_line' id='line_1_35' title="bbox 455 2732 2115 2816; baseline -0.011 -15"><span class='ocrx_word' id='word_1_273' title='bbox 455 2745 649 2808; x_wconf 78' lang='grc' dir='ltr'>αὐτοὺς</span> <span class='ocrx_word' id='word_1_274' title='bbox 684 2741 1069 2816; x_wconf 78' lang='grc' dir='ltr'>ἀπεργάζεται.</span> <span class='ocrx_word' id='word_1_275' title='bbox 1098 2739 1212 2808; x_wconf 86' lang='grc' dir='ltr'>Μὴ,</span> <span class='ocrx_word' id='word_1_276' title='bbox 1241 2737 1430 2808; x_wconf 85' lang='grc' dir='ltr'>δέομαι</span> <span class='ocrx_word' id='word_1_277' title='bbox 1475 2736 1570 2789; x_wconf 75' lang='grc' dir='ltr'>καὶ</span> <span class='ocrx_word' id='word_1_278' title='bbox 1599 2733 1883 2796; x_wconf 87' lang='grc' dir='ltr'>ἀντιϐολῶ,</span> <span class='ocrx_word' id='word_1_279' title='bbox 1927 2732 2115 2804; x_wconf 67' lang='grc' dir='ltr'>μηδεὶς</span> 
     </span>
    </p>
   </div>
   <div class='ocr_carea' id='block_1_34' title="bbox 456 2823 2120 2901">
    <p class='ocr_par' dir='ltr' id='par_1_34' title="bbox 456 2823 2120 2901">
     <span class='ocr_line' id='line_1_36' title="bbox 456 2823 2120 2901; baseline -0.009 -14"><span class='ocrx_word' id='word_1_280' title='bbox 456 2833 656 2901; x_wconf 88' lang='grc' dir='ltr'>ταύτην</span> <span class='ocrx_word' id='word_1_281' title='bbox 699 2831 827 2901; x_wconf 73' lang='grc' dir='ltr'>περὶ</span> <span class='ocrx_word' id='word_1_282' title='bbox 870 2827 1019 2900; x_wconf 77' lang='grc' dir='ltr'>ἡμῶν</span> <span class='ocrx_word' id='word_1_283' title='bbox 1056 2828 1166 2898; x_wconf 84' lang='grc' dir='ltr'>ἀφῇ</span> <span class='ocrx_word' id='word_1_284' title='bbox 1226 2826 1322 2896; x_wconf 76' lang='grc' dir='ltr'>τὴν</span> <span class='ocrx_word' id='word_1_285' title='bbox 1367 2825 1568 2895; x_wconf 72' lang='grc' dir='ltr'>φωνήν.</span> <span class='ocrx_word' id='word_1_286' title='bbox 1627 2823 1840 2876; x_wconf 82' lang='grc' dir='ltr'>Βέλτιον</span> <span class='ocrx_word' id='word_1_287' title='bbox 1894 2837 2120 2892; x_wconf 78' lang='grc' dir='ltr'>κοιτορυ⁸</span> 
     </span>
    </p>
   </div>
   <div class='ocr_carea' id='block_1_35' title="bbox 456 2909 2116 2991">
    <p class='ocr_par' dir='ltr' id='par_1_35' title="bbox 456 2909 2116 2991">
     <span class='ocr_line' id='line_1_37' title="bbox 456 2909 2116 2991; baseline -0.007 -20"><span class='ocrx_word' id='word_1_288' title='bbox 456 2922 620 2991; x_wconf 84' lang='grc' dir='ltr'>γῆναι</span> <span class='ocrx_word' id='word_1_289' title='bbox 677 2917 955 2988; x_wconf 81' lang='grc' dir='ltr'>μυριάκις,</span> <span class='ocrx_word' id='word_1_290' title='bbox 989 2914 1021 2986; x_wconf 83' lang='grc' dir='ltr'>ἢ</span> <span class='ocrx_word' id='word_1_291' title='bbox 1075 2914 1247 2967; x_wconf 88' lang='grc' dir='ltr'>ταῦτα</span> <span class='ocrx_word' id='word_1_292' title='bbox 1288 2912 1379 2966; x_wconf 85' lang='grc' dir='ltr'>τὸν</span> <span class='ocrx_word' id='word_1_293' title='bbox 1416 2911 1547 2964; x_wconf 82' lang='grc' dir='ltr'>Θεὸν</span> <span class='ocrx_word' id='word_1_294' title='bbox 1593 2909 1822 2964; x_wconf 88' lang='grc' dir='ltr'>ἀκοῦσαι</span> <span class='ocrx_word' id='word_1_295' title='bbox 1851 2909 1915 2962; x_wconf 78' lang='grc' dir='ltr'>δι’</span> <span class='ocrx_word' id='word_1_296' title='bbox 1947 2910 2116 2979; x_wconf 83' lang='grc' dir='ltr'>ἡμᾶς.</span> 
     </span>
    </p>
   </div>
   <div class='ocr_carea' id='block_1_36' title="bbox 457 2994 2118 3075">
    <p class='ocr_par' dir='ltr' id='par_1_36' title="bbox 457 2994 2118 3075">
     <span class='ocr_line' id='line_1_38' title="bbox 457 2994 2118 3075; baseline -0.008 -14"><span class='ocrx_word' id='word_1_297' title='bbox 457 3007 622 3061; x_wconf 76' lang='grc' dir='ltr'>Εἶπον</span> <span class='ocrx_word' id='word_1_298' title='bbox 673 3003 821 3075; x_wconf 80' lang='grc' dir='ltr'>αὐτῷ</span> <span class='ocrx_word' id='word_1_299' title='bbox 864 3003 956 3056; x_wconf 73' lang='grc' dir='ltr'>καὶ</span> <span class='ocrx_word' id='word_1_300' title='bbox 1005 3001 1280 3055; x_wconf 86' lang='grc' dir='ltr'>Ἰουδαῖοι·</span> <span class='ocrx_word' id='word_1_301' title='bbox 1327 2999 1378 3051; x_wconf 90' lang='grc' dir='ltr'>Ὁ</span> <span class='ocrx_word' id='word_1_302' title='bbox 1419 2999 1735 3052; x_wconf 74' lang='grc' dir='ltr'>καταλύων</span> <span class='ocrx_word' id='word_1_303' title='bbox 1794 2997 1902 3049; x_wconf 85' lang='grc' dir='ltr'>τὸν</span> <span class='ocrx_word' id='word_1_304' title='bbox 1949 2994 2118 3061; x_wconf 83' lang='grc' dir='ltr'>ναὸν,</span> 
     </span>
    </p>
   </div>
   <div class='ocr_carea' id='block_1_37' title="bbox 459 3081 2120 3160">
    <p class='ocr_par' dir='ltr' id='par_1_37' title="bbox 459 3081 2120 3160">
     <span class='ocr_line' id='line_1_39' title="bbox 459 3081 2120 3160; baseline -0.009 -12"><span class='ocrx_word' id='word_1_305' title='bbox 459 3095 557 3150; x_wconf 76' lang='grc' dir='ltr'>καὶ</span> <span class='ocrx_word' id='word_1_306' title='bbox 587 3095 654 3146; x_wconf 83' lang='grc' dir='ltr'>ἐν</span> <span class='ocrx_word' id='word_1_307' title='bbox 680 3092 878 3160; x_wconf 75' lang='grc' dir='ltr'>τρισὶν</span> <span class='ocrx_word' id='word_1_308' title='bbox 913 3089 1158 3160; x_wconf 72' lang='grc' dir='ltr'>ἡμέραις</span> <span class='ocrx_word' id='word_1_309' title='bbox 1189 3087 1430 3158; x_wconf 74' lang='grc' dir='ltr'>ἐγείρων</span> <span class='ocrx_word' id='word_1_310' title='bbox 1462 3086 1664 3148; x_wconf 84' lang='grc' dir='ltr'>αὐτὸν,</span> <span class='ocrx_word' id='word_1_311' title='bbox 1701 3081 1907 3136; x_wconf 86' lang='grc' dir='ltr'>σῶσον</span> <span class='ocrx_word' id='word_1_312' title='bbox 1937 3097 2120 3135; x_wconf 79' lang='grc' dir='ltr'>σεαυ-</span> 
     </span>
    </p>
   </div>
   <div class='ocr_carea' id='block_1_38' title="bbox 461 3169 2121 3242">
    <p class='ocr_par' dir='ltr' id='par_1_38' title="bbox 461 3169 2121 3242">
     <span class='ocr_line' id='line_1_40' title="bbox 461 3169 2121 3242; baseline -0.008 -6"><span class='ocrx_word' id='word_1_313' title='bbox 461 3183 601 3236; x_wconf 72' lang='grc' dir='ltr'>τόνο</span> <span class='ocrx_word' id='word_1_314' title='bbox 660 3181 754 3233; x_wconf 73' lang='grc' dir='ltr'>καὶ</span> <span class='ocrx_word' id='word_1_315' title='bbox 791 3179 970 3240; x_wconf 85' lang='grc' dir='ltr'>πάλιν,</span> <span class='ocrx_word' id='word_1_316' title='bbox 1023 3180 1092 3230; x_wconf 81' lang='lat' dir='ltr'><em>El</em></span> <span class='ocrx_word' id='word_1_317' title='bbox 1137 3178 1268 3242; x_wconf 75' lang='grc' dir='ltr'>Υἱὸς</span> <span class='ocrx_word' id='word_1_318' title='bbox 1299 3173 1358 3230; x_wconf 77' lang='grc' dir='ltr'>εἴ</span> <span class='ocrx_word' id='word_1_319' title='bbox 1380 3175 1486 3228; x_wconf 86' lang='grc' dir='ltr'>τοῦ</span> <span class='ocrx_word' id='word_1_320' title='bbox 1541 3172 1707 3235; x_wconf 84' lang='grc' dir='ltr'>Θεοῦ,</span> <span class='ocrx_word' id='word_1_321' title='bbox 1747 3170 1974 3227; x_wconf 79' lang='grc' dir='ltr'>κατάϐα</span> <span class='ocrx_word' id='word_1_322' title='bbox 2004 3169 2121 3225; x_wconf 82' lang='grc' dir='ltr'>ἀπὸ</span> 
     </span>
    </p>
   </div>
   <div class='ocr_carea' id='block_1_39' title="bbox 462 3256 2122 3334">
    <p class='ocr_par' dir='ltr' id='par_1_39' title="bbox 462 3256 2122 3334">
     <span class='ocr_line' id='line_1_41' title="bbox 462 3256 2122 3334; baseline -0.008 -9"><span class='ocrx_word' id='word_1_323' title='bbox 462 3270 568 3324; x_wconf 88' lang='grc' dir='ltr'>τοῦ</span> <span class='ocrx_word' id='word_1_324' title='bbox 584 3267 865 3334; x_wconf 77' lang='grc' dir='ltr'>σταυροῦ.</span> <span class='ocrx_word' id='word_1_325' title='bbox 883 3265 1038 3318; x_wconf 79' lang='grc' dir='ltr'>Ἀλλά</span> <span class='ocrx_word' id='word_1_326' title='bbox 1052 3266 1222 3318; x_wconf 83' lang='grc' dir='ltr'>ταῦτα</span> <span class='ocrx_word' id='word_1_327' title='bbox 1239 3263 1461 3316; x_wconf 77' lang='grc' dir='ltr'>ἐκείνων</span> <span class='ocrx_word' id='word_1_328' title='bbox 1475 3261 1844 3332; x_wconf 81' lang='grc' dir='ltr'>χαλεπώτερα.</span> <span class='ocrx_word' id='word_1_329' title='bbox 1866 3256 2014 3330; x_wconf 79' lang='grc'>[189]</span> <span class='ocrx_word' id='word_1_330' title='bbox 2025 3256 2122 3311; x_wconf 80' lang='grc' dir='ltr'>’Ὶν’</span> 
     </span>
    </p>
   </div>
   <div class='ocr_carea' id='block_1_40' title="bbox 463 3347 2122 3429">
    <p class='ocr_par' dir='ltr' id='par_1_40' title="bbox 463 3347 2122 3429">
     <span class='ocr_line' id='line_1_42' title="bbox 463 3347 2122 3429; baseline -0.009 -17"><span class='ocrx_word' id='word_1_331' title='bbox 463 3356 557 3413; x_wconf 84' lang='grc' dir='ltr'>οῦν</span> <span class='ocrx_word' id='word_1_332' title='bbox 593 3359 667 3429; x_wconf 82' lang='grc' dir='ltr'>μὴ</span> <span class='ocrx_word' id='word_1_333' title='bbox 716 3356 808 3427; x_wconf 79' lang='grc' dir='ltr'>ἐξῇ</span> <span class='ocrx_word' id='word_1_334' title='bbox 835 3356 900 3409; x_wconf 80' lang='grc' dir='ltr'>δι’</span> <span class='ocrx_word' id='word_1_335' title='bbox 932 3356 1077 3424; x_wconf 81' lang='grc' dir='ltr'>ἡμᾶς</span> <span class='ocrx_word' id='word_1_336' title='bbox 1108 3353 1367 3424; x_wconf 86' lang='grc' dir='ltr'>πονηρίας</span> <span class='ocrx_word' id='word_1_337' title='bbox 1420 3352 1580 3404; x_wconf 88' lang='grc' dir='ltr'>αὐτὸν</span> <span class='ocrx_word' id='word_1_338' title='bbox 1613 3349 1932 3405; x_wconf 88' lang='grc' dir='ltr'>διδάσκαλον</span> <span class='ocrx_word' id='word_1_339' title='bbox 1968 3347 2122 3414; x_wconf 86' lang='grc' dir='ltr'>λέγε-</span> 
     </span>
    </p>
   </div>
   <div class='ocr_carea' id='block_1_41' title="bbox 468 3437 2122 3516">
    <p class='ocr_par' dir='ltr' id='par_1_41' title="bbox 468 3437 2122 3516">
     <span class='ocr_line' id='line_1_43' title="bbox 468 3437 2122 3516; baseline -0.008 -14"><span class='ocrx_word' id='word_1_340' title='bbox 468 3448 613 3508; x_wconf 80' lang='grc' dir='ltr'>σθαι,</span> <span class='ocrx_word' id='word_1_341' title='bbox 654 3445 784 3516; x_wconf 79' lang='grc' dir='ltr'>μηδὲ</span> <span class='ocrx_word' id='word_1_342' title='bbox 814 3443 961 3513; x_wconf 84' lang='grc' dir='ltr'>αὐτῷ</span> <span class='ocrx_word' id='word_1_343' title='bbox 987 3442 1160 3513; x_wconf 83' lang='grc' dir='ltr'>τούτῳ</span> <span class='ocrx_word' id='word_1_344' title='bbox 1211 3440 1288 3512; x_wconf 81' lang='grc' dir='ltr'>τῷ</span> <span class='ocrx_word' id='word_1_345' title='bbox 1324 3440 1752 3510; x_wconf 83' lang='grc' dir='ltr'>βλασφημεῖσθαι</span> <span class='ocrx_word' id='word_1_346' title='bbox 1783 3437 2024 3490; x_wconf 82' lang='grc' dir='ltr'>ὑπόδικοι</span> <span class='ocrx_word' id='word_1_347' title='bbox 2058 3438 2122 3507; x_wconf 80' lang='grc' dir='ltr'>τῇ</span> 
     </span>
    </p>
   </div>
   <div class='ocr_carea' id='block_1_42' title="bbox 468 3525 2125 3600">
    <p class='ocr_par' dir='ltr' id='par_1_42' title="bbox 468 3525 2125 3600">
     <span class='ocr_line' id='line_1_44' title="bbox 468 3525 2125 3600; baseline -0.008 -10"><span class='ocrx_word' id='word_1_348' title='bbox 468 3536 683 3590; x_wconf 84' lang='grc' dir='ltr'>κολάσει</span> <span class='ocrx_word' id='word_1_349' title='bbox 712 3530 994 3600; x_wconf 83' lang='grc' dir='ltr'>γενώμεθα</span> <span class='ocrx_word' id='word_1_350' title='bbox 1031 3531 1128 3599; x_wconf 85' lang='grc' dir='ltr'>(Δι’</span> <span class='ocrx_word' id='word_1_351' title='bbox 1154 3529 1308 3598; x_wconf 79' lang='grc' dir='ltr'>ὑμᾶς</span> <span class='ocrx_word' id='word_1_352' title='bbox 1345 3528 1474 3598; x_wconf 79' lang='grc' dir='ltr'>γάρ,</span> <span class='ocrx_word' id='word_1_353' title='bbox 1507 3528 1659 3597; x_wconf 70' lang='grc' dir='ltr'>φησὶ,</span> <span class='ocrx_word' id='word_1_354' title='bbox 1688 3525 1753 3579; x_wconf 85' lang='grc' dir='ltr'>τὸ</span> <span class='ocrx_word' id='word_1_355' title='bbox 1779 3526 1967 3594; x_wconf 83' lang='grc' dir='ltr'>ὄνομά</span> <span class='ocrx_word' id='word_1_356' title='bbox 2006 3541 2125 3594; x_wconf 80' lang='grc' dir='ltr'>μου</span> 
     </span>
    </p>
   </div>
   <div class='ocr_carea' id='block_1_43' title="bbox 460 3614 2126 3691">
    <p class='ocr_par' dir='ltr' id='par_1_43' title="bbox 460 3614 2126 3691">
     <span class='ocr_line' id='line_1_45' title="bbox 460 3614 2126 3691; baseline -0.008 -14"><span class='ocrx_word' id='word_1_357' title='bbox 460 3620 908 3691; x_wconf 69' lang='grc' dir='ltr'>,βλασφημεῖται</span> <span class='ocrx_word' id='word_1_358' title='bbox 935 3618 1005 3671; x_wconf 77' lang='grc' dir='ltr'>ἐν</span> <span class='ocrx_word' id='word_1_359' title='bbox 1043 3617 1166 3682; x_wconf 82' lang='grc' dir='ltr'>τοῖς</span> <span class='ocrx_word' id='word_1_360' title='bbox 1208 3616 1474 3685; x_wconf 48' lang='grc' dir='ltr'>ἔθη-’σιν</span> <span class='ocrx_word' id='word_1_361' title='bbox 1531 3614 1786 3668; x_wconf 87' lang='grc' dir='ltr'>τάναντία</span> <span class='ocrx_word' id='word_1_362' title='bbox 1815 3614 2126 3684; x_wconf 82' lang='grc' dir='ltr'>ποιήσωμεν</span> 
     </span>
    </p>
   </div>
   <div class='ocr_carea' id='block_1_44' title="bbox 468 3699 2127 3780">
    <p class='ocr_par' dir='ltr' id='par_1_44' title="bbox 468 3699 2127 3780">
     <span class='ocr_line' id='line_1_46' title="bbox 468 3699 2127 3780; baseline -0.008 -16"><span class='ocrx_word' id='word_1_363' title='bbox 468 3709 740 3780; x_wconf 86' lang='grc' dir='ltr'>λέγεσθαι,</span> <span class='ocrx_word' id='word_1_364' title='bbox 787 3707 951 3772; x_wconf 84' lang='grc' dir='ltr'>ἀξίως</span> <span class='ocrx_word' id='word_1_365' title='bbox 983 3705 1074 3758; x_wconf 91' lang='grc' dir='ltr'>τοῦ</span> <span class='ocrx_word' id='word_1_366' title='bbox 1105 3703 1392 3767; x_wconf 78' lang='grc' dir='ltr'>καλοῦντος</span> <span class='ocrx_word' id='word_1_367' title='bbox 1428 3702 1846 3772; x_wconf 84' lang='grc' dir='ltr'>πολιτευόμενοι,</span> <span class='ocrx_word' id='word_1_368' title='bbox 1902 3700 1992 3754; x_wconf 73' lang='grc' dir='ltr'>καὶ</span> <span class='ocrx_word' id='word_1_369' title='bbox 2051 3699 2127 3770; x_wconf 77' lang='grc' dir='ltr'>τῷ</span> 
     </span>
    </p>
   </div>
   <div class='ocr_carea' id='block_1_45' title="bbox 468 3784 2128 3865">
    <p class='ocr_par' dir='ltr' id='par_1_45' title="bbox 468 3784 2128 3865">
     <span class='ocr_line' id='line_1_47' title="bbox 468 3784 2128 3865; baseline -0.007 -17"><span class='ocrx_word' id='word_1_370' title='bbox 468 3795 568 3865; x_wconf 83' lang='grc' dir='ltr'>τῆς</span> <span class='ocrx_word' id='word_1_371' title='bbox 625 3791 894 3853; x_wconf 79' lang='grc' dir='ltr'>υἱοθεσίας</span> <span class='ocrx_word' id='word_1_372' title='bbox 957 3787 1271 3860; x_wconf 82' lang='grc' dir='ltr'>προσιόντες</span> <span class='ocrx_word' id='word_1_373' title='bbox 1333 3785 1686 3856; x_wconf 86' lang='grc' dir='ltr'>βαπτίσματι.</span> <span class='ocrx_word' id='word_1_374' title='bbox 1758 3787 1964 3847; x_wconf 84' lang='grc' dir='ltr'>Ὄντως</span> <span class='ocrx_word' id='word_1_375' title='bbox 2019 3784 2128 3855; x_wconf 81' lang='grc' dir='ltr'>γάρ</span> 
     </span>
    </p>
   </div>
   <div class='ocr_carea' id='block_1_46' title="bbox 473 3871 2128 3953">
    <p class='ocr_par' dir='ltr' id='par_1_46' title="bbox 473 3871 2128 3953">
     <span class='ocr_line' id='line_1_48' title="bbox 473 3871 2128 3953; baseline -0.007 -18"><span class='ocrx_word' id='word_1_376' title='bbox 473 3882 679 3953; x_wconf 78' lang='grc' dir='ltr'>μεγάλη</span> <span class='ocrx_word' id='word_1_377' title='bbox 705 3879 798 3932; x_wconf 88' lang='grc' dir='ltr'>τοῦ</span> <span class='ocrx_word' id='word_1_378' title='bbox 824 3877 1191 3948; x_wconf 76' lang='grc' dir='ltr'>βαπτίσματος</span> <span class='ocrx_word' id='word_1_379' title='bbox 1228 3876 1259 3944; x_wconf 82' lang='grc' dir='ltr'>ἡ</span> <span class='ocrx_word' id='word_1_380' title='bbox 1302 3874 1556 3942; x_wconf 77' lang='grc' dir='ltr'>δύναμις·</span> <span class='ocrx_word' id='word_1_381' title='bbox 1610 3872 1797 3936; x_wconf 78' lang='grc' dir='ltr'>ἄλλους</span> <span class='ocrx_word' id='word_1_382' title='bbox 1826 3872 1938 3925; x_wconf 85' lang='grc' dir='ltr'>ἀντ’</span> <span class='ocrx_word' id='word_1_383' title='bbox 1954 3871 2128 3927; x_wconf 78' lang='grc' dir='ltr'>ἄλλων</span> 
     </span>
    </p>
   </div>
   <div class='ocr_carea' id='block_1_47' title="bbox 469 3957 2128 4036">
    <p class='ocr_par' dir='ltr' id='par_1_47' title="bbox 469 3957 2128 4036">
     <span class='ocr_line' id='line_1_49' title="bbox 469 3957 2128 4036; baseline -0.007 -14"><span class='ocrx_word' id='word_1_384' title='bbox 469 3971 614 4022; x_wconf 81' lang='grc' dir='ltr'>ποιεῖ</span> <span class='ocrx_word' id='word_1_385' title='bbox 637 3968 763 4030; x_wconf 75' lang='grc' dir='ltr'>τοὺς</span> <span class='ocrx_word' id='word_1_386' title='bbox 816 3964 1178 4036; x_wconf 82' lang='grc' dir='ltr'>μετασχόντας</span> <span class='ocrx_word' id='word_1_387' title='bbox 1202 3962 1299 4032; x_wconf 83' lang='grc' dir='ltr'>τῆς</span> <span class='ocrx_word' id='word_1_388' title='bbox 1327 3962 1552 4032; x_wconf 81' lang='grc' dir='ltr'>δωρεᾶς·</span> <span class='ocrx_word' id='word_1_389' title='bbox 1587 3961 1684 4012; x_wconf 83' lang='grc' dir='ltr'>οὐκ</span> <span class='ocrx_word' id='word_1_390' title='bbox 1723 3959 1944 4031; x_wconf 83' lang='grc' dir='ltr'>ἀφίησιν</span> <span class='ocrx_word' id='word_1_391' title='bbox 1991 3957 2128 4012; x_wconf 77' lang='grc' dir='ltr'>εἶναι</span> 
     </span>
    </p>
   </div>
   <div class='ocr_carea' id='block_1_48' title="bbox 471 4047 2131 4126">
    <p class='ocr_par' dir='ltr' id='par_1_48' title="bbox 471 4047 2131 4126">
     <span class='ocr_line' id='line_1_50' title="bbox 471 4047 2131 4126; baseline -0.005 -15"><span class='ocrx_word' id='word_1_392' title='bbox 471 4056 788 4126; x_wconf 83' lang='grc' dir='ltr'>ἀνθρώπους</span> <span class='ocrx_word' id='word_1_393' title='bbox 846 4053 970 4114; x_wconf 80' lang='grc' dir='ltr'>τοὺς</span> <span class='ocrx_word' id='word_1_394' title='bbox 1043 4049 1382 4121; x_wconf 83' lang='grc' dir='ltr'>ἀνθρώπους.</span> <span class='ocrx_word' id='word_1_395' title='bbox 1441 4049 1670 4118; x_wconf 78' lang='grc' dir='ltr'>Ποίησον</span> <span class='ocrx_word' id='word_1_396' title='bbox 1734 4048 1825 4100; x_wconf 87' lang='grc' dir='ltr'>τὸν</span> <span class='ocrx_word' id='word_1_397' title='bbox 1891 4047 2131 4117; x_wconf 82' lang='grc' dir='ltr'>Ἕλληνα</span> 
     </span>
    </p>
   </div>
   <div class='ocr_carea' id='block_1_49' title="bbox 473 4136 2130 4209">
    <p class='ocr_par' dir='ltr' id='par_1_49' title="bbox 473 4136 2130 4209">
     <span class='ocr_line' id='line_1_51' title="bbox 473 4136 2130 4209; baseline -0.005 -12"><span class='ocrx_word' id='word_1_398' title='bbox 473 4143 780 4202; x_wconf 83' lang='grc' dir='ltr'>πιστεῦσαι,</span> <span class='ocrx_word' id='word_1_399' title='bbox 815 4141 896 4192; x_wconf 79' lang='grc' dir='ltr'>ὅτι</span> <span class='ocrx_word' id='word_1_400' title='bbox 947 4138 1152 4209; x_wconf 81' lang='grc' dir='ltr'>μεγάλη</span> <span class='ocrx_word' id='word_1_401' title='bbox 1202 4137 1294 4189; x_wconf 89' lang='grc' dir='ltr'>τοῦ</span> <span class='ocrx_word' id='word_1_402' title='bbox 1327 4136 1638 4206; x_wconf 87' lang='grc' dir='ltr'>Πνεύματος</span> <span class='ocrx_word' id='word_1_403' title='bbox 1691 4136 2001 4205; x_wconf 79' lang='grc' dir='ltr'>ἡδύναμις,</span> <span class='ocrx_word' id='word_1_404' title='bbox 2049 4137 2130 4188; x_wconf 77' lang='grc' dir='ltr'>ὅτι</span> 
     </span>
    </p>
   </div>
   <div class='ocr_carea' id='block_1_50' title="bbox 475 4223 2129 4304">
    <p class='ocr_par' dir='ltr' id='par_1_50' title="bbox 475 4223 2129 4304">
     <span class='ocr_line' id='line_1_52' title="bbox 475 4223 2129 4304; baseline -0.006 -20"><span class='ocrx_word' id='word_1_405' title='bbox 475 4229 832 4304; x_wconf 83' lang='grc' dir='ltr'>μετέπλασεν,</span> <span class='ocrx_word' id='word_1_406' title='bbox 866 4227 946 4278; x_wconf 85' lang='grc' dir='ltr'>ὅτι</span> <span class='ocrx_word' id='word_1_407' title='bbox 1006 4224 1422 4296; x_wconf 71' lang='grc' dir='ltr'>μετερόύθμισε.</span> <span class='ocrx_word' id='word_1_408' title='bbox 1485 4223 1549 4275; x_wconf 91' lang='grc' dir='ltr'>Τί</span> <span class='ocrx_word' id='word_1_409' title='bbox 1584 4223 1682 4286; x_wconf 76' lang='grc' dir='ltr'>τὰς</span> <span class='ocrx_word' id='word_1_410' title='bbox 1711 4223 1943 4292; x_wconf 77' lang='grc' dir='ltr'>ἐσχάτας</span> <span class='ocrx_word' id='word_1_411' title='bbox 1998 4223 2129 4275; x_wconf 82' lang='grc' dir='ltr'>ἀνα-</span> 
     </span>
    </p>
   </div>
   <div class='ocr_carea' id='block_1_51' title="bbox 475 4310 2132 4382">
    <p class='ocr_par' dir='ltr' id='par_1_51' title="bbox 475 4310 2132 4382">
     <span class='ocr_line' id='line_1_53' title="bbox 475 4310 2132 4382; baseline -0.002 -15"><span class='ocrx_word' id='word_1_412' title='bbox 475 4322 641 4379; x_wconf 67' lang='grc' dir='ltr'>τ-νσάς</span> <span class='ocrx_word' id='word_1_413' title='bbox 693 4313 1003 4382; x_wconf 77' lang='grc' dir='ltr'>ἀναμένεις,</span> <span class='ocrx_word' id='word_1_414' title='bbox 1036 4312 1111 4373; x_wconf 86' lang='grc' dir='ltr'>ὡς</span> <span class='ocrx_word' id='word_1_415' title='bbox 1138 4311 1431 4381; x_wconf 79' lang='grc' dir='ltr'>δραπέτης,</span> <span class='ocrx_word' id='word_1_416' title='bbox 1465 4311 1538 4373; x_wconf 81' lang='grc' dir='ltr'>ὡς</span> <span class='ocrx_word' id='word_1_417' title='bbox 1568 4311 1893 4382; x_wconf 81' lang='grc' dir='ltr'>κακοῦργος,</span> <span class='ocrx_word' id='word_1_418' title='bbox 1920 4310 1994 4372; x_wconf 87' lang='grc' dir='ltr'>ὡς</span> <span class='ocrx_word' id='word_1_419' title='bbox 2032 4312 2132 4364; x_wconf 85' lang='grc' dir='ltr'>οὐκ</span> 
     </span>
    </p>
   </div>
   <div class='ocr_carea' id='block_1_52' title="bbox 473 4396 2132 4470">
    <p class='ocr_par' dir='ltr' id='par_1_52' title="bbox 473 4396 2132 4470">
     <span class='ocr_line' id='line_1_54' title="bbox 473 4396 2132 4470; baseline -0.004 -12"><span class='ocrx_word' id='word_1_420' title='bbox 473 4403 701 4470; x_wconf 79' lang='grc' dir='ltr'>όφεί)ων</span> <span class='ocrx_word' id='word_1_421' title='bbox 751 4398 826 4468; x_wconf 81' lang='grc' dir='ltr'>τῷ</span> <span class='ocrx_word' id='word_1_422' title='bbox 864 4396 983 4464; x_wconf 86' lang='grc' dir='ltr'>Θεῴ</span> <span class='ocrx_word' id='word_1_423' title='bbox 1030 4398 1224 4466; x_wconf 72' lang='grc' dir='ltr'>ζῆσαις</span> <span class='ocrx_word' id='word_1_424' title='bbox 1279 4397 1329 4450; x_wconf 89' lang='grc' dir='ltr'>τί</span> <span class='ocrx_word' id='word_1_425' title='bbox 1361 4397 1435 4460; x_wconf 84' lang='grc' dir='ltr'>ὡς</span> <span class='ocrx_word' id='word_1_426' title='bbox 1467 4398 1601 4468; x_wconf 87' lang='grc' dir='ltr'>πρὸς</span> <span class='ocrx_word' id='word_1_427' title='bbox 1629 4400 1809 4469; x_wconf 88' lang='grc' dir='ltr'>ἀπηνῆ</span> <span class='ocrx_word' id='word_1_428' title='bbox 1861 4416 1981 4452; x_wconf 82' lang='grc' dir='ltr'>τινα</span> <span class='ocrx_word' id='word_1_429' title='bbox 2038 4399 2132 4452; x_wconf 72' lang='grc' dir='ltr'>καὶ</span> 
     </span>
    </p>
   </div>
   <div class='ocr_carea' id='block_1_53' title="bbox 471 4485 2132 4561">
    <p class='ocr_par' dir='ltr' id='par_1_53' title="bbox 471 4485 2132 4561">
     <span class='ocr_line' id='line_1_55' title="bbox 471 4485 2132 4561; baseline -0.002 -19"><span class='ocrx_word' id='word_1_430' title='bbox 471 4491 620 4561; x_wconf 78' lang='grc' dir='ltr'>ὠμὸν</span> <span class='ocrx_word' id='word_1_431' title='bbox 649 4490 784 4558; x_wconf 78' lang='grc' dir='ltr'>ἔχων</span> <span class='ocrx_word' id='word_1_432' title='bbox 822 4487 1094 4556; x_wconf 64' lang='grc' dir='ltr'>Δεσπότην</span> <span class='ocrx_word' id='word_1_433' title='bbox 1126 4485 1267 4538; x_wconf 73' lang='grc' dir='ltr'>οὕτω</span> <span class='ocrx_word' id='word_1_434' title='bbox 1294 4486 1597 4550; x_wconf 82' lang='grc' dir='ltr'>διάκεισαι;</span> <span class='ocrx_word' id='word_1_435' title='bbox 1629 4486 1679 4538; x_wconf 89' lang='grc' dir='ltr'>τί</span> <span class='ocrx_word' id='word_1_436' title='bbox 1701 4487 2049 4558; x_wconf 70' lang='grc' dir='ltr'>ψυχρότερον,</span> <span class='ocrx_word' id='word_1_437' title='bbox 2081 4486 2132 4539; x_wconf 87' lang='grc' dir='ltr'>τί</span> 
     </span>
    </p>
   </div>
   <div class='ocr_carea' id='block_1_54' title="bbox 471 4575 2134 4647">
    <p class='ocr_par' dir='ltr' id='par_1_54' title="bbox 471 4575 2134 4647">
     <span class='ocr_line' id='line_1_56' title="bbox 471 4575 2134 4647; baseline -0.003 -14"><span class='ocrx_word' id='word_1_438' title='bbox 471 4575 942 4647; x_wconf 84' lang='grc' dir='ltr'>ταλαιπωρότερον</span> <span class='ocrx_word' id='word_1_439' title='bbox 974 4575 1079 4626; x_wconf 86' lang='grc' dir='ltr'>τῶν</span> <span class='ocrx_word' id='word_1_440' title='bbox 1108 4575 1226 4627; x_wconf 89' lang='grc' dir='ltr'>τότε</span> <span class='ocrx_word' id='word_1_441' title='bbox 1265 4575 1530 4628; x_wconf 84' lang='grc' dir='ltr'>λαϐόντων</span> <span class='ocrx_word' id='word_1_442' title='bbox 1552 4577 1610 4628; x_wconf 80' lang='grc' dir='ltr'>τὸ</span> <span class='ocrx_word' id='word_1_443' title='bbox 1643 4575 1934 4646; x_wconf 74' lang='grc' dir='ltr'>φώτισμας</span> <span class='ocrx_word' id='word_1_444' title='bbox 1979 4575 2134 4628; x_wconf 82' lang='grc' dir='ltr'>Φίλον</span> 
     </span>
    </p>
   </div>
   <div class='ocr_carea' id='block_1_55' title="bbox 479 4661 2132 4733">
    <p class='ocr_par' dir='ltr' id='par_1_55' title="bbox 479 4661 2132 4733">
     <span class='ocr_line' id='line_1_57' title="bbox 479 4661 2132 4733; baseline 0.001 -19"><span class='ocrx_word' id='word_1_445' title='bbox 479 4679 538 4714; x_wconf 90' lang='grc' dir='ltr'>σε</span> <span class='ocrx_word' id='word_1_446' title='bbox 563 4663 817 4733; x_wconf 86' lang='grc' dir='ltr'>ἐποίησεν</span> <span class='ocrx_word' id='word_1_447' title='bbox 867 4663 896 4713; x_wconf 89' lang='grc' dir='ltr'>ὁ</span> <span class='ocrx_word' id='word_1_448' title='bbox 935 4661 1086 4723; x_wconf 87' lang='grc' dir='ltr'>Θεὸς,</span> <span class='ocrx_word' id='word_1_449' title='bbox 1124 4661 1219 4713; x_wconf 78' lang='grc' dir='ltr'>καὶ</span> <span class='ocrx_word' id='word_1_450' title='bbox 1256 4662 1470 4714; x_wconf 88' lang='grc' dir='ltr'>πάντων</span> <span class='ocrx_word' id='word_1_451' title='bbox 1501 4661 1698 4730; x_wconf 80' lang='grc' dir='ltr'>ἠξίωσε</span> <span class='ocrx_word' id='word_1_452' title='bbox 1725 4662 1834 4714; x_wconf 87' lang='grc' dir='ltr'>τῶν</span> <span class='ocrx_word' id='word_1_453' title='bbox 1891 4663 2132 4731; x_wconf 88' lang='grc' dir='ltr'>ἀγαθῶν,</span> 
     </span>
    </p>
   </div>
   <div class='ocr_carea' id='block_1_56' title="bbox 479 4749 2134 4821">
    <p class='ocr_par' dir='ltr' id='par_1_56' title="bbox 479 4749 2134 4821">
     <span class='ocr_line' id='line_1_58' title="bbox 479 4749 2134 4821; baseline -0.001 -15"><span class='ocrx_word' id='word_1_454' title='bbox 479 4752 566 4806; x_wconf 80' lang='grc' dir='ltr'>ἵνα</span> <span class='ocrx_word' id='word_1_455' title='bbox 592 4752 682 4805; x_wconf 70' lang='grc' dir='ltr'>καὶ</span> <span class='ocrx_word' id='word_1_456' title='bbox 713 4751 873 4814; x_wconf 90' lang='grc' dir='ltr'>αὐτὸς</span> <span class='ocrx_word' id='word_1_457' title='bbox 907 4750 1146 4820; x_wconf 80' lang='grc' dir='ltr'>ἐπιδείξῃ</span> <span class='ocrx_word' id='word_1_458' title='bbox 1184 4749 1252 4803; x_wconf 77' lang='grc' dir='ltr'>τά</span> <span class='ocrx_word' id='word_1_459' title='bbox 1290 4749 1383 4802; x_wconf 88' lang='grc' dir='ltr'>τοῦ</span> <span class='ocrx_word' id='word_1_460' title='bbox 1426 4749 1599 4817; x_wconf 87' lang='grc' dir='ltr'>φίλου.</span> <span class='ocrx_word' id='word_1_461' title='bbox 1644 4749 1774 4803; x_wconf 80' lang='grc' dir='ltr'>Είπέ</span> <span class='ocrx_word' id='word_1_462' title='bbox 1824 4751 1886 4821; x_wconf 87' lang='grc' dir='ltr'>δή</span> <span class='ocrx_word' id='word_1_463' title='bbox 1931 4769 2039 4820; x_wconf 83' lang='grc' dir='ltr'>μοι.</span> <span class='ocrx_word' id='word_1_464' title='bbox 2087 4753 2134 4804; x_wconf 80' lang='grc' dir='ltr'>εί</span> 
     </span>
    </p>
   </div>
   <div class='ocr_carea' id='block_1_57' title="bbox 476 4836 2136 4909">
    <p class='ocr_par' dir='ltr' id='par_1_57' title="bbox 476 4836 2136 4909">
     <span class='ocr_line' id='line_1_59' title="bbox 476 4836 2136 4909; baseline -0.002 -15"><span class='ocrx_word' id='word_1_465' title='bbox 476 4840 547 4894; x_wconf 78' lang='grc' dir='ltr'>τὰ</span> <span class='ocrx_word' id='word_1_466' title='bbox 580 4839 788 4909; x_wconf 85' lang='grc' dir='ltr'>μεγάλα</span> <span class='ocrx_word' id='word_1_467' title='bbox 815 4838 1075 4907; x_wconf 74' lang='grc' dir='ltr'>ἠδίκησας</span> <span class='ocrx_word' id='word_1_468' title='bbox 1104 4839 1182 4900; x_wconf 77' lang='grc' dir='ltr'>εἵς</span> <span class='ocrx_word' id='word_1_469' title='bbox 1204 4855 1321 4890; x_wconf 91' lang='grc' dir='ltr'>τινα</span> <span class='ocrx_word' id='word_1_470' title='bbox 1349 4837 1442 4890; x_wconf 75' lang='grc' dir='ltr'>καὶ</span> <span class='ocrx_word' id='word_1_471' title='bbox 1497 4836 1742 4908; x_wconf 76' lang='grc' dir='ltr'>ὕϐρισας,</span> <span class='ocrx_word' id='word_1_472' title='bbox 1784 4839 1876 4891; x_wconf 77' lang='grc' dir='ltr'>καὶ</span> <span class='ocrx_word' id='word_1_473' title='bbox 1925 4839 2136 4909; x_wconf 86' lang='grc' dir='ltr'>μυρίοις</span> 
     </span>
    </p>
   </div>
   <div class='ocr_carea' id='block_1_58' title="bbox 479 4924 2135 4996">
    <p class='ocr_par' dir='ltr' id='par_1_58' title="bbox 479 4924 2135 4996">
     <span class='ocr_line' id='line_1_60' title="bbox 479 4924 2135 4996; baseline -0.003 -14"><span class='ocrx_word' id='word_1_474' title='bbox 479 4929 640 4982; x_wconf 89' lang='grc' dir='ltr'>αὐτὸν</span> <span class='ocrx_word' id='word_1_475' title='bbox 665 4926 887 4979; x_wconf 81' lang='grc' dir='ltr'>ὀνείδεσι</span> <span class='ocrx_word' id='word_1_476' title='bbox 912 4924 1236 4996; x_wconf 83' lang='grc' dir='ltr'>περιϐαλὼν,</span> <span class='ocrx_word' id='word_1_477' title='bbox 1277 4927 1356 4989; x_wconf 81' lang='grc' dir='ltr'>εἰς</span> <span class='ocrx_word' id='word_1_478' title='bbox 1387 4926 1484 4987; x_wconf 84' lang='grc' dir='ltr'>τάς</span> <span class='ocrx_word' id='word_1_479' title='bbox 1516 4929 1701 4996; x_wconf 83' lang='grc' dir='ltr'>χεῖρας</span> <span class='ocrx_word' id='word_1_480' title='bbox 1738 4925 1993 4988; x_wconf 82' lang='grc' dir='ltr'>ἐνέπεσες</span> <span class='ocrx_word' id='word_1_481' title='bbox 2043 4924 2135 4977; x_wconf 88' lang='grc' dir='ltr'>τοῦ</span> 
     </span>
    </p>
   </div>
   <div class='ocr_carea' id='block_1_59' title="bbox 480 5011 2136 5085">
    <p class='ocr_par' dir='ltr' id='par_1_59' title="bbox 480 5011 2136 5085">
     <span class='ocr_line' id='line_1_61' title="bbox 480 5011 2136 5085; baseline -0.002 -18"><span class='ocrx_word' id='word_1_482' title='bbox 480 5011 846 5085; x_wconf 83' lang='grc' dir='ltr'>ὑϐρισθέντος,</span> <span class='ocrx_word' id='word_1_483' title='bbox 879 5013 908 5063; x_wconf 87' lang='grc' dir='ltr'>ό</span> <span class='ocrx_word' id='word_1_484' title='bbox 943 5011 998 5063; x_wconf 79' lang='grc' dir='ltr'>δὲ</span> <span class='ocrx_word' id='word_1_485' title='bbox 1025 5011 1144 5063; x_wconf 85' lang='grc' dir='ltr'>ἀντί</span> <span class='ocrx_word' id='word_1_486' title='bbox 1175 5012 1380 5066; x_wconf 86' lang='grc' dir='ltr'>τούτων</span> <span class='ocrx_word' id='word_1_487' title='bbox 1407 5012 1654 5081; x_wconf 84' lang='grc' dir='ltr'>ἐτίμησε,</span> <span class='ocrx_word' id='word_1_488' title='bbox 1683 5011 1776 5064; x_wconf 66' lang='grc' dir='ltr'>κα)⁸</span> <span class='ocrx_word' id='word_1_489' title='bbox 1826 5012 1932 5064; x_wconf 88' lang='grc' dir='ltr'>τῶν</span> <span class='ocrx_word' id='word_1_490' title='bbox 1971 5012 2136 5065; x_wconf 87' lang='grc' dir='ltr'>αὐτοῦ</span> 
     </span>
    </p>
   </div>
   <div class='ocr_carea' id='block_1_60' title="bbox 484 5093 2136 5174">
    <p class='ocr_par' dir='ltr' id='par_1_60' title="bbox 484 5093 2136 5174">
     <span class='ocr_line' id='line_1_62' title="bbox 484 5093 2136 5174; baseline -0.001 -21"><span class='ocrx_word' id='word_1_491' title='bbox 484 5099 779 5174; x_wconf 80' lang='grc' dir='ltr'>μετέδωκεν</span> <span class='ocrx_word' id='word_1_492' title='bbox 810 5098 1080 5161; x_wconf 83' lang='grc' dir='ltr'>ἁπάντων,</span> <span class='ocrx_word' id='word_1_493' title='bbox 1112 5100 1202 5150; x_wconf 72' lang='grc' dir='ltr'>καὶ</span> <span class='ocrx_word' id='word_1_494' title='bbox 1234 5101 1290 5151; x_wconf 85' lang='grc' dir='ltr'>ἐν</span> <span class='ocrx_word' id='word_1_495' title='bbox 1322 5102 1432 5162; x_wconf 88' lang='grc' dir='ltr'>τοῖς</span> <span class='ocrx_word' id='word_1_496' title='bbox 1456 5099 1628 5166; x_wconf 87' lang='grc' dir='ltr'>φίλοις</span> <span class='ocrx_word' id='word_1_497' title='bbox 1664 5100 1747 5168; x_wconf 86' lang='grc' dir='ltr'>ἐφ’</span> <span class='ocrx_word' id='word_1_498' title='bbox 1777 5093 1851 5153; x_wconf 85' lang='grc' dir='ltr'>ὧν</span> <span class='ocrx_word' id='word_1_499' title='bbox 1883 5099 2136 5172; x_wconf 83' lang='grc' dir='ltr'>ὑϐρίσθη,</span> 
     </span>
    </p>
   </div>
   <div class='ocr_carea' id='block_1_61' title="bbox 480 5174 2208 5259">
    <p class='ocr_par' dir='ltr' id='par_1_61' title="bbox 480 5174 2208 5259">
     <span class='ocr_line' id='line_1_63' title="bbox 480 5174 2208 5259; baseline -0.001 -19"><span class='ocrx_word' id='word_1_500' title='bbox 480 5188 574 5240; x_wconf 75' lang='grc' dir='ltr'>ἐπὶ</span> <span class='ocrx_word' id='word_1_501' title='bbox 597 5185 798 5238; x_wconf 88' lang='grc' dir='ltr'>τούτων</span> <span class='ocrx_word' id='word_1_502' title='bbox 838 5202 898 5237; x_wconf 89' lang='grc' dir='ltr'>σε</span> <span class='ocrx_word' id='word_1_503' title='bbox 926 5185 1286 5253; x_wconf 80' lang='grc' dir='ltr'>ἐστεφάνωσε,</span> <span class='ocrx_word' id='word_1_504' title='bbox 1327 5189 1420 5240; x_wconf 75' lang='grc' dir='ltr'>καὶ</span> <span class='ocrx_word' id='word_1_505' title='bbox 1448 5187 1644 5259; x_wconf 75' lang='grc' dir='ltr'>ἔφησεν</span> <span class='ocrx_word' id='word_1_506' title='bbox 1698 5187 1772 5251; x_wconf 88' lang='grc' dir='ltr'>ὡς</span> <span class='ocrx_word' id='word_1_507' title='bbox 1819 5187 1932 5240; x_wconf 87' lang='grc' dir='ltr'>υἱὸν</span> <span class='ocrx_word' id='word_1_508' title='bbox 1990 5187 2134 5258; x_wconf 78' lang='grc' dir='ltr'>ἔχειν</span> <span class='ocrx_word' id='word_1_509' title='bbox 2202 5174 2208 5179; x_wconf 11' lang='grc' dir='ltr'>ξ</span> 
     </span>
    </p>
   </div>
   <div class='ocr_carea' id='block_1_62' title="bbox 479 5267 2140 5346">
    <p class='ocr_par' dir='ltr' id='par_1_62' title="bbox 479 5267 2140 5346">
     <span class='ocr_line' id='line_1_64' title="bbox 479 5267 2140 5346; baseline 0.001 -19"><span class='ocrx_word' id='word_1_510' title='bbox 479 5276 720 5345; x_wconf 84' lang='grc' dir='ltr'>γνήσιον,</span> <span class='ocrx_word' id='word_1_511' title='bbox 774 5267 891 5325; x_wconf 82' lang='grc' dir='ltr'>εἶτα</span> <span class='ocrx_word' id='word_1_512' title='bbox 944 5272 1143 5335; x_wconf 82' lang='grc' dir='ltr'>εὐθέως</span> <span class='ocrx_word' id='word_1_513' title='bbox 1200 5273 1498 5326; x_wconf 86' lang='grc' dir='ltr'>ἀπέθανεν·</span> <span class='ocrx_word' id='word_1_514' title='bbox 1547 5277 1646 5327; x_wconf 88' lang='grc' dir='ltr'>οὐκ</span> <span class='ocrx_word' id='word_1_515' title='bbox 1705 5276 1771 5328; x_wconf 87' lang='grc' dir='ltr'>ἂν</span> <span class='ocrx_word' id='word_1_516' title='bbox 1821 5274 2022 5346; x_wconf 84' lang='grc' dir='ltr'>ζημίαν</span> <span class='ocrx_word' id='word_1_517' title='bbox 2078 5275 2140 5327; x_wconf 85' lang='grc' dir='ltr'>τὸ</span> 
     </span>
    </p>
   </div>
   <div class='ocr_carea' id='block_1_63' title="bbox 481 5357 2140 5434">
    <p class='ocr_par' dir='ltr' id='par_1_63' title="bbox 481 5357 2140 5434">
     <span class='ocr_line' id='line_1_65' title="bbox 481 5357 2140 5434; baseline 0 -18"><span class='ocrx_word' id='word_1_518' title='bbox 481 5366 712 5434; x_wconf 72' lang='grc' dir='ltr'>πρᾶγμα</span> <span class='ocrx_word' id='word_1_519' title='bbox 761 5361 1051 5429; x_wconf 86' lang='grc' dir='ltr'>ἐνόμισας;</span> <span class='ocrx_word' id='word_1_520' title='bbox 1091 5360 1192 5412; x_wconf 86' lang='grc' dir='ltr'>οὐκ</span> <span class='ocrx_word' id='word_1_521' title='bbox 1245 5359 1310 5412; x_wconf 85' lang='grc' dir='ltr'>ἂν</span> <span class='ocrx_word' id='word_1_522' title='bbox 1371 5357 1542 5424; x_wconf 83' lang='grc' dir='ltr'>εἶπες·</span> <span class='ocrx_word' id='word_1_523' title='bbox 1613 5363 1941 5433; x_wconf 83' lang='grc' dir='ltr'>Ἐϐουλόμην</span> <span class='ocrx_word' id='word_1_524' title='bbox 1978 5363 2140 5416; x_wconf 84' lang='grc' dir='ltr'>αὐτὸν</span> 
     </span>
    </p>
   </div>
   <div class='ocr_carea' id='block_1_64' title="bbox 481 5446 2140 5520">
    <p class='ocr_par' dir='ltr' id='par_1_64' title="bbox 481 5446 2140 5520">
     <span class='ocr_line' id='line_1_66' title="bbox 481 5446 2140 5520; baseline -0.004 -14"><span class='ocrx_word' id='word_1_525' title='bbox 481 5452 658 5517; x_wconf 84' lang='grc' dir='ltr'>ζῶντα</span> <span class='ocrx_word' id='word_1_526' title='bbox 687 5446 843 5513; x_wconf 72' lang='grc' dir='ltr'>εἶναι,</span> <span class='ocrx_word' id='word_1_527' title='bbox 879 5450 964 5503; x_wconf 84' lang='grc' dir='ltr'>ἵνα</span> <span class='ocrx_word' id='word_1_528' title='bbox 1020 5447 1237 5519; x_wconf 83' lang='grc' dir='ltr'>δυνηθῶ</span> <span class='ocrx_word' id='word_1_529' title='bbox 1291 5448 1580 5501; x_wconf 77' lang='grc' dir='ltr'>ἀποδοῦναι</span> <span class='ocrx_word' id='word_1_530' title='bbox 1634 5450 1730 5514; x_wconf 86' lang='grc' dir='ltr'>τάς</span> <span class='ocrx_word' id='word_1_531' title='bbox 1768 5451 2019 5520; x_wconf 79' lang='grc' dir='ltr'>ἀμοιϐάς,</span> <span class='ocrx_word' id='word_1_532' title='bbox 2054 5452 2140 5505; x_wconf 81' lang='grc' dir='ltr'>ἵνα</span> 
     </span>
    </p>
   </div>
   <div class='ocr_carea' id='block_1_65' title="bbox 486 5536 2136 5610">
    <p class='ocr_par' dir='ltr' id='par_1_65' title="bbox 486 5536 2136 5610">
     <span class='ocr_line' id='line_1_67' title="bbox 486 5536 2136 5610; baseline -0.001 -17"><span class='ocrx_word' id='word_1_533' title='bbox 486 5541 818 5610; x_wconf 71' lang='grc' dir='ltr'>ἀμείψωμαι,</span> <span class='ocrx_word' id='word_1_534' title='bbox 872 5539 957 5591; x_wconf 82' lang='grc' dir='ltr'>ἵνα</span> <span class='ocrx_word' id='word_1_535' title='bbox 996 5536 1070 5609; x_wconf 81' lang='grc' dir='ltr'>μὴ</span> <span class='ocrx_word' id='word_1_536' title='bbox 1101 5537 1268 5599; x_wconf 86' lang='grc' dir='ltr'>κακὸς</span> <span class='ocrx_word' id='word_1_537' title='bbox 1306 5537 1456 5602; x_wconf 87' lang='grc' dir='ltr'>φανῶ</span> <span class='ocrx_word' id='word_1_538' title='bbox 1490 5537 1616 5608; x_wconf 75' lang='grc' dir='ltr'>περὶ</span> <span class='ocrx_word' id='word_1_539' title='bbox 1668 5538 1758 5591; x_wconf 87' lang='grc' dir='ltr'>τὸν</span> <span class='ocrx_word' id='word_1_540' title='bbox 1809 5540 2136 5610; x_wconf 85' lang='grc' dir='ltr'>εὐεργέτην;</span> 
     </span>
    </p>
   </div>
   <div class='ocr_carea' id='block_1_66' title="bbox 484 5625 2138 5699">
    <p class='ocr_par' dir='ltr' id='par_1_66' title="bbox 484 5625 2138 5699">
     <span class='ocr_line' id='line_1_68' title="bbox 484 5625 2138 5699; baseline -0.001 -18"><span class='ocrx_word' id='word_1_541' title='bbox 484 5625 615 5682; x_wconf 77' lang='grc' dir='ltr'>Εἶτα</span> <span class='ocrx_word' id='word_1_542' title='bbox 643 5630 727 5680; x_wconf 75' lang='grc' dir='ltr'>ἐπ’</span> <span class='ocrx_word' id='word_1_543' title='bbox 760 5627 1045 5699; x_wconf 85' lang='grc' dir='ltr'>ἀνθρώπου</span> <span class='ocrx_word' id='word_1_544' title='bbox 1089 5627 1184 5696; x_wconf 79' lang='grc' dir='ltr'>μὲν</span> <span class='ocrx_word' id='word_1_545' title='bbox 1213 5625 1384 5688; x_wconf 77' lang='grc' dir='ltr'>οὕτως</span> <span class='ocrx_word' id='word_1_546' title='bbox 1407 5640 1422 5656; x_wconf 87' lang='grc'><strong>·</strong></span> <span class='ocrx_word' id='word_1_547' title='bbox 1475 5626 1562 5678; x_wconf 75' lang='grc' dir='ltr'>ἐπὶ</span> <span class='ocrx_word' id='word_1_548' title='bbox 1589 5626 1644 5680; x_wconf 81' lang='grc' dir='ltr'>δὲ</span> <span class='ocrx_word' id='word_1_549' title='bbox 1675 5625 1768 5679; x_wconf 91' lang='grc' dir='ltr'>τοῦ</span> <span class='ocrx_word' id='word_1_550' title='bbox 1801 5627 1932 5680; x_wconf 80' lang='grc' dir='ltr'>Θεοῦ</span> <span class='ocrx_word' id='word_1_551' title='bbox 1972 5645 2138 5680; x_wconf 83' lang='grc' dir='ltr'>σπου-</span> 
     </span>
    </p>
   </div>
   <div class='ocr_carea' id='block_1_67' title="bbox 485 5713 2140 5785">
    <p class='ocr_par' dir='ltr' id='par_1_67' title="bbox 485 5713 2140 5785">
     <span class='ocr_line' id='line_1_69' title="bbox 485 5713 2140 5785; baseline -0.002 -13"><span class='ocrx_word' id='word_1_552' title='bbox 485 5718 662 5782; x_wconf 88' lang='grc' dir='ltr'>δάζεις</span> <span class='ocrx_word' id='word_1_553' title='bbox 693 5716 964 5780; x_wconf 83' lang='grc' dir='ltr'>ἀπελθεῖν,</span> <span class='ocrx_word' id='word_1_554' title='bbox 1014 5715 1100 5768; x_wconf 80' lang='grc' dir='ltr'>ἵνα</span> <span class='ocrx_word' id='word_1_555' title='bbox 1163 5713 1236 5785; x_wconf 82' lang='grc' dir='ltr'>μὴ</span> <span class='ocrx_word' id='word_1_556' title='bbox 1281 5714 1484 5785; x_wconf 66' lang='grc' dir='ltr'>ἀμείψῃ</span> <span class='ocrx_word' id='word_1_557' title='bbox 1537 5715 1626 5767; x_wconf 88' lang='grc' dir='ltr'>τὸν</span> <span class='ocrx_word' id='word_1_558' title='bbox 1683 5715 1974 5785; x_wconf 82' lang='grc' dir='ltr'>εὐεργέτην</span> <span class='ocrx_word' id='word_1_559' title='bbox 2031 5717 2140 5768; x_wconf 88' lang='grc' dir='ltr'>τῶν</span> 
     </span>
    </p>
   </div>
   <div class='ocr_carea' id='block_1_68' title="bbox 484 5801 2142 5875">
    <p class='ocr_par' dir='ltr' id='par_1_68' title="bbox 484 5801 2142 5875">
     <span class='ocr_line' id='line_1_70' title="bbox 484 5801 2142 5875; baseline -0.002 -14"><span class='ocrx_word' id='word_1_560' title='bbox 484 5804 749 5862; x_wconf 85' lang='grc' dir='ltr'>τοσούτων</span> <span class='ocrx_word' id='word_1_561' title='bbox 777 5803 1028 5875; x_wconf 88' lang='grc' dir='ltr'>δωρεῶν;</span> <span class='ocrx_word' id='word_1_562' title='bbox 1082 5803 1189 5855; x_wconf 77' lang='grc' dir='ltr'>Καὶ</span> <span class='ocrx_word' id='word_1_563' title='bbox 1226 5802 1331 5873; x_wconf 82' lang='grc' dir='ltr'>μὴν</span> <span class='ocrx_word' id='word_1_564' title='bbox 1362 5804 1482 5856; x_wconf 90' lang='grc' dir='ltr'>τότε</span> <span class='ocrx_word' id='word_1_565' title='bbox 1516 5801 1798 5873; x_wconf 79' lang='grc' dir='ltr'>πρόσελθε,</span> <span class='ocrx_word' id='word_1_566' title='bbox 1849 5804 1936 5857; x_wconf 78' lang='grc' dir='ltr'>ὅτε</span> <span class='ocrx_word' id='word_1_567' title='bbox 1981 5805 2142 5859; x_wconf 86' lang='grc' dir='ltr'>αὐτὸν</span> 
     </span>
    </p>
   </div>
   <div class='ocr_carea' id='block_1_69' title="bbox 546 5881 1444 5954">
    <p class='ocr_par' dir='ltr' id='par_1_69' title="bbox 546 5881 1444 5954">
     <span class='ocr_line' id='line_1_71' title="bbox 546 5881 1444 5954; baseline -0.007 -10"><span class='ocrx_word' id='word_1_568' title='bbox 546 5895 572 5926; x_wconf 80' lang='grc'>⁸</span> <span class='ocrx_word' id='word_1_569' title='bbox 634 5891 768 5943; x_wconf 87' lang='lat' dir='ltr'>Unus</span> <span class='ocrx_word' id='word_1_570' title='bbox 807 5891 990 5942; x_wconf 78' lang='lat' dir='ltr'>omittit</span> <span class='ocrx_word' id='word_1_571' title='bbox 1012 5892 1211 5954; x_wconf 82' lang='grc' dir='ltr'>μηδέν...</span> <span class='ocrx_word' id='word_1_572' title='bbox 1245 5891 1409 5938; x_wconf 86' lang='grc' dir='ltr'>ποιῶν.</span> <span class='ocrx_word' id='word_1_573' title='bbox 1439 5881 1444 5886; x_wconf 67' lang='grc'><em>’</em></span> 
     </span>
    </p>
   </div>
   <div class='ocr_carea' id='block_1_70' title="bbox 2189 519 3863 601">
    <p class='ocr_par' dir='ltr' id='par_1_70' title="bbox 2189 519 3863 601">
     <span class='ocr_line' id='line_1_72' title="bbox 2189 519 3863 601; baseline -0.011 -13"><span class='ocrx_word' id='word_1_574' title='bbox 2189 535 2377 601; x_wconf 75' lang='grc' dir='ltr'>ἔταξεν</span> <span class='ocrx_word' id='word_1_575' title='bbox 2413 538 2441 588; x_wconf 82' lang='grc' dir='ltr'><strong>ὁ</strong></span> <span class='ocrx_word' id='word_1_576' title='bbox 2469 537 2638 600; x_wconf 85' lang='grc' dir='ltr'>Θεός;</span> <span class='ocrx_word' id='word_1_577' title='bbox 2687 535 2816 588; x_wconf 84' lang='grc' dir='ltr'>Ἀπὸ</span> <span class='ocrx_word' id='word_1_578' title='bbox 2841 533 3028 587; x_wconf 83' lang='grc' dir='ltr'>τούτου</span> <span class='ocrx_word' id='word_1_579' title='bbox 3060 530 3238 584; x_wconf 87' lang='grc' dir='ltr'>πάντα</span> <span class='ocrx_word' id='word_1_580' title='bbox 3276 525 3701 593; x_wconf 80' lang='grc' dir='ltr'>ἀνατέτραπται,</span> <span class='ocrx_word' id='word_1_581' title='bbox 3743 519 3863 573; x_wconf 75' lang='grc' dir='ltr'>ἀπὸ</span> 
     </span>
    </p>
   </div>
   <div class='ocr_carea' id='block_1_71' title="bbox 2187 607 3862 695">
    <p class='ocr_par' dir='ltr' id='par_1_71' title="bbox 2187 607 3862 695">
     <span class='ocr_line' id='line_1_73' title="bbox 2187 607 3862 695; baseline -0.011 -18"><span class='ocrx_word' id='word_1_582' title='bbox 2187 625 2374 678; x_wconf 87' lang='grc' dir='ltr'>τούτου</span> <span class='ocrx_word' id='word_1_583' title='bbox 2423 626 2490 678; x_wconf 76' lang='grc' dir='ltr'>τὰ</span> <span class='ocrx_word' id='word_1_584' title='bbox 2519 626 2614 695; x_wconf 86' lang='grc' dir='ltr'>τῆς</span> <span class='ocrx_word' id='word_1_585' title='bbox 2639 623 2959 694; x_wconf 78' lang='grc' dir='ltr'>οἰκουμένης</span> <span class='ocrx_word' id='word_1_586' title='bbox 2987 618 3323 689; x_wconf 86' lang='grc' dir='ltr'>διέφθαρται,</span> <span class='ocrx_word' id='word_1_587' title='bbox 3361 616 3442 668; x_wconf 82' lang='grc' dir='ltr'>ὅτι</span> <span class='ocrx_word' id='word_1_588' title='bbox 3479 613 3649 673; x_wconf 68' lang='grc' dir='ltr'>οὐδεὶς</span> <span class='ocrx_word' id='word_1_589' title='bbox 3677 607 3862 662; x_wconf 75' lang='grc' dir='ltr'>οὐδενὶ</span> 
     </span>
    </p>
   </div>
   <div class='ocr_carea' id='block_1_72' title="bbox 2193 696 3864 782">
    <p class='ocr_par' dir='ltr' id='par_1_72' title="bbox 2193 696 3864 782">
     <span class='ocr_line' id='line_1_74' title="bbox 2193 696 3864 782; baseline -0.011 -18"><span class='ocrx_word' id='word_1_590' title='bbox 2193 712 2393 775; x_wconf 86' lang='grc' dir='ltr'>σκοπὸς</span> <span class='ocrx_word' id='word_1_591' title='bbox 2419 713 2558 765; x_wconf 87' lang='grc' dir='ltr'>κατὰ</span> <span class='ocrx_word' id='word_1_592' title='bbox 2602 712 2730 766; x_wconf 82' lang='grc' dir='ltr'>Θεὸν</span> <span class='ocrx_word' id='word_1_593' title='bbox 2758 711 2874 782; x_wconf 82' lang='grc' dir='ltr'>ζῇν.</span> <span class='ocrx_word' id='word_1_594' title='bbox 2925 711 2987 764; x_wconf 71' lang='lat' dir='ltr'>Ol</span> <span class='ocrx_word' id='word_1_595' title='bbox 3021 711 3115 778; x_wconf 81' lang='grc' dir='ltr'>μὲν</span> <span class='ocrx_word' id='word_1_596' title='bbox 3149 701 3241 759; x_wconf 82' lang='grc' dir='ltr'>οῦν</span> <span class='ocrx_word' id='word_1_597' title='bbox 3273 700 3666 771; x_wconf 71' lang='grc' dir='ltr'>κατηχούμενοι</span> <span class='ocrx_word' id='word_1_598' title='bbox 3691 696 3864 749; x_wconf 79' lang='grc' dir='ltr'>τοῦτο</span> 
     </span>
    </p>
   </div>
   <div class='ocr_carea' id='block_1_73' title="bbox 2195 782 3862 867">
    <p class='ocr_par' dir='ltr' id='par_1_73' title="bbox 2195 782 3862 867">
     <span class='ocr_line' id='line_1_75' title="bbox 2195 782 3862 867; baseline -0.01 -18"><span class='ocrx_word' id='word_1_599' title='bbox 2195 798 2602 861; x_wconf 76' lang='grc' dir='ltr'>σπουδάζοντες,</span> <span class='ocrx_word' id='word_1_600' title='bbox 2657 797 2910 867; x_wconf 86' lang='grc' dir='ltr'>οὐδεμίαν</span> <span class='ocrx_word' id='word_1_601' title='bbox 2971 793 3244 848; x_wconf 86' lang='grc' dir='ltr'>ποιοῦνται</span> <span class='ocrx_word' id='word_1_602' title='bbox 3308 787 3628 859; x_wconf 80' lang='grc' dir='ltr'>ἐπιμέλειαν</span> <span class='ocrx_word' id='word_1_603' title='bbox 3687 782 3862 853; x_wconf 86' lang='grc' dir='ltr'>ὀρθοῦ</span> 
     </span>
    </p>
   </div>
   <div class='ocr_carea' id='block_1_74' title="bbox 2195 873 3864 959">
    <p class='ocr_par' dir='ltr' id='par_1_74' title="bbox 2195 873 3864 959">
     <span class='ocr_line' id='line_1_76' title="bbox 2195 873 3864 959; baseline -0.011 -19"><span class='ocrx_word' id='word_1_604' title='bbox 2195 888 2308 959; x_wconf 84' lang='grc' dir='ltr'>βίου</span> <span class='ocrx_word' id='word_1_605' title='bbox 2329 905 2342 919; x_wconf 93' lang='grc'><strong>·</strong></span> <span class='ocrx_word' id='word_1_606' title='bbox 2377 891 2425 941; x_wconf 86' lang='grc' dir='ltr'>οί</span> <span class='ocrx_word' id='word_1_607' title='bbox 2463 888 2519 940; x_wconf 82' lang='grc' dir='ltr'>δὲ</span> <span class='ocrx_word' id='word_1_608' title='bbox 2546 889 2646 959; x_wconf 77' lang='grc' dir='ltr'>ἤδη</span> <span class='ocrx_word' id='word_1_609' title='bbox 2678 885 3057 954; x_wconf 88' lang='grc' dir='ltr'>φωτισθέντες,</span> <span class='ocrx_word' id='word_1_610' title='bbox 3097 884 3146 935; x_wconf 89' lang='grc' dir='ltr'>οἱ</span> <span class='ocrx_word' id='word_1_611' title='bbox 3191 881 3289 949; x_wconf 80' lang='grc' dir='ltr'>μὲν</span> <span class='ocrx_word' id='word_1_612' title='bbox 3319 878 3441 930; x_wconf 71' lang='grc' dir='ltr'>ἐπεὶ</span> <span class='ocrx_word' id='word_1_613' title='bbox 3478 876 3667 936; x_wconf 83' lang='grc' dir='ltr'>παῖδες</span> <span class='ocrx_word' id='word_1_614' title='bbox 3697 873 3864 934; x_wconf 73' lang='grc' dir='ltr'>ὄντες</span> 
     </span>
    </p>
   </div>
   <div class='ocr_carea' id='block_1_75' title="bbox 2190 964 3864 1042">
    <p class='ocr_par' dir='ltr' id='par_1_75' title="bbox 2190 964 3864 1042">
     <span class='ocr_line' id='line_1_77' title="bbox 2190 964 3864 1042; baseline -0.011 -13"><span class='ocrx_word' id='word_1_615' title='bbox 2190 974 2349 1029; x_wconf 88' lang='grc' dir='ltr'>τοῦτο</span> <span class='ocrx_word' id='word_1_616' title='bbox 2394 974 2647 1038; x_wconf 71' lang='grc' dir='ltr'>Ξλαϐονι),</span> <span class='ocrx_word' id='word_1_617' title='bbox 2673 975 2723 1026; x_wconf 86' lang='grc' dir='ltr'>οί</span> <span class='ocrx_word' id='word_1_618' title='bbox 2762 974 2818 1026; x_wconf 87' lang='grc' dir='ltr'>δέ</span> <span class='ocrx_word' id='word_1_619' title='bbox 2871 967 2927 1024; x_wconf 81' lang='grc' dir='ltr'>ἐν</span> <span class='ocrx_word' id='word_1_620' title='bbox 2952 969 3254 1042; x_wconf 78' lang='grc' dir='ltr'>ἀρρωστίᾳ,</span> <span class='ocrx_word' id='word_1_621' title='bbox 3301 967 3395 1019; x_wconf 71' lang='grc' dir='ltr'>καὶ</span> <span class='ocrx_word' id='word_1_622' title='bbox 3446 964 3864 1029; x_wconf 82' lang='grc' dir='ltr'>ἀνενεγκόντες,</span> 
     </span>
    </p>
   </div>
   <div class='ocr_carea' id='block_1_76' title="bbox 2193 1047 3868 1134">
    <p class='ocr_par' dir='ltr' id='par_1_76' title="bbox 2193 1047 3868 1134">
     <span class='ocr_line' id='line_1_78' title="bbox 2193 1047 3868 1134; baseline -0.011 -18"><span class='ocrx_word' id='word_1_623' title='bbox 2193 1063 2376 1133; x_wconf 83' lang='grc' dir='ltr'>ἐπειδὴ</span> <span class='ocrx_word' id='word_1_624' title='bbox 2409 1062 2482 1134; x_wconf 81' lang='grc' dir='ltr'>μὴ</span> <span class='ocrx_word' id='word_1_625' title='bbox 2529 1058 2672 1132; x_wconf 74' lang='grc' dir='ltr'>εἶχον</span> <span class='ocrx_word' id='word_1_626' title='bbox 2719 1059 3025 1132; x_wconf 88' lang='grc' dir='ltr'>προθυμίαν</span> <span class='ocrx_word' id='word_1_627' title='bbox 3054 1055 3173 1108; x_wconf 85' lang='grc' dir='ltr'>τινά</span> <span class='ocrx_word' id='word_1_628' title='bbox 3200 1054 3362 1124; x_wconf 77' lang='grc' dir='ltr'>ζῆσαι</span> <span class='ocrx_word' id='word_1_629' title='bbox 3407 1052 3494 1104; x_wconf 78' lang='grc' dir='ltr'>διὰ</span> <span class='ocrx_word' id='word_1_630' title='bbox 3526 1050 3677 1109; x_wconf 78' lang='grc' dir='ltr'>Θεὸν,</span> <span class='ocrx_word' id='word_1_631' title='bbox 3734 1047 3868 1099; x_wconf 75' lang='grc' dir='ltr'>οὐδὲ</span> 
     </span>
    </p>
   </div>
   <div class='ocr_carea' id='block_1_77' title="bbox 2193 1135 3870 1220">
    <p class='ocr_par' dir='ltr' id='par_1_77' title="bbox 2193 1135 3870 1220">
     <span class='ocr_line' id='line_1_79' title="bbox 2193 1135 3870 1220; baseline -0.011 -17"><span class='ocrx_word' id='word_1_632' title='bbox 2193 1146 2335 1205; x_wconf 71' lang='grc' dir='ltr'>οὗτοι</span> <span class='ocrx_word' id='word_1_633' title='bbox 2364 1149 2596 1220; x_wconf 83' lang='grc' dir='ltr'>σπουδὴν</span> <span class='ocrx_word' id='word_1_634' title='bbox 2633 1148 2910 1201; x_wconf 75' lang='grc' dir='ltr'>τίθενται’</span> <span class='ocrx_word' id='word_1_635' title='bbox 2965 1146 3012 1197; x_wconf 86' lang='grc' dir='ltr'>οἱ</span> <span class='ocrx_word' id='word_1_636' title='bbox 3041 1144 3098 1196; x_wconf 81' lang='grc' dir='ltr'>δὲ</span> <span class='ocrx_word' id='word_1_637' title='bbox 3135 1145 3192 1196; x_wconf 87' lang='grc' dir='ltr'>ἐν</span> <span class='ocrx_word' id='word_1_638' title='bbox 3231 1142 3387 1211; x_wconf 81' lang='grc' dir='ltr'>ὐγείᾳ</span> <span class='ocrx_word' id='word_1_639' title='bbox 3439 1138 3713 1199; x_wconf 80' lang='grc' dir='ltr'>λαϐόντες,</span> <span class='ocrx_word' id='word_1_640' title='bbox 3747 1135 3870 1188; x_wconf 82' lang='grc' dir='ltr'>ὀλί-</span> 
     </span>
    </p>
   </div>
   <div class='ocr_carea' id='block_1_78' title="bbox 2193 1223 3869 1312">
    <p class='ocr_par' dir='ltr' id='par_1_78' title="bbox 2193 1223 3869 1312">
     <span class='ocr_line' id='line_1_80' title="bbox 2193 1223 3869 1312; baseline -0.011 -19"><span class='ocrx_word' id='word_1_641' title='bbox 2193 1258 2298 1312; x_wconf 89' lang='grc' dir='ltr'>γην</span> <span class='ocrx_word' id='word_1_642' title='bbox 2321 1241 2524 1310; x_wconf 86' lang='grc' dir='ltr'>ταύτην</span> <span class='ocrx_word' id='word_1_643' title='bbox 2562 1239 2655 1292; x_wconf 71' lang='grc' dir='ltr'>καὶ</span> <span class='ocrx_word' id='word_1_644' title='bbox 2683 1237 2838 1291; x_wconf 72' lang='grc' dir='ltr'>αὐτοὶ</span> <span class='ocrx_word' id='word_1_645' title='bbox 2863 1234 3278 1293; x_wconf 83' lang='grc' dir='ltr'>ἐπιδείκνυνται,</span> <span class='ocrx_word' id='word_1_646' title='bbox 3305 1231 3400 1283; x_wconf 72' lang='grc' dir='ltr'>καὶ</span> <span class='ocrx_word' id='word_1_647' title='bbox 3434 1227 3568 1298; x_wconf 88' lang='grc' dir='ltr'>πρὸς</span> <span class='ocrx_word' id='word_1_648' title='bbox 3588 1225 3650 1277; x_wconf 88' lang='grc' dir='ltr'>τὸ</span> <span class='ocrx_word' id='word_1_649' title='bbox 3678 1223 3869 1294; x_wconf 76' lang='grc' dir='ltr'>παρὸν</span> 
     </span>
    </p>
   </div>
   <div class='ocr_carea' id='block_1_79' title="bbox 2194 1311 3870 1396">
    <p class='ocr_par' dir='ltr' id='par_1_79' title="bbox 2194 1311 3870 1396">
     <span class='ocr_line' id='line_1_81' title="bbox 2194 1311 3870 1396; baseline -0.011 -15"><span class='ocrx_word' id='word_1_650' title='bbox 2194 1328 2525 1390; x_wconf 86' lang='grc' dir='ltr'>διατεθέντες</span> <span class='ocrx_word' id='word_1_651' title='bbox 2555 1326 2768 1396; x_wconf 74' lang='grc' dir='ltr'>θερμοὶ,</span> <span class='ocrx_word' id='word_1_652' title='bbox 2803 1321 2939 1393; x_wconf 87' lang='grc' dir='ltr'>μετά</span> <span class='ocrx_word' id='word_1_653' title='bbox 2973 1320 3146 1375; x_wconf 88' lang='grc' dir='ltr'>ταῦτα</span> <span class='ocrx_word' id='word_1_654' title='bbox 3177 1320 3272 1372; x_wconf 77' lang='grc' dir='ltr'>καὶ</span> <span class='ocrx_word' id='word_1_655' title='bbox 3298 1312 3439 1372; x_wconf 72' lang='grc' dir='ltr'>οὗτοι</span> <span class='ocrx_word' id='word_1_656' title='bbox 3460 1315 3522 1367; x_wconf 89' lang='grc' dir='ltr'>τὸ</span> <span class='ocrx_word' id='word_1_657' title='bbox 3555 1313 3663 1384; x_wconf 85' lang='grc' dir='ltr'>πῦρ</span> <span class='ocrx_word' id='word_1_658' title='bbox 3696 1311 3870 1364; x_wconf 75' lang='grc' dir='ltr'>ἔσϐε-</span> 
     </span>
    </p>
   </div>
   <div class='ocr_carea' id='block_1_80' title="bbox 2198 1399 3872 1486">
    <p class='ocr_par' dir='ltr' id='par_1_80' title="bbox 2198 1399 3872 1486">
     <span class='ocr_line' id='line_1_82' title="bbox 2198 1399 3872 1486; baseline -0.011 -17"><span class='ocrx_word' id='word_1_659' title='bbox 2198 1434 2317 1470; x_wconf 85' lang='grc' dir='ltr'>σαν.</span> <span class='ocrx_word' id='word_1_660' title='bbox 2351 1416 2442 1486; x_wconf 81' lang='grc' dir='ltr'>Μὴ</span> <span class='ocrx_word' id='word_1_661' title='bbox 2489 1415 2595 1486; x_wconf 82' lang='grc' dir='ltr'>γὰρ</span> <span class='ocrx_word' id='word_1_662' title='bbox 2638 1416 2736 1467; x_wconf 81' lang='grc' dir='ltr'>οὐκ</span> <span class='ocrx_word' id='word_1_663' title='bbox 2780 1413 2858 1465; x_wconf 74' lang='grc' dir='ltr'>ἔνι</span> <span class='ocrx_word' id='word_1_664' title='bbox 2893 1411 3180 1482; x_wconf 82' lang='grc' dir='ltr'>πράγμασι</span> <span class='ocrx_word' id='word_1_665' title='bbox 3211 1404 3484 1477; x_wconf 77' lang='grc' dir='ltr'>χρῆσθαις</span> <span class='ocrx_word' id='word_1_666' title='bbox 3522 1402 3595 1473; x_wconf 82' lang='grc' dir='ltr'>μὴ</span> <span class='ocrx_word' id='word_1_667' title='bbox 3625 1399 3734 1468; x_wconf 85' lang='grc' dir='ltr'>γὰρ</span> <span class='ocrx_word' id='word_1_668' title='bbox 3760 1400 3872 1467; x_wconf 78' lang='grc' dir='ltr'>τῆς</span> 
     </span>
    </p>
   </div>
   <div class='ocr_carea' id='block_1_81' title="bbox 2197 1486 3873 1574">
    <p class='ocr_par' dir='ltr' id='par_1_81' title="bbox 2197 1486 3873 1574">
     <span class='ocr_line' id='line_1_83' title="bbox 2197 1486 3873 1574; baseline -0.013 -17"><span class='ocrx_word' id='word_1_669' title='bbox 2197 1505 2450 1574; x_wconf 88' lang='grc' dir='ltr'>γυναικός</span> <span class='ocrx_word' id='word_1_670' title='bbox 2473 1521 2532 1555; x_wconf 91' lang='grc' dir='ltr'>σε</span> <span class='ocrx_word' id='word_1_671' title='bbox 2558 1502 2803 1571; x_wconf 83' lang='grc' dir='ltr'>διείργω;</span> <span class='ocrx_word' id='word_1_672' title='bbox 2839 1499 3098 1570; x_wconf 89' lang='grc' dir='ltr'>Πορνείας</span> <span class='ocrx_word' id='word_1_673' title='bbox 3125 1513 3182 1549; x_wconf 92' lang='grc' dir='ltr'>σε</span> <span class='ocrx_word' id='word_1_674' title='bbox 3209 1494 3474 1563; x_wconf 87' lang='grc' dir='ltr'>ἀπείργω.</span> <span class='ocrx_word' id='word_1_675' title='bbox 3501 1491 3592 1559; x_wconf 76' lang='grc' dir='ltr'>Μὴ</span> <span class='ocrx_word' id='word_1_676' title='bbox 3618 1489 3728 1557; x_wconf 79' lang='grc' dir='ltr'>γάρ</span> <span class='ocrx_word' id='word_1_677' title='bbox 3759 1486 3873 1555; x_wconf 79' lang='grc' dir='ltr'>τῆς</span> 
     </span>
    </p>
   </div>
   <div class='ocr_carea' id='block_1_82' title="bbox 2196 1576 3868 1664">
    <p class='ocr_par' dir='ltr' id='par_1_82' title="bbox 2196 1576 3868 1664">
     <span class='ocr_line' id='line_1_84' title="bbox 2196 1576 3868 1664; baseline -0.011 -18"><span class='ocrx_word' id='word_1_678' title='bbox 2196 1593 2305 1646; x_wconf 89' lang='grc' dir='ltr'>τῶν</span> <span class='ocrx_word' id='word_1_679' title='bbox 2335 1592 2627 1664; x_wconf 84' lang='grc' dir='ltr'>χρημάτων</span> <span class='ocrx_word' id='word_1_680' title='bbox 2662 1588 3044 1651; x_wconf 87' lang='grc' dir='ltr'>ἀπολαύσεως;</span> <span class='ocrx_word' id='word_1_681' title='bbox 3080 1582 3391 1648; x_wconf 79' lang='grc' dir='ltr'>Πλεονεξίας</span> <span class='ocrx_word' id='word_1_682' title='bbox 3445 1580 3538 1633; x_wconf 76' lang='grc' dir='ltr'>καὶ</span> <span class='ocrx_word' id='word_1_683' title='bbox 3579 1576 3868 1647; x_wconf 80' lang='grc' dir='ltr'>ἁρπαγῆς.</span> 
     </span>
    </p>
   </div>
   <div class='ocr_carea' id='block_1_83' title="bbox 2197 1662 3873 1750">
    <p class='ocr_par' dir='ltr' id='par_1_83' title="bbox 2197 1662 3873 1750">
     <span class='ocr_line' id='line_1_85' title="bbox 2197 1662 3873 1750; baseline -0.013 -15"><span class='ocrx_word' id='word_1_684' title='bbox 2197 1680 2290 1750; x_wconf 84' lang='grc' dir='ltr'>Μὴ</span> <span class='ocrx_word' id='word_1_685' title='bbox 2336 1662 2450 1750; x_wconf 74' lang='grc' dir='ltr'>γὰρ</span> <span class='ocrx_word' id='word_1_686' title='bbox 2501 1676 2793 1746; x_wconf 78' lang='grc' dir='ltr'>ἀναγκάζω</span> <span class='ocrx_word' id='word_1_687' title='bbox 2838 1675 3016 1728; x_wconf 88' lang='grc' dir='ltr'>πάντα</span> <span class='ocrx_word' id='word_1_688' title='bbox 3057 1671 3322 1734; x_wconf 88' lang='grc' dir='ltr'>κενῶσαι;</span> <span class='ocrx_word' id='word_1_689' title='bbox 3365 1668 3547 1736; x_wconf 84' lang='grc' dir='ltr'>Ὀλίγα</span> <span class='ocrx_word' id='word_1_690' title='bbox 3591 1664 3698 1719; x_wconf 85' lang='grc' dir='ltr'>ἀπὸ</span> <span class='ocrx_word' id='word_1_691' title='bbox 3751 1662 3873 1715; x_wconf 82' lang='grc' dir='ltr'>τῶν</span> 
     </span>
    </p>
   </div>
   <div class='ocr_carea' id='block_1_84' title="bbox 2199 1755 3871 1831">
    <p class='ocr_par' dir='ltr' id='par_1_84' title="bbox 2199 1755 3871 1831">
     <span class='ocr_line' id='line_1_86' title="bbox 2199 1755 3871 1831; baseline -0.012 -9"><span class='ocrx_word' id='word_1_692' title='bbox 2199 1769 2424 1822; x_wconf 87' lang='grc' dir='ltr'>ἐνόντων</span> <span class='ocrx_word' id='word_1_693' title='bbox 2451 1766 2630 1820; x_wconf 88' lang='grc' dir='ltr'>δοῦναι</span> <span class='ocrx_word' id='word_1_694' title='bbox 2654 1767 2764 1826; x_wconf 91' lang='grc' dir='ltr'>τοῖς</span> <span class='ocrx_word' id='word_1_695' title='bbox 2791 1763 3062 1831; x_wconf 88' lang='grc' dir='ltr'>δεομένοις</span> <span class='ocrx_word' id='word_1_696' title='bbox 3102 1760 3196 1831; x_wconf 83' lang='grc' dir='ltr'>(Τὸ</span> <span class='ocrx_word' id='word_1_697' title='bbox 3249 1756 3416 1827; x_wconf 84' lang='grc' dir='ltr'>ὑμῶν</span> <span class='ocrx_word' id='word_1_698' title='bbox 3461 1755 3871 1824; x_wconf 79' lang='grc' dir='ltr'>περίσσευμα,</span> 
     </span>
    </p>
   </div>
   <div class='ocr_carea' id='block_1_85' title="bbox 2201 1838 3876 1929">
    <p class='ocr_par' dir='ltr' id='par_1_85' title="bbox 2201 1838 3876 1929">
     <span class='ocr_line' id='line_1_87' title="bbox 2201 1838 3876 1929; baseline -0.013 -18"><span class='ocrx_word' id='word_1_699' title='bbox 2201 1857 2385 1929; x_wconf 73' lang='grc' dir='ltr'>φησὶν,</span> <span class='ocrx_word' id='word_1_700' title='bbox 2415 1858 2500 1920; x_wconf 80' lang='grc' dir='ltr'>εὶς</span> <span class='ocrx_word' id='word_1_701' title='bbox 2534 1853 2602 1907; x_wconf 84' lang='grc' dir='ltr'>τὸ</span> <span class='ocrx_word' id='word_1_702' title='bbox 2631 1853 2876 1906; x_wconf 82' lang='grc' dir='ltr'>ἐκείνων</span> <span class='ocrx_word' id='word_1_703' title='bbox 2909 1845 3236 1917; x_wconf 81' lang='grc' dir='ltr'>ὑστέρημα)</span> <span class='ocrx_word' id='word_1_704' title='bbox 3256 1864 3270 1878; x_wconf 88' lang='grc'><strong>·</strong></span> <span class='ocrx_word' id='word_1_705' title='bbox 3311 1845 3406 1897; x_wconf 73' lang='grc' dir='ltr'>καὶ</span> <span class='ocrx_word' id='word_1_706' title='bbox 3429 1842 3548 1896; x_wconf 85' lang='grc' dir='ltr'>οὐδὲ</span> <span class='ocrx_word' id='word_1_707' title='bbox 3575 1840 3717 1893; x_wconf 88' lang='grc' dir='ltr'>οῦτω</span> <span class='ocrx_word' id='word_1_708' title='bbox 3744 1838 3876 1891; x_wconf 77' lang='grc' dir='ltr'>πείο</span> 
     </span>
    </p>
   </div>
   <div class='ocr_carea' id='block_1_86' title="bbox 2201 1927 3875 2017">
    <p class='ocr_par' dir='ltr' id='par_1_86' title="bbox 2201 1927 3875 2017">
     <span class='ocr_line' id='line_1_88' title="bbox 2201 1927 3875 2017; baseline -0.013 -18"><span class='ocrx_word' id='word_1_709' title='bbox 2201 1927 2385 2017; x_wconf 83' lang='grc' dir='ltr'>θομεν.</span> <span class='ocrx_word' id='word_1_710' title='bbox 2430 1945 2522 2014; x_wconf 83' lang='grc' dir='ltr'>Μὴ</span> <span class='ocrx_word' id='word_1_711' title='bbox 2551 1943 2658 2014; x_wconf 82' lang='grc' dir='ltr'>γάρ</span> <span class='ocrx_word' id='word_1_712' title='bbox 2691 1938 2969 2012; x_wconf 88' lang='grc' dir='ltr'>νηστεύειν</span> <span class='ocrx_word' id='word_1_713' title='bbox 3000 1935 3282 2006; x_wconf 86' lang='grc' dir='ltr'>βιάζομεν;</span> <span class='ocrx_word' id='word_1_714' title='bbox 3322 1930 3555 1986; x_wconf 86' lang='grc' dir='ltr'>Μεθύειν</span> <span class='ocrx_word' id='word_1_715' title='bbox 3582 1927 3875 1994; x_wconf 85' lang='grc' dir='ltr'>κωλύομεν</span> 
     </span>
    </p>
   </div>
   <div class='ocr_carea' id='block_1_87' title="bbox 2203 2014 3876 2103">
    <p class='ocr_par' dir='ltr' id='par_1_87' title="bbox 2203 2014 3876 2103">
     <span class='ocr_line' id='line_1_89' title="bbox 2203 2014 3876 2103; baseline -0.014 -15"><span class='ocrx_word' id='word_1_716' title='bbox 2203 2014 2298 2088; x_wconf 72' lang='grc' dir='ltr'>καὶ</span> <span class='ocrx_word' id='word_1_717' title='bbox 2323 2029 2726 2103; x_wconf 86' lang='grc' dir='ltr'>γαστρίζεσθαι.</span> <span class='ocrx_word' id='word_1_718' title='bbox 2757 2025 2942 2079; x_wconf 89' lang='grc' dir='ltr'>Ταῦτα</span> <span class='ocrx_word' id='word_1_719' title='bbox 2973 2020 3383 2094; x_wconf 86' lang='grc' dir='ltr'>περιαιροῦμεν,</span> <span class='ocrx_word' id='word_1_720' title='bbox 3410 2018 3445 2073; x_wconf 76' lang='grc' dir='ltr'>ἃ</span> <span class='ocrx_word' id='word_1_721' title='bbox 3475 2014 3876 2087; x_wconf 83' lang='grc' dir='ltr'>ἀσχημοσύνην</span> 
     </span>
    </p>
   </div>
   <div class='ocr_carea' id='block_1_88' title="bbox 2205 2102 3878 2190">
    <p class='ocr_par' dir='ltr' id='par_1_88' title="bbox 2205 2102 3878 2190">
     <span class='ocr_line' id='line_1_90' title="bbox 2205 2102 3878 2190; baseline -0.013 -16"><span class='ocrx_word' id='word_1_722' title='bbox 2205 2139 2286 2174; x_wconf 92' lang='grc' dir='ltr'>σοι</span> <span class='ocrx_word' id='word_1_723' title='bbox 2346 2119 2544 2190; x_wconf 88' lang='grc' dir='ltr'>φέρει,</span> <span class='ocrx_word' id='word_1_724' title='bbox 2599 2117 2636 2170; x_wconf 78' lang='grc' dir='ltr'>ἂ</span> <span class='ocrx_word' id='word_1_725' title='bbox 2699 2114 2792 2168; x_wconf 73' lang='grc' dir='ltr'>καὶ</span> <span class='ocrx_word' id='word_1_726' title='bbox 2846 2113 2950 2185; x_wconf 86' lang='grc' dir='ltr'>πρὸ</span> <span class='ocrx_word' id='word_1_727' title='bbox 2997 2112 3096 2180; x_wconf 84' lang='grc' dir='ltr'>τῆς</span> <span class='ocrx_word' id='word_1_728' title='bbox 3157 2109 3382 2179; x_wconf 85' lang='grc' dir='ltr'>γεέννης</span> <span class='ocrx_word' id='word_1_729' title='bbox 3444 2103 3691 2158; x_wconf 75' lang='grc' dir='ltr'>ἐντεῦθεν</span> <span class='ocrx_word' id='word_1_730' title='bbox 3764 2102 3878 2172; x_wconf 71' lang='grc' dir='ltr'>ἤδη</span> 
     </span>
    </p>
   </div>
   <div class='ocr_carea' id='block_1_89' title="bbox 2206 2191 3875 2278">
    <p class='ocr_par' dir='ltr' id='par_1_89' title="bbox 2206 2191 3875 2278">
     <span class='ocr_line' id='line_1_91' title="bbox 2206 2191 3875 2278; baseline -0.013 -15"><span class='ocrx_word' id='word_1_731' title='bbox 2206 2209 2414 2278; x_wconf 88' lang='grc' dir='ltr'>φευκτά</span> <span class='ocrx_word' id='word_1_732' title='bbox 2469 2207 2563 2260; x_wconf 78' lang='grc' dir='ltr'>καὶ</span> <span class='ocrx_word' id='word_1_733' title='bbox 2619 2202 2823 2276; x_wconf 86' lang='grc' dir='ltr'>μισητά</span> <span class='ocrx_word' id='word_1_734' title='bbox 2873 2201 2968 2254; x_wconf 78' lang='grc' dir='ltr'>καὶ</span> <span class='ocrx_word' id='word_1_735' title='bbox 3024 2197 3185 2260; x_wconf 86' lang='grc' dir='ltr'>αὐτὸς</span> <span class='ocrx_word' id='word_1_736' title='bbox 3256 2192 3396 2249; x_wconf 73' lang='grc' dir='ltr'>εἶναι</span> <span class='ocrx_word' id='word_1_737' title='bbox 3451 2191 3875 2261; x_wconf 87' lang='grc' dir='ltr'>’συνομολογείς.</span> 
     </span>
    </p>
   </div>
   <div class='ocr_carea' id='block_1_90' title="bbox 2205 2275 3880 2368">
    <p class='ocr_par' dir='ltr' id='par_1_90' title="bbox 2205 2275 3880 2368">
     <span class='ocr_line' id='line_1_92' title="bbox 2205 2275 3880 2368; baseline -0.014 -17"><span class='ocrx_word' id='word_1_738' title='bbox 2205 2275 2298 2368; x_wconf 64' lang='grc' dir='ltr'>Μὴ</span> <span class='ocrx_word' id='word_1_739' title='bbox 2329 2296 2434 2366; x_wconf 80' lang='grc' dir='ltr'>γὰρ</span> <span class='ocrx_word' id='word_1_740' title='bbox 2481 2275 2699 2365; x_wconf 75' lang='grc' dir='ltr'>ἥδεσθαι</span> <span class='ocrx_word' id='word_1_741' title='bbox 2730 2291 2824 2344; x_wconf 71' lang='grc' dir='ltr'>καὶ</span> <span class='ocrx_word' id='word_1_742' title='bbox 2850 2289 3096 2361; x_wconf 85' lang='grc' dir='ltr'>χαίρειν;</span> <span class='ocrx_word' id='word_1_743' title='bbox 3135 2283 3293 2338; x_wconf 83' lang='grc' dir='ltr'>Ἀλλὰ</span> <span class='ocrx_word' id='word_1_744' title='bbox 3320 2285 3395 2354; x_wconf 70' lang='grc' dir='ltr'>μὴ</span> <span class='ocrx_word' id='word_1_745' title='bbox 3442 2278 3700 2351; x_wconf 77' lang='grc' dir='ltr'>αἰσχρῶς,</span> <span class='ocrx_word' id='word_1_746' title='bbox 3732 2275 3880 2347; x_wconf 76' lang='grc' dir='ltr'>μηδὲ</span> 
     </span>
    </p>
   </div>
   <div class='ocr_carea' id='block_1_91' title="bbox 2207 2384 2458 2448">
    <p class='ocr_par' dir='ltr' id='par_1_91' title="bbox 2207 2384 2458 2448">
     <span class='ocr_line' id='line_1_93' title="bbox 2207 2384 2458 2448; baseline -0.012 -10"><span class='ocrx_word' id='word_1_747' title='bbox 2207 2384 2458 2448; x_wconf 79' lang='grc' dir='ltr'>ἀναξίως.</span> 
     </span>
    </p>
   </div>
   <div class='ocr_carea' id='block_1_92' title="bbox 2282 2451 3874 2543">
    <p class='ocr_par' dir='ltr' id='par_1_92' title="bbox 2282 2451 3874 2543">
     <span class='ocr_line' id='line_1_94' title="bbox 2282 2451 3874 2543; baseline -0.014 -18"><span class='ocrx_word' id='word_1_748' title='bbox 2282 2471 2330 2543; x_wconf 76' lang='grc'>[1</span> <span class='ocrx_word' id='word_1_749' title='bbox 2341 2469 2433 2541; x_wconf 84' lang='grc'>90]</span> <span class='ocrx_word' id='word_1_750' title='bbox 2449 2468 2512 2522; x_wconf 88' lang='grc' dir='ltr'>δ’.</span> <span class='ocrx_word' id='word_1_751' title='bbox 2532 2467 2838 2530; x_wconf 81' lang='grc' dir='ltr'>Τίδέδοικας</span> <span class='ocrx_word' id='word_1_752' title='bbox 2860 2483 2874 2532; x_wconf 88' lang='grc'><strong>;</strong></span> <span class='ocrx_word' id='word_1_753' title='bbox 2893 2464 2947 2518; x_wconf 87' lang='grc' dir='ltr'>τί</span> <span class='ocrx_word' id='word_1_754' title='bbox 2963 2462 3100 2533; x_wconf 79' lang='grc' dir='ltr'>φοϐῇ</span> <span class='ocrx_word' id='word_1_755' title='bbox 3120 2479 3135 2527; x_wconf 89' lang='grc'>;</span> <span class='ocrx_word' id='word_1_756' title='bbox 3153 2459 3204 2512; x_wconf 87' lang='grc' dir='ltr'>τί</span> <span class='ocrx_word' id='word_1_757' title='bbox 3219 2459 3465 2531; x_wconf 86' lang='grc' dir='ltr'>τρέμεις;</span> <span class='ocrx_word' id='word_1_758' title='bbox 3486 2453 3655 2508; x_wconf 86' lang='grc' dir='ltr'>Ἔνθα</span> <span class='ocrx_word' id='word_1_759' title='bbox 3666 2451 3874 2523; x_wconf 83' lang='grc' dir='ltr'>γάμος,</span> 
     </span>
    </p>
   </div>
   <div class='ocr_carea' id='block_1_93' title="bbox 2211 2541 3880 2628">
    <p class='ocr_par' dir='ltr' id='par_1_93' title="bbox 2211 2541 3880 2628">
     <span class='ocr_line' id='line_1_95' title="bbox 2211 2541 3880 2628; baseline -0.013 -15"><span class='ocrx_word' id='word_1_760' title='bbox 2211 2541 2338 2613; x_wconf 73' lang='grc' dir='ltr'>ἔνθα</span> <span class='ocrx_word' id='word_1_761' title='bbox 2371 2555 2665 2628; x_wconf 87' lang='grc' dir='ltr'>χρημάτων</span> <span class='ocrx_word' id='word_1_762' title='bbox 2695 2553 3011 2614; x_wconf 88' lang='grc' dir='ltr'>ἀπόλαυσις,</span> <span class='ocrx_word' id='word_1_763' title='bbox 3036 2548 3163 2602; x_wconf 72' lang='grc' dir='ltr'>ἔνθα</span> <span class='ocrx_word' id='word_1_764' title='bbox 3182 2547 3353 2617; x_wconf 83' lang='grc' dir='ltr'>τροφὴ</span> <span class='ocrx_word' id='word_1_765' title='bbox 3383 2544 3714 2614; x_wconf 87' lang='grc' dir='ltr'>σύμμετρος,</span> <span class='ocrx_word' id='word_1_766' title='bbox 3739 2541 3880 2592; x_wconf 74' lang='grc' dir='ltr'>ποία</span> 
     </span>
    </p>
   </div>
   <div class='ocr_carea' id='block_1_94' title="bbox 2213 2628 3882 2716">
    <p class='ocr_par' dir='ltr' id='par_1_94' title="bbox 2213 2628 3882 2716">
     <span class='ocr_line' id='line_1_96' title="bbox 2213 2628 3882 2716; baseline -0.011 -17"><span class='ocrx_word' id='word_1_767' title='bbox 2213 2645 2483 2716; x_wconf 85' lang='grc' dir='ltr'>ἁμαρτίας</span> <span class='ocrx_word' id='word_1_768' title='bbox 2539 2642 2823 2706; x_wconf 87' lang='grc' dir='ltr'>ὐπόθεσις;</span> <span class='ocrx_word' id='word_1_769' title='bbox 2883 2639 2994 2692; x_wconf 70' lang='grc' dir='ltr'>Καὶ</span> <span class='ocrx_word' id='word_1_770' title='bbox 3049 2637 3154 2709; x_wconf 84' lang='grc' dir='ltr'>μὴν</span> <span class='ocrx_word' id='word_1_771' title='bbox 3199 2637 3248 2687; x_wconf 79' lang='grc' dir='ltr'>οἱ</span> <span class='ocrx_word' id='word_1_772' title='bbox 3301 2632 3501 2700; x_wconf 72' lang='grc' dir='ltr'>ἔξωθεν</span> <span class='ocrx_word' id='word_1_773' title='bbox 3533 2629 3601 2683; x_wconf 83' lang='grc' dir='ltr'>τὰ</span> <span class='ocrx_word' id='word_1_774' title='bbox 3651 2628 3882 2682; x_wconf 82' lang='grc' dir='ltr'>ἐναντία</span> 
     </span>
    </p>
   </div>
   <div class='ocr_carea' id='block_1_95' title="bbox 2213 2716 3882 2793">
    <p class='ocr_par' dir='ltr' id='par_1_95' title="bbox 2213 2716 3882 2793">
     <span class='ocr_line' id='line_1_97' title="bbox 2213 2716 3882 2793; baseline -0.014 -4"><span class='ocrx_word' id='word_1_775' title='bbox 2213 2733 2576 2793; x_wconf 82' lang='grc' dir='ltr'>ἐπιτάττουσι,</span> <span class='ocrx_word' id='word_1_776' title='bbox 2618 2729 2711 2783; x_wconf 76' lang='grc' dir='ltr'>καὶ</span> <span class='ocrx_word' id='word_1_777' title='bbox 2755 2727 3061 2781; x_wconf 85' lang='grc' dir='ltr'>ἀκούονται.</span> <span class='ocrx_word' id='word_1_778' title='bbox 3121 2724 3193 2776; x_wconf 92' lang='grc' dir='ltr'>Οὐ</span> <span class='ocrx_word' id='word_1_779' title='bbox 3226 2722 3336 2793; x_wconf 84' lang='grc' dir='ltr'>γὰρ</span> <span class='ocrx_word' id='word_1_780' title='bbox 3372 2720 3479 2775; x_wconf 84' lang='grc' dir='ltr'>ἀπὸ</span> <span class='ocrx_word' id='word_1_781' title='bbox 3509 2719 3613 2771; x_wconf 88' lang='grc' dir='ltr'>τῶν</span> <span class='ocrx_word' id='word_1_782' title='bbox 3643 2716 3882 2770; x_wconf 83' lang='grc' dir='ltr'>ἐνόντων</span> 
     </span>
    </p>
   </div>
   <div class='ocr_carea' id='block_1_96' title="bbox 2214 2802 3883 2883">
    <p class='ocr_par' dir='ltr' id='par_1_96' title="bbox 2214 2802 3883 2883">
     <span class='ocr_line' id='line_1_98' title="bbox 2214 2802 3883 2883; baseline -0.011 -9"><span class='ocrx_word' id='word_1_783' title='bbox 2214 2818 2554 2883; x_wconf 86' lang='grc' dir='ltr'>ἀπαιτοῦσιν,</span> <span class='ocrx_word' id='word_1_784' title='bbox 2585 2814 2718 2870; x_wconf 86' lang='grc' dir='ltr'>ἀλλά</span> <span class='ocrx_word' id='word_1_785' title='bbox 2745 2815 3011 2883; x_wconf 87' lang='grc' dir='ltr'>λέγουσιν,</span> <span class='ocrx_word' id='word_1_786' title='bbox 3037 2814 3117 2866; x_wconf 88' lang='grc' dir='ltr'>ὃτι</span> <span class='ocrx_word' id='word_1_787' title='bbox 3145 2810 3362 2864; x_wconf 89' lang='grc' dir='ltr'>τοσόνδε</span> <span class='ocrx_word' id='word_1_788' title='bbox 3411 2807 3593 2860; x_wconf 87' lang='grc' dir='ltr'>δοῦναι</span> <span class='ocrx_word' id='word_1_789' title='bbox 3623 2805 3728 2857; x_wconf 86' lang='grc' dir='ltr'>δεῖ·</span> <span class='ocrx_word' id='word_1_790' title='bbox 3772 2802 3883 2856; x_wconf 73' lang='grc' dir='ltr'>κᾶν</span> 
     </span>
    </p>
   </div>
   <div class='ocr_carea' id='block_1_97' title="bbox 2215 2891 3882 2981">
    <p class='ocr_par' dir='ltr' id='par_1_97' title="bbox 2215 2891 3882 2981">
     <span class='ocr_line' id='line_1_99' title="bbox 2215 2891 3882 2981; baseline -0.011 -19"><span class='ocrx_word' id='word_1_791' title='bbox 2215 2907 2490 2981; x_wconf 84' lang='grc' dir='ltr'>προϐάλλῃ</span> <span class='ocrx_word' id='word_1_792' title='bbox 2523 2907 2730 2969; x_wconf 86' lang='grc' dir='ltr'>πενίαν,</span> <span class='ocrx_word' id='word_1_793' title='bbox 2764 2904 2884 2958; x_wconf 86' lang='grc' dir='ltr'>οὐδέ</span> <span class='ocrx_word' id='word_1_794' title='bbox 2907 2901 3078 2965; x_wconf 77' lang='grc' dir='ltr'>οὕτως</span> <span class='ocrx_word' id='word_1_795' title='bbox 3103 2901 3440 2969; x_wconf 84' lang='grc' dir='ltr'>ἀφίστανται.</span> <span class='ocrx_word' id='word_1_796' title='bbox 3480 2897 3536 2948; x_wconf 89' lang='lat'>&#39;0</span> <span class='ocrx_word' id='word_1_797' title='bbox 3559 2895 3615 2947; x_wconf 82' lang='grc' dir='ltr'>δὲ</span> <span class='ocrx_word' id='word_1_798' title='bbox 3641 2891 3882 2965; x_wconf 78' lang='grc' dir='ltr'>Χριστὸς</span> 
     </span>
    </p>
   </div>
   <div class='ocr_carea' id='block_1_98' title="bbox 2214 2979 3887 3069">
    <p class='ocr_par' dir='ltr' id='par_1_98' title="bbox 2214 2979 3887 3069">
     <span class='ocr_line' id='line_1_100' title="bbox 2214 2979 3887 3069; baseline -0.012 -17"><span class='ocrx_word' id='word_1_799' title='bbox 2214 2979 2312 3069; x_wconf 85' lang='grc' dir='ltr'>οὐχ</span> <span class='ocrx_word' id='word_1_800' title='bbox 2342 2997 2513 3059; x_wconf 70' lang='grc' dir='ltr'>οὕτως</span> <span class='ocrx_word' id='word_1_801' title='bbox 2535 3012 2548 3025; x_wconf 89' lang='grc'><strong>·</strong></span> <span class='ocrx_word' id='word_1_802' title='bbox 2571 2994 2705 3058; x_wconf 85' lang='grc' dir='ltr'>ἀλλ’,</span> <span class='ocrx_word' id='word_1_803' title='bbox 2742 2992 2856 3060; x_wconf 84' lang='grc' dir='ltr'>Ἀφ’</span> <span class='ocrx_word' id='word_1_804' title='bbox 2887 2983 2960 3044; x_wconf 79' lang='grc' dir='ltr'>ὧν</span> <span class='ocrx_word' id='word_1_805' title='bbox 2993 2991 3132 3060; x_wconf 74' lang='grc' dir='ltr'>ἔχεις</span> <span class='ocrx_word' id='word_1_806' title='bbox 3165 2989 3271 3051; x_wconf 88' lang='grc' dir='ltr'>δὸς,</span> <span class='ocrx_word' id='word_1_807' title='bbox 3306 2986 3401 3039; x_wconf 70' lang='grc' dir='ltr'>καὶ</span> <span class='ocrx_word' id='word_1_808' title='bbox 3431 2985 3508 3047; x_wconf 86' lang='grc' dir='ltr'>είς</span> <span class='ocrx_word' id='word_1_809' title='bbox 3529 2983 3626 3053; x_wconf 82' lang='grc' dir='ltr'>τὴν</span> <span class='ocrx_word' id='word_1_810' title='bbox 3653 2979 3887 3052; x_wconf 80' lang='grc' dir='ltr'>πρώτην</span> 
     </span>
    </p>
   </div>
   <div class='ocr_carea' id='block_1_99' title="bbox 2217 3068 3881 3146">
    <p class='ocr_par' dir='ltr' id='par_1_99' title="bbox 2217 3068 3881 3146">
     <span class='ocr_line' id='line_1_101' title="bbox 2217 3068 3881 3146; baseline -0.012 -8"><span class='ocrx_word' id='word_1_811' title='bbox 2217 3068 2585 3146; x_wconf 83' lang='grc' dir='ltr'>σεκαταλέξω</span> <span class='ocrx_word' id='word_1_812' title='bbox 2628 3081 2802 3145; x_wconf 85' lang='grc' dir='ltr'>τάξιν.</span> <span class='ocrx_word' id='word_1_813' title='bbox 2865 3078 3032 3132; x_wconf 87' lang='grc' dir='ltr'>Πάλιν</span> <span class='ocrx_word' id='word_1_814' title='bbox 3081 3078 3299 3137; x_wconf 85' lang='grc' dir='ltr'>ἐκεῖνοι,</span> <span class='ocrx_word' id='word_1_815' title='bbox 3341 3074 3403 3126; x_wconf 79' lang='grc' dir='ltr'>ΕΞ</span> <span class='ocrx_word' id='word_1_816' title='bbox 3451 3069 3650 3141; x_wconf 85' lang='grc' dir='ltr'>βούλει,</span> <span class='ocrx_word' id='word_1_817' title='bbox 3688 3068 3881 3138; x_wconf 72' lang='grc' dir='ltr'>φησὶν,</span> 
     </span>
    </p>
   </div>
   <div class='ocr_carea' id='block_1_100' title="bbox 2217 3154 3888 3242">
    <p class='ocr_par' dir='ltr' id='par_1_100' title="bbox 2217 3154 3888 3242">
     <span class='ocr_line' id='line_1_102' title="bbox 2217 3154 3888 3242; baseline -0.014 -15"><span class='ocrx_word' id='word_1_818' title='bbox 2217 3173 2539 3242; x_wconf 86' lang='grc' dir='ltr'>εὐδοκιμεῖν,</span> <span class='ocrx_word' id='word_1_819' title='bbox 2573 3168 2836 3223; x_wconf 86' lang='grc' dir='ltr'>κατάλιπε</span> <span class='ocrx_word' id='word_1_820' title='bbox 2883 3163 3110 3236; x_wconf 82' lang='grc' dir='ltr'>πατέρα,</span> <span class='ocrx_word' id='word_1_821' title='bbox 3141 3162 3371 3234; x_wconf 88' lang='grc' dir='ltr'>μητέρα,</span> <span class='ocrx_word' id='word_1_822' title='bbox 3399 3159 3694 3226; x_wconf 85' lang='grc' dir='ltr'>συγγενεῖς,</span> <span class='ocrx_word' id='word_1_823' title='bbox 3717 3154 3888 3207; x_wconf 75' lang='grc' dir='ltr'>οἰκεί-</span> 
     </span>
    </p>
   </div>
   <div class='ocr_carea' id='block_1_101' title="bbox 2217 3241 3888 3329">
    <p class='ocr_par' dir='ltr' id='par_1_101' title="bbox 2217 3241 3888 3329">
     <span class='ocr_line' id='line_1_103' title="bbox 2217 3241 3888 3329; baseline -0.014 -14"><span class='ocrx_word' id='word_1_824' title='bbox 2217 3279 2332 3326; x_wconf 91' lang='grc' dir='ltr'>ους,</span> <span class='ocrx_word' id='word_1_825' title='bbox 2367 3260 2463 3314; x_wconf 72' lang='grc' dir='ltr'>καὶ</span> <span class='ocrx_word' id='word_1_826' title='bbox 2485 3256 2810 3329; x_wconf 86' lang='grc' dir='ltr'>προσέδρευε</span> <span class='ocrx_word' id='word_1_827' title='bbox 2833 3257 2946 3317; x_wconf 87' lang='grc' dir='ltr'>τοῖς</span> <span class='ocrx_word' id='word_1_828' title='bbox 2976 3251 3283 3322; x_wconf 82' lang='grc' dir='ltr'>βασιλείοις,</span> <span class='ocrx_word' id='word_1_829' title='bbox 3320 3245 3671 3314; x_wconf 88' lang='grc' dir='ltr'>κοπτόμενος,</span> <span class='ocrx_word' id='word_1_830' title='bbox 3697 3241 3888 3294; x_wconf 88' lang='grc' dir='ltr'>ταλαι-</span> 
     </span>
    </p>
   </div>
   <div class='ocr_carea' id='block_1_102' title="bbox 2220 3329 3882 3421">
    <p class='ocr_par' dir='ltr' id='par_1_102' title="bbox 2220 3329 3882 3421">
     <span class='ocr_line' id='line_1_104' title="bbox 2220 3329 3882 3421; baseline -0.014 -17"><span class='ocrx_word' id='word_1_831' title='bbox 2220 3348 2589 3421; x_wconf 89' lang='grc' dir='ltr'>πωρούμενος,</span> <span class='ocrx_word' id='word_1_832' title='bbox 2612 3343 2894 3408; x_wconf 88' lang='grc' dir='ltr'>δουλεύων,</span> <span class='ocrx_word' id='word_1_833' title='bbox 2923 3338 3226 3410; x_wconf 82' lang='grc' dir='ltr'>σπώμενος,</span> <span class='ocrx_word' id='word_1_834' title='bbox 3257 3335 3424 3406; x_wconf 87' lang='grc' dir='ltr'>μυρία</span> <span class='ocrx_word' id='word_1_835' title='bbox 3447 3334 3668 3402; x_wconf 86' lang='grc' dir='ltr'>πάσχων</span> <span class='ocrx_word' id='word_1_836' title='bbox 3699 3329 3882 3383; x_wconf 83' lang='grc' dir='ltr'>κακά·</span> 
     </span>
    </p>
   </div>
   <div class='ocr_carea' id='block_1_103' title="bbox 2220 3418 3890 3508">
    <p class='ocr_par' dir='ltr' id='par_1_103' title="bbox 2220 3418 3890 3508">
     <span class='ocr_line' id='line_1_105' title="bbox 2220 3418 3890 3508; baseline -0.013 -16"><span class='ocrx_word' id='word_1_837' title='bbox 2220 3440 2250 3492; x_wconf 87' lang='grc' dir='ltr'>ὁ</span> <span class='ocrx_word' id='word_1_838' title='bbox 2281 3418 2337 3492; x_wconf 82' lang='grc' dir='ltr'>δέ</span> <span class='ocrx_word' id='word_1_839' title='bbox 2356 3435 2587 3508; x_wconf 84' lang='grc' dir='ltr'>Χριστὸς</span> <span class='ocrx_word' id='word_1_840' title='bbox 2608 3434 2706 3503; x_wconf 92' lang='grc' dir='ltr'>οὐχ</span> <span class='ocrx_word' id='word_1_841' title='bbox 2732 3431 2922 3494; x_wconf 77' lang='grc' dir='ltr'>οὕτως,</span> <span class='ocrx_word' id='word_1_842' title='bbox 2941 3428 3075 3492; x_wconf 76' lang='grc' dir='ltr'>ἀλλ’,</span> <span class='ocrx_word' id='word_1_843' title='bbox 3096 3428 3228 3479; x_wconf 83' lang='grc' dir='ltr'>Ἐσο</span> <span class='ocrx_word' id='word_1_844' title='bbox 3251 3429 3308 3478; x_wconf 84' lang='grc' dir='ltr'>ἐν</span> <span class='ocrx_word' id='word_1_845' title='bbox 3330 3427 3397 3495; x_wconf 82' lang='grc' dir='ltr'>τῇ</span> <span class='ocrx_word' id='word_1_846' title='bbox 3430 3423 3575 3492; x_wconf 85' lang='grc' dir='ltr'>οἰκίᾳ</span> <span class='ocrx_word' id='word_1_847' title='bbox 3613 3419 3750 3491; x_wconf 86' lang='grc' dir='ltr'>μετά</span> <span class='ocrx_word' id='word_1_848' title='bbox 3785 3418 3890 3488; x_wconf 79' lang='grc' dir='ltr'>τῆς</span> 
     </span>
    </p>
   </div>
   <div class='ocr_carea' id='block_1_104' title="bbox 2221 3507 3890 3596">
    <p class='ocr_par' dir='ltr' id='par_1_104' title="bbox 2221 3507 3890 3596">
     <span class='ocr_line' id='line_1_106' title="bbox 2221 3507 3890 3596; baseline -0.011 -18"><span class='ocrx_word' id='word_1_849' title='bbox 2221 3525 2497 3596; x_wconf 87' lang='grc' dir='ltr'>γυναικὸς,</span> <span class='ocrx_word' id='word_1_850' title='bbox 2534 3522 2670 3592; x_wconf 86' lang='grc' dir='ltr'>μετά</span> <span class='ocrx_word' id='word_1_851' title='bbox 2707 3521 2812 3574; x_wconf 88' lang='grc' dir='ltr'>τῶν</span> <span class='ocrx_word' id='word_1_852' title='bbox 2844 3518 3065 3580; x_wconf 88' lang='grc' dir='ltr'>παίδων,</span> <span class='ocrx_word' id='word_1_853' title='bbox 3087 3515 3179 3568; x_wconf 76' lang='grc' dir='ltr'>καὶ</span> <span class='ocrx_word' id='word_1_854' title='bbox 3211 3513 3349 3566; x_wconf 85' lang='grc' dir='ltr'>αὐτὰ</span> <span class='ocrx_word' id='word_1_855' title='bbox 3379 3511 3546 3565; x_wconf 90' lang='grc' dir='ltr'>ταῦτα</span> <span class='ocrx_word' id='word_1_856' title='bbox 3592 3507 3890 3561; x_wconf 84' lang='grc' dir='ltr'>διάπλαττε</span> 
     </span>
    </p>
   </div>
   <div class='ocr_carea' id='block_1_105' title="bbox 2223 3595 3888 3684">
    <p class='ocr_par' dir='ltr' id='par_1_105' title="bbox 2223 3595 3888 3684">
     <span class='ocr_line' id='line_1_107' title="bbox 2223 3595 3888 3684; baseline -0.014 -15"><span class='ocrx_word' id='word_1_857' title='bbox 2223 3595 2316 3670; x_wconf 73' lang='grc' dir='ltr'>καὶ</span> <span class='ocrx_word' id='word_1_858' title='bbox 2349 3612 2594 3684; x_wconf 76' lang='grc' dir='ltr'>ῥύθμιζε,</span> <span class='ocrx_word' id='word_1_859' title='bbox 2641 3610 2729 3663; x_wconf 89' lang='grc' dir='ltr'>τὸν</span> <span class='ocrx_word' id='word_1_860' title='bbox 2761 3607 3087 3678; x_wconf 87' lang='grc' dir='ltr'>ἀπράγμονα</span> <span class='ocrx_word' id='word_1_861' title='bbox 3125 3603 3237 3672; x_wconf 79' lang='grc' dir='ltr'>βίον</span> <span class='ocrx_word' id='word_1_862' title='bbox 3263 3603 3361 3671; x_wconf 81' lang='grc' dir='ltr'>ζῇν</span> <span class='ocrx_word' id='word_1_863' title='bbox 3393 3611 3416 3638; x_wconf 84' lang='grc' dir='ltr'><strong>ο</strong></span> <span class='ocrx_word' id='word_1_864' title='bbox 3454 3599 3548 3652; x_wconf 71' lang='grc' dir='ltr'>καὶ</span> <span class='ocrx_word' id='word_1_865' title='bbox 3578 3595 3888 3650; x_wconf 83' lang='grc' dir='ltr'>ἀκίνδυνον.</span> 
     </span>
    </p>
   </div>
   <div class='ocr_carea' id='block_1_106' title="bbox 2223 3682 3890 3773">
    <p class='ocr_par' dir='ltr' id='par_1_106' title="bbox 2223 3682 3890 3773">
     <span class='ocr_line' id='line_1_108' title="bbox 2223 3682 3890 3773; baseline -0.016 -14"><span class='ocrx_word' id='word_1_866' title='bbox 2223 3682 2562 3773; x_wconf 40' lang='grc' dir='ltr'>Ναὶ,-φησὶν,</span> <span class='ocrx_word' id='word_1_867' title='bbox 2599 3699 2713 3753; x_wconf 83' lang='grc' dir='ltr'>ἀλλ’</span> <span class='ocrx_word' id='word_1_868' title='bbox 2740 3698 2943 3758; x_wconf 85' lang='grc' dir='ltr'>ἐκεῖνος</span> <span class='ocrx_word' id='word_1_869' title='bbox 2975 3694 3232 3764; x_wconf 84' lang='grc' dir='ltr'>χρήματα</span> <span class='ocrx_word' id='word_1_870' title='bbox 3291 3685 3702 3755; x_wconf 85' lang='grc' dir='ltr'>ἐπαγγέλλεται.</span> <span class='ocrx_word' id='word_1_871' title='bbox 3741 3682 3890 3736; x_wconf 78' lang='grc' dir='ltr'>Ἀλλ’</span> 
     </span>
    </p>
   </div>
   <div class='ocr_carea' id='block_1_107' title="bbox 2223 3772 3890 3860">
    <p class='ocr_par' dir='ltr' id='par_1_107' title="bbox 2223 3772 3890 3860">
     <span class='ocr_line' id='line_1_109' title="bbox 2223 3772 3890 3860; baseline -0.014 -14"><span class='ocrx_word' id='word_1_872' title='bbox 2223 3789 2377 3854; x_wconf 73' lang='grc' dir='ltr'>οὗτος</span> <span class='ocrx_word' id='word_1_873' title='bbox 2408 3787 2700 3860; x_wconf 84' lang='grc' dir='ltr'>βασιλείαν,</span> <span class='ocrx_word' id='word_1_874' title='bbox 2733 3783 2928 3854; x_wconf 82' lang='grc' dir='ltr'>μᾶλλον</span> <span class='ocrx_word' id='word_1_875' title='bbox 2971 3781 3026 3833; x_wconf 80' lang='grc' dir='ltr'>δὲ</span> <span class='ocrx_word' id='word_1_876' title='bbox 3053 3779 3147 3832; x_wconf 70' lang='grc' dir='ltr'>καὶ</span> <span class='ocrx_word' id='word_1_877' title='bbox 3178 3779 3435 3849; x_wconf 79' lang='grc' dir='ltr'>χρήματα</span> <span class='ocrx_word' id='word_1_878' title='bbox 3475 3774 3612 3845; x_wconf 87' lang='grc' dir='ltr'>μετά</span> <span class='ocrx_word' id='word_1_879' title='bbox 3637 3772 3845 3840; x_wconf 76' lang='grc' dir='ltr'>ταύτης</span> <span class='ocrx_word' id='word_1_880' title='bbox 3873 3788 3890 3804; x_wconf 79' lang='grc' dir='ltr'><strong>ο</strong></span> 
     </span>
    </p>
   </div>
   <div class='ocr_carea' id='block_1_108' title="bbox 2224 3859 3886 3947">
    <p class='ocr_par' dir='ltr' id='par_1_108' title="bbox 2224 3859 3886 3947">
     <span class='ocr_line' id='line_1_110' title="bbox 2224 3859 3886 3947; baseline -0.015 -13"><span class='ocrx_word' id='word_1_881' title='bbox 2224 3877 2464 3947; x_wconf 84' lang='grc' dir='ltr'>Ζητεῖτε</span> <span class='ocrx_word' id='word_1_882' title='bbox 2514 3875 2642 3945; x_wconf 81' lang='grc' dir='ltr'>γάρ,</span> <span class='ocrx_word' id='word_1_883' title='bbox 2684 3871 2837 3941; x_wconf 75' lang='grc' dir='ltr'>φησὶ,</span> <span class='ocrx_word' id='word_1_884' title='bbox 2898 3869 3012 3936; x_wconf 79' lang='grc' dir='ltr'>τὴν</span> <span class='ocrx_word' id='word_1_885' title='bbox 3071 3865 3396 3932; x_wconf 72' lang='grc' dir='ltr'>βασιλείαν</span> <span class='ocrx_word' id='word_1_886' title='bbox 3428 3862 3546 3915; x_wconf 85' lang='grc' dir='ltr'>τῶν</span> <span class='ocrx_word' id='word_1_887' title='bbox 3589 3859 3886 3927; x_wconf 66' lang='grc' dir='ltr'>σίφανῶν,</span> 
     </span>
    </p>
   </div>
   <div class='ocr_carea' id='block_1_109' title="bbox 2226 3950 3888 4026">
    <p class='ocr_par' dir='ltr' id='par_1_109' title="bbox 2226 3950 3888 4026">
     <span class='ocr_line' id='line_1_111' title="bbox 2226 3950 3888 4026; baseline -0.015 -3"><span class='ocrx_word' id='word_1_888' title='bbox 2226 3966 2537 4025; x_wconf 77' lang='grc' dir='ltr'>καὶταῦτα</span> <span class='ocrx_word' id='word_1_889' title='bbox 2587 3962 2782 4016; x_wconf 80' lang='grc' dir='ltr'>πάντα</span> <span class='ocrx_word' id='word_1_890' title='bbox 2823 3955 3293 4026; x_wconf 75' lang='grc' dir='ltr'>προστεθήσεται</span> <span class='ocrx_word' id='word_1_891' title='bbox 3325 3951 3484 4021; x_wconf 81' lang='grc' dir='ltr'>ὑμῖν.</span> <span class='ocrx_word' id='word_1_892' title='bbox 3526 3950 3635 4004; x_wconf 83' lang='grc' dir='ltr'>Καὶ</span> <span class='ocrx_word' id='word_1_893' title='bbox 3677 3950 3888 4010; x_wconf 80' lang='grc' dir='ltr'>ἐκεῖνος</span> 
     </span>
    </p>
   </div>
   <div class='ocr_carea' id='block_1_110' title="bbox 2231 4035 3887 4126">
    <p class='ocr_par' dir='ltr' id='par_1_110' title="bbox 2231 4035 3887 4126">
     <span class='ocr_line' id='line_1_112' title="bbox 2231 4035 3887 4126; baseline -0.014 -18"><span class='ocrx_word' id='word_1_894' title='bbox 2231 4056 2330 4126; x_wconf 82' lang='grc' dir='ltr'>μὲν</span> <span class='ocrx_word' id='word_1_895' title='bbox 2382 4052 2504 4106; x_wconf 88' lang='grc' dir='ltr'>οὐδέ</span> <span class='ocrx_word' id='word_1_896' title='bbox 2554 4053 2612 4102; x_wconf 85' lang='grc' dir='ltr'>ὲν</span> <span class='ocrx_word' id='word_1_897' title='bbox 2649 4047 2964 4118; x_wconf 84' lang='grc' dir='ltr'>προσθήκης</span> <span class='ocrx_word' id='word_1_898' title='bbox 3001 4043 3178 4115; x_wconf 83' lang='grc' dir='ltr'>μέρει,</span> <span class='ocrx_word' id='word_1_899' title='bbox 3215 4035 3368 4102; x_wconf 71' lang='grc' dir='ltr'>οὗτος</span> <span class='ocrx_word' id='word_1_900' title='bbox 3397 4039 3455 4091; x_wconf 85' lang='grc' dir='ltr'>δὲ</span> <span class='ocrx_word' id='word_1_901' title='bbox 3489 4038 3580 4090; x_wconf 71' lang='grc' dir='ltr'>καὶ</span> <span class='ocrx_word' id='word_1_902' title='bbox 3619 4052 3887 4106; x_wconf 81' lang='grc' dir='ltr'>προηγου-</span> 
     </span>
    </p>
   </div>
   <div class='ocr_carea' id='block_1_111' title="bbox 2232 4121 3887 4213">
    <p class='ocr_par' dir='ltr' id='par_1_111' title="bbox 2232 4121 3887 4213">
     <span class='ocr_line' id='line_1_113' title="bbox 2232 4121 3887 4213; baseline -0.015 -17"><span class='ocrx_word' id='word_1_903' title='bbox 2232 4121 2428 4213; x_wconf 75' lang='grc' dir='ltr'>μένως.</span> <span class='ocrx_word' id='word_1_904' title='bbox 2462 4136 2756 4204; x_wconf 84' lang='grc' dir='ltr'>Νεώτερος</span> <span class='ocrx_word' id='word_1_905' title='bbox 2783 4133 3093 4201; x_wconf 72' lang='grc' dir='ltr'>ἐγενόμην,</span> <span class='ocrx_word' id='word_1_906' title='bbox 3127 4127 3257 4198; x_wconf 88' lang='grc' dir='ltr'>φησί</span> <span class='ocrx_word' id='word_1_907' title='bbox 3281 4143 3296 4158; x_wconf 77' lang='grc' dir='ltr'><strong><em>ο</em></strong></span> <span class='ocrx_word' id='word_1_908' title='bbox 3336 4125 3432 4179; x_wconf 81' lang='grc' dir='ltr'>καὶ</span> <span class='ocrx_word' id='word_1_909' title='bbox 3463 4125 3570 4194; x_wconf 77' lang='grc' dir='ltr'>γὰρ</span> <span class='ocrx_word' id='word_1_910' title='bbox 3597 4121 3887 4192; x_wconf 62' lang='grc' dir='ltr'>ὲγῆρασιιο</span> 
     </span>
    </p>
   </div>
   <div class='ocr_carea' id='block_1_112' title="bbox 2229 4211 3895 4288">
    <p class='ocr_par' dir='ltr' id='par_1_112' title="bbox 2229 4211 3895 4288">
     <span class='ocr_line' id='line_1_114' title="bbox 2229 4211 3895 4288; baseline -0.013 -4"><span class='ocrx_word' id='word_1_911' title='bbox 2229 4211 2329 4284; x_wconf 73' lang='grc' dir='ltr'>καὶ</span> <span class='ocrx_word' id='word_1_912' title='bbox 2393 4229 2504 4283; x_wconf 82' lang='grc' dir='ltr'>οὐκ</span> <span class='ocrx_word' id='word_1_913' title='bbox 2553 4221 2716 4279; x_wconf 81' lang='grc' dir='ltr'>εἶδον</span> <span class='ocrx_word' id='word_1_914' title='bbox 2761 4223 2994 4275; x_wconf 82' lang='grc' dir='ltr'>δίκαιον</span> <span class='ocrx_word' id='word_1_915' title='bbox 3056 4213 3685 4288; x_wconf 70' lang='grc' dir='ltr'>ἐγκαταλελειμμένον,</span> <span class='ocrx_word' id='word_1_916' title='bbox 3749 4211 3895 4265; x_wconf 69' lang='grc' dir='ltr'>οὐδὲ</span> 
     </span>
    </p>
   </div>
   <div class='ocr_carea' id='block_1_113' title="bbox 2229 4300 3895 4383">
    <p class='ocr_par' dir='ltr' id='par_1_113' title="bbox 2229 4300 3895 4383">
     <span class='ocr_line' id='line_1_115' title="bbox 2229 4300 3895 4383; baseline -0.013 -11"><span class='ocrx_word' id='word_1_917' title='bbox 2229 4319 2298 4372; x_wconf 85' lang='grc' dir='ltr'>τὸ</span> <span class='ocrx_word' id='word_1_918' title='bbox 2324 4316 2561 4383; x_wconf 61' lang='grc' dir='ltr'>σπέρμα</span> <span class='ocrx_word' id='word_1_919' title='bbox 2588 4311 2772 4366; x_wconf 81' lang='grc' dir='ltr'>αὑτοῦ</span> <span class='ocrx_word' id='word_1_920' title='bbox 2821 4306 3030 4378; x_wconf 82' lang='grc' dir='ltr'>ζητοῦν</span> <span class='ocrx_word' id='word_1_921' title='bbox 3071 4307 3307 4374; x_wconf 81' lang='grc' dir='ltr'>ἄρτους.</span> <span class='ocrx_word' id='word_1_922' title='bbox 3348 4301 3662 4375; x_wconf 80' lang='grc' dir='ltr'>Ἀρξώμεθα</span> <span class='ocrx_word' id='word_1_923' title='bbox 3689 4300 3895 4360; x_wconf 72' lang='grc' dir='ltr'>τοίνυν,</span> 
     </span>
    </p>
   </div>
   <div class='ocr_carea' id='block_1_114' title="bbox 2230 4388 3899 4477">
    <p class='ocr_par' dir='ltr' id='par_1_114' title="bbox 2230 4388 3899 4477">
     <span class='ocr_line' id='line_1_116' title="bbox 2230 4388 3899 4477; baseline -0.014 -18"><span class='ocrx_word' id='word_1_924' title='bbox 2230 4407 2331 4477; x_wconf 75' lang='grc' dir='ltr'>τῆς</span> <span class='ocrx_word' id='word_1_925' title='bbox 2387 4403 2586 4476; x_wconf 81' lang='grc' dir='ltr'>ἀρετῆς</span> <span class='ocrx_word' id='word_1_926' title='bbox 2619 4399 2798 4470; x_wconf 89' lang='grc' dir='ltr'>θῶμεν</span> <span class='ocrx_word' id='word_1_927' title='bbox 2857 4393 3223 4470; x_wconf 85' lang='grc' dir='ltr'>προοίμιονά·</span> <span class='ocrx_word' id='word_1_928' title='bbox 3288 4389 3671 4459; x_wconf 70' lang='grc' dir='ltr'>ἐπιλαθώμεθα</span> <span class='ocrx_word' id='word_1_929' title='bbox 3723 4388 3899 4456; x_wconf 75' lang='grc' dir='ltr'>αὐτῆς</span> 
     </span>
    </p>
   </div>
   <div class='ocr_carea' id='block_1_115' title="bbox 2236 4477 3900 4568">
    <p class='ocr_par' dir='ltr' id='par_1_115' title="bbox 2236 4477 3900 4568">
     <span class='ocr_line' id='line_1_117' title="bbox 2236 4477 3900 4568; baseline -0.013 -21"><span class='ocrx_word' id='word_1_930' title='bbox 2236 4495 2414 4568; x_wconf 86' lang='grc' dir='ltr'>μόνον,</span> <span class='ocrx_word' id='word_1_931' title='bbox 2466 4491 2559 4544; x_wconf 76' lang='grc' dir='ltr'>καὶ</span> <span class='ocrx_word' id='word_1_932' title='bbox 2613 4488 2733 4558; x_wconf 64' lang='grc' dir='ltr'>δψει</span> <span class='ocrx_word' id='word_1_933' title='bbox 2793 4479 2882 4539; x_wconf 78' lang='grc' dir='ltr'>οἶα</span> <span class='ocrx_word' id='word_1_934' title='bbox 2940 4483 3010 4536; x_wconf 83' lang='grc' dir='ltr'>τά</span> <span class='ocrx_word' id='word_1_935' title='bbox 3072 4480 3268 4551; x_wconf 87' lang='grc' dir='ltr'>ἀγαθά.</span> <span class='ocrx_word' id='word_1_936' title='bbox 3337 4478 3427 4548; x_wconf 82' lang='grc' dir='ltr'>Μὴ</span> <span class='ocrx_word' id='word_1_937' title='bbox 3486 4477 3596 4546; x_wconf 75' lang='grc' dir='ltr'>γὰρ</span> <span class='ocrx_word' id='word_1_938' title='bbox 3661 4477 3900 4544; x_wconf 82' lang='grc' dir='ltr'>ἀπονητὶ</span> 
     </span>
    </p>
   </div>
   <div class='ocr_carea' id='block_1_116' title="bbox 2235 4563 3896 4648">
    <p class='ocr_par' dir='ltr' id='par_1_116' title="bbox 2235 4563 3896 4648">
     <span class='ocr_line' id='line_1_118' title="bbox 2235 4563 3896 4648; baseline -0.014 -12"><span class='ocrx_word' id='word_1_939' title='bbox 2235 4583 2416 4636; x_wconf 86' lang='grc' dir='ltr'>ἐκεῖνα</span> <span class='ocrx_word' id='word_1_940' title='bbox 2465 4575 2768 4648; x_wconf 86' lang='grc' dir='ltr'>κατορθοῖς,</span> <span class='ocrx_word' id='word_1_941' title='bbox 2820 4573 2900 4625; x_wconf 82' lang='grc' dir='ltr'>ὅτι</span> <span class='ocrx_word' id='word_1_942' title='bbox 2948 4569 3083 4641; x_wconf 89' lang='grc' dir='ltr'>πρὸς</span> <span class='ocrx_word' id='word_1_943' title='bbox 3129 4569 3302 4621; x_wconf 87' lang='grc' dir='ltr'>ταῦτα</span> <span class='ocrx_word' id='word_1_944' title='bbox 3361 4565 3670 4636; x_wconf 84' lang='grc' dir='ltr'>μαλακίζῃ;</span> <span class='ocrx_word' id='word_1_945' title='bbox 3746 4563 3896 4625; x_wconf 72' lang='grc' dir='ltr'>Ναὶ,</span> 
     </span>
    </p>
   </div>
   <div class='ocr_carea' id='block_1_117' title="bbox 2236 4652 3895 4741">
    <p class='ocr_par' dir='ltr' id='par_1_117' title="bbox 2236 4652 3895 4741">
     <span class='ocr_line' id='line_1_119' title="bbox 2236 4652 3895 4741; baseline -0.014 -18"><span class='ocrx_word' id='word_1_946' title='bbox 2236 4669 2420 4741; x_wconf 63' lang='grc' dir='ltr'>φησιν,</span> <span class='ocrx_word' id='word_1_947' title='bbox 2452 4668 2634 4719; x_wconf 83' lang='grc' dir='ltr'>ἐκεῖνα</span> <span class='ocrx_word' id='word_1_948' title='bbox 2671 4661 2921 4730; x_wconf 71' lang='grc' dir='ltr'>ἀπονητὶ,</span> <span class='ocrx_word' id='word_1_949' title='bbox 2959 4657 3134 4711; x_wconf 87' lang='grc' dir='ltr'>ταῦτα</span> <span class='ocrx_word' id='word_1_950' title='bbox 3164 4656 3220 4708; x_wconf 83' lang='grc' dir='ltr'>δὲ</span> <span class='ocrx_word' id='word_1_951' title='bbox 3257 4654 3392 4725; x_wconf 85' lang='grc' dir='ltr'>μετά</span> <span class='ocrx_word' id='word_1_952' title='bbox 3420 4654 3604 4706; x_wconf 89' lang='grc' dir='ltr'>πόνου.</span> <span class='ocrx_word' id='word_1_953' title='bbox 3641 4652 3856 4716; x_wconf 76' lang='grc' dir='ltr'>’Ἄπαγε</span> <span class='ocrx_word' id='word_1_954' title='bbox 3881 4667 3895 4680; x_wconf 73' lang='grc' dir='ltr'><strong>ο</strong></span> 
     </span>
    </p>
   </div>
   <div class='ocr_carea' id='block_1_118' title="bbox 2236 4738 3899 4809">
    <p class='ocr_par' dir='ltr' id='par_1_118' title="bbox 2236 4738 3899 4809">
     <span class='ocr_line' id='line_1_120' title="bbox 2236 4738 3899 4809; baseline -0.012 0"><span class='ocrx_word' id='word_1_955' title='bbox 2236 4738 2336 4809; x_wconf 79' lang='grc' dir='ltr'>οὐκ</span> <span class='ocrx_word' id='word_1_956' title='bbox 2396 4753 2510 4806; x_wconf 82' lang='grc' dir='ltr'>ἐστι</span> <span class='ocrx_word' id='word_1_957' title='bbox 2561 4749 2728 4808; x_wconf 87' lang='grc' dir='ltr'>τοῦτο.</span> <span class='ocrx_word' id='word_1_958' title='bbox 2767 4749 2866 4800; x_wconf 85' lang='grc' dir='ltr'>οὐκ</span> <span class='ocrx_word' id='word_1_959' title='bbox 2911 4746 3096 4798; x_wconf 76' lang='grc' dir='ltr'>ἐστιν’</span> <span class='ocrx_word' id='word_1_960' title='bbox 3151 4742 3265 4796; x_wconf 79' lang='grc' dir='ltr'>ἀλλ’</span> <span class='ocrx_word' id='word_1_961' title='bbox 3318 4743 3370 4794; x_wconf 83' lang='grc' dir='ltr'>εἴ</span> <span class='ocrx_word' id='word_1_962' title='bbox 3423 4758 3478 4794; x_wconf 89' lang='grc' dir='ltr'>τι</span> <span class='ocrx_word' id='word_1_963' title='bbox 3528 4741 3611 4793; x_wconf 87' lang='grc' dir='ltr'>δεῖ</span> <span class='ocrx_word' id='word_1_964' title='bbox 3667 4738 3899 4808; x_wconf 79' lang='grc' dir='ltr'>τάληθὲς</span> 
     </span>
    </p>
   </div>
   <div class='ocr_carea' id='block_1_119' title="bbox 2237 4828 3899 4906">
    <p class='ocr_par' dir='ltr' id='par_1_119' title="bbox 2237 4828 3899 4906">
     <span class='ocr_line' id='line_1_121' title="bbox 2237 4828 3899 4906; baseline -0.011 -10"><span class='ocrx_word' id='word_1_965' title='bbox 2237 4845 2431 4906; x_wconf 87' lang='grc' dir='ltr'>είπεῖν,</span> <span class='ocrx_word' id='word_1_966' title='bbox 2494 4841 2678 4892; x_wconf 84' lang='grc' dir='ltr'>ἐκεῖνα</span> <span class='ocrx_word' id='word_1_967' title='bbox 2731 4835 2928 4906; x_wconf 78' lang='grc' dir='ltr'>μᾶλλον</span> <span class='ocrx_word' id='word_1_968' title='bbox 2977 4832 3158 4895; x_wconf 89' lang='grc' dir='ltr'>πόνοις</span> <span class='ocrx_word' id='word_1_969' title='bbox 3206 4829 3560 4892; x_wconf 84' lang='grc' dir='ltr'>συνέζευκται</span> <span class='ocrx_word' id='word_1_970' title='bbox 3613 4828 3705 4879; x_wconf 71' lang='grc' dir='ltr'>καὶ</span> <span class='ocrx_word' id='word_1_971' title='bbox 3760 4828 3899 4896; x_wconf 70' lang='grc' dir='ltr'>μετὰ</span> 
     </span>
    </p>
   </div>
   <div class='ocr_carea' id='block_1_120' title="bbox 2238 4914 3898 4994">
    <p class='ocr_par' dir='ltr' id='par_1_120' title="bbox 2238 4914 3898 4994">
     <span class='ocr_line' id='line_1_122' title="bbox 2238 4914 3898 4994; baseline -0.011 -10"><span class='ocrx_word' id='word_1_972' title='bbox 2238 4932 2400 4984; x_wconf 87' lang='grc' dir='ltr'>πόνου</span> <span class='ocrx_word' id='word_1_973' title='bbox 2453 4927 2688 4990; x_wconf 82' lang='grc' dir='ltr'>πλείονος</span> <span class='ocrx_word' id='word_1_974' title='bbox 2737 4921 3114 4994; x_wconf 86' lang='grc' dir='ltr'>κατορθοῦται,</span> <span class='ocrx_word' id='word_1_975' title='bbox 3165 4918 3338 4973; x_wconf 81' lang='grc' dir='ltr'>ταῦτα</span> <span class='ocrx_word' id='word_1_976' title='bbox 3373 4917 3450 4981; x_wconf 84' lang='grc' dir='ltr'>δὲ,</span> <span class='ocrx_word' id='word_1_977' title='bbox 3488 4914 3554 4968; x_wconf 78' lang='grc' dir='ltr'>ἂν</span> <span class='ocrx_word' id='word_1_978' title='bbox 3601 4914 3898 4984; x_wconf 83' lang='grc' dir='ltr'>ἐθέλωμεν,</span> 
     </span>
    </p>
   </div>
   <div class='ocr_carea' id='block_1_121' title="bbox 2240 5019 2457 5092">
    <p class='ocr_par' dir='ltr' id='par_1_121' title="bbox 2240 5019 2457 5092">
     <span class='ocr_line' id='line_1_123' title="bbox 2240 5019 2457 5092; baseline 0 -20"><span class='ocrx_word' id='word_1_979' title='bbox 2240 5019 2457 5092; x_wconf 73' lang='grc' dir='ltr'>ῥᾳδίως.</span> 
     </span>
    </p>
   </div>
   <div class='ocr_carea' id='block_1_122' title="bbox 2307 5093 3902 5177">
    <p class='ocr_par' dir='ltr' id='par_1_122' title="bbox 2307 5093 3902 5177">
     <span class='ocr_line' id='line_1_124' title="bbox 2307 5093 3902 5177; baseline -0.012 -17"><span class='ocrx_word' id='word_1_980' title='bbox 2307 5107 2399 5176; x_wconf 82' lang='grc' dir='ltr'>Μὴ</span> <span class='ocrx_word' id='word_1_981' title='bbox 2429 5106 2492 5177; x_wconf 82' lang='grc' dir='ltr'>δὴ</span> <span class='ocrx_word' id='word_1_982' title='bbox 2536 5101 2900 5173; x_wconf 80' lang='grc' dir='ltr'>ἀποπηδῶμεν</span> <span class='ocrx_word' id='word_1_983' title='bbox 2923 5097 3031 5152; x_wconf 89' lang='grc' dir='ltr'>τῶν</span> <span class='ocrx_word' id='word_1_984' title='bbox 3067 5096 3224 5151; x_wconf 89' lang='grc' dir='ltr'>θείων</span> <span class='ocrx_word' id='word_1_985' title='bbox 3263 5093 3594 5165; x_wconf 86' lang='grc' dir='ltr'>μυστηρίων,</span> <span class='ocrx_word' id='word_1_986' title='bbox 3647 5107 3902 5160; x_wconf 83' lang='grc' dir='ltr'>παρακα-</span> 
     </span>
    </p>
   </div>
   <div class='ocr_carea' id='block_1_123' title="bbox 2238 5177 3903 5261">
    <p class='ocr_par' dir='ltr' id='par_1_123' title="bbox 2238 5177 3903 5261">
     <span class='ocr_line' id='line_1_125' title="bbox 2238 5177 3903 5261; baseline -0.012 -16"><span class='ocrx_word' id='word_1_987' title='bbox 2238 5191 2316 5244; x_wconf 92' lang='grc' dir='ltr'>λῶ</span> <span class='ocrx_word' id='word_1_988' title='bbox 2336 5209 2349 5222; x_wconf 80' lang='lat'><strong><em>°</em></strong></span> <span class='ocrx_word' id='word_1_989' title='bbox 2375 5192 2447 5261; x_wconf 82' lang='grc' dir='ltr'>μὴ</span> <span class='ocrx_word' id='word_1_990' title='bbox 2477 5191 2632 5243; x_wconf 91' lang='grc' dir='ltr'>τοῦτο</span> <span class='ocrx_word' id='word_1_991' title='bbox 2655 5187 2789 5261; x_wconf 80' lang='grc' dir='ltr'>ἴδῃς,</span> <span class='ocrx_word' id='word_1_992' title='bbox 2820 5187 2901 5239; x_wconf 84' lang='grc' dir='ltr'>ὅτι</span> <span class='ocrx_word' id='word_1_993' title='bbox 2933 5186 2961 5238; x_wconf 91' lang='grc' dir='ltr'>ό</span> <span class='ocrx_word' id='word_1_994' title='bbox 2991 5184 3095 5254; x_wconf 88' lang='grc' dir='ltr'>πρὸ</span> <span class='ocrx_word' id='word_1_995' title='bbox 3117 5181 3210 5234; x_wconf 90' lang='grc' dir='ltr'>σοῦ</span> <span class='ocrx_word' id='word_1_996' title='bbox 3236 5179 3544 5249; x_wconf 64' lang='grc' dir='ltr'>φωτισθεὶς,</span> <span class='ocrx_word' id='word_1_997' title='bbox 3583 5177 3783 5243; x_wconf 88' lang='grc' dir='ltr'>φαῦλος</span> <span class='ocrx_word' id='word_1_998' title='bbox 3807 5177 3903 5244; x_wconf 83' lang='grc' dir='ltr'>γέ-</span> 
     </span>
    </p>
   </div>
   <div class='ocr_carea' id='block_1_124' title="bbox 2239 5264 3900 5351">
    <p class='ocr_par' dir='ltr' id='par_1_124' title="bbox 2239 5264 3900 5351">
     <span class='ocr_line' id='line_1_126' title="bbox 2239 5264 3900 5351; baseline -0.013 -17"><span class='ocrx_word' id='word_1_999' title='bbox 2239 5298 2383 5351; x_wconf 83' lang='grc' dir='ltr'>γονε,</span> <span class='ocrx_word' id='word_1_1000' title='bbox 2424 5279 2517 5332; x_wconf 75' lang='grc' dir='ltr'>καὶ</span> <span class='ocrx_word' id='word_1_1001' title='bbox 2562 5279 2660 5348; x_wconf 79' lang='grc' dir='ltr'>τῆς</span> <span class='ocrx_word' id='word_1_1002' title='bbox 2693 5274 2904 5336; x_wconf 83' lang='grc' dir='ltr'>ἐλπίδος</span> <span class='ocrx_word' id='word_1_1003' title='bbox 2931 5271 3150 5336; x_wconf 78' lang='grc' dir='ltr'>ἐξέπεσε</span> <span class='ocrx_word' id='word_1_1004' title='bbox 3191 5269 3290 5337; x_wconf 87' lang='grc' dir='ltr'>τῆς</span> <span class='ocrx_word' id='word_1_1005' title='bbox 3330 5265 3514 5328; x_wconf 90' lang='grc' dir='ltr'>αὐτοῦ,</span> <span class='ocrx_word' id='word_1_1006' title='bbox 3551 5265 3644 5317; x_wconf 77' lang='grc' dir='ltr'>καὶ</span> <span class='ocrx_word' id='word_1_1007' title='bbox 3670 5264 3900 5332; x_wconf 79' lang='grc' dir='ltr'>ὀκνηρό-</span> 
     </span>
    </p>
   </div>
   <div class='ocr_carea' id='block_1_125' title="bbox 2239 5353 3902 5442">
    <p class='ocr_par' dir='ltr' id='par_1_125' title="bbox 2239 5353 3902 5442">
     <span class='ocr_line' id='line_1_127' title="bbox 2239 5353 3902 5442; baseline -0.013 -17"><span class='ocrx_word' id='word_1_1008' title='bbox 2239 5387 2396 5442; x_wconf 88' lang='grc' dir='ltr'>τερος</span> <span class='ocrx_word' id='word_1_1009' title='bbox 2417 5367 2613 5423; x_wconf 89' lang='grc' dir='ltr'>σαυτοῦ</span> <span class='ocrx_word' id='word_1_1010' title='bbox 2633 5365 2786 5438; x_wconf 76' lang='grc' dir='ltr'>γένῃο</span> <span class='ocrx_word' id='word_1_1011' title='bbox 2815 5363 2935 5416; x_wconf 73' lang='grc' dir='ltr'>ἐπεὶ</span> <span class='ocrx_word' id='word_1_1012' title='bbox 2963 5363 3057 5414; x_wconf 76' lang='grc' dir='ltr'>καὶ</span> <span class='ocrx_word' id='word_1_1013' title='bbox 3089 5364 3145 5413; x_wconf 90' lang='grc' dir='ltr'>ἐν</span> <span class='ocrx_word' id='word_1_1014' title='bbox 3168 5361 3280 5420; x_wconf 87' lang='grc' dir='ltr'>τοῖς</span> <span class='ocrx_word' id='word_1_1015' title='bbox 3305 5353 3658 5427; x_wconf 84' lang='grc' dir='ltr'>στρατιώταις</span> <span class='ocrx_word' id='word_1_1016' title='bbox 3685 5353 3902 5426; x_wconf 79' lang='grc' dir='ltr'>δρῶμεν</span> 
     </span>
    </p>
   </div>
   <div class='ocr_carea' id='block_1_126' title="bbox 2239 5442 3902 5528">
    <p class='ocr_par' dir='ltr' id='par_1_126' title="bbox 2239 5442 3902 5528">
     <span class='ocr_line' id='line_1_128' title="bbox 2239 5442 3902 5528; baseline -0.011 -15"><span class='ocrx_word' id='word_1_1017' title='bbox 2239 5461 2366 5522; x_wconf 80' lang='grc' dir='ltr'>τοὺς</span> <span class='ocrx_word' id='word_1_1018' title='bbox 2397 5459 2493 5528; x_wconf 89' lang='grc' dir='ltr'>μέν</span> <span class='ocrx_word' id='word_1_1019' title='bbox 2527 5455 2626 5508; x_wconf 89' lang='grc' dir='ltr'>οὐκ</span> <span class='ocrx_word' id='word_1_1020' title='bbox 2657 5456 2735 5517; x_wconf 88' lang='grc' dir='ltr'>είς</span> <span class='ocrx_word' id='word_1_1021' title='bbox 2771 5453 2890 5505; x_wconf 83' lang='grc' dir='ltr'>δέον</span> <span class='ocrx_word' id='word_1_1022' title='bbox 2927 5448 3240 5521; x_wconf 67' lang='grc' dir='ltr'>χρεωμένους</span> <span class='ocrx_word' id='word_1_1023' title='bbox 3263 5448 3328 5516; x_wconf 86' lang='grc' dir='ltr'>τῇ</span> <span class='ocrx_word' id='word_1_1024' title='bbox 3375 5443 3647 5514; x_wconf 82' lang='grc' dir='ltr'>στρατείᾳ,</span> <span class='ocrx_word' id='word_1_1025' title='bbox 3677 5442 3802 5503; x_wconf 79' lang='grc' dir='ltr'>τοὺς</span> <span class='ocrx_word' id='word_1_1026' title='bbox 3845 5442 3902 5494; x_wconf 81' lang='grc' dir='ltr'>δὲ</span> 
     </span>
    </p>
   </div>
   <div class='ocr_carea' id='block_1_127' title="bbox 2242 5528 3905 5616">
    <p class='ocr_par' dir='ltr' id='par_1_127' title="bbox 2242 5528 3905 5616">
     <span class='ocr_line' id='line_1_129' title="bbox 2242 5528 3905 5616; baseline -0.014 -16"><span class='ocrx_word' id='word_1_1027' title='bbox 2242 5545 2654 5616; x_wconf 85' lang='grc' dir='ltr'>εὐδοκιμοῦντας</span> <span class='ocrx_word' id='word_1_1028' title='bbox 2678 5556 2693 5570; x_wconf 88' lang='lat'>&#39;</span> <span class='ocrx_word' id='word_1_1029' title='bbox 2730 5541 2823 5594; x_wconf 70' lang='grc' dir='ltr'>καὶ</span> <span class='ocrx_word' id='word_1_1030' title='bbox 2854 5539 2914 5592; x_wconf 90' lang='grc' dir='ltr'>οὐ</span> <span class='ocrx_word' id='word_1_1031' title='bbox 2951 5541 3064 5600; x_wconf 88' lang='grc' dir='ltr'>τοῖς</span> <span class='ocrx_word' id='word_1_1032' title='bbox 3091 5535 3352 5606; x_wconf 75' lang='grc' dir='ltr'>ῥᾳθύμοις</span> <span class='ocrx_word' id='word_1_1033' title='bbox 3379 5531 3733 5602; x_wconf 83' lang='grc' dir='ltr'>προσέχομεν,</span> <span class='ocrx_word' id='word_1_1034' title='bbox 3767 5528 3905 5582; x_wconf 69' lang='grc' dir='ltr'>ἀλλὰ</span> 
     </span>
    </p>
   </div>
   <div class='ocr_carea' id='block_1_128' title="bbox 2239 5617 3904 5701">
    <p class='ocr_par' dir='ltr' id='par_1_128' title="bbox 2239 5617 3904 5701">
     <span class='ocr_line' id='line_1_130' title="bbox 2239 5617 3904 5701; baseline -0.014 -11"><span class='ocrx_word' id='word_1_1035' title='bbox 2239 5636 2461 5698; x_wconf 88' lang='grc' dir='ltr'>τούτους</span> <span class='ocrx_word' id='word_1_1036' title='bbox 2516 5629 2782 5701; x_wconf 85' lang='grc' dir='ltr'>ζηλοῦμεν</span> <span class='ocrx_word' id='word_1_1037' title='bbox 2837 5629 2961 5689; x_wconf 78' lang='grc' dir='ltr'>τοὺς</span> <span class='ocrx_word' id='word_1_1038' title='bbox 3011 5622 3421 5694; x_wconf 82' lang='grc' dir='ltr'>κατορθοῦντας.</span> <span class='ocrx_word' id='word_1_1039' title='bbox 3492 5619 3633 5690; x_wconf 85' lang='grc' dir='ltr'>Πρὸς</span> <span class='ocrx_word' id='word_1_1040' title='bbox 3695 5617 3904 5677; x_wconf 81' lang='grc' dir='ltr'>τούτοις</span> 
     </span>
    </p>
   </div>
   <div class='ocr_carea' id='block_1_129' title="bbox 2243 5705 3904 5794">
    <p class='ocr_par' dir='ltr' id='par_1_129' title="bbox 2243 5705 3904 5794">
     <span class='ocr_line' id='line_1_131' title="bbox 2243 5705 3904 5794; baseline -0.013 -16"><span class='ocrx_word' id='word_1_1041' title='bbox 2243 5724 2513 5794; x_wconf 83' lang='grc' dir='ltr'>ἐννόησον,</span> <span class='ocrx_word' id='word_1_1042' title='bbox 2540 5723 2651 5774; x_wconf 79' lang='grc' dir='ltr'>ὅσοι</span> <span class='ocrx_word' id='word_1_1043' title='bbox 2676 5717 2809 5787; x_wconf 85' lang='grc' dir='ltr'>μετά</span> <span class='ocrx_word' id='word_1_1044' title='bbox 2835 5715 2896 5770; x_wconf 90' lang='grc' dir='ltr'>τὸ</span> <span class='ocrx_word' id='word_1_1045' title='bbox 2920 5712 3171 5783; x_wconf 83' lang='grc' dir='ltr'>φῶτισμα</span> <span class='ocrx_word' id='word_1_1046' title='bbox 3199 5709 3418 5777; x_wconf 79' lang='grc' dir='ltr'>ἄγγελοι</span> <span class='ocrx_word' id='word_1_1047' title='bbox 3449 5708 3568 5760; x_wconf 74' lang='grc' dir='ltr'>ἀντὶ</span> <span class='ocrx_word' id='word_1_1048' title='bbox 3599 5705 3904 5776; x_wconf 83' lang='grc' dir='ltr'>ἀνθρώπων</span> 
     </span>
    </p>
   </div>
   <div class='ocr_carea' id='block_1_130' title="bbox 2307 5809 3900 5886">
    <p class='ocr_par' dir='ltr' id='par_1_130' title="bbox 2307 5809 3900 5886">
     <span class='ocr_line' id='line_1_132' title="bbox 2307 5809 3900 5886; baseline -0.012 -10"><span class='ocrx_word' id='word_1_1049' title='bbox 2307 5829 2336 5868; x_wconf 78' lang='lat' dir='ltr'><strong>b</strong></span> <span class='ocrx_word' id='word_1_1050' title='bbox 2368 5827 2464 5876; x_wconf 74' lang='lat' dir='ltr'><strong>Alii</strong></span> <span class='ocrx_word' id='word_1_1051' title='bbox 2517 5829 2561 5874; x_wconf 79' lang='grc' dir='ltr'>οἱ</span> <span class='ocrx_word' id='word_1_1052' title='bbox 2599 5824 2681 5886; x_wconf 79' lang='grc' dir='ltr'>μὲν</span> <span class='ocrx_word' id='word_1_1053' title='bbox 2708 5821 2872 5886; x_wconf 67' lang='grc' dir='ltr'>παῖδες</span> <span class='ocrx_word' id='word_1_1054' title='bbox 2890 5817 3210 5886; x_wconf 70' lang='grc' dir='ltr'>λαμϐάνοντες</span> <span class='ocrx_word' id='word_1_1055' title='bbox 3293 5815 3320 5879; x_wconf 32' lang='grc' dir='ltr'>ε,</span> <span class='ocrx_word' id='word_1_1056' title='bbox 3343 5813 3498 5864; x_wconf 81' lang='lat' dir='ltr'><strong>Savil.</strong></span> <span class='ocrx_word' id='word_1_1057' title='bbox 3522 5809 3726 5874; x_wconf 79' lang='lat' dir='ltr'>aliique,</span> <span class='ocrx_word' id='word_1_1058' title='bbox 3776 5812 3900 5869; x_wconf 73' lang='grc' dir='ltr'>ζῆθι.</span> 
     </span>
    </p>
   </div>
   <div class='ocr_carea' id='block_1_131' title="bbox 2245 5877 3411 5953">
    <p class='ocr_par' dir='ltr' id='par_1_131' title="bbox 2245 5877 3411 5953">
     <span class='ocr_line' id='line_1_133' title="bbox 2245 5877 3411 5953; baseline -0.016 -13"><span class='ocrx_word' id='word_1_1059' title='bbox 2245 5890 2272 5931; x_wconf 78' lang='grc' dir='ltr'>ἀ</span> <span class='ocrx_word' id='word_1_1060' title='bbox 2294 5893 2463 5953; x_wconf 84' lang='grc' dir='ltr'>Θῶμεν</span> <span class='ocrx_word' id='word_1_1061' title='bbox 2486 5877 2734 5950; x_wconf 72' lang='grc' dir='ltr'>προοίμιον</span> <span class='ocrx_word' id='word_1_1062' title='bbox 2757 5884 2902 5932; x_wconf 77' lang='lat' dir='ltr'>deest</span> <span class='ocrx_word' id='word_1_1063' title='bbox 2924 5877 2974 5930; x_wconf 72' lang='grc' dir='ltr'>ιιι</span> <span class='ocrx_word' id='word_1_1064' title='bbox 3000 5877 3289 5941; x_wconf 77' lang='lat' dir='ltr'>quibusdam</span> <span class='ocrx_word' id='word_1_1065' title='bbox 3313 5877 3411 5922; x_wconf 80' lang='lat' dir='ltr'>mss</span> 
     </span>
    </p>
   </div>
  </div>
