3978 6502
174 373 261 429 181
923 452 926 456 ι
1114 380 1183 437 ΙΝ
1219 381 1397 438 ACTA
1435 383 1952 444 APOSTOLORUM.
1993 391 2222 451 IIOMIL.
2268 400 2454 461 XXI".

170 489 395 543 maxime
419 485 540 545 illos
571 491 801 546 terrebat
831 509 844 546 :
879 491 1001 560 Ipse
1034 503 1142 563 est,
1170 497 1257 566 qui
1281 498 1576 552 constitutus
1613 509 1686 554 est
1707 516 1742 554 a

171 581 270 634 Deo
295 584 456 649 iudex
481 585 703 640 vivorum
726 597 774 640 et
800 598 1132 643 mortuorum.
1164 589 1298 645 [linc
1338 593 1578 662 sequitur
1603 594 1738 648 vali-

164 675 284 730 dum
331 690 704 747 argumentum
740 696 770 735 a
809 682 1085 752 prophetis
1125 702 1138 738 :
1171 685 1247 738 illi
1285 688 1424 739 enim
1459 686 1510 740 in
1550 702 1740 757 magna

164 767 554 822 existimatione
575 781 746 824 erant.
772 769 910 825 Huic
929 789 1100 827 omnes
1127 775 1384 844 prapltelaz
1407 777 1740 830 testimonium

162 859 444 926 perhibent.
479 860 767 932 Postquam
801 863 990 919 timore
1018 865 1273 947 perculsit
1294 906 1308 929 ,
1356 873 1480 920 tunc
1525 867 1736 921 veniam

161 951 381 1017 inducit,
412 969 517 1008 non
546 955 613 1007 ab
640 956 753 1020 illo,
782 956 874 1010 sed
902 972 932 1010 a
961 957 1232 1026 prophetis
1255 958 1468 1012 dictam.
1502 957 1567 1012 Et
1593 958 1736 1028 quod

158 1043 394 1099 terribile
420 1055 558 1111 erat,
585 1046 652 1100 ab
681 1046 772 1100 illo
796 1064 811 1112 ;
840 1048 980 1118 quod
1011 1057 1186 1103 autem
1218 1049 1419 1114 mitius,
1447 1064 1479 1103 a
1509 1049 1737 1119 prophe-

157 1136 214 1189 tis
241 1137 704 1207 proficiscebatur.
734 1139 1003 1210 Quotquot
1031 1142 1168 1196 hanc
1193 1142 1561 1196 remissionem
1599 1157 1732 1197 eon-

153 1230 363 1299 sequuti
390 1236 522 1285 estis
544 1272 560 1297 ,
607 1241 863 1303 quotquot
894 1234 1048 1288 fidem
1093 1234 1232 1288 nacti
1266 1235 1394 1289 estis
1419 1251 1433 1299 ;
1457 1250 1577 1288 cum
1606 1234 1731 1288 doni

152 1323 572 1394 magnitudinem
604 1325 929 1393 didiceritis,
959 1329 1202 1394 obsecro,
1239 1328 1362 1382 date
1398 1344 1635 1398 operam,
1662 1344 1730 1384 ne

151 1415 558 1471 Benefactonem
621 1420 940 1473 contumelia
1005 1422 1270 1475 allieiatis.
1340 1420 1725 1475 Rcmissionem

152 1521 384 1576 namque
410 1510 728 1578 consequuti
757 1526 959 1577 smnus,
989 1527 1093 1566 non
1124 1523 1178 1566 ut
1203 1515 1497 1568 deteriores
1526 1511 1728 1568 efﬁcia-

149 1611 280 1659 mur,
318 1597 414 1650 sed
444 1606 500 1651 ut
527 1601 695 1654 multo
719 1601 967 1656 meliores
995 1615 1046 1658 et
1075 1608 1487 1672 prmstautiores.

211 1687 358 1742 Deus
379 1707 480 1744 non
503 1702 578 1744 est
601 1709 756 1747 causa
785 1695 1050 1748 mulorum.
1079 1725 1149 1735 —
1177 1697 1342 1752 Nemo
1369 1698 1526 1769 igitur
1549 1697 1723 1762 dicat,

148 1779 311 1834 Deum
338 1796 461 1835 esse
488 1782 642 1838 nobis
663 1799 878 1839 causam
904 1787 1184 1853 malormn,
1215 1791 1353 1860 quod
1386 1806 1489 1845 non
1517 1792 1720 1861 puniat,

145 1887 230 1925 nec
279 1873 606 1940 supplicium
653 1875 868 1932 inferat.
911 1879 1002 1933 llic
1040 1869 1180 1934 enim
1222 1882 1372 1948 mihi,
1401 1885 1444 1937 si
1476 1884 1722 1954 princeps

143 1964 426 2032 quispiam,
451 1977 660 2034 captum
708 1968 1027 2024 homicidam
1067 1972 1352 2040 dimiserit,
1384 1990 1449 2028 an
1489 1992 1720 2046 sequen-

143 2059 262 2109 tium
318 2058 552 2114 caedium
601 2071 786 2116 auctor
826 2079 945 2120 esse
981 2065 1342 2136 iudicabitur?
1379 2069 1612 2126 Minime.
1657 2071 1722 2125 Et

141 2150 442 2216 quomodo,
473 2152 598 2205 dum
642 2155 817 2224 impiis
859 2158 1052 2228 linguis
1092 2160 1350 2222 audemus
1385 2163 1494 2218 Deo
1531 2174 1719 2218 contu-

141 2241 353 2295 meliam
393 2243 629 2309 inferre,
662 2262 765 2300 non
798 2247 1075 2314 timemus,
1109 2267 1207 2307 nec
1247 2253 1718 2312 exhorrescimus?

137 2333 261 2399 Quid
295 2336 446 2388 enim
476 2352 580 2390 non
605 2338 820 2393 dicent?
839 2341 962 2410 quid
987 2358 1088 2397 non
1116 2345 1435 2414 loquentur?
1461 2348 1577 2417 Ipse
1597 2365 1717 2418 per-

138 2427 293 2492 misit,
324 2428 577 2499 inquiunt
603 2449 618 2486 :
641 2436 918 2502 oportebat
942 2437 1084 2492 enim
1116 2440 1304 2511 dignos
1324 2445 1586 2514 supplicio
1609 2463 1714 2502 non

139 2517 420 2586 honorare,
475 2538 581 2576 non
625 2539 905 2594 coronare,
930 2544 1034 2583 non
1084 2532 1310 2600 primatu
1341 2535 1574 2604 dignari,
1618 2537 1714 2592 sed

141 2611 319 2675 punire
341 2623 397 2665 et
421 2615 639 2680 ulcisci;
675 2617 763 2673 ille
788 2634 917 2674 vero
943 2633 1148 2688 contra,
1173 2625 1296 2679 dum
1325 2627 1444 2681 illos
1467 2628 1710 2694 honorat,

141 2701 262 2755 tales
291 2703 443 2771 ipsos
473 2706 656 2760 efﬁcit.
687 2709 782 2776 Ne,
811 2727 992 2781 qmeso
1020 2722 1074 2768 et
1095 2731 1212 2778 oro,
1246 2732 1313 2772 ne
1333 2720 1590 2789 quispiam
1619 2737 1714 2774 no-

141 2805 291 2848 strum
327 2798 492 2852 talem
533 2802 742 2857 emittat
779 2821 984 2860 vocem.
1020 2807 1198 2864 Satius
1223 2811 1382 2866 fuerit
1415 2815 1712 2870 sexcenties

144 2885 325 2951 defodi,
351 2905 511 2958 quam
542 2892 706 2948 Deum
737 2911 834 2966 per
861 2913 957 2952 nos
985 2901 1105 2954 talia
1131 2903 1332 2958 audire.
1367 2905 1613 2960 Dicebant
1635 2906 1709 2960 illi

149 2990 195 3031 et
227 2981 385 3035 Judari
422 3001 438 3037 :
487 2985 592 3052 Qui
629 2987 842 3044 destruis
878 2994 1152 3062 templum,
1185 3005 1231 3049 et
1266 2997 1318 3050 in
1349 2999 1504 3052 tribus
1538 3000 1711 3054 diebus

153 3073 407 3136 retzdiﬁcas
446 3076 599 3142 illud,
633 3079 774 3133 salva
800 3085 1145 3150 temetipsum;
1171 3097 1223 3141 et
1253 3105 1459 3143 rursum
1488 3109 1500 3144 :
1527 3091 1588 3146 Si
1615 3091 1708 3144 Fi-

161 3161 247 3213 lius
280 3162 368 3216 Dei
405 3183 480 3227 es,
515 3168 764 3224 descende
789 3172 851 3226 de
875 3191 1022 3228 cruce
1064 3175 1270 3247 (Matth.
1308 3179 1399 3233 27.
1441 3181 1554 3252 40).
1602 3183 1706 3237 Sed

160 3253 261 3308 hzrc
296 3257 386 3310 illis
426 3270 554 3313 sunt
585 3263 850 3330 graviora.
902 3265 980 3320 Ne
1029 3269 1206 3338 itaque
1257 3287 1352 3339 per
1407 3289 1503 3327 nos
1549 3274 1707 3331 liceat

150 3344 302 3414 ipsum
341 3349 440 3403 dici
476 3351 767 3422 iniquitatis
796 3356 1067 3413 doctorem
1091 3402 1106 3424 ,
1141 3377 1312 3431 neque
1341 3378 1406 3418 ex
1440 3365 1568 3434 ipsis
1591 3367 1706 3420 hla—

137 3438 376 3504 sphemiis
407 3443 676 3513 supplicio
704 3446 922 3502 obnoxii
946 3449 1243 3506 efficiamur
1273 3455 1416 3523 (nam
1448 3458 1539 3516 ait,
1575 3457 1706 3512 Pro-

128 3540 231 3595 pter
265 3548 346 3586 res
375 3552 562 3588 nomen
591 3554 753 3591 meum
781 3541 1157 3612 blasphematur
1194 3547 1243 3599 in
1270 3550 1494 3616 gentibus
1525 3550 1699 3622 [Ῐέοηι.

121 3624 167 3675 2.
192 3623 281 3696 2i]
309 3629 327 3694 )
363 3645 376 3678 :
407 3627 603 3683 demus
632 3646 878 3700 operam,
913 3645 968 3688 ιιι
1009 3639 1275 3692 contraria
1317 3639 1584 3706 dicantur,
1617 3642 1701 3696 di-

115 3731 266 3783 gnam
310 3721 601 3776 vocatione
642 3735 820 3780 nostra
853 3727 1010 3781 vitam
1041 3728 1316 3795 ducentes,
1353 3742 1406 3786 et
1429 3734 1494 3788 ad
1528 3733 1700 3803 bapti-

110 3824 220 3862 sma
251 3812 574 3882 adoptionis
611 3817 947 3889 accedentes.
985 3819 1118 3876 Vere
1149 3838 1376 3893 namque
1403 3841 1589 3894 magna
1617 3837 1702 3883 est

111 3903 184 3955 vis
211 3902 497 3972 baptismi,
521 3921 638 3975 qua:
660 3907 784 3962 doni
807 3921 1083 3966 consortes
1103 3914 1236 3967 alios
1261 3931 1324 3970 ex
1354 3917 1470 3970 aliis
1495 3917 1657 3973 efﬁcit
1681 3934 1696 3972 :

105 4011 203 4045 non
255 3996 392 4048 sinit
441 3996 687 4053 homines
717 4014 839 4056 esse
883 4000 1146 4057 homines.
1193 4004 1331 4069 Fac,
1385 4015 1442 4060 ut
1485 4007 1698 4076 gentilis

101 4088 288 4142 rredat
318 4107 577 4158 magnam
607 4107 723 4148 esse
749 4095 976 4162 Spiritus
1005 4097 1270 4164 virtutem,
1297 4116 1415 4169 quae
1443 4100 1695 4154 transfor-

99 4191 226 4240 met,
251 4199 382 4250 qum
417 4192 761 4240 transtnutet.
789 4184 896 4240 Cur
916 4198 1182 4244 extremos
1205 4191 1398 4245 halitus
1419 4204 1697 4261 exspectas

100 4282 153 4323 ut
197 4273 489 4342 fugitiuus,
540 4285 599 4329 ut
634 4278 945 4341 sceleratus,
993 4289 1047 4334 ut
1085 4283 1175 4351 qui
1217 4297 1320 4336 non
1359 4282 1557 4338 debeas
1585 4281 1696 4340 Deo

94 4366 272 4418 vivere
295 4367 320 4418 ?
351 4383 457 4419 cur
491 4367 559 4420 ita
588 4367 807 4422 affectus
837 4385 915 4432 es,
947 4386 1010 4424 ac
1038 4371 1082 4424 si
1113 4372 1457 4427 inhumanmn
1489 4383 1542 4427 et
1570 4391 1693 4428 cru-

94 4458 262 4510 delent
292 4459 539 4513 haberes
568 4460 893 4515 Dominum?
923 4463 1050 4532 quid
1077 4463 1314 4535 frigidius
1334 4508 1348 4532 ,
1377 4468 1500 4536 quid
1532 4469 1696 4522 mise-

95 4552 318 4605 rzthiiitls
375 4553 442 4603 iis
467 4594 482 4613 ,
525 4551 616 4621 qui
658 4561 783 4606 tunc
813 4553 1073 4624 baptisma
1113 4558 1693 4626 accipiunt?Atnicum

93 4653 137 4689 te
181 4641 313 4694 fecit
359 4641 536 4706 Deus,
577 4654 630 4696 et
672 4644 919 4698 omnibus
947 4646 1192 4715 dignatus
1220 4659 1300 4702 est
1331 4650 1502 4715 bonis,
1547 4661 1602 4705 ut
1639 4662 1694 4707 et

89 4733 193 4800 ipse
217 4749 305 4797 ca,
339 4751 477 4804 qua:
504 4737 658 4789 amici
687 4748 830 4803 sunt,
855 4739 1127 4794 exhibeas.
1157 4742 1248 4797 Dic
1270 4743 1418 4809 mihi,
1443 4747 1485 4799 si
1510 4762 1694 4815 quem-

88 4828 219 4886 piam
271 4827 504 4894 injuriis
543 4837 596 4880 et
637 4829 842 4895 probris
871 4823 1140 4886 affecisses
1168 4837 1536 4906 sexcentisque
1563 4853 1690 4892 con-

86 4916 230 4969 \it‘fiS
261 4932 598 4986 oncrasscs,
629 4929 683 4972 ct
712 4921 761 4973 in
791 4937 979 4977 manus
1019 4925 1133 4993 ejus
1159 4925 1477 4982 incidentem
1523 4941 1572 4983 te
1602 4931 1692 4986 ille

86 5010 322 5061 vicissim
384 5009 706 5072 ltonorarct,
755 5023 809 5066 et
852 5029 1068 5068 suorum
1117 5019 1351 5072 omnium
1382 5031 1687 5077 consortem

87 5099 306 5163 luceret,
341 5109 406 5154 et
442 5102 584 5154 inter
610 5105 809 5157 amicos
839 5120 935 5174 pro
962 5107 1124 5162 illatis
1149 5109 1354 5176 iniuriis
1382 5121 1432 5166 te
1457 5129 1689 5169 corona-

86 5201 178 5251 tet,
211 5201 390 5260 teque
431 5201 490 5244 ιιι
517 5207 830 5261 germanum
862 5195 1026 5251 filimn
1065 5200 1259 5257 habere
1283 5203 1502 5270 diceret,
1534 5206 1690 5260 dein-

85 5279 250 5348 ticque
283 5281 488 5335 subito
527 5297 825 5340 moreretur
858 5303 872 5340 :
901 5304 1076 5342 annon
1109 5292 1358 5348 damnum
1405 5296 1530 5351 illud
1568 5314 1689 5354 esse

86 5376 437 5428 existimares
462 5374 488 5426 ?
516 5389 693 5429 annon
725 5379 950 5443 diceres,
987 5381 1188 5438 Vellem
1220 5385 1367 5440 illum
1396 5388 1601 5456 vivere,
1633 5400 1690 5444 ιιι

89 5481 287 5528 possem
345 5469 537 5522 vicem
587 5471 814 5527 reddere
861 5490 924 5528 ac
969 5479 1280 5546 rependere,
1332 5497 1400 5536 ne
1452 5484 1688 5553 ingratus

87 5575 195 5624 sign
239 5561 674 5616 benefactorum
717 5566 974 5621 viderer?
1002 5569 1114 5623 Jam
1147 5573 1224 5627 sic
1259 5589 1382 5644 erga
1415 5575 1683 5632 hominem

89 5653 296 5707 alienus
339 5669 414 5707 es
444 5669 463 5719 ;
496 5664 550 5708 et
588 5670 707 5710 cum
739 5658 805 5712 de
838 5660 944 5714 Deo
971 5663 1163 5732 agitur,
1208 5666 1275 5718 ita
1307 5667 1568 5724 decedere
1595 5686 1687 5723 cu-

91 5759 181 5808 ras,
228 5757 287 5800 ut
322 5759 412 5800 tot
465 5763 747 5805 munerum
793 5753 964 5809 datori
1009 5759 1178 5812 vicem
1228 5777 1332 5815 non
1379 5766 1683 5833 rcpendas?

89 5837 206 5901 Quin
249 5839 453 5910 potius
491 5850 612 5897 tunc
637 5843 856 5915 accede,
899 5864 1018 5903 cum
1061 5860 1214 5921 potes
1254 5855 1396 5924 paria
1439 5856 1680 5914 reddere.

3318 439 3422 502 182

2137 513 2156 564 ?
2193 513 2382 586 Etiam,
2412 522 2653 596 inquies;
2687 533 2780 589 sed
2803 552 2906 594 non
2937 557 3148 613 possum
3176 568 3261 608 me
3285 571 3417 612 con-

1845 595 2035 654 tinere.
2064 602 2205 676 Ergo
2233 609 2578 680 impossibilia
2608 633 2851 700 praecepit
2883 634 3056 693 Deus?
3083 643 3218 701 Hinc
3239 654 3414 707 omnia

1843 691 2096 751 subversa
2123 712 2265 770 sunt,
2290 705 2413 764 hinc
2434 715 2663 772 mundus
2688 735 2968 796 corruptus
2990 743 3089 802 est,
3113 740 3232 806 quia
3258 758 3418 799 nemo

1853 794 1993 838 :urat
2028 795 2317 850 secundum
2350 800 2512 858 Deum
2551 809 2748 868 vivere.
2779 817 3152 884 Catechmncni
3188 831 3289 889 hoc
3324 852 3416 890 cu-

1842 886 2021 932 rantes
2047 921 2063 946 ,
2095 885 2297 940 nullam
2339 891 2406 947 de
2434 908 2577 952 recta
2610 904 2710 958 vita
2751 907 2947 967 habent
2972 918 3412 994 sollicitudinem;

2499 1148 2510 1149 7
2864 1148 2875 1163 I
2905 1148 3081 1168 __“""
3124 1148 3247 1172 ⁸³⁸⁸⁸,
3330 1148 3410 1165 uul

1837 1148 2149 1212 differebant
2182 1171 2234 1215 et
2261 1164 2314 1217 in
2340 1167 2529 1224 morbo
2558 1174 2769 1234 demum
2817 1183 2868 1239 id
2908 1203 3258 1262 acceperunt,
3290 1148 3410 1269 quia

1837 1244 2036 1269 null“...
2073 1249 2166 1269 l_,l,
2212 1254 2224 1269 ι
2323 1267 2330 1269 Α
2481 1263 2510 1269 ..

1837 1244 2039 1300 nullum
2072 1249 2337 1311 habebant
2374 1263 2604 1320 studium
2637 1270 2847 1329 vivendi
2879 1284 3171 1342 secundum
3203 1244 3366 1347 Detim
3391 1338 3404 1358 ,

1834 1349 2008 1405 neque
2059 1340 2112 1396 hi
2156 1347 2380 1404 studiosi
2427 1366 2584 1423 sunt;
2632 1363 2721 1429 qui
2769 1377 2944 1424 autem
2987 1375 3125 1431 bene
3173 1383 3409 1440 valentes

1832 1441 2172 1499 acceperunt,
2207 1453 2388 1506 parum
2418 1455 2470 1498 et
2499 1447 2597 1516 ipsi
2643 1454 2802 1508 studii
2842 1459 3112 1532 exhibent,
3147 1479 3198 1523 et
3229 1477 3406 1530 statim

1831 1520 2319 1599 ardentes-effecti,
2353 1547 2532 1604 postea
2578 1552 2630 1596 et
2676 1545 2772 1614 ipsi
2816 1550 2987 1620 ignem
3015 1561 3402 1620 exstinxerunt.

1829 1611 2021 1668 Annon
2054 1629 2202 1686 potes
2234 1629 2532 1694 negotiari?
2554 1648 2620 1688 an
2648 1611 2716 1691 ab
2739 1611 2904 1697 uxovre
2932 1654 2982 1700 te
3007 1652 3223 1718 separo?
3244 1657 3282 1707 A
3309 1638 3408 1710 for:

1830 1707 2093 1765 nicatione
2115 1715 2351 1774 secludo.
2379 1720 2512 1776 Num
2539 1741 2567 1778 a
2596 1732 2940 1796 pecuniarum
2969 1755 3066 1794 usu
3091 1746 3292 1800 arceo?
3323 1749 3407 1802 Ab

1828 1802 2046 1856 avaritia
2094 1813 2293 1863 tantum
2343 1823 2398 1867 et
2438 1819 2642 1886 rapina.
2685 1823 2822 1888 Num
2849 1844 2983 1900 cogo
3012 1842 3080 1898 te,
3129 1848 3185 1890 ut
3225 1842 3401 1895 omnia

1827 1890 2107 1950 efl'undas?
2136 1898 2309 1957 Pauca
2341 1914 2543 1964 tantum
2583 1928 2646 1968 ex
2687 1915 3025 1978 facultatibus
3061 1929 3242 1996 egenis
3283 1949 3403 1988 ero-

1825 1997 1949 2052 gare
1971 1986 2134 2056 jubeo
2165 1992 2511 2060 (Abundantia
2539 2016 2720 2074 vestra,
2748 2010 2936 2083 inquit,
2960 2017 3029 2069 ad
3072 1986 3276 2076 iilorum
3318 2027 3402 2079 in-

1823 2077 1989 2175 opiam
2012 2079 2085 2151 [2.
2111 2082 2226 2139 Car.
2247 2087 2299 2142 8.
2327 2091 2532 2164 14]):ac
2552 2112 2724 2168 neque
2749 2077 3240 2175 ita-persuademus.
3264 2077 3398 2174 Num

1821 2169 1886 2223 ad
1909 2169 2252 2242 jcjunandum
2282 2186 2566 2254 cogimus?
2592 2169 2912 2255 Ebrietatem
2941 2213 2994 2258 et
3030 2208 3204 2275 gulam
3252 2212 3400 2267 cohi-

1821 2260 2027 2321 bemus.
2074 2269 2165 2325 Illa
2208 2289 2542 2345 amputamus
2583 2301 2702 2355 qua:
2733 2291 2822 2345 tibi
2856 2260 3230 2364 turpittidinem
3271 2306 3400 2360 affe-

1818 2367 1944 2410 runt
1968 2375 1981 2412 :
2004 2376 2121 2430 qua:
2141 2367 2223 2420 vel
2239 2379 2360 2423 ante
2383 2373 2679 2442 gehennam
2704 2380 2945 2452 fugienda
2959 2392 3394 2454 etodiohabenda

1817 2460 1937 2502 esse
1977 2459 2030 2504 tu
2076 2453 2189 2523 ipse
2224 2456 2425 2517 fateris.
2461 2464 2596 2522 Num
2635 2471 2703 2525 ab
2738 2474 3090 2537 oblectatione
3116 2495 3169 2538 et
3201 2489 3395 2556 gaudio

1817 2540 2008 2592 arceo?
2027 2544 2068 2594 A
2095 2548 2230 2615 turpi
2252 2562 2398 2607 certe
2427 2564 2480 2608 et
2501 2557 2732 2630 indigno.

1886 2631 1940 2684 4.
1982 2633 2116 2700 Quid
2158 2638 2357 2695 times?
2383 2646 2508 2715 quid
2535 2649 2833 2710 formidas?
2862 2658 2999 2727 Quid
3042 2667 3261 2723 tremis?
3287 2670 3388 2727 Ubi

1814 2728 2161 2796 connuhium,
2191 2733 2277 2787 ubi
2313 2750 2471 2806 opum
2501 2739 2743 2812 facultas,
2777 2748 2862 2804 ubi
2891 2755 3197 2814 moderatus
3218 2761 3388 2829 cibus,

1814 2831 1932 2885 qua:
1959 2822 2158 2887 peccati
2185 2828 2394 2881 occasio
2424 2832 2539 2886 est?
2571 2836 2731 2906 Atqui
2771 2844 2937 2897 exteri
2979 2852 3242 2905 contraria
3289 2855 3392 2909 ini-

1815 2920 2024 2977 perant,
2056 2924 2109 2966 et
2137 2915 2263 2984 ipsis
2293 2919 2710 2992 obtemperatur.
2739 2930 2851 2986 Non
2881 2937 3020 2991 enim
3061 2955 3124 2994 ex
3155 2943 3238 3007 iis,
3272 2963 3391 3016 quze

1813 3015 2137 3075 suppetunt,
2179 3013 2428 3082 exigunt;
2471 3019 2565 3074 sed
2595 3021 2796 3093 dicunt,
2824 3027 3048 3085 Tantum
3079 3035 3206 3091 dare
3231 3013 3392 3108 opor-

1815 3106 1887 3150 tet
1928 3115 1943 3150 :
1985 3100 2031 3154 si
2074 3117 2434 3174 paupertatem
2463 3112 2740 3184 ohtcndas,
2783 3136 2957 3191 neque
2999 3126 3076 3182 sic
3105 3129 3387 3190 desisttml.

1809 3188 2054 3248 Christus
2080 3207 2255 3253 autem
2286 3216 2390 3256 non
2434 3206 2510 3260 sic
2535 3224 2548 3269 ;
2578 3209 2671 3263 sed
2715 3214 2808 3279 ait,
2854 3215 2933 3270 Et
2973 3219 3038 3274 iis
3077 3237 3195 3292 qua:
3223 3225 3388 3284 habes

1809 3281 1954 3350 dato,
1984 3293 2142 3355 teque
2172 3290 2222 3343 in
2250 3294 2423 3360 primo
2449 3299 2636 3356 ordine
2657 3307 2995 3362 constituam.
3032 3313 3255 3371 Rursum
3286 3321 3384 3386 illi,

1809 3371 1863 3427 Si
1894 3375 1994 3440 vis,
2027 3379 2194 3443 aiunt,
2229 3383 2404 3438 clarus
2433 3402 2570 3453 esse,
2603 3393 2846 3465 relinque
2875 3409 3100 3470 patrem,
3139 3419 3383 3475 matrem,

1805 3478 2079 3536 cognatos,
2113 3471 2458 3545 domesticos,
2498 3490 2551 3534 et
2586 3483 2636 3537 in
2667 3489 2806 3553 regia
2839 3492 3045 3558 adesto,
3081 3497 3130 3550 in
3163 3499 3379 3568 labore,

1808 3561 2045 3624 miseria,
2069 3569 2342 3635 servitute,
2363 3578 2616 3632 {erumnis
2631 3586 3005 3658 sexcentisque
3026 3593 3179 3646 malis
3205 3614 3217 3648 :
3239 3595 3384 3651 Chri-

1805 3661 1918 3707 stus
1944 3670 2072 3710 vero
2095 3674 2198 3714 non
2225 3661 2318 3727 sic,
2351 3668 2442 3719 sed
2460 3708 2474 3732 ,
2500 3668 2628 3723 Esto
2657 3672 2798 3729 domi
2827 3692 2945 3732 cum
2977 3697 3141 3738 uxore
3167 3695 3219 3740 et
3247 3687 3382 3748 libe-

1804 3743 1899 3807 ris,
1925 3755 1974 3800 et
2000 3748 2078 3802 sic
2132 3759 2220 3805 tua
2267 3755 2509 3826 distione,
2553 3770 2611 3816 ut
2649 3765 2826 3834 quiete
2871 3780 2920 3824 et
2972 3773 3088 3828 sine
3133 3779 3384 3846 periculis

1805 3837 1966 3893 vii-as.
1998 3841 2191 3912 Etiam,
2216 3845 2442 3918 inquies,
2470 3854 2563 3907 sed
2596 3857 2685 3912 ille
2717 3875 2846 3929 opes
2872 3837 3154 3932 pollicetur
3174 3870 3197 3923 ?
3221 3872 3379 3942 Atqui

1805 3929 1891 3985 hic
1929 3948 2149 4002 regnmn
2198 3943 2474 4007 promittit,
2524 3945 2632 4000 imo
2678 3959 2732 4003 et
2774 3967 2900 4021 opes
2942 3971 3061 4011 cum
3092 3960 3221 4018 illo:
3256 3979 3378 4018 nam

1801 4021 1874 4075 ait
1905 4039 1917 4076 :
1955 4024 2173 4089 Quatrile
2214 4031 2430 4099 primum
2460 4052 2668 4106 regnum
2696 4042 2932 4096 crelorum
2955 4087 2970 4112 ,
2999 4057 3046 4100 et
3077 4049 3182 4103 [nec
3210 4056 3379 4107 omnia

1802 4114 2105 4182 adjicientur
2138 4122 2272 4175 vobis
2301 4123 2320 4194 (
2345 4124 2527 4180 Matt/1.
2562 4130 2614 4183 6.
2652 4133 2781 4203 55).
2813 4135 2900 4191 ille
2931 4156 2998 4194 ne
3028 4141 3078 4195 in
3107 4149 3376 4214 augmenti

1800 4205 2012 4272 quidem
2044 4220 2282 4278 partem,
2326 4215 2410 4272 hic
2449 4234 2574 4274 vero
2613 4225 3010 4283 antecedentcr.
3051 4231 3238 4287 Junior
3279 4239 3374 4306 fui,

1800 4297 2000 4367 inquit;
2034 4305 2212 4358 etenim
2250 4310 2390 4361 senui
2417 4327 2434 4364 :
2462 4321 2507 4366 et
2537 4330 2636 4367 non
2675 4317 2778 4370 vidi
2809 4320 3006 4386 justum
3045 4325 3334 4382 derelictum
3357 4371 3374 4390 .

1801 4407 1890 4445 nec
1918 4410 2081 4449 semen
2104 4399 2216 4466 ejus
2243 4418 2470 4469 quwrens
2497 4424 2677 4474 panem
2698 4409 2866 4480 (Psal.
2896 4415 2982 4470 56.
3011 4417 3124 4490 25).
3157 4420 3378 4491 Incipia-

1799 4499 1919 4538 mus
1947 4502 2077 4557 ergo
2109 4490 2329 4547 virtutes
2362 4495 2528 4560 adire,
2562 4499 2765 4554 initiutn
2796 4519 3084 4574 ponamus,
3121 4512 3260 4566 illam
3286 4530 3376 4568 so-

1798 4574 1900 4628 lam
1932 4580 2302 4649 suscipiamus,
2332 4595 2385 4639 et
2415 4587 2617 4643 videbis
2641 4593 2816 4660 qualia
2839 4596 2996 4652 bona.
3019 4599 3152 4654 Num
3175 4603 3376 4674 absque

1797 4665 1981 4723 labore
2009 4669 2094 4724 illa
2123 4676 2360 4742 operaris
2379 4719 2394 4741 ,
2437 4680 2523 4748 qui
2553 4681 2605 4735 in
2633 4683 2715 4736 his
2752 4685 2821 4738 ita
2853 4689 3027 4743 mollis
3055 4692 3152 4744 es?
3179 4693 3371 4760 Etiam,

1797 4755 2024 4827 inquies,
2055 4761 2140 4816 illa
2164 4764 2280 4820 sine
2304 4766 2502 4835 labore,
2528 4771 2640 4826 htrc
2659 4788 2778 4828 cum
2800 4775 3002 4833 labore.
3026 4782 3205 4849 Apage
3229 4803 3242 4837 :
3266 4800 3371 4838 non

1797 4850 1865 4903 ita
1899 4868 1986 4907 res
2016 4864 2117 4921 est,
2148 4873 2253 4912 non
2281 4860 2353 4914 ita
2385 4864 2562 4932 utique
2588 4880 2601 4928 ;
2632 4867 2724 4921 sed
2751 4868 2793 4921 si
2823 4884 2948 4924 vere
2973 4871 3214 4928 dicamus
3236 4917 3250 4940 ,
3285 4877 3372 4931 illa

1795 4957 1914 4994 cum
1945 4944 2125 5000 labore
2155 4958 2208 5002 et
2234 4951 2432 5008 sudore
2460 4955 2680 5022 majori;
2711 4956 2826 5012 haec
2850 4975 3008 5026 vero,
3041 4963 3085 5016 si
3109 4964 3334 5020 velimus
3353 5007 3370 5034 ,

1794 5032 1946 5089 facile
1975 5038 2338 5105 perficiuntur.

1863 5124 2127 5194 Baptisma
2153 5149 2253 5185 non
2279 5133 2631 5199 diﬂ'erendum.
2664 5169 2734 5178 —
2763 5140 2838 5197 Ne
2867 5146 3184 5216 resiliamus,
3214 5168 3369 5224 rogo,

1792 5232 1820 5270 a
1847 5218 2038 5275 divinis
2073 5226 2360 5293 mysteriis.
2396 5227 2473 5281 Ne
2503 5231 2553 5282 id
2592 5241 2819 5299 spectes,
2851 5238 2992 5306 quod
3033 5241 3096 5308 is,
3128 5244 3215 5312 qtti
3245 5218 3369 5300 ante

1795 5319 1845 5362 te
1877 5309 2204 5369 illuminatus
2233 5327 2334 5383 est,
2371 5319 2645 5389 improbus
2671 5325 2740 5378 sit
2764 5327 2982 5385 effectus
3011 5345 3063 5387 et
3092 5349 3121 5389 a
3148 5351 3244 5406 spe
3273 5353 3368 5392 sua

1792 5402 2070 5470 exciderit,
2107 5423 2206 5460 neu
2241 5418 2290 5463 te
2318 5411 2432 5479 ipso
2461 5415 2672 5483 segnior
2702 5417 2816 5474 fias.
2847 5421 2980 5478 Nam
3009 5425 3148 5483 inter
3174 5431 3368 5487 milites

1794 5493 2036 5551 videmus
2077 5495 2231 5565 alios,
2279 5503 2368 5571 qui
2411 5519 2514 5558 non
2555 5517 2773 5566 strenue
2813 5515 2994 5570 militia
3039 5517 3362 5591 funguntur,

1792 5585 1925 5639 alios
1956 5597 2130 5641 autem
2163 5595 2518 5662 conSpicuos;
2565 5616 2737 5671 neque
2768 5604 2970 5675 ignavis
2994 5609 3099 5664 illis
3131 5615 3364 5668 attendi-

1791 5693 1929 5745 mus,
1966 5681 2058 5735 sed
2091 5685 2375 5752 praeclaros
2400 5692 2732 5750 temulamur.
2783 5699 2864 5753 Ad
2909 5699 3022 5756 hzec
3061 5705 3361 5774 considera,

1790 5784 1918 5838 quot
1948 5784 2064 5846 post
2098 5777 2353 5848 baptisma
2396 5787 2569 5855 angeli
2615 5804 2711 5858 pro
2747 5790 3049 5851 hominibus
3085 5797 3205 5853 facti
3231 5799 3358 5855 sint.

1789 5859 1942 5920 Thuc
1970 5866 2224 5926 incertam
2255 5873 2414 5932 futuri
2445 5879 2822 5939 conditionem.
2858 5885 2924 5943 Ut
2967 5887 3048 5942 fur
3073 5900 3251 5960 noctu,
3281 5893 3361 5950 sic
