3978 6500
599 362 704 420 ’85

597 489 741 532 mors
765 472 942 529 veniet
961 468 1037 542 (‘2.
1064 466 1206 525 Petr.
1232 468 1286 523 3.
1318 465 1441 533 10);
1466 477 1637 534 neque
1666 460 1837 516 solum
1865 466 1923 514 ut
1951 459 2054 521 iur,
2076 456 2171 513 sed

596 568 748 624 nobis
776 564 1165 622 dormientibus
1195 559 1428 624 invadet,
1456 566 1512 612 et
1556 556 1889 625 negligentes
1919 551 2171 621 abripiet.

600 662 727 717 Ideo
754 661 895 717 Deus
933 658 1166 714 futurum
1196 653 1410 723 reliquit
1448 651 1731 714 incertum,
1772 656 1830 701 ut
1854 660 2067 715 semper
2104 644 2175 698 ob

599 756 861 811 incertam
883 749 1330 820 exspectationem
1360 745 1410 798 in
1430 744 1623 798 virtute
1638 741 1911 811 degamus.
1926 737 2032 794 Sed
2060 737 2172 792 cle-

600 861 754 902 mens
777 852 880 909 est,
913 840 1140 912 inquies.
1172 838 1459 906 Quousque
1479 832 1724 906 frigidum
1751 830 1876 888 illud
1902 839 1954 886 et
1982 828 2178 889 ridicu-

599 937 710 992 lum
749 934 949 988 dictum
994 926 1357 1000 proferemus?
1402 925 1513 995 Ego
1552 937 1658 978 non
1694 922 1853 977 modo
1890 921 2176 999 benignum

601 1042 724 1084 esse
750 1027 913 1079 Deum
948 1021 1090 1085 dico,
1118 1019 1211 1075 sed
1246 1027 1301 1074 et
1329 1017 1459 1073 nihil
1485 1031 1605 1073 esse
1634 1015 1723 1070 illo
1754 1013 2067 1085 benignius,
2086 1010 2176 1087 qui

602 1116 804 1170 utiliter
824 1112 1002 1167 omnia
1032 1120 1214 1166 nostra
1244 1110 1537 1178 dispenset.
1583 1106 1724 1174 Quot
1756 1106 1905 1163 vides
1934 1096 2179 1161 homines

602 1224 699 1278 per
727 1220 941 1261 omnem
980 1212 1191 1258 aetatem
1235 1201 1583 1271 elephantiasi
1633 1199 1973 1254 laborantes?
1997 1209 2123 1268 quot
2150 1214 2181 1253 a

601 1300 772 1369 prima
807 1306 964 1351 :etate
994 1295 1059 1349 ad
1089 1301 1357 1350 senectam
1386 1308 1552 1363 usque
1590 1306 1760 1346 caecos
1782 1333 1796 1354 ,
1828 1292 1963 1346 alios
1991 1299 2182 1361 postea

603 1407 775 1447 caecos
819 1389 1008 1455 factos,
1038 1388 1172 1443 alios
1213 1388 1263 1440 in
1298 1394 1643 1456 paupertate,
1679 1385 1811 1439 alios
1848 1385 1899 1437 in
1937 1384 2181 1449 vinculis,

606 1485 741 1537 alios
768 1483 819 1537 in
848 1482 1098 1544 metallis,
1122 1480 1258 1533 alios
1298 1478 1423 1533 inibi
1445 1477 1854 1537 contutnulatos.
1884 1476 2016 1530 alios
2046 1475 2185 1530 bello

606 1575 996 1644 interemptos?
1024 1576 1441 1642 Annon,qu:eso,
1475 1570 1589 1624 haec
1617 1583 1684 1624 ex
1712 1568 2038 1639 benignitate
2064 1582 2187 1637 pro.

609 1667 957 1721 ﬁciscuntur?
981 1681 1157 1719 annon
1183 1664 1295 1718 hrec
1322 1670 1530 1734 poterat
1552 1661 1809 1732 impedire
1834 1662 1877 1715 si
1900 1659 2186 1716 voluisset?

608 1760 704 1815 sed
733 1759 993 1829 permisit.
1024 1758 1217 1815 Etiam.
1243 1756 1469 1826 inquies.
1494 1753 1572 1809 Tu
1595 1770 1721 1808 vero
1743 1753 1829 1808 dic
1849 1751 2000 1820 mihi,
2023 1766 2187 1823 quare

609 1850 825 1918 quidam
858 1864 959 1904 non
990 1864 1019 1903 a
1049 1850 1216 1919 prima
1258 1856 1415 1903 aetate
1441 1846 1610 1901 cmci?
1650 1843 1764 1900 Non
1792 1844 1991 1908 dicam,
2015 1842 2188 1898 donec

612 1942 917 2010 pollicearis
958 1941 1085 1995 mihi
1120 1952 1171 1995 te
1201 1937 1603 1994 illuminandum
1630 1953 1751 1993 esse
1776 1978 1791 2002 ,
1823 1948 1878 1992 et
1916 1936 2189 1991 illumina-

621 2044 732 2088 tum
761 2042 906 2089 recte
934 2034 1095 2088 vitam
1126 2032 1489 2087 institutorum
1522 2046 1662 2086 esse:
1698 2030 1811 2089 Non
1842 2030 1966 2085 licet
1988 2028 2081 2083 tibi
2108 2039 2190 2082 ta-

612 2124 680 2178 lia
712 2125 921 2179 solvere
949 2140 964 2180 :
994 2139 1166 2193 neque
1194 2123 1335 2177 enim
1380 2122 1663 2192 voluptatis
1688 2121 1855 2191 gratia
1883 2134 2061 2176 sermo
2084 2127 2186 2175 est.

611 2216 742 2269 Nam
770 2215 894 2270 licet
919 2215 1054 2268 hanc
1083 2214 1305 2278 Salvam,
1333 2212 1435 2266 alia
1459 2211 1709 2267 succedet
1733 2212 1959 2283 quastio
1989 2229 2003 2268 :
2035 2211 2194 2283 abys-

611 2321 704 2361 sus
729 2308 869 2362 enim
897 2305 1249 2376 quaestionum
1274 2314 1355 2359 est
1372 2303 1665 2373 Scriptura.
1684 2301 1860 2369 Quare
1886 2317 1991 2357 non
2019 2302 2192 2356 solmn

615 2414 682 2451 ne
707 2397 1067 2452 assuel‘aciatis
1089 2411 1203 2461 vos,
1238 2406 1294 2451 ut
1318 2396 1636 2451 solutionem
1661 2395 1931 2465 quaeratis,
1957 2393 2051 2449 sed
2073 2410 2190 2448 om-

614 2492 765 2557 nino,
798 2500 854 2545 ut
884 2507 951 2545 ne
980 2491 1230 2560 quaeratis
1261 2507 1272 2543 :
1304 2490 1535 2560 alioquin
1588 2504 1873 2555 numquam
1902 2488 2022 2543 ﬁnis
2051 2502 2194 2558 qure-

612 2583 842 2636 stionutn
869 2583 990 2637 erit.
1017 2581 1148 2637 Nam
1170 2583 1214 2635 si
1250 2582 1383 2636 hanc
1406 2582 1629 2643 solvam,
1647 2581 1791 2635 mille
1810 2580 2193 2650 questionibus

617 2674 753 2726 viam
799 2673 1056 2742 aperiam.
1091 2673 1243 2728 Unde
1281 2672 1547 2727 discamus
1578 2674 1747 2742 magis
1786 2674 1887 2727 hoc
1928 2687 2187 2744 quzerere,

614 2780 773 2832 quam
802 2764 1022 2831 qu:esita
1050 2766 1278 2818 solvere.
1308 2763 1490 2835 Neque
1516 2765 1657 2819 enim
1688 2766 1730 2818 si
1758 2765 2044 2828 solvamus,
2079 2779 2196 2818 ont-

613 2855 743 2908 uino
770 2854 1060 2921 solvimus;
1088 2856 1181 2909 sed
1217 2857 1508 2910 secundum
1538 2857 1826 2911 humanum
1859 2856 2193 2911 ratiocinium

615 2947 829 3015 propria
853 2948 1039 3002 talium
1061 2948 1255 3002 solutio
1286 2947 1416 3003 lides
1454 2958 1565 3015 est;
1607 2949 1746 3004 scire
1782 2963 1991 3019 nempe,
2029 2949 2193 3004 Deum

617 3039 795 3093 omnia
820 3039 993 3105 juste,
1034 3039 1262 3109 benigne
1291 3050 1346 3095 et
1377 3040 1578 3095 utiliter
1609 3039 1803 3104 facere,
1834 3054 2006 3110 neque
2036 3055 2194 3111 posse

620 3129 737 3198 ejus
788 3131 1047 3185 rationem
1100 3132 1502 3202 comprehendi.
1553 3132 1679 3187 Haec
1716 3148 1817 3188 una
1856 3134 2051 3188 solutio
2086 3140 2189 3198 est,

617 3238 786 3293 neque
813 3224 914 3277 alia
947 3225 1138 3279 melior
1182 3224 1427 3285 habetur.
1459 3227 1588 3293 Quae
1618 3226 1782 3293 enim,
1812 3240 2014 3296 qumso,
2045 3226 2195 3281 solu-

616 3319 691 3370 tio
720 3328 799 3371 est
822 3318 845 3370 ?
868 3316 1099 3372 Omnino
1127 3333 1230 3373 non
1264 3318 1399 3373 ultra
1421 3334 1663 3389 quatrere
1690 3318 1761 3382 id,
1791 3317 1929 3387 quod
1958 3317 2193 3371 solutum

618 3420 722 3461 est.
751 3408 805 3461 Si
837 3409 938 3462 hoc
967 3409 1060 3463 tibi
1106 3410 1432 3479 persuadeas
1453 3452 1468 3473 ,
1511 3425 1703 3478 nempe
1732 3409 2058 3479 providentia
2098 3408 2193 3463 Dei

614 3499 793 3551 ornnia
836 3499 1219 3561 administrari,
1265 3500 1353 3568 qui
1403 3500 1508 3554 alia
1550 3500 1805 3570 permittit
1845 3514 1945 3570 qua
1988 3499 2195 3553 ratione

617 3592 731 3659 ipse
759 3594 923 3657 novit,
953 3594 1052 3647 alia
1092 3603 1266 3648 autem
1313 3603 1582 3664 cperatur,
1610 3594 1677 3648 ab
1714 3594 1859 3647 omni
1898 3592 2191 3663 quaestione

1337 350 1396 406 S.
1426 344 1701 405 JOANNIS
1736 336 2206 401 CHRYSOSTOMl
2227 335 2544 411 ABCIHEP.
2583 332 3113 397 CONSTANTINOP.
3689 352 3760 412 εει

2280 454 2532 521 liberatus
2559 468 2639 523 es,
2666 464 2722 510 et
2761 454 3042 527 solutionis
3074 453 3280 523 lucrum
3312 458 3589 528 percepisti.
3619 463 3770 528 Setini

2272 547 2617 625 propositum
2646 558 2997 605 revertamur.
3028 548 3161 619 Quia
3189 549 3349 621 igitur
3371 536 3509 619 vides
3528 562 3593 610 tot
3614 560 3655 613 in
3678 577 3772 639 sup-

2281 640 2450 710 pliciis
2475 655 2614 711 esse,
2648 640 2921 717 Deumque
2964 639 3080 695 haec
3117 643 3294 717 omnia
3339 654 3776 719 pernntterenale-

2272 729 2465 811 tudine
2491 733 2733 805 corporis
2760 740 2909 803 utere
2929 730 2994 786 ad
3016 732 3210 787 animat
3237 732 3592 791 valetudinem.
3615 737 3698 798 Sed
3716 747 3778 802 ili.

2282 839 2372 889 ces
2398 841 2414 878 :
2444 822 2578 891 Quid
2608 824 2737 880 mihi
2764 839 2899 895 opus
2938 834 3021 880 est
3056 824 3328 880 laboribus
3371 833 3427 882 et
3450 814 3663 899 ‘tniseria,
3689 851 3781 895 cum

2282 917 2413 979 mihi
2441 917 2598 973 liceat
2616 917 2793 972 omnia
2820 917 2936 986 sine
2965 917 3149 973 labore
3178 916 3425 993 solvere?
3452 917 3553 976 lloe
3571 936 3690 982 certe
3705 910 3783 987 non

2266 1007 2621 1079 manifestum
2668 1019 2772 1064 est.
2820 1008 3089 1080 Contingit
3128 1010 3269 1079 enim
3308 1019 3366 1081 ut
3406 1026 3505 1081 non
3545 1015 3680 1087 modo
3706 1036 3782 1077 non

2274 1101 2403 1173 _sine
2427 1099 2609 1165 labore
2630 1100 2824 1166 solvas,
2858 1100 2950 1154 sed
2977 1100 3136 1173 etiam
3165 1109 3222 1154 ut
3244 1098 3487 1177 omnibus
3504 1110 3787 1177 onustusde-

2287 1191 2464 1247 cedas.
2490 1190 2753 1246 Caeterum
2785 1191 2993 1246 etiamsi
3027 1191 3128 1263 hoc
3157 1190 3492 1246 manifestum
3520 1186 3676 1263 esset,
3711 1216 3784 1256 nou

2286 1282 2537 1351 ferendus
2569 1292 2743 1337 tamen
2772 1282 2857 1337 hic
2884 1298 3063 1337 sermo
3084 1290 3247 1337 esset.
3279 1282 3333 1336 In
3352 1266 3623 1340 certamina
3643 1292 3790 1349 traxit:

2289 1390 2434 1429 arma
2476 1375 2644 1444 posita
2681 1385 2805 1429 sunt
2842 1390 3024 1430 aurea.
3070 1374 3205 1430 Cum
3237 1385 3507 1446 oporteret
3530 1379 3605 1432 illa
3633 1396 3792 1440 sumere

2290 1477 2346 1523 et
2390 1478 2638 1533 tractare,
2683 1478 2738 1522 tu
2766 1470 2865 1531 ,vis
2916 1469 3168 1539 inglorius
3210 1470 3435 1535 servari,
3466 1470 3678 1543 nihilque
3706 1476 3796 1532 δοιιὶ

2290 1561 2522 1631 Operari.
2553 1561 2649 1616 Dic
2677 1560 2826 1629 mihi,
2846 1562 2890 1617 si
2918 1561 3114 1617 bellum
3138 1563 3380 1627 instaret,
3411 1544 3605 1635 rexque
3618 1567 3793 1634 adesset,

2291 1665 2347 1712 et
2378 1656 2511 1711 alios
2550 1657 2757 1711 videres
2787 1657 2839 1711 in
2886 1656 3087 1711 medias
3129 1635 3420 1728 phalangas
3462 1674 3519 1712 se
3553 1660 3802 1727 immittere,

2293 1746 2559 1804 caedentes
2594 1755 2650 1803 et
2687 1749 2995 1803 innumeros
3020 1748 3327 1817 vulneribus
3365 1734 3663 1817 afﬁcientes,
3686 1754 3805 1812 alios-

2293 1856 2398 1914 que
2416 1842 2475 1907 in
2505 1842 2771 1911 singulare
2790 1851 3057 1921 certamen
3077 1842 3484 1912 descendentes,
3514 1846 3638 1902 alios
3656 1851 3809 1905 saltau-

2295 1943 2399 2001 tes,
2426 1935 2559 1991 alios
2587 1950 2754 2004 equos
2782 1935 3066 2006 agitantes,
3089 1950 3119 1990 a
3149 1951 3275 2007 rege
3302 1935 3526 2002 laudari,
3553 1940 3602 1994 in
3629 1943 3810 1998 admira-

2297 2026 2440 2082 tione
2481 2026 2683 2090 haberi,
2718 2026 2989 2101 plausibus
3017 2025 3211 2097 excipi,
3257 2030 3538 2099 coronari;
3579 2033 3698 2087 alios
3719 2050 3815 2088 eon-

2299 2127 2403 2181 tra,
2435 2119 2523 2189 qui
2552 2127 2799 2188 Optarent
2824 2118 2955 2173 nihil
2987 2120 3110 2174 mali
3140 2120 3266 2189 pati,
3304 2130 3359 2174 et
3396 2121 3606 2177 ultimos
3630 2102 3815 2181 tenerent

2296 2210 2549 2267 ordines:
2580 2209 2878 2287 deindeque
2898 2211 3071 2266 soluto
3097 2200 3257 2279 bello,
3285 2212 3424 2267 alios
3448 2216 3644 2281 vocari,
3666 2220 3821 2288 unguit

2298 2302 2610 2357 muneribus
2640 2302 2832 2372 excipi,
2864 2311 2918 2357 et
2945 2304 3235 2364 celebrari;
3283 2304 3499 2359 illorum
3525 2320 3646 2361 vero
3670 2323 3725 2361 ne
3754 2326 3820 2362 no-

2298 2409 2419 2449 men
2449 2393 2663 2466 quidem
2688 2395 2932 2464 proferri,
2960 2394 3055 2450 sed
3080 2411 3235 2449 unam
3262 2395 3495 2469 salutem
3523 2398 3744 2468 accipere
3758 2399 3824 2453 bo.

2298 2502 2487 2541 norum
2529 2487 2829 2542 mercedem
2863 2506 2875 2542 :
2908 2503 2977 2542 es
3008 2496 3248 2559 utrorum
3282 2504 3515 2543 numero
3541 2504 3656 2545 esse
3679 2489 3826 2561 velles?

2298 2577 2516 2631 Etiamsi
2552 2576 2793 2646 lapideus
2815 2593 2983 2645 esses,
3016 2578 3221 2653 etiamsi
3252 2576 3656 2635 insensibilibus
3690 2590 3739 2635 et
3772 2581 3825 2633 ln-

2299 2668 2547 2723 animatis
2578 2668 2848 2738 ignavior;
2890 2684 3069 2724 annon
3094 2670 3291 2724 millies
3332 2681 3557 2739 optares
3587 2688 3649 2726 ex
3674 2671 3823 2727 illorum:

2299 2774 2523 2815 numero
2550 2761 2709 2831 esse?
2752 2762 2922 2821 Etiam
2958 2777 3054 2816 oro
3091 2772 3145 2817 et
3173 2762 3427 2818 obsecro.
3479 2763 3695 2833 Etiamsi
3733 2766 3828 2835 enim

2298 2863 2621 2925 pugnantem
2649 2854 2841 2910 cadere
2867 2866 3160 2925 oporteret,
3183 2871 3363 2927 annon
3387 2857 3527 2912 illud
3549 2867 3746 2913 strenue
3762 2868 3837 2913 erat

2299 2947 2643 3019 eligendum?
2670 2948 2783 3003 Non
2819 2948 2971 3004 vides
3000 2963 3112 3013 eos,
3140 2950 3230 3021 qui
3274 2950 3327 3004 in
3371 2949 3459 3027 his
3490 2950 3645 3019 bellis
3671 2949 3836 3023 cadunt,

2297 3056 2458 3111 quam
2486 3040 2594 3095 sint
2619 3041 2750 3095 clari
2783 3049 2838 3097 et
2874 3042 3137 3112 gloriosi?
3171 3042 3334 3113 Atqui
3376 3052 3507 3112 post
3534 3053 3748 3098 mortem
3771 3058 3843 3095 non

2298 3141 2527 3205 possunt
2552 3149 2583 3188 a
2609 3149 2738 3204 rege
2768 3135 3039 3190 honorari.
3068 3135 3126 3191 ln
3156 3137 3245 3191 illo
3269 3146 3464 3192 autem
3500 3136 3643 3205 bello
3668 3137 3844 3191 nihili»

2300 3223 2374 3291 le,
2401 3224 2497 3280 sed
2524 3226 2742 3280 omnino
2768 3228 3087 3297 conspicuus
3109 3227 3237 3294 eris,
3265 3228 3309 3282 si
3341 3229 3639 3283 cicatrices
3663 3229 3849 3283 habeas:

2297 3332 2429 3387 quas
2445 3318 2645 3372 utinam
2663 3335 2760 3372 nos
2777 3335 2962 3374 omnes
2976 3319 3236 3375 exhibere
3256 3322 3566 3389 possimus,
3584 3322 3735 3389 etiam
3745 3330 3851 3375 extra

2296 3412 2758 3480 persequutiones,
2785 3413 2836 3466 in
2857 3412 3072 3468 Christo
3098 3413 3224 3469 Jesu
3262 3414 3514 3471 Domino
3558 3424 3757 3487 nostro,
3778 3414 3858 3482 qui-

2297 3518 2417 3557 cum
2438 3503 2576 3558 Patri
2598 3514 2653 3560 et
2674 3504 2893 3574 Spiritui
2916 3515 3103 3560 sancto
3131 3505 3321 3575 gloria,
3360 3506 3684 3575 imperium,
3712 3504 3857 3565 honor,

2272 3610 2445 3675 nunc
2472 3604 2527 3650 et.
2554 3610 2787 3665 semper,
2831 3604 2886 3650 et
2927 3597 2980 3649 in
3022 3590 3214 3651 sm’cula
3246 3598 3619 3652 sreculorum.
3654 3598 3817 3655 Amen.

2000 3802 2345 3873 HOMILIA
2380 3802 2617 3863 XXIV.

616 3964 742 4029 Car.
778 3967 861 4020 ΙΟ-
894 3983 941 4018 ν.
974 3968 1063 4022 44.
1090 3967 1267 4021 Adhuc
1295 3969 1523 4038 loquente
1554 3966 1706 4021 Petro
1741 3956 1887 4020 uerba
1916 3968 2042 4033 Iitec,
2072 3966 2199 4019 ccci-

690 4059 763 4113 dit
790 4060 1017 4130 Spiritus
1052 4074 1254 4115 sanctus
1290 4078 1441 4130 super
1478 4077 1650 4114 omnes
1675 4061 1760 4133 qui
1792 4060 2062 4113 audiebant
2090 4076 2199 4117 ver-

690 4154 823 4207 bum.
855 4156 944 4210 43.
977 4153 1046 4209 Et
1075 4156 1435 4226 obstupuerunt
1475 4172 1539 4211 ex
1582 4156 1956 4212 circumcisione
2001 4154 2193 4223 ﬁdeles,

691 4247 777 4314 qui
813 4258 1047 4301 uenerant
1089 4265 1201 4301 cum
1238 4247 1411 4311 Petro,
1442 4249 1558 4319 quia
1588 4248 1713 4300 etin
1753 4248 1979 4300 nationes
2008 4247 2198 4299 donum

698 4339 923 4406 Spiritus
950 4341 1108 4393 sancti
1134 4338 1349 4406 eﬂ'usum
1375 4352 1445 4393 est
1470 4355 1489 4392 :
1516 4341 1603 4394 «i6.
1633 4340 1902 4392 audiebant
1928 4340 2058 4392 enim
2083 4339 2199 4393 illos

694 4433 948 4501 loquentes
975 4434 1181 4503 linguis,
1209 4443 1255 4485 ct
1285 4434 1664 4503 magniﬁcantcs
1690 4432 1873 4486 Deum.

694 4525 744 4578 l.
798 4523 925 4577 Vide
976 4525 1065 4579 Ρ)ρὶ
1112 4525 1487 4580 ωςοιιθηιὶηηι.
1539 4524 1653 4578 Non
1702 4525 1940 4594 permisit
1994 4523 2196 4577 absolvi

618 4629 940 4677 sermonem,
976 4631 1147 4683 neque
1170 4632 1232 4670 ex
1269 4625 1535 4685 praecepto
1559 4616 1698 4669 Petri
1722 4615 2042 4685 baptismum
2059 4615 2196 4679 dari;

618 4706 709 4760 scd
742 4706 861 4775 quia
893 4719 1124 4762 mentem
1156 4708 1477 4762 exhibebant
1518 4708 1912 4765 mirabilem,et
1941 4707 2197 4761 doctrinae

619 4799 932 4867 principium
965 4812 1297 4875 acceperant,
1322 4801 1713 4869 credebantque
1737 4800 2053 4869 baptismum
2079 4815 2199 4855 esse

618 4893 986 4947 remissionem
1011 4905 1377 4962 peccatorum,
1412 4907 1535 4950 tunc
1560 4894 1774 4950 advenit
1804 4894 2049 4964 Spiritus.
2085 4895 2197 4949 lloc

617 4994 794 5037 autem
826 4984 1003 5048 ﬁebat,
1036 4987 1157 5054 quia
1193 4986 1331 5040 Deus
1362 4986 1738 5055 prospiciebat,
1774 4994 1829 5041 ut
1859 4987 2048 5041 Petrus
2079 5002 2196 5041 ma-

619 5088 774 5142 gnam
800 5075 1162 5131 defensionem
1198 5077 1434 5133 haberet.
1482 5078 1597 5133 Non
1636 5079 1794 5133 modo
1835 5087 2013 5135 autem
2039 5079 2199 5142 Spiri-

623 5173 733 5217 tmn
762 5167 1047 5235 accipiunt,
1082 5168 1175 5223 sed
1202 5168 1393 5240 linguis
1428 5170 1798 5240 loquebantur,
1829 5170 1881 5224 id
1907 5171 2046 5241 quod
2078 5186 2193 5236 eos,

622 5256 711 5324 qui
741 5270 1122 5324 convenerant,
1162 5262 1534 5331 obstupefecit.
1568 5261 1676 5317 Cur
1708 5264 1775 5316 ita
1810 5278 1895 5317 res
1926 5264 2200 5333 dispensa-

623 5352 745 5402 tur?
770 5349 991 5419 Propter
1018 5353 1231 5407 Judaeos
1258 5376 1271 5410 :
1296 5358 1492 5410 etenim
1525 5356 1626 5411 hoc
1656 5356 1760 5411 illis
1786 5372 2032 5426 perosum
2061 5366 2195 5419 erat.

625 5441 746 5496 Ideo
786 5442 979 5513 ubique
1018 5461 1045 5497 a
1082 5447 1189 5501 Deo
1226 5459 1390 5502 totum
1419 5449 1664 5504 cl’iicitur.
1718 5451 1781 5504 Et
1817 5450 2006 5505 Petrus
2047 5450 2196 5520 quasi

622 5533 843 5588 fortuito
868 5535 1038 5602 adest,
1065 5536 1265 5593 docens
1285 5549 1532 5607 oportere
1547 5540 1763 5597 demum
1788 5541 1905 5596 illos
1926 5542 1989 5596 ad
2012 5553 2199 5612 gentes

617 5629 899 5696 accedere,
927 5639 980 5685 et
1007 5631 1147 5700 quod
1180 5643 1397 5701 propter
1425 5648 1519 5687 eos
1545 5634 1597 5688 id
1619 5635 1731 5689 fieri
1763 5651 1856 5704 par
1876 5636 1943 5689 sit
1976 5652 1989 5687 :
2026 5651 2199 5704 neque

620 5722 854 5776 mireris.
883 5724 1013 5778 Cum
1044 5724 1186 5778 enim
1233 5734 1351 5795 post
1385 5734 1549 5793 tanta,
1581 5736 1636 5782 et
1663 5727 1919 5782 Caesarem
1949 5740 2002 5783 et
2040 5727 2195 5782 Jero-

621 5814 843 5887 solymis
868 5817 1234 5873 controversia
1263 5817 1438 5882 luerit,
1472 5817 1599 5888 quid
1631 5834 1735 5873 non
1765 5819 1960 5874 factum
1991 5821 2193 5884 luisset,

2304 3966 2348 4020 si
2391 3967 2503 4019 haec
2543 3982 2648 4021 non
2691 3967 3009 4038 subsequuta
3036 3971 3256 4025 essent?
3286 3971 3433 4027 Ideo
3467 3972 3592 4043 hmo
3632 3971 3778 4043 modo
3801 3972 3876 4025 sin.

2272 4132 2273 4135 η
2303 4059 2472 4127 gulari
2504 4058 2655 4114 ﬁunt.
2689 4058 2821 4114 Vide
2857 4070 3036 4125 autem
3077 4063 3356 4133 quomodo
3393 4063 3609 4119 Petrus
3645 4063 3871 4118 θεοθεὶοω

2301 4162 2519 4222 accepta
2546 4168 2604 4208 se
2628 4154 2899 4225 defendat.
2937 4156 3087 4222 Quod
3115 4167 3292 4231 autem
3345 4169 3485 4227 post
3522 4160 3672 4223 illam
3704 4158 3871 4212 occasio

2302 4260 2427 4299 nem
2454 4246 2790 4315 respondeat,
2826 4247 2954 4309 audi
2983 4250 3377 4318 evangelistam
3412 4261 3736 4307 narrantem
3760 4260 3801 4304 et
3819 4248 3872 4299 di-

2301 4348 2511 4393 centem
2542 4356 2555 4391 :
2586 4340 2673 4393 47.
2707 4338 2847 4403 Tunc
2875 4342 3132 4411 respondit
3155 4342 3352 4399 Petrus
3393 4362 3416 4400 :
3450 4345 3729 4421 Numquid
3749 4359 3884 4413 eam!!!

2302 4430 2412 4498 quis
2441 4429 2701 4500 prohibere
2724 4442 2903 4498 potest,
2948 4443 2999 4485 ut
3026 4451 3125 4486 non
3156 4435 3509 4503 baptizentur
3541 4439 3619 4504 lii,
3651 4438 3735 4509 qui
3753 4435 3886 4503 Spirﬁ

2303 4532 2408 4575 tum
2434 4532 2660 4576 sanctum
2687 4536 3005 4595 acceperunt,
3033 4526 3163 4579 sicut
3191 4536 3236 4579 et
3262 4544 3374 4584 nos
3391 4531 3420 4584 ?
3454 4529 3663 4586 Viden”
3692 4546 3787 4601 quo
3808 4542 3893 4580 rem

2302 4612 2538 4679 deduxit,
2563 4623 2615 4669 et
2635 4631 2790 4685 quam
2813 4626 3033 4684 cuperet
3058 4617 3156 4673 hoc
3179 4617 3395 4685 efferre
3419 4621 3447 4676 ?
3496 4623 3599 4679 Sic
3620 4619 3894 4691 jamdudum

2302 4705 2354 4758 in
2382 4706 2560 4759 animo
2590 4704 2836 4761 habebat.
2872 4706 3133 4779 Numquid
3160 4726 3392 4782 aquam,
3439 4698 3659 4786 inquit,
3691 4713 3791 4784 quis
3810 4726 3903 4780 pfO‘

2303 4798 2471 4852 hibera
2507 4800 2711 4869 potest?
2742 4800 2851 4863 [loc
2898 4801 3121 4856 fereoest
3167 4802 3543 4875 insurgentis
3588 4808 3645 4861 in
3690 4820 3803 4863 eos,
3834 4802 3899 4867 qui

2304 4892 2668 4959 prohiberent,
2697 4909 2758 4947 ac
2782 4894 3024 4948 dicerent
3061 4878 3161 4951 hoc
3201 4911 3317 4950 non
3369 4912 3657 4968 oportere
3681 4893 3904 4954 herili»

2304 4993 2413 5038 tum
2442 4984 2633 5039 factum
2656 4996 2761 5051 est,
2792 4987 2980 5057 inquit.
3005 4988 3143 5056 quod
3170 4988 3361 5059 magis
3390 4992 3782 5047 necessarium
3801 5002 3909 5041 erat.

2302 5077 2559 5145 baptisma
2590 5093 2800 5148 nempe,
2826 5095 2931 5149 quo
2960 5094 3054 5134 nos
3086 5081 3356 5150 baptizati
3389 5062 3631 5140 sumus.
3664 5083 3755 5140 48.
3783 5080 3913 5134 lum!

2301 5169 2415 5223 illos
2454 5168 2711 5239 baptizari
2740 5173 2793 5224 in
2822 5171 3022 5225 nomine
3047 5170 3171 5226 Jcsu
3200 5171 3445 5229 Christi.
3503 5178 3802 5247 Postquam
3826 5184 3920 5225 sese

2304 5265 2565 5331 purgavit,
2614 5264 2774 5334 jussit
2816 5266 2934 5319 illos
2979 5265 3260 5341 baptizari,
3324 5268 3475 5325 illos
3524 5286 3634 5341 per
3681 5283 3769 5325 res
3807 5267 3920 5334 "tum

2302 5355 2585 5410 instituens
2618 5374 2631 5409 :
2676 5357 2808 5412 adeo
2842 5371 3025 5424 perosa
3070 5374 3156 5412 res
3194 5368 3331 5413 erat
3367 5361 3630 5418 Judmis.
3665 5358 3920 5427 ldeoprim

2301 5461 2420 5501 sese
2453 5457 2660 5517 purgat,
2692 5450 2933 5517 quamvis
2981 5464 3071 5505 res
3110 5451 3237 5518 ipsa:
3304 5453 3691 5519 clamarent,
3735 5463 3791 5511 et
3828 5462 3920 5505 tunc

2302 5542 2573 5610 praecepit.
2594 5541 3051 5613 Tuncrogaverunt
3077 5560 3207 5615 eum,
3238 5555 3311 5597 ut
3341 5560 3610 5604 maneret
3641 5551 3830 5610 aliquot
3850 5547 3920 5596 die

2256 5702 2259 5703 ν
2301 5632 2407 5687 bus.
2438 5632 2569 5687 llinc
2591 5636 2712 5703 jure
2739 5634 2825 5689 ille
2849 5649 2967 5688 cum
2988 5634 3451 5713 ﬁduciamanet.
3478 5638 3919 5713 (Cap.l'l.)l..»luv

2300 5727 2499 5780 dierum
2528 5730 2699 5791 autem'
2732 5728 2948 5797 apostoli
2985 5740 3029 5789 et
3058 5731 3285 5810 fratres,1
3311 5734 3422 5799 qui
3470 5745 3639 5809 erant
3667 5737 3725 5790 in
3758 5733 3920 5784 Judaa

2298 5820 2536 5889 quoniam
2571 5828 2617 5874 et
2646 5830 2813 5891 gentes
2847 5828 3136 5891 receperant
3165 5821 3410 5878 verbum
3448 5824 3564 5883 Dei
3620 5826 3682 5883 Ξ.
3715 5825 3839 5883 Cum
3862 5837 3919 5875 att
