4076 6354
186 266 287 323 185

174 386 454 450 γεγόνασζ.
477 379 745 454 Φοϐήθητι
784 383 844 436 τὸ
871 382 966 436 τοῦ
1020 382 1302 454 μέλλοντος
1349 384 1564 455 ἄδηλον.
1607 386 1693 447 Ὡς
1730 384 1851 436 κλέ-

176 487 321 540 πτης
350 472 411 523 ὲν
452 470 631 535 νυκτὶ,
677 471 846 535 οὕτως
894 470 1113 541 ἔρχεται
1139 474 1167 524 6
1194 471 1455 536 Θάνατος·
1513 472 1630 524 οὐδὲ
1670 470 1853 535 ἁπλῶς

174 560 249 621 ὡς
280 556 548 627 κλέπτης,
594 558 729 612 ἀλλά
768 557 1135 612 καθευδόντων
1192 558 1349 629 ἡμῶν
1402 559 1719 621 ἐπιτίθεται,
1762 560 1853 611 καί

174 640 567 727 ῥᾳθυμοῦντας
596 645 778 698 λαϐὼν
806 645 1013 699 ἄπεισι.
1077 644 1173 698 Διά
1208 646 1364 698 τοῦτο
1393 645 1584 716 ἄδηλον
1632 646 1853 715 ἐποίησε
1904 662 1922 722 ξ
1954 648 2129 700 πόνων
2152 649 2244 701 καὶ
2272 649 2663 720 ταλαιπωρίας,
2688 648 2805 715 ἐξὸν
2860 648 3084 725 ἀπονητὶ
3117 656 3295 710 πάντα
3345 655 3615 709 ἀπολύσα-

169 733 230 784 τὸ
256 732 462 801 μέλλον
494 733 522 785 6
552 731 702 795 Θεὸς,
747 730 838 785 ἴνα
871 734 958 785 ἀεὶ
989 728 1067 803 τῷ
1096 735 1195 802 τῆς
1228 734 1555 802 προσδοκίας
1588 733 1767 803 ἀδήλῳ
1796 734 1853 784 ἐν

169 820 340 889 ἀρετῇ
368 816 671 888 διάγωμεν.
703 818 864 872 Ἀλλά
896 820 1274 891 φιλάνθρωπός
1317 821 1453 882 ἐστι,
1491 821 1645 889 φησί.
1679 820 1854 889 Μέχρι

168 905 299 957 πότε
340 905 404 956 τὸ
439 900 652 973 ψυχρὸν
702 904 858 958 τοῦτο
898 904 1051 975 ῥῆμα
1100 906 1190 958 καὶ
1243 906 1647 974 καταγέλαστον
1704 904 1857 971 λέγοι

170 1009 299 1061 μενς
365 988 512 1060 Ἐγὼ
557 993 656 1062 οὐχ
712 992 792 1046 ὅτι
853 993 1231 1063 φιλάνθρωπός
1293 997 1438 1047 ἐστιν
1474 995 1502 1046 6
1555 993 1686 1055 Θεὸς
1715 992 1856 1059 λέγω

170 1081 334 1150 μόνον
388 1077 485 1135 καί⁵
542 1081 823 1151 παύομαι·
882 1081 996 1135 ἀλλ’
1047 1082 1128 1134 6::
1171 1080 1327 1135 οὐδὲν
1356 1079 1856 1151 φιλανθρωπότερον

168 1166 365 1231 αὐτοῦ,
400 1168 501 1221 καὶ
532 1166 614 1221 ὅτι
644 1168 930 1240 χρησίμως
970 1166 1190 1222 ’ἅπαντα
1216 1166 1284 1221 τὰ
1316 1170 1437 1221 καθ’
1475 1169 1620 1239 ἡμᾶς
1654 1168 1857 1220 οἰκονο-

170 1259 280 1325 μεῖ.
316 1256 531 1318 Πόσους
562 1250 693 1325 δρᾷς
716 1252 777 1307 ἐν
825 1255 1014 1326 ἡλικίᾳ
1062 1255 1210 1325 πάσῃ
1242 1255 1494 1325 ἐλέφαντι
1536 1254 1855 1322 ὃιάγοντας;

170 1342 377 1404 πόσους
403 1341 517 1395 ἀπὸ
537 1343 759 1415 πρώτης
787 1342 1005 1413 ἡλικίας
1030 1343 1439 1411 τυφλώττοντας
1462 1341 1623 1413 μέχρι
1650 1344 1855 1411 γήρως,

167 1428 371 1491 ἄλλους
403 1430 464 1480 ἐν
500 1428 747 1499 πηρώσει
799 1428 936 1499 μετὰ
962 1428 1135 1482 ταῦτα
1165 1430 1511 1500 γενομένους,
1557 1428 1751 1490 ’ἄλλους
1802 1428 1858 1479 ἐν

169 1517 366 1587 πενία,
394 1515 591 1579 ἄλλους
623 1518 680 1568 ἐν
710 1517 950 1587 δεσμοῖς,
983 1517 1203 1586 ἐτέρους
1233 1519 1290 1568 ἐν
1321 1515 1621 1585 μετάλλοις,
1667 1514 1860 1576 ἄλλους

166 1603 311 1673 ὁμοῦ
370 1603 846 1673 καταχωσθέντας,
905 1603 1097 1667 ἄλλους
1138 1606 1196 1657 ἐν
1253 1602 1508 1673 πολέμοις
1558 1600 1860 1655 ἀναλωθέν-

166 1709 269 1754 τας
296 1704 319 1732 ει
344 1709 364 1756 ;
401 1689 591 1746 Ταῦτα
620 1692 720 1744 οὐκ
745 1691 859 1745 ἔστι
898 1690 1340 1765 φιλανθρωπίας;
1371 1691 1493 1744 εἰπέ
1530 1708 1619 1761 μοι
1642 1708 1656 1721 ο
1690 1689 1862 1743 ταῦτα

170 1783 278 1835 οὐκ
334 1782 563 1837 ἐδύνατο
599 1780 861 1848 κωλῦσαι,
895 1782 944 1835 εἰ
989 1775 1289 1854 ἠθέλησεν;
1325 1782 1442 1835 ἀλλ’
1476 1783 1688 1853 ἀφίησι.
1733 1782 1858 1847 Ναὶ,

173 1869 337 1940 φησί.
386 1871 463 1922 Σὺ
513 1869 569 1922 δὲ
603 1870 724 1923 εἰπέ
751 1888 863 1941 μοι,
887 1869 973 1924 διὰ
998 1871 1051 1923 τί
1080 1870 1128 1922 οἰ
1169 1871 1233 1923 ὲκ
1262 1871 1483 1940 πρώτης
1516 1870 1725 1941 ἡλικίας
1770 1886 1864 1921 τυ-

171 1957 339 2026 φλοίς
404 1959 520 2011 Οὐκ
572 1956 705 2028 ἐρῶ,
740 1957 847 2017 ἓως
876 1957 943 2011 ἂν
995 1957 1205 2029 ὑπόσχῃ
1239 1974 1349 2028 μοι,
1380 1958 1463 2010 ὅτι
1497 1956 1728 2027 φωτίζῃ,
1782 1957 1863 2009 ὅτι

172 2046 479 2114 φωτισθεὶς
516 2046 656 2115 βιοῖς
693 2043 887 2116 ὀρθῶς.
923 2044 1074 2117 [I91]
1114 2046 1186 2100 υύ
1216 2044 1370 2116 Θέμις
1411 2064 1492 2099 σοι
1526 2045 1593 2099 τά
1640 2043 1865 2098 τοιαῦτα

171 2134 527 2187 ἐπιλύεσθαι·
547 2135 607 2186 ού
640 2137 750 2204 γὰρ
772 2134 834 2205 δὴ
862 2133 1281 2205 μέχριτέρψεώς
1311 2137 1459 2188 ἐστιν
1491 2137 1519 2187 6
1547 2135 1723 2203 λόγος.
1748 2132 1866 2187 Κᾶν

168 2222 288 2291 γάρ
321 2221 487 2274 τοῦτο
515 2222 682 2286 λύσω,
716 2221 898 2292 ἓτερον
922 2222 1300 2293 ἐπεισέρχεται
1333 2220 1552 2294 ζήτημα
1573 2238 1585 2251 ’
1634 2219 1867 2284 ἄϐυσσος

167 2311 288 2379 γάρ
319 2311 443 2361 ἐστι
488 2308 821 2380 ζητημάτων
848 2311 881 2379 ἡ
909 2308 1119 2380 Γραφή.
1162 2310 1325 2362 Ὥστε
1364 2309 1439 2380 μὴ
1478 2310 1637 2379 μόνον
1662 2307 1867 2372 ἐθίζετε

169 2397 416 2459 ἑαυτοὺς
451 2396 590 2467 πρὸς
624 2395 687 2449 τὸ
720 2396 873 2448 λύσιν
918 2396 1149 2471 ζητεῖν,
1177 2396 1314 2449 ἀλλά
1349 2396 1444 2449 καὶ
1504 2394 1639 2465 πρὸς
1693 2394 1755 2447 τὺ
1794 2394 1867 2464 μὴ
1928 2390 1933 2393 ἠ

172 2478 370 2554 ζητεῖν
394 2484 447 2536 δ.
496 2481 647 2536 Ἐπεὶ
698 2484 951 2537 οὐδέποτε
996 2483 1308 2554 στησόμεθα
1366 2482 1677 2554 ζητοῦντες.
1738 2479 1867 2534 Ἰδοὺ

170 2574 311 2642 γὰρ,
363 2572 430 2626 ἂν
466 2572 621 2625 τοῦτο
646 2571 812 2635 λύσω,
852 2572 1048 2642 μυρίας
1096 2568 1320 2641 νιφάδας
1350 2569 1675 2623 ἐπιδεικνύω
1704 2568 1871 2639 ζητη-

180 2663 396 2731 μάτων.
437 2660 602 2712 ’Ὥστε
652 2659 1011 2730 μανθάνωμεν
1045 2658 1241 2728 μᾶλλον
1293 2656 1452 2711 τοῦτο
1483 2655 1750 2727 ζητεῖν,ἢ
1801 2656 1872 2708 τά

178 2746 498 2818 ζητηθέντα
524 2745 703 2800 λύειν.
750 2742 885 2799 Ούτε
918 2747 1047 2816 γὰρ,
1079 2746 1172 2797 ἐὰν
1202 2744 1472 2816 λύσωμεν,
1511 2744 1725 2805 πάντως
1753 2742 1873 2794 ἐλύ-

182 2851 401 2905 σαμενο
464 2832 601 2889 ἀλλᾶ
656 2834 797 2888 κατά
844 2832 1182 2905 ἀνθρώπινον
1219 2833 1477 2904 λογισμὸν
1532 2831 1707 2885 οἰκεία
1765 2830 1871 2884 τῶν

180 2914 451 2975 τοιούτων
487 2921 641 2985 λύσις
767 2918 948 2984 πίστις
981 2921 1122 2985 ἐστὶ,
1178 2919 1239 2973 τὸ
1290 2918 1511 2982 εἰδέναι,
1560 2919 1640 2972 6::
1695 2918 1871 2972 πάντα

181 3008 416 3073 δικαίως
481 3010 577 3061 καὶ
630 3008 1025 3079 φιλανθρώπως
1072 3009 1102 3060 6
1157 3007 1287 3071 Θεὸς
1336 3008 1431 3062 καὶ
1488 3007 1874 3078 συμφερόντως

182 3103 374 3152 ποιεῖ·
428 3096 514 3152 ὅτι
566 3096 892 3153 καταλαϐεῖν
923 3094 1103 3151 αὐτῶν
1132 3095 1223 3150 τὸν
1277 3096 1435 3164 λόγον
1478 3097 1578 3148 οὐκ
1625 3094 1724 3149 ἔνι.
1756 3090 1871 3148 Μία

183 3188 347 3251 λύσις
369 3186 534 3257 αὕτη,
568 3186 661 3240 καὶ
678 3184 884 3257 ταύτης
908 3185 1147 3257 ἀμείνων
1166 3182 1331 3255 ἑτέρα
1359 3185 1458 3238 οὐκ
1482 3180 1617 3237 ἔστι.
1648 3183 1714 3237 Τί
1739 3182 1867 3255 γάρ,

188 3276 315 3329 εἰπέ
342 3294 459 3345 μοι,
490 3275 590 3346 τῆς
623 3274 832 3339 λύσεως
866 3274 1059 3347 ἕργον;
1116 3273 1342 3338 Πάντως
1382 3273 1579 3345 μηκέτι
1605 3270 1788 3344 ζητεῖν
1815 3272 1875 3325 τὸ

188 3364 375 3420 λυθέν.
408 3364 530 3418 Κᾶν
560 3364 714 3418 τοῦτο
742 3363 937 3436 πείσῃς
967 3362 1183 3429 σαυτὸν,
1212 3363 1294 3416 6::
1341 3361 1569 3434 προνοίᾳ
1613 3356 1749 3414 Θεοῦ
1805 3362 1875 3413 τὰ

190 3455 375 3507 πάντα
426 3452 735 3514 διοικεῖται,
768 3450 838 3504 τά
866 3452 965 3522 μὲν
1012 3449 1420 3522 συγχωροῦντος
1470 3448 1536 3502 δι’
1569 3446 1626 3501 ὃν
1652 3445 1760 3502 οἶδε
1789 3448 1875 3501 λό-

190 3558 311 3608 γον,
339 3540 411 3593 τά
437 3538 497 3592 δὲ
528 3538 897 3610 ἐνεργοῦντος,
934 3537 1253 3607 ἀπηλλάγης
1278 3532 1371 3589 τοῦ
1404 3536 1606 3608 ζητεῖν,
1653 3536 1747 3589 καὶ
1778 3536 1876 3605 τῆς

191 3629 403 3691 λύσεως
434 3626 498 3680 τὸ
525 3627 714 3699 κέρδος
741 3626 952 3690 ἔλαϐες.
994 3626 1131 3679 Ἀλλ’
1164 3625 1474 3695 ἐπανίωμεν
1502 3626 1582 3687 εἰς
1633 3621 1693 3676 τὸ
1738 3640 1868 3693 προ-

262 3737 291 3763 ⁸
319 3734 646 3797 Participium
683 3734 1004 3797 ἀναλωθέντας
1034 3733 1083 3797 ξι]
1107 3730 1271 3797 lrit_)u3_
1288 3744 1403 3779 mss.
1430 3730 1592 3779 deest.
1659 3726 1688 3766 Β
1712 3722 1873 3797 Verha

193 3797 318 3845 ἀλλὰ
340 3798 484 3844 καὶ...
510 3792 572 3858 μή
600 3797 771 3855 ζητεῖν,
805 3808 916 3856 qua:
942 3795 992 3841 in
1033 3792 1203 3842 Monlf.
1243 3794 1473 3851 deerant,
1517 3802 1581 3839 ex
1629 3798 1725 3839 uuo
1760 3792 1870 3839 cod.

194 3868 405 3919 recepta
445 3864 577 3908 sunt.
620 3860 755 3908 Enn.

1245 268 1314 324 ΙΝ
1354 269 1537 325 ACTA
1578 266 2112 325 APOSTOLOBUM.
2157 269 2389 328 HOMIL.
2424 274 2610 329 XXIV.

3510 282 3610 335 184

1956 386 2224 457 κείμενον.
2256 389 2407 441 Ἐπεὶ
2437 385 2529 443 οῦν
2557 390 2687 460 ὁρᾷς
2722 388 3006 454 τοσούτους
3034 393 3091 446 ἐν
3120 393 3390 456 κολάσεσι,
3440 394 3612 448 ταῦτα

1953 469 2008 525 δέ
2032 473 2214 534 δ’Θεὸς
2248 473 2515 547 συγχωρεῖ
2544 478 2741 544 πάντα,
2776 478 2975 549 χρῆσαι
2997 482 3061 551 τῇ
3095 480 3274 551 ὑγιείᾳ
3304 482 3397 534 τοῦ
3430 483 3611 551 σώμα-

1952 577 2043 623 τος
2075 563 2152 623 εἰς
2166 560 2265 634 τὴν
2292 562 2502 630 ὑγιείαν
2526 565 2623 633 τῆς
2648 564 2844 636 ψυχῆς.
2872 565 3008 619 Ἀλλ’
3035 568 3199 636 ἐρεῖς·
3237 568 3302 619 Τί
3335 585 3423 637 μοι
3452 569 3614 639 ,χρεία

1955 734 2116 801 σθαι;
2172 732 2419 789 Μάλιστα
2472 740 2570 807 μὲν
2608 739 2727 792 οὐδὲ
2756 736 2911 809 δῆλον
2942 741 3098 794 τοῦτό
3148 743 3285 797 ἐστι,
3322 741 3616 812 Συμϐαίνει

1954 822 2062 893 γάρ
2122 823 2184 876 ού
2246 825 2403 895 μόνον
2456 825 2686 899 ἀπονητί
2742 829 2816 899 μὴ
2878 829 3272 894 ἀπολύσασθαι,
3327 830 3459 883 ἀλλά
3522 830 3617 883 καὶ

1954 908 2212 966 ἀπελθεῖν
2250 913 2425 967 πάντα
2472 915 2677 984 ἔχοντα.
2706 912 2853 984 Πλὴν
2886 920 2933 969 εἰ
2977 915 3071 969 καὶ
3102 908 3258 969 τοῦτο
3284 918 3463 987 δῆλον,
3497 917 3619 970 οὐδὲ

1955 992 2107 1063 οὗτος
2151 1000 2372 1065 ἀνεκτὸς
2421 1002 2449 1054 6
2491 1002 2664 1070 λόγος.
2720 1005 2813 1066 Εἰς
2872 1006 3088 1073 ἀγῶνας
3142 1005 3388 1058 εἵλκυσεν
3413 1021 3426 1034 ·
3480 1004 3619 1057 ὅπλα

1957 1086 2130 1141 κεῖται
2155 1086 2348 1158 χρυσᾶ.
2382 1088 2509 1143 Δέον
2528 1090 2709 1144 λαϐεῖν
2737 1091 2875 1143 αὺτά
2900 1093 2994 1145 καὶ
3027 1092 3524 1163 μεταχειρίσασθαι,
3555 1092 3619 1144 σὺ

1956 1170 2013 1226 δὲ
2044 1173 2219 1243 βούλει
2248 1175 2449 1241 ἀδόξως
2478 1175 2736 1243 σωθῆναι,
2782 1175 2875 1227 καί
2926 1177 3091 1246 μηδεν
3136 1177 3337 1246 ἀγαθὸν
3386 1176 3622 1246 ἐργάσα-

1959 1260 2101 1315 σθαι.
2146 1262 2282 1314 Εἰπέ
2318 1280 2428 1332 μοι,
2472 1263 2520 1314 εἰ
2552 1261 2786 1331 πόλεμος
2813 1266 3172 1335 συνειστήκει,
3206 1265 3299 1318 καὶ
3324 1267 3351 1318 6
3373 1263 3623 1335 βασιλεὺς

1958 1351 2159 1421 παρῆν,
2195 1350 2290 1403 καί¹
2318 1352 2445 1413 τοὺς
2480 1351 2577 1419 μὲν
2622 1346 2757 1413 εἶδες
2778 1352 2857 1413 εἰς
2889 1351 3057 1420 μέσας
3080 1352 3176 1414 τὰς
3205 1352 3486 1421 φάλαγγας
3515 1351 3624 1404 τῶν

1960 1436 2234 1506 πολεμίων
2286 1437 2643 1506 ἐμπεσόντας,
2697 1437 2791 1490 καὶ
2838 1438 3300 1503 κατακόπτοντας,
3334 1440 3427 1492 καὶ
3457 1455 3625 1507 τραυυ

1962 1523 2160 1594 ματίας
2186 1523 2583 1594 ἐργαζομένους
2620 1526 2868 1595 μυρίους,
2908 1522 3125 1594 ἐτέρους
3168 1525 3624 1595 μονομαχοῦντας,

1962 1609 2154 1673 ἄλλους
2204 1609 2488 1681 πηδῶντας
2518 1621 2565 1673 ο,
2597 1609 2787 1674 ἄλλους
2819 1610 2903 1679 ἐφ’
2930 1610 3114 1664 ἵππων
3138 1611 3503 1681 ὀρχουμένους
3533 1611 3629 1662 καὶ

1962 1697 2383 1767 ἐπαινουμένους
2429 1698 2532 1750 ὑπὸ
2561 1696 2654 1751 τοῦ
2687 1696 2969 1767 βασιλέως,
3001 1697 3464 1768 θαυμαζομένους,
3498 1714 3629 1768 κρο-

1961 1786 2273 1857 τουμένους,
2300 1786 2760 1856 στεφανουμένους
2780 1802 2793 1815 °
2836 1786 3056 1855 ἐτέρους
3079 1784 3136 1837 δὲ
3162 1785 3322 1839 πάλιν
3348 1784 3631 1854 ἀγαπητὸν

1962 1874 2316 1944 ἡγουμένους,
2365 1876 2413 1926 εἰ
2445 1873 2608 1945 μηδὲν
2637 1874 2859 1927 πάθοιεν
2907 1873 3095 1939 κακὸν,
3132 1874 3225 1926 καὶ
3271 1872 3369 1944 τὴν
3398 1873 3631 1942 ἐσχάτην

1962 1959 2115 2025 τάξιν
2143 1961 2508 2029 φυλάττοντας
2541 1961 2635 2013 καὶ
2656 1959 2995 2031 καθημένους
3019 1976 3032 1991 ·
3085 1955 3204 2013 εἶτα
3234 1959 3378 2030 μετὰ
3410 1958 3506 2029 τὴν
3535 1957 3630 2010 τοῦ

1965 2048 2200 2118 πολέμου
2263 2047 2435 2107 λύσιν.
2475 2048 2599 2112 τοὺς
2659 2047 2757 2118 μὲν
2805 2045 3191 2117 καλουμένους,
3252 2045 3626 2117 δεξιουμένους

1965 2140 2083 2199 ταῖς
2121 2135 2382 2205 μεγάλαις
2422 2132 2448 2174 ἀ
2496 2136 2743 2206 δωρεαῖς,
2788 2132 3327 2205 ἀνακηρυττομένους
3350 2150 3363 2162 ’
3405 2132 3631 2185 ἐκείνων

1966 2224 2023 2277 δὲ
2072 2224 2191 2276 οὐδὲ
2237 2222 2474 2292 τοῦνομα
2531 2222 2690 2292 δῆλον
2741 2224 3028 2293 γενόμενον
3060 2262 3075 2287 ,
3129 2221 3265 2275 ἀλλὰ
3322 2220 3482 2291 μέχρι
3532 2219 3631 2288 τῆς

1970 2311 2242 2384 σωτηρίας
2288 2311 2468 2373 αὐτοῖς
2531 2310 2629 2381 τὴν
2680 2310 2786 2363 τῶν
2845 2309 3065 2378 ἀγαθῶν
3116 2309 3380 2363 ἀντίδοσιν
3426 2303 3590 2360 οὖσαν
3614 2322 3629 2337 ο

1968 2399 2126 2452 τίνων
2168 2398 2233 2452 ἂν
2269 2399 2536 2470 ἠθέλησας
2591 2397 2872 2466 γενέσθαι;
2934 2397 3001 2450 Εἰ
3053 2396 3161 2467 γὰρ
3192 2394 3391 2458 λίθινος
3445 2389 3535 2463 ῆς,
3586 2392 3637 2444 εἰ

1970 2486 2075 2558 γάρ
2145 2486 2484 2555 ἀναισθήτων
2537 2486 2631 2538 καὶ
2694 2484 2916 2555 ἀψύχων
2969 2484 3344 2554 νωθέστερος,
3405 2482 3506 2533 οὐκ
3571 2474 3637 2534 ἂν

1970 2574 2322 2645 ἐπεθύμησας
2369 2573 2591 2627 ἐκείνων
2620 2573 2869 2643 γενέσθαι
2922 2575 3206 2644 μυριάκις;
3265 2568 3395 2630 Ναὶ,
3449 2569 3637 2638 δέομαι

1972 2663 2066 2715 καὶ
2121 2661 2402 2715 ἀντιϐολῶ.
2441 2662 2503 2715 Εἰ
2544 2660 2655 2732 γὰρ
2706 2663 2892 2714 πεσεῖν
2948 2659 3288 2731 πολεμοῦντα
3318 2658 3483 2735 ἔδει,
3540 2654 3639 2709 οὐκ

1972 2749 2140 2820 ἐχρῆν
2202 2747 2494 2821 προθύμως
2561 2748 2716 2801 τοῦτο
2779 2748 3047 2815 ὲλέσθαι;
3136 2747 3248 2817 Οὐχ
3321 2746 3450 2815 ὁρᾷς
3513 2743 3641 2806 τοὺς

1976 2843 2034 2894 ἐν
2090 2843 2201 2905 τοῖς
2246 2841 2504 2911 πολέμοις
2558 2840 2764 2904 τούτοις
2821 2840 3136 2902 πίπτοντας,
3190 2831 3305 2900 πῶς
3351 2836 3455 2887 εἰσι
3502 2833 3642 2904 λαμ-

1977 2932 2144 3003 προὶ,
2204 2930 2320 2993 πῶς
2387 2929 2624 2997 ἕνδοξοι;
2683 2927 2859 2983 καίτοι
2916 2928 3143 2982 θάνατον
3199 2925 3639 2995 ἀποθνήσκουσι,

1980 3018 2099 3088 μεθ’
2174 3018 2233 3073 ὃν
2299 3019 2396 3070 ούκ
2455 3018 2567 3070 ἐστι
2624 3017 2921 3087 τιμηθῆναι
2988 3013 3138 3083 παρά
3196 3012 3290 3067 τοῦ
3362 3007 3642 3082 βασιλέως.

1990 3107 2113 3160 Ἐπὶ
2164 3106 2220 3159 δὲ
2277 3108 2484 3159 ἐκείνου
2537 3104 2630 3159 τοῦ
2697 3103 2933 3175 πολέμου
2991 3102 3141 3157 οὐδὲν
3200 3100 3460 3162 τοιοῦτον,
3509 3092 3645 3151 ἀλλὰ

1978 3196 2195 3258 πάντως
2249 3194 2577 3265 παραστήσῃ
2627 3192 2752 3255 τοὺς
2806 3191 3081 3262 μώλωπας
3156 3186 3329 3260 ἔχων·
3388 3185 3481 3249 οὒς
3535 3184 3644 3251 γέ-

1976 3300 2121 3336 νοιτο
2180 3281 2385 3343 πάντας
2438 3281 2584 3351 ἡμᾶς
2640 3278 2901 3344 ἐπιδεῖξαι
2958 3278 3049 3332 καὶ
3104 3276 3273 3348 χωρὶς
3345 3270 3599 3342 διωγμῶν
3624 3309 3642 3332 ,

1974 3374 2035 3424 ἐν
2075 3369 2296 3443 Χριστῷ
2344 3366 2518 3439 Ἰησοῦ
2557 3366 2634 3437 τῷ
2674 3367 2862 3436 Κυρίῳ
2899 3365 3078 3436 ὴμῶν,
3120 3361 3270 3436 [192]
3316 3360 3435 3432 μεθ’
3474 3352 3534 3411 οῦ
3568 3356 3647 3431 τῷ

1981 3460 2155 3529 Πατρί
2212 3456 2329 3528 ἅμα
2384 3456 2461 3527 τῷ
2531 3456 2672 3525 ἁγίῳ
2727 3453 3003 3524 Πνεύματι
3049 3451 3213 3517 δόξα,
3271 3450 3507 3520 κράτος,
3560 3462 3646 3500 τι·

1983 3548 2081 3616 μὴν
2144 3546 2240 3600 νῦν
2288 3545 2381 3598 καὶ
2427 3543 2536 3609 ἀεὶ,
2582 3544 2676 3597 καὶ
2726 3545 2804 3607 εἰς
2836 3543 2961 3606 τοὺς
3012 3541 3215 3604 αἰῶνας
3254 3538 3362 3592 τῶν
3413 3534 3647 3590 αἰώνων.

1977 3633 2174 3706 Ἀμήν.

2041 3788 2061 3813 ε
2088 3784 2248 3849 Verba
2275 3782 2447 3849 ἄλλους
2473 3782 2728 3849 πηδῶντας
2758 3792 2818 3849 eg:
2858 3794 2955 3829 uno
2990 3779 3099 3829 cod.
3121 3783 3181 3849 ὀι
3212 3790 3364 3848 marg.
3387 3771 3539 3849 Savjl.
3569 3778 3595 3819 δ
3620 3794 3650 3849 ξ

1970 3849 2168 3896 θθεςίιει.
2194 3847 2332 3895 Ευιτ.
2399 3844 2427 3884 ἀ
2457 3846 2572 3903 Alii,
2593 3844 2928 3905 καλουμένους,
2947 3842 3238 3903 τιμωμένους
3256 3842 3359 3890 ταῖς
3390 3842 3649 3898 μεγίσταις⁸

326 3961 3530 3994 W

1738 4095 1982 4150 UMIAIA
2025 4097 2143 4148 KA'.

204 4198 330 4252 ἐτι
359 4193 697 4259 ,λαλοῦντος
736 4192 842 4247 τοῦ
878 4191 1103 4259 Πέτρου
1134 4190 1206 4243 τὰ
1236 4188 1475 4257 ῥήματα
1497 4187 1706 4249 ταῦτα,
1742 4187 1882 4259 ἕπε-

266 4286 353 4323 σε
426 4266 495 4318 τὸ
585 4257 827 4334 Πνεῦμα
911 4257 1002 4314 τὸή
1067 4260 1388 4334 ἅγιονὲιέπὶ
1449 4259 1679 4334 πάντας
1744 4257 1885 4323 τοὺς

272 4339 614 4400 ἀκούοντας
652 4326 760 4387 τὸν
796 4334 998 4401 λόγον.
1040 4326 1151 4385 Κιλί
1178 4328 1518 4401 ἐξέστησαν
1547 4331 1597 4383 οἱ
1626 4326 1704 4401 ἑλέ
1729 4343 1888 4401 περιτ

274 4407 466 4477 τομῆς
504 4396 728 4465 πιστοὶ,
766 4396 899 4457 ὅσοι
936 4401 1252 4470 συνῆλθον
1296 4398 1373 4465 τῷ
1407 4398 1622 4466 Πέτρῳ,
1671 4397 1761 4450 ὅτι
1790 4396 1887 4449 καὶ

276 4481 374 4520 ιτ)
418 4478 493 4520 τὴ
519 4475 663 4520 ἔθνη
695 4475 734 4520 ἢ
770 4473 955 4520 δωηεὰ
984 4472 1091 4520 τοῦ
1135 4471 1306 4520 ἀποίου
1351 4472 1692 4520 Πνεύαατοι·
1719 4467 1887 4520 ἐκκέ-

276 4472 377 4534 ὲάί
418 4472 493 4530 τὰ
519 4475 663 4541 ἔθνη
695 4475 734 4539 ἡ
770 4473 955 4543 δωρεά
984 4472 1091 4525 τοῦ
1135 4472 1306 4540 ἁγίου
1350 4472 1692 4539 Πνεύματος
1719 4472 1884 4520 ἐκκέ-

278 4562 493 4620 χυτιιι*
535 4545 765 4620 ἢκουον
796 4547 903 4613 γὰρ
934 4540 1134 4620 αὐτῶν
1158 4542 1523 4620 ¹,μῑαλούντιιρν
1555 4538 1884 4608 γλώσσαις,

278 4612 379 4674 ἆξαι
420 4612 886 4687 μεγαλυνόντων
914 4612 1022 4666 τὸν
1060 4612 1227 4666 Θεόν.

279 4751 351 4797 α’.
385 4741 499 4794 Θέα
523 4738 617 4792 τοῦ
642 4737 776 4791 Θεοῦ
802 4736 900 4808 τὴν
929 4735 1257 4805 οἰκονομίαν.
1276 4733 1397 4789 Οὐκ
1416 4734 1624 4804 ἀφῆκεν
1658 4735 1891 4802 ἀπαρτι-

217 4830 414 4902 σθῆναι
464 4826 555 4881 τὸν
583 4826 763 4894 λόγον,
796 4825 915 4877 οὐδὲ
949 4826 1013 4877 ἐκ
1046 4823 1463 4894 προστάγματος
1494 4822 1705 4892 Πέτρου
1739 4820 1891 4888 γενέ-

216 4921 339 4974 σθαι
394 4917 458 4971 τὸ
516 4914 829 4985 βάπτισμα’
894 4912 1010 4965 ἀλλ’
1061 4910 1247 4982 ἐπειδὴ
1290 4909 1388 4979 τὴν
1430 4909 1667 4961 διάνοιαν
1714 4908 1892 4960 αὐτῶν

217 5007 423 5071 ἔδειξαν
480 5002 803 5073 θαυμαστὴν
844 4996 1028 5061 οὖσαν,
1058 4998 1152 5050 καὶ
1206 4999 1304 5068 τῆς
1348 4995 1693 5059 διδασκαλίας
1749 4996 1892 5071 ἀρχὴ

216 5099 429 5165 γέγονε,
462 5092 557 5146 καί
578 5090 922 5153 ἐπίστευσαν,
951 5089 1032 5141 6::
1059 5087 1275 5149 πάντως
1304 5086 1363 5137 τὸ
1390 5083 1671 5153 βάπτισμα
1700 5084 1892 5150 ἄφεσίς

221 5187 360 5236 ἐστιν
390 5178 832 5251 ἁμαρτημάτων,
862 5177 981 5229 τότε
1008 5174 1209 5245 ἐπῆλθε
1241 5172 1302 5225 τὸ
1336 5171 1579 5239 Πνεῦμα.
1631 5170 1799 5222 Τοῦτο
1837 5170 1892 5223 δὲ

222 5270 449 5337 γίνεται,
487 5261 1003 5335 προοικονομοῦντος
1031 5260 1326 5329 ἀπολογίαν
1347 5259 1587 5329 μεγάλην
1608 5258 1687 5328 τῷ
1704 5259 1896 5327 Πέτρῳ

221 5356 308 5408 τοῦ
348 5353 511 5408 Θεοῦ.
552 5350 662 5420 Οὐχ
689 5349 876 5412 ἁπλῶς
898 5349 956 5403 δὲ
984 5350 1049 5402 τὸ
1084 5347 1308 5417 Πνεῦμα
1344 5345 1727 5417 λαμϐάνουσιν,
1762 5344 1895 5397 ἀλλά

224 5444 498 5512 γλώσσαις
529 5438 933 5507 ἐλάλουν,ὅπερ
962 5437 1054 5489 καὶ
1099 5434 1392 5507 ἐξέπληττε
1444 5435 1570 5497 τοὺς
1618 5433 1895 5486 συνελθόν-

224 5550 338 5595 τας.
370 5532 439 5584 Τί
480 5529 689 5599 δήποτε
717 5525 775 5578 δέ
798 5524 979 5588 »οὕτως
1009 5526 1372 5593 οἰκονομεῖται
1403 5522 1463 5575 τὸ
1494 5523 1726 5594 πρᾶγμα
1752 5538 1766 5585 ;
1802 5519 1902 5572 Διά

226 5623 344 5683 τοὺς
407 5606 738 5679 Ἰουδαίουςο
798 5613 894 5667 καὶ
946 5612 1056 5682 γὰρ
1108 5612 1249 5664 πάνυ
1292 5610 1543 5681 ἀπεχθῶς
1577 5607 1720 5680 εἶχον
1768 5610 1902 5678 πρὸς

227 5708 369 5760 αὐτό.
410 5706 501 5757 Διὸ
531 5700 811 5770 πανταχοῦ
843 5699 938 5754 τοῦ
961 5697 1098 5753 Θεοῦ
1121 5699 1183 5750 τὸ
1218 5700 1327 5752 πᾶν
1356 5699 1585 5767 γίνεται.
1616 5698 1725 5749 Καὶ
1754 5699 1781 5750 6
1803 5697 1906 5750 Πέ-

228 5812 348 5866 τρος
371 5793 560 5865 σχεδὸν
582 5790 773 5853 ἁπλῶς
793 5789 1024 5859 πάρεστι
1054 5786 1459 5857 παιδευόμενος,
1482 5787 1563 5839 6::
1579 5784 1659 5837 δεῖ
1674 5783 1858 5837 λοιπὸν
1879 5794 1903 5823 ι

287 5921 311 5947 ⁸
346 5918 534 5969 Λοιπὸν
565 5917 716 5965 dces:
748 5911 799 5961 in
822 5911 1128 5975 quibusdam.

637 6015 913 6072 ΡΑτιιυι..
963 6007 1080 6066 Gn.
1133 6003 1266 6062 LX.

1988 4190 2182 4251 αὐτοὺς
2240 4186 2480 4257 ἅψασθαι
2512 4184 2619 4238 τῶν
2671 4182 2874 4237 ἐθνῶν·
2925 4182 3021 4235 καὶ
3071 4182 3152 4235 ὅτι
3217 4180 3282 4233 δι’
3340 4179 3520 4234 αὐτῶν
3573 4179 3656 4233 δεῖ

1988 4276 2238 4346 γενέσθαι
2297 4275 2474 4328 τοῦτο.
2512 4274 2623 4326 Καὶ
2666 4272 2739 4341 μὴ
2765 4270 3072 4341 θαυμάσῃς.
3121 4269 3295 4322 Ὅπου
3353 4267 3460 4339 γὰρ
3516 4267 3657 4338 μετά

1987 4363 2223 4417 τοσαῦτα
2256 4364 2347 4415 καὶ
2375 4364 2432 4416 ἐν
2462 4360 2767 4432 Καισαρείᾳ
2799 4358 2893 4412 καὶ
2931 4359 2988 4412 ἐν
3029 4356 3422 4428 Ἰεροσολύμοις
3446 4358 3656 4426 ἀμφισ-

1989 4454 2217 4525 ϐήτησις
2241 4454 2469 4522 γίνεται,
2498 4451 2550 4503 τί
2577 4450 2757 4503 οὐκᾶν
2787 4449 3049 4517 ἐγεγόνει,
3084 4448 3132 4499 εἰ
3186 4446 3261 4517 μὴ
3299 4444 3475 4499 ταῦτα
3512 4460 3655 4515 παρ·
3762 4492 3768 4498 .

1987 4541 2351 4613 ηκολούθησε;
2384 4539 2479 4592 Διὰ
2504 4538 2659 4592 τοῦτο
2686 4537 2780 4590 καὶ⁵
2820 4535 2939 4606 μεθ’
2969 4534 3272 4605 ὑπερϐολῆς
3297 4533 3471 4586 ταῦτα
3510 4532 3657 4600 γίνε-

1989 4650 2099 4685 ται.
2132 4631 2275 4702 Ὅρα
2300 4630 2356 4682 δὲ
2382 4628 2500 4692 πῶς
2537 4627 2631 4681 καὶ
2657 4627 2686 4679 6
2729 4627 2930 4696 Πέτρος
2960 4624 3142 4677 λαϐὼν
3168 4621 3423 4692 ἀφορμὴν
3454 4619 3656 4673 ἀπολο-

1990 4723 2190 4788 γεῖται.
2244 4719 2365 4772 "0::
2397 4717 2451 4770 δὲ
2499 4716 2639 4786 μετά
2672 4715 2770 4785 τὴν
2801 4713 3055 4783 ἀφορμὴν
3083 4710 3461 4780 ἀποκρίνεται,
3494 4708 3658 4761 ἄκουε

1990 4807 2085 4861 τοῦ
2157 4803 2541 4875 εὐαγγελιστοῦ
2597 4802 2950 4873 διηγουμένου
3001 4798 3098 4851 καὶ
3169 4795 3454 4862 λέγοντοςο
3521 4793 3659 4846 Τότε

1993 4896 2279 4963 ἀπεκρίθη
2318 4893 2540 4961 Πέτρος
2563 4908 2576 4920 ·
2636 4890 2787 4954 Μήτι
2816 4887 2883 4941 τὸ
2917 4885 3074 4953 ὕδωρ
3106 4883 3374 4938 κωλῦσαι
3410 4882 3659 4936 δύναταί

1993 5001 2084 5047 τις
2109 4982 2217 5036 τοῦ
2236 4981 2321 5052 μὴ
2345 4977 2755 5045 βαπτισθῆναι
2784 4975 3049 5039 τούτους,
3081 4972 3297 5036 οἵτινες
3324 4969 3390 5023 τὸ
3421 4968 3662 5038 Πνεῦμα

1992 5071 2060 5125 τὸ
2093 5070 2263 5139 ἅγιον
2287 5071 2508 5124 ἔλαϐον
2534 5067 2613 5131 ώς
2638 5063 2735 5116 καὶ
2775 5061 2984 5130 ήμεῖς;
3021 5055 3175 5123 Εἶδες
3208 5058 3311 5112 ποῦ
3336 5057 3397 5111 τὸ
3430 5060 3661 5129 πρᾶγμα

1994 5159 2287 5229 ἀνήνεγκε,
2334 5157 2427 5209 καὶ
2481 5152 2597 5215 πῶς
2650 5149 2837 5203 ὥδινεν
2895 5148 3199 5216 ἐξενεγκεῖν
3236 5145 3437 5212 τοῦτο;
3506 5143 3662 5198 Οὕτω

1997 5247 2165 5300 πάλαι
2192 5245 2289 5313 τῆς
2326 5240 2551 5311 γνώμης
2594 5237 2795 5307 ταύτης
2830 5231 2917 5306 ἦν.
2975 5235 3129 5303 Μήτι
3165 5233 3234 5287 τὸ
3285 5233 3463 5302 ὕδωρ,
3504 5232 3658 5303 φησὶ,

1998 5336 2267 5389 κωλῦσαι
2315 5328 2562 5384 δύναταί
2599 5344 2717 5394 τις;
2772 5325 2963 5395 Σχεδὸν
2999 5324 3106 5395 γὰρ
3140 5322 3329 5391 ὥσπερ
3391 5319 3661 5390 ἐπεμϐαί-

1998 5423 2179 5485 νοντός
2199 5423 2314 5473 ἐστι
2346 5421 2454 5480 τοῖς
2489 5414 2756 5469 κωλύουσι
2776 5414 2867 5466 καὶ
2896 5412 3165 5480 λέγουσιν,
3196 5410 3355 5465 ὅτιού
3385 5408 3488 5478 χρὴ
3510 5406 3663 5459 τοῦτο

1997 5510 2271 5576 γενέσθαι.
2315 5500 2389 5559 Τὸ
2450 5507 2556 5559 πᾶν
2610 5504 2831 5572 γέγονε,
2891 5502 3065 5572 φησὶ,
3117 5500 3180 5554 τὸ
3242 5496 3663 5565 ἀναγκαιότερον

1998 5599 2211 5668 γέγονε,
2240 5595 2300 5648 τὸ
2332 5594 2609 5664 βάπτισμα
2653 5592 2682 5644 ὂ
2710 5592 2802 5644 καὶ
2827 5592 2987 5660 ἡμεῖς
3012 5587 3436 5655 ἐϐαπτίσθημεν.
3468 5586 3663 5650 Προσο

1998 5686 2171 5750 έταξέ
2206 5701 2271 5737 τε
2300 5682 2520 5748 αὐτοὺς
2547 5676 2957 5746 βαπτισθῆναι
2986 5677 3057 5730 ὲν
3080 5674 3159 5739 τῷ
3194 5673 3434 5741 ὀνόματι
3469 5668 3663 5737 Ἰησοῦ

2001 5772 2278 5844 Χριστοῦ.
2307 5770 2463 5826 Μετά
2488 5769 2549 5821 τὸ
2577 5765 3043 5837 ἀπολογήσασθαι,
3073 5762 3193 5816 τότε
3218 5761 3401 5822 αὐτοῖς
3431 5759 3459 5799 ι)
3496 5774 3663 5835 προστ

2069 5897 2095 5936 δ
2134 5894 2268 5944 Unus
2299 5893 2406 5941 τότε
2444 5890 2628 5946 αὐτούς.

3188 5966 3264 6026 12
