4076 6354
491 289 594 340 185

485 401 639 466 έταξε
672 404 1053 476 βαπτισθῆναι,
1085 408 1348 462 παιδεύων
1391 414 1585 474 αὐτοὺς
1625 413 1712 466 διὰ
1740 415 1847 468 τῶν
1881 418 2141 488 πραγμάο

483 506 590 542 των
615 508 626 520 ·
683 492 935 545 τοσοῦτον
977 495 1227 565 ἀπεχθῶς
1261 492 1405 567 εἶχον
1434 501 1481 550 οἱ
1520 501 1779 559 Ἰουδαῖοι.
1840 505 1937 557 Διά
1987 505 2144 558 τοῦτο

483 578 745 650 πρότερον
767 583 1131 651 ἀπολογεῖται,
1168 586 1343 638 καίτοι
1373 587 1479 639 τῶν
1509 593 1848 660 πραγμάτων
1873 593 2138 663 βοώντων“,

483 668 576 718 καὶ
605 669 726 722 τότε
769 672 1088 741 προσέταξε.
1135 674 1270 726 Τότε
1306 674 1617 744 ἐρώτησαν
1643 679 1829 732 αὐτὸν
1853 681 2145 749 ἐπιμεῖναι

483 755 706 824 ἡμέρας
757 760 941 826 τινάς.
987 760 1262 814 Ἐντεῦθεν
1314 764 1536 827 εἰκότως
1587 767 1678 818 καὶ
1721 766 1910 839 θαρρεῖ
1961 768 2146 820 λοιπὸν

483 844 578 895 καὶ
633 845 898 915 ἐπιμένει.
952 849 1256 902 Ἤκουσαν
1303 849 1372 902 δὲ
1432 853 1485 904 οἱ
1540 853 1872 907 ἀπόστολοι
1944 855 2045 908 καί
2093 859 2145 908 οι

482 930 727 999 ἀδελφοὶ
778 936 832 986 οἱ
870 933 1039 1000 ὄντες
1076 937 1226 990 κατὰ
1270 936 1384 1004 τὴν
1423 937 1739 1004 Ἰουδαίαν,
1795 943 1884 995 ὅτι
1927 942 2027 997 καὶ
2073 943 2145 996 τὰ

481 1017 625 1084 ἔθνη
659 1020 941 1083 ἐδέξαντο
966 1023 1073 1074 τὸν
1101 1025 1288 1091 λόγον
1314 1026 1419 1079 τοῦ
1475 1028 1642 1082 Θεοῦ.
1683 1030 1790 1083 Καὶ
1833 1029 1931 1083 ὅτε
1959 1031 2142 1097 ἀνέϐη

480 1106 702 1171 Πέτρος
729 1109 815 1172 εὶς
856 1109 1267 1178 Ἰεροσόλυμα,
1305 1111 1669 1180 διεκρίνοντο
1697 1117 1847 1183 πρὸς
1871 1118 2056 1171 αὐτὸν
2088 1119 2145 1172 οὶ

484 1191 546 1242 ἐκ
566 1192 904 1260 περιτομῆς,
941 1193 1090 1267 [195]
1111 1196 1410 1264 λέγοντες,
1441 1201 1527 1253 ὅτι
1547 1202 1700 1268 Πρὸς
1721 1203 1941 1270 ἄνδρας
1965 1205 2142 1270 ἀκρο-

485 1280 734 1331 ϐυστίαν
770 1281 1022 1349 ἔχοντας
1052 1285 1355 1353 εἰσῆλθες,
1403 1288 1502 1341 καὶ
1547 1290 1883 1359 συνέφαγες
1917 1292 2140 1357 αὐτοῖς.

485 1365 637 1420 Μετά
663 1367 952 1440 τ[οσ]αῦτα
977 1374 1348 1440 Διεκρίνοντο
1378 1378 1431 1428 οὶ
1463 1377 1530 1429 ἐκ
1577 1378 1915 1447 περιτομῆς,
1944 1380 2043 1448 οὐχ
2095 1380 2142 1431 οἱ

485 1453 794 1510 ἀπόστολοι.
856 1459 921 1510 Τί
973 1460 1107 1523 ἐστι,
1170 1463 1582 1529 Διεκρίνοντο;
1651 1465 2171 1534 Ἐσκανδαλίζοντοη

481 1543 664 1610 φησὶν,
716 1544 777 1596 οὐ
815 1545 1046 1616 μικρῶς.
1105 1549 1213 1601 Καὶ
1245 1549 1363 1612 θέα,
1389 1550 1440 1603 τί
1479 1551 1888 1622 προϐάλλονται.
1929 1555 2003 1606 Οὐ
2052 1553 2142 1605 λέ-

481 1645 655 1695 γουσι,
695 1631 793 1685 Διά
817 1633 868 1685 τί
915 1637 1305 1706 κατήγγειλας;
1351 1638 1506 1704 ἀλλὰ,
1542 1639 1645 1692 Διά
1682 1641 1738 1692 τί
1765 1643 2144 1711 συνέραγες;

493 1715 552 1769 Ὀ
580 1717 634 1769 δὲ
666 1721 868 1792 Πέτρος
900 1723 960 1775 οὐ
994 1724 1128 1794 πρὸς
1168 1726 1324 1778 τοῦτο
1354 1728 1566 1780 ἵσταται
1600 1728 1659 1780 τὸ
1690 1729 1893 1800 ψυχρὸν
1915 1729 2142 1800 (ψυχρὸν

478 1805 586 1875 γὰρ
620 1806 787 1870 ὅντως
817 1804 927 1880 ἦν),
973 1810 1108 1863 ἀλλά
1167 1812 1300 1883 πρὸς
1350 1815 1527 1867 ἐκεῖνο
1555 1822 1613 1868 τὸ
1643 1817 1804 1886 μέγα,
1833 1817 2026 1885 λέγων,
2060 1820 2140 1871 ὅτι

479 1889 542 1944 Εἰ
592 1895 905 1966 Πνεύματος
937 1898 1229 1967 μετέλαϐον
1257 1904 1347 1954 καὶ
1378 1903 1553 1967 αὐτοὶ,
1600 1903 1715 1967 πῶς
1746 1904 1934 1958 τούτου
1985 1922 2143 1975 μετα-

477 1979 657 2033 δοῦναι
690 1983 788 2035 ούκ
811 1979 908 2054 ἦν;
946 1984 1070 2048 Πῶς
1101 1983 1192 2039 οὖν
1224 1988 1314 2040 ἐπὶ
1341 1988 1450 2040 τῶν
1487 1990 1840 2060 Σαμαρειτῶν
1877 1991 2032 2044 τοῦτο
2079 1993 2138 2044 ού

476 2068 715 2135 γέγονεν,
749 2071 884 2124 ἀλλά
914 2074 1255 2140 τούναντίον;
1302 2077 1395 2128 καὶ
1441 2077 1550 2147 γάρ
1573 2078 1633 2130 οὐ
1665 2077 1825 2148 μόνον
1862 2080 1966 2150 πρὸ
1991 2080 2083 2132 τοῦ
2112 2093 2138 2120 ιι

477 2155 848 2229 βαπτίσματος
878 2163 978 2214 οὐκ
1000 2163 1232 2231 ἐγένετο,
1266 2165 1380 2217 ἀλλ’
1409 2165 1528 2219 οὐδὲ
1569 2167 1705 2236 μετά
1743 2167 1803 2220 τὸ
1837 2167 2135 2238 βάπτισμα.

474 2248 569 2298 καὶ
601 2249 697 2300 οὐκ
747 2251 1147 2322 ἠγανάκτησαν,
1181 2253 1315 2307 ἀλλὰ
1352 2255 1550 2324 μᾶλλον
1596 2256 1926 2320 ἀκούσαντες
1969 2256 2141 2326 ἔπεμ-

472 2332 581 2402 ψαν
604 2335 697 2388 ἐπὶ
728 2335 888 2390 τοῦτο
922 2339 1073 2396 αὐτό.
1098 2339 1237 2392 Ἀλλ’
1264 2341 1384 2395 οὐδὲ
1424 2343 1654 2396 ἐνταῦθα
1679 2343 1836 2396 τοῦτο
1874 2344 2139 2413 ἐγκαλοῦ-

476 2437 591 2476 σιν·
636 2423 852 2494 ᾔδεισαν
884 2426 990 2497 γὰρ
1034 2427 1114 2480 ὅτι
1143 2427 1292 2492 θείας
1335 2430 1553 2500 χάριτος
1572 2427 1678 2502 ἦν·
1730 2432 1883 2496 ἀλλὰ,
1924 2432 2025 2485 Διὰ
2060 2432 2136 2494 τί,

475 2511 627 2578 φασὶ.
660 2513 1028 2581 συνέφαγεςτ
1065 2515 1272 2580 ’Ἄλλως
1296 2515 1352 2569 δὲ
1385 2517 1518 2570 πολὺ
1568 2519 1660 2571 καὶ
1686 2518 1909 2588 ἄπειρον
1940 2519 2000 2570 τὸ
2027 2518 2140 2571 διά-

475 2615 638 2668 φορον
695 2599 1047 2671 Σαμαρειτῶν
1104 2603 1197 2654 καὶ
1269 2603 1455 2656 ἐθνῶν.
1519 2607 1588 2658 Ἢ
1641 2607 1735 2658 καὶ
1785 2607 2140 2675 οἰκονομικῶς

474 2687 682 2754 γίνεται
705 2687 765 2739 τὸ
789 2688 1116 2758 ἐγκληθῆναι
1149 2692 1331 2755 αὐτὸν,
1365 2692 1432 2744 ἵν’
1455 2689 1597 2747 οὗτοι
1631 2694 1876 2762 μάθωσιν
1897 2712 1910 2724 ·
1943 2695 2005 2747 οὑ
2031 2694 2140 2766 γὰρ

473 2768 538 2820 ἂν
571 2768 754 2832 ἁπλῶς
783 2770 986 2841 Πέτρος
1022 2767 1196 2828 εἶπεν.
1234 2775 1373 2844 ’θρα
1401 2775 1458 2826 δὲ
1501 2775 1665 2828 αὐτοῦ
1695 2777 1755 2830 τὸ
1804 2778 2005 2845 ἄτυφον
2047 2781 2139 2832 καὶ

473 2856 803 2919 ἁκενόδοξον.
849 2857 1203 2928 Ἀρξάμενος
1244 2860 1371 2930 γὰρ,
1401 2862 1553 2931 φησὶ,
1593 2862 1813 2931 Πέτρος
1845 2865 2139 2928 ἐξετίθετο

473 2943 677 3009 αὐτοῖς
699 2947 975 3013 καθεξῆς,
1013 2949 1206 3017 λέγων
1229 2965 1241 2976 ·
1282 2949 1428 3018 Ἐγὼ
1452 2949 1614 3017 ἤμην
1641 2951 1711 3002 ἐν
1731 2953 1904 3005 πόλει
1940 2954 2137 3024 Ἰόππῃ

475 3036 980 3103 προσευχόμενος.
1038 3038 1144 3089 Καὶ
1193 3038 1254 3091 οὐ
1310 3037 1455 3106 λέγει
1484 3039 1573 3092 διὰ
1624 3039 1698 3100 τί,
1731 3041 1849 3093 οὐδὲ
1888 3041 1981 3092 ἐπὶ
2010 3044 2139 3113 ποία

478 3121 766 3191 προφάσει.
802 3123 908 3176 Καὶ
936 3120 1100 3178 εἶδον
1131 3125 1199 3178 ἐν
1228 3125 1512 3179 ἐκστάσει
1540 3126 1750 3195 ὅραμα,
1785 3129 2139 3183 καταϐαῖνόν

474 3226 530 3263 τι
576 3212 798 3277 σκεῦος
830 3212 910 3277 ὡς
948 3214 1168 3280 ὀθόνην
1214 3213 1488 3282 μεγάλην
1539 3214 1874 3284 τέσσαρσιν
1927 3219 2139 3287 ἀρχαῖς

473 3299 832 3368 καθιεμένην
870 3301 939 3354 ἐκ
992 3300 1097 3354 τοῦ
1139 3301 1416 3368 οὐρανοῦ,
1436 3301 1531 3354 καὶ
1556 3298 1743 3370 ἦλθεν
1764 3303 1936 3372 ἄχρις
1971 3306 2134 3375 ἐμοῦ.

474 3389 580 3452 Εἰς
612 3386 691 3453 ἣν
715 3389 996 3453 ἀτενίσας
1024 3389 1367 3449 κατενόουν.
1396 3388 1492 3442 καὶ
1525 3387 1686 3444 εἶδον
1723 3393 1792 3444 τὰ
1813 3393 2140 3461 τετράποδα

475 3472 583 3540 τῆς
612 3472 738 3543 γῆς,
767 3475 865 3527 καὶ
902 3479 974 3527 τὰ
1004 3476 1196 3541 θηρία,
1231 3475 1330 3528 καὶ
1380 3477 1453 3530 τὰ
1489 3478 1723 3545 ἑρπετὰ,
1757 3481 1855 3533 καὶ
1908 3483 1977 3537 τὰ
2034 3500 2138 3536 πε-

475 3564 639 3615 τεινὰ
688 3561 792 3615 τοῦ
851 3562 1130 3629 οὐρανοῦ,
1183 3562 1418 3630 ἥκουσα
1481 3565 1549 3617 δὲ
1584 3566 1789 3635 φωνῆς
1839 3572 2140 3639 λεγούσης

470 3668 572 3719 μοι
594 3667 606 3680 ·
647 3650 960 3716 Ἀναστὰς.
992 3649 1194 3718 Πέτρε,
1227 3653 1420 3705 θῦσον
1448 3653 1546 3705 καὶ
1581 3653 1752 3724 φάγε.
1803 3658 1867 3710 Τί
1899 3658 1986 3711 διὰ
2017 3661 2140 3712 τού-

474 3756 583 3792 των
608 3739 779 3792 είπεῖν
811 3737 1089 3805 βούλεταις
1122 3739 1322 3792 Ἱκανὸν
1343 3736 1428 3809 ἦν,
1458 3743 1610 3810 φησὶ,
1630 3743 1723 3796 καὶ
1749 3743 1905 3798 τοῦτο
1933 3751 2136 3814 πεῖσαι,

471 3828 533 3880 τὸ
563 3827 858 3881 θεάσασθαι
892 3826 988 3898 τὴν
1023 3827 1213 3896 ὀθόνην
1233 3843 1247 3858 ·
1307 3829 1444 3899 πλὴν
1502 3829 1638 3884 ἀλλά
1666 3833 1757 3884 καὶ
1787 3836 1936 3906 φωνὴ
1975 3855 2140 3907 προσ-

473 3916 651 3987 ετέθη.
693 3912 884 3970 Εἶπον
931 3915 1036 3969 δέ·
1090 3917 1411 3985 Μηδαμῶς,
1451 3920 1647 3987 Κύριε,
1701 3921 1791 3994 ὅτι
1846 3926 2054 3980 κοινὸν
2099 3928 2136 3997 ἢ

471 4006 808 4075 ἀκάθαρτον
858 4005 1145 4060 οὐδέποτε
1195 4005 1483 4075 εἰσῆλθεν
1523 4012 1610 4075 είς
1645 4009 1708 4062 τὸ
1755 4014 1948 4081 στόμα
1996 4033 2134 4083 μου.

485 4094 680 4165 Ὁρᾷςς
710 4095 782 4146 Τὸ
834 4095 964 4164 ὲμδν
1021 4094 1273 4162 ἐποίησα,
1322 4098 1519 4166 φησιν·
1569 4094 1850 4163 εἶπον,ὃτι
1885 4103 2136 4158 οὐδέποτε

473 4183 694 4251 ἔφαγον.
737 4182 904 4234 Τοῦτο
941 4183 1074 4252 πρὸς
1127 4183 1155 4235 ὂ
1204 4183 1390 4250 ἔλεγον
1439 4187 1653 4250 ἐκεῖνοι,
1702 4187 1782 4240 ὅτι
1838 4189 2138 4260 Εἰσῆλθες

473 4270 568 4322 καὶ
611 4269 949 4338 συνέφαγες
999 4270 1220 4336 αὐτοῖς.
1264 4271 1432 4324 Τοῦτο
1476 4273 1530 4325 δὲ
1567 4273 1700 4343 πρὸς
1753 4277 2046 4348 Κορνήλιον
2076 4283 2134 4334 οὐ

469 4357 618 4425 λέγει
647 4375 658 4386 ·
689 4357 749 4410 οῦ
790 4357 897 4427 γὰρ
925 4353 991 4426 ἦν
1021 4357 1252 4429 ἀνάγκη.
1295 4360 1598 4428 Ἀπεκρίθη
1625 4361 1691 4414 δέ
1720 4381 1820 4430 μοι
1844 4365 1910 4418 ἐκ
1936 4367 2135 4420 δευτέο

461 4464 576 4516 ρου
605 4444 771 4515 φωνὴ
796 4446 863 4499 ἐκ
893 4445 996 4500 τοῦ
1018 4447 1276 4513 οὐρανοῦ
1300 4465 1311 4478 ·
1353 4450 1420 4502 Ἃ
1457 4453 1489 4502 ό
1525 4451 1666 4517 Θεὸς
1686 4453 2020 4521 ἐκαθάρισε,
2053 4458 2133 4513 σὺ

463 4533 550 4603 μὴ
600 4535 826 4587 κο.·’νου.
883 4533 1062 4586 Τοῦτο
1102 4533 1170 4586 δὲ
1217 4535 1452 4604 ἐγένετο
1497 4538 1595 4591 ἐπὶ
1626 4539 1768 4606 τρὶς.
1802 4541 1896 4594 καὶ
1951 4543 2136 4598 πάλιν

468 4626 827 4694 ἀνεσπάσθη
867 4627 1101 4680 ἅπαντα
1139 4627 1226 4692 εἰς
1264 4626 1371 4679 τὸν
1399 4629 1675 4695 οἰιρανόν.
1731 4633 1837 4684 Καὶ
1893 4632 2020 4686 ῑδοὺ
2065 4634 2135 4699 ἐξ

467 4715 658 4782 αὐτῆς
688 4713 841 4781 τρεῖς
885 4713 1102 4780 ανδρες
1143 4713 1498 4782 ἐπέστησαν
1529 4716 1627 4769 ἐπὶ
1667 4718 1780 4785 τὴν
1813 4722 2029 4784 οἰκίαν,
2065 4723 2136 4774 ἐν

466 4797 508 4873 ᾖ
535 4801 715 4872 ἤμην,
757 4801 1200 4870 ἀπεσταλμένοι
1246 4803 1362 4856 ἀπὸ
1423 4807 1778 4873 Καισαρείας
1840 4810 1988 4876 πρός
2035 4828 2129 4879 με.

469 4891 648 4961 Ἀπερ
694 4893 964 4958 ἀναγκαῖα
1019 4887 1086 4962 ἧν
1139 4891 1426 4962 διηγεῖται,
1482 4892 1551 4946 τὰ
1616 4894 1751 4948 ἄλλα
1814 4897 1869 4950 δὲ
1920 4901 2130 4970 σιωπᾷ·

469 4978 668 5046 μᾶλλον
695 4978 752 5030 δὲ
784 4978 871 5031 διὰ
898 4977 1101 5031 τούτων
1130 4980 1224 5032 καὶ
1248 4980 1386 5033 αὐτά
1414 4982 1834 5046 κατασκευάζει.
1865 4986 1972 5038 Καὶ
2009 4988 2129 5058 ὅρα,

467 5064 586 5127 πῶς
652 5065 1022 5132 ἀπολογεῖται,
1073 5069 1166 5120 καὶ
1218 5067 1317 5122 οὐκ
1361 5068 1504 5136 ἀξιοῖ
1549 5070 1627 5141 τῷ
1672 5072 1764 5124 τοῦ
1813 5073 2132 5129 διδασκάλου

465 5149 738 5218 ἀξιώματι
771 5154 1106 5224 κεχρῆσθαι·
1159 5155 1273 5226 ᾔδει
1307 5156 1416 5228 γάρ
1449 5159 1550 5222 ὄτι,
1583 5159 1694 5229 ὅσῳ
1732 5160 2132 5234 ἐπιεικέστερον

467 5238 784 5307 φθέγγεται,
835 5241 1072 5312 τοσούτῳ
1106 5245 1303 5313 μᾶλλον
1365 5248 1562 5309 αὐτοὺς
1608 5247 1904 5318 χειροῦται.
1954 5251 2134 5304 Οὐδέ-

466 5341 612 5380 ποτε
660 5325 928 5394 εἰσῆλθε,
971 5331 1154 5400 φησὶν,
1202 5334 1287 5397 είς
1338 5334 1404 5386 τὸ
1451 5336 1645 5404 στόμα
1687 5352 1806 5404 μου
1841 5338 2048 5391 κοινὸν
2093 5339 2132 5408 ἢ

465 5415 820 5482 ἀκάθαρτον.
880 5413 1065 5480 Οὕτως
1117 5419 1428 5490 οἰκονομίας
1483 5425 1631 5476 πᾶσα
1683 5419 1751 5494 ἦν
1781 5425 1814 5494 ἡ
1843 5425 2129 5495 ἀπολογία.

463 5504 571 5556 Καὶ
613 5501 742 5556 ἰδοὺ
773 5501 841 5587 ἐξ
888 5504 1078 5573 αὐτῆς
1122 5505 1270 5572 τρεῖς
1309 5507 1522 5575 ἄνδρες
1561 5511 1910 5579 ἐπέστησαν
1952 5514 2022 5567 ἐν
2061 5515 2135 5587 τῇ

463 5593 638 5657 οἰκία,
679 5592 747 5644 ἐν
795 5585 834 5661 ᾗ
864 5591 1043 5660 ἤμην.
1101 5589 1252 5646 Εἷπε
1288 5594 1356 5649 δέ
1388 5614 1490 5664 μοι
1530 5599 1594 5651 τὸ
1636 5600 1880 5669 Πνεῦμα
1916 5585 2136 5658 συνελέ

461 5678 586 5732 θεῖν
623 5681 825 5747 αὐτοῖς
859 5681 1053 5750 μηδὲν
1089 5681 1560 5752 διακρινόμενον.

1235 293 1288 346 8.
1324 293 1608 348 JO.\NNIS
1647 296 2132 353 CHRYSOSTOMI
2172 297 2493 354 ARCHIEP.
2539 296 3084 355 CONSTANTINOP.

3809 292 3929 348 {86

2249 418 2476 488 Πέτρου,
2496 417 2647 489 [194]
2663 419 2719 481 ὃς
2743 418 2850 471 ἀπὸ
2877 417 3076 486 ταύτης
3091 416 3303 470 καὶτῶν
3325 415 3566 486 ἀδελφῶν
3581 416 3678 487 τὴν
3699 433 3931 487 μαρτυ-

2249 505 2372 574 ρίαν
2409 507 2800 576 προϐάλλει-ταις
2835 505 3151 572 Συνῆλθον
3187 507 3254 558 δέ
3285 524 3387 574 μοι
3406 505 3476 570 ἐξ
3498 504 3775 571 ἀδελφοὶ,
3817 504 3932 557 καὶ

2249 592 2611 661 εἰσήλθομεν
2645 596 2730 657 είς
2766 592 2880 659 τὴν
2918 593 3112 645 οὶκίαν
3149 592 3254 646 τοῦ
3283 592 3519 661 ἀνδρός.
3558 592 3930 662 Ἀπήττειλε

2247 679 2314 732 δὲ
2350 680 2513 748 ἡμῖν,
2556 679 2679 746 πῶς
2719 677 2840 734 εἶδε
2877 681 2982 734 τὸν
3018 681 3274 749 ἄγγελον
3310 680 3380 733 ἐν
3414 679 3495 744 τῷ
3532 681 3675 744 οἴκῳ
3720 679 3930 733 αὑτοῦ

2245 767 2539 822 σταθέντα
2574 768 2670 821 καὶ
2704 770 2948 822 εἰπόντα
2991 767 3179 834 αὐτῷ·
3224 767 3612 822 Ἀπόστειλον
3639 769 3729 832 εἰς
3768 767 3931 820 Ἰόπ-

2244 870 2368 918 πην
2391 854 2634 922 ἄνδρας,
2666 857 2761 909 καί
2785 855 3161 924 μετάπεμψαι
3193 855 3425 922 Σίμωνα
3457 853 3563 907 τὸν
3583 853 3929 906 ὲπικαλούο

2239 958 2428 1010 μενον
2462 942 2704 1010 Πέτρον,
2737 942 2803 1008 ὃς
2827 942 3086 1007 λαλήσει
3129 942 3367 1010 ῥήματα
3397 941 3547 1008 πρὸς
3587 940 3681 1004 σὲ,
3715 939 3788 991 ἐν
3824 934 3928 1004 οἷς

2245 1027 2492 1096 σωθήσῃ
2533 1029 2614 1082 σὺ
2653 1030 2751 1082 καὶ
2786 1029 2905 1096 πᾶς
2932 1033 2964 1083 ό
2995 1025 3159 1094 οἶκός
3191 1045 3327 1083 σου.
3377 1029 3486 1081 Καὶ
3537 1027 3636 1080 οὐκ
3682 1023 3813 1079 εἷπε
3849 1027 3925 1078 τὰ

2246 1111 2398 1179 παρά
2454 1111 2546 1165 τοῦ
2603 1112 2832 1180 ἀγγέλου
2869 1113 3104 1183 ρηθέντα
3134 1112 3212 1182 τῷ
3247 1110 3545 1181 Κορνηλίῳ·
3604 1113 3670 1163 Αἱ
3732 1110 3925 1177 εὐχαί

2245 1212 2361 1250 σου
2403 1199 2497 1250 καὶ
2530 1202 2589 1252 αὶ
2620 1201 3022 1268 ἐλεημοσύναι
3052 1217 3166 1254 σου
3213 1198 3520 1266 ἀνέϐησαν
3557 1199 3644 1262 είς
3675 1197 3926 1265 μνημό-

2243 1301 2438 1337 συνον
2470 1285 2723 1338 ἐνώπιον
2749 1288 2855 1341 τοῦ
2893 1287 3061 1351 Θεοῦ,
3111 1287 3195 1339 ἵνα
3247 1285 3320 1355 μὴ
3377 1287 3617 1356 προσστῇ
3686 1286 3922 1345 αὐτοῖς·

2245 1371 2357 1422 ἀλλ’
2390 1372 2532 1443 άπερ
2556 1373 2708 1426 οὐδὲν
2733 1373 2876 1444 εἶχον
2927 1375 3070 1443 μέγα
3090 1391 3102 1403 ·
3142 1372 3408 1439 Λαλήσει
3441 1371 3720 1440 ῥήματαδ
3756 1371 3924 1436 πρὸς

2242 1457 2336 1524 σὲ,
2371 1460 2440 1512 ἑν
2473 1456 2562 1526 οἷς
2590 1461 2842 1530 σωθήσῃ
2894 1462 2975 1516 σὺ
3009 1462 3103 1515 καί
3140 1461 3257 1528 πᾶς
3286 1465 3318 1515 ό
3347 1445 3666 1538 οἷκόᾎσου.
3719 1459 3919 1529 ’[νρᾷς.

2245 1545 2361 1609 πῶς
2411 1547 2475 1600 δι’
2505 1549 2641 1619 ὅπερ
2674 1548 2843 1619 ἔφθην
2890 1549 3206 1617 ἐπείγεται;
3266 1548 3376 1600 Καὶ
3414 1547 3562 1601 οὐδὲν
3599 1546 3748 1614 λέγει
3779 1546 3923 1615 περὶ

2241 1632 2341 1702 τῆς
2379 1635 2677 1698 ἐπιεικείας
2695 1635 2788 1688 τοῦ
2817 1637 3027 1708 ἀνδρός.
3071 1635 3176 1689 Τοῦ
3205 1635 3520 1704 Πνεύματος
3541 1634 3723 1687 τοίνυν
3768 1635 3842 1685 πέ
3855 1653 3925 1701 μ-

2241 1721 2458 1788 ψαντος,
2487 1724 2579 1777 τοῦ
2630 1725 2764 1778 θεοῦ
2792 1725 3164 1788 κελεύσαντος,
3195 1723 3281 1776 διὰ
3313 1723 3405 1775 τοῦ
3433 1722 3664 1790 ἀγγέλου
3697 1721 3925 1776 ἐκεῖθεν

2243 1811 2589 1877 καλέσαντος,
2632 1813 2879 1867 ἐντεῦθεν
2908 1813 3195 1876 ὠθοῦντος,
3246 1812 3464 1874 λύοντος
3513 1811 3613 1880 τὴν
3642 1810 3924 1880 διαφορὰν

2241 1899 2350 1951 τῶν
2377 1901 2738 1970 πραγμάτων,
2765 1901 2818 1954 τί
2849 1903 3069 1971 ποιῆσαι
3098 1900 3233 1965 ἐδει;
3273 1898 3414 1952 Ἀλλ’
3438 1899 3498 1951 οὐ
3525 1898 3671 1966 λέγει
3699 1897 3924 1950 τούτων

2241 1986 2415 2050 οὐδὲν,
2443 1986 2557 2040 ἀλλ’
2585 1987 2692 2040 ἀπὺ
2719 1986 2810 2040 τοῦ
2869 1987 3094 2059 ὑστέρου
3147 1986 3512 2058 ἰσχυρίζεται·
3563 1985 3592 2037 ὃ
3637 1985 3737 2037 καὶ
3788 1986 3923 2037 κατ’

2242 2074 2372 2125 αὐτὸ
2391 2073 2872 2144 ἀναμφισϐήτητον
2900 2069 2967 2144 ἦν
3005 2073 3319 2144 μαρτύριον.
3357 2073 3466 2125 Καὶ
3518 2071 3605 2124 διὰ
3645 2071 3721 2132 τί,
3747 2073 3921 2142 φησὶ,

2245 2163 2318 2234 μὴ
2367 2161 2524 2214 τοῦτο
2573 2161 2763 2229 γέγονε
2819 2161 3013 2231 μόνον;
3070 2163 3165 2213 Ἐκ
3225 2160 3536 2230 περιουσίας
3595 2159 3749 2229 παρά
3813 2160 3920 2212 τοῦ

2240 2250 2398 2316 Θεοῦ,
2430 2250 2518 2302 ἵνα.
2543 2249 2726 2321 δειχθῇ
2752 2250 2849 2303 καὶ
2878 2251 2910 2318 ἡ
2942 2249 3084 2319 ἀρχὴ
3125 2248 3186 2301 οὐ
3229 2249 3380 2318 παρά
3416 2247 3508 2300 τοῦ
3549 2247 3918 2301 Ἀποστόλου.

2241 2339 2302 2391 Εἰ
2331 2338 2386 2391 δὲ
2424 2339 2731 2409 αὐτόματος
2770 2337 3029 2407 ἀπῆλθεν,
3076 2336 3286 2398 οὐδενὸς
3337 2335 3542 2388 τούτων
3587 2334 3920 2403 γενομένου,

2241 2426 2384 2479 πάνυ
2418 2425 2482 2479 ἂν
2522 2426 2865 2497 ἐπλήγησαν·
2897 2423 3035 2476 ὥστε
3082 2422 3287 2477 ἀνωθεν
3321 2422 3500 2475 αὐτῶν
3536 2422 3635 2492 τὴν
3663 2421 3921 2475 διάνοιαν

2239 2514 2447 2574 οίκειοῖ,
2481 2511 2653 2578 λέγων
2703 2512 2837 2582 πρὸς
2888 2508 3115 2573 αὐτούς·
3173 2510 3401 2574 Οἵτινες
3430 2509 3496 2563 τὸ
3545 2509 3794 2576 Πνεῦμα
3847 2510 3920 2561 τὸ

2239 2601 2410 2668 ἅγιον
2431 2599 2650 2653 ἔλαϐον
2677 2599 2755 2664 ὡς
2812 2599 2910 2652 καὶ
2963 2597 3154 2666 ἡμεῖς.
3219 2599 3330 2651 Καὶ
3364 2597 3546 2651 πάλιν·
3583 2598 3678 2649 Ἑν
3704 2595 3775 2648 δὲ
3831 2595 3919 2661 τῷ

2239 2687 2534 2756 ἄρξασθαί
2560 2703 2635 2755 με
2664 2685 2896 2747 λαλεῖν,
2938 2686 3198 2739 ἐπέπεσε
3244 2686 3310 2740 τὸ
3344 2685 3586 2754 Πνεῦμα
3631 2683 3701 2737 τὸ
3735 2684 3919 2752 ἅγιον

2237 2775 2328 2827 ἐπ’
2353 2774 2593 2840 αὐτοὺς,
2622 2772 2822 2840 ὥσπερ
2851 2773 2948 2827 καὶ
2997 2774 3090 2843 ἐφ’
3113 2772 3271 2842 ημᾶς
3302 2773 3372 2827 ἑν
3402 2772 3580 2842 ἀρχῇ.
3637 2773 3751 2826 Καὶ
3806 2774 3918 2825 οὐκ

2238 2864 2488 2932 ἀρκεῖται
2510 2861 2701 2932 τούτῳ,
2743 2861 2876 2914 ἀλλά
2924 2862 3018 2914 καὶ
3070 2862 3314 2932 ῥήματος
3356 2860 3762 2932 ἀναμιμνήσκει
3810 2860 3915 2912 τοῦ

2239 2951 2462 3022 Κυρίου·
2525 2949 2863 3019 Ἐμνήσθην
2908 2949 2974 3002 δὲ
3028 2949 3134 3003 τοῦ
3201 2949 3468 3019 ῥήματος
3524 2947 3747 3015 Κυρίου
3827 2948 3915 3013 ὡς

2238 3041 2448 3110 ἔλεγεν
2470 3058 2485 3070 ·
2534 3038 2813 3106 Ἰωάννης
2856 3039 2972 3108 μὲν
3018 3037 3339 3092 ἐϐάπτισεν
3367 3037 3558 3102 ὕδατι,
3610 3035 3783 3105 ὑμεῖς
3840 3035 3913 3088 δὲ

2232 3127 2727 3193 ,βαπτισθήσεσθε
2789 3127 2857 3178 ἐν
2916 3127 3212 3194 Πνεύματι
3282 3125 3446 3194 ἁγίῳ.
3507 3125 3668 3176 Ὥστε
3751 3122 3915 3176 οὐδὲν

2241 3215 2548 3285 καινότερον
2570 3225 2591 3252 ο
2620 3213 2861 3281 γέγονεν,
2887 3212 2999 3266 ἀλλ’
3022 3213 3156 3283 ὅπερ
3187 3215 3468 3283 προεῖπεν.
3508 3211 3646 3264 Ἀλλ’
3674 3211 3778 3263 οὐκ
3799 3211 3916 3263 ἔδει

2242 3303 2540 3372 βαπτίσαι,
2602 3301 2768 3372 φησί·
2833 3301 3135 3371 ἀπήρτιστο
3183 3300 3291 3370 γὰρ
3335 3299 3395 3352 τὸ
3449 3297 3754 3369 βάπτισμα,
3810 3298 3914 3351 τοῦ

2240 3390 2554 3458 Πνεύματος
2595 3389 2774 3451 αὐτοῖς
2818 3387 3277 3450 ἐπιπεπτωκότος.
3312 3387 3410 3440 Διὰ
3451 3386 3608 3440 τοῦτο
3638 3388 3698 3439 οὐ
3733 3387 3915 3455 λέγεν.

2239 3477 2532 3530 Ἐκέλευσα
2579 3476 2839 3548 πρότερον
2895 3476 3089 3539 αὐτοὺς
3147 3475 3543 3546 βαπτισθῆναι·
3619 3475 3764 3529 ἀλλά
3817 3478 3911 3540 τί;

2240 3563 2389 3628 Μήτι
2430 3562 2494 3616 τὸ
2528 3561 2684 3630 ὕδωρ
2707 3563 2974 3616 κωλῦσαι
2997 3563 3248 3617 δύναταί
3282 3581 3393 3629 τις,
3421 3562 3525 3616 τοῦ
3548 3561 3635 3632 μὴ
3679 3564 3914 3627 βαπτι-

2239 3649 2457 3719 σθῆναι
2488 3651 2771 3716 τούτους;
2803 3651 2866 3703 ὲκ
2893 3650 3082 3704 τούτου
3109 3651 3319 3714 δεικνὺς
3349 3652 3538 3705 ἑαυτὸν
3561 3651 3714 3704 οὐδὲν
3754 3655 3918 3725 ποιή-

2241 3757 2428 3794 σαντα.
2460 3740 2635 3809 Ὅπερ
2657 3740 2834 3792 τοίνυν
2859 3740 3172 3811 ἐσχήκαμεν
3221 3741 3404 3810 ἡμεῖς,
3445 3739 3636 3793 ἔλαϐον
3679 3742 3913 3796 ἐκεῖνοι.

2241 3831 2306 3881 Εί
2361 3822 2473 3881 οὖν
2505 3827 2620 3892 τὴν
2665 3828 2809 3894 ἴσην
2856 3827 3100 3894 δωρεὰν,
3138 3829 3320 3896 φησιν,
3365 3826 3587 3881 ἔδωκεν
3627 3828 3844 3893 αὐτοῖς
3880 3832 3917 3883 ό

2241 3916 2405 3981 Θεὸς,
2427 3917 2506 3980 ὡς
2547 3917 2643 3968 καὶ
2684 3917 2828 3984 ημῖν
2865 3916 3269 3969 πιστεύσασιν
3292 3915 3390 3968 ἐπὶ
3415 3915 3522 3968 τὸν
3553 3915 3769 3982 Κύριον
3801 3917 3916 3982 Ἰη-

2238 4004 2414 4064 σοῦν,
2447 4003 2560 4073 ἐγὼ
2591 4005 2682 4069 τίς
2715 4003 2876 4073 ἤμην
2927 4002 3184 4069 δυνατὸς
3234 4003 3503 4057 κωλῦσαι
3559 4002 3660 4055 τὸν
3706 4003 3910 4067 Θεόν;

2241 4094 2353 4148 Ἵνα
2399 4094 2461 4145 ὲκ
2500 4091 2809 4162 περιουσίας
2851 4091 3030 4144 αὐτῶν
3059 4091 3312 4163 ἐμφράξῃ
3338 4089 3365 4129 ἀ
3394 4092 3462 4143 τά
3497 4091 3756 4160 στόματα,
3809 4089 3908 4143 διὰ

2235 4181 2393 4233 τοῦτο
2426 4178 2754 4250 προσέθηκε·
2793 4178 2914 4244 Τὴν
2946 4179 3092 4245 ἴσην
3132 4177 3378 4246 δωρεάν.
3413 4179 3594 4248 Ὁρᾷς,
3642 4176 3756 4240 πῶς
3801 4177 3907 4230 οὐκ

2238 4268 2461 4338 ἀφίησιν
2521 4268 2715 4330 αὐτοὺς
2778 4266 2994 4320 ἔλαττον
3058 4265 3201 4336 ἔχειν
3266 4266 3665 4329 πιστεύσαντας
3715 4265 3908 4332 ama;

2239 4355 2349 4427 Τὴν
2389 4355 2508 4426 ίσην
2539 4354 2746 4425 δωρεὰν
2775 4355 2975 4408 ἔδωκεν
3026 4355 3207 4419 αὐτοῖς
3260 4339 3293 4408 δ
3336 4355 3486 4419 Θεὸς,
3517 4355 3590 4418 ὡς
3635 4356 3731 4407 καὶ
3769 4357 3912 4425 ἡμῖν

2238 4444 2590 4498 πιστεύσασιν
2633 4447 2725 4496 ἐπὶ
2778 4443 2867 4496 τὸν
2928 4443 3163 4512 Κύριον·
3232 4443 3372 4496 ὥστε
3431 4443 3594 4505 αὐτὸς
3647 4441 3912 4514 καθαίρει

2235 4531 2452 4596 αὐτούς.
2510 4532 2622 4584 Καὶ
2667 4531 2727 4584 οὐ
2783 4530 2950 4599 λέγει,
3005 4531 3194 4601 Ὑμῖν·
3249 4531 3388 4595 ἀλλ’,
3422 4530 3614 4600 Ἡμῖν,
3668 4529 3914 4585 λεαίνων

2236 4619 2539 4692 καὶταύτῃ
2574 4619 2663 4671 τὸν
2709 4617 2885 4686 λόγον.
2940 4618 3004 4671 Τί
3055 4619 3234 4672 τοίνυν
3287 4618 3719 4685 ἀναξιοπαθεῖτε,
3774 4620 3916 4674 ὅταν

2234 4709 2396 4777 ἡμεῖς
2448 4707 2643 4770 αὐτοὺς
2704 4706 2994 4768 κοινωνοὺς
3052 4706 3330 4774 λέγωμεν;
3387 4707 3776 4772 Ἀκούσαντες
3837 4707 3916 4761 δὲ

2234 4795 2440 4859 ταῦτα,
2492 4795 2838 4863 ἡσύχασαν,
2876 4794 2971 4847 καί
3008 4793 3309 4858 ἐδόξασαν
3339 4792 3445 4847 τὸν
3491 4794 3655 4857 Θεὸν,
3697 4793 3918 4861 λέγον-

2233 4897 2370 4945 τες·
2425 4882 2563 4947 Ἄρα
2613 4896 2678 4950 γε
2717 4879 2815 4933 καὶ
2858 4879 2982 4946 τοῖς
3017 4879 3258 4934 ἔθνεσιν
3310 4884 3343 4935 ό
3383 4880 3528 4946 Θεὸς
3570 4879 3684 4947 τὴν
3721 4881 3918 4949 μετά-

2232 4985 2406 5022 νοιαν
2442 4967 2663 5020 ἔδωκεν
2681 4969 2767 5032 είς
2800 4964 2970 5034 ζωήν.
3017 4967 3178 5040 Ὁρᾷς
3228 4967 3342 5031 πῶς
3375 4967 3480 5021 ἀπὸ
3522 4968 3622 5037 τῆς
3651 4968 3912 5038 δημηγο-

2234 5055 2359 5126 ρίας
2395 5054 2488 5107 τοῦ
2518 5054 2724 5124 Πέτρου
2743 5054 2965 5127 [195]τὺ
2987 5056 3094 5108 πᾶν
3125 5056 3314 5126 γέγονε
3332 5055 3508 5119 καλῶς
3534 5055 3916 5124 ἀπαγγείλαν-

2230 5159 2324 5203 τος
2353 5143 2421 5195 τά
2445 5143 2827 5212 γεγενημένας
2860 5144 2950 5195 Διὸ
2989 5145 3081 5196 καὶ
3119 5142 3367 5206 ἐδόξαζον
3386 5143 3477 5196 τὸν
3500 5142 3651 5205 Θεὸν,
3687 5144 3770 5195 ὅτι
3800 5145 3914 5215 τὴν

2238 5229 2525 5299 μετάνοιαν
2568 5233 2662 5284 καὶ
2707 5230 2891 5294 αὐτοῖς
2943 5230 3173 5284 ἔδωκεν·
3231 5230 3403 5294 οὕτως
3453 5231 3914 5300 ἐταπεινώθησαν

2234 5318 2342 5371 ἀπὸ
2363 5318 2566 5372 τούτων
2591 5319 2702 5372 τῶν
2729 5319 2922 5387 λόγων.
2952 5319 3228 5374 Ἐντεῦθεν
3257 5319 3504 5390 ἀνεῴχθη
3529 5321 3562 5390 ἡ
3599 5319 3737 5392 θύρα
3764 5323 3916 5392 πρὸς

2233 5406 2302 5458 τὰ
2342 5407 2466 5476 ἔθνη
2516 5408 2719 5460 λοιπόν.
2752 5409 2978 5479 Ἷδωμεν
3005 5408 3081 5472 δὲ,
3135 5410 3182 5461 εί
3219 5408 3384 5472 δοκεῖ,
3420 5408 3624 5462 ἄνωθεν
3648 5410 3714 5461 τὰ
3750 5412 3916 5483 εἰρη-

2239 5493 2393 5563 μένα.
2445 5496 2559 5547 Οὑκ
2608 5491 2780 5560 εἶπεν,
2820 5496 2903 5549 ὅτι
2956 5495 3212 5567 Διεκρίθη
3248 5496 3473 5566 Πέτρος,
3523 5497 3658 5560 ἀλλ’,
3697 5496 3766 5552 Οἱ
3833 5500 3912 5554 ἐκ

2233 5582 2583 5650 περιτομῆς·
2621 5584 2744 5636 ἐπεὶ
2772 5583 2932 5646 αὐτὸς
2966 5584 3078 5653 ᾔδει
3106 5584 3167 5637 τὸ
3191 5587 3748 5655 κατασκευαζόμενον.
3790 5587 3915 5642 Καὶ

2117 5695 2157 5759 α)
2239 5671 2345 5740 μὴν
2378 5672 2552 5759 ἐκεῖνο
2571 5671 2752 5759 ἐχρῆν
2780 5672 3078 5743 θαυμάσαι,
3111 5674 3227 5736 πῶς
3261 5673 3356 5726 καὶ
3375 5675 3529 5727 αὐτοὶ
3548 5674 3910 5731 ἐπίστευσαν.

531 5766 595 5833 βν,
617 5768 795 5838 Ὁρᾷς,
825 5773 906 5823 δτι
929 5771 1244 5840 "vanum;
1269 5771 1299 5842 ἡ
1330 5771 1618 5841 νομοθεσία
1640 5790 1655 5838 ς
1678 5769 1899 5829 τηλθον
1920 5776 1988 5830 δὲ
2012 5753 2149 5831 σὺν’
2234 5759 2322 5810 ὅτε
2379 5757 2477 5827 μὲν
2541 5753 2632 5811 οὖν
2678 5758 2938 5828 ἥκουσαν,
2969 5761 3052 5813 ὅτι
3106 5760 3450 5827 ἐπίστευσαν,
3475 5761 3623 5814 οὐδὲν
3660 5761 3870 5817 ἔπαθον
3893 5783 3908 5794 ·

455 5847 578 5918 ἐμοὶ
605 5852 694 5903 καὶ
729 5855 782 5905 οι
813 5853 881 5918 ἐξ
910 5855 1159 5925 ἀδελφοὶ
1180 5851 1361 5912 οὗτοι.
1385 5857 1449 5908 Τί
1469 5856 1740 5924 γένοιτ’ἃν
1754 5863 2133 5934 ταπεινότερον

515 5957 541 5988 ⁸
573 5957 673 6007 Alii
709 5957 828 6008 ἀλλά
863 5963 944 6010 καὶ
975 5962 1263 6021 τούναντίον,
1289 5963 1342 6010 οὐ
1364 5962 1504 6026 μόνον
1541 5963 1632 6025 πρὸ
1657 5962 1759 6012 τοῦ.

1880 6091 1911 6099 ι.
1929 6095 1934 6098 .

2301 5847 2325 5884 Ι·
2371 5846 2507 5895 Unus
2549 5847 2625 5911 ἵνα
2658 5849 2721 5911 μή
2755 5855 2972 5911 προσ-στῇ
3018 5849 3193 5903 αὐτοῖς.
3238 5850 3384 5900 ’Λλλὰ
3437 5852 3481 5897 τί
3508 5865 3649 5909 φησι;
3679 5854 3910 5908 Λαλήσει

2239 5912 2448 5976 ῥήματα.
2488 5970 2506 5976 _‘
2538 5911 2560 5938 ο
2592 5907 2762 5976 Ἅγαρ,
2795 5907 2964 5976 φησὶν,
2998 5911 3083 5976 Δὅτι
3127 5911 3262 5976 οὐδὲν
3302 5907 3591 5976 καινότερον,
3634 5907 3705 5963 Sic
3747 5907 3904 5964 unus.

2140 6006 2150 6013 .
2241 5970 2266 6008 ἃ
2297 5972 2446 6031 Idem,
2487 5970 2564 6017 ἵνα
2589 5970 2968 6032 μειζόνωςγαύτὸν
2993 5972 3216 6036 ἐμφράξῃ.
