3978 6462
160 338 253 393 i8:'i
1106 331 1169 386 IN
1209 329 1381 385 ACTA
1425 326 1943 385 APOSTOLORUM.
1989 328 2212 383 llOMlL.
2256 328 2446 383 XXIV.

157 462 245 502 lem
270 444 575 503 ascendisset
618 446 802 500 Petrus
838 442 1233 513 Jerosolymam,
1266 442 1605 510 disceptabant
1631 442 1730 494 ad-

156 558 318 593 versus
364 540 513 592 illum
549 541 635 607 qui
666 547 808 590 erant
852 552 913 589 ea:
951 534 1348 599 circumcisione,
1386 535 1648 587 dicentes:
1675 534 1728 589 5.

158 634 318 698 Quare
339 633 558 685 introisti
588 633 657 683 ad
682 631 810 683 viros
836 630 1136 698 praeputium
1165 626 1418 689 habentes,
1447 637 1493 679 et
1518 625 1733 679 mandu-

154 724 275 776 casti
300 739 415 775 cum
439 721 545 775 illis
564 722 589 774 ?
630 721 817 775 Postea
867 718 1223 789 Disceptabant
1264 719 1350 787 qui
1379 734 1440 772 ea:
1468 718 1731 770 circumci-

155 816 309 880 sione,
339 829 445 868 non
472 813 717 883 apostoli.
748 811 884 879 Quid
908 820 989 864 est
1017 811 1162 875 illud,
1190 808 1548 878 Disceptabant
1568 810 1593 862 ?
1616 808 1731 863 Non

157 923 360 975 parum,
396 908 586 976 inquit,
615 904 1037 959 olfendebantnr.
1074 904 1138 956 Et
1166 902 1285 956 vide
1307 901 1431 970 quid
1458 900 1729 969 objiciunt.

155 999 262 1052 Non
292 999 497 1062 dicunt,
529 996 638 1051 Cur
682 993 1055 1050 annuntiasd?
1095 994 1213 1054 sed,
1257 992 1358 1046 Cur
1387 1009 1487 1044 una
1518 992 1734 1045 mandu-

154 1091 320 1143 casti?
352 1091 541 1143 Petrus
584 1105 710 1143 vero
748 1103 852 1141 non
882 1087 933 1139 in
965 1086 1065 1140 hoc
1105 1084 1295 1154 frigido
1325 1084 1469 1138 dicto
1496 1092 1734 1137 moratur

154 1185 297 1245 (nam
327 1180 574 1250 frigidum
606 1195 729 1234 vere
757 1176 924 1248 erat);
954 1177 1046 1231 sed
1074 1177 1123 1230 in
1156 1190 1348 1246 magno
1375 1176 1487 1241 illo,
1508 1175 1694 1229 dicens
1721 1194 1733 1228 :

155 1274 206 1327 Si
247 1273 509 1341 Spiritum
556 1272 629 1325 illi
668 1278 1000 1338 acceperant,
1042 1269 1310 1337 quomodo
1352 1266 1455 1321 hoc
1495 1281 1601 1320 non
1634 1268 1734 1319 illis

152 1362 555 1416 concedendum
600 1362 751 1415 erat?
795 1359 1073 1428 Quomodo
1121 1373 1248 1428 ergo
1289 1358 1341 1412 in
1387 1356 1734 1413 Samaritanis

156 1461 250 1511 hoc
284 1457 614 1533 factuniknmi
643 1464 743 1516 cst,
776 1453 882 1507 imo
907 1454 1254 1516 Contrarium,
1283 1468 1387 1505 non
1414 1450 1571 1504 modo
1588 1459 1729 1513 ante,

153 1549 238 1601 sed
289 1524 613 1614 etizunwpost
656 1544 1014 1614 baptismum?
1055 1544 1233 1611 Neque
1266 1542 1523 1612 indignati
1563 1552 1730 1595 sunt:

154 1641 255 1693 imo
288 1640 454 1693 etiam
488 1639 552 1691 ad
588 1653 704 1692 eam
749 1637 915 1704 ipsam
946 1653 1057 1689 rem
1104 1640 1384 1689 miserunt.
1421 1634 1616 1688 Verum
1650 1633 1735 1689 hic

158 1748 253 1783 Itotl
289 1748 352 1780 ea
385 1730 452 1783 de
494 1746 551 1783 re
600 1740 889 1791 accusant;
919 1727 1159 1782 sciebant
1207 1726 1349 1781 enim
1396 1725 1497 1781 hoc
1538 1726 1736 1779 divina:

153 1826 337 1891 gmliJ.‘
379 1838 499 1877 esse
524 1840 538 1887 ;
568 1823 683 1889 sed,
720 1822 907 1889 Quare,
953 1823 1226 1891 inquiunt,
1277 1820 1591 1873 manducasti
1619 1835 1736 1872 cum

154 1915 246 1967 illis
266 1916 293 1965 ξ’
324 1915 573 1983 Alioquin
600 1930 726 1967 vero
754 1928 1000 1983 magnum
1023 1921 1077 1965 et
1106 1912 1424 1965 immensum
1446 1910 1733 1964 diSCrimen

155 2018 262 2061 erat
295 2007 664 2060 Samaritanus
691 2008 827 2060 inter
873 2015 927 2059 et
968 2016 1173 2076 gentes.
1204 2005 1294 2059 Vel
1324 2006 1481 2060 etiam
1515 2019 1608 2073 per
1627 2003 1738 2057 dis-

158 2101 527 2166 pensatiouem
560 2099 769 2163 accidit,
799 2098 939 2168 quod
993 2098 1036 2150 is
1090 2108 1395 2161 accusetur,
1437 2106 1492 2149 nt
1532 2096 1604 2149 illi
1650 2094 1734 2148 di-

155 2203 305 2245 Scaut
335 2210 347 2245 :
374 2206 550 2260 neque
580 2191 721 2244 enim
762 2189 950 2243 Petrus
992 2204 1103 2243 rem
1144 2188 1261 2241 sine
1290 2202 1448 2240 causa
1482 2187 1734 2241 narravit.

162 2284 287 2337 \‘ide
320 2295 522 2341 autem.
551 2299 709 2352 quam
740 2284 808 2336 sit
833 2298 861 2336 a
890 2281 1028 2335 fastu
1069 2291 1123 2336 et
1151 2296 1281 2334 vana
1309 2281 1479 2349 gloria
1508 2281 1733 2334 alienus.

157 2379 284 2433 Nam
319 2380 394 2430 ait
420 2396 432 2428 :
458 2379 508 2430 4.
545 2375 801 2439 Incipiens
830 2375 1025 2440 Petrus,
1057 2374 1334 2444 exponebat
1360 2374 1462 2428 illis
1486 2390 1575 2443 per
1594 2372 1739 2426 ordi-

159 2489 286 2535 nem,
317 2472 490 2524 dicens
511 2486 529 2523 :
551 2471 601 2524 5.
635 2469 746 2540 Ego
765 2486 900 2523 eram
926 2469 977 2522 in
1002 2469 1199 2522 civitate
1225 2468 1395 2536 J0ppe
1422 2484 1589 2521 orans.
1622 2466 1737 2521 Non

161 2564 280 2617 dicit
314 2577 505 2631 quare,
535 2562 617 2616 vel
644 2577 744 2631 qua
781 2562 1079 2616 occasione.
1132 2559 1199 2613 Et
1231 2561 1330 2613 vidi
1358 2560 1409 2613 in
1440 2560 1619 2612 mentis
1652 2575 1740 2613 ex-

162 2671 294 2707 cessu
332 2655 595 2718 visionem,
641 2652 944 2707 descendens
970 2669 1056 2705 vas
1084 2651 1340 2721 quoddam
1370 2652 1500 2704 velut
1531 2651 1739 2703 linteum

166 2764 422 2816 magnum,
465 2756 681 2815 quatuor
709 2746 865 2800 initiis
903 2746 1172 2799 demissum
1214 2748 1275 2797 de
1312 2746 1470 2810 caelo,
1515 2754 1561 2797 et
1607 2745 1739 2797 venit

166 2854 311 2905 usque
338 2837 407 2888 ad
433 2853 529 2888 me.
564 2835 615 2889 6.
648 2834 711 2888 In
738 2836 871 2903 quod
894 2836 1093 2889 intuens
1124 2834 1535 2897 considerabam;
1564 2845 1609 2887 et
1639 2835 1741 2886 vidi

171 2928 509 2995 qaadrupedia
549 2937 713 2990 terrae,
755 2938 801 2980 et
847 2927 1048 2992 bestias,
1098 2935 1143 2979 et
1183 2926 1401 2995 reptilia,
1443 2935 1487 2978 et
1515 2926 1741 2979 volatilia

176 3020 293 3070 ctuti.
326 3019 377 3070 7.
420 3017 607 3070 Audivi
652 3026 823 3070 autem
861 3033 1029 3071 vocem
1070 3018 1310 3071 dicentem
1353 3017 1520 3071 mihi:
1552 3019 1738 3089 Surge,

187 3106 339 3165 Patre,
363 3108 530 3161 occide
555 3118 599 3161 et
630 3108 901 3161 manduca.
933 3108 1068 3174 Quid
1116 3123 1211 3177 per
1240 3108 1353 3163 haec
1379 3109 1558 3164 dicere
1587 3110 1741 3164 vult?

186 3200 313 3253 Satis
340 3209 465 3263 erat,
498 3200 690 3270 inquit,
722 3200 916 3256 vidisse
940 3202 1159 3255 linteum
1190 3202 1255 3255 ad
1286 3202 1386 3257 hoe
1417 3203 1742 3269 persuaden-

181 3292 288 3342 dum
313 3310 329 3353 ;
356 3302 588 3345 attamen
618 3308 717 3345 vox
742 3306 951 3361 quoque
977 3291 1180 3361 adjecta
1202 3304 1301 3347 est.
1323 3294 1374 3348 8.
1402 3292 1523 3346 Dixi
1540 3303 1702 3347 autent
1720 3311 1740 3348 :

175 3381 520 3451 Nequaquam,
577 3380 820 3448 Domine,
870 3384 988 3449 quia
1037 3399 1298 3437 commune
1341 3393 1386 3437 et
1429 3384 1742 3438 immundum

164 3492 433 3543 numquam
467 3477 688 3528 introivit
726 3476 778 3528 in
809 3492 864 3529 os
894 3492 1081 3528 meum.
1123 3475 1353 3531 Viden“!
1382 3478 1522 3548 quod
1562 3494 1738 3532 meum

156 3575 286 3627 erat,
318 3566 516 3634 inquit,
562 3566 659 3620 feci
690 3585 701 3619 :
736 3566 867 3629 dixi,
907 3566 1203 3635 Numquam
1252 3567 1480 3622 eomcdi.
1522 3568 1634 3622 Hoc
1675 3568 1740 3623 ad

155 3658 221 3716 id,
253 3659 397 3725 quod
429 3656 678 3711 diechant
708 3658 779 3711 illi
807 3677 820 3711 :
853 3656 1102 3723 Introisti,
1131 3669 1177 3711 et
1203 3660 1459 3713 comedisti
1483 3676 1595 3712 cum
1618 3662 1738 3713 illis.

150 3746 262 3801 lloc
304 3765 446 3803 vero
494 3764 597 3801 non
640 3750 772 3802 dixit
801 3750 1090 3804 Cornelio:
1131 3765 1302 3820 neque
1333 3752 1475 3805 enim
1519 3766 1741 3807 necesse

146 3850 279 3892 crat.
318 3841 373 3893 9.
432 3838 710 3909 Respondit
742 3850 905 3894 autem
937 3842 1060 3894 nti/ti
1096 3857 1190 3895 vox
1222 3843 1443 3896 secundo
1483 3844 1546 3896 de
1575 3844 1696 3896 ca'lo
1723 3859 1741 3897 :

145 3932 277 3994 Qum
306 3932 454 3985 Deus
484 3934 763 3995 mandavit,
796 3944 848 3986 tu
883 3951 944 3987 ne
972 3936 1256 3987 communia
1281 3936 1490 3987 dixeris.
1518 3935 1605 3989 10.
1631 3934 1741 3988 lloc

140 4036 317 4076 autem
360 4026 563 4095 factum
595 4036 667 4079 est
711 4036 783 4078 ter
809 4042 828 4079 :
860 4037 905 4080 et
943 4036 1163 4080 retracta
1189 4036 1306 4079 sunt
1334 4029 1503 4080 omnia
1540 4044 1741 4079 rursum

138 4119 192 4171 in
216 4120 430 4172 arium.
464 4119 550 4173 il.
595 4117 664 4171 Et
690 4136 802 4173 ecce
822 4119 915 4172 viri
938 4129 1037 4173 tres
1074 4119 1336 4189 confestim
1364 4121 1659 4173 adstiterant
1688 4122 1742 4175 in

138 4214 318 4273 domo,
344 4213 400 4264 in
432 4227 537 4281 qua
565 4228 725 4275 erant,
748 4212 886 4266 missi
912 4228 945 4265 a
968 4211 1197 4266 Ctesarea
1216 4213 1281 4264 ad
1308 4229 1404 4266 me.
1439 4212 1627 4266 Narrat
1655 4231 1736 4274 ea,

136 4321 259 4373 qua:
294 4304 609 4358 necessaria
637 4315 829 4368 erant;
858 4305 958 4358 alia
991 4313 1149 4370 tacet,
1180 4306 1287 4359 imo
1317 4316 1370 4360 et
1396 4322 1488 4374 per
1513 4305 1626 4359 hinc
1654 4307 1740 4360 illa

134 4400 363 4464 prohat.
402 4396 473 4449 Et
498 4396 639 4461 vide,
674 4397 941 4466 quomodo
970 4412 1091 4451 sese
1113 4407 1319 4468 purget,
1345 4399 1532 4452 nolens
1560 4398 1744 4451 docto-

131 4489 209 4540 ris
230 4488 574 4541 auctoritate
596 4487 671 4540 uti
699 4509 710 4541 :
744 4487 947 4542 sciebat
970 4488 1111 4541 enim
1143 4502 1202 4542 se
1225 4498 1423 4557 quanto
1450 4489 1741 4544 modestius

125 4580 492 4649 loquebatur,
528 4588 677 4633 tanto
718 4580 883 4647 magis
928 4579 1050 4634 illos
1088 4589 1366 4650 capturum
1396 4591 1539 4639 esse.
1570 4581 1739 4635 Nunt-

125 4692 286 4741 quam
327 4674 587 4739 introivit,
639 4673 830 4743 inquit,
868 4674 919 4726 in
961 4690 1017 4725 os
1056 4690 1218 4726 meum
1248 4690 1507 4727 commune
1542 4676 1619 4728 vel
1648 4675 1741 4727 im-

124 4768 421 4819 mundum.
462 4766 524 4820 Et
554 4767 632 4820 sic
675 4776 842 4819 totum
883 4768 1197 4821 (Bconomia)
1227 4766 1466 4822 defensio
1496 4778 1630 4821 erat.
1678 4767 1742 4821 Et

121 4879 244 4915 ecce
272 4873 390 4915 tres
419 4861 517 4913 viri
534 4861 796 4931 confestim
817 4860 1117 4914 adstiterant
1135 4862 1189 4914 in
1209 4862 1377 4923 domo,
1398 4860 1449 4914 in
1466 4878 1566 4931 qua
1581 4877 1737 4913 eram.

121 4954 215 5007 12.
253 4953 420 5007 Dixit
456 4964 623 5006 autem
655 4954 776 5005 milii
803 4953 1050 5023 Spiritus,
1093 4964 1144 5005 ut
1177 4955 1302 5006 irem
1334 4969 1446 5005 cum
1484 4953 1586 5007 illis
1615 4953 1741 5006 nihil

122 5048 420 5100 Ita-sitatis.

191 5139 252 5193 Ξ.
303 5137 514 5191 V’iden’
555 5135 695 5205 quod
741 5135 968 5203 Spiritus
1008 5135 1078 5187 sit
1124 5133 1431 5203 legislatio?
1483 5132 1740 5188 Venerunt

116 5242 297 5285 autem
334 5247 547 5282 mecum
568 5239 614 5282 et
642 5245 730 5281 sea:
755 5229 937 5289 fratres
965 5228 1068 5281 isti.
1101 5228 1237 5295 Quid
1266 5227 1424 5281 Petro
1452 5226 1734 5291 humilius,

114 5325 207 5393 qui
247 5326 443 5378 etiam
486 5321 572 5374 hic
623 5320 847 5374 fratrum
892 5320 1255 5374 testimonium
1280 5318 1537 5373 adhibet?
1578 5319 1710 5373 Vene

116 5426 236 5468 runt
270 5426 473 5469 autem
513 5429 704 5465 mecum
735 5429 824 5466 sea:
854 5416 1037 5483 fratres
1060 5452 1075 5474 ,
1126 5420 1173 5464 et
1213 5411 1430 5481 ingressi
1470 5427 1643 5464 sumus
1688 5412 1742 5464 in

118 5508 339 5559 domum
379 5504 508 5558 viri.
557 5506 642 5556 l3.
670 5503 911 5556 Narravit
936 5514 1101 5555 autem
1122 5503 1284 5569 nobis,
1314 5503 1564 5570 quomodo
1590 5502 1742 5554 vidis-

116 5609 189 5649 set
221 5595 494 5667 angelum
538 5596 590 5647 in
638 5595 797 5647 domo,
831 5611 925 5647 sua
966 5604 1203 5658 stantem,
1246 5604 1291 5647 et
1317 5595 1560 5646 dicentem
1599 5594 1694 5647 sibi
1724 5608 1743 5646 :

122 5690 172 5742 Μ
182 5692 276 5743 itte
306 5692 370 5741 in
407 5685 618 5755 JOppen
648 5688 799 5749 viros,
830 5696 876 5738 et
903 5687 1091 5740 accersi
1118 5685 1378 5738 Simonem
1407 5687 1739 5754 cognomina—

125 5794 231 5834 tum
266 5783 535 5845 Petrum,
569 5781 651 5831 Η.
682 5779 768 5845 qui
794 5780 1022 5846 loquetur
1045 5777 1131 5830 tibi
1160 5775 1329 5841 verba,
1356 5776 1407 5829 in
1435 5777 1613 5845 quibus
1634 5778 1741 5828 sal-

3316 331 3418 385 186

1842 458 1931 496 vus
1958 444 2056 496 eris
2086 455 2138 497 tu
2166 455 2211 497 et
2242 445 2470 498 universa
2498 446 2675 498 domus
2705 456 2811 499 tua.
2842 445 2956 501 Non
2998 445 3128 500 dixit
3164 462 3224 501 ea
3249 489 3262 510 ,
3302 464 3418 517 qua:

1838 537 1907 589 ab
1936 537 2125 606 angelo
2166 538 2304 591 dicta
2351 538 2561 593 fuerant
2605 538 2856 593 Cornelio
2886 558 2899 591 :
2935 540 3202 594 Orationes
3234 552 3333 594 tua:
3373 552 3418 596 et

1840 627 2162 698 eleemosynaz
2185 637 2286 682 tua:
2308 630 2643 683 ascenderunt
2666 631 2718 701 in
2746 632 3040 684 memoriam
3067 633 3120 683 in
3147 645 3417 700 conspectu

1839 715 1957 781 Dei,
1988 734 2055 772 ne
2083 720 2199 772 illos
2220 718 2512 775 oll‘emleret
2536 737 2551 783 ;
2577 720 2672 775 sed
2699 736 2759 775 ea
2788 723 2973 784 verba,
3004 738 3123 791 qua:
3148 720 3278 775 nihil
3307 738 3419 775 ma-

1840 807 1926 877 gni
1956 809 2308 877 prml‘erebant
2341 828 2353 863 :
2384 810 2640 880 Loquetur
2665 812 2751 865 tibi
2774 813 2942 877 verba,
2970 812 3023 866 in
3044 813 3222 883 quibus
3247 814 3419 868 salvus

1838 900 1936 953 eris
1967 911 2019 952 tu
2057 909 2101 954 et
2146 902 2375 956 universa
2415 904 2595 957 domus
2638 914 2743 958 tua.
2791 905 2995 972 Viden‘,
3038 906 3308 975 quomodo
3351 922 3417 960 ea

1838 1009 1994 1061 quam
2038 995 2142 1048 dixi
2174 995 2241 1049 de
2270 1010 2427 1049 causa
2458 995 2713 1052 festinet?
2760 998 2828 1052 Et
2856 998 2986 1053 nihil
3019 998 3087 1053 de
3116 999 3217 1054 viri
3259 1015 3413 1053 man-

1837 1085 2118 1140 suetudine
2143 1085 2289 1140 dicit.
2326 1087 2463 1157 Ergo
2493 1087 2695 1157 Spiritu
2722 1089 2995 1155 mittente,
3031 1089 3144 1143 Deo
3166 1089 3414 1159 jubente,

1840 1192 1934 1246 per
1962 1178 2206 1246 angelum
2237 1179 2357 1234 inde
2383 1192 2627 1243 vocante,
2660 1180 2782 1236 hinc
2808 1191 3030 1251 urgente
3050 1224 3065 1247 ,
3094 1198 3272 1237 rerum
3310 1183 3420 1237 dis-

1835 1269 2037 1322 crimen
2065 1269 2334 1334 solvente,
2361 1272 2488 1341 qnid
2515 1271 2812 1325 faciendum
2841 1274 2999 1327 erat?
3026 1273 3132 1329 Sed
3161 1274 3290 1328 nihil
3315 1275 3412 1327 ho-

1838 1374 1953 1412 rtnn
1983 1360 2134 1426 dixit,
2159 1378 2343 1416 verum
2370 1378 2395 1415 a
2420 1364 2717 1433 posteriore
2738 1366 3020 1418 conﬁrmat
3044 1381 3058 1419 :
3087 1366 3228 1435 quod
3252 1368 3410 1420 etiam

1841 1464 1935 1518 per
1953 1465 2012 1505 se
2034 1451 2386 1507 indubitatum
2413 1463 2527 1507 erat
2549 1455 2931 1508 testimonium.
2960 1455 3024 1508 Et
3044 1470 3159 1517 cur,
3184 1456 3416 1524 inquies,

1840 1558 1945 1597 non
1975 1543 2076 1598 hoc
2106 1544 2300 1599 factum
2334 1556 2415 1601 est
2443 1546 2661 1601 solum?
2694 1548 2771 1601 Ex
2802 1546 3092 1601 abundanti
3125 1548 3177 1601 lit
3217 1564 3244 1600 a
3276 1551 3381 1602 Dco
3402 1591 3417 1610 ,

1843 1644 1898 1689 ut
1925 1634 2323 1692 demonstretur
2349 1636 2668 1708 principium
2694 1653 2798 1693 non
2826 1639 2893 1693 ab
2917 1639 3163 1708 apostolo
3190 1653 3330 1692 esse.
3361 1640 3416 1693 Si

1840 1737 2017 1781 autem
2044 1744 2138 1783 sua
2162 1740 2351 1799 sponte
2376 1730 2467 1784 illo
2497 1731 2763 1799 prolectus
2791 1741 2967 1797 esset,
2992 1742 3047 1787 et
3071 1733 3201 1787 nihil
3231 1733 3418 1786 hormu

1842 1819 2038 1875 factum
2083 1821 2299 1888 fuisset,
2349 1824 2636 1879 admodum
2678 1826 2865 1880 olfensi
2905 1826 3149 1880 fuissent.
3194 1827 3235 1880 A
3273 1824 3421 1896 priu-

1840 1913 1979 1983 cipio
2005 1915 2101 1969 sibi
2130 1925 2361 1970 mentem
2391 1917 2598 1971 illormn
2637 1918 2912 1981 conciliat,
2943 1916 3069 1971 dum
3097 1917 3227 1973 dicit
3264 1918 3369 1971 illis
3402 1935 3416 1971 :

1844 2004 1942 2069 Qui
1980 2005 2230 2076 Spiritum
2260 2018 2487 2061 sanctum
2535 2018 2856 2077 acceperunt,
2879 2010 3006 2062 sicut
3031 2019 3076 2063 et
3102 2026 3212 2063 nos.
3239 2010 3305 2064 Et
3327 2010 3424 2063 ite-

1842 2113 1958 2150 rum
1990 2115 2004 2150 :
2034 2099 2120 2153 15.
2149 2098 2273 2153 Cum
2304 2110 2469 2153 autem
2497 2103 2754 2169 caepissem
2780 2102 2937 2172 loqui,
2971 2102 3155 2156 cecidit
3197 2102 3423 2172 Spiritus

1840 2198 2041 2244 sanctus
2068 2206 2221 2259 super
2246 2192 2383 2254 illos,
2413 2195 2539 2246 sicut
2564 2201 2609 2246 et
2633 2194 2689 2246 in
2718 2210 2809 2248 nos
2836 2194 2889 2247 in
2916 2195 3086 2248 initio.
3115 2194 3298 2262 Neque
3324 2194 3424 2249 hoc

1841 2289 2123 2335 contentus
2142 2322 2156 2346 ,
2187 2283 2405 2337 verbum
2431 2284 2640 2337 Domini
2668 2295 3075 2339 commemorat.
3103 2284 3192 2339 16.
3224 2284 3417 2339 Recor-

1843 2371 1992 2425 datus
2011 2382 2177 2427 autem
2210 2390 2322 2428 sum
2346 2376 2481 2429 verbi
2507 2375 2713 2429 Domini
2739 2376 2866 2429 sicut
2904 2377 3099 2430 dicebat
3127 2393 3145 2430 :
3188 2376 3416 2430 Joannes

1841 2462 2041 2531 quidem
2061 2464 2326 2533 baptizavit
2346 2481 2499 2535 aqua,
2528 2481 2613 2519 vos
2637 2475 2803 2521 autem
2829 2465 3203 2535 baptizabimini
3223 2467 3276 2520 in
3298 2466 3423 2535 Spi-

1843 2559 1944 2607 ritu
1962 2563 2133 2609 sancto
2164 2558 2182 2625 (
2209 2555 2393 2609 Matth.
2421 2558 2473 2612 5.
2506 2557 2566 2610 11
2596 2558 2638 2628 ).
2680 2556 2864 2627 Itaque
2896 2558 3026 2611 nihil
3052 2558 3174 2611 novi
3202 2558 3418 2621 accidit,

1843 2646 1936 2702 sed
1972 2645 2022 2699 id
2049 2647 2189 2716 quod
2219 2648 2561 2717 prtedixerat.
2593 2652 2664 2703 At
2694 2664 2799 2703 non
2830 2650 3146 2719 oportebat,
3180 2650 3385 2720 inquies
3405 2693 3420 2713 ,

1845 2738 2096 2806 baptizari
2126 2756 2141 2792 :
2171 2740 2429 2809 baptisma
2457 2742 2601 2796 enim
2646 2742 2940 2811 perfecturus
2972 2751 3087 2796 erat
3106 2785 3120 2809 ,
3152 2758 3275 2797 cum
3305 2741 3425 2811 Spi~

1845 2831 1977 2885 ritus
2006 2841 2220 2886 sanctus
2249 2833 2298 2886 in
2327 2833 2445 2887 illos
2470 2832 2769 2888 descendit.
2810 2834 2934 2888 Ideo
2974 2850 3077 2889 non
3111 2835 3261 2901 dicit,
3284 2834 3424 2889 Jussi

1845 2921 1961 2974 illos
1990 2923 2134 2989 prius
2160 2922 2451 2991 baptizari;
2481 2924 2574 2978 sed
2601 2924 2767 2993 quid?
2806 2924 3068 2995 Numquid
3094 2941 3279 2994 aquam
3309 2943 3427 2993 pro-

1845 3013 2010 3066 bibere
2033 3014 2144 3083 quis
2174 3024 2352 3083 potest,
2385 3025 2439 3067 ut
2469 3030 2569 3067 non
2609 3015 2923 3085 baptizentur
2963 3015 3057 3069 lii?
3085 3017 3208 3069 hinc
3238 3026 3425 3071 osten-

1844 3104 2009 3170 dens,
2063 3121 2121 3160 se
2149 3122 2245 3161 suo
2281 3117 2425 3160 motu
2468 3106 2596 3159 nihil
2644 3105 2854 3162 fecisse.
2900 3107 3052 3175 Quod
3112 3108 3272 3177 igitur
3324 3122 3420 3161 nos

1847 3196 2193 3260 habebamus,
2225 3197 2297 3251 illi
2321 3208 2665 3267 acceperunt.
2705 3200 2791 3252 i7.
2825 3199 2886 3253 Si
2911 3216 3027 3269 ergo
3052 3200 3279 3253 eamdem
3307 3216 3426 3269 gra-

1845 3290 1963 3342 tiam
1991 3290 2126 3342 dedit
2153 3289 2311 3356 Deus,
2346 3292 2534 3361 inquit.
2574 3293 2702 3346 sicut
2731 3302 2776 3346 et
2805 3293 2965 3357 nobis,
2997 3293 3084 3362 qui
3111 3294 3421 3347 credidimus

1844 3381 1895 3432 in
1922 3380 2193 3434 Dominum
2219 3381 2391 3435 Jesum
2422 3398 2440 3435 :
2466 3399 2554 3453 ego
2583 3384 2694 3453 quis
2723 3401 2880 3448 eram,
2911 3385 2996 3453 qui
3027 3401 3220 3453 possem
3248 3384 3426 3455 prohi-

1844 3471 1955 3524 bere
1986 3472 2184 3525 Deum?
2216 3472 2279 3528 Ut
2308 3489 2372 3527 ex
2399 3474 2686 3528 abundanti
2720 3475 2928 3528 illorum
2961 3490 3054 3529 ora
3084 3475 3386 3529 obstrueret
3407 3516 3424 3541 ,

1845 3563 1964 3618 ideo
1992 3564 2211 3617 addidit.
2246 3562 2493 3618 Eamdem
2519 3568 2754 3635 gratiam.
2788 3565 2997 3629 Viden',
3023 3567 3291 3635 quomodo
3319 3583 3423 3621 non

1845 3658 2084 3724 permisit
2115 3657 2232 3710 illos
2258 3658 2432 3712 minus
2463 3657 2689 3721 habere,
2725 3658 2814 3728 qui
2844 3661 3009 3714 semel
3042 3659 3424 3714 credidissent?

1846 3750 2032 3805 Parem
2062 3751 2285 3819 gratiam
2315 3751 2461 3805 dedit
2503 3752 2607 3806 illis
2637 3752 2776 3806 Dens
2802 3793 2816 3816 ,
2862 3753 3075 3824 qualem
3106 3753 3296 3817 nobis,
3330 3755 3421 3823 qui

1846 3843 2165 3896 credidimus
2196 3844 2245 3895 in
2281 3844 2559 3896 Dominum
2609 3861 2621 3895 :
2665 3843 2843 3913 itaque
2888 3844 3001 3912 ipse
3046 3854 3234 3914 purgat
3283 3844 3423 3899 illos.

1844 3933 2025 4000 Neme
2067 3933 2229 3997 dicit,
2284 3933 2444 3989 Vobis
2469 3976 2483 3993 ,
2534 3933 2665 3999 sed,
2700 3933 2905 3998 Nobis;
2949 3935 3071 3988 hinc
3101 3936 3263 3989 etiam
3305 3951 3423 3990 ser-

1845 4040 2057 4078 monem
2091 4026 2355 4092 mitigans.
2405 4024 2540 4093 Quid
2578 4040 2705 4095 ergo
2745 4025 3129 4095 indignamini,
3162 4041 3281 4080 cum
3322 4040 3421 4080 nos

1846 4115 1987 4185 ipsos
2019 4118 2298 4184 participes
2317 4116 2591 4169 dicamus?
2616 4116 2701 4170 18.
2734 4114 2833 4169 His
2854 4116 3065 4181 auditis,
3097 4116 3411 4185 quieverunt,

1845 4217 1891 4261 et
1920 4207 2326 4276 gloriﬁcaverunt
2369 4206 2535 4260 Deum
2558 4249 2574 4272 ,
2619 4209 2839 4262 dicentes
2880 4225 2899 4262 :
2928 4206 3093 4278 Igitur
3124 4217 3168 4262 et
3197 4210 3425 4278 gentibus

1847 4300 2187 4369 pteniteutiam
2212 4300 2348 4353 dedit
2378 4300 2513 4353 Deus
2536 4301 2604 4353 ad
2630 4301 2801 4354 vitam.
2844 4300 3027 4355 Viden'
3056 4301 3324 4372 quomodo
3353 4316 3423 4357 ex

1845 4391 2101 4445 concione
2133 4391 2273 4445 Petri
2305 4401 2471 4445 totum
2512 4391 2710 4447 factum
2742 4394 2847 4458 sit,
2879 4394 2967 4463 qui
2997 4407 3059 4447 ea
3079 4435 3095 4459 ,
3142 4409 3259 4462 qua:
3292 4394 3425 4447 facta

1846 4480 2074 4544 fuerant,
2105 4493 2250 4538 recte
2271 4484 2566 4538 narraverit
2587 4484 2610 4537 ?
2636 4483 2759 4539 Ideo
2780 4484 3209 4553 gloriﬁcaverunt
3235 4486 3423 4545 Deum,

1845 4571 1986 4641 quod
2017 4574 2174 4626 etiam
2208 4573 2313 4627 illis
2345 4575 2708 4643 paenitentiam
2749 4575 2958 4630 dederit
2990 4594 3003 4630 :
3047 4580 3118 4630 ita
3162 4576 3424 4631 humiliati

1845 4673 1967 4717 sunt
1986 4664 2053 4717 ab
2076 4664 2157 4718 his
2178 4667 2533 4721 sermonibus.
2564 4666 2700 4721 Hinc
2725 4677 2906 4736 aperta
2930 4668 3145 4720 demum
3173 4669 3426 4735 gentibus

1840 4756 2002 4826 janua
2029 4757 2145 4811 fuit.
2179 4758 2306 4825 Sed,
2340 4759 2383 4813 si
2414 4759 2611 4829 placet,
2640 4760 2916 4828 superiora
2949 4770 3274 4828 repetamus.
3310 4759 3425 4813 Non

1845 4850 1998 4915 dixit,
2030 4850 2367 4919 Disceptabat
2394 4851 2583 4905 Petrus
2604 4891 2619 4913 ,
2651 4852 2745 4905 sed
2766 4891 2780 4916 ,
2813 4842 2913 4916 Qui
2940 4861 3082 4904 erant
3110 4867 3174 4903 ex
3198 4851 3419 4904 circum-

1846 4941 2030 4993 cisione
2052 4956 2070 4993 .'
2096 4943 2344 5010 quoniam
2372 4943 2486 5011 ipse
2511 4942 2739 5005 sciebat,
2764 4942 2905 5010 quod
2930 4943 3229 5009 parabatur.
3257 4941 3418 5010 Atqui

1848 5031 1977 5086 illud
2006 5034 2285 5100 oportebat
2314 5033 2529 5098 mirari,
2569 5031 2836 5101 quomodo
2860 5040 2913 5085 et
2940 5031 3015 5085 illi
3045 5030 3418 5085 credidissent.

1845 5123 2071 5189 Quando
2103 5124 2260 5193 igitur
2301 5124 2611 5185 audierunt,
2666 5122 2807 5191 quod
2854 5122 3240 5185 credidissent,
3292 5122 3425 5176 nihil

1849 5217 1986 5283 paSsi
2034 5224 2190 5280 sunt;
2234 5215 2326 5269 sed
2374 5231 2493 5269 cum
2543 5216 2678 5268 Deus
2724 5215 2941 5284 largitus
2987 5222 3071 5268 est
3119 5212 3421 5283 Spiritum,

1846 5310 2058 5377 quando
2092 5308 2277 5361 Petrus
2320 5307 2620 5375 esponcbat
2653 5306 2908 5361 visionem
2958 5322 3144 5369 suam,
3186 5306 3370 5360 dicens
3405 5322 3419 5358 :

1850 5400 1987 5453 Deus
2010 5400 2241 5453 ostendit
2263 5399 2414 5464 mihi,
2447 5415 2514 5452 ne
2536 5415 2690 5468 quem
2719 5400 2988 5454 hominem
3015 5399 3247 5452 dicerem
3273 5412 3421 5451 com-

1848 5509 2057 5547 munem
2090 5494 2171 5545 vel
2203 5492 2551 5547 immundum.
2599 5492 2686 5548 Sic
2716 5493 2805 5547 ille
2830 5493 2935 5562 jam
2967 5505 3122 5547 antea
3154 5491 3255 5545 hoc
3284 5491 3424 5544 scie-

1850 5587 1954 5640 bat.
2018 5585 2218 5638 Idcirco
2270 5594 2364 5655 p‘ro
2407 5586 2655 5656 gentibus
2712 5600 3014 5650 sermonem
3068 5582 3421 5653 praeparavit,

1848 5680 2135 5732 ostendens
2176 5680 2294 5733 illas
2337 5680 2652 5734 adveniente
2703 5681 2805 5733 lide
2835 5696 2937 5733 non
2984 5678 3210 5747 amplius
3238 5684 3424 5746 gentes

1852 5772 2069 5825 futuras.
2101 5771 2235 5826 Nihil
2264 5774 2451 5826 mirum
2483 5788 2629 5841 ergo,
2656 5773 2697 5825 si
2730 5783 2851 5826 ante
2883 5772 3138 5842 baptisma
3167 5768 3421 5837 Spiritum
