3978 6508
547 383 646 437 187
945 445 950 450 ,

545 495 850 564 acceperint
875 508 891 548 :
936 501 1119 544 nostro
1143 501 1354 558 quoque
1380 493 1624 549 tempore
1655 477 1756 530 hoc
1789 473 1983 526 factum
2013 477 2116 522 est.

542 587 640 643 llic
667 585 896 640 ostendit
931 585 1140 644 l'etrus,
1171 576 1308 646 quod
1337 573 1413 628 illi
1445 587 1550 625 non
1583 570 1720 623 sicut
1748 565 1838 620 alii
1873 559 2123 630 haptizati

542 681 684 743 sint,
729 675 821 730 sed
868 673 1035 728 tnnlto
1074 669 1284 722 melius.
1328 664 1454 719 Ideo
1483 662 1559 716 sic
1588 676 1654 714 ex
1686 653 1977 712 abundanti
2009 665 2122 706 rem

543 768 797 836 disponit,
830 780 896 818 ne
922 760 1045 832 quid
1068 759 1247 814 dicere
1277 755 1503 825 possint,
1536 750 1631 805 sed
1658 758 1716 803 ut
1744 748 1822 802 sic
1849 744 1949 800 sibi
1973 757 2125 813 pares

547 860 776 913 habeant
807 856 946 910 illos.
988 850 1054 904 Et
1085 855 1384 920 rogaverunt
1423 845 1570 898 illum
1595 884 1609 909 ,
1660 839 1862 909 inquit,
1917 845 1973 889 ut
2019 849 2128 885 nta-

549 959 703 1003 neret.
752 945 934 1002 Viden’
980 941 1247 1013 quomodo
1272 953 1380 992 non
1425 933 1758 990 familiariter
1809 942 1935 997 erga
1981 925 2128 980 illum

548 1041 723 1095 alTecti
756 1046 933 1092 essent
952 1036 976 1077 ν
1004 1033 1177 1088 viden'
1208 1039 1462 1100 quantum
1490 1026 1661 1080 zelum
1691 1038 1786 1092 pro
1819 1021 1937 1088 lege
1964 1016 2130 1071 habe-

547 1133 707 1188 rent?
733 1130 849 1184 Non
879 1128 1190 1197 dignitatem
1224 1123 1366 1178 Petri
1394 1118 1609 1176 reveriti
1643 1123 1807 1181 sunt,
1853 1127 1958 1167 non
1989 1109 2128 1165 edita

551 1229 697 1290 signa
722 1266 734 1285 ,
768 1239 872 1276 non
903 1229 1105 1273 tantunt
1135 1216 1263 1272 illud
1286 1227 1439 1283 epus,
1471 1209 1612 1282 quod
1661 1214 1965 1275 susceptum
1989 1209 2135 1256 esset

549 1319 804 1379 verbum;
853 1314 946 1370 sed
996 1313 1065 1366 ob
1111 1324 1268 1380 parva
1313 1307 1403 1360 illa
1451 1299 1820 1372 disceptabant
1885 1295 1942 1352 Si
1989 1297 2131 1349 enim

549 1412 682 1467 nihil
715 1411 904 1464 horum
938 1407 1162 1469 luisset,
1209 1417 1315 1455 non
1359 1409 1441 1454 sat
1481 1397 1668 1451 fuisset
1703 1391 2024 1462 praestitum.
2067 1392 2135 1441 At

552 1520 657 1558 non
690 1504 759 1556 ita
788 1519 847 1555 se
879 1506 1069 1568 purgat
1093 1496 1281 1550 Petrus
1314 1509 1327 1545 :
1354 1488 1592 1560 prudens
1617 1487 1816 1556 quippe
1844 1491 1995 1546 erat;
2025 1480 2134 1533 imo

553 1611 659 1649 non
691 1609 756 1648 ex
789 1590 1066 1661 prudentia
1111 1587 1314 1657 ipsius,
1357 1582 1452 1637 sed
1482 1598 1546 1636 ex
1574 1580 1776 1650 Spiritu
1805 1575 1966 1630 verba
2001 1588 2122 1642 pro-

565 1683 955 1737 tiriscebantnr.
1002 1679 1066 1732 Et
1093 1679 1146 1732 in
1177 1675 1489 1731 defensione
1519 1686 1612 1726 sua
1641 1685 1700 1724 se
1728 1684 1834 1722 non
1864 1672 2136 1719 auctorem

555 1774 788 1830 ostendit
808 1816 822 1838 ,
855 1772 946 1826 sed
977 1769 1170 1840 ubique
1198 1769 1384 1822 Deum.
1435 1764 1503 1818 Et
1534 1773 1737 1816 tantum
1780 1773 1885 1812 non
1919 1758 2036 1810 illos
2062 1752 2140 1808 sic

555 1867 782 1922 affatur:
813 1865 928 1930 Ipse
959 1862 1102 1924 fecit,
1135 1869 1192 1913 ut
1221 1859 1272 1912 in
1302 1869 1526 1910 excessu
1557 1851 1752 1906 mentis
1781 1863 1958 1904 essem
1991 1865 2005 1901 :
2041 1859 2140 1912 ego

557 1959 701 2012 enim
730 1955 1047 2024 simpliciter
1075 1951 1292 2005 orabam
1330 1966 1341 2000 :
1376 1946 1467 2001 ille
1497 1959 1592 1998 vas
1621 1940 1748 1996 illud
1775 1936 2092 1994 monstravit
2124 1951 2137 1986 :

561 2067 660 2119 ego
689 2046 1117 2103 contradicebam
1150 2061 1162 2096 :
1191 2055 1405 2096 rursum
1428 2039 1516 2093 ille
1541 2035 1712 2100 dixit,
1744 2046 1918 2102 neque
1942 2030 2020 2084 sic
2042 2043 2142 2097 ego

559 2140 736 2194 audivi
773 2156 784 2191 :
817 2137 1042 2207 Spiritus
1057 2135 1210 2205 jussit
1235 2131 1374 2185 abire
1402 2145 1420 2184 :
1450 2138 1505 2184 et
1534 2128 1720 2181 abiens
1745 2140 1852 2178 non
1883 2135 2142 2176 accurre-

560 2235 679 2288 bant
711 2252 722 2284 :
758 2232 864 2285 dixi
893 2229 1034 2300 quod
1065 2231 1206 2283 llens
1249 2225 1494 2288 ntiserit;
1545 2231 1598 2276 et
1629 2229 1811 2290 postea
1855 2231 2026 2286 neque
2067 2213 2145 2267 sic

561 2326 853 2394 baptizavi,
886 2322 979 2376 sed
1010 2332 1219 2374 rursum
1251 2319 1390 2371 Deus
1414 2325 1583 2369 totum
1607 2310 1803 2367 effecit.
1838 2309 1976 2378 Ergo
2005 2308 2145 2361 Deos

561 2417 682 2470 illos
711 2415 1018 2484 baptizavit,
1052 2428 1154 2466 non
1182 2425 1301 2480 ego.
1331 2409 1439 2463 Nec
1465 2407 1631 2472 dixit,
1667 2405 1794 2459 Post
1824 2403 1936 2455 ltazc
1964 2398 2141 2454 omnia

562 2521 741 2560 annon
772 2505 1052 2576 oportebat
1087 2504 1300 2558 demum
1346 2515 1536 2569 aquam
1569 2495 1814 2551 addere?
1854 2491 1949 2547 sed
1993 2491 2145 2562 quasi

563 2599 696 2653 nihil
725 2597 998 2663 deficeret,
1031 2593 1143 2666 Ego
1171 2594 1282 2664 quis
1303 2607 1464 2656 erat»,
1493 2589 1698 2660 inquit,
1726 2586 1810 2656 qui
1833 2583 2146 2655 pro/liberem

564 2687 772 2744 Deum?
807 2689 996 2757 Papae,
1044 2686 1217 2755 qualis
1243 2683 1519 2739 defensio!
1571 2680 1755 2750 Neque
1786 2678 1927 2732 enim
1961 2677 2099 2730 dixit
2131 2692 2144 2727 :

566 2783 692 2836 llaec
719 2789 847 2852 ergo
876 2794 1000 2834 cum
1027 2778 1206 2832 sciatis
1227 2819 1242 2843 ,
1274 2776 1572 2846 quiescite;
1606 2772 1700 2827 sed
1728 2771 1853 2842 quid
1877 2770 1900 2824 ?
1935 2769 2150 2837 Excipit

564 2877 778 2930 illorum
827 2875 1103 2942 impetum,
1156 2882 1210 2926 et
1251 2870 1353 2924 illis
1384 2866 1755 2924 accusantibus
1812 2879 1870 2919 se
1912 2872 2144 2933 purgat:

571 2966 697 3034 Quis
725 2983 862 3021 eram
900 2967 985 3036 qui
1013 2981 1207 3032 possem
1235 2962 1498 3033 prohibere
1535 2960 1700 3014 Deum
1729 2960 1753 3013 ?
1783 2957 1936 3012 dixit.
1971 2955 2150 3011 Vehe-

569 3068 776 3113 menter
802 3067 856 3113 et
884 3059 1116 3128 graviter
1141 3070 1200 3110 se
1229 3052 1468 3109 defendit
1499 3069 1511 3104 :
1543 3051 1659 3106 Non
1690 3059 1930 3119 poteram
1965 3047 2151 3118 prohi-

569 3149 715 3205 bere.
748 3147 901 3205 Unde
926 3147 1140 3204 tandem
1171 3145 1410 3202 deterriti
1437 3145 1788 3214 quieverunt,
1814 3150 1866 3195 et
1891 3139 2157 3212 glorifica-

572 3250 764 3296 verunt
795 3241 984 3295 Deum.
1473 3255 1476 3259 ‘

642 3335 698 3388 '5.
729 3334 814 3389 Sic
840 3342 894 3387 et
920 3347 1017 3389 nos
1041 3340 1252 3402 oportet
1275 3330 1324 3383 in
1357 3327 1720 3399 proxintorum
1756 3324 1911 3379 bouis
1940 3321 2145 3393 glorifi-

572 3443 698 3482 Care
729 3428 916 3490 Deum,
949 3439 1053 3480 non
1088 3433 1267 3477 autem
1298 3421 1556 3476 insultare
1585 3419 1711 3486 illis,
1744 3418 1882 3472 sicut
1914 3417 2062 3471 multi
2089 3431 2156 3470 ex

575 3536 762 3575 recens
791 3518 1110 3574 illutninatis
1147 3517 1439 3580 insultant,
1472 3512 1685 3583 quando
1716 3511 1900 3565 vident
1934 3509 2070 3564 alios
2097 3508 2158 3562 il-

578 3613 862 3676 luminari,
896 3621 950 3666 et
994 3610 1174 3664 statim
1219 3607 1537 3676 demigrare.
1584 3602 1899 3660 Glorificare
1947 3607 2160 3670 oportet

585 3707 746 3757 ltemn
775 3701 857 3756 vel
884 3702 1024 3771 quod
1054 3713 1274 3752 manere
1315 3712 1420 3750 non
1449 3694 1729 3749 concedat.
1773 3692 1957 3762 itaque
1997 3700 2082 3754 tu,
2111 3690 2160 3742 si

585 3795 720 3847 velis
743 3835 757 3855 ,
790 3794 961 3861 majus
985 3789 1238 3859 accepisti
1268 3787 1497 3849 denum;
1522 3799 1628 3838 non
1658 3781 1799 3853 quod
1828 3781 2160 3834 illuminatus

581 3887 692 3953 εἰς(
717 3888 816 3940 ltoe
839 3883 981 3939 enim
1009 3884 1122 3952 ipse
1146 3891 1316 3937 tecum
1338 3891 1624 3934 commune
1651 3874 1870 3946 habet);
1900 3873 1994 3928 sed
2017 3872 2158 3942 quod

581 3977 648 4032 ad
696 3976 950 4046 prreclare
985 3973 1245 4044 agendum
1288 3981 1499 4042 tempus
1522 3968 1814 4038 acceperis.
1850 3966 1942 4021 Ille
1968 3965 2160 4018 stolam

587 4070 776 4131 ittdttit,
809 4081 906 4122 nec
944 4065 1261 4136 permissum
1287 4062 1336 4117 ei
1361 4061 1495 4126 fuit,
1523 4071 1581 4114 ut
1610 4059 1699 4113 illa
1727 4072 1786 4112 se
1812 4055 2160 4126 spectabilem

583 4162 839 4216 redderet
869 4158 1001 4214 :‘tibi
1041 4157 1261 4212 multam
1293 4153 1440 4209 dedit
1471 4152 1611 4207 Deus
1637 4151 1946 4204 facultatem
1979 4146 2161 4200 utendi

587 4254 753 4306 armis
783 4258 841 4304 ut
865 4258 1109 4318 oportet,
1133 4258 1187 4301 et
1219 4247 1341 4298 hinc
1382 4244 1469 4298 illa
1502 4241 1755 4310 experiri.
1801 4239 1894 4294 llle
1933 4244 2120 4307 mtgrat
2144 4276 2161 4303 ,

591 4342 711 4398 lidei
739 4351 944 4395 tantum
967 4338 1268 4393 mercedem
1296 4335 1502 4390 habens
1533 4350 1546 4386 :
1576 4343 1631 4387 tu
1657 4343 1769 4387 stas
1794 4331 1846 4384 in
1873 4330 2067 4395 stadio,
2109 4336 2165 4383 et

591 4434 784 4487 multas
811 4445 1033 4501 operum
1061 4426 1338 4483 mercedes
1361 4428 1606 4494 accipere
1631 4433 1805 4493 potes,
1833 4432 1991 4491 atque
2015 4425 2163 4474 tanto

595 4524 688 4578 illo
719 4521 1048 4592 splendidior
1072 4531 1330 4590 apparere
1350 4558 1365 4584 ,
1388 4525 1588 4586 quanto
1617 4514 1696 4568 sol
1723 4513 1944 4566 minima
1971 4509 2124 4564 stella
2148 4550 2162 4573 ,

589 4623 790 4685 quanto
815 4613 921 4668 dux
953 4611 1140 4665 ultimo
1166 4608 1352 4675 milite,
1392 4607 1501 4661 imo
1525 4613 1725 4676 quanto
1754 4619 1867 4658 rex.
1901 4602 2061 4672 lgitttr
2091 4612 2169 4654 te-

591 4707 763 4774 ipsutu
812 4705 1136 4767 crintinare;
1185 4701 1293 4754 imo
1338 4713 1407 4752 ne
1455 4695 1790 4761 crimineris,
1835 4693 1928 4747 sed
1959 4691 2168 4761 corrige

588 4813 802 4868 semper
827 4816 840 4851 :
870 4811 975 4850 non
1003 4795 1144 4848 enim
1174 4791 1371 4846 sufficit
1392 4788 1662 4844 criminari
1681 4826 1696 4851 ,
1725 4786 1848 4840 licet
1867 4784 2164 4839 decertare.

589 4893 839 4960 Dejectus.
865 4889 964 4946 es?
989 4887 1166 4957 gravia
1195 4900 1386 4956 passus
1411 4882 1508 4937 es?
1530 4881 1793 4949 Resurge,
1819 4879 2049 4948 teipsum
2077 4891 2167 4930 re-

591 5000 710 5037 crea
742 5002 753 5036 :
783 4993 893 5037 stas
922 4979 1098 5034 adhuc
1144 4979 1197 5031 in
1246 4975 1452 5035 stadio,
1497 4973 1670 5026 adhuc
1702 4972 1966 5024 theatrum
1995 4966 2166 5021 adest.

593 5076 706 5130 Non
738 5075 905 5140 vides,
935 5083 1060 5142 quot
1091 5071 1144 5125 in
1175 5085 1346 5140 pugna
1375 5065 1663 5137 prostrati,
1694 5078 1904 5118 rursum
1927 5061 2171 5116 decerta-

593 5169 750 5222 runt?
790 5169 1015 5221 Tantum
1063 5182 1130 5221 ne
1175 5175 1366 5235 sponte
1410 5161 1749 5217 suecnmbas.
1791 5160 2012 5214 Beatum
2040 5157 2172 5213 dicis

594 5274 713 5312 cum
768 5260 852 5328 qui
907 5259 1188 5312 defunctus
1240 5255 1364 5312 est?
1425 5255 1678 5324 Teipsnm
1737 5254 1903 5322 magis
1957 5251 2168 5306 beatum

597 5349 780 5403 dicito.
813 5348 1028 5402 Solutus
1049 5358 1133 5403 est
1157 5363 1188 5401 a
1216 5347 1445 5416 peccatis
1484 5344 1609 5400 ille?
1636 5343 1742 5399 Sed
1761 5385 1776 5410 ,
1805 5345 1849 5397 si
1880 5343 2033 5409 velis,
2064 5358 2170 5396 non

597 5441 760 5495 modo
789 5449 1004 5509 peccata
1047 5438 1270 5504 ablues,
1326 5439 1434 5492 imo
1490 5439 1652 5493 etiam
1709 5435 1864 5490 bonis
1919 5433 2171 5502 operibus

597 5534 889 5588 instructus
916 5533 1045 5597 eris,
1081 5531 1243 5602 quod
1265 5530 1352 5586 ille
1376 5547 1480 5586 non
1513 5541 1705 5602 potest.
1756 5531 2046 5586 Possumus
2072 5541 2172 5582 nos

595 5628 741 5696 ipsos
771 5639 1043 5680 revecare.

674 5718 988 5772 l’mtitcntia:
1028 5717 1304 5788 pharmaca
1350 5731 1535 5784 magna
1579 5724 1715 5768 sunt.
1742 5744 1812 5754 —
1833 5712 2017 5781 Magna
2047 5720 2172 5764 sunt

601 5811 927 5880 paenitentia-
980 5808 1262 5880 pharmaca
1295 5825 1309 5862 :
1341 5821 1500 5862 nemo
1537 5806 1603 5860 de
1643 5819 1702 5860 se
1746 5804 2011 5874 deSperet.
2074 5799 2167 5854 Ille

1285 372 1340 425 S.
1382 365 1656 422 JOANNIS
1693 354 2162 417 CIIRYSOSTOMI
2202 349 2517 407 ARCHIEP.
2561 340 3091 400 CONSTANTINOP.

3710 333 3806 388 188

2233 479 2357 517 vere
2389 461 2764 528 desperatione
2792 458 2982 527 dignus
3005 496 3018 520 ,
3053 456 3138 525 qui
3171 453 3459 520 desperat.
3489 449 3578 504 ille
3603 465 3708 502 non
3733 448 3808 502 nl-

2233 566 2311 609 tra
2336 568 2482 622 spem
2525 551 2712 604 salutis
2743 549 2900 602 habet
2927 550 2966 600 ¹.
3016 546 3130 600 Non
3161 556 3267 598 tam
3295 559 3458 614 grave
3486 553 3570 595 est
3600 543 3652 595 in
3685 555 3808 610 pro-

2235 647 2454 702 fundunt
2501 644 2761 698 malorum
2789 643 2973 695 venire
2998 682 3012 706 ,
3043 653 3199 708 qnam
3228 647 3409 708 postea
3443 636 3554 691 illic
3585 636 3769 704 jacere
3797 652 3808 685 :

2235 755 2339 794 non
2368 737 2585 806 impium
2614 747 2696 790 est
2724 736 2775 789 in
2809 733 3127 804 profundum
3160 732 3418 785 malorum
3446 729 3810 791 descendere.

2235 830 2326 885 sed
2355 829 2425 882 ibi
2455 829 2689 899 positum
2711 838 3079 881 contemnere.
3102 824 3261 890 Num,
3285 837 3499 892 qua-so,
3536 822 3624 875 ubi
3649 823 3817 890 magis

2211 921 2520 975 {sollicitum
2573 934 2693 975 esse
2721 927 3014 988 oporteret,
3065 917 3134 971 ibi
3179 913 3525 970 contemnis?
3554 912 3661 967 Tot
3686 927 3816 966 con-

2235 1015 2412 1070 fossus
2437 1014 2746 1068 vulneribus
2769 1053 2785 1079 ,
2817 1011 3093 1067 cecidisti?
3138 1009 3351 1064 Nullum
3399 1009 3595 1062 anima:
3625 1007 3818 1059 vulnus

2238 1107 2534 1164 insanabile
2565 1117 2648 1161 est
2678 1123 2692 1161 :
2721 1104 2817 1159 sed
2868 1105 2921 1159 in
2960 1117 3186 1173 corpore
3226 1101 3389 1155 multa
3420 1110 3545 1154 sunt
3570 1100 3696 1152 talia
3720 1140 3735 1156 .
3769 1101 3817 1150 in

2238 1203 2412 1255 anima
2445 1200 2669 1255 nullum.
2699 1199 2790 1254 llla
2818 1207 2994 1252 tamen
3043 1196 3325 1265 diligenter
3350 1209 3540 1249 curare
3572 1207 3678 1246 non
3707 1193 3808 1246 de-

2240 1296 2509 1361 sistimus;
2538 1294 2654 1349 hzec
2681 1307 2811 1348 vero
2840 1291 3177 1362 negligimus.
3217 1288 3335 1343 Non
3360 1287 3509 1342 vides
3541 1287 3802 1340 latronem

2241 1389 2410 1452 illum,
2438 1402 2596 1456 quam
2620 1386 2765 1441 brevi
2789 1394 3029 1453 tempore
3053 1381 3308 1452 praeclara
3339 1378 3570 1434 fecerit?
3598 1393 3706 1432 non
3735 1378 3814 1431 vi-

2241 1481 2336 1536 des
2383 1487 2677 1550 martyres,
2705 1476 2976 1548 quomodo
3030 1474 3178 1529 brevi
3223 1483 3463 1543 tempore
3504 1482 3672 1527 totum
3703 1487 3822 1540 per-

2245 1571 2528 1628 fecerunt?
2557 1572 2627 1624 At
2654 1585 2761 1624 non
2788 1567 2897 1637 jam
2925 1576 3010 1621 est
3035 1564 3276 1636 martyrii
3305 1563 3553 1633 tempus?
3579 1561 3686 1617 Sed
3710 1577 3825 1615 cer-

2245 1664 2506 1718 taminum
2533 1671 2742 1730 tempus
2768 1667 2852 1714 est
2874 1700 2889 1725 ,
2928 1657 2972 1713 si
3003 1657 3228 1712 velimus
3252 1697 3268 1720 ,
3297 1664 3354 1709 ut
3379 1669 3523 1725 saepe
3548 1654 3688 1707 dixi.
3726 1653 3826 1719 Qui

2244 1759 2385 1812 enim
2413 1757 2618 1819 volunt,
2651 1754 2853 1824 inquit,
2882 1753 2934 1806 in
2961 1751 3164 1806 Christo
3192 1749 3317 1804 Iesu
3345 1749 3426 1818 pie
3445 1748 3626 1812 vivere,
3659 1764 3828 1816 perse-

2245 1851 2532 1918 quutiouem
2575 1847 2831 1917 patientur
2856 1843 2933 1915 (ἓ.
2965 1842 3098 1896 Tim.
3125 1843 3180 1897 '5.
3210 1839 3323 1912 12).
3350 1839 3451 1906 Qui
3481 1841 3569 1910 pie
3609 1839 3826 1899 vivunt.

2253 1957 2468 2011 semper
2499 1938 2966 2009 persequutiouem
3004 1935 3310 2005 patiuntur:
3357 1933 3400 1987 si
3432 1947 3535 1986 non
3563 1932 3631 1986 ab
3657 1932 3832 1984 homi-

2212 2037 2216 2041 ’
2248 2035 2424 2098 uibus,
2451 2041 2597 2086 certe
2622 2047 2649 2082 a
2675 2028 3028 2094 dtemonibus,
3058 2043 3176 2097 qua:
3205 2040 3334 2080 sane
3361 2026 3574 2096 gravior
3603 2035 3688 2078 est
3716 2039 3832 2093 per-

2248 2126 2512 2195 sequutio.
2542 2124 2607 2177 Et
2645 2124 2818 2193 primo
2841 2137 2905 2176 ex
2933 2120 3137 2175 incuria
3173 2119 3312 2173 hanc
3341 2119 3606 2174 sustinent
3636 2117 3669 2171 ii
3696 2159 3715 2184 ,
3745 2119 3832 2186 qui

2249 2233 2352 2273 non
2383 2216 2621 2287 vigilant.
2655 2217 2734 2269 An
2765 2228 2979 2284 parvam
3012 2219 3165 2282 putas
3196 2212 3675 2282 persequutiouem
3706 2225 3828 2262 cmn

2249 2309 2451 2364 incuria
2478 2306 2692 2361 vivere?
2719 2305 2828 2360 Hoc
2871 2305 3111 2360 omnium
3153 2312 3238 2359 est
3281 2302 3692 2373 gravissimum,
3739 2299 3837 2354 hoc

2251 2401 2658 2471 persequutione
2687 2398 2856 2469 pejus.
2907 2396 3038 2452 Nam
3063 2397 3208 2452 velut
3256 2395 3429 2450 ﬂuxus
3458 2409 3716 2458 manans,
3754 2392 3834 2446 in-

2249 2494 2394 2548 curia
2429 2493 2662 2546 animam
2703 2490 2910 2544 emollit
2941 2505 2954 2542 :
2991 2489 3328 2558 idipsumque
3357 2496 3439 2542 est
3489 2487 3839 2557 persequutio

2251 2597 2304 2641 et
2338 2585 2574 2648 incuria,
2607 2582 2746 2652 quod
2792 2593 2950 2636 aestas
2997 2591 3050 2633 et
3104 2580 3295 2634 hiems.
3345 2578 3415 2634 Ut
3439 2589 3617 2633 autem
3671 2579 3838 2645 magis

2252 2679 2460 2732 ediscas
2507 2678 2742 2746 pejorem
2789 2691 2910 2730 esse
2965 2674 3101 2728 hanc
3153 2673 3662 2744 persequutiouem,
3722 2671 3839 2723 hinc

2254 2768 2836 2839 perpemlezsomnnm
2889 2767 2942 2820 in
2988 2767 3220 2820 animam
3281 2763 3547 2827 immittit,
3601 2763 3839 2817 oscitan-

2257 2863 2380 2915 tiam
2413 2871 2466 2914 et
2498 2859 2873 2930 negligentiam
2900 2872 3146 2928 magnam
3187 2855 3344 2918 indit,
3371 2855 3654 2925 passiones
3692 2852 3842 2907 undi-

2255 2969 2357 3023 que
2381 2955 2608 3016 excitat;
2657 2961 2827 3005 armat
2865 2949 3090 3015 fastum,
3140 2958 3313 3003 armat
3343 2947 3680 3018 voluptatem
3706 2987 3723 3012 ,
3759 2962 3841 2998 ar-

2256 3057 2365 3102 tnat
2391 3049 2543 3106 iram.
2577 3045 2866 3109 invidiam,
2902 3059 3090 3097 vanam
3121 3042 3344 3113 gloriam
3372 3085 3387 3108 ,
3418 3040 3842 3096 :emulationetn.

2257 3143 2326 3196 At
2361 3141 2411 3195 in
2438 3139 2856 3210 persequutione
2901 3137 3032 3191 nihil
3078 3135 3265 3190 horum
3296 3134 3509 3188 turbare
3537 3134 3689 3187 valet
3715 3149 3731 3196 ;
3763 3148 3846 3186 ve—

2258 3248 2373 3287 rum
2407 3233 2564 3286 timor
2591 3231 2847 3285 invadens
2874 3271 2888 3296 ,
2916 3229 3066 3297 quasi
3095 3226 3322 3298 quodam
3352 3225 3516 3296 flagro
3551 3224 3848 3280 latrantem

2258 3339 2444 3379 canem
2471 3326 2756 3393 impetens,
2790 3321 2888 3375 hos
2913 3336 3102 3376 onmcs
3121 3319 3285 3373 animi
3312 3326 3487 3371 motus
3514 3333 3582 3372 ne
3606 3316 3849 3370 suboriri

2259 3419 2472 3489 quidem
2503 3419 2650 3471 sinit.
2679 3416 2810 3484 Quis
2851 3415 2904 3469 in
2948 3411 3359 3484 persequutione
3387 3425 3520 3463 vana
3547 3410 3727 3480 gloria
3773 3408 3849 3462 cf-

2263 3515 2384 3568 ferri
2430 3511 2642 3582 potest?
2671 3509 2790 3580 quis
2837 3509 2891 3563 itt
2922 3511 3194 3577 voluptate
3239 3503 3468 3575 degere?
3510 3500 3729 3565 Nemo;
3761 3501 3851 3555 sed

2263 3617 2465 3660 tremor
2509 3605 2706 3658 multus
2737 3609 2789 3657 et
2830 3608 3002 3655 metus
3047 3599 3237 3662 adest,
3273 3597 3359 3665 qui
3403 3608 3653 3664 magnam
3723 3596 3855 3662 parit

2265 3698 2739 3768 tranquillitatem,
2794 3691 3063 3765 placidum
3114 3701 3264 3759 parat
3310 3698 3554 3757 portum,
3610 3687 3853 3742 animam

2277 3793 2416 3860 piam
2437 3789 2629 3844 reddit.
2647 3787 2835 3842 Audivi
2863 3783 3149 3855 aliquando
3173 3796 3348 3851 patres
3374 3790 3586 3834 nostros
3607 3778 3857 3834 dicentes

2267 3883 2361 3953 (id
2394 3881 2534 3952 quod
2574 3896 2640 3935 ne
2669 3887 2849 3933 nostra
2892 3885 3052 3930 relate
3099 3874 3189 3928 fiat
3214 3883 3377 3941 Opto;
3405 3871 3661 3940 iubemur
3712 3871 3851 3923 enim

2266 3974 2614 4029 tentationem
2645 3986 2748 4024 non
2784 3965 3026 4038 petere).
3060 3965 3200 4036 quod
3231 3965 3356 4018 olim
3391 3973 3633 4031 tempore
3674 3977 3857 4029 pera:-

2266 4068 2538 4139 quutionis
2571 4066 2751 4120 videre
2791 4075 2904 4118 erat
2937 4063 3080 4115 viros
3124 4077 3251 4114 vere
3277 4058 3631 4113 Christianos.
3672 4056 3854 4109 Nullus

2267 4162 2411 4216 enim
2437 4175 2569 4230 opes
2597 4157 2840 4218 curabat,
2872 4172 2976 4209 non
3007 4167 3251 4211 uxOrem.
3281 4165 3386 4204 non
3415 4148 3552 4202 filios
3571 4190 3584 4211 ,
3617 4164 3739 4201 non
3771 4148 3853 4198 do-

2270 4268 2449 4320 tnum,
2501 4267 2606 4320 non
2648 4248 2871 4319 patriam
2904 4266 2916 4301 :
2950 4263 3050 4300 una
3091 4246 3337 4300 omnibus
3375 4258 3499 4296 cura
3541 4250 3668 4295 erat
3717 4259 3857 4294 suam

2269 4360 2483 4401 servare
2501 4345 2752 4397 animam.
2782 4341 2883 4395 Alii
2905 4343 2956 4394 in
2981 4339 3342 4393 montnneutis
3368 4346 3422 4390 et
3451 4335 3753 4405 sepulcris,
3778 4335 3858 4385 alii

2270 4438 2323 4491 in
2353 4436 2579 4491 desertis
2610 4435 2866 4490 latebant.
2917 4431 3031 4486 Non
3084 4430 3256 4483 solum
3301 4435 3476 4480 autem
3508 4425 3608 4479 viri
3635 4467 3653 4488 ,
3688 4425 3785 4478 sed
3817 4434 3862 4476 et

2271 4529 2523 4583 mulieres
2550 4536 2752 4582 tenera:
2773 4540 2836 4579 ac
2860 4523 3105 4577 delicata:
3134 4531 3256 4574 tunc
3283 4517 3724 4575 occultabantur.
3746 4531 3862 4569 (anu

2276 4631 2533 4691 perpetua
2565 4619 2704 4673 fame
2732 4617 3121 4673 conflictantes.
3171 4614 3352 4683 Cogita
3382 4627 3540 4682 ergo,
3576 4628 3714 4664 nunt
3749 4626 3864 4662 ιιιιι-

2272 4713 2390 4768 lieri
2420 4711 2485 4766 ad
2512 4712 2814 4780 sepulcrum
2863 4710 3049 4763 latenti
3089 4716 3143 4762 et
3171 4706 3415 4760 ancillam
3460 4706 3731 4756 ferentem
3755 4715 3866 4755 co:-

2274 4821 2393 4860 nam
2418 4801 2785 4872 exspectanti,
2820 4815 2882 4855 ac
2922 4815 2988 4853 nc
3014 4806 3297 4868 caperetur
3324 4795 3567 4856 timenti,
3612 4803 3790 4863 atque
3819 4792 3868 4843 in

2274 4895 2520 4966 sepulcro
2541 4894 2690 4964 quasi
2733 4893 2784 4946 in
2824 4891 3044 4944 fornace
3071 4887 3276 4944 sedenti
3301 4928 3314 4949 ,
3347 4881 3562 4954 aliquod
3590 4884 3688 4938 vel
3719 4899 3869 4937 sutn-

2273 4997 2460 5060 ptuum
2486 4986 2571 5041 vel
2601 4984 2914 5040 deliciarum
2946 4979 3270 5035 desiderium
3316 4976 3517 5041 fuerit;
3551 4989 3690 5028 nttm
3738 4984 3867 5029 tunc

2276 5079 2539 5150 putaverit
2563 5076 2644 5128 vel
2683 5074 2901 5129 delicias
2927 5073 3012 5127 vel
3053 5071 3307 5125 mundum
3335 5066 3646 5124 exsistere?
3684 5067 3876 5121 \‘ideu’

2277 5187 2416 5225 nunc
2447 5169 2701 5237 majorem
2741 5182 2859 5221 esse
2892 5163 3356 5233 persequutiouem
3379 5201 3392 5224 ,
3422 5157 3550 5214 dum
3586 5160 3772 5212 animi
3805 5159 3877 5210 af-

2277 5263 2445 5318 fectus
2464 5261 2616 5331 quasi
2646 5261 2769 5314 ferte
2788 5276 2885 5312 nos
2914 5255 3207 5310 invadunt?
3231 5253 3380 5308 Nunc
3404 5259 3548 5307 certe
3573 5251 3772 5322 gravis
3799 5260 3880 5303 est

2279 5353 2623 5423 pcrsequutio
2649 5392 2663 5414 ,
2693 5351 2820 5404 dum
2851 5357 3066 5418 putatur
3093 5345 3296 5400 nullam
3325 5359 3445 5399 esse
3479 5343 3879 5413 persequutio-

2279 5461 2426 5500 uem.
2458 5448 2524 5498 At
2551 5444 2692 5498 enim
2733 5441 2870 5494 istud
2905 5441 3099 5494 bellum
3129 5438 3228 5492 hoc
3259 5438 3634 5507 gravissimum
3665 5435 3842 5489 habet
3863 5477 3878 5498 ,

2279 5538 2418 5608 quod
2451 5553 2546 5606 pax
2578 5551 2698 5589 esse
2734 5533 3014 5595 credatur;
3050 5535 3120 5584 ita
3149 5539 3204 5584 ttt
3229 5544 3376 5584 arma
3407 5544 3510 5582 non
3541 5544 3839 5581 sumamus
3860 5570 3875 5592 ,

2280 5643 2378 5683 nec
2404 5637 2590 5682 contra
2624 5626 2898 5679 inimicum
2946 5624 3286 5692 insurgamus
3317 5638 3329 5673 :
3359 5619 3537 5674 nullus
3569 5620 3877 5685 formidat,

2280 5821 2284 5825 ~
2345 5806 2360 5835 ί
2399 5800 2490 5850 Alii
2515 5799 2718 5857 habent,
2737 5810 2831 5848 non
2864 5793 2996 5845 ultra
3019 5793 3222 5844 salutem
3247 5791 3406 5854 habet,
3427 5801 3582 5854 neque
3599 5802 3744 5851 spes.
