4076 6354
112 362 209 417 187

108 488 220 541 ἀλλ’
270 489 366 542 ὅτε
402 488 433 541 ὁ
470 489 605 552 Θεὸς
646 489 939 560 ἐχαρίσατο
992 490 1051 543 τὸ
1096 485 1337 560 Πνεῦμα,
1391 491 1478 543 ὅτε
1516 492 1544 543 ὁ
1576 489 1780 559 Πέτρος

107 576 335 640 ἐξετίθει
364 576 467 645 τὴν
524 577 721 629 ἑαυτοῦ
754 576 1030 638 ἔκστασιν,
1059 577 1270 645 λέγων·
1319 577 1379 629 '0
1434 576 1565 639 Θεὸς
1616 574 1780 640 ἔδειξέ

110 680 195 732 μοι
234 664 447 733 μηδένα
486 664 667 717 κοινὸν
699 664 730 733 ἢ
785 664 1092 735 ἀκάθαρτον
1122 664 1299 732 λέγειν
1338 661 1643 734 ἄνθρωπον.
1674 662 1776 715 0'3-

106 768 212 811 τως
244 750 458 803 ἀνωθεν
489 751 611 821 ᾔδει
642 750 817 803 τοῦτο.
852 751 944 803 Διὸ
989 750 1082 803 καὶ
1124 749 1632 821 προκατασκευάζει
1692 753 1783 800 τὸν

106 838 259 904 λόγον
288 836 385 890 τὸν
422 837 567 908 ὑπὲρ
596 836 705 890 τῶν
722 837 909 901 ἐθνῶν,
935 838 1167 901 δεικνὺς,
1196 839 1275 891 ὅτι
1302 838 1421 891 οὐδὲ
1442 838 1571 906 ἔθνη
1600 835 1783 889 λοιπὸν

104 921 163 994 ἦν
232 926 337 995 τῆς
392 924 632 988 πίστεως
660 937 688 966 ει
739 926 1212 995 παραγενομένης.
1267 925 1431 978 Οὐδὲν
1473 924 1785 994 θαυμαστὸν

104 1014 300 1074 τοίνυν,
342 1015 395 1065 εί
451 1014 559 1084 πρὸ
612 1012 711 1066 τοῦ
769 1013 1144 1084 βαπτίσματος
1189 1013 1252 1067 τὸ
1298 1014 1525 1083 Πνεῦμα
1552 1014 1782 1065 ἔλαϐονο

106 1110 194 1161 καὶ
254 1108 348 1179 ἐφ’
382 1108 547 1179 ἡμῶν
590 1107 750 1161 τοῦτο
806 1108 1048 1176 γέγονεν.
1109 1106 1372 1161 Ἐνταῦθα
1426 1106 1695 1160 δείκνυσιν
1758 1110 1785 1160 6

107 1199 333 1266 Πέτρος,
364 1198 448 1250 ὅτι
474 1195 593 1249 οὐδὲ
619 1195 695 1258 ὡς
721 1197 771 1248 οῖ
798 1195 974 1249 λοιποὶ
998 1195 1424 1265 ἐϐαπτίσθησαν,
1443 1194 1577 1248 ἀλλά
1606 1194 1784 1265 πολλῴ

107 1286 337 1355 βέλτιον.
375 1283 480 1336 Διά
498 1283 657 1336 τοῦτο
681 1283 738 1337 δέ
769 1278 941 1346 οὕτως
973 1286 1037 1336 ἐκ
1067 1284 1382 1353 περιουσίας
1402 1285 1782 1353 οἰκονομεῖται,

107 1375 185 1425 ἵνα
229 1372 404 1441 μηδὲν
441 1370 609 1440 ἔχωσι
651 1368 848 1437 λέγειν,
882 1368 1019 1423 άλλά
1081 1370 1185 1424 κᾶν
1213 1370 1384 1433 οὕτως
1424 1371 1570 1431 ῖσους
1601 1370 1784 1433 αὐτοῖς

106 1458 390 1528 νομίσωσι.
449 1456 939 1533 Καισξρώτησαν
991 1458 1197 1521 αὐτὸν,
1243 1459 1429 1527 φησιν,
1466 1456 1778 1525 ἐπιμεῖναι.

114 1548 295 1617 Ὁρᾷς,
348 1546 471 1609 πῶς
524 1547 626 1599 οὐκ
658 1546 872 1609 οἰκείως
904 1545 1039 1616 πρὸς
1097 1545 1261 1597 αὐτὸν
1309 1545 1605 1608 διέκειντος
1642 1539 1782 1607 εἶδες

104 1638 191 1689 τὸν
240 1634 431 1706 ἥλον,
488 1629 600 1688 οἷον
630 1629 775 1705 εἶχον
819 1634 957 1704 ὑπὲρ
991 1633 1097 1685 τοῦ
1128 1634 1320 1702 νόμους
1357 1633 1431 1684 Οὐ
1468 1632 1527 1685 τὸ
1565 1630 1780 1701 ἀξίωμα

105 1724 311 1793 Πέτρου
337 1721 671 1792 ᾐδέσθησαν,
700 1723 761 1775 ού
803 1722 873 1774 τά
916 1722 1183 1791 γενόμενα
1217 1722 1437 1790 σημεῖα,
1472 1720 1613 1773 οὐτὸ
1649 1737 1780 1771 κατ-

106 1811 352 1880 όρθωμα,
392 1811 518 1863 ὅσον
567 1805 637 1879 ἦν
686 1810 747 1862 τὸ
792 1809 1045 1873 δέξασθαι
1096 1809 1187 1862 τὸν
1236 1808 1425 1877 λόγον·
1474 1808 1588 1861 ἀλλ’
1642 1808 1779 1875 ὑπὲρ

105 1902 207 1952 τῶν
240 1897 463 1969 μικρῶν
491 1900 715 1952 ἐκείνων
737 1897 1080 1969 διεκρίνοντο.
1144 1898 1206 1950 Εἰ
1244 1898 1352 1968 γὰρ
1386 1897 1548 1967 μηδὲν
1573 1895 1778 1949 τούτων

103 1986 165 2057 ἦν
198 1990 247 2050 ὕ,
281 1990 386 2041 οὐκ
437 1988 600 2059 ἤρκει
652 1987 712 2040 τὸ
748 1987 1094 2060 κατόρθωμα.
1135 1986 1274 2039 Ἀλλ’
1309 1987 1406 2040 οὐκ
1431 1987 1777 2054 ἀπολογεῖται

104 2077 241 2129 οὕτω
301 2077 553 2147 Πέτροςο
615 2076 831 2139 συνετὸς
882 2076 991 2147 γὰρ
1042 2071 1109 2147 ἦν
1140 2092 1153 2106 ·
1199 2075 1394 2147 μᾶλλον
1455 2075 1511 2127 δέ
1560 2075 1620 2126 οὑ
1679 2074 1778 2143 τῆς

106 2166 373 2227 συνέσεως
416 2162 581 2216 αὐτοῦ
631 2160 723 2234 ἦν,
759 2163 892 2216 ἀλλὰ
938 2163 1031 2216 τοῦ
1080 2163 1394 2234 Πνεύματος
1428 2164 1496 2217 τὰ
1536 2164 1772 2233 ῥήματα.

102 2254 208 2304 Καὶ
244 2252 493 2304 δείκνυσι
530 2251 627 2305 διάη
657 2251 757 2320 τῆς
820 2251 1111 2319 ἀπολογίας
1148 2250 1336 2303 ἑαυτὸν
1380 2250 1479 2320 μὲν
1537 2248 1774 2319 οὐδαμοῦ

100 2342 288 2400 αὲτιον,
336 2337 617 2408 πανταχοῦ
676 2338 732 2391 δὲ
780 2338 870 2390 τὸν
922 2338 1074 2392 Θεόν.
1135 2337 1246 2391 Καὶ
1305 2338 1584 2407 μονονουχὶ
1640 2335 1775 2406 πρὸς

101 2428 295 2490 αὐτοὺς
331 2426 493 2479 τοῦτο
538 2425 716 2494 λέγει’
768 2425 858 2478 Ἐν
888 2425 1139 2478 ἐκστάσει
1196 2442 1265 2495 με
1306 2424 1561 2493 γενέσθαι
1615 2422 1775 2483 αὐτὸς

102 2517 357 2588 ἐποίησεν
382 2534 398 2548 ο
466 2515 577 2584 ἐγὼ
629 2515 738 2586 γὰρ
794 2515 978 2578 ἁπλῶς
1017 2516 1448 2586 προσευχόμενος
1484 2515 1632 2585 ἥμην
1658 2529 1672 2543 ⁸
1714 2514 1775 2566 τὸ

104 2605 294 2668 σκεῦος
355 2602 521 2668 αὐτὸς
590 2602 833 2668 ἔδειξενσ
888 2602 997 2672 ἐγὼ
1059 2602 1343 2657 ἀντεῖπον·
1402 2602 1563 2655 πάλιν
1613 2602 1774 2665 αὐτὸς

102 2688 270 2752 εἶπεν,
303 2691 403 2743 καὶ
448 2688 569 2743 οὐδὲ
620 2689 793 2749 οὕτως
840 2690 1079 2760 ἥκουσαο
1148 2689 1219 2744 Τὸ
1265 2690 1503 2759 Πνεῦμα
1526 2688 1767 2742 ἐκέλευ-

101 2794 211 2832 σεν
234 2778 530 2834 ἀπελθεῖν
555 2795 570 2808 '
606 2778 701 2830 καὶ
760 2778 913 2848 ὅμως
961 2776 1211 2831 ἀπελθὼν
1237 2777 1335 2831 οὐκ
1388 2778 1690 2849 ἐπέδραμον
1721 2789 1766 2817 ο·

102 2867 268 2930 εἷπον,
292 2870 379 2921 ὅτι
409 2868 439 2919 6
478 2866 609 2929 Θεὸς
645 2865 879 2937 ἔπεμψε,
912 2866 1008 2919 καὶ
1060 2866 1199 2936 μετὰ
1242 2866 1414 2919 ταῦτα
1450 2866 1571 2919 οὐδὲ
1603 2865 1771 2928 οὕτως

104 2957 369 3009 ἐϐάπτισα
394 2997 408 3020 ,
479 2954 615 3007 ἀλλά
667 2954 829 3007 πάλιν
892 2956 920 3007 ὁ
975 2954 1108 3017 Θεὸς
1164 2953 1227 3007 τὸ
1277 2955 1391 3007 πᾶν
1455 2954 1768 3024 εἰργάσατο.

106 3049 240 3117 ’Δρι
268 3046 405 3110 Θεὸς
439 3046 635 3108 αὐτοὺς
684 3044 996 3109 ἐϐάπτισεν,
1052 3044 1153 3096 οὐκ
1204 3042 1333 3111 ἐγώ.
1369 3043 1478 3095 Καὶ
1503 3043 1600 3094 οὐκ
1629 3038 1767 3094 εἶπε·

104 3134 317 3189 Τούτων.
362 3132 666 3200 γεγονότων
708 3133 961 3186 ἁπάντων
982 3171 996 3195 ,
1031 3131 1131 3184 οὐκ
1188 3130 1293 3182 ἔδει
1326 3129 1388 3183 τὸ
1425 3128 1569 3197 ὕδωρ
1607 3146 1771 3199 προσ-

103 3224 266 3274 θεῖναι
327 3220 551 3284 λοιπόνς
587 3219 700 3273 ἀλλ’
747 3220 821 3282 ὡς
860 3219 1073 3283 οὐδενὸς
1104 3217 1419 3281 λείποντος,
1470 3215 1619 3287 Ἐγὼ
1680 3217 1771 3281 τίς

106 3310 288 3378 ἥμην,
345 3310 513 3379 φησὶ,
569 3307 841 3363 κωλῦσαι
898 3306 1006 3361 τὸν⁹
1061 3305 1256 3371 Θεόν;
1328 3304 1537 3371 Βαϐαῖ,
1593 3306 1679 3357 οία
1737 3306 1769 3373 ἡ

104 3397 397 3465 ἁπολογίαί
479 3396 539 3448 οὐ
587 3395 697 3465 γὰρ
739 3390 858 3447 εἷπε
883 3411 896 3424 ’
951 3390 1137 3447 Ταῦτα
1185 3388 1277 3447 οὖν
1320 3392 1519 3456 εἰδότες
1556 3393 1770 3463 ἡσυχά-

106 3487 212 3549 ζετε
234 3502 249 3514 ο
298 3484 443 3538 ἀλλὰ
472 3483 523 3536 τί
552 3499 566 3545 ;
626 3482 849 3552 Δέχεται
892 3480 1070 3534 αὐτῶν
1098 3481 1194 3552 τήν
1224 3480 1398 3552 ὁρμὴν
1416 3521 1431 3544 ,
1480 3481 1573 3533 καὶ
1601 3482 1767 3547 ἐγκα-

106 3573 276 3626 λοῦσιν
328 3572 687 3639 ἀπολογεῖται
713 3586 727 3601 ·
800 3570 897 3637 Τίς
962 3568 1124 3639 ἤμην
1181 3569 1439 3634 δυνατὸς
1501 3569 1769 3624 κωλῦσαι

106 3662 196 3714 τὸν
246 3661 446 3723 Θεόν;
497 3658 708 3728 λέγων·
765 3657 968 3728 σφόδρα
1020 3656 1383 3727 ἐντρεπτικῶς
1422 3656 1516 3710 καὶ
1560 3655 1771 3726 βαρέως

107 3751 447 3823 χρησάμενος
498 3751 566 3820 τῇ
613 3746 914 3818 ἀπολογίᾳ·
982 3746 1095 3798 Οὐκ
1148 3744 1430 3817 ἠδυνάμην
1503 3744 1764 3799 κωλῦσαι.

108 3842 253 3892 Ὅθεν
313 3836 508 3892 λοιπὸν
568 3834 937 3907 φοϐηθέντες,
980 3832 1293 3905 ἡσύχασαν,
1356 3834 1449 3886 καὶ
1522 3832 1768 3898 ἐδόξαζον

106 3928 179 3983 τὸν
206 3928 370 3981 Θεόν.

161 4025 226 4085 γ.
244 4016 410 4071 Οὕτω
426 4014 522 4067 καὶ
544 4014 690 4084 ἡμᾶς
721 4012 825 4084 χρὴ
852 4012 909 4066 ἐν
932 4013 1045 4076 τοῖς
1070 4010 1176 4064 τῶν
1186 4010 1417 4082 πλησίον
1435 4010 1658 4079 ἀγαθοῖς
1680 4011 1767 4064 δο-

111 4106 275 4169 ξάζειν
303 4104 399 4157 τὸν
432 4101 586 4167 Θεὸν,
621 4101 736 4154 ἀλλ’
762 4100 861 4153 οὐκ
884 4099 1229 4171 ἐπηρεάζειν,
1248 4098 1498 4169 καθάπερ
1515 4099 1562 4151 οἱ
1585 4098 1767 4152 πολλοί¹

110 4191 197 4243 τῶν
228 4186 619 4256 νεοφωτίστων
647 4186 1067 4257 ἐπηρεάζουσιν,
1103 4186 1231 4239 ὅταν
1262 4184 1452 4248 ἄλλους
1482 4184 1631 4237 ἴδωσι
1662 4202 1771 4253 φω-

108 4279 379 4339 τισθέντας
411 4274 511 4328 καὶ
552 4273 715 4337 εὐθὺς
755 4272 1057 4336 ἀπιόντας.Δ
1086 4272 1337 4337 Δοξάζειν
1371 4272 1451 4325 δεῖ
1488 4272 1579 4325 τὸν
1612 4272 1765 4338 Θεὸν,

108 4368 280 4418 καὶὸτι
313 4364 501 4433 μένειν
516 4362 578 4413 οὐ
604 4363 895 4431 συγχωρεῖ.
916 4360 1077 4415 Ὥστε
1100 4359 1361 4433 [1961καὶ
1384 4361 1447 4413 σὺ
1469 4362 1561 4414 ἐὰν
1586 4360 1762 4434 θέλῃς,

112 4454 314 4520 μείζονα
347 4452 549 4515 ἔλαϐες
579 4450 789 4521 δωρεάν
813 4465 827 4480 ’
856 4450 914 4502 ού
953 4450 1093 4503 κατὰ
1126 4450 1186 4503 τὸ
1231 4453 1486 4521 φώτισμα
1533 4449 1673 4518 λέγω
1709 4452 1763 4521 (ἡ

106 4541 199 4612 γὰρ
225 4542 365 4611 αὐτή
398 4541 518 4592 ἐστι
553 4537 807 4591 κάκείνου
847 4538 938 4590 καὶ
981 4536 1122 4601 σοῦ),
1159 4537 1294 4591 ἀλλά
1319 4537 1460 4591 κατά
1494 4538 1553 4590 τὸ
1581 4539 1767 4592 λαϐεῖν

108 4629 441 4699 προθεσμίαν
512 4626 935 4697 εύδοκιμήσεως.
1006 4626 1243 4688 Ἐκεῖνος
1312 4626 1597 4679 ἐνεδύσατο
1666 4626 1763 4697 τὴν

110 4718 280 4789 στολὴν
310 4718 408 4770 καὶ
431 4715 533 4767 οὐκ
553 4714 727 4784 ἀφέθη
754 4715 1143 4789 ἐμπομπεῦσαι
1173 4715 1229 4765 ἐν
1256 4714 1391 4785 αὐτῇ
1424 4731 1436 4743 ·
1466 4716 1547 4767 σοὶ
1564 4715 1761 4785 πολλὴν

108 4805 286 4858 ἔδωκεν
313 4803 570 4868 ἐξουσίαν
602 4804 629 4855 ὁ
656 4802 789 4864 Θεὸς
825 4801 1131 4873 χρήσασθαι
1158 4804 1268 4865 τοῖς
1296 4802 1481 4865 ὅπλοις
1501 4805 1580 4865 εἰς
1621 4803 1759 4867 δέον,

108 4894 184 4945 καὶ
205 4893 396 4946 λαϐεῖν
424 4890 605 4943 αὐτῶν
634 4889 881 4943 ἐντεῦθεν
918 4889 1018 4960 τὴν
1048 4892 1263 4961 πεῖραν.
1304 4890 1542 4953 Ἐκεῖνος
1575 4892 1769 4944 ἄπεισι·

108 4981 187 5050 τῆς
214 4983 459 5043 πίστεως
491 4979 653 5049 μόνον
676 4978 814 5049 ἔχων
839 4980 929 5032 τὸν
956 4978 1150 5049 μισθόν
1181 4994 1196 5008 ⁶
1242 4980 1306 5032 σὺ
1336 4979 1573 5050 ἕστηκας
1600 4983 1653 5033 ἐν
1681 4977 1761 5049 τῷ

110 5070 285 5139 σταδίῳ
307 5068 424 5121 τῶν
447 5067 626 5139 ἔργων
652 5067 945 5137 δυνάμενος
968 5067 1149 5120 λαϐεῖν
1176 5067 1374 5131 πολλὰς
1389 5069 1485 5131 τὰς
1506 5070 1763 5138 ἀμοιϐάς,

109 5158 187 5209 καὶ
209 5157 468 5210 τοσοῦτον
490 5156 706 5209 ἐκείνου
728 5156 959 5226 φανῆναι
980 5155 1377 5228 λαμπρότερος,
1413 5155 1535 5208 ὅσον
1560 5158 1587 5207 ὀ
1610 5157 1761 5225 ἥλιος

106 5245 187 5296 τοῦ
222 5245 561 5315 μικροτάτου
592 5243 842 5315 ἀστέρος,
886 5244 1008 5297 ὅσον
1030 5246 1070 5314 ,ὁ
1089 5243 1390 5315 στρατηγὸς
1411 5243 1506 5295 τοῦ
1530 5245 1773 5315 ἐσχάτου

112 5334 432 5401 στρατιώτου
454 5373 473 5397 ,
511 5332 710 5403 μᾶλλον
738 5332 794 5385 δὲ
826 5332 947 5385 ὅσον
983 5332 1011 5384 6
1042 5331 1311 5403 βασιλεύς.
1349 5334 1549 5385 Σαυτὸν
1582 5335 1760 5387 τοίνυν

108 5421 249 5473 αἰτιῶ
269 5440 283 5451 ·
306 5421 515 5491 μᾶλλον
558 5418 615 5472 δὲ
661 5420 737 5489 μὴ
771 5420 949 5483 αἰτιῶ,
981 5419 1116 5473 ἀλλά
1146 5420 1357 5491 διόρθου
1400 5420 1487 5474 άεί
1509 5437 1520 5450 °
1550 5422 1610 5473 οὐ
1651 5424 1760 5493 γὰρ

110 5506 250 5572 ἀρκεῖ
286 5509 348 5560 τὸ
398 5507 755 5561 αίτιάσασθαι
785 5524 798 5537 ο
847 5506 1057 5572 ἔξεστιν
1098 5508 1569 5578 ἀναμαχέσασθαι.
1612 5511 1759 5562 Κατ-

107 5594 361 5664 εΰλήθηςς
400 5595 554 5647 δεινά
582 5595 814 5660 ἕπαθες;
868 5595 1177 5665 Ἀνάστηθι,
1207 5598 1511 5666 ἀνάκτησαι
1544 5603 1759 5652 σαυτόν·

105 5680 173 5732 ἔτι
204 5684 260 5736 ἐν
296 5683 373 5753 τῷ
407 5684 610 5753 σταδίῳ
642 5683 910 5752 ἕστηκας,
947 5683 1026 5737 ἐτι
1055 5683 1115 5735 τὸ
1145 5684 1371 5756 θέατρον
1408 5690 1754 5757 συνέστηκεν.

104 5770 205 5838 Οὐχ
234 5772 366 5843 ὁρᾷς
420 5774 575 5825 πόσοι
634 5772 1184 5836 καταπαλαισθέντες,
1221 5773 1443 5846 ὕστερον
1500 5777 1759 5847 ἀνεμαχέ-

158 5912 366 5979 Ἴδεω,
412 5916 498 5963 Διὸ
544 5916 625 5962 καὶ
664 5917 918 5979 προκητὸν
940 5917 1094 5977 λόγον.
1144 5917 1269 5966 Ποῖα
1310 5920 1414 5976 ἔθνη
1457 5921 1639 5979 λοιπὸν,
1670 5923 1758 5970 οὐκ

322 5968 389 6045 ἡν.
408 5984 504 6045 ’τῇς
527 5968 748 6045 πίστεως.
876 5968 1018 6045 [λιι-ιι(
1040 5980 1079 6025 εἰ
1103 5980 1191 6045 γὰρ
1220 5982 1281 6039 μή
1313 5968 1493 6030 τούτων
1525 5968 1658 6033 οὐδέν

107 6028 259 6083 'ldem
276 6028 514 6097 ἀπελθεῖν,
542 6040 624 6085 καὶ
648 6028 798 6095 οὕτως
818 6040 1047 6095 ἀπελθὼν,
1068 6028 1386 6103 σῦκ’ἐδράμον.

1208 369 1276 424 IN
1311 368 1491 425 ACTA
1530 368 2065 427 APOSTOLORUM.
2108 368 2342 432 HOMIL.
2386 376 2574 433 XXIV.

3449 393 3552 446 188

1892 509 2086 559 σαντο;
2137 498 2313 550 Μόνον
2363 497 2437 568 μὴ
2492 499 2632 552 ἐκὼν
2676 502 3012 576 καταπέσῃς.
3072 506 3415 577 Μακαρίζεις
3464 512 3556 565 τὸν

1888 580 2227 670 ἀπελθόντα;
2282 585 2469 656 Πολλῷ
2521 588 2721 657 μᾶλλον
2758 590 3064 662 μακάρισον
3103 595 3319 649 σαυτόν.
3356 599 3551 670 Ἀφέθη

1890 669 2308 742 ἁμαρτημάτων
2348 675 2588 739 ἐκεῖνος;
2638 676 2799 742 Ἀλλ’,
2844 678 2939 731 ἐὰν
2970 678 3131 750 θέλῃς
3164 682 3261 747 σὺ,
3299 683 3363 735 οὐ
3396 669 3557 754 μόνον

1887 754 1959 807 τά.
1995 757 2371 830 ἁμαρτήματα
2397 762 2657 833 ἁπονίψῃ,
2680 764 2817 818 ἀλλὰ
2848 766 2943 818 καὶ
2969 768 3369 839 κατορθώματα
3389 770 3553 838 ἕξεις,

1886 842 2024 911 ὅπερ
2066 847 2152 898 ἐπ’
2182 847 2388 900 ἐκείνου
2433 849 2495 901 οὑ
2547 849 2792 907 δυνατόν.
2823 852 3073 910 Ἕνεστιν
3111 858 3260 927 ἡμᾶς
3285 858 3552 914 ἀνακαλέ-

1890 931 2087 986 σασθαι
2128 935 2372 1000 ἑαυτούς.

1956 1019 2186 1088 Μεγάλα
2212 1022 2312 1092 τῆς
2354 1025 2641 1093 μετανοίας
2681 1028 2749 1080 τὰ
2791 1029 3059 1100 φάρμακα
3085 1050 3098 1063 ·
3134 1030 3324 1104 μηδεὶς
3357 1037 3552 1103 ἀπογι-

1889 1106 2144 1160 νωσκέτω
2170 1110 2384 1164 ἐαυτοῦ.
2430 1110 2668 1176 Ἐκεῖνος
2704 1114 2871 1179 ὅντως
2902 1116 3268 1185 ἀπογνώσεως
3305 1120 3474 1184 ἄξιος,
3523 1125 3551 1174 6

1890 1193 2283 1261 ἀπογινώσκων
2332 1196 2523 1251 ἑαυτοῦ
2549 1201 2792 1263 ’ἐκεῖνος
2842 1204 2941 1256 οὐκ
2992 1204 3073 1257 ἐτι
3130 1207 3403 1277 σωτηρίας
3436 1207 3548 1277 ἔχει

1889 1279 2112 1345 ἐλπίδας
2134 1281 2182 1335 ἀ.
2210 1284 2283 1335 Οὐ
2314 1285 2374 1336 τὸ
2399 1287 2478 1348 είς
2509 1285 2671 1354 βάθος
2700 1287 2887 1340 κακῶν
2908 1289 3081 1342 ἐλθεῖν
3104 1291 3296 1355 δεινὸν,
3319 1294 3455 1348 ἀλλὰ
3486 1296 3548 1348 τὸ

1888 1366 2103 1422 κεῖσθαι
2150 1370 2289 1439 μετά
2321 1372 2383 1424 τὸ
2424 1372 2601 1426 ἐλθεῖν
2627 1391 2641 1404 ·
2665 1374 2725 1427 οὐ
2756 1375 2816 1428 τὸ
2847 1378 2928 1439 είς
2956 1376 3117 1445 βάθος
3155 1381 3341 1434 κακῶν
3374 1381 3547 1434 ἐλθεῖν

1887 1454 2102 1519 ἀσεϐὲς,
2153 1458 2291 1511 ἀλλά
2338 1459 2399 1511 τὸ
2447 1463 2859 1532 καταφρονῆσαι
2910 1464 3049 1534 μετά
3084 1465 3143 1518 τὸ
3167 1465 3360 1521 ἐλθεῖν.
3404 1470 3480 1520 Δι’
3519 1469 3547 1521 ὃ

1887 1540 2120 1609 ὀφείλεις
2170 1548 2460 1617 μεριμνᾷν,
2519 1548 2642 1600 είπέ
2700 1567 2829 1619 μοι,
2887 1552 3085 1621 μᾶλλον
3140 1558 3544 1624 καταφρονεῖςς

1889 1629 2192 1701 Τραύματα
2216 1633 2453 1687 τοσαῦτα
2495 1634 2656 1706 ἔχων,
2700 1638 2994 1704 ἀνέπεσες;
3044 1640 3206 1692 Οὐδέν
3234 1642 3349 1694 ἐστι
3372 1642 3548 1711 ψυχῆς

1885 1717 2105 1771 ἀνίατον
2139 1719 2359 1791 τραῦμα
2384 1737 2398 1750 ο
2430 1722 2545 1775 ἀλλ’
2580 1724 2671 1776 ἐπὶ
2705 1724 2803 1794 μὲν
2831 1725 3078 1796 σώματος
3109 1728 3277 1782 πολλὰ
3303 1730 3545 1793 τοιαῦτα,

1884 1806 1978 1858 ἐπὶ
2008 1805 2065 1858 δέ
2092 1806 2192 1875 τῆς
2224 1808 2400 1879 ψυχῆς
2448 1811 2599 1863 οὐδέν
2629 1827 2641 1840 ⁸
2665 1812 2757 1863 καὶ
2792 1812 2931 1884 ὑπὲρ
2968 1815 3191 1867 ἐκείνων
3219 1816 3317 1885 μὲν
3349 1817 3412 1868 οὐ
3434 1816 3549 1868 δια-

1882 1892 2227 1966 λιμπάνομεν
2278 1898 2599 1969 κάμνοντες,
2654 1900 2793 1971 ὑπὲρ
2838 1902 2896 1954 δέ
2942 1902 3145 1957 τούτων
3174 1904 3544 1975 ῥᾳθυμοῦμεν.

1884 1982 1996 2051 Οὐχ
2022 1983 2154 2052 ὁρᾷς
2184 1983 2275 2036 τὸν
2308 1984 2509 2055 λῃστὴν
2530 2027 2543 2046 ,
2585 1986 2700 2050 πῶς
2732 1989 2789 2041 ἐν
2817 1988 3011 2059 βραχεῖ
3038 1991 3213 2061 χρόνῳ
3256 1990 3549 2062 κατώρθω-

1884 2085 2005 2133 σεν;
2035 2071 2133 2139 οὐχ
2170 2072 2302 2141 ὁρᾷς
2334 2073 2461 2135 τοὺς
2511 2074 2794 2145 μάρτυρας
2818 2115 2833 2136 ,
2875 2076 2991 2140 πῶς
3018 2079 3077 2130 ἐν
3116 2077 3307 2148 βραχεῖ
3342 2079 3403 2132 τὸ
3439 2081 3547 2133 πᾶν

1883 2158 2120 2227 ἧνυσαν;
2166 2159 2305 2212 Ἀλλ’
2330 2160 2429 2213 οὐκ
2468 2160 2615 2214 ἐστιν
2647 2162 2770 2231 ἄρτι
2802 2166 3101 2235 μαρτυρίου
3133 2167 3357 2236 καιρός;
3406 2168 3545 2219 Ἀλλ’

1881 2244 2106 2311 ἀγώνων
2132 2247 2246 2299 ἐστὶ
2273 2248 2464 2317 καιρὸς
2485 2286 2500 2309 ,
2532 2249 2559 2301 ὃ
2596 2248 2856 2313 πολλάκις
2884 2247 3035 2304 εἶπον
3059 2292 3073 2315 ,
3112 2255 3160 2305 εί
3178 2253 3542 2324 βουλοίμεθα.

1884 2333 1949 2384 Οἱ
1977 2332 2085 2399 γάρ
2108 2332 2407 2400 θέλοντες,
2435 2337 2618 2405 φησιν,
2653 2336 2914 2402 εὐσεϐῶς
2956 2337 3063 2406 ζῇν
3084 2340 3155 2392 ἐν
3183 2340 3413 2409 Χριστῷ
3433 2343 3544 2409 Ἰη-

1879 2418 2015 2485 σοῦ,
2038 2419 2494 2489 διωχθήσονται.
2524 2425 2584 2476 Οἱ
2615 2424 2855 2488 εὐσεϐῶς
2889 2424 3091 2489 ζῶντες
3120 2428 3206 2479 ἀεὶ
3234 2427 3542 2497 διώκονται,

1879 2504 1981 2559 κᾶν
2030 2506 2105 2577 μὴ
2155 2508 2303 2576 παρὰ
2346 2510 2647 2581 ἀνθρώπων
2669 2553 2685 2578 ,
2716 2512 2852 2566 ἀλλὰ
2886 2514 3037 2585 παρά
3066 2515 3356 2585 δαιμόνων,
3386 2517 3449 2581 ὸς
3476 2518 3543 2589 δὴ

1879 2594 1973 2647 καὶ
1998 2595 2380 2668 χαλεπώτερός
2408 2599 2523 2651 ἐστι
2552 2599 2811 2672 διωγμός.
2848 2603 2960 2655 Καὶ
2992 2603 3207 2674 πρῶτον
3247 2606 3338 2657 ὑπ’
3369 2606 3542 2676 αὐτῆς

1881 2682 2114 2751 μάλιστα
2128 2685 2227 2755 τῆς
2244 2685 2481 2748 ἀνέσεως
2502 2687 2691 2740 τοῦτον
2712 2690 3072 2759 ὑπομένουσιν
3095 2694 3142 2744 oi
3164 2692 3238 2762 μὴ
3259 2694 3539 2762 νήφοντες.

1881 2769 1957 2822 ’Ἡ
1981 2770 2177 2839 μικρὸν
2201 2770 2303 2823 οἴει
2318 2771 2556 2842 διωγμὸν
2580 2773 2638 2826 τὸ
2661 2771 2718 2827 ἐν
2739 2775 2920 2828 ἀνέσει
2943 2773 3112 2842 sive“;
3135 2777 3305 2831 Τοῦτο
3326 2778 3543 2832 πάντων

1877 2859 1993 2911 ἐστὶ
2032 2858 2368 2931 βαρύτερον,
2419 2863 2576 2916 τοῦτο
2626 2865 2719 2918 καὶ
2766 2865 3009 2935 διωγμοῦ
3043 2870 3247 2938 χεῖρον.
3274 2868 3542 2940 Καθάπερ

1876 2944 1982 3016 γὰρ
2017 2947 2195 3017 ῥεῦμα
2224 2950 2480 3021 ἐπιρρέον
2517 2951 2555 3020 ὴ
2590 2950 2774 3015 ἄνεσις
2808 2956 2998 3021 χαυνοῖ
3024 2954 3124 3023 τὴν
3170 2955 3349 3025 ψυχήν
3389 2973 3404 2988 ο
3450 2959 3542 3009 καὶ

1876 3034 2011 3106 ὅπερ
2043 3036 2160 3089 ἐστὶ
2188 3035 2343 3106 θέρος
2374 3038 2469 3089 καὶ
2503 3037 2732 3108 χειμὼν,
2763 3038 2917 3093 τοῦτο
2945 3040 3183 3111 διωγμὸς
3217 3044 3311 3096 καὶ
3334 3044 3541 3107 ἄνεσις.

1877 3122 1999 3175 Ἴννα
2019 3123 2077 3175 δέ
2112 3124 2292 3195 μάθῃς
2314 3125 2378 3178 ἐκ
2409 3128 2744 3197 περιουσίας,
2775 3128 2855 3181 ὅτι
2886 3129 3083 3199 χείρων
3110 3124 3264 3193 οὗτος
3303 3134 3331 3184 6
3378 3132 3538 3199 διωγ-

1879 3210 1977 3280 μὸς
1997 3224 2044 3274 θ,
2063 3212 2253 3265 σκόπει
2274 3212 2757 3269 ἐντεῦθεν.Ὕπνον
2785 3221 3013 3285 καταχεῖ
3036 3220 3101 3288 τῇ
3124 3218 3291 3288 ψυχῇ,
3317 3220 3540 3289 χάσμην

1875 3300 2077 3371 πολλὴν
2110 3302 2206 3353 καὶ
2238 3300 2508 3373 ρᾳθυμίαν
2534 3304 2783 3373 ἐμποιεῖ,
2819 3303 2886 3356 τὰ
2926 3304 3070 3375 πάθη
3108 3306 3364 3376 διεγείρει
3402 3308 3536 3360 πάν·-

1872 3389 2049 3453 τοθεν,
2091 3388 2299 3454 ὁπλίζει
2335 3389 2523 3458 τῦφον,
2571 3390 2782 3454 ὁπλίζει
2823 3393 3039 3463 ἡδονὴν,
3088 3394 3298 3457 ὁπλίζει
3342 3394 3535 3465 θυμὸν,

1876 3475 2189 3545 βασκανίαν,
2225 3477 2552 3543 κενοδοξίαν,
2582 3477 2763 3548 ζῆλον.
2805 3479 2943 3532 Ἀλλ’
2974 3482 3031 3532 ἐν
3072 3480 3297 3552 διωγμῷ
3330 3482 3534 3536 τούτων

1875 3564 2027 3617 οὐδὲν
2064 3564 2301 3635 ἐνοχλεῖν
2330 3564 2553 3618 δύναται
2577 3583 2592 3599 ·
2617 3567 2733 3621 ἀλλ’
2766 3569 2793 3620 ὁ
2820 3568 2982 3636 φόϐος
3010 3569 3338 3623 ἐπεισελθὼν
3369 3571 3534 3625 καθά-

1874 3668 1980 3721 περ
2003 3653 2109 3705 τινὶ
2135 3652 2355 3723 μάστιγι
2386 3653 2588 3723 σφόδρα
2606 3652 2745 3707 κύνα
2765 3656 3095 3710 ὑλακτοῦντα
3120 3656 3533 3728 πλήξας,ταῦτα

1873 3740 2053 3793 πάντα
2076 3740 2144 3793 τὰ
2170 3739 2319 3809 πάθη
2346 3741 2471 3794 οὐδὲ
2495 3740 2690 3809 γρῦξαι
2712 3744 2795 3813 ἐᾷ.
2826 3741 2981 3815 [197]
3001 3745 3091 3808 Τίς
3119 3747 3177 3797 ἐν
3197 3746 3422 3815 διωγμῴ
3438 3764 3531 3799 κε-

1874 3821 2159 3892 νοδοξῆσαι
2199 3823 2419 3877 δύναται
2443 3840 2457 3888 ;
2489 3824 2574 3887 τίς
2595 3827 2653 3877 ἐν
2673 3826 2830 3895 ἡδονῇ
2853 3826 3140 3893 γενέσθαι;
3167 3827 3373 3889 Οὐδείς·
3399 3828 3532 3881 ἀλλὰ

1871 3905 2072 3976 τρόμος
2095 3906 2261 3969 πολὺς
2292 3908 2386 3959 καὶ
2412 3907 2597 3975 φόϐος,
2643 3908 2843 3978 πολλὴν
2885 3909 2984 3977 τὴν
3026 3909 3268 3980 γαλήνην
3299 3910 3529 3979 ἐργαζό-

1875 4009 2057 4061 μενος,
2107 3992 2280 4046 εὕδιον
2332 3994 2423 4046 τὸν
2477 3993 2670 4064 λιμένα
2720 3994 3152 4064 παρασκευάζων
3177 4036 3199 4061 ,.
3227 3996 3324 4067 τὴν
3353 3996 3531 4066 ψυχὴν

1872 4076 2075 4148 εὐλαϐῆ
2119 4078 2308 4132 ποιῶν.
2359 4079 2607 4132 Ἢκουσά
2650 4096 2779 4132 ποτε
2824 4079 3073 4152 πατέρων
3110 4079 3219 4132 τῶν
3248 4081 3531 4151 ἡμετέρων

1870 4164 2137 4233 λεγόντων
2168 4166 2272 4235 (ἐφ’
2302 4166 2458 4237 ἡμῶν
2506 4166 2615 4236 γὰρ
2657 4167 2731 4238 μὴ
2773 4166 2983 4235 γένοιτο
3008 4185 3021 4198 ·
3054 4167 3386 4237 κελευόμεθα
3422 4169 3527 4239 γάρ

1873 4252 1948 4323 μὴ
1979 4254 2149 4306 αἰτεῖν
2174 4253 2523 4325 πειρασμὸν),
2540 4255 2620 4307 ὅτι
2641 4254 2781 4309 κατά
2804 4255 2893 4308 τὸν
2921 4255 3159 4325 διωγμὸν
3186 4256 3277 4308 τὸν
3303 4256 3535 4310 παλαιὸν

1868 4335 1936 4411 ἦν
1962 4341 2087 4394 ἰδεῖν
2107 4341 2275 4403 ὅντως
2304 4343 2661 4414 Χριστιανοὺς
2697 4342 2916 4413 ἄνδρας.
2953 4342 3141 4406 Οὐδεὶς
3172 4342 3280 4415 γάρ
3308 4361 3412 4415 χρη
3422 4345 3523 4413 μά·

1867 4446 1976 4484 των
2002 4430 2340 4504 ἐφρόντιζεν,
2366 4430 2540 4494 ούδεὶς
2574 4431 2853 4499 γυναικὸς,
2890 4430 3064 4494 οὐδεὶς
3110 4431 3329 4495 παίδων,
3357 4434 3523 4495 οὐδεὶς

1868 4518 2065 4582 οίκίας,
2094 4519 2268 4582 οὐδεὶς
2290 4519 2543 4588 πατρίδος
2569 4535 2583 4548 ·
2625 4518 2725 4589 μία
2754 4520 2919 4572 πᾶσιν
2944 4514 3012 4591 ἦν
3038 4519 3241 4588 σπουδὴ
3264 4559 3279 4580 ,
3304 4520 3402 4589 τὴν
3430 4520 3523 4589 ψυ-

1867 4607 1968 4677 χὴν
2007 4606 2308 4676 περισῶσαι
2335 4607 2562 4659 ἑαυτῶν.
2611 4606 2678 4659 Ol
2701 4605 2799 4677 μὲν
2823 4607 2879 4658 ἐν
2912 4606 3156 4677 μνήμασι
3192 4608 3284 4658 καὶ
3316 4608 3531 4672 τάφοις,

1866 4693 1915 4744 οἱ
1946 4692 2003 4745 δὲ
2051 4693 2107 4744 ἐν
2147 4692 2405 4762 ἐρημίαις
2457 4691 2815 4761 ἐκρύπτοντο.
2858 4692 2942 4745 Δ1.)ιῦ
3000 4692 3157 4762 μόνον
3207 4692 3262 4742 δέ
3315 4691 3526 4759 ἄνδρες,

1866 4779 1999 4832 ἀλλά
2030 4778 2048 4816 ί
2082 4780 2176 4832 καὶ
2208 4781 2464 4848 γυναῖκες
2496 4780 2701 4832 άπαλαὶ
2748 4780 2839 4832 καὶ
2890 4778 3157 4848 τρυφεραλ⁸
3194 4776 3313 4829 τότε
3362 4777 3511 4845 ἐκρύ-

1866 4883 2079 4930 πτοντο,
2114 4867 2352 4936 διηνεκεῖ
2380 4866 2683 4937 μαχόμεναι
2724 4865 2887 4935 λιμῷ.
2924 4864 3200 4931 Ἐννόησον
3220 4859 3332 4927 οὖν,
3372 4864 3525 4927 εἴτις

1865 4955 2234 5021 πολυτελείας,
2288 4958 2340 5009 εἴ
2378 4974 2462 5020 τις
2503 4956 2714 5026 τρυφῆς
2760 4953 3079 5023 ἐπεισῆλθεν
3108 4952 3171 5005 ἄν
3200 4971 3326 5006 ποτε
3363 4954 3527 5017 πόθος

1864 5046 2085 5112 γυναικὶ
2101 5046 2252 5110 παρὰ
2282 5044 2509 5116 λάρνακι
2532 5042 2883 5113 κρυπτομένῃ
2911 5041 3006 5094 καὶ
3033 5041 3401 5114 περιμενούσῃ
3426 5042 3529 5114 τὴν

1864 5131 2241 5203 θεραπαινίδα.
2276 5133 2423 5195 ὅπως
2449 5131 2580 5203 έλθῃ
2604 5128 2908 5199 κομίζουσα
2932 5129 3175 5192 δεῖπνον,
3208 5130 3299 5183 καὶ
3330 5130 3526 5205 φοϐου-

1866 5219 2023 5291 μένῃ,
2070 5222 2144 5291 μή
2189 5236 2307 5282 πως
2347 5218 2488 5287 ἁλῷ,
2533 5218 2627 5271 καὶ
2654 5216 2905 5288 καθάπερ
2934 5219 3001 5272 ἐν
3019 5219 3235 5290 καμίνῳ
3265 5219 3342 5290 τῷ
3366 5220 3536 5291 τάφῳ.

1864 5309 2091 5382 κειμένῃ
2118 5325 2131 5339 ’
2165 5305 2276 5379 ἆρα
2300 5307 2408 5376 γὰρ
2437 5306 2821 5377 ἐνθυμήσεται,
2850 5307 2930 5358 ὅτι
2952 5307 3143 5374 γέγονέ
3173 5325 3300 5360 ποτε
3319 5310 3519 5380 τρυφὴ,

1861 5399 1943 5450 ὅτι
1991 5398 2192 5468 κόσμος
2238 5396 2373 5459 ὅλως
2416 5396 2600 5461 ἐστίν;
2638 5395 2799 5464 Ὁρᾷς
2846 5396 2928 5448 ὅτι
2968 5395 3061 5447 νῦν
3102 5397 3219 5449 ἐστι
3256 5396 3455 5466 μᾶλλον
3486 5397 3524 5446 ὁ⁴

1861 5486 2118 5555 διωγμὸς,
2170 5484 2419 5555 καθάπερ
2476 5483 2678 5554 θηρίων
2727 5483 2836 5536 τῶν
2898 5483 3085 5537 παθῶν
3129 5484 3527 5555 ἐπιτιθεμένων

1862 5575 1990 5642 ἡμῖν
2032 5572 2332 5637 πάντοθεν;
2386 5570 2497 5624 Νῦν
2536 5573 2682 5623 ἐστιν
2726 5574 2753 5625 6
2800 5572 3034 5641 χαλεπὸς
3059 5571 3316 5640 διωγμὸς,
3345 5570 3520 5643 ταύτῃ

1860 5678 1945 5725 τε,
1971 5664 2063 5713 καὶ
2109 5661 2188 5712 ὅτι
2226 5660 2347 5712 οὐδὲ
2374 5656 2809 5730 νομίζεταιεῖναι
2833 5660 3235 5729 διωγμόςμΚα)¹
3280 5660 3386 5729 γὰρ
3424 5663 3531 5715 καὶ.

1861 5747 2020 5799 τοῦτο
2040 5747 2153 5816 ἕχει
2183 5749 2240 5799 τὸ
2268 5748 2500 5817 χαλεπὸν
2530 5742 2681 5810 οὗτος
2710 5750 2737 5800 6
2764 5747 3018 5816 πόλεμος,
3054 5745 3112 5807 ὃς
3144 5747 3332 5817 εἰρήνη
3363 5749 3519 5819 νομί-

1862 5835 2036 5899 ζεται,
2076 5837 2163 5890 ἵνα
2199 5838 2272 5907 μὴ
2300 5836 2645 5906 ὁπλιζώμεθα
2681 5835 2799 5888 κατ’
2836 5834 3023 5897 αὑτοῦ,
3056 5833 3188 5904 μηδέ
3217 5834 3516 5889 διαναστῶ-

1923 5923 1951 5963 (ί
1989 5926 2104 5978 Alii.
2125 5926 2282 5973 οὐκέτι
2309 5926 2547 5988 σωτηρίαν
2570 5926 2686 5986 ἔχει,
2717 5925 2826 5971 οὐδὲ
2854 5922 3055 5975 ἐλπίδας.
3075 5980 3091 5988 _
3120 5933 3157 5988 ξ
3195 5921 3311 5979 Alii,
3343 5926 3418 5971 ἵνα
3463 5927 3517 5974 δὲ

1860 5987 1969 6045 ὑμῖν
2009 5989 2163 6041 δείξω.
2206 5989 2277 6035 ὅτι
2318 5980 2467 6049 οὕτως
2502 5980 2670 6046 γείρὼν
2702 5990 2728 6033 ὁ
2773 5987 2991 6045 διωγμὸς.
3073 5980 3091 6016 ί
3118 5986 3249 6047 Haec,
3292 5989 3345 6034 οὐ
3372 5990 3523 6048 μόνον

1872 6070 1924 6106 οε
1943 6057 2121 6117 ἄνδρες,
2142 6058 2279 6117 ἀλλὰ,
2303 6058 2484 6108 desunt
2510 6057 2559 6106 in
2584 6071 2681 6106 uno
2707 6058 2813 6105 cod.
