4076 6354
489 325 590 380 189

487 453 618 510 μεν·
643 436 819 502 οὐδεὶς
852 438 1090 493 δέδοικεν
1110 479 1126 503 ,
1165 438 1340 503 οὐδεὶς
1385 439 1601 509 τρέμει.
1637 440 1699 492 Εἰ
1733 439 1789 493 δέ
1819 439 2100 493 ἀπιστεῖτε
2128 477 2144 500 ,

481 529 610 592 τοὺς
632 526 898 598 Ἕλληνας
923 529 1255 599 ἐρωτήσατε,
1281 528 1408 591 τοῦς
1434 527 1747 591 διώκοντας,
1784 528 1914 580 πότε
1945 527 2013 580 τὰ
2037 526 2146 580 τῶν

482 615 826 687 Χρριστιανῶν
848 615 1234 687 ἀκριϐέστερα,
1263 615 1393 668 πότε
1422 614 1775 685 δοκιμώτεροι
1791 617 2026 680 πάντες;
2049 616 2144 679 Εἰς

481 705 664 774 ὀλίγον
704 704 804 775 μὲν
844 706 1217 774 περιειστήκει
1249 703 1369 756 τότε
1407 703 1468 756 τὸ
1507 703 1708 773 πλῆθος
1742 719 1754 732 ·
1787 705 1868 767 εἰς
1893 703 2059 758 πολὺν
2090 704 2148 757 δὲ

483 793 686 864 ἀρετῆς
715 790 943 845 πλοῦτον
972 787 1062 862 ἦν.
1081 791 1148 844 Τί
1166 790 1274 862 7&9
1299 791 1509 861 ὄφελος,
1534 792 1655 844 εἰπέ
1684 809 1794 861 μοι,
1819 792 1988 845 πολὺν
2010 786 2146 845 εἶναι

483 879 696 950 χόρτον,
731 880 904 950 παρὸν
931 878 1110 943 λίθνσυς
1134 873 1277 933 εἶναι
1307 879 1523 949 τιμίους
1547 892 1602 943 εις
1625 881 1738 932 Οὐκ
1773 881 1829 932 ὲν
1851 879 1929 949 τῷ
1954 879 2147 952 πλήθει

483 967 578 1020 τοῦ
606 967 864 1038 ἀριθμοῦ,
901 967 1014 1020 ἀλλ’
1044 969 1104 1020 ἐν
1130 970 1196 1039 τῇ
1224 967 1536 1037 δοκιμότητι
1566 968 1666 1038 τῆς
1697 969 1894 1039 ἀρετῆς
1917 968 1978 1022 τὸ
2007 969 2149 1040 πλῆ-

485 1055 576 1119 θός
599 1057 765 1109 ἐστιν.
799 1055 858 1108 ὐ
890 1055 1076 1119 Ἠλίας
1104 1051 1185 1118 εἷς
1212 1051 1280 1126 ἦν
1305 1072 1318 1087 ·
1349 1055 1506 1109 ἀλλ’ό
1532 1055 1735 1125 κόσμος
1767 1056 1866 1108 οὐκ
1888 1051 1956 1127 ἦν
1984 1056 2148 1110 αὐτοῦ

483 1141 754 1208 ἀντάξιος.
792 1141 903 1197 Καὶ
939 1141 1046 1214 μὴν
1083 1143 1112 1196 ό
1147 1143 1351 1213 κόσμος
1381 1142 1643 1212 μυριάδες
1686 1142 1862 1196 εἰσίν·
1900 1141 2014 1196 ἀλλ’
2047 1143 2147 1212 οὐκ

483 1230 590 1282 εἰσὶ
610 1229 889 1301 μυριάδες,
905 1231 1033 1284 ὅταν
1051 1231 1184 1302 μηδέ
1199 1230 1335 1302 πρὸς
1354 1230 1445 1284 τὸν
1465 1230 1564 1284 ἕνα
1590 1229 1876 1295 ἐξισῶνται
1895 1274 1908 1285 .
1941 1231 2145 1298 Κρείσ-

483 1333 614 1372 σων
639 1319 666 1360 δ
692 1316 780 1385 εἷς
803 1317 992 1374 ποιῶν
1015 1321 1081 1373 τὸ
1109 1320 1339 1389 θέλημα
1366 1321 1616 1388 Κυρίου,
1653 1321 1691 1388 ἢ
1725 1321 1923 1390 μύριοι
1957 1321 2146 1389 παρὰ·

484 1423 674 1476 νομοι.
693 1406 864 1460 Τοῦτο
883 1409 977 1460 καί
994 1425 1075 1470 τις
1098 1409 1262 1477 σοφὸς
1287 1410 1658 1479 αἰνιττόμενος
1683 1409 1826 1463 οὐτω
1852 1407 1966 1473 πώς
1989 1422 2142 1478 φησιο

483 1495 579 1562 Μὴ
611 1494 882 1564 ἐπιθύμει
923 1495 1159 1565 πλῆθος
1205 1497 1432 1552 τέκνων
1473 1497 1812 1565 ἀχρήστων.
1866 1492 2022 1551 Οὗτοι
2053 1496 2146 1549 καὶ

487 1583 834 1654 βλασφημίαν
862 1584 1278 1655 προστρίϐονται
1302 1585 1380 1655 τῷ
1405 1585 1524 1657 Θεῷ
1552 1587 1770 1656 μᾶλλον,
1789 1585 1822 1656 ἢ
1840 1587 1889 1639 εἰ
1913 1584 1987 1656 μὴ
2006 1581 2146 1657 ἦσαν

483 1671 820 1743 Χριστιανοί.
848 1671 914 1724 Τί
945 1690 1035 1742 μοι
1059 1672 1139 1726 δεῖ
1159 1673 1420 1743 πλήθουςς
1450 1674 1633 1746 Τροφὴ
1663 1673 1863 1728 πλείων
1890 1674 1966 1744 τῷ
1989 1673 2142 1745 πυρί.

483 1757 656 1812 Τοῦτο
683 1760 778 1813 καὶ
807 1761 872 1814 ἐκ
899 1759 994 1813 τοῦ
1025 1759 1276 1832 σώματος
1299 1762 1487 1830 γνοίης
1512 1763 1606 1825 ἀν,
1634 1764 1714 1816 ὅτι
1747 1763 1968 1833 βελτίων
2009 1763 2146 1834 σύμ-

487 1863 685 1916 μετρος
708 1849 881 1920 τροφὴ
915 1849 1054 1919 μετὰ
1088 1850 1295 1918 ὑγιείας
1315 1892 1330 1916 ,
1361 1851 1394 1922 ἢ
1427 1851 1607 1921 τρυφὴ
1653 1853 1791 1921 μετά
1827 1851 2141 1914 κακώσεως.

483 1931 633 2001 Αὕτη
671 1934 873 1988 πλείων
897 1936 1114 2008 ἐκείνης
1141 1938 1176 2008 ἡ
1203 1939 1374 2008 τροφή
1404 1955 1418 1969 ⁸
1445 1937 1603 1992 τοῦτο
1628 1938 1822 2008 τροφὴ,
1861 1940 2038 1992 ἐκεῖνο
2058 1938 2146 1992 νό-

486 2037 599 2085 σος.
633 2020 805 2076 Τοῦτο
853 2023 948 2077 καὶ
995 2025 1055 2078 ἐν
1101 2024 1324 2096 πολέμῳ
1373 2025 1469 2079 ίδοι
1513 2043 1596 2089 τις
1653 2027 1740 2092 ἂν,
1774 2026 1981 2096 βέλτιον
2007 2021 2146 2081 εἶναι

484 2108 621 2163 δέκα
645 2109 942 2182 ἐμπείρους
979 2113 1074 2165 καὶ¹
1101 2113 1381 2180 γενναίους
1407 2113 1628 2184 ἄνδρας,
1665 2114 1698 2185 ἢ
1737 2114 1962 2186 μυρίους
1988 2115 2146 2169 ἀπεί-

489 2213 634 2267 ρους.
665 2192 823 2252 υῦτοι
863 2199 995 2271 πρὸς
1015 2199 1092 2271 τῷ
1116 2201 1284 2270 μηδὲν
1315 2201 1652 2273 ἐργάσασθαι
1688 2204 1783 2258 καὶ
1818 2204 1944 2267 τοὺς
1975 2204 2144 2276 ἐργα-

484 2283 744 2354 ζομένους
768 2287 1116 2355 ἐγκόπτουσι.
1135 2289 1306 2342 Τοῦτο
1325 2290 1418 2343 καὶ
1447 2290 1540 2344 ἐπὶ
1571 2291 1754 2344 πλοίου
1781 2290 1931 2363 εὖροι
1951 2308 2034 2354 τις
2055 2291 2142 2356 ἀν,

485 2369 695 2439 βέλτιον
727 2367 866 2427 εἷναι
894 2374 988 2428 δύο
1021 2373 1222 2439 ναύτας
1265 2376 1586 2448 ἐμπείρους,
1629 2378 1662 2450 ἢ
1711 2379 1902 2450 μυρίον
1941 2377 2147 2448 πλῆθος

483 2461 729 2532 ἀπείρων
750 2476 764 2491 ⁸
789 2455 936 2515 οῦτοι
963 2461 1073 2534 γάρ
1102 2462 1164 2516 τὸ
1196 2463 1378 2517 πλοῖον
1406 2465 1498 2518 καὶ
1531 2465 1920 2520 καταδύσουσι.

557 2547 619 2602 δ’.
650 2547 838 2603 Ταῦτα
858 2548 1022 2616 λέγω,
1045 2549 1166 2619 οὐχὶ
1199 2551 1337 2622 πρὸς
1368 2550 1428 2604 τὸ
1462 2551 1661 2623 πλῆθος
1701 2553 1855 2625 ὐμῶν
1891 2552 2145 2623 ἀπεχθῶς

483 2631 646 2704 ἔχων,
677 2632 815 2687 ἀλλά
845 2633 1164 2704 βουλόμενος
1193 2637 1402 2700 πάντας
1442 2633 1581 2692 εἶναι
1608 2638 1864 2710 δοκίμους
1885 2679 1901 2704 ,
1941 2640 2034 2694 καὶ
2070 2641 2146 2712 μὴ

483 2719 562 2790 τῷ
591 2719 790 2789 πλήθει
813 2719 1054 2791 θαρρεῖν.
1080 2720 1228 2796 [198]
1253 2723 1438 2794 Πολλῷ
1460 2724 1677 2788 πλείους
1693 2725 1830 2779 εἰσὶν
1850 2727 1900 2779 οἰ
1944 2727 2024 2790 εἰς
2047 2727 2147 2800 τὴν

483 2808 709 2876 γέενναν
735 2807 994 2873 εἰσιόντες
1014 2827 1028 2840 ο
1051 2810 1185 2863 ἀλλὰ
1221 2809 1422 2881 μείζων
1453 2814 1623 2884 αὐτῆς
1649 2815 1796 2868 ἐστιν
1819 2817 1851 2886 ή
1879 2815 2143 2885 βασιλεία,

485 2895 592 2950 κᾶν
610 2895 824 2964 ὀλίγους
854 2897 974 2971 ἔχῃ.
1018 2899 1107 2962 Ὠς
1129 2901 1161 2969 ἡ
1195 2900 1378 2971 ἄμμος
1404 2901 1502 2974 τῆς
1533 2901 1807 2974 θαλάσσης
1832 2900 1901 2975 ἧν
1928 2903 1988 2958 τὸ
2009 2905 2145 2976 πλῆ-

485 2983 577 3047 θος
600 2982 694 3037 τοῦ
725 2983 877 3049 λαοῦ,
908 2985 1024 3039 ἀλλ’
1050 2981 1131 3050 είς
1159 2986 1362 3042 ἔσωσεν
1386 2985 1714 3054 αὐτούς.Είς
1741 2987 1809 3063 ἦν
1835 2993 1862 3045 ὁ
1883 2993 2142 3064 Μωῦσῆς,

484 3071 578 3124 καὶ
603 3071 820 3127 πάντων
851 3073 1075 3146 μείζονα
1102 3075 1319 3146 ἴσχυσεν
1343 3093 1357 3108 ο
1377 3072 1459 3140 εἷς
1486 3072 1555 3148 ἦν
1581 3080 1609 3132 ὁ
1646 3077 1872 3149 Ἰησοῦς,
1910 3079 2004 3133 καὶ
2035 3081 2146 3133 τῶν

485 3158 786 3224 ἑξακοσίων
817 3161 1071 3232 χιλιάδων
1104 3161 1264 3216 πλέον
1286 3163 1546 3236 ἠδυνήθη.
1597 3165 1690 3237 Μὴ
1719 3165 1878 3220 τοῦτο
1914 3168 2147 3222 σπουδά-

483 3249 688 3321 ζωμεν,
721 3251 868 3314 ὅπως
901 3253 1087 3306 πολλοὶ
1130 3253 1370 3322 γένοιντο
1409 3255 1586 3325 μόνον,
1638 3255 1776 3308 ἀλλά
1798 3255 1904 3328 πρὸ
1928 3257 2144 3323 τούτου,

484 3337 635 3402 ὅπως
673 3337 884 3410 δόκιμοι
917 3356 930 3368 ·
964 3340 1092 3394 ὅταν
1114 3341 1274 3395 τοῦτο
1299 3343 1739 3416 κατασκευασθῇ,
1767 3345 1888 3398 τότε
1907 3347 2143 3401 κάκεῖνο.

486 3425 673 3489 Οὐδεὶς
699 3427 878 3480 οἰκίαν
898 3427 1208 3500 εὐρύχωρον
1234 3431 1448 3501 πρῶτον
1471 3431 1718 3501 βούλεται
1740 3435 1984 3505 ποιῆσαι,
2011 3437 2146 3491 ἀλλὰ

485 3513 703 3585 πρῶτον
740 3515 964 3587 ἰσχυράν
995 3519 1089 3570 καὶ
1115 3517 1359 3589 δόκιμον,
1401 3522 1496 3574 καὶ
1519 3521 1638 3574 τότε
1673 3521 1984 3594 εὐρύχωρον
2008 3541 2022 3556 ο
2053 3525 2145 3578 οὐ·

486 3602 599 3666 δείς
629 3602 810 3673 βάλλει
839 3603 1065 3675 θεμέλια
1096 3617 1144 3672 ο,
1174 3609 1260 3661 ἵνα
1287 3609 1688 3681 καταγελασθῇ.
1735 3611 1960 3684 Πρῶτον
1990 3612 2148 3667 τοῦτο

487 3689 763 3762 ζητῶμεν,
795 3693 888 3746 καὶ
921 3694 1041 3746 τότε
1070 3696 1265 3749 ἐκεῖνο.
1312 3697 1516 3751 Τούτου
1556 3699 1728 3762 ὄντος,
1777 3698 2000 3754 εὐκολον
2045 3704 2145 3755 κά-

487 3780 638 3832 κεῖνο
668 3781 820 3832 ἔσται
847 3798 860 3814 ·
888 3781 1098 3836 ἐκείνου
1131 3783 1188 3836 δὲ
1217 3784 1318 3836 οὐκ
1342 3785 1526 3848 ὄντος,
1565 3785 1725 3839 τοῦτο
1766 3789 1871 3840 κᾶν
1902 3784 1959 3861 ᾗ,
1992 3790 2148 3843 οὐδὲν

487 3867 702 3937 ὄφελος.
740 3870 949 3923 Ὄντων
990 3871 1090 3940 μὲν
1128 3871 1237 3943 7&9
1276 3871 1387 3926 τῶν
1416 3874 1727 3944 δυναμένων
1752 3877 1810 3928 ἐν
1846 3877 2146 3950 Ἐκκλησία

487 3955 720 4027 λάμψαι,
749 3959 956 4028 ταχέως
974 3958 1124 4013 ἐσται
1159 3960 1254 4013 καὶ
1280 3961 1729 4032 πλῆθος·τούτων
1753 3965 1807 4017 δὲ
1833 3966 1934 4019 οὐκ
1953 3965 2142 4032 ὄντων,

487 4043 548 4097 τὸ
577 4042 780 4112 πλῆθος
809 4045 1062 4099 οὐδέποτε
1089 4046 1242 4100 ἐσται
1273 4048 1516 4118 δόκιμον.

558 4132 768 4195 Πόσους
795 4132 972 4186 οἴεσθε
1001 4135 1058 4187 ἐν
1085 4137 1151 4205 τῇ
1181 4137 1333 4189 πόλει
1361 4141 1426 4208 τῇ
1453 4139 1703 4210 ήμετέρςι⁴
1733 4136 1870 4194 εἶναι
1896 4144 2020 4206 τοῦς
2043 4160 2146 4196 σω-

488 4218 777 4289 ζομένους;
827 4221 1094 4292 Ἐπαχθές
1125 4223 1222 4294 μέν
1250 4227 1418 4289 ἐστιν,
1448 4227 1476 4279 δ
1506 4227 1683 4297 μέλλω
1711 4227 1890 4297 λέγειν
1913 4247 1928 4260 ·
1958 4231 2067 4302 ἐρῶ
2088 4231 2146 4286 δέ

486 4307 656 4375 ὅμως.
697 4309 811 4361 Οὐκ
849 4307 998 4362 ἔστιν
1039 4310 1099 4362 ἐν
1134 4311 1426 4377 τοσαύταις
1455 4315 1714 4385 μυριάσιν
1744 4317 1936 4370 ἑκατὸν
1965 4319 2145 4390 εὑρεῖν

486 4396 614 4458 τοὺς
651 4393 991 4464 σωζομένους
1015 4397 1188 4452 ⁹ἀλλά
1229 4400 1324 4452 καὶ
1364 4401 1504 4474 ὑπὲρ
1548 4402 1751 4456 τούτων
1790 4406 2140 4478 ἀμφισϐητῶ.

487 4482 632 4552 Πόση
659 4481 790 4555 γὰρ,
819 4483 941 4536 είπέ
974 4500 1084 4555 μοι,
1120 4486 1288 4541 κακία
1313 4489 1372 4541 ἐν
1396 4491 1508 4553 τοῖς
1527 4490 1695 4556 νέοις;
1734 4493 1870 4564 πόση
1903 4495 2144 4566 ῥᾳθυμία

485 4571 544 4623 ἐν
576 4572 690 4634 τοῖς
728 4572 1134 4642 γεγηρακόσιν;
1174 4575 1364 4639 Οὐδεὶς
1409 4576 1484 4641 ὡς
1525 4577 1630 4649 χρὴ
1674 4581 1986 4650 ἐπιμέλειαν
2029 4584 2144 4654 ἔχει

483 4659 578 4713 τοῦ
602 4658 788 4726 παιδὸς
820 4660 913 4712 τοῦ
943 4661 1135 4716 ἐαυτοῦ
1164 4679 1177 4692 ·
1205 4663 1378 4727 οὐδεὶς
1407 4663 1520 4736 ἔχει
1551 4666 1710 4736 ζῆλον
1741 4670 1876 4740 πρὸς
1901 4673 2142 4742 πρεσϐύ-

483 4763 584 4818 την
633 4747 757 4802 ἰδὼν
803 4749 1167 4820 μιμήσασθαι.
1219 4751 1300 4806 Τά
1355 4754 1640 4824 ἀρχέτυπα
1694 4758 2142 4826 ἠφάνισται·διά

482 4836 644 4889 τοῦτο
683 4836 803 4890 οὐδὲ
847 4839 896 4890 οί
933 4837 1044 4893 νέοι
1091 4839 1327 4907 γίνονται
1369 4840 1689 4912 θαυμαστοί.
1723 4847 1812 4917 Μή
1847 4864 1938 4915 μοι
1967 4850 2143 4904 ἐκεῖνο

483 4923 632 4988 λέγε,
670 4925 753 4977 ὃτι
781 4924 1209 4997 Πολυοχλοῦμεν.
1234 4928 1406 4982 Τοῦτο
1435 4929 1657 5002 ψυχρῶν
1681 4934 1777 4986 ἀνθ
1787 4935 1986 5005 ρώπων
2002 4939 2139 4990 ἐστί·

485 5013 581 5064 καὶ
614 5011 707 5064 ἐπὶ
741 5012 842 5080 μὲν
876 5012 1179 5085 ἀνθρώπων
1205 5015 1430 5080 εἰκότως
1459 5018 1523 5070 ἀν
1544 5017 1698 5072 τοῦτο
1722 5019 1950 5089 λέγοιτο,
1977 5025 2069 5078 ἐπὶ
2087 5027 2143 5080 δὲ

486 5095 621 5149 Θεοῦ
655 5097 752 5149 τοῦ
781 5098 841 5151 οὐ
871 5098 1127 5168 δεομένου
1159 5102 1332 5172 ήμῶν,
1373 5104 1473 5156 οὐκ
1501 5104 1600 5159 ἔτι.
1639 5108 1760 5161 Ὅτι
1803 5109 1858 5162 δὲ
1896 5113 1988 5165 καὶ
2027 5115 2144 5169 ἐκεῖ

485 5181 692 5254 ψυχρόν
730 5186 843 5237 ἐστι
875 5186 937 5239 τὸ
973 5187 1144 5257 ῥῆμα,
1185 5191 1433 5245 ἄκουσον.
1489 5193 1549 5247 '0
1584 5194 1809 5259 πολλοὺς
1834 5197 1972 5269 ἔχων
1998 5202 2143 5256 οἰκέο

484 5285 605 5332 τας,
647 5270 713 5325 ἂν
741 5271 1164 5346 διεφθαρμένους
1194 5279 1391 5342 αὐτοὺς
1425 5279 1543 5354 ἔχῃ,
1575 5281 1673 5334 ὅσα
1700 5283 1942 5338 πείσεται
1964 5287 2138 5343 δεινάί

486 5359 594 5412 Καὶ
626 5361 717 5414 ἐπὶ
758 5363 855 5431 μὲν
893 5362 986 5415 τοῦ
1034 5364 1238 5434 μήδένα
1276 5368 1490 5438 ἔχοντος
1537 5368 1695 5423 τοῦτο
1730 5372 1878 5424 δοκεῖ
1905 5370 2046 5429 εἶναι
2083 5379 2142 5432 τὸ

485 5446 674 5513 δεινὸν,
707 5449 790 5502 ὃτι
818 5449 916 5520 οὐχ
949 5451 1302 5522 ύπηρετεῖται
1327 5472 1341 5486 ·
1387 5456 1479 5508 ἐπὶ
1510 5456 1566 5509 δὲ
1596 5457 1690 5525 τοῦ
1720 5463 1843 5523 τοὺς
1874 5467 2139 5534 πονηροὺς

486 5534 719 5604 ἔχοντος,
776 5541 869 5590 καὶ
915 5539 1105 5592 ἑαυτὸν
1154 5543 1560 5612 προσαπόλλυσι
1615 5547 1734 5613 μετ’
1770 5547 2013 5615 ἐκείνων,
2051 5554 2142 5606 καὶ

490 5623 692 5692 μείζων
721 5626 754 5694 ἡ
783 5624 976 5698 ζημία,
1009 5627 1116 5681 Τοῦ
1145 5630 1254 5699 γάρ
1284 5629 1462 5699 ἐαυτῷ
1487 5631 1754 5686 διακονεῖν
1789 5635 1965 5707 πολλῷ
1988 5639 2143 5708 χαλε-

487 5708 730 5782 πώτερον
774 5714 836 5766 τὸ
878 5715 972 5770 καὶ
1010 5717 1217 5788 ἑτέροις
1249 5720 1538 5771 πυκτεύειν
1569 5722 1661 5773 καὶ
1685 5722 1919 5793 πόλεμον
1952 5727 2140 5782 ἀναδέ-

551 5873 579 5948 ξ
604 5872 757 5948 δξγίιλ
783 5880 930 5948 παρὸν
950 5885 978 5939 ἦ
1013 5883 1164 5938 λίθους
1189 5886 1368 5945 τιμίους
1389 5887 1417 5942 ἡ
1445 5887 1618 5947 χρυσὸν
1650 5888 1922 5946 ἀγαγέσθαι.
1988 5890 2017 5930 1»
2045 5892 2139 5943 Alii

489 5940 604 6000 πρὸς
624 5940 704 5989 τὸν
737 5941 816 5990 ἕνα
856 5940 1102 6006 Ὕξρχωνται.
1146 5940 1417 6012 Κρεῖσσων.
1445 5940 1499 5978 mc
1538 5950 1633 5998 .Αέἰί
1666 5940 1884 6007 θεμέλιον.

1254 328 1312 386 8.
1349 328 1633 386 JOANNIS
1668 326 2156 385 CHRYSOSTOMI
2199 327 2522 385 ARCHIEP.
2562 331 3110 389 CONSTANTINOP.

3803 337 3915 392 £99

2250 439 2460 506 κεσθαι.
2485 441 2668 494 Ταῦτα
2689 441 2852 510 λέγω,
2883 443 2970 496 ἵνα
3002 444 3076 515 μή
3101 461 3186 508 τις
3207 447 3307 517 τὴν
3346 447 3668 520 Ἐκκλησίαν
3693 449 3920 520 θαυμά⁶

2249 522 2318 595 ζῃ
2351 525 2441 578 διὰ
2469 526 2532 579 τὸ
2565 527 2786 598 πλῆθος,
2815 529 2934 582 ἀλλ’
2968 529 3055 584 ἵνα
3084 531 3475 604 σπουδάξωμεν
3517 535 3647 589 αὐτὸ
3680 536 3920 605 δόκιμον

2248 612 2622 682 ἐργάσασθαι·
2649 614 2737 668 ἵνα
2782 615 3010 694 ἕκαστος
3049 618 3142 672 τοῦ
3191 620 3393 674 οἰκείου
3437 626 3636 694 προνοῇ
3687 623 3920 694 μέλους,

2241 701 2363 771 οὐχὶ
2407 703 2515 756 τῶν
2565 703 2754 772 φίλων,
2799 705 2921 758 οὐδὲ
2961 708 3070 760 τῶν
3122 709 3416 777 συγγενῶν,
3447 711 3586 782 ὅπερ
3623 713 3710 766 ἀεὶ
3737 713 3920 780 λέγω,

2241 787 2363 840 οὐδὲ
2395 787 2503 842 τῶν
2536 790 2795 857 γειτόνων
2826 809 2840 823 ·
2871 791 3014 846 ἀλλὰ
3046 794 3141 847 καὶ
3170 794 3310 848 ὥστε
3347 796 3473 859 τοὺς
3515 796 3699 862 ξένους
3742 799 3924 867 ἐφέλ-

2244 877 2455 932 κεσθαι.
2490 873 2634 942 Οἷον,
2665 880 2797 951 εὐχὴ
2827 881 3033 950 γίνεται
3053 925 3067 944 ,
3096 885 3303 938 κεῖνται
3339 885 3540 948 πάντες
3569 885 3678 939 νέοι
3703 885 3925 957 ψυχροὶ

2243 965 2337 1016 καὶ
2363 965 2650 1034 γέροντεςο
2675 968 3000 1040 καθάρματα
3029 969 3226 1040 μᾶλλον
3255 971 3288 1041 ἢ
3311 971 3441 1036 νέοι,
3469 973 3755 1042 γελῶντες,
3777 977 3927 1028 ἀνα-

2242 1052 2644 1122 καγχάζοντες,
2680 1055 3049 1128 διαλεγόμενοι
3083 1061 3197 1128 (καὶ
3224 1060 3334 1130 7&9
3362 1062 3458 1115 καὶ
3496 1062 3654 1116 τοῦτο
3692 1064 3926 1134 ἥκουσα

2243 1140 2579 1212 γινόμενον),
2610 1143 2704 1196 καὶ
2733 1143 2993 1216 ἀλλήλους
3035 1146 3377 1211 σκώπτοντες
3420 1149 3512 1201 ἐπὶ
3548 1150 3755 1219 γόνατα
3795 1152 3927 1203 κεί-

2245 1244 2396 1296 μενοι
2424 1245 2439 1260 ο
2481 1229 2545 1282 σὺ
2582 1230 2933 1302 παρέστηκας
2960 1234 2989 1286 ό
3017 1233 3133 1297 νέος
3167 1234 3198 1306 ἢ
3230 1237 3258 1288 ὁ
3291 1235 3603 1306 πρεσϐύτης
3625 1277 3639 1300 ,
3669 1238 3928 1307 ἐπίπλη-

2244 1313 2352 1378 ξον,
2378 1315 2444 1368 ἂν
2465 1315 2598 1386 ίδῃς,
2624 1317 2917 1384 ἐγκάλεσον
2941 1320 3310 1393 σφοδρότερον,
3325 1322 3424 1375 οὐκ
3443 1323 3794 1393 ἀνεχόμενον,
3819 1325 3928 1378 τὸν

2242 1401 2490 1457 διάκονον
2513 1404 2760 1469 κάλεσον,
2790 1406 3104 1478 άπείλησον,
3135 1407 3202 1461 τὰ
3223 1409 3375 1481 παρά
3402 1410 3599 1464 σαυτοῦ
3627 1412 3870 1482 ποίησον
3906 1429 3923 1443 ·

2244 1490 2338 1542 καὶ
2367 1490 2462 1544 ἐάν
2488 1491 2734 1566 τολμήσῃ
2759 1511 2811 1546 τι
2839 1495 2918 1558 εἰς
2951 1493 3009 1548 σὲ
3039 1495 3400 1567 ἐργάσασθαι,
3429 1497 3645 1562 πάντως
3673 1499 3928 1561 πολλοὺς

2243 1576 2385 1641 ἕξεις
2411 1577 2437 1617 ά
2476 1578 2602 1643 τοὺς
2637 1580 3076 1652 συναιρομένους.
3128 1583 3224 1646 Τίς
3250 1583 3357 1655 7&9
3381 1583 3553 1650 οὕτως
3584 1585 3924 1654 ἀλόγιστος,

2241 1665 2318 1728 ὡς
2350 1667 2472 1720 ἰδών
2502 1684 2562 1720 σε
2584 1668 2920 1737 ἐγκαλοῦντα
2951 1670 3088 1740 ὑπὲρ
3125 1670 3382 1725 τοιούτων
3421 1672 3706 1735 κάκείνους
3733 1676 3928 1742 ἐγκα-

2242 1755 2554 1828 λουμένους,
2590 1757 2664 1829 μὴ
2686 1759 2784 1829 τῆς
2815 1759 2913 1830 σῆς
2946 1758 3196 1828 γενέσθαι
3238 1761 3495 1832 μερίδοςς
3529 1762 3774 1817 Ἀπελθε
3817 1764 3928 1817 λα-

2243 1843 2352 1897 ϐὼν
2398 1845 2489 1898 τὸν
2537 1845 2727 1914 μισθὸν
2770 1846 2878 1900 ἀπὸ
2920 1847 3018 1916 τῆς
3065 1847 3244 1918 εὐχῆς.
3283 1849 3370 1902 Ἐν
3420 1849 3568 1920 οἰκίᾳ
3609 1851 3925 1922 δεσποτικῇ

2242 1930 2463 1995 τούτους
2493 1932 2881 2004 εὐνουστέρους
2910 1933 3018 1987 τῶν
3048 1934 3249 1988 δούλων
3275 1936 3557 2008 κρίνομεν,
3585 1938 3820 2008 ὅσοιπερ
3852 1939 3926 1992 ἂν

2246 2017 2412 2088 μηδὲν
2451 2019 2764 2093 παρορῶσιν
2791 2019 3046 2083 ἀτάκτως
3089 2020 3340 2092 κείμενον
3390 2022 3599 2087 σκεῦος.
3651 2025 3790 2077 Εἰπὲ
3852 2027 3924 2093 δή

2246 2119 2355 2171 μοι,
2371 2102 2436 2156 ἂν
2449 2103 2563 2175 ἴδῃς
2578 2103 2791 2177 ἐνοίκίᾳ
2801 2105 2863 2158 τὸ
2877 2105 3145 2178 ἀργύρεον
3159 2107 3346 2172 σκεῦος
3361 2107 3507 2182 [I99]
3523 2108 3626 2175 ἐξω
3638 2111 3927 2182 ἐρῥιμμέο

2241 2206 2352 2251 νον,
2376 2190 2478 2243 κᾶν
2509 2191 2584 2262 μὴ
2617 2187 2683 2264 ᾖς
2718 2193 3175 2264 ἐπιτεταγμένος,
3211 2191 3300 2266 ἀρ’
3330 2196 3392 2249 οὐ
3420 2195 3564 2268 λήψῃ
3607 2197 3772 2252 τοῦτο
3818 2202 3927 2253 καὶ

2243 2278 2494 2343 εἰσοίσεις
2526 2280 2582 2333 ἐν
2611 2283 2679 2350 τῇ
2707 2279 2892 2352 οίκίᾳ;
2927 2282 2994 2335 ἂν
3029 2283 3242 2354 ἱμάτιον
3287 2285 3476 2348 ἁπλῶς
3529 2288 3880 2357 ἐρριμμένον
3906 2328 3925 2351 ,

2243 2365 2345 2419 κᾶν
2377 2366 2451 2437 μὴ
2487 2367 2616 2437 ἔχῃς
2641 2368 2741 2438 τὴν
2771 2369 3055 2439 φροντίδα,
3090 2370 3193 2425 κάν
3227 2371 3420 2443 ἐχθρὸς
3447 2367 3516 2446 ᾖς
3540 2373 3635 2426 τοῦ
3667 2391 3926 2444 προστε-

2241 2455 2464 2524 ταχότος
2491 2467 2536 2521 ο,
2570 2455 2658 2508 διὰ
2680 2457 2779 2526 τὴν
2803 2458 2884 2520 εἰς
2906 2456 2997 2512 τὸν
3023 2457 3286 2529 δεσπότην
3324 2459 3534 2515 εὐνοιαν
3555 2501 3570 2526 ,
3617 2462 3678 2514 οὐ
3719 2461 3926 2532 θήσεις

2242 2539 2399 2612 τοῦτο
2424 2540 2636 2607 καλῶς;
2665 2541 2820 2594 Οὕτω
2841 2543 2934 2596 καὶ
2960 2542 3074 2596 νῦν.
3100 2543 3275 2616 Σκεύη
3302 2545 3472 2600 ταῦτά
3492 2548 3639 2600 ἐστιν
3657 2563 3670 2574 ⁸
3695 2547 3768 2600 ἂν
3794 2548 3928 2620 ἴδῃς

2242 2626 2494 2690 ἀτάκτοις
2523 2628 2783 2698 κείμενα,
2836 2630 3277 2702 μεταῤῥύθμισον
3303 2648 3318 2663 ·
3353 2634 3474 2703 ἐμοὶ
3501 2633 3774 2704 πρόσελθε
3801 2673 3820 2696 ,
3856 2636 3927 2688 οὐ

2243 2715 2614 2787 παραιτοῦμαι
2639 2732 2653 2746 ·
2679 2717 2803 2788 ἐμοί
2824 2718 2968 2784 εἰπὲ,
2988 2718 3148 2788 δῆλον
3172 2719 3512 2789 κατάστησον
3536 2737 3548 2749 ·
3573 2721 3634 2774 οὐ
3664 2721 3928 2792 δύναμαι

2242 2805 2420 2858 πάντα
2451 2805 2613 2874 όρᾷν,
2649 2804 2952 2872 σύγγνωτε.
3001 2806 3190 2877 Ὁρᾶτε
3211 2849 3226 2874 ,
3267 2809 3364 2880 ὅση
3397 2808 3568 2862 κακία
3601 2807 3700 2878 τὴν
3727 2811 3930 2863 οἰκου-

2245 2893 2413 2962 μένην
2444 2891 2685 2963 κατέχει.
2739 2893 2889 2964 Μήτι
2915 2894 3102 2958 ἁπλῶς
3125 2895 3336 2964 ἔλεγον,
3383 2896 3464 2950 ὅτι
3499 2895 3707 2966 πλῆθός
3735 2899 3928 2967 ἐσμεν

2241 2978 2461 3051 χόρτου,
2493 2979 2733 3048 πέλαγος
2755 2981 3026 3048 Max-rw;
3056 2983 3129 3037 Οὐ
3154 2982 3320 3052 λέγω,
3356 2983 3437 3037 ὅτι
3461 2984 3929 3040 ἐκεῖνοιτοιαῦτα

2242 3066 2508 3132 ποιοῦσιν,
2535 3068 2651 3122 ἀλλ’
2687 3069 2768 3122 ὅτι
2801 3069 3052 3134 τοσοῦτος
3087 3070 3251 3136 ὐπνος
3290 3073 3604 3142 καταχεῖται
3637 3072 3753 3124 τῶν
3793 3075 3930 3125 εἰσ-

2247 3153 2432 3207 ιόντων
2451 3193 2465 3216 ,
2508 3154 2649 3209 ὥστε
2684 3156 2818 3226 μηδέ
2852 3156 3027 3210 ταῦτα
3063 3157 3326 3230 διορθοῦν.
3357 3157 3523 3212 Πάλιν
3550 3157 3776 3230 ἐτέρους
3797 3159 3932 3230 ὁρῶ

2241 3240 2654 3313 διαλεγομένους
2703 3243 2978 3308 ἑστῶτας,
3031 3245 3131 3314 τῆς
3183 3245 3351 3316 εὐχῆς
3399 3245 3800 3316 γινομένης-οἰ
3866 3248 3932 3300 δὲ

2243 3329 2634 3401 ἐπιεικέστεροι
2668 3330 2868 3399 αὐτῶν,
2909 3331 3029 3384 οὐδέ
3055 3331 3156 3402 τῆς
3186 3332 3352 3403 εὐχῆς
3383 3332 3668 3403 γινομένης
3721 3333 3927 3403 μόνον,

2242 3415 2378 3469 ἀλλά
2431 3418 2527 3470 καὶ
2586 3418 2932 3486 εὐλογοῦντος
2989 3418 3083 3472 τοῦ
3146 3419 3356 3490 ἱερέως.
3398 3420 3461 3472 Ὢ
3503 3418 3605 3489 τῆς
3653 3420 3925 3492 τόλμηςί

2244 3504 2374 3556 πότε
2402 3503 2554 3558 ἔσται
2581 3506 2860 3576 σωτηρία;
2887 3505 3003 3569 πῶς
3030 3507 3369 3579 δυνησόμεθα
3393 3508 3484 3560 τὸν
3511 3506 3641 3560 Θεὸν
3673 3508 3920 3574 ἐξιλεὼ-

2247 3591 2467 3657 σασθαι;
2499 3595 2590 3656 Εἰς
2610 3593 2825 3647 παιδιάν
2842 3593 2907 3648 ἂν
2923 3594 3181 3666 ἀπέλθῃς,
3207 3595 3325 3666 ὄψει
3356 3596 3562 3658 πάντας
3590 3594 3928 3666 εὐρύθμους

2243 3673 2563 3745 χορεύοντας
2581 3715 2595 3739 ,
2626 3677 2719 3728 καὶ
2738 3675 2888 3729 οὐδὲν
2921 3676 3399 3747 παρημελημένον.
3436 3678 3522 3741 Ὠς
3548 3673 3642 3732 οῦν
3667 3678 3727 3730 ἐν
3757 3678 3931 3752 λύρᾳ

2245 3762 2598 3832 παναρμονίῳ
2639 3763 2732 3816 καὶ
2775 3763 3031 3825 ποικίλως
3053 3765 3429 3835 ἐσκευασμένη
3467 3765 3562 3835 μία
3595 3781 3678 3826 τις
3706 3765 3932 3837 εῦηχος

2245 3850 2530 3920 συμφωνία
2580 3850 2918 3904 ἀποτελεῖται
2952 3853 3014 3903 ἐκ
3054 3851 3154 3921 τῆς
3203 3851 3324 3905 καθ’
3367 3853 3594 3906 ἕκαστον
3651 3853 3933 3920 εὐταξίας

2243 3937 2349 3990 τῶν
2381 3938 2750 4008 συγκειμένων
2781 3954 2794 3968 ·
2820 3938 2962 3991 οὓτω
2999 3936 3062 4010 δὴ
3099 3939 3190 3991 καί
3213 3938 3443 3994 ἐνταῦθα
3476 3941 3604 4009 μίαν
3638 3939 3694 4004 ἐξ
3728 3942 3931 3994 ἀπάν-

2243 4043 2350 4078 των
2392 4023 2678 4094 σύμφωνον
2728 4025 2991 4095 ἁρμονίαν
3045 4025 3318 4096 προσῆκεν
3356 4026 3745 4080 ἀποτελεῖσθαι.
3790 4029 3928 4082 Μία

2243 4112 2350 4182 γὰρ
2387 4113 2688 4182 γεγόναμεν
2734 4111 3062 4182 Ἐκκλησία,
3117 4114 3243 4183 μιᾶς
3286 4113 3528 4182 κεφαλῆς
3573 4115 3926 4185 συναρμολο-

2243 4198 2483 4269 γούμενα
2519 4198 2651 4269 μέλη
2687 4199 2947 4269 τελοῦμεν
2970 4243 2985 4266 ,
3017 4199 3073 4253 ἓν
3115 4203 3165 4254 οἰ
3194 4203 3392 4264 πάντες
3420 4201 3762 4271 κατέστημεν
3798 4204 3925 4255 σῶ-

2247 4305 2322 4358 μα
2347 4287 2450 4340 ’ἂν
2479 4287 2723 4359 ἀμεληθῇ
2766 4288 2825 4341 τὸ
2867 4291 3063 4358 τυχὸν,
3107 4290 3167 4342 τὸ
3216 4290 3323 4342 πᾶν
3364 4288 3633 4359 ἠμέληται
3677 4290 3774 4342 καὶ
3838 4291 3934 4346 δια

2246 4373 2529 4446 έφθαρται.
2551 4375 2704 4428 υῦτω
2718 4378 2782 4446 τῇ
2801 4375 2908 4427 τῶν
2929 4375 3138 4428 πολλῶν
3165 4375 3432 4447 εὐταξίαὴ
3453 4375 3545 4429 τοῦ
3570 4377 3685 4440 ἐνὸς
3708 4378 3935 4445 ἀταξία

2243 4462 2581 4533 λυμαίνεται.
2616 4464 2727 4516 Καὶ
2754 4462 2813 4516 τὸ
2843 4463 2906 4532 δὴ
2935 4463 3167 4533 φοϐερὸν
3186 4506 3200 4529 ,
3237 4465 3317 4518 ὃτι
3356 4464 3591 4518 ἐνταῦθα
3619 4465 3740 4534 οὐχὶ
3785 4485 3935 4520 παι-

2241 4550 2358 4603 διὰν
2388 4551 2508 4603 οὐδὲ
2533 4550 2748 4620 χορείαν
2781 4549 2914 4621 ἔρχῃ
2944 4550 3237 4620 χορεύσων,
3267 4551 3361 4604 καὶ
3390 4552 3626 4621 ’ἕστηκας
3646 4552 3930 4619 ἄτακτος.

2244 4639 2358 4691 υύκ
2404 4635 2552 4700 οἶδας
2597 4639 2678 4690 ὅτι
2726 4638 2862 4707 μετά
2907 4637 3154 4704 ἀγγέλων
3207 4638 3478 4708 ἓστηκας;
3516 4638 3630 4709 μετ’
3676 4640 3938 4694 ἐκείνων

2243 4724 2388 4796 ᾄδεις
2413 4763 2428 4788 ,
2467 4725 2584 4795 μετ’
2619 4725 2840 4777 ἐκείνων
2870 4724 3060 4794 ὐμνεῖς
3081 4763 3095 4788 ,
3128 4725 3220 4778 καὶ
3263 4725 3499 4794 ἕστηκας
3541 4724 3749 4793 γελῶν;
3789 4728 3936 4784 ’Ὁτι

2242 4811 2351 4881 γὰρ
2381 4811 2620 4880 σκηπτὸς
2641 4811 2740 4862 οὐκ
2769 4811 3008 4878 ἀφίεται,
3034 4812 3133 4864 οὐκ
3159 4811 3244 4864 ἐπ’
3282 4813 3522 4877 ἐκείνους
3553 4812 3734 4881 μόνον,
3771 4813 3937 4870 ἀλλὰ

2244 4901 2335 4955 καί
2357 4901 2442 4969 ἐφ’
2471 4902 2648 4971 ήμᾶς,
2677 4901 2738 4952 οὐ
2763 4899 3107 4970 θαυμαστόν;
3138 4899 3261 4964 ἄξια
3289 4899 3396 4970 7&9
3437 4899 3678 4969 σκηπτοῦ
3709 4898 3932 4959 ταῦτα,

2244 4989 2511 5060 Πάρεστιν
2531 4991 2559 5041 ὁ
2586 4987 2854 5057 βασιλεὺς,
2885 4987 3078 5058 θεωρεῖ
3105 4986 3166 5040 τὸ
3197 4987 3561 5058 στρατόπεδον
3584 5004 3597 5016 °
3623 4988 3686 5039 σύ
3713 4988 3773 5040 δὲ
3810 4991 3937 5045 ὑπὸ

2241 5079 2359 5139 ταῖς
2389 5077 2610 5130 ἐκείνων
2649 5074 2834 5144 ὄψεσιν
2862 5075 3098 5144 ἕστηκας
3126 5076 3320 5144 γελῶν,
3353 5075 3385 5146 ἢ
3417 5077 3506 5129 τὸν
3539 5075 3792 5144 γελῶντα
3820 5096 3938 5131 πε-

2245 5159 2474 5228 ριορῶν;
2515 5158 2673 5209 Ἀλλά
2722 5157 2881 5230 μέχρι
2925 5158 3068 5221 τίνος
3114 5159 3484 5230 ἐγκαλοῦμενς
3542 5159 3705 5229 μέχρι
3764 5161 3937 5227 τίνος

2247 5245 2574 5315 μεμφόμεθα
2596 5262 2610 5309 ;
2634 5245 2710 5302 Οὐ
2737 5247 2845 5316 γάρ
2868 5244 2941 5308 ὡς
2966 5245 3268 5316 λυμεῶνας,
3304 5247 3363 5299 οὐ
3395 5246 3502 5317 7&9
3531 5247 3604 5308 ὠς
3634 5246 3890 5316 φθορέας
3917 5295 3930 5316 ,

2242 5335 2302 5385 οὐ
2335 5333 2442 5402 γὰρ
2471 5332 2545 5394 ὡς
2587 5332 2804 5396 ἐξώλεις
2835 5335 2927 5386 καὶ
2964 5334 3388 5404 διεφθαρμένους
3432 5335 3554 5397 τοὺς
3590 5335 3889 5401 τοιούτους
3915 5382 3931 5400 ,

2244 5421 2338 5474 καὶ
2368 5419 2578 5489 μυρίων
2606 5420 2874 5490 γέμοντας
2905 5421 3089 5474 κακῶν
3118 5421 3218 5490 τῆς
3263 5421 3586 5491 Ἐκκλησίας
3608 5423 3937 5479 ἀπελαύνε-

2245 5511 2367 5565 σθαι
2410 5509 2553 5571 ἔδεις
2609 5511 2744 5563 Πότε
2789 5505 2933 5563 οῦτοι
2983 5512 3257 5579 φείσονται
3301 5511 3554 5579 γέλωτος,
3595 5511 3644 5562 οἱ
3682 5512 3744 5563 ἐν
3792 5512 3936 5587 ὥρᾳ

2244 5597 2446 5670 φρίκης
2483 5596 2777 5666 γελῶντες;
2812 5597 2941 5651 πότε
2971 5599 3256 5667 ἀφέξονται
3285 5599 3550 5670 φλυαρίας
3572 5638 3585 5661 ,
3625 5599 3673 5651 οἰ
3716 5601 3777 5651 ἐν
3842 5607 3935 5674 τῷ

2245 5685 2423 5756 καιρῴ
2451 5685 2548 5754 τῆς
2577 5685 2825 5754 εὐλογίας
2851 5685 3216 5755 διαλεγόμενοι
3235 5702 3248 5751 ;
3267 5687 3326 5739 οὐ
3356 5688 3481 5749 τοὺς
3513 5686 3789 5757 παρόντας
3829 5695 3931 5743 αἰ-

2241 5771 2456 5826 δοῦνται
2482 5791 2495 5839 ;
2520 5773 2579 5824 οὐ
2603 5773 2711 5843 γὰρ
2738 5773 2828 5826 τὸν
2849 5772 2979 5826 Θεὸν
2999 5773 3325 5837 δεδοίκασιν;
3359 5773 3419 5826 οὐ
3451 5773 3748 5845 γὰροάρκεῖ
3773 5778 3807 5846 ἡ
3823 5783 3932 5847 μῖν

2303 5876 2331 5916 ἆ
2364 5878 2460 5926 Alii
2497 5879 2672 5933 πάντας
2706 5880 2818 5935 ἕξεις

2904 5891 2927 5919 ε
2953 5877 3044 5934 Ἰίς
3075 5877 3160 5928 τοῦ
3203 5879 3577 5941 ἐπιτεταγμένον,
3607 5881 3679 5928 sic
3704 5883 3928 5942 quidam

2254 5949 2308 5990 et
2351 5939 2572 5989 Savilius.
