3978 6470
171 396 263 452 189

169 509 336 562 nullus
378 504 581 561 tremit.
630 502 688 560 Si
736 509 912 558 autem
963 516 1070 556 non
1113 500 1357 565 creditis,
1403 500 1725 568 interrogate

165 599 380 671 gentiles
409 598 500 668 qui
527 604 951 666 persequuntur,
979 593 1313 663 quandonam
1357 605 1445 644 res
1471 590 1730 644 Christia-

166 704 346 743 norum
394 689 696 742 accuratius
744 693 1076 754 gererentur,
1109 682 1444 751 quandonam
1475 680 1733 733 clariores

166 781 452 834 illiessent.
480 777 631 834 Tunc
659 776 940 846 pauciores
965 790 1186 829 numero
1211 782 1380 834 erant.
1409 771 1502 827 sed
1531 787 1733 841 magna:

165 880 310 926 erant
341 870 598 924 virtutum
625 867 842 922 divitiae.
873 866 1009 934 Qure.
1030 865 1247 928 utilitas,
1272 879 1475 933 quaeso,
1511 862 1732 916 multum

164 977 276 1017 esse
301 959 528 1027 fatuum,
551 957 676 1013 dum
698 957 950 1028 possibile
971 969 1053 1010 eSt
1073 955 1276 1025 lapides
1297 955 1560 1024 pretiosos
1581 952 1734 1007 ades-

163 1053 255 1108 se?
280 1051 402 1107 Non
433 1051 488 1105 in
516 1049 873 1115 multitudine,
903 1048 997 1104 sed
1025 1049 1075 1100 in
1107 1043 1315 1102 virtutis
1340 1045 1628 1114 splendore
1653 1055 1735 1100 to-

165 1153 268 1197 tum
291 1143 611 1196 aestimatur.
633 1140 776 1195 Elias
803 1154 938 1193 unus
969 1148 1103 1204 erat,
1127 1139 1218 1193 sed
1246 1136 1474 1192 mundus
1495 1152 1598 1190 non
1621 1145 1736 1190 erat

163 1231 248 1286 illo
271 1231 488 1300 dignus.
516 1229 674 1300 Atqui
697 1229 930 1283 mundus
957 1229 1121 1282 millia
1148 1228 1314 1281 multa
1337 1227 1733 1296 complectitur;

160 1323 248 1377 sed
276 1322 444 1376 millia
471 1336 577 1375 non
618 1329 778 1385 sunt,
805 1319 1018 1389 quando
1050 1333 1223 1388 neque
1253 1318 1342 1373 uni
1369 1329 1732 1388 coasquantur.

162 1414 345 1467 Melior
392 1431 524 1466 unus
566 1413 758 1480 faciens
801 1412 1107 1465 voluntatem
1153 1410 1390 1475 Domini,
1417 1427 1568 1480 quam
1599 1409 1738 1464 mille

161 1509 316 1576 iniqui
339 1492 530 1576 (Ereti.
556 1506 642 1560 l6.
676 1506 754 1578 ὃ).
781 1505 894 1559 Hoc
920 1499 1131 1574 sapiens
1156 1504 1369 1573 quidam
1396 1503 1736 1558 subindicans

163 1598 284 1651 dicit
319 1613 334 1650 :
375 1595 460 1651 Ne
498 1597 745 1651 desideres
790 1596 1159 1649 multitudinem
1205 1596 1428 1664 ﬁliorum
1479 1595 1736 1648 inutilium

161 1686 323 1755 (Ibid.
367 1705 417 1742 υ.
463 1688 537 1758 1).
572 1688 633 1741 lli
667 1690 833 1758 magis
863 1687 1241 1756 blasphemiam
1272 1687 1326 1739 in
1359 1686 1523 1740 Deum
1554 1685 1736 1740 conci-

163 1792 273 1835 tant
293 1823 308 1847 ,
341 1797 502 1851 quam
535 1782 578 1835 si
600 1781 887 1844 Christiani
921 1795 1024 1833 non
1056 1787 1256 1836 essent.
1283 1778 1420 1845 Quid
1445 1778 1575 1832 mihi
1605 1792 1737 1847 opus

161 1884 239 1928 est
267 1873 652 1928 multitudine?
678 1873 1000 1927 Alimentutn
1025 1871 1254 1941 amplius
1294 1871 1420 1940 igni.
1451 1870 1561 1924 Hoc
1595 1881 1647 1924 et
1671 1886 1737 1924 ex

162 1981 386 2034 corpore
407 1963 722 2034 cognoveris
747 1982 761 2018 :
791 1963 980 2018 melior
999 1963 1194 2032 quippe
1216 1971 1297 2016 est
1315 1963 1465 2016 cibus
1491 1961 1737 2015 modera-

163 2067 244 2112 tus
267 2073 394 2112 cum
443 2057 702 2122 snnitate,
735 2071 894 2125 quam
939 2054 1146 2110 delicia:
1172 2069 1291 2108 cum
1334 2055 1595 2116 molestia.
1619 2053 1739 2118 Jloc

164 2150 478 2203 alimentum
495 2149 586 2201 illo
604 2147 831 2217 amplius
859 2162 873 2199 :
903 2145 1006 2200 hoc
1021 2145 1352 2210 alimentum,
1370 2144 1500 2199 illud
1525 2145 1741 2198 morbus

165 2250 264 2296 est.
290 2240 419 2294 Haec
442 2240 560 2295 etin
580 2239 720 2294 bello
739 2239 855 2308 quis
883 2237 1109 2292 viderit:
1135 2237 1383 2292 meliores
1411 2251 1530 2292 esse
1555 2237 1740 2290 decem

170 2332 312 2385 viros
324 2341 574 2385 strenuos
598 2339 653 2385 et
675 2330 801 2384 belli
827 2331 1044 2399 peritos,
1065 2344 1221 2398 quam
1241 2330 1548 2382 innumeros
1569 2327 1739 2398 impc-

166 2422 321 2476 ritos.
347 2421 412 2476 Hi
440 2429 790 2492 praeterquam
814 2419 957 2490 quod
987 2420 1119 2474 nihil
1149 2429 1456 2488 operantur,
1486 2420 1620 2474 alios
1651 2420 1740 2489 qui

168 2523 478 2582 operantur,
492 2512 926 2583 impediuntJloc
940 2522 994 2568 et
1009 2515 1059 2567 in
1077 2514 1197 2568 navi
1213 2514 1330 2582 quis
1348 2514 1743 2572 invenerit.me-

169 2604 328 2658 liores
345 2618 468 2658 esse
487 2615 676 2658 nautas
695 2603 828 2658 duos
852 2605 1068 2674 peritos,
1092 2620 1250 2674 quam
1271 2619 1512 2674 magnam
1536 2605 1743 2674 imperi-

172 2705 341 2748 torum
360 2697 571 2749 turbam
601 2712 615 2748 :
647 2694 699 2748 hi
732 2710 960 2765 namque
986 2697 1158 2748 navim
1186 2697 1347 2749 etiam
1376 2695 1739 2765 subtnergent.

234 2787 289 2840 ι.
323 2786 450 2839 [hec
472 2787 614 2850 dico,
647 2803 751 2840 non
774 2785 915 2854 quod
946 2785 1336 2840 multitudinem
1366 2795 1594 2838 vestram
1617 2785 1744 2838 ode-

175 2877 288 2939 rim,
320 2875 416 2930 sed
447 2875 588 2945 quod
619 2876 779 2930 velim
810 2891 997 2930 omnes
1023 2891 1144 2929 esse
1171 2876 1444 2944 probatos,
1476 2890 1574 2930 nec
1604 2877 1741 2928 tnui-

182 2969 377 3021 titudiui
427 2968 612 3022 ﬁdere.
659 2967 824 3021 Multo
853 2967 1029 3037 plures
1058 2977 1181 3021 sunt
1207 3009 1221 3032 ,
1249 2969 1336 3037 qui
1370 2968 1421 3020 in
1447 2966 1743 3036 gehennam

186 3061 443 3124 incidunt;
471 3060 568 3114 sed
598 3061 768 3128 majus
791 3060 879 3114 illa
910 3070 991 3116 est
1017 3076 1264 3130 regnum,
1293 3062 1392 3114 etsi
1426 3075 1620 3129 paucos
1649 3060 1742 3113 ha-

195 3150 322 3204 beat.
356 3151 503 3206 Sicut
531 3167 692 3205 arena
736 3153 898 3205 maris
924 3161 1039 3205 erat
1077 3151 1364 3205 multitudo
1409 3151 1620 3221 populi;
1651 3151 1742 3205 sed

197 3257 318 3296 unus
337 3244 560 3296 servavit
587 3258 700 3298 eos.
735 3243 880 3298 Unus
909 3253 1025 3298 erat
1045 3243 1274 3312 Moyses,
1310 3241 1403 3297 sed
1437 3243 1556 3311 plus
1587 3258 1742 3312 quam

190 3350 356 3390 omnes
383 3336 555 3404 potuit
584 3351 597 3387 :
624 3350 760 3389 unus
781 3345 898 3390 erat
924 3334 1099 3398 Jesus,
1130 3335 1224 3389 sed
1257 3335 1373 3404 plus
1398 3335 1569 3403 potuit
1590 3349 1744 3404 quam

181 3440 422 3487 sexcenta
454 3429 639 3482 millia.
686 3428 802 3482 Non
831 3427 932 3483 hoc
971 3428 1142 3483 solum
1186 3442 1467 3491 curemus,
1498 3436 1554 3480 ut
1599 3428 1744 3480 multi

176 3523 293 3582 sint,
315 3522 412 3576 sed
441 3530 496 3576 et
523 3522 686 3590 magis
711 3562 727 3583 ,
762 3532 817 3575 ut
854 3522 958 3575 sitit
989 3521 1227 3590 praeclari
1255 3538 1268 3572 :
1297 3536 1416 3574 cum
1447 3519 1550 3574 hoc
1575 3519 1747 3589 perfe-

172 3625 310 3667 ctum
337 3613 522 3677 fuerit,
545 3623 666 3667 tunc
697 3613 826 3668 illud
846 3614 958 3666 ﬁet.
989 3612 1156 3666 Nemo
1183 3611 1398 3666 domum
1426 3612 1604 3664 statim
1627 3626 1750 3678 spa-

172 3705 362 3758 tiosam
393 3706 510 3757 vult
550 3701 755 3766 facere,
789 3703 883 3757 sed
915 3704 1084 3772 primo
1117 3705 1322 3755 ﬁrmam
1349 3713 1402 3754 et
1434 3701 1747 3770 probatam,

167 3797 363 3850 deinde
394 3797 685 3864 spatiosatn
723 3812 738 3848 :
769 3809 927 3847 nemo
967 3793 1304 3847 fundamenta
1330 3793 1455 3862 jacit
1478 3834 1494 3858 ,
1529 3802 1584 3844 ut
1612 3792 1752 3845 deri-

167 3887 380 3941 deatur.
417 3887 650 3940 Primum
683 3885 784 3940 hoc
809 3899 1113 3953 quairamns
1133 3925 1146 3948 ,
1179 3883 1370 3937 deinde
1401 3883 1547 3936 illud.
1574 3883 1682 3935 lloc
1706 3882 1750 3935 si

166 3979 236 4031 sit
263 3975 429 4033 facile
449 3986 504 4031 et
527 3976 655 4030 illud
681 3975 852 4030 aderit
882 3993 894 4027 :
925 3975 1053 4028 illud
1081 3983 1256 4028 autem
1280 3974 1325 4028 si
1349 3989 1452 4026 non
1473 3973 1626 4035 adsit,
1657 3973 1754 4025 ltu-

163 4067 251 4135 jus
277 4069 448 4122 etiam
469 4068 513 4122 si
539 4068 627 4131 sit,
653 4067 792 4121 nulla
825 4068 1044 4120 utilitas.
1077 4065 1207 4120 Nam
1234 4065 1280 4119 si
1309 4066 1360 4119 in
1393 4066 1624 4120 Ecclesia
1647 4067 1754 4118 sint

163 4160 260 4227 qui
288 4159 424 4213 clari
454 4173 575 4212 esse
605 4157 835 4227 possint,
868 4158 974 4210 cito
1009 4157 1112 4211 erit
1155 4164 1208 4211 et
1259 4156 1542 4211 multitudo
1572 4175 1584 4210 :
1616 4157 1665 4208 hi
1708 4157 1752 4208 si

166 4267 273 4303 non
296 4240 433 4313 sint,
462 4265 746 4317 numquam
777 4251 878 4303 erit
901 4250 1041 4303 clara
1061 4249 1362 4304 multitudo.

240 4338 371 4392 Non
400 4349 544 4408 putat
575 4339 958 4408 Chrysoatomus
988 4355 1049 4392 ex
1098 4340 1266 4393 multis
1307 4338 1529 4392 millibus
1556 4347 1755 4392 centum

157 4434 336 4489 salvos
354 4433 468 4500 fore
482 4439 545 4484 de
565 4432 752 4500 papula
766 4433 1098 4497 suo.——Qttot
1119 4432 1312 4498 putatis
1335 4433 1385 4485 in
1419 4432 1547 4486 urbe
1578 4441 1755 4484 nostra

158 4540 321 4591 esse,
363 4525 460 4594 qui
507 4526 732 4579 salutem
771 4525 1192 4592 consequentur?
1232 4524 1508 4578 Molestum
1541 4524 1754 4592 quidem

157 4632 264 4682 est,
295 4616 450 4686 quod
477 4617 715 4670 dicturus
745 4630 884 4678 sunt,
915 4616 1087 4671 dicam
1112 4627 1310 4669 tamen.
1334 4616 1390 4669 In
1423 4627 1499 4670 tot
1528 4616 1758 4671 millibus

157 4725 271 4762 non
306 4719 446 4761 sunt
465 4716 682 4761 centum
703 4747 719 4773 ,
746 4707 832 4775 qui
865 4706 1087 4760 salutem
1117 4715 1545 4775 consequantur;
1578 4709 1668 4760 sed
1693 4708 1760 4760 de

156 4802 272 4855 illis
303 4801 477 4854 etiam
508 4799 722 4853 dubito.
741 4801 968 4863 Quanta,
1001 4814 1202 4868 quaeso,
1231 4801 1464 4868 nequitia
1493 4801 1544 4852 in
1576 4801 1758 4853 adole-

157 4891 454 4944 scentibus
473 4930 488 4955 ,
509 4899 706 4958 quanta
731 4889 928 4943 desidia
959 4891 1009 4943 in
1039 4891 1379 4944 senioribus?
1407 4891 1574 4944 Nemo
1602 4908 1759 4960 quam

156 4990 455 5050 apol-teret
495 4979 757 5034 educandi
791 4980 883 5033 lilii
931 4995 1115 5034 curam
1168 4982 1364 5034 habet:
1391 4997 1548 5035 nemo
1579 4996 1761 5034 senem

156 5075 365 5128 videns
383 5115 397 5135 ,
436 5072 586 5125 illum
618 5073 807 5126 imitari
841 5073 1036 5126 studet.
1063 5072 1316 5141 Exempla
1344 5073 1411 5126 de
1439 5073 1612 5126 medio
1637 5074 1763 5125 Sub-

156 5165 266 5217 lata
319 5162 717 5216 suntzidcirco
764 5179 863 5216 nec
901 5163 1123 5232 juvenes
1156 5163 1288 5216 ﬁunt
1334 5162 1651 5216 admirandi.
1691 5163 1766 5216 Ne

159 5259 299 5309 mihi
335 5257 494 5309 dicas
516 5296 530 5317 ,
561 5254 722 5308 Multa
749 5255 1021 5309 hominum
1050 5255 1198 5308 turba
1231 5271 1437 5309 sumus.
1471 5255 1582 5309 iloc
1616 5256 1765 5324 frigi-

155 5348 368 5400 dorum
405 5346 682 5403 hominum
713 5353 795 5398 est
818 5361 831 5395 :
857 5344 908 5397 id
937 5343 1005 5398 de
1051 5345 1356 5398 hominibus
1388 5347 1580 5398 merito
1619 5346 1766 5399 dica-

162 5446 286 5498 tur,
320 5438 400 5489 de
436 5435 545 5487 Deo
571 5445 782 5496 autem,
813 5435 901 5502 qui
946 5450 1050 5486 non
1082 5449 1216 5502 opus
1253 5435 1413 5489 habet
1440 5435 1593 5490 nobis
1615 5477 1627 5498 ,
1663 5454 1766 5490 non

161 5532 322 5583 item.
354 5528 516 5591 Quod
545 5539 724 5578 autem
746 5525 904 5578 etiam
927 5526 991 5578 de
1018 5525 1122 5579 illis
1147 5526 1394 5594 frigidum
1422 5527 1492 5580 sit
1521 5527 1766 5592 verbum,

161 5621 316 5672 audi.
357 5617 468 5684 Qui
515 5617 714 5685 multos
761 5615 921 5669 habet
945 5615 1302 5679 domesticos,
1350 5619 1392 5671 si
1437 5619 1510 5671 ill-i
1543 5618 1770 5687 improbi

160 5722 294 5774 sunt,
329 5717 475 5778 quot
503 5708 641 5760 mala
671 5707 938 5776 patietur?
971 5705 1068 5770 Ei,
1101 5709 1188 5776 qui
1221 5707 1424 5761 nullum
1458 5711 1635 5772 habet,
1669 5709 1770 5762 hoc

161 5806 396 5860 videtur
421 5815 583 5871 grave
610 5841 625 5868 ,
649 5812 787 5870 quod
819 5816 924 5854 non
967 5802 1224 5854 serviatur
1251 5820 1262 5855 :
1289 5803 1332 5856 is
1363 5818 1487 5856 vero
1507 5842 1522 5860 .
1551 5803 1636 5872 qui
1668 5803 1766 5856 im-

1073 387 1138 443 IN
1174 386 1351 442 ACTA
1395 384 1908 441 AI’OSTOLORUM.
1935 347 2167 441 llOMlL.
2205 387 2392 443 XXIV.

3314 389 3416 445 {90

1841 499 2036 566 probos
2063 493 2218 553 habet
2250 499 2492 568 famulos,
2516 515 2638 556 cum
2668 499 2774 556 illis
2798 501 2834 554 it
2865 501 2914 555 in
2945 501 3232 570 perniciem
3254 519 3269 567 ;
3294 519 3412 555 ma-

1833 591 2026 660 jusque
2047 601 2128 645 est
2153 591 2427 648 damnum.
2449 591 2675 648 Gravius
2705 593 2902 662 quippe
2932 603 3013 647 est
3039 595 3156 646 aliis
3180 609 3415 662 pugnare
3486 581 3492 587 ’

1838 691 1894 737 et
1919 682 2216 750 decertare,
2247 701 2407 754 quam
2431 685 2529 738 sibi
2560 685 2658 755 ipsi
2687 686 2907 741 servire.
2943 686 3068 741 Haec
3091 687 3232 753 dico,
3264 698 3319 739 ut
3349 704 3414 740 ne

1838 774 1957 843 quis
1983 774 2274 829 Ecclesiam
2297 776 2588 830 admiretur
2616 786 2830 846 propter
2859 777 3248 832 multitudinem
3275 819 3288 841 ,
3317 779 3412 832 sed

1839 872 1896 917 ut
1921 879 2172 919 curemus
2216 865 2358 920 illam
2404 868 2799 924 multitudinem
2848 868 3045 924 claram
3072 869 3327 926 efﬁcere:
3356 881 3414 925 ut

1840 955 2200 1025 unusquisque
2229 972 2378 1011 suam
2405 969 2554 1012 curet
2583 969 2808 1028 partem,
2843 971 3024 1015 utnon
3056 963 3275 1026 amicos,
3305 979 3419 1018 non

1839 1055 2116 1116 cognatos,
2147 1057 2205 1101 ut
2229 1062 2446 1115 semper
2470 1060 2676 1118 repeto,
2704 1066 2809 1106 non
2837 1051 3040 1106 vicinos
3072 1061 3298 1117 tantum,
3317 1055 3411 1109 sed

1841 1138 2000 1193 etiam
2032 1149 2322 1193 extraneos
2346 1139 2636 1207 pertrahat.
2668 1142 2906 1212 Exempli
2933 1159 3112 1211 causa,
3137 1145 3196 1199 ﬁt
3220 1148 3412 1208 oratio;

1835 1225 2014 1295 jacent
2060 1228 2230 1299 frigidi
2272 1245 2458 1283 onmes
2500 1230 2724 1299 juvenes
2761 1241 2814 1287 et
2843 1249 3035 1301 senes,
3063 1250 3412 1306 purgamenta

1840 1323 2009 1390 magis
2028 1336 2184 1390 quam
2212 1322 2454 1390 juvenes,
2489 1323 2638 1388 risui,
2663 1324 2957 1389 cachinnis,
2991 1327 3182 1383 fabulis
3201 1331 3412 1384 ineunt-

1840 1412 2061 1477 bentes;
2095 1415 2196 1469 hoc
2208 1417 2350 1468 enim
2366 1431 2465 1485 ego
2481 1416 2657 1469 audivi
2676 1435 2688 1478 ;
2709 1427 2762 1470 et
2788 1418 3011 1486 genibus
3041 1420 3148 1474 nisi
3177 1422 3312 1475 alios
3332 1423 3414 1475 di-

1840 1507 2021 1560 cteriis
2043 1507 2357 1577 impetentes
2381 1526 2394 1562 :
2419 1520 2471 1562 tu
2501 1510 2588 1579 qui
2611 1509 2757 1574 ades,
2783 1511 2994 1578 juvenis
3015 1523 3105 1566 aut
3124 1529 3309 1577 senex,
3335 1515 3413 1568 in-

1840 1611 1995 1664 crepa
2023 1598 2067 1650 si
2100 1598 2298 1662 videas,
2324 1599 2692 1654 vehementius
2722 1602 2949 1662 incesse,
2975 1611 3030 1656 et
3057 1604 3100 1655 si
3124 1619 3227 1656 non
3262 1606 3412 1665 ferat,

1841 1688 2120 1742 diaconum
2153 1706 2313 1756 voca,
2360 1691 2594 1754 minare,
2627 1710 2741 1760 ιμιίιξ
2775 1708 2937 1761 penes
2964 1702 3015 1748 te
3043 1705 3166 1748 sunt
3213 1697 3366 1751 facito
3399 1717 3413 1751 ;

1845 1790 1900 1833 et
1929 1781 1972 1832 si
1999 1780 2125 1849 quid
2173 1782 2366 1836 audeat
2407 1793 2591 1837 contra
2641 1794 2690 1837 te
2738 1784 2944 1847 facere.
2976 1787 3172 1842 multos
3202 1787 3432 1843 habebis

1842 1869 2133 1937 adjutores.
2157 1871 2287 1936 Quis
2318 1873 2459 1926 enim
2493 1874 2561 1926 ita
2597 1875 2978 1929 irrationabilis
3005 1887 3109 1944 est,
3140 1878 3227 1946 qui
3261 1889 3310 1932 te
3344 1881 3417 1930 vi-

1842 1959 1975 2014 dens
2006 1961 2124 2015 illos
2153 1962 2220 2016 de
2247 1977 2308 2016 ea
2355 1978 2412 2017 re
2441 1963 2810 2033 objurgantem
2830 2008 2842 2026 ,
2877 1983 2980 2019 nun
3025 1976 3132 2021 stet
3163 1969 3214 2022 in
3264 1979 3417 2038 parte

1843 2051 1966 2103 tua?
1994 2051 2216 2106 Discede
2245 2063 2454 2122 sumpta
2485 2057 2657 2123 procis
2705 2058 2974 2111 mercede.
3024 2057 3077 2111 In
3105 2058 3218 2112 aede
3238 2059 3414 2114 domi-

1845 2143 1960 2195 nica
1991 2142 2090 2196 hos
2117 2158 2302 2198 servos
2331 2145 2450 2197 aliis
2483 2145 2946 2201 benevolentiores
2970 2147 3290 2216 judicamus,
3325 2154 3410 2218 qui

1846 2234 2045 2286 nullum
2079 2249 2173 2288 vas
2204 2245 2354 2289 extra
2406 2235 2647 2290 ordinem
2686 2235 2866 2305 jacere
2893 2237 3094 2291 sinunt.
3126 2237 3179 2292 Si
3207 2235 3418 2294 videres

1845 2323 1896 2376 in
1942 2324 2101 2378 domo
2149 2339 2244 2379 vas
2287 2333 2598 2393 argenteum
2649 2334 2850 2380 temere
2899 2326 3039 2380 foras
3087 2327 3412 2397 projectum,

1846 2414 2054 2468 etiamsi
2086 2430 2192 2468 non
2215 2429 2363 2470 esses
2388 2416 2455 2470 ad
2483 2415 2586 2470 hoc
2615 2416 2895 2485 deputatus
2915 2459 2929 2482 ,
2963 2433 3138 2472 annon
3170 2419 3298 2473 illud
3326 2421 3419 2473 do-

1845 2520 1988 2558 mum
2017 2504 2288 2560 referres?
2329 2506 2373 2560 si
2423 2507 2798 2562 vestimentum
2849 2507 3176 2577 projectum,
3233 2511 3416 2564 etiam-

1845 2597 1888 2649 si
1916 2611 2096 2650 curam
2124 2597 2240 2666 ejus
2279 2613 2384 2652 non
2431 2612 2678 2668 gereres,
2713 2600 2921 2653 etiamsi
2966 2615 3088 2678 eum
3115 2641 3130 2665 ,
3177 2602 3260 2656 cui
3291 2617 3416 2656 cura

1845 2693 2150 2756 conunissa,
2180 2691 2302 2745 odio
2337 2691 2593 2756 haberes,
2623 2706 2796 2745 annon
2829 2692 2896 2747 ob
2924 2691 3342 2748 benevolentiam
3366 2696 3420 2746 in

1845 2782 2119 2838 dominum
2150 2783 2279 2837 illud
2305 2793 2428 2852 apte
2451 2783 2775 2839 reduceres?
2793 2784 2867 2837 Ita
2889 2792 2942 2838 et
2964 2799 3121 2839 nunc.
3149 2783 3274 2839 Haec
3295 2800 3418 2840 vasa

1847 2883 1971 2929 sunt
2002 2893 2014 2928 :
2042 2875 2087 2928 si
2115 2874 2298 2929 videas
2321 2874 2407 2928 illa
2432 2875 2781 2943 incomposite
2796 2876 3047 2944 jacentia,
3077 2876 3309 2930 reducin
3337 2893 3422 2932 or-

1847 2966 2023 3020 dinent
2055 2983 2069 3019 :
2093 2965 2290 3021 accede
2313 2966 2379 3019 ad
2407 2981 2514 3032 me,
2538 2982 2644 3021 non
2673 2981 2861 3020 recuso
2887 2984 2900 3018 :
2923 2965 3008 3020 die
3033 2965 3160 3021 mihi
3185 3007 3200 3033 ,
3233 2969 3314 3022 fac
3337 2983 3422 3021 me

1847 3056 2130 3110 certiorem
2158 3071 2300 3110 :non
2330 3071 2547 3125 possum
2571 3058 2748 3110 omnia
2778 3057 2991 3118 videre;
3027 3058 3304 3127 ignoscite.
3334 3059 3417 3113 Vi-

1848 3145 1969 3201 dete
1987 3186 2004 3210 ,
2023 3154 2218 3215 quanta
2247 3145 2482 3215 nequitia
2503 3146 2686 3200 urbem
2714 3156 2958 3216 occupat.
2981 3146 3111 3200 Num
3130 3149 3245 3203 sine
3264 3165 3421 3203 causa

1849 3237 2089 3293 dicebam
2111 3280 2127 3304 ,
2174 3253 2274 3293 nos
2300 3253 2420 3294 esse
2447 3253 2702 3293 acervum
2734 3238 2892 3306 fmui,
2924 3254 3070 3294 mare
3114 3241 3428 3310 incomposi-

1852 3330 1992 3383 tum?
2021 3328 2136 3383 Non
2163 3329 2284 3385 dico
2321 3329 2440 3384 illos
2471 3329 2591 3382 talia
2625 3329 2822 3393 facere,
2855 3329 2948 3384 sed
2975 3340 3119 3384 tanta
3146 3331 3426 3386 oscitantia

1850 3422 2112 3477 intrantes
2154 3423 2399 3477 laborare
2423 3463 2438 3486 ,
2482 3432 2541 3476 ut
2579 3421 2694 3476 hazc
2735 3436 2844 3477 non
2870 3421 3158 3492 corrigam.
3193 3423 3434 3478 Rursum-

1850 3513 1987 3569 alios
2017 3513 2173 3569 video
2193 3554 2209 3580 ,
2236 3513 2606 3582 colloquentes
2649 3522 2794 3568 stare
2817 3511 2944 3568 dum
2972 3511 3031 3566 ﬁt
3056 3514 3263 3568 oratio:
3290 3514 3425 3570 alios

1852 3609 2204 3664 modestiores
2231 3607 2472 3674 scilicet,
2511 3623 2617 3662 non
2649 3608 2810 3662 modo
2837 3608 2962 3663 dum
3001 3608 3062 3662 ﬁt
3085 3608 3291 3670 oratio,
3321 3607 3417 3662 sed

1854 3699 2012 3754 etiam
2033 3699 2157 3754 dum
2178 3699 2430 3754 sacerdos
2463 3700 2748 3754 benedicit.
2775 3699 2820 3754 Ο
2842 3698 3146 3755 audaciam!
3177 3700 3433 3766 Quando-

1855 3805 1978 3844 nam
2004 3791 2106 3846 erit
2132 3790 2315 3844 salus?
2339 3790 2606 3860 quomodo
2635 3791 2929 3859 poterimus
2977 3792 3141 3846 Deum
3172 3793 3430 3860 placare?

1855 3881 1911 3934 Si
1955 3879 2023 3934 ad
2067 3880 2248 3935 ludum
2293 3881 2494 3945 abeas,
2539 3880 2742 3936 videbis
2776 3895 2962 3935 omnes
3004 3881 3264 3935 concinne
3291 3881 3425 3934 cho-

1858 3983 1977 4024 reas
2002 3978 2236 4040 agentes,
2263 3970 2500 4040 nihilque
2523 3972 2737 4041 negligi.
2760 3971 2906 4027 Sicut
2923 3987 3050 4042 ergo
3072 3973 3122 4026 itt
3150 3972 3262 4042 lyra
3283 3974 3436 4027 varie

1857 4071 1912 4116 et
1939 4071 2083 4118 recte
2111 4063 2403 4132 composita
2433 4073 2553 4132 apta
2585 4063 2827 4134 quaedam
2852 4066 3167 4135 symphonia
3194 4080 3259 4118 ex
3286 4065 3426 4119 bono

1860 4155 2046 4210 ordine
2072 4155 2298 4210 efﬁcitur
2327 4173 2341 4210 :
2375 4157 2445 4211 ita
2476 4166 2528 4210 et
2571 4158 2656 4212 hic
2687 4172 2843 4210 unam
2888 4157 3124 4210 omnium
3157 4165 3212 4211 et
3237 4171 3434 4212 conso-

1861 4264 1982 4303 nam
2031 4248 2360 4303 harmoniam
2403 4247 2545 4303 efﬁci
2589 4265 2684 4319 par
2723 4258 2887 4304 esset.
2923 4248 3037 4304 Una
3069 4249 3208 4303 enim
3249 4265 3435 4304 sumus

1862 4339 2140 4404 Ecclesia,
2187 4340 2344 4393 unius
2395 4339 2584 4408 capitis
2633 4340 2872 4394 membra
2925 4339 3177 4394 decenter
3219 4349 3430 4408 aptata;

1861 4444 2024 4483 unum
2055 4444 2238 4483 sumus
2264 4444 2452 4484 omnes
2477 4444 2671 4499 corpus
2704 4448 2717 4485 :
2747 4431 2790 4484 si
2828 4430 2953 4500 quid
2996 4431 3292 4500 neglectum
3322 4433 3438 4484 tue-

1861 4521 1949 4583 rit,
1985 4529 2151 4573 totum
2179 4519 2481 4589 neglectum
2505 4529 2559 4574 et
2584 4530 2889 4591 corruplum
2917 4522 3037 4576 erit.
3065 4522 3136 4575 Ita
3162 4530 3214 4575 et
3241 4523 3435 4576 multo-

1865 4626 1982 4664 rum
2033 4620 2239 4665 rectum
2288 4611 2530 4666 ordinem
2571 4615 2729 4668 unius
2773 4613 3094 4668 inordinatio
3138 4613 3437 4668 labefactat.

1865 4702 2122 4771 Quodque
2150 4703 2386 4757 terribile
2410 4715 2523 4769 est,
2560 4719 2667 4758 non
2714 4703 2817 4758 huc
2843 4704 2910 4758 ad
2943 4703 3121 4758 lttdum
3147 4704 3432 4758 choream-

1866 4813 1971 4866 que
2010 4799 2297 4853 saltaturus
2322 4801 2472 4854 venis
2492 4841 2506 4864 ,
2531 4810 2586 4856 et
2616 4801 2998 4870 incompositus
3027 4809 3159 4855 stas.
3182 4801 3363 4855 Nescis
3391 4812 3442 4856 te

1868 4905 1988 4944 cum
2016 4893 2221 4962 angelis
2249 4895 2432 4948 stare?
2457 4895 2588 4949 Cum
2637 4896 2743 4950 illis
2784 4906 2967 4950 cantas
2998 4895 3327 4966 hymnosque
3352 4911 3443 4949 ce-

1869 4981 2079 5049 lebras,
2109 4992 2162 5037 et
2187 4992 2297 5038 stas
2343 4985 2559 5039 ridens?
2586 4987 2776 5039 Annon
2804 4985 2997 5038 mirum
3029 4996 3110 5039 est
3131 5025 3146 5048 ,
3179 4984 3318 5055 quod
3345 4985 3446 5038 ful-

1871 5088 1992 5128 men
2023 5089 2127 5128 non
2160 5074 2475 5129 immittatur
2501 5117 2516 5141 ,
2548 5092 2653 5130 non
2683 5077 2734 5128 in
2766 5076 2886 5131 illos
2915 5085 3116 5130 tantum
3137 5118 3152 5140 ,
3198 5076 3292 5131 sed
3314 5088 3367 5131 et
3393 5077 3447 5130 in

1872 5179 1970 5217 nos
1995 5166 2225 5219 omnes?
2253 5165 2369 5220 haec
2397 5165 2593 5234 quippe
2638 5165 2858 5220 fulmine
2899 5167 3059 5236 digna
3107 5175 3249 5221 sunt.
3281 5166 3448 5220 Adest

1873 5271 2002 5323 rex,
2034 5257 2179 5311 videt
2227 5257 2558 5320 exercitum;
2603 5265 2659 5310 tu
2699 5271 2830 5312 vero
2866 5257 2972 5312 illis
3000 5257 3300 5312 videntibus
3342 5267 3450 5312 stas

1873 5346 2052 5401 ridens
2075 5388 2090 5412 ,
2122 5347 2204 5401 vel
2233 5346 2500 5402 ridentem
2533 5347 2802 5418 negligis?
2830 5349 2934 5403 Sed
2962 5364 3242 5418 quousque
3272 5349 3449 5402 incre-

1876 5437 2097 5506 pamus?
2127 5451 2400 5506 quousque
2427 5438 2912 5507 reprehendimus?
2943 5441 3134 5493 Annon
3163 5447 3221 5491 ut
3246 5447 3446 5507 pestes.

1875 5544 2053 5582 annon
2083 5538 2139 5582 ut
2165 5538 2506 5598 corruptores
2527 5571 2544 5597 ,
2588 5546 2765 5586 annon
2792 5540 2850 5584 ut
2874 5538 3156 5600 corruptos
3193 5536 3250 5584 et
3273 5528 3453 5598 perni-

1875 5621 2052 5673 ciosos
2082 5621 2383 5688 hujusmodi
2411 5623 2672 5688 homines,
2703 5622 3100 5692 innumerisque
3136 5620 3293 5674 malis
3329 5634 3455 5673 unn-

1877 5722 1990 5766 6105
2018 5713 2085 5766 ab
2115 5713 2346 5768 Ecclesia
2394 5716 2515 5784 pelli
2546 5715 2916 5786 oportuisset?
2939 5709 3295 5776 Quandonam
3316 5711 3392 5766 illi
3421 5727 3455 5765 a

1881 5804 1992 5858 risu
2017 5805 2379 5874 abstincbuttt,
2407 5808 2495 5878 qui
2523 5807 2575 5863 in
2607 5808 2739 5863 hora
2761 5805 3034 5864 tremenda
3060 5803 3454 5872 rident?quau-
