3978 6510
478 410 568 464 191

472 524 543 577 do
569 536 601 574 ιι
631 517 781 587 nugis
812 507 1182 568 ahstincbunt,
1213 500 1300 569 qui
1334 501 1385 550 in
1418 502 1660 559 tempore
1706 477 2043 587 benedictio-

473 618 555 671 nis
583 571 864 681 garriunt?
899 618 1013 657 non-
1044 601 1337 667 praesentcs
1360 590 1675 649 reverentur
1696 617 1715 642 ,
1748 588 1857 681 non
1884 571 2061 681 Deum.

473 661 705 762 timent?
746 712 933 755 annon
971 688 1170 747 sullicit
1213 681 1367 737 nobis
1415 673 1610 733 mentis
1635 661 1919 762 socordia?
1946 674 2065 721 non.

720 790 865 864 quod
888 793 1102 843 orantes
1124 779 1232 836 alio
1257 780 1575 841 evagemur:
1607 759 1703 823 sed
1728 768 1783 817 et
1810 756 1977 815 risum
2000 759 2063 813 et

473 891 773 946 cachinnos
793 880 991 937 multos
1016 870 1306 943 ingerimus
1323 864 1346 917 ?

980 935 1453 1034 spectacula—An
1482 951 1753 1011 theatrum
1767 943 1884 1003 btet:
1906 935 2057 1036 sunt?

477 1033 583 1131 Sed
632 1071 739 1126 hoc
765 1076 892 1137 puto
916 1057 1187 1117 atheateis
1234 1051 1405 1109 oriri:
1451 1044 1870 1111 inobsequentes
1915 1033 2057 1089 enim

725 1126 782 1215 ei
817 1151 1204 1222 incompositos
1234 1143 1495 1201 efﬁciunt.
1531 1137 1661 1207 Quae
1700 1132 1786 1189 hic
1822 1126 2067 1222 aediﬁca-

479 1272 603 1314 mus
635 1296 652 1318 ,
698 1252 805 1313 illic
840 1218 1231 1305 destruttntur:
1276 1249 1451 1305 neque
1489 1230 1595 1285 hoc
1650 1226 1857 1289 solum,
1888 1218 1982 1318 sed
2005 1225 2067 1318 et-

476 1349 601 1403 aliis
623 1308 974 1401 imitamditiis
996 1346 1217 1391 necesse
1242 1336 1324 1385 est
1351 1326 1469 1380 illos
1494 1319 1713 1390 repleri.
1744 1316 1812 1371 Et
1838 1308 2067 1382 perinde.

480 1444 559 1507 lit,
581 1454 645 1494 ac
664 1436 855 1507 siquis
867 1443 1118 1500 campum
1142 1421 1435 1481 emundare
1482 1415 1618 1471 velit
1637 1452 1655 1477 ,
1698 1410 1752 1464 in
1779 1419 1936 1477 quem
1965 1416 2058 1457 su-

482 1504 647 1608 perne
671 1504 788 1587 fons
816 1531 986 1584 lutum
1033 1521 1315 1581 immittat;
1338 1515 1467 1570 dum
1490 1510 1635 1567 enim
1653 1504 1821 1575 magis
1841 1511 2067 1608 purgas,

480 1591 623 1685 aliud
656 1624 846 1681 influit.
880 1620 1112 1690 ldipsum
1139 1614 1226 1668 hic
1256 1609 1454 1666 evenit.
1497 1604 1784 1671 Postquam
1824 1591 2073 1690 cnim-ile

480 1724 583 1787 los,
615 1720 701 1790 qui
727 1732 794 1773 ex
823 1685 1045 1769 theatris
1070 1704 1463 1764 immunditiam
1489 1697 1801 1756 intulerant,
1835 1685 2061 1743 munda-

478 1817 737 1877 verimns,
766 1810 858 1864 illo
882 1810 1219 1863 revertentes
1243 1796 1345 1868 ipsi
1378 1791 1641 1862 majorem
1690 1783 1932 1840 referunt
1959 1779 2060 1877 int-

481 1868 796 1963 tnunditiatn
828 1917 842 1955 :
874 1897 1026 1970 quasi
1042 1893 1224 1950 dedita
1249 1901 1412 1959 Opera
1439 1883 1515 1939 sic
1530 1882 1793 1942 viventes,
1826 1881 1882 1927 ut
1908 1868 2065 1926 nobis

1215 387 1272 442 s.
1313 376 1587 439 JOANNIS
1624 348 2094 427 cnnvsosr'out
2125 355 2438 413 ARClllEP.
2480 354 3013 414 consumtum»,

3640 364 3736 420 199.

2156 473 2422 543 negotium
2449 473 2747 535 lacessant;
2778 483 2841 531 et
2866 475 3095 535 redeunt
3124 474 3330 533 iterum.
3346 474 3574 532 multum
3597 487 3735 532 θεας

2157 569 2296 623 coris
2321 577 2611 638 gestantes,
2632 568 2691 625 in
2711 567 2969 631 moribus.
3000 569 3050 623 in
3079 568 3331 632 motibus.
3349 569 3414 625 in
3430 569 3617 625 verbis
3634 611 3651 635 ,
3682 569 3735 624 in

2159 661 2266 719 risu
2288 701 2302 724 ,
2325 660 2375 714 in
2399 658 2631 717 desidia.
2654 659 2859 719 Deinde
2886 674 2983 715 nos
3000 668 3191 715 iterum
3215 658 3466 724 fodimus,
3487 661 3642 730 quasi
3671 662 3740 717 de

2160 751 2416 809 industria
2438 751 2727 818 fodientes,
2743 760 2802 811 ut
2825 751 2943 809 illos
2984 752 3211 808 mundos
3228 752 3535 808 emittentes
3553 796 3570 819 ,
3596 754 3741 824 ipsos

2160 859 2372 905 rursum
2417 842 2695 905 videamus
2719 857 2878 899 emno
2914 852 3159 899 onustos.
3215 843 3420 907 Idcirco
3458 847 3773 900 committo.

2163 950 2257 990 vos
2279 937 2406 993 Deo.
2440 934 2623 1004 Etjam
2652 934 2778 997 hinc
2806 934 2956 992 vobis
2975 976 2991 1000 ,
3018 936 3106 1005 qui
3135 934 3255 990 sani
3278 937 3427 1004 estis,
3460 937 3739 1002 testiﬁcor,
3766 908 3788 973 Ῐ·

2158 1028 2415 1096 judicium
2462 1026 2616 1084 vobis
2655 1038 2713 1085 et
2760 1027 3155 1084 damnationem
3200 1028 3332 1094 fore,
3363 1028 3408 1083 si
3451 1031 3572 1102 quis
3621 1046 3743 1085 cum

2164 1121 2307 1181 vitbt
2350 1121 2650 1179 inordinate
2677 1134 2917 1194 agentes,
2968 1125 3317 1194 maximeque
3352 1125 3448 1181 illo
3502 1136 3747 1197 tempore

2164 1214 2593 1280 confabulantes,
2619 1231 2725 1271 non
2758 1217 3094 1273 admonuerit
3130 1233 3231 1274 nec
3254 1222 3553 1275 correxerit
3601 1236 3697 1275 eos
3725 1236 3741 1275 :

2167 1308 2268 1364 hoc
2290 1309 2478 1363 melius
2505 1319 2588 1365 est
2618 1312 2925 1379 precatione
2971 1312 3104 1382 ipsa.
3156 1313 3370 1368 Dimitte
3418 1328 3642 1383 preces,
3691 1323 3749 1368 ct

2168 1399 2317 1455 illum
2347 1401 2606 1471 increpa:
2656 1402 2733 1457 ita
2756 1412 2817 1458 et
2841 1403 2913 1457 illi
2938 1390 3203 1474 proderis,
3234 1412 3293 1459 et:
3328 1414 3381 1458 tu
3422 1404 3743 1461 lucrabcris.

2165 1490 2261 1547 Sic
2308 1491 2613 1561 poterimus
2643 1506 2832 1555 omnes
2875 1496 3109 1550 salutem
3129 1504 3184 1551 et
3227 1512 3450 1567 regnum
3489 1498 3757 1552 caelorum

2167 1584 2379 1652 assequi
2406 1599 2419 1636 :
2452 1599 2559 1654 quo
2590 1600 2692 1640 nos
2713 1601 2899 1642 omnes
2924 1585 3027 1641 frui
3056 1588 3351 1657 contingat,
3376 1589 3546 1658 gratia
3571 1599 3625 1643 et
3652 1589 3741 1644 be-

2170 1677 2430 1746 nignitate
2458 1679 2666 1732 Domini
2695 1682 2869 1734 nostri
2918 1679 3044 1739 .Iesu
3072 1679 3269 1736 Christi
3296 1720 3310 1746 ,
3363 1682 3577 1750 quicum
3604 1680 3755 1736 Patri

2170 1772 2436 1840 simulque
2466 1771 2907 1842 Spiritui-sancto
2935 1774 3099 1844 gloria
3120 1813 3135 1837 ,
3186 1774 3489 1843 imperium,
3522 1773 3701 1829 honor
3731 1815 3748 1841 ,

2175 1880 2317 1920 tione
2336 1874 2389 1919 et
2414 1880 2627 1935 semper
2650 1905 2665 1930 ,
2695 1867 2825 1923 etin
2848 1867 3043 1922 saecula
3073 1866 3412 1922 saeculorum.
3441 1867 3637 1921 Amen.

494 1990 3754 2041 Μ

1860 2055 2065 2118 ΗΟΜΙ
2075 2053 2207 2114 LlA
2248 2052 2458 2115 XXV.

482 2239 608 2295 Car.
639 2236 725 2291 tl.
750 2249 804 2288 v.
838 2231 927 2286 l9.
978 2226 1069 2281 Illi
1089 2222 1311 2295 quidem,
1348 2216 1433 2285 qui
1456 2209 1674 2282 dispersi
1700 2210 1899 2281 [nerant
1922 2217 1955 2256 a
1980 2200 2072 2295 tri-

555 2329 826 2391 bulatione,
851 2337 963 2394 quae
986 2293 1122 2391 facta
1143 2320 1310 2389 fuerat
1328 2310 1388 2366 ob
1412 2306 1751 2377 Stephanum,
1767 2293 2071 2394 pertransie-

553 2430 671 2475 runt
715 2387 874 2485 usque
922 2387 1197 2466 Phoenicen
1242 2414 1289 2460 et
1332 2400 1558 2473 Cyprum
1608 2404 1655 2451 et
1709 2387 2067 2449 Antiochiam,

555 2513 742 2568 nemini
788 2508 1044 2578 loquentes
1089 2499 1317 2564 verbum,
1363 2495 1462 2549 nisi
1486 2491 1608 2548 solis
1632 2486 1853 2543 luditis.

560 2607 616 2660 1.
671 2602 786 2657 Νοη
814 2575 1001 2669 parum
1031 2593 1099 2648 ad
1130 2591 1277 2648 verbi
1311 2587 1607 2658 proiectum
1636 2575 1867 2635 contulit
1889 2585 2073 2644 perse-

493 2698 680 2770 quutio
719 2713 732 2749 :
764 2667 886 2748 nam
916 2685 1251 2759 Diligentibus
1278 2680 1475 2743 Deum,
1520 2673 1713 2744 inquit,
1777 2667 1945 2723 omnia
1966 2679 2071 2770 :0-

489 2756 766 2862 o'perantur
786 2787 840 2839 in
857 2756 1044 2837 honuni
1072 2777 1249 2849 (Rom.
1270 2774 1323 2829 8.
1344 2769 1458 2841 28).
1483 2768 1540 2824 Si
1562 2760 1939 2862 voluissentilli
1966 2756 2073 2812 Ec-

489 2852 708 2941 clesium
739 2888 1055 2949 propagare,
1112 2884 1217 2925 non
1258 2865 1402 2921 aliud
1456 2861 1709 2917 fecissent
1735 2874 1748 2909 :
1773 2853 1840 2908 de
1867 2852 2078 2920 disper-

493 2976 645 3030 sione
671 2973 862 3042 loquor
891 2968 1192 3022 doctorum.
1248 2960 1318 3015 Et
1362 2955 1485 3012 vide
1532 2964 1790 3025 quorsum
1845 2956 2073 3002 extensa

496 3064 657 3123 fuerit
714 3033 1044 3133 praedicatio.
1096 3050 1543 3111 Pertransierunt,
1602 3042 1793 3113 inquit.
1821 3052 1979 3109 usque
2010 3033 2091 3088 ad.

498 3132 775 3212 Pluenicen
802 3162 850 3206 et
894 3150 1118 3221 Cyprum
1146 3155 1193 3201 et
1218 3142 1538 3199 Antiochiam
1561 3179 1576 3204 ,
1606 3134 1792 3191 nemini
1820 3132 2089 3201 loquentes.

491 3249 723 3311 uerbum,
776 3244 873 3300 nisi
928 3242 1050 3299 solis
1092 3238 1312 3294 Iudaeis.
1360 3233 1545 3299 Vides,
1593 3224 1861 3300 quomodo
1901 3221 2091 3281 omnia.

496 3345 638 3398 circa
666 3336 978 3395 Cornelium
1013 3348 1107 3405 per
1133 3326 1589 3401 dispensationem
1616 3321 1754 3376 facta
1780 3318 1889 3372 sint
1914 3315 1938 3369 ?
1967 3314 2089 3375 Hoc

497 3442 674 3493 autem
704 3440 759 3489 et
788 3428 856 3485 ad
878 3424 1247 3485 defensionem
1276 3417 1472 3475 Christi
1503 3424 1559 3471 et
1581 3413 1650 3468 ad
1680 3408 2078 3468 accusationem

499 3524 810 3583 Judaaornm
829 3516 1071 3576 confert.
1088 3514 1271 3584 Itaque
1295 3524 1416 3566 eum
1431 3504 1733 3576 Stephanus
1750 3501 1957 3556 occisus
1977 3504 2093 3561 est,

501 3634 624 3675 cum
647 3614 844 3677 Paulus
864 3612 947 3668 bis
974 3618 1057 3667 est
1083 3605 1415 3680 periclitatus
1437 3640 1452 3664 ,
1483 3614 1603 3654 cum
1630 3592 1858 3665 apostoli
1896 3589 2083 3662 ﬂagel-

503 3710 591 3766 Iati
614 3714 758 3770 sunt,
787 3719 908 3761 cum
934 3701 1130 3771 smpius
1160 3697 1338 3769 eiecti.
1368 3708 1493 3750 tunc
1514 3700 1721 3764 gentes,
1743 3698 1867 3743 tunc
1895 3685 2083 3743 Sama-

503 3801 663 3855 ritani
687 3796 887 3866 recepti
913 3804 1080 3853 sunt:
1110 3790 1253 3861 quod
1279 3797 1334 3845 et
1355 3786 1550 3843 Paulus
1607 3784 1805 3839 clamat
1851 3778 2038 3834 dicens
2065 3793 2093 3831 εν

514 3892 661 3949 Vobis
684 3889 949 3959 oportebat
978 3887 1201 3957 primunt
1250 3881 1389 3951 loqui
1414 3878 1618 3939 verbum
1655 3874 1750 3930 Dei
1775 3889 1793 3928 :
1818 3872 1907 3932 sed
1956 3886 2085 3943 quo.

502 3988 639 4040 niam
656 3983 899 4056 repellitis
932 3978 1063 4035 illud
1085 4020 1100 4042 ,
1150 3987 1198 4031 et
1243 3974 1480 4045 indignos
1521 3987 1608 4026 vos
1639 3968 1888 4040 judicatis
1911 4005 1928 4033 ,
1977 3980 2090 4018 ecce

502 4080 837 4133 convertimur
856 4076 922 4128 ad
942 4080 1110 4144 gentes
1134 4069 1272 4140 (Act.
1304 4068 1358 4123 '5.
1388 4064 1504 4136 66).
1536 4062 1876 4118 Circttierunt
1904 4058 2083 4127 igitur,

502 4181 556 4224 et
582 4179 772 4239 gentes
799 4163 1231 4234 alloquebanlur.
1258 4158 1350 4214 ΞΟ.
1384 4157 1544 4211 Erant
1574 4164 1741 4213 autem
1763 4154 1974 4223 quidam
1994 4168 2095 4205 eo-A

504 4279 616 4314 rum
639 4260 731 4314 uiri
751 4258 924 4328 Cyprii
956 4265 1002 4309 et
1023 4252 1271 4324 Cyrenwi,
1322 4250 1408 4320 qui
1458 4264 1574 4303 cum
1608 4246 1857 4301 uenissent
1908 4243 2091 4297 Antio-

506 4354 695 4417 chiam,
720 4350 1050 4418 loquebantur
1070 4346 1137 4400 ad
1164 4343 1389 4407 (ἑταῖροι,
1425 4341 1784 4394 annuntiantcs
1812 4335 2097 4391 Dominum

504 4445 705 4499 .lesum.
736 4442 827 4495 21.
855 4440 921 4494 Et
941 4448 1048 4493 erat
1076 4452 1258 4493 manus
1283 4432 1494 4487 Domini
1520 4447 1638 4485 cum
1658 4431 1728 4483 eis
1758 4444 1776 4481 :
1802 4427 2097 4492 multusque.

508 4551 746 4589 numerus
767 4532 1075 4587 credentium
1097 4542 1367 4583 conuersus
1394 4536 1464 4579 est
1489 4523 1556 4575 ad
1584 4521 1862 4575 Dominum
1885 4518 2084 4573 Iesum.

522 4629 676 4691 Vide,
704 4625 908 4681 Graecis
934 4620 1265 4690 evangelium
1308 4617 1644 4671 annnntiant.
1682 4610 1985 4668 Verisimile
2008 4618 2097 4664 est-

508 4722 651 4777 cnitn
678 4720 799 4774 illos
828 4716 1015 4771 Graece
1041 4713 1288 4778 scivisse,
1321 4721 1374 4765 et
1404 4708 1702 4763 Antiochia:
1724 4706 1923 4760 multos
1952 4704 2089 4759 tales

509 4814 690 4867 fuisse.
710 4809 775 4863 Et
801 4819 929 4872 erat,
959 4805 1149 4875 inquit,
1178 4819 1357 4857 manus
1385 4799 1589 4854 Domini
1610 4814 1722 4852 cum
1743 4798 1879 4860 illis;
1907 4796 1959 4849 itl
1985 4805 2089 4862 est,

507 4909 656 4975 signa
690 4901 973 4957 faciebant.
1006 4896 1214 4961 Viden’,
1265 4910 1362 4949 cur
1403 4895 1562 4948 etiam
1624 4905 1766 4944 nunc
1819 4890 2092 4959 signorum

509 4998 796 5052 necessitas
827 4992 1006 5056 fuerit,
1039 4999 1094 5044 ιιι
1143 4988 1427 5043 crederent
1457 4985 1479 5038 ?
1513 4984 1603 5038 2:2.
1639 4982 1874 5036 Pervenit
1926 4989 2094 5032 autent

512 5105 675 5144 sermo
701 5088 769 5139 ad
790 5102 935 5140 aures
959 5081 1221 5144 Ecclesiaz,
1245 5095 1357 5148 quae
1386 5086 1491 5132 erat
1535 5074 1874 5145 Jerosolymis
1899 5113 1913 5135 ,
1942 5088 2096 5141 super

509 5183 654 5235 istis:
677 5178 989 5234 etmiserunt
1018 5174 1305 5228 Barnabam
1332 5187 1485 5240 usque
1504 5169 1572 5222 ad
1594 5168 1939 5221 Antiochiam.
1985 5166 2097 5219 Cur

513 5285 656 5330 tanta
680 5272 895 5324 civitate
920 5268 1139 5323 verbum
1178 5266 1471 5335 recipiente
1500 5279 1606 5317 non
1636 5269 1902 5316 venerunt
1953 5258 2049 5327 ipsi
2076 5299 2091 5321 ,

515 5365 612 5420 scd
638 5361 935 5418 Barnabam
987 5359 1301 5413 miserunt?
1351 5357 1576 5426 PrOptcr
1603 5354 1839 5409 Judaros.
1898 5352 2095 5407 Verum

515 5476 619 5527 non
660 5471 822 5528 parva
853 5469 940 5510 res
960 5453 1047 5507 hic
1065 5454 1283 5523 geritur,
1326 5450 1453 5505 dum
1489 5451 1567 5504 sic
1611 5449 1806 5504 Paulus
1850 5450 1985 5502 istuc
2009 5462 2098 5501 ac-

514 5553 654 5609 cedit
689 5569 700 5605 :
736 5564 913 5621 neque
954 5546 1072 5603 sine
1094 5561 1252 5601 causa
1273 5587 1288 5608 ,
1313 5545 1411 5600 sed
1432 5560 1554 5600 cum
1586 5558 1775 5612 magna
1808 5542 2095 5611 providen-

514 5650 593 5701 tia
618 5648 767 5701 illum
811 5650 1148 5706 aversantur,
1178 5656 1247 5695 ne
1272 5655 1377 5692 vox
1426 5638 1825 5709 prazdicationis
1862 5638 2095 5706 tubaque

515 5738 767 5793 czrlorutn
792 5734 1141 5807 ierosolyma:
1166 5730 1549 5787 includeretur.
1586 5730 1794 5793 Vidcn',
1828 5730 2099 5799 quomodo

520 5834 713 5901 utique
742 5828 940 5883 malitia
989 5842 1196 5894 eorum,
1230 5836 1288 5879 ut
1326 5839 1460 5895 opus
1484 5835 1621 5891 erat,
1651 5836 1706 5880 et
1730 5835 1784 5878 ut
1809 5829 1919 5894 ipse
1947 5824 2094 5877 vole-

2177 2199 2288 2266 bat,
2314 2198 2569 2263 Christus.
2583 2209 2844 2267 uteretur,
2876 2201 3189 2273 atqneodio
3211 2202 3263 2258 in
3284 2202 3506 2263 Paulum
3532 2203 3605 2263 att
3621 2203 3761 2263 aedi-

2176 2289 2485 2351 ficationcm
2500 2292 2754 2351 Ecclesiae
2779 2309 2845 2351 ex
2872 2295 3162 2368 gentibus?
3189 2294 3299 2357 Sed
3324 2296 3449 2355 vide.
3472 2297 3609 2357 hunc
3624 2312 3765 2367 quo-

2176 2398 2279 2453 que
2294 2394 2537 2441 sanctum
2562 2428 2579 2453 ,
2612 2386 2908 2449 Barnabatn
2936 2388 3078 2450 dico,
3102 2389 3381 2457 quomodo
3411 2406 3514 2447 non
3538 2406 3645 2448 sua.
3675 2407 3769 2446 τε..

2174 2476 2391 2549 spiciat,
2413 2478 2507 2535 sed
2537 2491 2720 2539 currat.
2753 2481 2997 2543 Tarsum.
3037 2481 3125 2542 25‘.
3175 2484 3674 2553 Qu’mnm’uet,
3718 2495 3773 2541 cl

2175 2568 2375 2622 uidisset
2420 2571 2638 2639 gratiam
2661 2571 2758 2626 Dei
2776 2614 2791 2637 ,
2833 2575 3045 2643 gauisus
3076 2582 3170 2642 est,
3198 2586 3245 2633 et
3270 2576 3564 2631 hortabatur
3588 2584 3774 2632 «una

2175 2662 2233 2715 in
2282 2665 2539 2732 proposito
2586 2667 2753 2725 cordis
2807 2682 3100 2737 permanere
3126 2670 3183 2725 in
3217 2667 3476 2725 Domina:
3510 2670 3603 2725 Si.
3645 2672 3776 2741 quia

2177 2765 2283 2817 erat
2310 2757 2385 2810 vir
2409 2757 2569 2819 bonus
2587 2768 2632 2813 et
2658 2759 2835 2827 plenus
2859 2758 3067 2831 Spiritu
3085 2772 3258 2815 sancto
3285 2772 3337 2817 et.
3358 2762 3478 2830 ﬁde.
3509 2761 3581 2815 Et
3596 2778 3775 2832 appo-

2177 2849 2279 2907 sita
2303 2860 2377 2904 est
2400 2852 2559 2905 multa
2585 2854 2730 2909 turba
2753 2852 2991 2908 Domino.
3023 2854 3114 2910 25.
3166 2853 3439 2927 Profectus
3480 2864 3551 2911 est
3584 2867 3775 2911 autem

2180 2942 2445 3005 Barnabas
2503 2942 2736 3009 Tarsum,
2769 2956 2822 3003 ut
2851 2958 3093 3016 quareret
3135 2947 3406 3004 Sardum:
3455 2966 3601 3019 quem
3652 2966 3779 3003 cum

2183 3034 2479 3099 inuenisset,
2508 3038 2745 3105 perduxit
2784 3037 3127 3095 Antiochiam.
3185 3039 3430 3109 Optimus
3461 3042 3543 3095 vir
3568 3051 3696 3096 erat
3720 3052 3781 3097 et

2183 3128 2431 3198 simplex,
2465 3138 2626 3200 atque
2652 3130 2817 3190 Baulo
2846 3130 3144 3187 familiaris.
3176 3132 3302 3188 Ideo
3332 3134 3477 3188 venit
3502 3133 3570 3188 ad
3601 3134 3782 3189 athle-

2185 3230 2315 3283 tam.
2342 3220 2413 3277 ad
2430 3221 2643 3285 ducem,
2671 3222 2737 3278 ad
2787 3223 3232 3288 monomachum,
3276 3224 3351 3278 ad
3372 3224 3629 3290 leonem;
3674 3243 3780 3281 ne-

2188 3313 2304 3371 scio
2326 3312 2452 3383 quid
2482 3313 2693 3378 dicam;
2719 3314 2976 3385 quidquid
3007 3319 3147 3371 enim
3196 3316 3423 3372 dixerim
3444 3358 3459 3381 ,
3501 3317 3785 3389 dignitate

2188 3404 2413 3467 inferius
2440 3406 2606 3467 Paulo
2635 3408 2757 3467 erit.
2783 3406 2940 3465 Venit
2965 3404 3039 3462 ad.
3056 3409 3355 3463 venaticum
3382 3424 3569 3464 canem
3595 3450 3611 3475 ,
3655 3410 3785 3465 leo-

2187 3513 2285 3554 nes
2313 3498 2691 3565 occidentcm,
2737 3499 2813 3557 adt
2852 3510 3058 3559 taurum
3109 3500 3339 3567 fortem,
3381 3500 3446 3555 ad
3491 3501 3780 3556 lucernam

2187 3591 2523 3661 Splendidam
2548 3634 2564 3659 ,
2604 3592 2672 3648 ad
2709 3609 2771 3649 os
2800 3593 2915 3649 orbi
2947 3593 3233 3649 sufﬁciens.
3255 3593 3393 3649 Vere
3425 3593 3544 3648 ideo
3574 3595 3788 3650 Antio-

2187 3683 2323 3737 chite
2363 3684 2533 3738 vocati
2590 3693 2713 3741 sunt
2764 3684 3096 3749 Christiani,
3147 3686 3269 3753 quia
3297 3685 3489 3739 Paulus
3515 3685 3585 3740 ibi
3622 3696 3788 3743 tanto

2191 3787 2429 3846 tempore
2454 3780 2669 3835 mansit.
2685 3776 2776 3831 26.
2808 3776 3026 3831 Factum
3046 3789 3117 3831 est
3134 3789 3301 3831 autem
3323 3789 3377 3831 ut
3395 3795 3582 3831 annum
3606 3788 3787 3833 totum

2189 3880 2607 3941 congregarentur
2631 3871 2685 3922 in
2710 3868 2958 3937 Ecclesia,
2982 3880 3030 3924 et
3055 3870 3285 3924 docerent
3309 3871 3505 3924 turbam
3533 3872 3784 3935 multant,

2188 3964 2261 4015 ita
2308 3972 2363 4015 ut
2410 3963 2883 4033 rognominarentur
2938 3964 3156 4034 primum
3201 3965 3480 4018 Antiochiae
3534 3965 3789 4034 discipuli

2190 4053 2482 4111 Christiani.
2508 4055 2627 4109 Non.
2654 4070 2814 4124 parva
2842 4055 3071 4110 civitatis
3098 4058 3211 4110 laus
3242 4056 3374 4110 luce.
3427 4055 3536 4110 Hoc
3582 4068 3791 4112 eontra

2193 4160 2382 4200 omnes
2435 4144 2624 4200 adduci
2671 4155 2867 4215 potest,
2897 4146 3037 4216 quod
3071 4148 3241 4215 prima
3285 4148 3519 4201 omnium
3551 4162 3653 4202 ore
3695 4149 3789 4201 tali

2193 4248 2338 4290 tanto
2385 4248 2625 4306 tempore
2656 4237 2921 4293 frueretur
2949 4256 2961 4290 :
2994 4238 3135 4294 unde
3167 4247 3225 4293 et
3268 4240 3441 4309 primo
3490 4238 3651 4295 isthic
3683 4240 3793 4295 hoe

2195 4330 2407 4383 nomine
2433 4330 2632 4400 dignati
2658 4340 2803 4385 sunt.
2828 4331 3013 4386 Viden’
3038 4332 3090 4386 in
3113 4343 3371 4401 quantum
3397 4333 3668 4402 fastigium
3705 4336 3790 4388 ci—

2194 4424 2406 4476 vitatctn
2434 4423 2707 4490 extulerit,
2758 4424 3152 4493 clarioremqne
3196 4424 3423 4479 fecerit?
3463 4425 3575 4478 lloc
3627 4426 3789 4480 Pauli

2192 4530 2329 4583 opus
2354 4526 2454 4568 est.
2482 4514 2583 4570 Ubi
2613 4518 2714 4569 tria
2742 4515 2927 4580 millia,
2960 4516 3047 4571 ubi
3086 4517 3321 4585 quinque
3353 4516 3496 4570 milia
3530 4520 3793 4574 credide-

2194 4617 2338 4671 runt,
2383 4608 2469 4660 ubi
2502 4617 2643 4660 tanta
2671 4607 2989 4671 multitudo,
3024 4608 3096 4661 ibi
3138 4607 3271 4661 nihil
3295 4610 3398 4663 tale
3429 4608 3633 4662 factum
3657 4623 3783 4674 est;

2194 4699 2288 4754 sed
2343 4700 2517 4753 adhuc
2539 4699 2607 4755 de
2635 4700 2718 4753 via
2747 4700 2834 4753 illa
2886 4709 3088 4754 tantum
3140 4714 3262 4755 esse
3306 4700 3623 4754 dicebantur
3652 4718 3667 4753 :
3702 4702 3793 4757 hic

2194 4808 2323 4846 vero
2348 4793 2633 4845 Christiani
2661 4794 2910 4863 appellati
2941 4802 3082 4847 sunt.
3128 4792 3218 4846 27.
3276 4792 3344 4845 In
3367 4793 3445 4846 his
3472 4804 3647 4847 autem
3672 4796 3791 4850 die-

2195 4886 2285 4939 bus
2315 4886 2677 4940 descenderunt
2704 4887 2766 4938 ab
2793 4885 3127 4956 Jerosolymis
3155 4886 3412 4955 propheta
3432 4886 3792 4945 Antiochiam.

2197 4980 2457 5048 Quoniam
2490 4979 2645 5034 isthic
2670 4979 2895 5034 fructum
2918 4980 3277 5049 cleetnosynm
3301 4981 3527 5050 plantari
3563 4995 3797 5050 oporte—

2197 5076 2286 5130 bat
2307 5116 2320 5139 ,
2355 5075 2557 5128 utiliter
2579 5074 2892 5143 providetnr
2919 5082 2973 5128 ut
2997 5075 3277 5143 prophetzc
3304 5073 3397 5127 illo
3427 5073 3793 5130 descendant.

2202 5169 2281 5222 Tu
2309 5183 2445 5223 vero
2467 5167 2596 5222 mihi
2634 5166 2943 5221 consideres
2970 5169 3150 5231 velim,
3189 5167 3457 5222 neminem
3491 5182 3557 5222 ex
3580 5168 3798 5222 clario-

2201 5261 2347 5313 tihus
2375 5260 2565 5312 horum
2586 5258 2862 5313 doctorem
2888 5257 3051 5313 fuisse
3078 5277 3089 5310 :
3121 5258 3348 5329 Cyprios
3377 5259 3520 5313 enim
3544 5259 3799 5315 habuere

2201 5355 2471 5420 doctores,
2500 5352 2787 5424 Cyrenteos
2816 5363 2870 5406 et
2902 5352 3150 5422 Paulum(
3181 5352 3388 5406 etiarnsi
3423 5352 3509 5405 hic
3535 5351 3665 5406 illos
3695 5370 3798 5407 su-

2202 5449 2467 5515 peraverit
2498 5448 2535 5518 ).
2570 5448 2709 5501 sicut
2752 5447 2948 5503 Paulus
2988 5447 3237 5501 doctores
3267 5445 3451 5499 habuit
3484 5446 3799 5500 Barnaham

2203 5550 2253 5595 et
2276 5542 2533 5592 Ananiam
2563 5555 2577 5605 ;
2605 5540 2699 5594 sed
2728 5539 2856 5593 nihil
2884 5540 3005 5595 inde
3036 5543 3210 5594 minor
3242 5540 3338 5594 fuit
3371 5558 3383 5592 :
3436 5538 3673 5595 habebat
3707 5549 3799 5592 ta-

2207 5649 2326 5687 men
2354 5643 2407 5687 et
2437 5634 2725 5687 Christum.
2754 5633 2845 5686 9.8.
2902 5633 3127 5703 Surgens
3152 5644 3315 5687 autem
3343 5649 3473 5685 unus
3498 5649 3561 5686 ea:
3590 5633 3667 5685 eis
3696 5650 3796 5685 no-

2203 5727 2336 5779 mine
2365 5726 2585 5794 Agabus,
2612 5725 3133 5797 signiﬁcabatfamem
3182 5742 3417 5793 magnam
3460 5729 3691 5795 futuram
3744 5728 3805 5776 in

2206 5823 2434 5875 universe
2469 5821 2609 5888 orbe,
2650 5837 2761 5885 qua:
2793 5822 2931 5891 facta
2959 5831 3030 5872 est
3053 5821 3143 5873 sub
3175 5820 3391 5873 Claudio
3430 5818 3650 5873 Curare.
3686 5819 3801 5873 Nc-
