4100 6354
481 226 587 284 ι95

477 344 549 413 ἐξ
596 345 792 400 αὐτῶν
845 345 1089 416 ὀνόματι
1147 346 1431 416 Ἄγαϐος,
1483 346 1779 417 ἐσήμανε,
1829 348 2009 418 λιμὸν
2039 348 2145 417 μέ-

481 452 598 505 ταν
625 434 874 505 μέλλειν
908 435 1153 488 ἔσεσθαι
1188 436 1280 505 ἐφ’
1311 435 1467 503 ὅλην
1506 434 1655 507 [202]
1705 435 1820 504 τὴν
1871 438 2146 506 οἰκουμέ-

484 539 622 590 νην.
661 523 869 588 Ὅστις
917 523 1015 576 καὶ
1053 522 1289 591 ἐγένετο
1339 523 1436 576 ἐπὶ
1469 522 1772 578 Κλαυδίου
1821 525 2139 594 Καίσαρος.

497 610 838 679 Ἀναγκαίως
868 609 1100 664 ἐνταῦθα
1127 609 1283 676 λιμὸν
1329 611 1504 680 μέγαν
1557 610 1821 682 μέλλοντα
1871 623 1897 652 ε
1932 610 2147 666 ἔσεσθαι

488 700 766 769 σημαίνει,
805 698 863 762 ὂς
883 697 947 769 δὴ
977 698 1071 751 καὶ
1100 699 1335 766 ἐγένετο,
1359 697 1503 752 καθά
1525 698 1653 769 περὶ
1675 698 1842 753 αὑτοῦ
1871 700 2148 771 προερρή-

487 783 578 856 θη,
623 785 740 839 ’Ὶνα
775 785 884 856 γάρ
939 784 1014 856 μή
1066 784 1330 855 νομίσωσί
1379 802 1525 849 τινες
1553 785 1642 839 διὰ
1685 786 1842 840 τοῦτο
1867 786 1959 840 τὸν
1991 787 2150 858 λιμὸν

485 871 786 941 γεγονέναι,
841 873 922 926 ὅτι
957 874 1384 944 Χριστιανισμὸς
1437 873 1702 944 εἰσῆλθεν,
1763 875 1844 928 ὃτι
1898 874 2151 945 δαίμονες

485 962 818 1030 ἀπέστησαν,
879 961 1134 1032 προλέγει
1189 961 1252 1016 τὸ
1302 962 1527 1031 Πνεῦμα
1570 963 1632 1016 τδ
1674 963 1829 1032 ἅγιον
1881 963 1910 1017 6
1968 963 2154 1034 μέλλει

487 1051 828 1121 συμϐαίνειν,
863 1050 1054 1126 ὥσπερ
1092 1052 1186 1106 καὶ
1231 1055 1261 1106 6
1300 1053 1536 1125 Χριστὸς
1566 1056 1795 1126 προεῖπε
1839 1053 2027 1120 πολλὰ,
2057 1054 2151 1108 καὶ

485 1139 669 1210 ἐξέϐη.

557 1231 634 1283 Ού
660 1231 837 1284 τοίνυν
871 1231 959 1285 διά
994 1230 1173 1292 τοῦτο,
1213 1230 1337 1284 ἐπεὶ
1366 1229 1474 1285 ἔδει
1511 1229 1571 1295 ἐξ
1601 1231 1778 1303 ἀρχῆς
1806 1231 1966 1286 τοῦτο
2000 1232 2153 1301 γενέ-

489 1316 634 1384 σθαι,
663 1319 799 1373 ἀλλά
830 1319 916 1373 διά
947 1318 1016 1372 τά
1043 1317 1190 1372 κακά
1216 1317 1288 1372 τὰ
1327 1320 1406 1382 είς
1446 1319 1574 1383 τοὺς
1615 1318 1945 1383 ἀποστόλους
1997 1319 2154 1388 γενό-

491 1424 645 1476 μεναο
703 1401 778 1461 ὧν
827 1407 922 1462 καὶ
976 1407 1303 1478 γενομένων,
1343 1408 1482 1471 τέως
1534 1407 1911 1479 ἐμακροθύμει
1945 1409 2146 1471 ὁΘεός’

485 1493 560 1557 ὡς
585 1493 640 1547 δὲ
693 1495 978 1560 ἐνέκειντο,
1011 1495 1167 1564 λιμὸς
1217 1496 1447 1564 γίνεται,
1479 1495 1698 1567 μηνύων
1731 1497 1842 1557 τοῖς
1883 1495 2154 1558 Ἰουδαίοις

485 1577 556 1630 τά
586 1579 819 1650 ἐσόμενα
846 1580 1005 1634 κακά.
1058 1580 1195 1633 Ἀλλ’
1246 1581 1292 1633 εἰ
1339 1581 1435 1633 καὶ
1461 1580 1528 1634 δι’
1560 1582 1758 1644 αὐτοὺς
1797 1577 1888 1654 ἦν,
1912 1581 1999 1634 διὰ
2025 1580 2154 1644 τοὺς

489 1665 685 1731 ἄλλους
734 1668 842 1722 ἔδει
869 1668 964 1722 καὶ
991 1668 1118 1722 ὄντα
1147 1668 1477 1722 παύσασθαι.
1507 1669 1572 1722 Τί
1597 1669 1706 1740 γὰρ
1733 1669 2000 1741 ἠδίκησαν
2028 1668 2156 1721 Ἔλ-

488 1753 668 1824 ληνες,
693 1755 779 1808 ἵνα
802 1755 897 1808 καὶ
922 1756 1087 1826 μηδὲν
1129 1756 1487 1827 ἀδικήσαντες
1517 1757 1673 1809 αὐτοὶ
1701 1757 1810 1810 τῶν
1837 1757 2022 1810 κακῶν
2067 1775 2161 1827 με-

487 1843 795 1912 τάσχωσιν;
824 1842 888 1896 Εἰ
915 1844 972 1896 δέ
1022 1843 1096 1914 μὴ
1131 1843 1222 1896 διά
1245 1843 1371 1906 τοὺς
1417 1843 1720 1910 Ἰουδαίους,
1756 1845 1851 1898 καὶ
1875 1843 2158 1916 εὐδοκιμῆ-

491 1944 581 1982 σαι
607 1929 671 1999 δὴ
709 1930 908 1994 αὐτοὺς
949 1930 1152 2001 μᾶλλον
1184 1931 1371 2000 ἐχρῆν,
1401 1931 1484 1983 ὃτι
1512 1931 1572 1984 τὸ
1603 1931 1784 1984 αὐτῶν
1814 1934 2051 1997 ἐποίουν,
2072 1934 2156 1986 ὅτι

487 2017 744 2088 ἀνῄρουν,
803 2017 1080 2082 ἐκόλαζον,
1138 2017 1528 2088 ἐτιμωροῦντο,
1586 2019 1850 2074 πάντοθεν
1906 2021 2153 2077 ἐδίωκον.

487 2105 600 2159 Kal
628 2104 726 2158 θέα
747 2106 875 2158 πότε
903 2105 1113 2174 γίνεται
1151 2105 1179 2158 6
1206 2105 1384 2176 λιμός*
1417 2106 1503 2159 ὅτε
1547 2106 1640 2159 καὶ
1671 2108 1718 2159 οἱ
1747 2106 1951 2160 ἐθνικοὶ
1971 2107 2160 2162 λοιπὸν

488 2192 954 2264 προσεδέχθησαν.

560 2282 625 2351 β’.
646 2281 806 2335 Ἀλλά
843 2285 890 2336 εί
921 2281 1010 2336 διά
1031 2282 1099 2336 τά
1121 2282 1288 2345 κακά,
1329 2282 1650 2353 φησὶνλδει
1681 2283 1906 2347 τούτους
1932 2283 2160 2350 ύπεξαιυ

490 2369 735 2442 ρεθὴναι.
765 2370 862 2424 Διά
889 2371 962 2432 τί,
987 2371 1110 2424 εἰπέ
1136 2388 1262 2442 μοι;
1300 2371 1420 2442 οὐχὶ
1449 2371 1736 2441 προλαϐὼν
1777 2368 1932 2426 εἶπεν
1973 2374 2158 2438 αὐτοῖς

488 2461 518 2512 6
541 2459 795 2530 Χριστός·
841 2461 944 2514 Ἐν
967 2459 1048 2524 τῷ
1077 2461 1284 2527 κόσμῳ
1308 2460 1518 2528 θλῖψιν
1549 2459 1752 2524 ἓξετε;
1785 2462 1856 2515 Σὺ
1879 2461 1937 2515 δὲ
1983 2463 2158 2516 ταῦτα

488 2547 686 2618 λέγων,
712 2547 853 2618 τάχα
886 2548 982 2600 καὶ
1008 2545 1167 2600 τοῦτο
1192 2548 1360 2618 ἐρεῖς.
1383 2547 1464 2600 ὅτι
1487 2547 1590 2599 ἔδει
1615 2547 1749 2617 μηδὲ
1779 2550 2154 2617 μαστίζεσθαι.

503 2637 644 2691 Ἀλλ’
677 2637 782 2707 ὅρα
812 2635 996 2699 αὐτοῖς
1018 2635 1302 2706 γινόμενον
1340 2637 1434 2690 καὶ
1463 2636 1553 2689 τὸν
1581 2637 1740 2707 λιμὸν
1771 2639 2044 2709 σωτηρίας
2073 2641 2160 2693 af-

491 2743 628 2788 τιον,
653 2723 1022 2794 ἐλεημοσύνης
1061 2722 1335 2795 ἀφορμὴν,
1371 2723 1580 2776 πολλῶν
1635 2725 1892 2795 πρόξενον
1919 2727 2158 2795 ἀγαθῶν·

493 2814 633 2869 ὥστε
665 2814 756 2867 καὶ
780 2812 910 2884 ὑμῖν
933 2811 1156 2880 γέγονεν
1186 2811 1270 2872 ἂν,
1301 2811 1356 2863 εἴ
1383 2828 1446 2880 γε
1503 2812 1789 2865 ἐϐούλεσθε
1821 2815 1869 2878 ι»,
1899 2814 2010 2867 ἀλλ’
2059 2817 2162 2869 οὐκ

491 2901 816 2974 ἠθελήσατε.
893 2899 1224 2970 Προλέγεται
1274 2898 1330 2952 δέ
1362 2941 1377 2963 ,
1436 2899 1576 2953 ὥστε
1629 2900 1814 2954 λοιπὸν
1870 2919 2161 2974 προπαρα-

496 2989 857 3061 σκευασθῆναι
885 2987 1024 3060 πρὸς
1060 2987 1162 3059 τὴν
1196 2987 1581 3059 ἐλεημοσύνην,
1615 2990 1695 3043 ὅτι
1733 2990 1881 3044 δεινά
1923 2991 2162 3064 ἔπασχον

493 3078 545 3131 οἱ
575 3080 632 3131 ἐν
671 3075 1047 3148 Ἰερουσαλήμ·
1073 3073 1180 3145 πρὸ
1199 3073 1255 3127 δέ
1280 3075 1471 3128 τούτου
1501 3076 1601 3130 οὐκ
1621 3079 1678 3130 ἐν
1705 3076 1847 3148 λιμῷ
1867 3073 2026 3150 ἦσαν.
2054 3081 2162 3135 Καὶ

496 3166 775 3236 πέμπεται
805 3163 1089 3236 Βαρνάϐας
1109 3164 1202 3217 καὶ
1221 3162 1432 3228 Παῦλος
1459 3164 1886 3231 διακονήσοντες.
1917 3166 2040 3221 Τῶν
2095 3169 2166 3222 δὲ

491 3255 794 3324 μαθητῶν,
825 3253 1020 3319 καθὼς
1049 3252 1370 3321 ηὑπορεῒτό
1420 3271 1527 3319 τις.
1565 3249 1718 3317 Εἶδες
1747 3254 1864 3324 ἅμα
1889 3257 2167 3310 πιστεύον-

495 3361 619 3409 τας,
647 3344 744 3397 καὶ
793 3343 911 3413 ἅμα
963 3341 1471 3412 καρποφοροῦντας,
1525 3343 1586 3396 ού
1631 3346 1746 3409 τοῖς
1773 3345 1952 3398 αὐτῶν
1981 3347 2162 3416 μόνον,

496 3433 632 3487 ἀλλά
657 3433 887 3494 καὶτοῖς
919 3433 1110 3501 πόρρω
1131 3448 1146 3496 ;
1171 3429 1343 3484 Τοῦτο
1378 3431 1524 3484 δοκεῖ
1559 3449 1648 3502 μοι
1702 3433 1940 3486 ἐνταῦθα
1963 3435 2163 3504 λέγειν,

495 3520 632 3591 ὅπερ
658 3518 894 3589 ἀλλαχοῦ
924 3519 954 3572 6
982 3519 1194 3583 Παῦλός
1224 3535 1410 3590 φησιν,
1439 3520 1521 3572 ὅτι
1543 3521 1754 3587 Δεξιάς
1779 3521 2014 3575 ἔδωκαν
2033 3523 2162 3593 ἐμοὶ

496 3611 595 3664 καί
647 3608 925 3677 Βαρνάϐα
967 3609 1310 3675 κοινωνίας,
1357 3611 1551 3678 μόνον
1605 3610 1706 3663 ἶνα
1756 3609 1876 3664 τῶν
1914 3611 2167 3682 πτωχῶν

490 3696 968 3766 μνημονεύωμεν
991 3706 1039 3751 ο.
1069 3693 1336 3750 Τοσοῦτον
1359 3695 1640 3767 ὠφέλησεν
1668 3700 1695 3751 6
1721 3697 1896 3769 λιμός.
1930 3701 2038 3754 Kal
2063 3701 2165 3772 ὅρα

495 3787 695 3850 αὐτοὺς
713 3785 832 3840 οὐδέ
857 3787 916 3840 ἐν
939 3789 1016 3857 ’τῇ
1051 3785 1226 3856 θλίψει
1257 3788 1338 3850 εἰς
1375 3787 1606 3858 θρήνους
1643 3789 1736 3842 καὶ
1762 3788 1972 3861 δάκρυα
1998 3807 2164 3843 καταο

496 3875 814 3940 πίπτοντας,
877 3875 1130 3947 καθάπερ
1167 3877 1350 3947 ἡμεῖς,
1377 3874 1491 3929 ἀλλ’
1529 3878 1608 3940 είς
1661 3876 1821 3948 ἔργον
1878 3879 2020 3948 μέγα
2071 3879 2166 3932 καὶ

496 3964 700 4033 ἀγαθὸν
726 3964 954 4028 ἑαυτοὺς
999 3962 1324 4026 ἐκδιδόντας·
1364 3962 1501 4034 μετὰ
1549 3963 1789 4026 πλείονος
1833 3964 1943 4032 γάρ
1982 3965 2167 4028 ἀδείας

497 4054 800 4124 ἐκήρυττον
819 4053 911 4105 τὸν
942 4051 1117 4119 λόγον.
1147 4051 1258 4104 Kal
1287 4051 1387 4104 οὐκ
1408 4047 1581 4104 εἶπονο
1643 4053 1834 4122 Ἡμεῖς
1866 4054 2166 4122 Κυρηναῖοι

497 4143 592 4196 καὶ
637 4141 873 4211 Κύπριοι
897 4139 1071 4205 ὄντες,
1096 4138 1318 4208 τοιαύτῃ
1368 4137 1687 4208 ἐπιθώμεθα
1729 4139 1881 4192 πόλει
1939 4139 2166 4210 λαμπρᾷ

497 4231 594 4283 καὶ
647 4228 876 4300 μεγάλῃο
927 4226 1064 4280 ἀλλά
1114 4228 1180 4298 τῇ
1235 4226 1418 4296 χάριτι
1465 4227 1560 4278 τοῦ
1613 4227 1748 4279 Θεοῦ
1795 4226 2163 4291 πιστεύοντες,

497 4319 593 4373 καὶ
623 4319 818 4370 ἐκεῖνοι
869 4315 1236 4386 ἐπεχείρησαν
1265 4318 1331 4385 τῇ
1367 4314 1708 4384 διδασκαλία,
1740 4315 1836 4368 καὶ
1868 4308 2016 4368 οῦτοι
2065 4317 2166 4370 οὐκ

497 4404 819 4476 ἀπηξίωσαν
849 4404 980 4474 παρ’
1012 4402 1236 4456 ἐκείνων
1261 4419 1313 4454 τι
1348 4401 1560 4471 μαθεῖν.
1621 4401 1760 4474 Ὅρα
1785 4401 1874 4455 διά
1910 4402 2018 4454 τῶν
2074 4421 2166 4473 μι-

500 4494 647 4566 κρῶν
677 4493 855 4548 πάντα
883 4489 1427 4559 κατασκευαζόμενα,
1457 4490 1517 4543 τὸ
1540 4490 1804 4560 κήρυγμα
1856 4489 2164 4561 αὐξανόμε-

497 4601 608 4651 νον,
643 4583 769 4646 τοὺς
798 4583 856 4634 ἐν
913 4578 1308 4651 Ἰεροσολύμοις
1330 4578 1547 4631 πάντων
1602 4579 1803 4648 ὁμοίως
1853 4580 2167 4650 φροντίζον-

496 4687 616 4734 τας,
645 4669 721 4732 ὡς
748 4667 876 4739 μίαν
904 4667 1080 4720 οἰκίαν
1102 4665 1202 4735 τήν
1242 4664 1569 4735 οἰκουμένην
1596 4664 1838 4734 ἔχοντας.
1866 4667 2162 4730 Ἤκουσαν,

497 4760 579 4812 ὅτι
607 4756 890 4828 Σαμάρεια
910 4754 1162 4808 δέδεκται
1189 4753 1280 4804 τὸν
1331 4753 1506 4821 λόγον,
1540 4753 1634 4806 καὶ
1654 4752 1907 4823 ἔπεμψαν
1959 4755 2164 4825 Πέτρον

499 4846 594 4898 xal
629 4845 900 4915 Ἰωάννηνο
925 4844 1164 4914 ἥκουσαν
1194 4843 1261 4896 τά
1283 4842 1364 4906 είς
1403 4842 1754 4911 Ἀντιόχειαν,
1776 4845 1870 4896 καὶ
1917 4844 2166 4912 πέμπου-

503 4950 556 4985 σι
583 4932 888 5002 Βαρνάϐαν.
915 4931 1055 4984 Πολὺ
1111 4929 1221 5002 γὰρ
1274 4931 1334 4984 τὸ
1359 4929 1632 5000 διάστημα
1661 4925 1748 5001 ἦν,
1805 4932 1898 4983 καὶ
1927 4933 2026 4984 οὐκ
2056 4932 2164 4985 ἔδει

499 5019 625 5080 τοὺς
652 5017 978 5082 ἀποστόλους
1005 5018 1144 5080 τέως
1199 5017 1549 5089 χωρισθῆναι,
1586 5017 1671 5070 ἵνα
1726 5017 1956 5089 [205]μὴ
2015 5038 2166 5086 νομι-

505 5104 706 5159 σθῶσιν
727 5098 866 5158 εἶναι
892 5104 1151 5172 φυγάδες,
1182 5105 1276 5158 καὶ
1301 5107 1425 5168 τοὺς
1453 5105 1629 5158 αὐτῶν
1653 5108 2002 5174 πεφευγέναι.
2027 5108 2163 5160 Τότε

503 5192 563 5247 δέ
584 5193 897 5260 ἀναγκαίως
927 5191 1273 5262 χωρίζονται,
1307 5194 1393 5246 ὅτε
1438 5193 1624 5246 λοιπὸν
1653 5193 1846 5246 ἀνίατα
1880 5193 2023 5264 ἔχειν
2055 5196 2166 5248 ἐδό-

505 5298 592 5335 κει
617 5283 685 5334 τά
711 5280 828 5334 κατ’
861 5279 1077 5343 αύτούς·
1110 5279 1201 5332 ὅτε
1241 5281 1425 5334 λοιπὸν
1447 5285 1474 5334 6
1521 5282 1753 5352 πόλεμος
1781 5282 2008 5352 ἐπέστη,
2071 5285 2166 5337 καὶ

505 5368 801 5424 ἀπολέσθαι
821 5367 944 5421 ἐδει’
966 5368 1107 5438 ὃτεή
1132 5368 1403 5435 ἀπόφασις
1421 5369 1702 5440 ἐξηνέχθη·
1731 5371 1854 5422 ἐπεὶ
1883 5371 1987 5433 ἕως
2015 5372 2164 5425 Παῦ-

506 5459 596 5523 λος
634 5461 713 5523 είς
745 5458 961 5529 Ῥώμην
1003 5456 1078 5527 μὴ
1108 5457 1408 5520 ἀνέϐαινεν,
1443 5459 1559 5510 ἐκεῖ
1595 5454 1757 5528 ἦσαν.
1822 5460 2164 5532 Ἐξέρχονται

567 5615 593 5642 ι
619 5601 722 5650 Vox
749 5600 996 5662 μέλλοντα,
1030 5613 1124 5661 qua
1150 5607 1324 5649 carent
1349 5599 1489 5662 cdili.
1527 5611 1586 5646 ex
1631 5613 1726 5647 uno
1761 5601 1927 5648 codice
1965 5609 2164 5662 recepta

508 5667 599 5713 Bst.
626 5659 760 5711 Enn;
827 5660 854 5698 δ
877 5659 1102 5720 Ουίιιοῐίι,
1125 5664 1328 5721 ἀγαθῶν.
1361 5659 1493 5720 Ὑμῖν
1515 5662 1582 5718 δὲ,
1610 5663 1764 5721 φησὶν.
1781 5664 1876 5721 εἴγε
1897 5659 2160 5711 ἐϐούλεσθε.

510 5723 640 5782 Im,
663 5737 770 5772 cum
795 5724 1046 5785 plerisque
1081 5725 1221 5771 codd.
1246 5725 1804 5785 προπαρασκευασθήναι,
1828 5730 1878 5770 el
1915 5725 2034 5785 infra
2056 5726 2162 5772 οὐδέ

511 5791 558 5836 ἐν
596 5792 653 5848 τῇ
697 5784 866 5848 θλίψει,
914 5788 1211 5846 scripsimus.
1241 5784 1373 5848 Edirli
1418 5800 1625 5848 uagae;
1663 5791 1716 5831 ιιι
1745 5785 1852 5831 οὐδὲ
1876 5784 2072 5832 ἐνταῦθα
2103 5793 2158 5847 τῇ

507 5846 674 5908 own.
702 5846 836 5896 Ευιτ.
903 5850 924 5877 ⁸
960 5848 1071 5895 l'osl
1110 5847 1483 5908 μνημονεύωμεν
1511 5846 1706 5905 quidam
1747 5859 1859 5893 [nsi
1885 5848 2065 5894 addunt
2095 5846 2161 5896 Erl

519 5907 744 5966 Ἰάκωϐος
767 5912 864 5970 ἐζη.
889 5908 984 5964 Cl’r.
1004 5923 1112 5972 qua:
1143 5909 1200 5957 ad
1231 5910 1433 5968 inter”.
1471 5907 1560 5956 Lat
1603 5914 1764 5957 m-lula
1787 5916 1916 5956 sum.
1944 5913 2078 5957 Loxr.

1186 231 1246 287 S.
1280 231 1565 289 JOANNIS
1601 230 2084 290 CHRYSOSTOMI
2117 227 2437 286 ARCHIEP.
2475 231 3020 290 CONSTANTINOP.

3829 227 3955 282 ιοι

2248 344 2326 407 δὲ,
2367 346 2490 416 ούχὶ
2521 347 2612 402 τὸν
2638 349 2873 419 πόλεμον
2895 347 3208 410 δεδοικότες·
3256 346 3372 412 πῶς
3411 348 3538 420 γὰρ,
3578 349 3630 402 οἵ
3675 368 3739 419 γε
3781 351 3962 421 πρὸς

2246 431 2376 496 τοὺς
2397 434 2654 505 πολεμεῖν
2695 437 2985 506 μέλλοντας
3035 435 3316 506 ἀπῄεσανς
3351 437 3466 488 Kal
3515 439 3544 489 6
3584 438 3840 509 πόλεμος
3886 439 3958 492 δὲ

2251 522 2459 589 γίνεται
2475 524 2658 578 λοιπὸν
2682 525 3119 595 τελευτησάντων
3135 524 3244 578 τῶν
3261 525 3594 591 ἀποστόλων,
3625 529 3722 580 καὶ
3741 529 3959 597 πέρας

2247 608 2308 662 τὸ
2337 610 2466 681 περὶ
2481 611 2659 665 αὐτῶν
2685 612 2846 683 ῥηθὲν
2867 612 3152 683 λαμϐάνειο
3185 614 3494 682 Ἕφθασεν
3506 615 3601 667 ἐπ’
3624 615 3878 680 αὐτοὺς
3906 614 3954 682 ἠ

2249 697 2394 766 ὀργὴ
2432 701 2518 766 είς
2556 699 2750 766 τέλος.
2777 702 2927 771 ’Όσῳ
2955 701 3285 771 ἀσημότεροι
3331 695 3425 754 οὖν
3456 697 3616 773 ἦσαν.
3667 702 3957 773 τοσούτῳ

2253 787 2454 856 μᾶλλον
2472 788 2710 861 ἔλαμπεν
2734 791 2767 862 ή
2795 791 2977 861 χάρις,
3007 790 3093 844 διὰ
3123 789 3334 861 μικρῶν
3381 790 3734 861 ἐργαζομένη
3752 792 3960 861 μεγά-

2249 873 2338 928 λα.
2405 877 2542 930 Ἀλλ’
2597 878 2795 948 ἴδωμεν
2853 878 3060 932 ἀνωθεν
3119 877 3189 932 τά
3239 879 3527 950 εἰρημένα.
3579 879 3957 949 Παρεκάλει

2251 961 2500 1029 πάντας,
2560 966 2713 1036 φησὶ,
2749 966 3114 1036 προσμένειν
3143 965 3223 1032 τῷ
3253 968 3470 1036 Κυρίῳ,
3521 967 3608 1021 ὅτι
3632 965 3715 1038 ἦν
3760 969 3959 1037 ἀνὴρ

2251 1049 2494 1120 ἀγαθός.
2540 1053 2692 1123 Ἐμοὶ
2717 1054 2866 1107 δοκεῖ
2897 1054 3099 1122 ἀγαθὸν
3127 1054 3224 1108 νῦν
3246 1045 3336 1109 τὸν
3360 1056 3532 1126 ἀφελῆ
3567 1057 3773 1125 λέγειν.
3842 1059 3958 1110 τὸν

2251 1137 2547 1204 ἄπλαστον,
2575 1140 2664 1193 τὸν
2711 1141 2918 1212 σφόδρα
2955 1141 3056 1211 τῆς
3102 1142 3210 1195 τῶν
3262 1143 3488 1213 πλησίον
3543 1144 3959 1216 ἐπιθυμοῦντα

2258 1227 2654 1298 σωτηρίας.,οὐ
2680 1229 2836 1299 μόνον
2867 1228 2924 1281 δέ
2949 1225 3017 1300 ἦν
3043 1229 3178 1301 ἀνὴρ
3213 1229 3435 1299 ἀγαθὸς,
3474 1231 3608 1285 ἀλλά
3657 1232 3759 1286 καὶ
3787 1235 3924 1302 πλη

2257 1331 2357 1384 ρης
2387 1314 2702 1384 Πνεύματος
2728 1317 2883 1385 ἀγίου
2927 1318 3021 1370 καὶ
3047 1317 3300 1382 πίστεως.
3336 1319 3427 1372 Διὸ
3453 1319 3544 1372 καὶ
3564 1322 3630 1390 τῇ
3655 1319 3958 1390 προθέσει

2253 1403 2350 1473 τῆς
2378 1403 2608 1473 καρδίας
2635 1405 2938 1476 παρεκάλει
2991 1406 3217 1468 πάνταςο
3254 1407 3523 1472 τουτέστι,
3581 1409 3720 1479 μετά
3753 1411 3958 1476 ἐγκωο

2259 1485 2382 1554 μίου
2405 1487 2499 1540 καὶ
2531 1487 2775 1544 ἐπαίνου.
2808 1489 2918 1542 Kal
2942 1491 3154 1552 σκόπει,
3189 1490 3307 1553 πῶς
3335 1491 3584 1563 καθάπερ
3608 1491 3681 1561 γῆ
3713 1491 3956 1557 λιπαρά

2255 1571 2346 1625 τὸν
2375 1573 2530 1641 λόγον
2556 1575 2773 1640 ἐδέξατο
2795 1579 2828 1647 ή
2880 1578 3034 1642 πόλις
3065 1577 3228 1648 αὕτη,
3263 1581 3356 1632 καὶ
3386 1581 3552 1633 πολὺν
3581 1580 3670 1633 τὸν
3711 1580 3958 1650 καρπδν

2256 1661 2596 1725 ἀπεδείξατο.
2655 1663 2751 1717 Διά
2778 1665 2830 1718 τί
2874 1665 2931 1718 δὲ
2959 1665 3061 1735 τῆς
3089 1666 3304 1737 Ταρσοῦ
3336 1667 3500 1720 αὐτὸν
3553 1667 3883 1736 ἀπέστησεν
3921 1669 3954 1719 6

2257 1747 2546 1818 Βαρνάϐας
2569 1753 2662 1805 καὶ
2713 1752 2945 1806 ἐνταῦθα
2969 1753 3210 1824 ήγαγεν;
3267 1754 3378 1824 Οὐχ
3430 1753 3637 1816 ἁπλῶς·
3671 1755 3795 1807 ἀλλ’
3853 1756 3953 1808 ὅτι

2257 1835 2491 1889 ἐνταῦθα
2511 1838 2606 1890 καὶ
2627 1837 2840 1902 ἐλπίδες
2863 1839 2888 1878 ἀ
2921 1841 3175 1911 χρησταὶ,
3219 1841 3312 1893 καὶ
3348 1840 3548 1910 μείζων
3568 1839 3600 1912 ή
3623 1841 3802 1906 πόλις,
3840 1844 3948 1896 καὶ

2259 1924 2393 1977 πολὺ
2423 1926 2484 1978 τὸ
2515 1926 2739 1996 πλῆθος.
2768 1923 2920 1991 Εἶδες
2949 1931 3123 1982 πάντα
3169 1928 3268 2000 τὴν
3319 1929 3479 2000 χάριν
3529 1929 3946 2001 ἐργαζομένην,

2255 2013 2318 2064 οὐ
2342 2013 2574 2067 Παῦλονο
2601 2016 2834 2079 καὶπῶς
2861 2016 2950 2070 διά
2998 2018 3108 2070 τῶν
3140 2018 3351 2089 μικρῶν
3398 2017 3458 2072 τὸ
3490 2021 3722 2090 πρᾶγμα
3754 2020 3950 2089 ἀρχὴν

2258 2099 2466 2166 ἐλαϐεν,
2494 2102 2584 2154 ὅτε
2638 2101 2694 2154 δέ
2722 2104 3014 2174 περιφανὲς
3072 2105 3283 2172 γέγονε,
3314 2103 3432 2156 τότε
3462 2104 3750 2176 Βαρνάϐαν
3784 2106 3940 2174 πέμο

2260 2206 2458 2252 πουσι;
2488 2190 2599 2242 Kal
2624 2189 2710 2244 διά
2735 2191 2788 2244 τί
2818 2192 2892 2262 μὴ
2919 2192 3023 2260 πρὸ
3051 2191 3242 2244 τούτου
3279 2191 3528 2262 ἔπεμψαν
3555 2193 3755 2254 αὐτόνς
3796 2194 3945 2245 Πολ-

2259 2275 2356 2348 λὴν
2376 2276 2486 2330 τῶν
2509 2277 2631 2330 καθ’
2662 2279 2886 2342 ἑαυτοὺς
2913 2283 3169 2346 πρόνοιαν
3197 2279 3494 2343 ἐποιοῦντο,
3525 2281 3619 2333 καὶ
3647 2281 3750 2332 οὐκ
3779 2281 3944 2334 ἐϐούο

2259 2364 2411 2418 λοντο
2465 2366 2718 2434 ἐγκαλεῖν
2749 2367 2934 2430 αὐτοῖς
2995 2366 3304 2430 Ἰουδαίους,
3350 2367 3432 2420 δτι
3477 2367 3950 2442 προσελάμϐανον

2263 2455 2330 2507 τά
2353 2453 2500 2526 έθνη·
2532 2456 2711 2509 καίτοι
2735 2455 2823 2509 διά
2868 2455 2928 2509 τὸ
2957 2457 3347 2527 ἀπαραιτήτως
3394 2457 3577 2520 αὐτοῖς
3633 2458 3946 2527 ἐπιμίγνυ-

2266 2543 2410 2607 σθαι,
2465 2544 2588 2597 ἐπεὶ
2642 2543 2834 2616 ἔμελλέ
2904 2562 2987 2608 τις
3040 2546 3450 2616 ἀμφισϐήτησις
3503 2545 3750 2614 γίνεσθαι
3801 2550 3949 2618 παρ’

2263 2633 2462 2699 αὐτῶν,
2516 2634 2584 2687 τά
2637 2635 2776 2689 κατὰ
2807 2635 3103 2706 Κορνήλιον
3154 2633 3448 2706 προῦλαϐε.
3499 2637 3633 2689 Τότε
3670 2635 3810 2704 γοῦν
3844 2641 3950 2691 καί

2262 2723 2532 2792 λέγουσιν·
2573 2724 2690 2776 Ἵνα
2720 2725 2878 2792 ἡμεῖς
2904 2725 2985 2786 εἰς
3019 2723 3085 2776 τά
3106 2723 3257 2794 ἐθνη,
3290 2725 3443 2778 αὐτοὶ
3467 2725 3523 2778 δὲ
3545 2726 3624 2789 εἰς
3647 2724 3748 2796 τὴν
3773 2743 3945 2796 περι-

2263 2814 2457 2884 τομήν.
2491 2813 2600 2866 Kal
2629 2811 2841 2877 σκόπει,
2875 2811 2992 2875 πῶς
3031 2813 3299 2884 εὐκαίρως
3327 2816 3359 2883 ή
3387 2814 3598 2884 ἀνάγκη
3618 2815 3712 2868 τοῦ
3769 2814 3948 2883 λιμοῦ

2265 2903 2526 2973 εἰσήγαγε
2564 2901 2661 2973 τήν
2693 2901 2975 2954 κοινωνίαν
3010 2900 3110 2971 τὴν
3137 2903 3243 2954 ἀπὸ
3291 2901 3402 2954 τῶν
3436 2903 3603 2955 ἐθνῶν
3643 2903 3746 2973 τὴν
3797 2904 3947 2972 πρὸς

2264 2993 2392 3054 τοὺς
2416 2993 2472 3044 ἐν
2497 2989 2892 3062 Ἰεροσολύμοις
2909 2989 3276 3058 πεμφθεῖσαν.
3308 2989 3560 3057 Δέχονται
3581 2991 3687 3061 γὰρ
3706 2996 3777 3043 τά
3803 2995 3947 3061 παρ’

2265 3079 2466 3142 αὐτῶν,
2496 3079 2546 3133 οἳ
2579 3080 2672 3133 καὶ
2697 3079 2778 3138 ού.
2818 3077 3066 3148 καθάπερ
3097 3080 3261 3148 ἡμεῖς
3284 3079 3341 3130 ἐν
3363 3076 3576 3148 θρήνοις
3597 3078 3692 3141 τὰς
3719 3095 3946 3148 συμφο-

2271 3168 2370 3240 ρὰς
2396 3167 2675 3236 διάγομεν,
2709 3164 2852 3219 οὕτω
2881 3165 3052 3236 δήπου
3077 3167 3173 3219 καὶ
3196 3159 3361 3218 οὗτον
3395 3165 3532 3219 ἀλλά
3565 3165 3705 3234 μετά
3754 3167 3856 3220 πλε
3869 3169 3946 3220 Eo-

2267 3273 2356 3320 νος
2412 3254 2592 3314 ἀδείας
2620 3254 2825 3324 διῆγον,
2860 3253 2955 3307 ἀτε
2998 3255 3186 3326 πόρρω
3213 3253 3495 3323 γενόμενοι
3534 3253 3645 3306 τῶν
3697 3254 3946 3307 κωλυόν-

2265 3362 2375 3398 των
2403 3344 2616 3406 αύτοὺς,
2655 3343 2748 3396 καὶ
2797 3344 2853 3394 ἐν
2903 3341 3214 3410 ἀνθρώποις
3242 3341 3392 3405 ὄντες
3418 3341 3480 3394 οὑ
3530 3341 3947 3411 πεφοϐημένοις

2265 3432 2392 3495 τοὺς
2429 3430 2730 3494 Ἰουδαίους·
2759 3429 2788 3482 ὃ
2809 3430 2900 3482 καὶ
2915 3428 3046 3482 αὐτὸ
3071 3429 3422 3482 συνεϐάλλετο
3442 3430 3502 3481 οἱ)
3528 3429 3738 3499 μικρόν.
3777 3431 3948 3484 Ἀλλά

2266 3519 2362 3573 καὶ
2407 3519 2485 3582 είς
2533 3517 2756 3588 Κύπρον
2805 3517 3082 3585 ἀφίκοντο,
3131 3518 3264 3571 ὅπου
3314 3517 3446 3571 πολὺ
3507 3517 3604 3588 μὲν
3635 3517 3694 3570 τὸ
3755 3519 3950 3582 ἀδεὲς,

2267 3606 2466 3660 πλείων
2493 3605 2550 3660 δέ
2585 3607 2617 3676 ή
2647 3605 2967 3677 ἀμεριμνία.
3007 3604 3215 3658 Οὐδενί
3259 3604 3326 3657 δὲ
3355 3605 3460 3658 τὸν
3492 3606 3699 3672 λόγον,
3744 3606 3952 3674 φησὶν,

2265 3697 2319 3750 εὶ
2345 3694 2431 3764 μὴ
2471 3693 2785 3759 Ἰουδαίοις
2805 3691 3091 3746 ἐλάλουν.
3123 3693 3195 3746 Οὐ
3240 3692 3329 3745 διὰ
3359 3694 3450 3745 τὸν
3494 3691 3956 3763 τῶνάνθρώπων

2264 3783 2454 3853 φόϐον,
2487 3782 2546 3835 δν
2578 3781 2729 3836 οὐδὲν
2752 3778 3003 3851 ήγοῦντο,
3029 3780 3186 3834 τοῦτο
3221 3781 3459 3834 ἐποίουν·
3492 3779 3628 3834 ἀλλά
3658 3779 3746 3832 τὸν
3771 3781 3950 3849 νόμον

2265 3871 2580 3944 τηροῦντες,
2613 3871 2708 3925 καὶ
2760 3871 2958 3934 αὐτοὺς
2982 3869 3061 3922 ἐτι
3103 3869 3572 3933 διαϐαστάζοντες.
3609 3864 3809 3923 Ἶίσαν
3864 3871 3948 3922 δέ

2266 3976 2426 4026 τινες
2453 3959 2524 4012 ἐν
2570 3958 2891 4026 Ἀντιοχείᾳ
2941 3957 3190 4025 Κύπριοι
3238 3957 3336 4011 καὶ
3380 3956 3722 4024 Κιιοηναῖοι.
3765 3949 3941 4008 (ὶῦτοι

2271 4046 2510 4116 μάλιστα
2561 4045 2660 4098 οὐκ
2692 4044 3005 4116 ἐφρόντιζον
3040 4043 3323 4097 Ἰουδαίων.
3383 4044 3612 4107 Οίτινες
3670 4041 3944 4095 ἐλάλουν

2268 4134 2417 4202 πρὸς
2442 4132 2584 4198 τοὺς
2640 4131 3067 4198 Ἑλληνιστάς.
3125 4129 3630 4200 εὐαγγελιζόμενοι
3679 4130 3784 4183 τὸν
3817 4132 3942 4184 Κύ-

2260 4221 2841 4290 ριον’1ησοῦν.’1σως
2867 4219 2954 4272 διὰ
2973 4219 3035 4272 τὸ
3068 4218 3142 4288 μὴ
3170 4217 3369 4270 εἰδέναι
3409 4217 3710 4288 Ἱῦϐραῑστὶ,
3735 4217 3947 4278 ’Ἐλλη-

2267 4329 2364 4375 νας
2390 4312 2584 4374 αὐτοὺς
2603 4310 2849 4364 ἐκάλουν.
2886 4309 3371 4378 Παραγενόμενος
3395 4305 3482 4369 δὲ,
3517 4306 3670 4374 φησὶ,
3705 4308 3946 4374 Βαρνά-

2270 4402 2397 4464 ϐας,
2429 4399 2528 4453 καὶ
2551 4399 2694 4452 ίδὼν
2717 4399 2833 4466 τὴν
2860 4396 3036 4467 χάριν
3061 4394 3167 4448 τοῦ
3215 4393 3362 4448 Θεοῦ
3399 4393 3541 4464 (οὐχὶ
3573 4393 3669 4463 τὴν
3697 4395 3951 4462 σπουδὴν

2266 4488 2376 4540 τῶν
2426 4485 2774 4556 ἀνθρώπων),
2813 4481 3133 4552 παρεκάλει
3188 4481 3410 4548 αὐτοὺς
3455 4479 3820 4548 προσμένειν
3860 4479 3953 4546 τῷ

2268 4576 2482 4644 Κυρίῳ.
2519 4575 2671 4645 Τάχα
2699 4573 2778 4644 τῷ
2816 4575 3053 4624 ἐπαινεῖν
3105 4571 3196 4623 τὸν
3228 4570 3382 4639 δχλον
3427 4569 3520 4622 καὶ
3548 4568 3948 4635 ἀποδέχεσθαι,

2265 4664 2440 4733 τούτῳ
2465 4661 2617 4735 [204]
2656 4661 2873 4722 πλείους
2901 4659 3226 4728 ἐπέστρεψε.
3263 4657 3372 4710 Kal
3403 4657 3488 4710 διὰ
3521 4657 3574 4708 τί
3609 4659 3682 4725 μὴ
3736 4655 3949 4727 Παύλῳ

2268 4751 2588 4822 γράφουσιν,
2608 4747 2744 4802 ἀλλά
2765 4745 3050 4817 Βαρνάϐαν
3075 4746 3381 4814 πέμπουσιν
3399 4761 3412 4808 ;
3435 4741 3507 4795 Οῦ
3517 4761 3600 4796 πω
3618 4744 3714 4795 τοῦ
3741 4743 3947 4813 ἀνδρὸς

2270 4839 2464 4910 ᾔδεσαν
2485 4838 2584 4908 τὴν
2607 4837 2825 4908 ἀρετήν·
2858 4835 2938 4888 διὸ
2959 4835 3053 4888 καὶ
3086 4836 3243 4905 μόνον
3263 4836 3624 4904 οἰκονομεῖται
3652 4834 3948 4904 Βαρνάϐαν

2268 4919 2689 4992 παραγενέσθαι.
2710 4919 2860 4970 Ἐπεὶ
2888 4918 2944 4970 δέ
2971 4919 3062 4971 καὶ
3084 4917 3283 4988 πλῆθος
3315 4913 3403 4988 ἦν,
3435 4919 3530 4971 καὶ
3557 4918 3729 4981 οὐδεὶς
3761 4920 3789 4970 ὁ
3826 4939 3948 4972 κω-

2267 5009 2432 5073 λύων,
2467 5009 2690 5070 είκότως
2721 5006 3114 5077 ἐϐλάστησενή
3155 5006 3355 5068 πίστις,
3393 5005 3486 5058 καὶ
3548 5006 3800 5075 μάλιστα,
3855 5009 3948 5061 ὅτι

2268 5099 2458 5153 οὐδένα
2487 5096 2721 5150 ἐνταῦθα
2776 5096 3071 5164 ὑπέμειναν
3104 5094 3430 5164 πειρασμὸν,
3491 5095 3584 5147 καὶ
3611 5095 3692 5146 ὅτι
3721 5095 3948 5158 Παῦλος

2269 5186 2550 5258 κηρύττει,
2579 5186 2667 5239 καὶ
2699 5184 2796 5238 οὐκ
2825 5183 2904 5237 ἑτι
2930 5182 3300 5251 ἀναγκάζεται
3358 5181 3598 5251 φεύγειν.
3631 5182 3829 5245 Καλῶς
3880 5184 3946 5237 δέ

2267 5277 2368 5328 οὐκ
2418 5274 2572 5327 αὐτοὶ
2599 5273 2726 5343 περὶ
2757 5271 2847 5325 τοῦ
2887 5271 3047 5341 λιμοῦ
3099 5270 3370 5338 λέγουσιν,
3408 5270 3520 5322 ἀλλ’
3552 5271 3598 5322 οί
3634 5271 3945 5340 προφῆται,

2268 5363 2355 5414 ἵνα
2391 5362 2464 5432 μὴ
2495 5360 2740 5430 φορτικοί
2789 5375 2932 5422 τινες
2985 5358 3194 5423 δόξωσι.
3251 5358 3358 5410 Kal
3407 5357 3704 5426 θαυμάζειν
3759 5357 3944 5425 ἀξιον,

2269 5450 2385 5514 πῶς
2435 5450 2533 5502 οὐκ
2584 5449 2973 5518 ἠγανάκτησαν
3032 5447 3107 5508 ὡς
3152 5445 3548 5514 ὑπεροφθέντες
3617 5448 3944 5514 Ἀντιοχεῖς,

2268 5538 2381 5590 ἀλλ’
2431 5537 2726 5606 ἀρκοῦνται
2779 5538 2892 5598 τοῖς
2954 5534 3316 5596 διδασκάλοις·
3377 5533 3518 5586 οὓτω
3551 5534 3748 5594 πάντες
3780 5532 3949 5595 ἔξεον

2258 5608 2404 5696 ’πρὸς
2461 5625 2551 5678 τὸν
2615 5624 2788 5692 λόγον.
2844 5623 2904 5676 Οἳ
2962 5624 3055 5675 καὶ
3112 5622 3231 5674 ούδέ
3285 5621 3634 5692 περιέμειναν
3677 5621 3948 5689 γενέσθαι

2263 5716 2355 5768 τὸν
2387 5713 2564 5783 λιμὸν,
2599 5712 2732 5766 ἀλλά
2769 5712 2872 5783 πρὸ
2905 5713 3092 5762 τούτου
3128 5710 3398 5780 ἔπεμψαν,
3432 5708 3637 5775 Καθὼς
3656 5708 3949 5777 116301386-

2267 5805 2333 5856 τό
2367 5820 2475 5867 τις.

2327 5908 2351 5946 ά
2384 5909 2486 5971 Οὐχ
2519 5909 2697 5964 iam;
2740 5905 2931 5955 ἐνταῦθα
2959 5908 3043 5966 γὰρ
3067 5908 3143 5953 καὶ
3186 5907 3384 5964 ἐλπίδες,
3426 5906 3493 5954 sic
3526 5905 3742 5967 quidam.
