3978 6512
171 420 272 479 {93

199 539 434 593 cessario
461 535 550 592 hic
574 535 763 590 famem
781 548 1025 601 magnam
1056 532 1283 586 futuram
1313 531 1594 600 significat,
1623 543 1743 599 quas

170 631 349 692 etiam,
377 639 438 683 ιιι
468 627 723 698 praedicta
749 625 940 690 fuerat,
969 625 1212 695 contigit.
1233 623 1308 677 Ne
1335 630 1582 692 putarent
1601 620 1742 676 enim

167 723 378 792 quidam
406 722 532 777 ideo
559 720 754 776 famem
778 720 1012 784 venisse,
1041 717 1179 788 quod
1204 716 1642 772 Cbristiauismus
1662 714 1744 768 in-

166 829 380 885 gressus
406 824 584 879 esset,
606 813 746 884 quod
773 813 1044 867 ilretuones
1094 811 1515 865 abscessissent:
1551 808 1746 878 praedi-

166 908 229 958 t‘ll.
253 905 491 970 Spiritus
515 915 730 959 sanetus
759 904 900 974 quod
944 903 1174 956 futurmn
1206 911 1311 964 est,
1334 902 1473 956 sicut
1503 913 1556 957 et
1584 901 1746 956 Chri-

167 1007 276 1052 stus
303 999 472 1054 multa
502 998 746 1068 praedixit
785 1013 904 1068 qua!
929 1003 1241 1052 evenerunt.

234 1091 341 1144 Cur
367 1094 531 1160 fames
557 1090 762 1144 uenerit.
783 1120 853 1129 —
873 1089 986 1143 Non
1012 1087 1131 1143 ideo
1161 1089 1338 1157 igitur,
1366 1091 1488 1158 quia
1509 1085 1575 1140 ab
1598 1085 1747 1140 initio

168 1184 234 1236 ita
267 1199 384 1236 rem
418 1181 660 1238 accidere
695 1180 1002 1249 oportebat;
1037 1180 1128 1234 sed
1169 1190 1385 1250 propter
1431 1179 1568 1232 mala
1618 1193 1751 1247 apo-

166 1274 318 1328 stolis
345 1274 491 1327 illata
517 1290 531 1327 :
555 1288 674 1341 quae
699 1289 862 1343 quum
889 1282 944 1326 et
971 1273 1174 1334 tierent,
1200 1271 1580 1340 aliquantisper
1609 1269 1747 1322 Deus

167 1366 436 1436 patienter
467 1365 700 1427 ferebat;
733 1378 852 1418 eum
895 1371 1076 1418 autem
1109 1361 1180 1416 illi
1213 1370 1529 1431 pergerent,
1577 1359 1746 1413 fames

165 1456 358 1512 accidit
383 1473 398 1520 ;
427 1471 545 1525 qua:
580 1454 781 1509 Judaeis
810 1452 986 1508 futura
1028 1452 1165 1506 mala
1193 1450 1594 1521 praztutntiabat.
1643 1446 1747 1504 Sed

163 1549 261 1601 etsi
295 1557 516 1616 propter
541 1545 754 1600 Iudaeos
780 1545 949 1600 fames
979 1553 1144 1609 esset,
1177 1553 1392 1612 propter
1418 1541 1554 1595 alios
1580 1555 1746 1610 opor-

164 1639 312 1692 tebat
357 1638 504 1691 illam
557 1651 791 1692 cessare.
829 1635 963 1704 Quid
1011 1635 1153 1690 enim
1207 1634 1412 1705 injuriae
1463 1633 1750 1687 intulerant

165 1728 340 1784 (inieci
361 1768 375 1791 ,
407 1737 466 1781 ut
494 1727 756 1783 malorum
787 1736 969 1782 essent
1007 1726 1333 1796 participes?
1361 1723 1416 1780 Si
1444 1735 1618 1778 autem
1641 1739 1746 1777 non

163 1829 388 1889 propter
414 1817 652 1882 Iudaeos,
686 1818 806 1871 illos
830 1833 956 1887 ergo
978 1816 1236 1872 clariores
1283 1815 1396 1868 fieri
1427 1813 1744 1883 oportebat,

164 1911 308 1982 quod
344 1927 444 1982 pro
472 1912 608 1967 virili
637 1927 734 1966 sua
766 1909 1025 1978 facerent,
1055 1909 1196 1980 quod
1238 1907 1564 1973 occiderent,
1597 1907 1753 1976 puni-

165 2022 284 2063 ri-nt
308 2051 326 2073 ,
359 2007 656 2076 plecterent
676 2047 692 2071 ,
726 2005 960 2074 undique
987 2011 1452 2073 persequerentur.
1488 2001 1554 2055 Et
1593 1999 1748 2066 vide,

164 2101 514 2171 quandonam
544 2098 712 2153 fames
742 2097 948 2152 accidat
985 2114 998 2150 :
1024 2111 1144 2150 cum
1164 2095 1361 2150 ethnici
1385 2094 1495 2164 jam
1520 2096 1751 2165 suscepti

165 2202 374 2249 essent.

229 2283 288 2336 2.
317 2282 425 2339 Sed
449 2282 490 2336 si
512 2289 729 2351 propter
751 2279 907 2344 mala,
936 2279 1161 2349 inquies.
1184 2277 1463 2344 Oportebat
1487 2286 1633 2334 certe
1656 2276 1753 2333 hos

167 2378 357 2432 eximi.
389 2377 522 2442 Cur,
550 2375 636 2430 die
664 2374 832 2429 mihi?
857 2388 1034 2427 annon
1065 2383 1186 2427 ante
1214 2372 1424 2427 dixerat
1465 2371 1569 2425 illis
1592 2371 1752 2426 Chri-

166 2484 279 2526 stus
311 2488 326 2523 :
354 2468 421 2523 In
445 2468 632 2522 mundo
660 2465 1028 2520 tribulationem
1052 2464 1292 2518 habebitis
1314 2461 1492 2536 (Joan.
1517 2464 1601 2518 l6.
1626 2461 1754 2532 53)?

167 2562 246 2617 'l'u
277 2577 433 2621 vero,
462 2560 550 2629 qui
582 2558 694 2613 haec
717 2556 871 2619 dicis,
898 2557 1030 2610 forte
1051 2555 1290 2624 adjicies,
1321 2569 1422 2608 non
1455 2553 1755 2623 oportuisse

172 2653 291 2708 illos
321 2650 600 2722 ﬂagellari.
629 2650 692 2704 At
723 2649 843 2703 vide
870 2648 973 2702 illis
997 2646 1189 2701 famem
1218 2646 1404 2700 factam
1427 2659 1546 2699 esse
1570 2645 1755 2700 salutis

174 2761 387 2803 causam
410 2786 425 2811 ,
457 2745 812 2814 eleemosynte
855 2741 1228 2801 occasionem,
1261 2739 1530 2808 multaque
1571 2739 1755 2792 conci-

177 2839 334 2893 liasse
362 2836 529 2904 bona,
561 2843 618 2889 ut
645 2833 795 2888 vobis
821 2831 1178 2895 conciliasset,
1208 2831 1253 2885 si
1289 2828 1629 2891 voluissetis;
1661 2829 1754 2882 sed

181 2929 443 2984 noluistis.
476 2927 792 2982 Praedieitur
816 2935 992 2980 autem
1017 2963 1033 2990 ,
1066 2933 1125 2978 ut
1164 2923 1331 2993 magis
1361 2922 1525 2992 parati
1557 2923 1660 2976 sint
1689 2921 1754 2976 ad

189 3020 595 3090 eleetnosynatn,
624 3018 746 3088 quia
772 3017 952 3086 gravia
978 3013 1120 3085 passi
1145 3023 1287 3078 sunt,
1318 3013 1580 3084 quierant
1606 3011 1759 3066 Jero-

197 3113 429 3184 selymis;
460 3120 620 3168 antea
649 3121 824 3166 autem
855 3109 996 3165 fame
1039 3123 1143 3161 non
1171 3106 1502 3162 laborabant.
1538 3107 1602 3159 Et
1630 3105 1756 3159 mit-

201 3214 369 3259 tuntur
389 3203 658 3258 Barnabas
683 3212 738 3257 et
763 3201 958 3256 Paulus
985 3198 1356 3253 ministraturi.
1385 3197 1476 3252 29.
1514 3195 1760 3264 Discipuli

195 3307 345 3349 autem
369 3306 521 3367 prout
545 3295 753 3366 quisque
779 3291 1082 3346 abundabat.
1112 3289 1300 3345 Viden‘
1329 3291 1445 3344 illos
1473 3291 1649 3342 statim
1681 3298 1759 3342 at-

188 3404 282 3457 que
315 3388 664 3444 crediderunt
709 3385 934 3440 fructum
980 3385 1164 3439 tulisse
1185 3424 1201 3451 ,
1235 3398 1340 3438 non
1379 3384 1443 3438 iis
1481 3382 1642 3437 modo
1669 3381 1758 3451 qui

182 3495 370 3550 prope,
406 3479 503 3534 sed
533 3477 692 3532 etiam
726 3477 793 3531 iis
818 3476 908 3547 qui
951 3475 1132 3544 procul
1165 3475 1354 3529 erant?
1382 3473 1492 3528 Hoc
1521 3474 1645 3526 mihi
1675 3474 1758 3526 vi-

177 3572 329 3626 detur
371 3571 463 3625 hic
501 3570 682 3624 dicere
702 3610 716 3631 ,
745 3568 885 3639 quod
929 3566 1053 3620 alibi
1094 3566 1288 3621 Paulus
1312 3564 1442 3620 dicit
1472 3583 1486 3619 :
1515 3564 1759 3618 Dea-teras

174 3663 424 3716 dederunt
453 3661 576 3713 mihi
603 3669 652 3715 et
678 3657 930 3712 Barnabte
952 3657 1202 3710 societatis
1220 3697 1235 3719 ,
1265 3666 1458 3709 tantum
1488 3663 1542 3706 ut
1571 3669 1760 3724 paupeo

171 3773 284 3808 rum
318 3769 572 3808 memores
600 3767 820 3806 essemus
842 3751 859 3781 ί
895 3749 1036 3822 (Gal.
1063 3749 1118 3804 2.
1149 3747 1202 3804 9.
1233 3748 1345 3818 10).
1376 3749 1604 3803 Tantum
1635 3762 1756 3815 pro-

173 3851 268 3904 fait
298 3849 495 3904 fames.
538 3845 605 3900 Et
629 3845 750 3900 vide
788 3844 907 3899 illos
935 3858 1001 3898 ex
1042 3841 1181 3896 fante
1219 3856 1392 3912 neque
1433 3841 1484 3895 in
1509 3841 1683 3896 .lletus
1707 3849 1758 3893 et

173 3919 735 4012 lacrymas’erupisse,
765 3944 825 3990 ut
862 3950 960 3989 nos
991 3933 1234 3998 facimus,
1265 3933 1358 3988 sed
1387 3933 1452 3986 ad
1483 3948 1616 4001 opus
1642 3949 1758 3986 ma-

168 4047 334 4100 gnum
361 4039 424 4085 et
451 4029 646 4084 bonum
672 4043 730 4083 se
752 4026 1052 4090 dedidisse;
1080 4040 1201 4080 cum
1228 4025 1414 4094 majori
1443 4039 1669 4092 namque
1694 4024 1758 4077 li-

171 4127 386 4176 bertate
425 4119 786 4190 praedicabant
812 4117 1054 4172 verbum.
1087 4116 1194 4172 Nec
1221 4116 1489 4181 dicebant,
1519 4115 1644 4182 Nos,
1671 4115 1760 4184 qui

169 4212 421 4284 Cyrenei
450 4220 505 4266 et
528 4206 704 4282 Cyprii
736 4224 941 4275 sumus,
975 4209 1110 4264 hanc
1135 4207 1469 4278 aggredimur
1494 4207 1758 4261 civitatem

168 4303 512 4373 Splendidam
542 4310 594 4356 et
620 4315 894 4370 magnam;
923 4299 1015 4355 sed
1042 4301 1226 4370 gratia:
1255 4299 1344 4354 Dei
1375 4299 1532 4354 fidem
1565 4299 1762 4354 haben-

170 4405 252 4448 tes
271 4437 285 4456 ,
321 4404 381 4448 et
411 4394 489 4447 illi
518 4392 812 4448 doctrinam
842 4391 1075 4460 aggressi
1115 4399 1240 4444 sunt
1262 4431 1276 4454 ,
1308 4401 1361 4444 et
1394 4389 1443 4443 hi
1473 4405 1575 4444 non
1606 4389 1760 4443 dedi-

166 4486 313 4555 επιειῑί
360 4493 493 4539 sunt
531 4483 599 4538 ab
644 4483 748 4538 illis
782 4483 1048 4552 quidpiam
1080 4482 1340 4536 ediscere.
1374 4480 1502 4536 Vide
1528 4496 1557 4534 a
1587 4481 1762 4549 parvis

163 4587 218 4631 et
243 4578 466 4648 exiguis
489 4577 666 4630 omnia
699 4584 928 4642 peracta,
959 4573 1385 4642 prmdieationem
1413 4581 1642 4634 auctam,
1669 4589 1762 4626 eos

164 4669 252 4739 qni
286 4666 651 4735 Jerosulymis
670 4665 855 4720 eadem
880 4679 1000 4718 cum
1026 4664 1144 4718 aliis
1173 4664 1418 4716 omnibus
1445 4666 1758 4728 sentientes,

162 4769 218 4814 et
243 4759 407 4829 quasi
452 4772 609 4810 unam
648 4754 864 4810 domum
904 4755 1089 4809 orbem
1129 4761 1296 4808 totum
1329 4753 1528 4807 haberi.
1561 4753 1757 4806 Audie-

164 4864 287 4904 rant
333 4848 485 4919 quod
531 4846 772 4902 Samaria
812 4844 1103 4915 recepisset
1137 4844 1396 4909 verbum,
1425 4853 1480 4898 et
1505 4843 1763 4897 miserunt

165 4944 396 4998 Petrum
429 4951 484 4996 et
508 4940 770 4995 Joannem
802 4955 817 4995 :
843 4938 1126 4993 audierunt
1152 4936 1276 5006 quid
1307 4935 1600 4991 Antiochia:
1625 4937 1763 4990 acci-

162 5035 340 5088 disset
361 5075 377 5094 ,
412 5041 471 5086 et
497 5033 716 5086 mittunt
752 5030 1068 5085 Barnabatn.
1105 5029 1321 5083 Multum
1361 5029 1501 5083 enim
1533 5037 1647 5083 erat
1677 5027 1762 5082 iti-

163 5127 314 5181 neris
363 5125 600 5196 spatium
621 5165 638 5191 ,
682 5137 779 5178 nec
815 5121 1093 5192 oportebat
1129 5121 1305 5176 adhuc
1340 5121 1610 5191 apostolos
1638 5121 1762 5176 inde

226 5304 243 5334 ¹
281 5311 407 5352 Post.
428 5301 600 5362 verba,
613 5312 846 5350 memores
867 5312 1091 5359 essemus,
1117 5298 1311 5362 quidam
1333 5298 1650 5362 _Manttscripti
1675 5299 1760 5348 ad-

163 5367 289 5414 dunt
312 5399 329 5420 ,
357 5361 531 5412 adhuc
554 5362 761 5411 Jacobus
781 5361 975 5411 virebat.
1003 5360 1146 5410 Miror
1166 5363 1286 5410 hanc
1303 5360 1561 5409 clausulam
1585 5360 1641 5410 in
1673 5369 1761 5408 tta-

166 5426 443 5485 nuscriptis
474 5425 764 5486 quibusdam
798 5425 1026 5486 insertam
1058 5423 1244 5486 haberi.
1269 5423 1388 5486 Quid
1413 5424 1541 5470 enim
1573 5423 1630 5471 ad
1653 5436 1760 5486 rem

185 5483 662 5543 iraentem'facit,
685 5487 727 5534 si
757 5485 944 5534 dicatur
989 5486 1066 5534 hic
1105 5485 1262 5533 adhuc
1281 5483 1513 5533 Jacobum
1537 5486 1721 5534 vixisse
1736 5485 1759 5532 ‘t

215 5550 372 5598 einde
401 5560 524 5597 vero
543 5546 730 5610 dequo
751 5545 939 5610 Jacobo
955 5546 1034 5596 ltie
1055 5546 1252 5610 agitur?
1271 5545 1638 5610 Jacobttsenitn
1667 5548 1760 5595 fra-

170 5617 246 5660 ter
267 5611 487 5660 Joannis
508 5607 662 5671 paulo
676 5615 784 5670 post
815 5607 978 5671 gladio
999 5621 1154 5671 caesus
1176 5607 1347 5657 fertur.
1360 5607 1578 5671 placebas
1597 5616 1761 5656 autem

170 5671 325 5723 tnta
351 5668 550 5721 Domini
585 5668 840 5733 episcopus
871 5668 1312 5733 Jerosolymorum,
1357 5670 1558 5733 inferius
1594 5682 1760 5733 neque

171 5735 331 5784 senml
358 5735 416 5782 in
440 5736 564 5782 vivis
588 5730 700 5782 esse
727 5730 1036 5782 memoratur.
1064 5730 1134 5779 Ad
1172 5731 1287 5792 quid
1333 5744 1454 5792 ergo
1475 5730 1649 5779 dicitur
1680 5730 1761 5780 hic

175 5796 414 5846 iambum
444 5810 487 5843 In
513 5797 634 5843 vivis
655 5795 806 5844 fuisse
825 5795 852 5844 ?
877 5801 926 5844 et
949 5807 1034 5844 cur
1059 5795 1105 5842 id
1131 5806 1453 5843 amauueuses
1487 5793 1763 5843 addiderint

177 5870 270 5906 tum
291 5860 426 5908 satis
446 5859 703 5917 perspicio.

1117 414 1180 470 lN
1219 415 1397 471 ACTA
1437 411 1960 471 APOSTOLORUM.
2002 412 2232 469 llOlllL.
2275 414 2440 470 XXV.

3325 422 3424 478 las

1850 526 2130 583 discedere
2152 568 2167 594 ,
2201 545 2268 584 ne
2297 529 2498 600 fugitivi
2539 545 2660 586 esse
2703 531 3034 600 viderentur,
3064 544 3118 589 et
3145 551 3174 590 a
3203 537 3314 593 suis
3341 539 3424 593 t'u-

1849 618 2008 689 gisse.
2039 619 2186 676 Tunc
2213 632 2387 676 autem
2421 625 2724 678 necessario
2754 628 2981 694 separati
3011 637 3153 692 sunt,
3185 644 3304 684 eum
3334 635 3428 686 de-

1850 726 1994 764 nmtu
2033 712 2204 767 Juda:i
2252 713 2575 770 insanabiles
2611 731 2730 770 esse
2777 716 3096 781 riderentur,
3127 735 3248 774 cum
3289 721 3429 776 bello

1846 799 1955 870 jam
1991 802 2299 858 imminente
2332 805 2505 872 perire
2536 805 2654 860 illos
2680 807 2982 875 Oportebat,
3013 825 3133 864 cum
3165 815 3426 866 sententia

1850 891 2054 960 prolata
2084 901 2166 948 est
2197 910 2210 945 :
2239 897 2493 963 quoniam
2523 897 2773 965 quamdiu
2824 899 3016 955 Paulus
3054 901 3275 958 Romam
3322 921 3427 959 non

1851 984 2035 1050 venit,
2068 985 2177 1040 illic
2203 997 2374 1042 erant.
2403 987 2656 1042 Exierunt
2685 1000 2896 1056 autem,
2930 1008 3033 1046 non
3059 994 3199 1062 quod
3231 995 3426 1048 bellum

1852 1073 2100 1129 timerent
2128 1092 2141 1128 :
2169 1077 2438 1145 qu0utodo
2463 1077 2604 1132 enim
2634 1079 2954 1145 timuissent,
2982 1084 3070 1152 qui
3099 1095 3430 1154 oppugnatu-

1851 1179 1942 1220 ros
1965 1166 2220 1221 adibant?
2243 1167 2557 1239 Bellumque
2585 1170 2796 1226 demum
2826 1174 3050 1229 infertur
3069 1178 3176 1245 jam
3209 1180 3430 1232 mortuis

1852 1258 2128 1325 apostolis,
2158 1261 2374 1331 etquod
2401 1261 2467 1316 de
2497 1263 2600 1317 illis
2629 1263 2828 1319 dictum
2859 1277 2972 1322 erat
2996 1270 3173 1324 evenit
3203 1289 3215 1322 :
3245 1270 3428 1325 Perve—

1851 1349 1927 1401 nit
1952 1365 2104 1420 super
2139 1350 2256 1405 illos
2280 1353 2358 1405 ira
2385 1353 2439 1406 in
2469 1353 2620 1422 ﬁnem
2649 1355 2739 1426 (l.
2771 1354 2945 1410 Thess.
2979 1359 3033 1412 2.
3069 1359 3191 1428 l6).
3222 1364 3429 1426 Quanto

1851 1439 2013 1510 igitur
2035 1441 2372 1498 obscuriores
2397 1454 2571 1508 erant,
2604 1455 2751 1500 tanto
2780 1449 2947 1517 magis
2973 1451 3139 1518 gratia
3179 1452 3425 1521 fulgebat,

1851 1545 1949 1599 per
1967 1531 2186 1602 exiguos
2211 1549 2399 1604 magna
2429 1533 2649 1590 faciens.
2673 1535 2777 1592 Sed
2806 1540 3076 1607 superiora
3103 1554 3428 1611 repetamus.

1856 1619 2168 1677 Hortabatur
2191 1641 2381 1689 omnes,
2414 1626 2600 1696 inquit,
2633 1637 2686 1680 ut
2715 1642 3061 1698 permanerent
3088 1632 3139 1685 in
3172 1633 3386 1689 Domino
3413 1675 3427 1689 .

1852 1716 1972 1785 quia
2001 1727 2107 1770 erat
2134 1717 2210 1770 vir
2235 1717 2414 1772 bonus.
2447 1719 2670 1774 Videtur
2700 1720 2826 1774 tnihi
2868 1723 3060 1776 bonum
3091 1723 3271 1779 dicere
3299 1727 3430 1781 Sllll-

1853 1807 2045 1876 plicem
2065 1849 2079 1870 ,
2111 1823 2218 1862 non
2247 1809 2585 1874 simulatum,
2615 1813 2701 1878 qui
2736 1814 2958 1880 proximi
2990 1815 3213 1870 salutem
3245 1817 3432 1871 admo-

1853 1899 1978 1955 dum
2017 1911 2254 1971 cnperet.
2300 1901 2413 1956 Non
2456 1904 2613 1956 modo
2641 1913 2818 1958 autem
2847 1906 2927 1958 vir
2956 1905 3126 1961 bonus
3155 1917 3270 1962 erat
3292 1949 3307 1972 ,
3337 1909 3430 1964 sed

1853 2005 1908 2050 et
1950 1994 2137 2064 plenus
2176 1995 2372 2065 Spirittt
2416 2005 2600 2050 sancto
2643 2007 2696 2052 et
2741 1997 2865 2052 fide.
2897 1998 3021 2053 Ideo
3056 2015 3120 2054 ex
3164 2000 3435 2069 proposito

1855 2087 2033 2142 cordis
2072 2103 2259 2142 omnes
2306 2088 2652 2153 hortabatur;
2697 2090 2746 2143 id
2787 2100 2902 2155 est,
2943 2106 3061 2145 cum
3101 2094 3345 2148 eneomio
3383 2103 3435 2147 rt

1855 2179 2032 2235 laude.
2063 2180 2128 2234 Et
2147 2181 2421 2235 considera
2444 2182 2605 2250 quod,
2629 2192 2679 2238 ut
2705 2191 2846 2238 terra
2876 2185 3101 2256 pinguis,
3132 2201 3432 2240 sermonum

1857 2273 2061 2342 accepit
2085 2271 2198 2327 haec
2224 2273 2432 2340 civitas,
2455 2284 2507 2328 et
2536 2273 2762 2328 fructum
2794 2277 3015 2330 multum
3043 2277 3302 2331 exhibuit.
3329 2279 3435 2332 (Zur

1857 2372 2036 2418 autem
2063 2363 2230 2420 Tarso
2255 2364 2473 2422 Saulum
2504 2365 2774 2420 Barnabas
2801 2349 3036 2428 abduxit,
3064 2379 3116 2421 et
3145 2368 3245 2422 huc
3273 2368 3436 2423 dedu-

1857 2457 1977 2511 xit?
2007 2457 2121 2512 Non
2147 2458 2262 2513 sine
2289 2474 2469 2525 causa,
2501 2458 2593 2513 sed
2621 2460 2740 2529 quia
2770 2459 2855 2514 hic
2886 2460 3020 2513 bona
3054 2475 3196 2529 Spes.
3225 2463 3436 2516 civitas.

1857 2563 1962 2618 que
1990 2547 2162 2617 major
2189 2558 2340 2613 erat,
2373 2565 2437 2604 ac
2471 2565 2660 2620 magna
2702 2550 3008 2605 multitudo.
3041 2551 3285 2606 Vidistin’
3313 2571 3435 2623 gra-

1858 2639 1984 2693 tiam
2026 2640 2206 2694 omnia
2253 2641 2505 2710 operari,
2554 2657 2671 2695 non‘
2705 2641 2968 2696 Paulum?
3012 2652 3066 2699 et
3106 2648 3369 2714 quomodo
3407 2665 3436 2704 τι

1859 2731 2034 2800 parvis
2066 2746 2150 2785 res
2179 2739 2352 2800 empta
2379 2731 2488 2797 sit;
2519 2732 2608 2786 ubi
2634 2743 2809 2788 autem
2839 2736 3084 2790 inclaruit
3104 2779 3116 2798 ,
3151 2750 3274 2792 tttuc
3303 2742 3436 2794 tttitti

1859 2823 2195 2878 Barnabam?
2224 2825 2289 2878 Et
2312 2840 2407 2879 cur
2436 2841 2540 2878 non
2569 2837 2693 2880 ante
2723 2827 2979 2883 miserunt
3010 2830 3196 2884 illum?
3225 2832 3437 2886 Multam

1858 2929 2036 2970 rerum
2064 2915 2128 2969 ad
2160 2931 2218 2971 se
2245 2918 2598 2986 spectantium
2628 2934 2809 2972 curam
2839 2919 3131 2983 habebant,
3167 2937 3263 2977 nec
3294 2925 3439 2980 volc-

1859 3007 1986 3061 bant
2026 3007 2223 3064 Iudaeis
2263 3009 2548 3063 accusandi
2581 3027 2638 3064 se
2678 3010 2849 3065 locttm
2891 3011 3018 3067 dare
3042 3055 3056 3076 ,
3085 3015 3222 3082 quod
3254 3027 3441 3083 gentes

1858 3101 2227 3168 admitterent;
2247 3103 2344 3156 etsi
2364 3103 2483 3172 quia
2509 3104 2636 3172 ipsis
2659 3106 2962 3159 ueces~ario
2976 3109 3244 3161 commixti
3265 3127 3309 3161 ei
3324 3121 3436 3173 aut,

1859 3195 1980 3262 quia
2007 3195 2321 3264 disceptatio
2349 3195 2590 3264 quatdam
2619 3196 2792 3251 futura
2819 3209 2933 3251 erat
2965 3199 3101 3253 inter
3128 3199 3244 3254 illos
3269 3243 3280 3260 .
3312 3202 3441 3252 tior-

1861 3287 1985 3342 uelii
2010 3298 2219 3358 gestum
2247 3289 2536 3358 praecessit.
2567 3288 2715 3343 Tune
2741 3289 2899 3344 etiam
2928 3291 3108 3346 dieuut
3133 3311 3144 3345 :
3173 3293 3238 3348 Ut
3265 3310 3360 3347 nos
3389 3295 3440 3348 in

1859 3389 2082 3449 gentes,
2128 3380 2226 3450 ipsi
2275 3395 2402 3435 vero
2451 3383 2502 3435 in
2545 3382 3026 3436 circumcisioncm.
3067 3383 3133 3438 Et
3174 3387 3442 3453 perpendo

1861 3486 2016 3540 quam
2062 3474 2372 3542 tempestive
2409 3474 2696 3528 necessitas
2725 3473 2876 3529 famis
2903 3479 3440 3536 communicationem

1861 3562 2004 3617 illam
2036 3564 2291 3634 gentium,
2326 3565 2388 3619 iis
2416 3565 2505 3635 qui
2533 3564 2883 3636 Jernsolymis
2909 3578 3062 3622 erant
3092 3569 3328 3634 missam,
3363 3571 3444 3625 in-

1861 3651 2089 3707 duxerit.
2120 3653 2404 3722 Accipiunt
2427 3666 2605 3710 autem
2632 3655 2699 3710 ab
2727 3656 2848 3722 illis,
2882 3658 2968 3727 qui
3002 3675 3128 3725 non,
3158 3661 3295 3715 sicut
3319 3677 3439 3727 nos,

1863 3742 1917 3796 in
1947 3743 2089 3797 luctu
2125 3745 2457 3800 calamitates
2488 3747 2727 3802 ferebant
2751 3789 2767 3814 ,
2797 3749 2888 3802 sed
2915 3764 3036 3803 cum
3068 3753 3255 3820 majori
3285 3769 3443 3807 secu-

1865 3833 2039 3900 ritate,
2068 3843 2250 3904 utpote
2273 3836 2362 3905 qui
2388 3837 2570 3906 procul
2598 3847 2778 3892 essent
2801 3838 2869 3891 ab
2896 3839 2979 3904 iis,
3009 3841 3096 3910 qui
3124 3843 3444 3912 impedirent

1865 3925 2040 3993 ipsos,
2068 3933 2122 3979 et
2149 3926 2287 3980 inter
2311 3926 2555 3982 homines
2582 3937 2759 3982 essent
2780 3970 2795 3994 ,
2825 3930 2912 3998 qui
2942 3945 3046 3984 non
3078 3931 3322 3987 timerent
3347 3933 3444 3987 Ju-

1863 4017 2011 4071 dmos
2033 4035 2047 4071 :
2073 4017 2212 4087 quod
2242 4017 2414 4087 ipsum
2441 4032 2547 4071 non
2573 4033 2758 4086 parum
2784 4020 3131 4075 conducebat.
3156 4022 3259 4078 Sed
3283 4024 3444 4079 etiam

1864 4109 1918 4164 in
1949 4108 2180 4181 Cyprum
2225 4109 2556 4179 migrarunt,
2591 4111 2680 4164 ttbi
2709 4127 2897 4182 magna
2925 4114 3183 4169 securitas
3213 4129 3360 4180 erat,
3390 4129 3446 4175 et

1865 4201 2036 4270 major
2064 4200 2302 4255 libertas.
2332 4199 2541 4253 Nemini
2565 4243 2578 4267 ,
2614 4202 2820 4272 inquit,
2852 4204 3181 4275 loquebantur
3209 4209 3406 4264 verbum
3427 4255 3442 4274 ,

1865 4292 1962 4346 nisi
1986 4291 2206 4346 Judwis.
2243 4291 2356 4345 Non
2401 4292 2470 4348 ob
2511 4301 2709 4347 metum
2751 4293 3059 4362 hominum,
3093 4314 3248 4366 quem
3295 4301 3442 4356 nihili

1866 4382 2128 4438 faciei-ant
2153 4400 2166 4447 ;
2199 4382 2292 4438 sed
2321 4383 2496 4452 legem
2526 4393 2832 4450 servantes,
2862 4396 2915 4440 et
2944 4387 3088 4456 ipsos
3112 4390 3284 4444 adhuc
3315 4393 3446 4448 tole—

1867 4485 2067 4530 rantes.
2097 4475 2258 4528 Erant
2283 4483 2449 4529 autem
2476 4476 2683 4547 quidam
2709 4477 2991 4532 Antiochiw
3017 4478 3192 4549 Cyprii
3219 4491 3264 4534 et
3293 4481 3446 4553 Cyre-

1866 4569 1981 4622 nazi.
2013 4567 2071 4620 lli
2105 4567 2334 4620 maxime
2362 4581 2464 4619 non
2493 4567 2751 4621 curabant
2774 4567 3006 4623 Judreos.
3041 4568 3140 4635 Qui
3169 4572 3443 4641 loqueban-

1867 4670 1948 4712 tur
1967 4661 2032 4712 ad
2051 4659 2272 4725 (Iris-cas,
2293 4661 2648 4713 annuntiantcs
2668 4659 2939 4714 Dominum
2959 4660 2996 4714 Ι
2999 4680 3156 4716 esum.
3184 4663 3272 4717 Fui
3290 4667 3444 4720 lassis

1866 4751 2004 4818 quod
2033 4752 2296 4804 nescirent
2320 4749 2604 4818 Hebraice,
2629 4750 2843 4807 Graecus
2873 4753 2989 4806 illos
3015 4756 3292 4810 vocabant.
3320 4758 3444 4812 Cum

1866 4843 2096 4906 venisset,
2129 4842 2319 4912 inquit,
2348 4840 2630 4905 Barnabas,
2658 4854 2702 4897 et
2733 4844 2932 4898 uidisset
2961 4847 3174 4914 gratiam
3199 4847 3311 4911 Dei,
3338 4866 3440 4904 non

1866 4935 2191 5005 diligentiam
2235 4935 2546 5002 hominum,
2577 4936 2871 4989 hortabatur
2908 4937 3026 4990 illos
3068 4955 3358 5008 permanere
3390 4943 3444 4997 in

1871 5025 2105 5080 Domina.
2140 5027 2300 5081 Forte
2325 5028 2464 5096 quod
2496 5027 2734 5082 laudaret
2776 5027 2980 5081 turbam
3007 5037 3060 5082 et
3087 5032 3440 5101 approbaret,

1869 5117 1989 5171 ideo
2019 5117 2196 5186 plures
2223 5118 2508 5173 convertit.
2540 5118 2605 5172 Et
2634 5132 2800 5183 quare
2841 5135 2942 5171 non
2976 5119 3139 5174 Paulo
3167 5123 3437 5187 scribunt,

1867 5209 1959 5263 sed
1992 5208 2284 5262 Barnabam
2315 5207 2567 5261 mittunt?
2592 5206 2835 5262 Nondum
2866 5208 2959 5262 viri
2988 5212 3234 5266 virtutem
3279 5231 3443 5269 nove-

1869 5307 2019 5362 rant;
2050 5299 2274 5367 ideoque
2313 5296 2562 5352 statuitur
2600 5307 2658 5352 ut
2694 5297 2964 5354 Barnabas
2998 5310 3198 5356 tantum
3227 5305 3444 5373 prolici-

1867 5402 2126 5446 sceretur.
2149 5390 2279 5456 Quia
2304 5405 2428 5444 vero
2448 5399 2503 5444 et
2528 5391 2808 5445 multitudo
2827 5404 2962 5455 erat,
2985 5403 3034 5448 et
3060 5411 3213 5448 nemo
3236 5395 3443 5465 eberat,

1869 5481 1989 5535 ideo
2015 5481 2166 5533 facile
2196 5479 2326 5534 ﬁdes
2349 5481 2697 5550 germinavit,
2725 5483 2954 5539 maxime
2981 5485 3104 5555 quia
3133 5486 3332 5540 nullam
3362 5488 3447 5544 hic

1868 5573 2109 5628 ferebant
2134 5574 2500 5637 tcntatiouem,
2529 5581 2583 5627 et
2608 5574 2730 5642 quia
2759 5575 2952 5629 Paulus
2979 5575 3316 5646 prwdicabat,
3348 5593 3445 5633 nec

1863 5663 1972 5734 jam
2017 5663 2198 5734 fugere
2245 5663 2551 5733 cogebatur.
2593 5665 2760 5720 Recte
2793 5678 2970 5721 autem
3012 5685 3114 5722 non
3145 5669 3220 5726 illi
3250 5667 3443 5725 famem

1869 5754 2193 5827 priedieunt,
2226 5755 2318 5811 sed
2367 5756 2639 5826 prepheta:
2660 5799 2674 5824 ,
2704 5772 2770 5813 ne
2801 5761 3012 5814 onerosi
3046 5760 3117 5813 illi
3146 5776 3265 5816 esse
3294 5762 3443 5816 vidc-

1872 5859 2078 5903 rcntur.
2109 5845 2284 5902 Mirari
2325 5863 2450 5904 vero
2484 5848 2657 5915 subit,
2687 5865 2783 5904 cur
2818 5849 3130 5905 Antmcheui
3169 5854 3318 5922 quasi
3345 5857 3442 5906 de-
