3978 6510
533 368 636 426 195

530 489 698 559 διαιιί
727 504 832 545 non
865 490 1290 562 mdignarentur,
1321 489 1414 544 sed
1445 486 1681 542 contenti
1714 492 1899 540 essent
1926 481 2112 537 docto-

531 579 675 637 ribus
704 598 718 636 :
745 592 814 636 tta
843 599 1030 638 omnes
1061 581 1334 636 fervebant
1371 594 1493 648 erga
1525 590 1847 632 sermonem.
1874 573 1974 641 Qui
2004 585 2110 624 non

527 683 836 743 exspectato
865 673 1020 730 laniis
1051 683 1312 744 tempore,
1337 671 1530 743 singuli
1555 684 1652 742 pro
1678 668 1928 724 facultate
1948 665 2109 719 mise-

529 773 672 820 runt.

597 858 650 912 3.
685 857 752 912 Et
780 857 1022 924 observa,
1053 859 1194 929 quod
1225 859 1364 914 inter
1384 856 1656 924 apostolos
1681 855 1797 910 aliis
1827 854 1929 909 hoc
1955 868 2105 909 com-

527 948 792 1011 mittitur;
843 950 928 1007 hic
971 966 1097 1004 vero
1136 951 1330 1006 Paulus
1365 959 1421 1004 et
1460 948 1728 1003 Barnabas
1763 947 2103 1015 deputantur.

526 1042 636 1098 Nec
662 1043 777 1098 sine
809 1044 955 1114 gravi
995 1059 1152 1099 causa
1189 1043 1239 1098 id
1271 1043 1539 1114 provisum
1569 1051 1652 1097 est
1675 1059 1689 1094 :
1714 1039 1950 1109 alioquin
1979 1051 2111 1092 vero.

527 1132 731 1187 initium
755 1143 894 1201 erat,
922 1143 1153 1204 tuncque
1186 1149 1290 1188 non
1315 1133 1596 1203 oportebat
1622 1130 1838 1186 oﬂ‘endi.
1869 1129 1937 1183 At
1967 1141 2107 1182 nunc

526 1239 684 1278 nemo
719 1223 770 1278 id
806 1225 960 1289 facit,
993 1226 1115 1281 licet
1144 1225 1312 1280 fames
1346 1225 1414 1280 sit
1448 1225 1534 1278 illa
1560 1223 1792 1294 gravior.
1821 1219 1940 1276 Non
1960 1218 2103 1274 enim

525 1329 622 1382 par
658 1329 744 1369 res
784 1326 868 1369 est
909 1331 1246 1370 communem
1292 1315 1433 1372 ferre
1470 1315 1822 1370 calamitatem
1846 1353 1861 1377 ,
1893 1320 1945 1365 et
1975 1309 2102 1364 dum

520 1417 712 1458 onmes
735 1404 1058 1458 abundantia
1083 1407 1348 1472 fruuntur,
1374 1403 1718 1475 pauperiores
1739 1413 1940 1458 tantum
1965 1401 2103 1456 fame

523 1497 786 1552 laborare.
819 1498 969 1554 Tunc
1011 1498 1178 1554 fames
1207 1507 1325 1554 erat
1347 1538 1362 1562 ,
1393 1506 1451 1552 et.
1485 1497 1573 1567 qui
1608 1497 1803 1551 dabant
1842 1507 2102 1565 pauperes

523 1587 653 1657 (Pro
683 1589 922 1659 facultate
946 1606 1042 1642 sua
1073 1587 1295 1660 singuli,
1322 1590 1514 1659 inquit)
1545 1608 1558 1644 :
1589 1604 1727 1645 nunc
1751 1605 1879 1644 vero
1905 1587 2100 1658 duplex

517 1692 602 1735 est
635 1681 824 1748 fames,
856 1684 994 1739 sicut
1021 1692 1074 1737 et
1099 1684 1296 1752 duplex
1323 1682 1646 1738 abundantia
1671 1697 1687 1735 :
1713 1681 1878 1737 fames
1901 1680 2096 1751 gravis,

521 1773 718 1839 fames,
753 1791 857 1828 non
894 1775 1140 1830 audiendi
1179 1777 1396 1830 verbum
1442 1775 1680 1842 Domini,
1711 1774 1806 1830 sed
1838 1789 1932 1844 per
1955 1776 2099 1830 eice.-

517 1879 798 1936 mosynam
835 1865 1009 1920 cibum
1049 1866 1366 1935 accipiendi.
1411 1866 1560 1920 Tunc
1604 1875 1662 1920 et
1691 1866 1780 1936 qui
1824 1866 1878 1919 in
1913 1864 2095 1920 Judaea

519 1971 778 2026 pauperes
801 1966 973 2025 erant,
997 1969 1050 2013 et
1073 1958 1164 2028 qui
1191 1958 1486 2012 Antiochia:
1510 1957 1760 2028 pecunias
1784 1956 2095 2026 erogabant,

520 2046 658 2102 bono
686 2047 994 2103 fruebantur
1019 2066 1032 2114 ;
1062 2059 1116 2104 et
1145 2049 1196 2103 hi
1230 2051 1398 2120 magis
1426 2065 1582 2120 quam
1611 2049 1684 2103 illi
1713 2067 1727 2102 :
1754 2063 1890 2102 nunc
1917 2061 2094 2102 autent

515 2147 571 2194 et
598 2153 696 2194 nos
723 2149 776 2194 et
797 2155 1059 2211 pauperes
1090 2143 1139 2194 in
1169 2139 1307 2196 fame
1332 2157 1346 2193 :
1374 2142 1449 2196 illi
1473 2141 1614 2212 quod
1644 2140 1948 2196 necessario
1974 2140 2094 2194 cibo

515 2241 726 2301 egeant,
759 2247 857 2288 nos
881 2234 1021 2303 quod
1053 2233 1104 2289 in
1133 2236 1348 2304 penuria
1377 2234 1756 2290 misericordiae
1786 2234 1877 2290 Dei
1906 2234 2092 2286 simus.

516 2322 628 2378 lloc
652 2323 770 2378 cibo
797 2323 928 2379 nihil
951 2325 1118 2395 magis
1140 2326 1498 2380 necessarium
1521 2325 1697 2381 fuerit.
1723 2325 1819 2381 Hic
1840 2341 1944 2380 non
1969 2325 2094 2380 sub-

512 2423 706 2470 euntur
733 2415 865 2470 mala
885 2455 900 2481 ,
934 2432 1051 2485 qua:
1089 2432 1152 2471 ex
1194 2418 1470 2473 saturitate
1495 2419 1738 2473 oriuntur
1765 2434 1778 2472 :
1810 2417 1964 2486 hujus
1989 2418 2091 2472 cibi

512 2519 620 2559 non
650 2509 702 2558 in
731 2521 1001 2561 secessum
1026 2508 1286 2562 emittitur
1309 2522 1429 2579 pars
1455 2509 1703 2562 maxima.
1727 2507 1866 2562 Nihil
1894 2508 2091 2563 formo-

511 2597 623 2652 sius
645 2638 662 2663 ,
697 2598 827 2653 nihil
856 2599 1039 2653 sanius
1065 2599 1241 2652 anima
1270 2615 1388 2670 quae
1417 2601 1495 2654 sic
1529 2601 1730 2664 alitur;
1754 2600 1898 2654 omni
1927 2615 2091 2668 snpe-

509 2687 620 2744 rior
645 2699 726 2743 est
752 2689 960 2754 morbo,
988 2691 1130 2743 onmi
1157 2688 1318 2757 fame,
1349 2689 1492 2744 omni
1522 2690 1837 2760 intemperie
1861 2698 1916 2745 et
1938 2690 2093 2758 mgri-

510 2778 690 2834 tudine
723 2797 736 2833 :
765 2794 923 2835 nemo
963 2780 1107 2834 illam
1162 2795 1356 2850 Capere
1395 2784 1626 2850 poterit;
1680 2782 1773 2836 sed
1813 2783 1950 2836 sicut
1988 2781 2088 2836 ad-

505 2871 835 2926 amantinum
860 2887 1053 2941 corpus
1075 2887 1178 2926 non
1200 2873 1395 2927 ferrum
1419 2873 1625 2929 ccedere
1639 2875 1796 2936 valet.
1821 2890 1925 2928 non
1947 2874 2090 2929 aliud

505 2963 715 3032 quidvis
742 2983 755 3018 :
784 2965 863 3020 sic
892 2980 989 3020 nec
1021 2967 1251 3020 animam
1278 2966 1613 3036 eleemosyna
1642 2966 1902 3021 firmatam
1928 2967 2086 3038 quid-

505 3057 586 3110 vis
615 3071 807 3126 capere
838 3057 1050 3124 poterit.
1079 3057 1250 3122 Quid,
1280 3072 1494 3126 qua-so,
1529 3058 1671 3112 illam
1699 3073 1890 3128 capere
1921 3060 2088 3129 possit

504 3148 794 3219 umquam?
823 3151 1145 3219 paupertas?
1173 3149 1422 3216 Minime;
1450 3151 1500 3204 in
1533 3151 1691 3220 regiis
1718 3152 1858 3206 enim
1889 3167 2086 3222 penua-

503 3241 596 3295 riis
638 3241 806 3310 posita
837 3249 938 3297 est.
982 3241 1064 3296 An
1105 3241 1187 3296 fur
1221 3251 1275 3296 et
1315 3241 1492 3296 latro?
1522 3243 1625 3298 Sed
1656 3242 1776 3298 illos
1807 3242 2084 3312 perfodere

503 3335 734 3403 parietes
763 3349 922 3390 nemo
951 3335 1111 3389 valet.
1145 3335 1224 3389 An
1253 3335 1486 3390 vermis?
1516 3335 1621 3390 Sed
1654 3339 1752 3390 hac
1778 3337 1936 3391 etiam
1965 3351 2086 3406 per-

503 3427 640 3480 nicie
671 3427 914 3496 superior
937 3436 1022 3482 est
1048 3425 1137 3481 hic
1159 3427 1460 3482 thesaurus.
1484 3427 1568 3482 An
1592 3427 1749 3481 timor
1771 3435 1827 3482 et
1851 3428 2084 3482 invidia?

500 3518 572 3570 At
599 3532 703 3571 non
737 3518 819 3570 his
849 3517 1075 3586 capitur.
1119 3516 1493 3589 Sycophantia:
1537 3528 1590 3573 et
1626 3518 1866 3574 insidiaa?
1901 3518 2084 3588 Neque

501 3608 641 3675 ill-.e;
671 3610 948 3663 thesaurus
975 3609 1168 3679 quippe
1191 3619 1273 3664 est
1302 3610 1626 3664 inaccessus.
1658 3609 1764 3665 Sed
1792 3620 1945 3680 turpe
1969 3610 2082 3665 fue-

502 3701 598 3765 rit,
630 3702 673 3754 si
705 3699 818 3754 hzec
846 3701 1017 3754 solum
1043 3717 1159 3770 qua:
1186 3701 1538 3773 eleemosyna:
1569 3701 1748 3756 insunt
1772 3701 2079 3769 ostendero,

497 3793 676 3848 missis
719 3793 782 3848 iis
818 3809 937 3864 qua:
980 3793 1247 3848 contraria
1284 3794 1384 3847 illis
1422 3803 1566 3848 sunt.
1596 3792 1713 3849 Non
1744 3794 1906 3849 modo
1936 3795 2078 3849 enim

499 3884 588 3938 illa
624 3885 692 3940 ab
730 3884 876 3938 omni
923 3884 1118 3939 invidia
1160 3895 1246 3940 est
1276 3884 1478 3951 libera,
1505 3883 1600 3940 sed
1631 3893 1684 3940 et
1712 3885 2080 3941 benedictione

495 3974 689 4029 fruitur
728 3975 890 4029 multa
919 3975 986 4030 ab
1016 3976 1080 4031 iis
1099 4016 1114 4039 ,
1142 3977 1234 4046 qui
1277 3976 1418 4031 illam
1446 3976 1730 4048 accipiunt.
1761 3977 1909 4033 Sicut
1936 3978 2076 4031 enim

499 4067 772 4121 inhumani
802 4077 852 4121 et
881 4067 1128 4122 crudeles
1158 4083 1264 4121 non
1292 4067 1450 4122 laesos
1473 4068 1646 4123 solum
1678 4068 1881 4123 habent
1905 4068 2079 4123 inimi-

496 4173 626 4224 cus,
656 4159 748 4213 sed
777 4162 935 4214 etiam
963 4173 1084 4226 eos,
1114 4160 1210 4228 qui
1236 4158 1363 4213 nihil
1401 4161 1525 4214 mali
1555 4161 1694 4228 passi
1727 4160 1882 4216 hesos
1913 4161 2077 4214 mise-

496 4259 704 4314 rantur.
734 4251 1156 4322 inhumanosque
1183 4261 1434 4307 accusant
1463 4270 1476 4306 :
1503 4253 1579 4307 sic
1601 4253 1689 4322 qui
1721 4253 1925 4323 magnis
1950 4253 2080 4308 alle-

496 4357 622 4398 cere
649 4345 820 4405 bouis.
847 4359 952 4398 non
981 4359 1076 4400 eos
1099 4345 1186 4414 qui
1211 4361 1467 4415 accepere
1499 4354 1723 4413 tantum,
1747 4348 1838 4403 sed
1867 4357 1922 4403 et
1943 4349 2077 4404 alios

499 4433 698 4488 habent
719 4436 1039 4489 laudatores.
1067 4436 1204 4502 Quid
1234 4438 1299 4490 ab
1328 4437 1519 4491 invidia
1550 4439 1744 4495 liberos
1773 4441 1894 4496 dico
1919 4443 1970 4496 ’Υ
1995 4441 2078 4495 Ab

501 4524 900 4594 insidiatoribus
939 4527 1098 4580 etiam
1120 4568 1135 4591 ,
1165 4528 1366 4582 furibus
1402 4539 1453 4582 et
1493 4531 1751 4598 parietum
1780 4532 2076 4593 effractori-

499 4616 600 4672 bus
631 4619 940 4673 liberantur.
973 4620 1151 4690 Neque
1177 4620 1277 4675 hoc
1301 4623 1470 4676 solum
1501 4624 1638 4678 inest
1659 4625 1780 4679 boni
1806 4642 1820 4689 ;
1849 4626 1942 4681 sed
1970 4643 2076 4682 non

499 4712 660 4768 modo
688 4728 790 4765 non
821 4713 1074 4766 minuitur
1098 4713 1392 4768 substantia
1415 4756 1426 4776 ,
1460 4730 1642 4769 vermn
1670 4717 1828 4771 etiam
1855 4729 2078 4787 augetur

497 4814 553 4860 et
582 4806 794 4860 crescit.
824 4803 960 4871 Quid
989 4805 1508 4862 Nabuchodonosme
1548 4808 1789 4878 turpius?
1827 4809 1952 4878 quid
1982 4809 2078 4865 fua-

494 4896 658 4952 dius?
683 4896 806 4966 quid
851 4897 1114 4965 iniquius?
1150 4897 1345 4966 Impius
1373 4909 1485 4952 erat
1519 4900 1677 4952 homo
1708 4915 1723 4953 :
1759 4900 1902 4954 mille
1937 4901 2076 4954 iudi-

495 4990 613 5055 cia,
647 4990 790 5043 mille
819 4989 965 5059 signa
1002 4989 1166 5056 vidit,
1199 4999 1254 5044 et
1292 4991 1606 5059 resipiscere
1636 4992 1834 5057 noluit;
1863 4991 1954 5047 sed
1985 4993 2075 5048 Dei

497 5094 683 5134 servos
713 5098 761 5135 tu
791 5081 1055 5134 eatniuum
1081 5083 1278 5146 injecit,
1305 5083 1511 5136 etiamsi
1546 5091 1726 5150 postea
1755 5084 2074 5138 adoraverit.

495 5173 633 5241 Quid
672 5175 828 5243 igitur
867 5173 1156 5243 propheta?
1195 5173 1303 5228 Rea:
1327 5217 1341 5239 ,
1379 5173 1644 5229 consilium
1681 5192 1844 5229 meum
1884 5177 2078 5243 placeat

502 5267 586 5328 tibi
613 5284 634 5320 :
659 5277 862 5338 peccata
892 5277 979 5320 tua
1005 5267 1334 5337 eleemosynis-
1345 5269 1551 5334 redime,
1578 5279 1624 5321 et
1651 5269 1936 5338 iniquitates
1965 5280 2078 5324 mas

498 5359 898 5415 miserationibus
939 5375 1214 5429 pauperum
1242 5375 1259 5413 :
1283 5360 1417 5426 forte
1453 5363 1545 5416 erit
1581 5363 1724 5416 venia
1760 5362 1954 5416 delictis
1981 5363 2078 5416 tuis

499 5451 659 5523 (Dan.
691 5451 744 5507 4.
775 5449 890 5520 24).
924 5450 1047 5504 Hinc
1073 5451 1144 5505 ita
1169 5451 1300 5506 dixit
1330 5468 1434 5506 non
1462 5453 1708 5508 dubitans
1736 5454 1911 5525 (valde
1934 5453 2074 5508 enim

496 5543 598 5602 libi
629 5557 936 5614 persuasum
962 5542 1125 5610 erat),
1153 5543 1244 5596 sed
1273 5553 1326 5596 nt
1357 5543 1502 5598 illum
1536 5546 1585 5598 in
1613 5546 1864 5614 majorem
1893 5544 2075 5613 injice-

500 5647 586 5692 ret
611 5637 853 5692 timorem
874 5677 889 5701 ,
915 5645 968 5690 et
997 5635 1249 5704 majorem
1282 5635 1395 5690 haec
1427 5635 1650 5693 faciendi
1680 5640 2073 5692 necessitatem.

562 5777 583 5811 ί
616 5776 750 5830 Alius
771 5777 893 5836 Ιιιεο,
917 5773 1033 5839 quid
1055 5773 1115 5826 ab
1137 5772 1316 5827 invidia
1343 5773 1515 5826 liberos
1534 5773 1672 5837 dico,
1696 5775 1873 5824 omisit.

1200 367 1260 426 S.
1297 365 1575 424 JOANNIS
1609 359 2083 424 CHRYSOSTOMI
2122 357 2436 416 AliClllEP.
2473 361 3001 421 CONSTANTINOP.
3700 369 3792 429 196

2225 477 2355 533 Nam
2383 479 2425 533 si
2453 480 2766 536 affirmando
2803 481 3023 538 dixisset
3047 523 3060 546 ,
3091 482 3440 554 negligentior
3468 485 3553 539 ille
3584 485 3787 543 fuisset.

2215 567 2304 625 Sic
2329 579 2383 625 et
2407 586 2504 626 nos
2530 582 2653 628 tunc
2681 575 2911 629 Inaxime
2934 574 3189 645 quosdam
3219 591 3487 646 urgemus,
3514 596 3636 636 cum
3665 584 3784 636 dici-

2215 679 2331 718 mus
2357 682 2370 718 :
2400 664 2622 720 Hortare
2651 665 2799 720 illum
2829 666 3021 733 talem;
3052 683 3149 723 nec
3170 668 3439 737 addimus,
3469 671 3618 726 illum
3645 675 3788 730 audi-

2215 749 2387 811 lufum
2412 774 2628 825 prorsus
2647 775 2788 827 esse,
2818 761 2934 828 sed,
2960 761 3187 820 fortasse
3211 765 3513 821 auditurum
3541 786 3554 821 :
3578 785 3701 822 nam
3724 787 3786 825 ex

2211 847 2542 905 dubitatione
2581 850 2750 921 major
2784 861 2932 908 ortus
2969 853 3158 920 timor,
3189 857 3357 926 magis
3388 847 3632 928 impellit.
3667 861 3789 916 Ideo

2212 938 2262 991 id
2296 939 2367 992 illi
2397 955 2501 994 non
2532 942 2868 998 manifestum
2897 945 3042 1000 fecit.
3071 946 3207 1014 Quid
3234 949 3366 1004 dicis
3388 950 3411 1002 ἲ
3437 953 3666 1008 tantisne
3692 953 3788 1006 im-

2211 1031 2497 1100 pietatibus
2523 1035 2626 1088 erit
2657 1035 2853 1090 venia?
2880 1037 3074 1092 Etiam.

2284 1123 2446 1180 Omne
2471 1137 2729 1196 peccatum
2763 1141 2836 1184 est
2873 1132 3186 1204 eleemosyna
3214 1135 3441 1206 inferius.
3468 1171 3538 1178 —
3564 1140 3678 1195 Non
3705 1152 3785 1198 est

2210 1229 2482 1288 peccatum
2508 1263 2524 1288 ,
2556 1223 2697 1292 quod
2743 1240 2851 1279 non
2891 1228 3058 1296 possit
3098 1229 3432 1302 eleetnosyua
3477 1249 3704 1304 purgare
3731 1246 3786 1292 et

2208 1314 2546 1384 exstinguere
2586 1332 2601 1370 :
2641 1332 2799 1374 omne
2848 1332 3118 1389 peccatum
3162 1335 3246 1379 est
3289 1325 3375 1380 illa
3423 1327 3644 1383 inferius
3673 1347 3690 1385 :
3717 1331 3783 1386 ad

2207 1421 2366 1461 omne
2392 1408 2582 1463 vulnus
2619 1419 2798 1479 aptum
2830 1411 3174 1482 pharmacum
3201 1425 3302 1472 est.
3335 1419 3469 1486 Quid
3504 1422 3784 1488 publicano

2206 1495 2479 1552 deterius?
2499 1498 2622 1554 Haec
2643 1502 2816 1557 omnis
2840 1504 3132 1574 iniquitatis
3155 1510 3364 1562 occasio
3384 1521 3467 1564 est
3490 1528 3502 1564 :
3528 1511 3622 1565 sed
3647 1515 3782 1568 hanc

2207 1598 2373 1644 totum
2400 1591 2565 1646 abluit
2592 1592 2898 1649 Zacchteus.
2933 1597 3081 1660 Vide,
3110 1601 3376 1667 quomodo
3410 1604 3508 1657 hoc
3537 1605 3784 1660 ostendat

2203 1681 2468 1749 Christus,
2499 1700 2623 1740 eum
2646 1688 2851 1742 curavit
2877 1691 3203 1760 marsupium
3237 1691 3454 1756 habere,
3483 1703 3538 1748 et
3566 1707 3782 1760 portare

2202 1789 2264 1828 ea
2295 1791 2414 1844 quze
2439 1778 2878 1834 immittebantur.
2912 1781 3106 1837 Paulus
3129 1800 3337 1854 quoque
3361 1786 3489 1840 dicit
3521 1804 3534 1839 :
3560 1785 3781 1841 Tantum

2203 1876 2257 1920 ut
2282 1885 2559 1940 pauperum
2588 1887 2832 1926 memores
2862 1874 3018 1928 simus
3045 1874 3186 1942 (Gal.
3215 1876 3268 1930 2.
3305 1876 3393 1946 10)
3421 1893 3435 1942 ;
3462 1888 3515 1931 et
3557 1879 3607 1930 in
3638 1879 3784 1934 Scri-

2203 1963 2369 2028 pturis
2401 1964 2596 2032 passim
2624 1963 2722 2021 hac
2745 1967 2813 2022 de
2852 1983 2910 2022 re
2948 1969 3136 2038 agitur.
3174 1967 3396 2024 Pretium
3432 1972 3618 2025 anima:
3644 1972 3741 2025 viri
3763 2013 3779 2036 ,

2201 2054 2400 2124 inquit,
2429 2057 2616 2112 divitia
2642 2061 2862 2130 prapria:
2890 2059 3070 2130 (Prov.
3103 2064 3186 2117 i5.
3222 2064 3276 2133 8)
3306 2083 3320 2126 ;
3351 2063 3592 2120 Christus
3619 2081 3780 2128 vero,

2200 2149 2263 2202 Si
2287 2150 2359 2203 vis
2384 2154 2632 2222 perfectus
2656 2168 2780 2218 esse,
2805 2154 2961 2208 vende
2981 2157 3149 2208 omnia
3169 2173 3281 2224 qua:
3300 2158 3469 2222 habes,
3491 2168 3538 2211 et
3559 2159 3626 2212 da
3644 2176 3782 2228 pau—

2199 2243 2419 2310 peribus,
2447 2251 2494 2297 et
2520 2243 2649 2307 veni,
2676 2261 2882 2313 sequere
2901 2263 2978 2300 me
2998 2247 3210 2318 (Matt/1.
3243 2249 3326 2304 l9.
3358 2249 3470 2320 2i).
3498 2251 3622 2306 llatc
3651 2269 3781 2308 vera

2200 2335 2454 2401 perfectio
2482 2344 2582 2391 est.
2616 2337 2966 2410 Eleemosyna
3000 2355 3124 2396 vero
3160 2358 3265 2396 non
3307 2344 3546 2412 pecuniis
3573 2345 3740 2398 modo
3762 2387 3781 2412 ,

2197 2425 2289 2480 sed
2318 2426 2477 2481 etiam
2504 2428 2755 2497 operibus
2783 2439 3081 2486 exercetur.
3108 2432 3348 2502 Exempli
3376 2449 3555 2502 causa,
3587 2451 3782 2505 possu-

2196 2535 2314 2574 mus
2346 2522 2661 2588 patrocinari
2683 2563 2698 2589 ,
2732 2536 3009 2591 possumus
3039 2541 3252 2581 manum
3285 2526 3558 2596 porrigere
3585 2546 3600 2584 :
3628 2545 3783 2600 ωερε

2197 2611 2544 2680 patrocinium
2577 2613 2695 2683 plus
2722 2617 2974 2684 servavit,
3003 2631 3160 2687 quam
3192 2621 3451 2688 pecuniae.

2265 2704 2318 2758 4.
2365 2704 2710 2776 Eleemosynte
2733 2707 2871 2761 modi
2895 2710 3040 2762 uarii.
3055 2710 3253 2781 -—Age
3277 2727 3405 2782 ergo
3435 2713 3489 2767 in
3509 2716 3773 2784 praesenti

2195 2796 2372 2850 omnia
2411 2797 2766 2869 eleemosynze
2793 2814 2987 2870 genera
3019 2802 3333 2860 excitemus.
3365 2804 3523 2860 Potes
3555 2823 3650 2872 per
3684 2823 3781 2874 pe-

2195 2887 2421 2943 cunias?
2462 2888 2539 2944 Ne
2577 2891 2754 2960 segnis
2780 2901 2917 2947 esto.
2958 2892 3114 2948 Potes
3150 2909 3244 2964 per
3274 2895 3665 2964 patrocinium?
3699 2897 3782 2953 Ne

2194 2979 2361 3045 dicas,
2389 2982 2510 3048 quia
2535 2984 2773 3051 pecunim
2804 2999 2908 3037 non
2935 2984 3147 3052 adsunt;
3171 2985 3275 3042 hoc
3305 2987 3436 3042 nihil
3465 2997 3567 3044 est.
3602 2989 3781 3044 Valde

2196 3088 2442 3143 magnum
2468 3074 2570 3129 hoc
2601 3091 2814 3146 quoque
2851 3087 2931 3132 est
2956 3098 2968 3133 :
2997 3093 3060 3132 ac
3097 3079 3142 3134 si
3174 3081 3448 3148 pecuniam
3484 3082 3736 3138 dedisses
3761 3126 3779 3148 ,

2193 3165 2272 3221 sic
2299 3165 2519 3222 allectus
2547 3176 2682 3222 esto.
2723 3167 2882 3223 Potes
2911 3169 3261 3225 ministrando
3284 3173 3509 3240 juvare?
3537 3174 3654 3229 Hoc
3701 3175 3780 3229 fa-

2191 3260 2319 3313 cito.
2350 3259 2590 3330 Exempli
2612 3262 2802 3332 gratia,
2821 3271 2934 3316 arto
2960 3261 3196 3320 medicus
3216 3265 3314 3318 es?
3337 3264 3577 3320 lnlirmos
3597 3283 3738 3321 cura
3761 3284 3778 3332 ;

2189 3361 2238 3406 et
2269 3351 2372 3408 hoc
2399 3367 2646 3423 magnum
2675 3364 2775 3408 est.
2824 3354 2976 3409 Potes
3004 3355 3230 3411 consilio
3252 3357 3483 3426 juvare?
3513 3358 3625 3414 lloe
3652 3376 3780 3413 om-

2189 3445 2337 3500 nium
2364 3447 2622 3516 optimum
2655 3456 2739 3502 est
2775 3459 2829 3503 et
2874 3448 3161 3507 maximum
3187 3491 3203 3516 ,
3235 3451 3510 3522 majusque
3556 3454 3780 3508 lucrum

2191 3536 2352 3592 habet
2384 3556 2398 3592 :
2433 3553 2538 3593 non
2565 3539 2706 3594 enim
2738 3541 2835 3594 hac
2857 3543 2939 3596 via
2978 3540 3173 3599 famem
3201 3583 3218 3611 ,
3263 3544 3356 3599 sed
3395 3546 3777 3615 gravissimam

2188 3640 2416 3684 mortem
2439 3631 2608 3700 pellis.
2633 3631 2743 3685 Hoc
2761 3634 2988 3701 apostoli
3011 3634 3154 3690 bono
3175 3637 3316 3705 pleni
3337 3653 3551 3704 prorsus
3567 3650 3742 3695 erant
3761 3661 3776 3695 :

2188 3725 2310 3780 ideo
2328 3727 2670 3795 pecuniarum
2696 3725 3121 3784 distributionem
3148 3728 3487 3786 inferioribus
3510 3735 3779 3788 commit-

2189 3817 2412 3880 tebant,
2442 3817 2567 3872 dum
2613 3833 2865 3874 sermone
2905 3819 3181 3889 iuvabant.
3215 3823 3300 3877 An
3345 3832 3498 3892 putas
3541 3840 3777 3894 parvam

2187 3923 2307 3964 esse
2333 3909 2746 3980 eleemosynam.
2769 3911 2998 3967 animam
3021 3914 3230 3968 anxiam
3249 3956 3265 3982 ,
3293 3915 3363 3970 de
3387 3917 3646 3972 extremis
3680 3933 3781 3988 pe-

2184 4002 2502 4057 riclitantem
2520 4045 2536 4068 ,
2573 4003 2734 4059 febris
2770 4005 2960 4060 ardore
2987 4005 3261 4061 detentam
3279 4048 3302 4073 ,.
3327 4022 3358 4060 a
3386 4009 3574 4064 morbo
3602 4024 3782 4076 posse

2187 4095 2456 4150 liberare?
2484 4095 2639 4150 Verbi
2670 4097 2861 4165 gratia,
2891 4097 3048 4152 vides
3067 4099 3296 4153 amicum
3323 4099 3550 4154 avaritia
3569 4101 3779 4157 deten-

2186 4188 2338 4240 tum»?
2365 4186 2615 4242 Miscrare
2645 4189 2937 4243 hominem.
2980 4190 3281 4245 Suffocatur
3308 4190 3398 4248 ille
3418 4192 3448 4245 ἵ
3468 4192 3780 4264 Exsﬁngue

2183 4281 2326 4335 illius
2357 4281 2551 4350 ignem.
2580 4281 2715 4348 Quid
2741 4282 2898 4351 igitur
2917 4283 2960 4336 si
2985 4297 3096 4339 non
3117 4283 3450 4352 obtemperet
3470 4284 3491 4338 ?
3511 4283 3589 4338 Tu
3617 4287 3778 4354 quod

2184 4385 2330 4427 tuum
2363 4382 2448 4429 est
2474 4372 2669 4440 facito,
2703 4389 2801 4428 nec
2831 4374 3048 4444 ignavus
3085 4375 3178 4430 sis.
3211 4375 3372 4431 Vides
3399 4391 3518 4431 eum
3557 4378 3607 4430 in
3643 4379 3776 4431 vin-

2182 4467 2318 4520 culis
2343 4465 2609 4520 detineri?
2637 4466 2655 4535 (
2680 4481 2800 4519 nam
2828 4466 3066 4535 pecuniae
3090 4482 3215 4522 vere
3242 4468 3450 4522 vincula
3480 4469 3674 4538 sunt).
3704 4470 3774 4525 ll-

2181 4557 2291 4612 lnm
2318 4559 2425 4623 adi,
2449 4557 2643 4622 invise,
2667 4557 2968 4623 consolare,
2996 4573 3025 4610 a
3055 4558 3283 4612 vinculis
3303 4560 3511 4628 eripere.
3537 4573 3776 4615 conare.

2183 4652 2238 4707 Si
2279 4653 2445 4714 nolit,
2489 4666 2652 4721 penes
2691 4651 2838 4705 illum
2876 4651 3030 4721 culpa
3068 4653 3190 4706 erit.
3237 4649 3426 4705 Vidisti
3477 4652 3688 4707 nudum
3721 4661 3779 4708 et

2183 4743 2520 4814 peregrinum
2543 4745 2564 4794 ’ἰ
2595 4741 2792 4814 (nudus
2810 4743 2952 4798 enim
2970 4757 3096 4796 vere
3119 4751 3180 4797 et
3195 4743 3506 4811 peregrinus
3536 4743 3590 4796 in
3607 4745 3782 4800 caelis

2182 4846 2284 4902 est,
2319 4837 2407 4904 qui
2436 4844 2635 4890 rectam
2663 4837 2799 4888 viam
2833 4849 2935 4888 non
2971 4836 3168 4903 curat);
3202 4833 3401 4904 Recipe
3429 4834 3480 4888 in
3518 4834 3780 4890 diverso—

2186 4922 2322 4981 rium
2351 4937 2533 4992 tuum-,
2565 4926 2897 4981 vestimentis
2931 4926 3142 4978 virtutis
3171 4925 3330 4979 indue
3361 4925 3503 4980 illum
3530 4965 3544 4984 .
3589 4925 3665 4979 da
3699 4929 3780 4982 illi

2183 5019 2449 5074 civitatem
2483 5020 2534 5072 in
2573 5019 2723 5073 caelo.
2755 5019 2889 5084 Quid
2927 5035 3082 5084 ergo,
3115 5019 3158 5071 si
3194 5029 3246 5072 et
3273 5032 3377 5087 ego
3410 5017 3582 5073 nudus
3616 5023 3734 5073 sim
3765 5063 3780 5083 ,

2184 5110 2392 5179 inquies
2409 5109 2709 5178 ?'T-eipsum
2745 5109 2903 5163 indue
2926 5111 3153 5178 primum
3181 5127 3194 5161 :
3227 5109 3270 5162 si
3307 5110 3446 5164 nosti
3472 5118 3522 5164 te
3557 5112 3780 5165 nudum

2183 5218 2304 5258 esse
2328 5247 2341 5268 ,
2375 5204 2529 5272 plane
2556 5203 2660 5257 scis
2689 5212 2738 5256 te
2762 5203 2907 5259 indui
2939 5213 3207 5271 Oportere.
3235 5202 3288 5256 Si
3318 5202 3570 5256 nuditatis
3599 5205 3780 5272 hujus

2184 5296 2396 5353 modum
2429 5296 2588 5360 nosti,
2614 5311 2770 5350 nosse
2798 5297 3018 5365 poteris,
3045 5310 3151 5366 quo
3167 5312 3298 5365 opus
3323 5298 3394 5351 sit
3414 5297 3776 5352 vestimento.

2182 5390 2322 5457 Quot
2342 5391 2594 5446 mulieres
2619 5392 2788 5446 serica
2824 5391 3136 5446 vestimenta
3168 5399 3407 5461 gestant,
3437 5391 3780 5458 virtutisque

2183 5485 2417 5539 vestibus
2460 5499 2674 5554 prorsus
2720 5485 2873 5539 nuda:
2909 5486 3078 5538 sunt?
3109 5486 3200 5538 His
3245 5484 3363 5538 illas
3393 5485 3620 5538 vestiant
3665 5487 3778 5541 viri

2181 5575 2282 5628 sui.
2318 5574 2512 5628 Verum
2545 5591 2649 5629 non
2680 5575 2964 5630 admittunt
2992 5576 3108 5631 illas
3154 5585 3327 5630 vestes
3351 5616 3367 5636 ,
3400 5575 3496 5629 has
3526 5576 3781 5630 volunt?

2183 5666 2296 5720 lloc
2337 5665 2564 5734 primum
2611 5669 2808 5723 facito:
2850 5669 3057 5721 illarum
3103 5668 3325 5721 vestium
3371 5667 3778 5734 concupiscen-

2182 5768 2305 5823 tiam
2334 5765 2436 5818 illis
2464 5761 2672 5818 insinua
2699 5777 2713 5825 ;
2742 5760 2965 5816 ostende
2997 5760 3098 5814 illis
3126 5759 3267 5830 ipsas
3296 5776 3415 5814 esse
3459 5761 3627 5813 mulas
3651 5801 3669 5822 ,
3701 5760 3780 5816 de
