4100 6354
526 239 631 296 197

523 355 764 427 τοσούτῳ
795 354 1029 426 μάλιστα
1054 355 1285 427 γυμνὰς,
1340 355 1449 424 ὅσῳ
1487 354 1723 423 μάλιστα
1753 352 1819 406 ἂν
1855 353 2191 424 περιϐάλων-

521 461 634 509 ται,
669 444 744 515 μὴ
772 444 1167 514 ἀπεχθάνεσθε.
1201 444 1266 496 Τί
1291 439 1405 506 οῦν,
1457 442 1577 495 εἰπέ
1614 459 1724 511 μοι,
1756 442 1887 493 ὅταν
1915 441 2041 504 τοὺς
2066 442 2192 510 περί

521 535 747 604 γεέννης
797 534 1142 604 ἀνακινῶμεν
1190 535 1402 603 λόγους,
1461 533 1557 585 κα)⁵
1597 532 1704 584 τῶν
1759 530 2191 602 βασανιστηρίων

522 623 769 687 ἐκείνων,
805 622 925 692 ούχί⁸
962 622 1163 692 μᾶλλον
1209 622 1317 674 τῶν
1346 620 1567 691 γυμνῶν
1596 619 1821 672 ἐκείνων
1878 620 2190 689 πεπήγασιν

520 707 666 764 οῦτοι
688 712 782 764 καὶ
806 711 1133 782 τρέμουσιν;
1165 710 1287 779 οὐχί
1320 709 1491 778 πικρά
1537 706 1875 769 στενάζουσι,
1906 707 1999 761 καὶ
2020 723 2189 759 κατα-

521 798 831 863 δικάζουσιν
854 798 1115 862 ἐαυτούς;
1152 799 1216 850 Τί
1242 797 1352 859 δαὶ,
1403 797 1531 849 ὅταν
1562 794 1639 865 τῷ
1672 795 1803 847 δεῖνι
1841 796 2191 864 προσέρχων-

521 904 612 940 ται
644 889 737 940 καὶ
757 885 1003 954 λέγωσιν
1035 881 1202 950 Εὖξαι
1224 885 1364 956 ὑπὲρ
1389 882 1545 953 ἐμοῦ’
1570 883 1692 953 ούχί
1717 883 1784 935 τὰ
1808 882 1950 936 αὐτὰ
1974 884 2192 953 ῥήματα

523 974 847 1042 φθέγγονται
876 974 1139 1037 ἐκείνοις;
1192 973 1353 1027 Ἀλλά
1383 970 1477 1025 νῦν
1515 972 1634 1041 μέν,
1681 972 1781 1023 ὅσα
1810 969 1875 1023 ἂν
1921 970 2187 1041 εἴπωμεν,

522 1061 673 1114 οὔπω
701 1061 837 1131 δήλη
870 1062 903 1131 ἡ
957 1060 1253 1130 γυμνότης·
1309 1059 1461 1112 ἔσται
1503 1059 1560 1112 δέ
1598 1060 1714 1112 ἐκεῖ
1756 1057 1912 1129 δήλη.
1943 1057 2068 1120 Πῶς
2095 1058 2189 1111 καὶ

520 1149 625 1201 τίνι
654 1149 874 1219 τρόπῳ;
910 1150 1077 1202 Ὅταν
1118 1148 1227 1201 τῶν
1282 1147 1524 1218 σηρικῶν
1580 1146 1807 1217 ἱματίων
1856 1145 2060 1199 τούτων
2095 1146 2187 1199 καὶ

519 1238 628 1289 τῶν
677 1236 841 1290 λίθων
879 1236 1257 1299 ἀπωλολότων,
1309 1235 1416 1287 ἀπὸ
1473 1233 1650 1305 μόνων
1693 1233 1800 1286 τῶν
1831 1232 1932 1303 τῆς
1987 1234 2187 1304 ἀρετῆς

521 1325 741 1395 καὶτῆς
794 1325 993 1387 κακίας
1044 1325 1273 1394 ἱματίων
1326 1323 1563 1385 ἅπαντες
1617 1322 1937 1390 φαίνων-ταν
1980 1323 2104 1375 ὅταν
2137 1322 2186 1374 οἰ

522 1414 621 1481 μὲν
678 1413 909 1483 πένητες
963 1407 1094 1465 ὦσιν
1150 1412 1513 1481 ἠμφιεσμένοι
1563 1409 1717 1473 δόξαν
1784 1409 2002 1479 πολλὴν,
2044 1412 2092 1462 οἰ
2129 1408 2187 1461 δὲ

521 1497 883 1562 πλουτοῦντες
912 1501 1108 1569 γυμνοὶ
1132 1500 1227 1552 καὶ
1255 1497 1691 1570 ἀσχημονοῦντες
1716 1497 1851 1568 πρὸς
1902 1498 1971 1550 τά
2022 1498 2186 1551 κολα-

524 1588 721 1658 στήρια
755 1586 1048 1659 σύρωνται.
1100 1590 1166 1641 Τί
1220 1587 1516 1659 ἁϐρότερον
1553 1584 1621 1659 ἦν
1652 1587 1745 1641 τοῦ
1801 1588 2056 1641 πλουσίου
2090 1588 2184 1641 τοῦ

519 1675 618 1746 τὴν
674 1677 957 1748 πορφύραν
1002 1677 1482 1748 ἐνδιδυσκομένου;
1519 1677 1572 1731 τί
1618 1676 1675 1729 δὲ
1726 1676 2048 1746 πενέστερον
2091 1676 2185 1731 τοῦ

519 1762 810 1833 Λαζάρου;
846 1764 929 1828 τίς
975 1760 1067 1819 οῦν
1090 1766 1156 1818 τὰ
1180 1766 1288 1819 τῶν
1320 1765 1558 1820 ἐπαιτῶν
1590 1764 1884 1835 ἐφθέγγετο
1933 1766 2184 1835 ρήματα;

519 1848 602 1912 τίς
624 1849 677 1902 δὲ
694 1851 750 1902 ἐν
773 1851 1003 1925 ἀφθονίᾳ
1028 1848 1094 1923 ἦν
1120 1870 1133 1918 ;
1164 1853 1300 1906 Εἰπέ
1331 1871 1441 1925 μοι,
1480 1854 1533 1906 εῖ
1557 1869 1641 1915 τις
1669 1852 1767 1923 τὴν
1797 1852 1974 1905 οἰκίαν
2028 1868 2184 1924 περι-

518 1937 704 1991 ϐάλλοι
749 1939 961 2002 πολλοῖς
994 1943 1106 2003 τοῖς
1158 1942 1676 2011 παραπετάσμασιν,
1732 1941 1891 2002 αὐτὸς
1930 1941 1986 1994 δὲ
2037 1940 2187 1993 ἔνδον

518 2025 752 2095 κάθηται
781 2028 1007 2097 γυμνὸς,
1040 2028 1091 2081 τί
1130 2029 1191 2081 τὸ
1220 2028 1444 2099 κέρδος;
1479 2028 1636 2081 Οῦτω
1692 2028 1785 2080 καὶ
1816 2028 1908 2081 ἐπὶ
1944 2028 2053 2081 τῶν
2086 2044 2183 2095 γυ-

518 2113 722 2167 ναικῶν
757 2114 982 2183 γίνεται.
1018 2117 1128 2186 Τὴν
1158 2117 1256 2186 μὲν
1295 2120 1404 2186 γὰρ
1436 2114 1612 2170 οἰκίαν
1646 2115 1745 2186 τῆς
1767 2114 1965 2186 ψυχῆς,
1999 2116 2061 2169 τὸ
2082 2115 2186 2168 σῶ-

521 2216 596 2268 μα
650 2199 813 2270 λέγω,
876 2204 1090 2267 πολλοῖς
1141 2203 1578 2275 περιϐάλλουσιν·
1629 2204 1663 2275 ἡ
1721 2203 1777 2256 δέ
1812 2203 2186 2257 οἰκοδέσποινα

517 2287 665 2342 ἔνδον
716 2292 949 2362 κάθηται
1006 2294 1212 2364 γυμνή,
1262 2293 1516 2364 Χρήσατέ
1564 2309 1655 2363 μοι
1700 2293 1827 2356 τοὺς
1864 2291 1963 2363 τῆς
2009 2292 2186 2363 ψυχῆς

514 2376 848 2450 ὀφθαλμοὺς,
874 2381 966 2435 καὶ
1017 2382 1279 2446 ὑποδείξω
1318 2383 1445 2452 ὑμῖν
1473 2381 1573 2450 τῆς
1603 2380 1781 2451 ψυχῆς
1836 2381 1937 2450 τὴν
1980 2382 2186 2451 γυμνό-

1370 239 1428 294 S.
1469 236 1754 295 JOANNIS
1791 235 2282 293 CHRYSOSTOMI
2326 234 2646 292 ARCIIIEP.
2688 230 3214 290 CONSTANTINOP

3859 233 3967 288 198

2296 369 2454 424 τητα.
2488 352 2555 404 Τί
2585 352 2694 420 γάρ
2718 354 2864 403 ἐστιν
2891 350 3104 421 ἰμάτιον
3131 349 3340 419 ψυχῆς,
3390 348 3580 420 Ἀρετὴ
3594 347 3744 422 [207]
3773 349 3974 413 δηλον-

2292 442 2393 493 ὅτι.
2426 440 2493 494 Τί
2541 440 2598 492 δέ
2627 440 2941 508 γυμνότης;
2984 437 3187 490 Κακία.
3214 436 3482 509 Καθάπερ
3509 438 3617 510 γάρ
3644 438 3792 502 εἴτις
3826 440 3975 491 ἀποο

2291 528 2470 581 δύσειέ
2493 544 2616 581 τινα
2646 526 2757 579 τῶν
2798 524 3118 595 ἐλευθέρων,
3153 525 3465 594 αἰσχύνεται
3495 528 3588 579 καὶ
3614 526 3977 579 συστέλλεται

2292 617 2386 669 καὶ
2418 615 2626 686 φεύγει·
2649 614 2791 667 οὕτω
2812 614 2875 684 δὴ
2909 614 3004 667 καὶ
3043 612 3209 682 ψυχὴ,
3258 613 3323 667 ἂν
3372 612 3616 683 θέλωμεν
3657 615 3739 677 εἰς
3787 614 3979 683 αὐτὴν

2295 704 2447 766 ἰδεῖν,
2478 706 2510 774 ἡ
2539 704 2612 773 μὴ
2634 702 2805 755 ταῦτα
2828 701 3026 771 ἐχουσα
3063 700 3132 753 τά
3153 700 3363 769 ἱμάτια,
3386 700 3631 773 ἐρυθριᾷ.
3654 703 3837 765 Πόσας
3866 700 3978 753 οἴει

2291 791 2384 844 νῦν
2414 790 2781 862 αἰσχύνεσθαι,
2826 790 2923 843 καὶ
2953 788 3089 860 πρὸς
3117 787 3245 840 αύτέ
3283 789 3645 843 καταδύεσθαι
3687 792 3748 843 τὸ
3776 789 3975 861 βάθος,

2291 878 2478 950 ῶσπερ
2494 898 2545 933 τι
2558 879 2969 949 παραπέτασμα
2980 880 3073 932 καὶ
3090 877 3461 950 προκάλυμμα
3479 879 3868 949 ἐπιζητούσας,
3884 880 3979 931 ἵνα

2291 968 2497 1021 τούτων
2537 967 2612 1038 μὴ
2640 967 2886 1020 ἀκούοιεν
2913 966 3021 1020 τῶν
3063 966 3270 1034 λόγων;
3299 966 3366 1020 Αἰ
3390 967 3445 1020 δέ
3479 967 3643 1038 μηδὲν
3665 966 3980 1020 συνειδυῖαι

2290 1056 2529 1121 ἑαυταῖς,
2554 1056 2868 1124 γάννυνται,
2902 1054 3203 1125 χαίρουσιν,
3235 1054 3619 1126 ἐναϐρύνονται
3642 1056 3736 1108 καὶ
3763 1054 3981 1123 ἐγκαλ-

2289 1142 2619 1209 λωπίζονται
2648 1146 2762 1207 τοῖς
2791 1142 3126 1213 λεγομένοις.
3185 1143 3452 1197 Ἀκουσον
3478 1144 3605 1213 περί
3654 1145 3753 1213 τῆς
3783 1161 3984 1215 μακα-

2292 1231 2411 1298 ρίας
2456 1230 2684 1301 Θέκλης.
2730 1230 2942 1300 Ἐκείνη
2970 1230 3057 1283 ἵνα
3084 1229 3294 1283 Παῦλον
3326 1231 3432 1303 ῖδῃ,
3481 1232 3574 1285 καὶ
3618 1232 3687 1284 τὰ
3750 1232 3981 1302 χρυσία

2288 1318 2486 1371 ἔδωκεν
2516 1318 2733 1388 ἐαυτῆς·
2771 1318 2834 1371 σὺ
2868 1318 2923 1371 δέ
2956 1318 3042 1371 ἵνα
3072 1318 3164 1371 τὸν
3203 1319 3437 1391 Χριστὸν
3461 1319 3596 1390 ἴδῃς,
3622 1319 3742 1372 ούδέ
3774 1307 3982 1373 δϐολδν

2288 1408 2465 1472 δίδως,
2505 1408 2641 1462 ἀλλά
2666 1407 2967 1478 θαυμάζεις
2994 1408 3093 1478 μέν
3129 1407 3200 1461 τά
3230 1410 3572 1480 γεγενημένα
3604 1411 3695 1464 ὑπ’
3719 1413 3979 1482 ἐκείνης,

2288 1498 2349 1550 οὺ
2390 1496 2571 1568 ζηλοῖς
2590 1496 2667 1550 δέ.
2695 1497 2808 1549 Ούκ
2828 1496 3048 1560 ἀκούεις
3082 1496 3199 1560 πῶς
3220 1498 3345 1562 τοὺς
3397 1500 3691 1569 ἐλεήμονας
3720 1503 3983 1570 μακαρί-

2292 1586 2374 1651 ζει
2398 1588 2426 1638 6
2461 1586 2668 1654 Δόγος;
2698 1585 2988 1654 Μακάριοι
3028 1588 3083 1641 οἰ
3116 1586 3464 1656 ἐλεήμονες.
3501 1590 3683 1659 φησὶν,
3725 1590 3817 1643 ὅτι
3862 1594 3979 1644 αὺ-

2283 1676 2368 1730 τοί
2425 1675 2879 1743 ἐλεηθήσονται.
2926 1675 2990 1728 Τί
3015 1676 3073 1728 τὺ
3133 1676 3323 1748 κέρδος
3357 1678 3465 1731 ἀπὸ
3497 1678 3603 1731 τῶν
3646 1678 3979 1732 πολυτελῶν

2287 1763 2518 1832 ἱματίων
2544 1778 2558 1827 ;
2592 1763 2752 1834 μέχρι
2785 1762 2916 1817 πότε
2948 1762 3085 1833 πρὸς
3112 1762 3316 1836 ταύτην
3351 1766 3657 1836 κεχήνᾶμεν
3686 1768 3787 1836 τὴν
3837 1785 3979 1821 στο-

2286 1848 2422 1919 λήν;
2467 1850 2902 1922 Ἀμφιασώμεθα
2937 1853 3036 1924 τὴν
3092 1853 3251 1921 δόξαν
3278 1854 3374 1907 τοῦ
3426 1856 3685 1926 Χριστοῦ,
3724 1858 3980 1927 περιϐαο

2283 1936 2505 2007 λώμεθα
2530 1940 2591 1991 τὸ
2614 1939 2809 2003 κάλλος
2830 1942 3024 2005 ἐκεῖνο,
3056 1941 3143 1996 ἴνα
3168 1941 3263 1995 καὶ
3293 1942 3523 1996 ἐνταῦθα
3553 1944 3978 2015 ἐπαινεοῶμεν,

2286 2027 2383 2079 καὶ
2441 2027 2557 2079 ἐκεῖ
2604 2028 2713 2079 τῶν
2768 2028 3004 2081 αἰωνίων
3064 2026 3319 2099 τύχωμεν
3365 2029 3604 2098 ἀγαθῶν,
3638 2030 3827 2101 χάριτι
3876 2038 3979 2087 καὶ

2283 2115 2667 2187 φιλανθρωπίᾳ
2694 2116 2788 2169 τοῦ
2847 2116 3054 2188 Κυρίου
3087 2117 3243 2188 ἡμῶν
3297 2118 3469 2188 Ἰησοῦ
3521 2120 3783 2189 Χριστοῦ,
3845 2124 3979 2191 μεθ’

2282 2196 2343 2255 οῦ
2370 2203 2447 2274 τῷ
2481 2204 2654 2274 Πατρὶ
2706 2204 2823 2274 ἅμα
2871 2203 2949 2275 τῷ
3002 2205 3143 2275 ἁγίῳ
3191 2206 3471 2277 Πνεύματι
3519 2206 3666 2273 δόξα,
3730 2209 3981 2273 κράτος,

2282 2291 2437 2363 τιμὴ,
2475 2292 2569 2345 νῦν
2607 2293 2703 2346 καὶ
2742 2292 2851 2357 ἀεὶ,
2903 2292 2997 2345 καὶ
3054 2294 3134 2357 εἰς
3168 2294 3296 2357 τοὺς
3328 2293 3531 2358 αἰῶνας
3578 2294 3686 2349 τῶν
3717 2295 3979 2351 αἰώνων.

2296 2382 2488 2452 Ἀμήν.

2010 2577 2255 2632 OMIAIA
2296 2581 2443 2646 καί.

513 2673 652 2731 Κατ’
698 2673 928 2726 ἐκεῖνον
971 2670 1039 2724 δὲ
1084 2671 1189 2725 τὸν
1245 2670 1454 2740 καιρὸν
1488 2671 1780 2725 ἐπέϐαλεν
1838 2669 2091 2740 Ἡρώδης
2146 2674 2178 2724 ό

578 2760 877 2826 βασιλεὺς
908 2758 1014 2824 τὰς
1043 2758 1244 2828 χεῖρας
1282 2758 1551 2813 κακῶσαί
1579 2776 1746 2824 τινας
1779 2759 1895 2812 τῶν
1926 2758 2044 2813 ἀπὸ
2070 2758 2180 2825 τῆς

597 2849 979 2915 Ἑκκλησίας.
1038 2846 1263 2900 ’Λνεῖλε
1321 2845 1389 2898 δὲ
1425 2845 1700 2901 Ἰάκωϐον
1749 2848 1853 2901 τὸν
1912 2845 2180 2915 ἀδελφὸν

598 2934 874 2991 Ἰωάννου
914 2935 1199 3003 μαχαίρᾳ.
1237 2934 1348 2986 Καὶ
1408 2932 1549 2987 ἰδὼν
1594 2932 1683 2987 ὅτι
1731 2935 1987 3001 ἀρεστόν
2048 2936 2179 2989 ἐστι

585 3023 709 3090 τοῖς
756 3023 1087 3088 Ἰουδαίοις,
1143 3020 1467 3087 προσέθετο
1535 3022 1868 3076 συλλαϐεῖν
1920 3022 2020 3076 καί
2069 3022 2181 3077 1Ιέ-

584 3129 739 3179 τρον.
770 3106 962 3165 Ἦσαν
998 3110 1066 3163 δέ
1097 3112 1155 3163 al
1188 3108 1394 3178 ἡμέραι
1428 3110 1548 3162 τῶν
1588 3110 1862 3179 Ἀζύμων.

585 3200 814 3252 ανηΠοῖον
833 3201 1037 3252 ἐκεῖνον
1058 3198 1203 3267 λέγει
1227 3198 1417 3268 καιρόν
1434 3199 1685 3262 ;Πάντως
1699 3199 1787 3252 τὸν
1802 3200 2018 3269 ἐφεξῆς.
2037 3199 2177 3253 Ἀλλ’

514 3287 742 3339 ἐνταῦθα
774 3287 869 3357 μὲν
910 3286 1106 3349 οῦτως,
1150 3286 1382 3356 ἀλλαχοῦ
1434 3288 1493 3340 δέ
1542 3288 1759 3358 ἑτέρως.
1798 3289 1967 3341 Ὅταν
1993 3287 2103 3359 γὰρ
2150 3290 2179 3343 6

514 3375 791 3437 ὶ-Ιατθαίος
828 3375 991 3445 λέγῃ·
1038 3376 1140 3429 Ἐν
1182 3375 1309 3440 ταῖς
1341 3377 1588 3444 ἡμέραις
1636 3376 1891 3442 ἐκείναις
1930 3377 2179 3446 παραγί-

512 3477 674 3514 νεται
710 3462 989 3528 Ἰωάννης
1037 3463 1385 3530 κηρύσσων,
1446 3464 1506 3515 οὐ
1563 3463 1658 3526 τάς
1707 3463 1904 3533 ἐφεξῆς
1966 3464 2177 3535 ἡμέρας

512 3548 683 3620 δηλῶν
712 3550 881 3618 λέγει,
920 3549 1031 3603 ἀλλ’
1058 3551 1292 3616 ἐκείνας,
1326 3553 1384 3603 ἐν
1430 3546 1517 3614 αἷς
1542 3551 1729 3621 ἔμελλε
1760 3552 2005 3621 γίνεσθαι
2035 3552 2176 3625 άπερ

511 3636 794 3706 διηγεῖται.
823 3637 983 3700 Ἕθος
1019 3636 1126 3707 γάρ
1175 3640 1240 3708 τῇ
1290 3639 1475 3709 Γραφῇ
1525 3638 1699 3709 τούτῳ
1745 3639 2046 3710 κεχρῆσθαι
2099 3639 2178 3709 τῷ

512 3724 718 3794 τρόπῳ,
771 3726 863 3779 καὶ
890 3727 1019 3779 ποτὲ
1054 3724 1152 3796 μὲν
1199 3726 1268 3778 τὰ
1295 3726 1418 3797 ἐξῆς
1459 3727 1825 3797 συμϐαίνοντα
1873 3728 2177 3791 ἀκολούθως

514 3812 805 3876 ἐκτιθέναι,
868 3815 997 3867 ποτέ
1050 3814 1105 3867 δὲ
1153 3815 1221 3867 τά
1283 3815 1503 3885 ὕστερον
1569 3815 1883 3884 συμϐαίνειν
1920 3816 2176 3887 μέλλοντα

510 3900 585 3964 ώς
614 3901 808 3971 ἐφεξῆς
840 3903 1220 3970 ἀπαγγέλλειν.
1256 3903 1452 3967 Καλῶς
1476 3902 1550 3973 ,δέ
1589 3902 1759 3971 λέγει,
1804 3903 1885 3956 ὅτι
1924 3903 2175 3971 Ἡρώδης

513 3993 546 4044 ὀ
586 3991 921 4058 ,βασιλεύςο
985 3985 1139 4056 οὗτος
1171 3992 1278 4063 γὰρ
1316 3994 1415 4046 οὐκ
1460 3989 1529 4064 ἦν
1580 3996 1608 4047 6
1646 3995 1739 4047 ἐπὶ
1775 3993 1868 4047 τοῦ
1917 3995 2167 4066 Χριστοῦ.

524 4077 652 4131 Ἰδοὺ
688 4080 990 4150 πειρασμὸς
1018 4081 1220 4150 ἕτερος.
1256 4083 1363 4133 Καὶ
1392 4081 1510 4151 ὅρα,
1543 4082 1676 4152 ὅπερ
1706 4082 1763 4147 ἐξ
1792 4082 1964 4153 ἀρχῆς
2001 4078 2173 4149 εἷπον,

513 4163 629 4227 πῶς
676 4165 744 4218 τά
800 4168 1095 4236 πράγματα
1152 4168 1444 4233 πλέκεται,
1504 4168 1620 4232 πῶς
1678 4169 1747 4221 δι’
1796 4171 2031 4233 ἀνέσεως
2084 4173 2177 4224 καὶ

515 4250 744 4319 θλίψεως
804 4254 981 4306 πάντα
1038 4255 1339 4321 ὑφαίνεται.
1398 4256 1511 4307 Οὐκ
1567 4256 1646 4308 ἔτι
1673 4257 1934 4320 Ἰουδαῖοι,
1963 4259 2083 4311 ούδέ
2116 4259 2176 4312 τὸ

515 4334 816 4405 συνέδριον·
851 4336 965 4388 ἀλλ’
994 4339 1022 4389 6
1051 4336 1299 4407 βασιλεὺς
1330 4337 1607 4390 ἐπιϐάλλει
1640 4338 1740 4401 τὰς
1776 4342 1963 4409 χεῖρας
2001 4342 2079 4402 είς
2115 4341 2177 4394 τὸ

515 4422 780 4477 κακῶσαι.
818 4423 1033 4487 Μείζων
1064 4427 1096 4495 ὴ
1131 4425 1346 4488 ἐξουσία
1377 4438 1427 4486 ι,
1457 4424 1833 4496 χαλεπώτερος
1862 4428 1890 4478 6
1919 4427 2172 4498 πόλεμος,

514 4509 622 4580 ὅσῳ
666 4512 761 4564 καὶ
794 4511 929 4582 πρὸς
962 4512 1121 4583 χάριν
1156 4511 1364 4580 ἐγίνετο
1386 4515 1499 4575 τοῖς
1530 4512 1819 4574 Ἰουδαίοις.
1850 4514 2066 4569 Ἁνεῖλε
2109 4516 2176 4568 δὲ

526 4596 794 4651 Ἰάκωϐον
851 4598 957 4652 τὸν
996 4598 1263 4668 ἀδελφὸν
1323 4599 1590 4653 Ἰωάννου
1638 4602 1922 4670 μαχαίρᾳ.
1964 4604 2175 4667 Ἀπλῶς

513 4683 609 4737 καὶ
643 4683 718 4747 ὡς
742 4684 947 4753 ἔτυχεν.
988 4685 1049 4737 Εἰ
1099 4685 1156 4737 δέ
1200 4703 1284 4748 τις
1303 4686 1516 4755 ζητοίη,
1548 4686 1635 4740 διὰ
1660 4688 1714 4741 τί
1748 4690 2119 4760 συνεχώρησεν
2146 4693 2175 4744 6

513 4771 678 4836 856;;
723 4772 969 4842 ἐροῦμεν,
996 4773 1077 4825 ὅτι
1112 4773 1247 4843 ὑπὲρ
1295 4772 1474 4826 αὐτῶν
1520 4774 1758 4828 τούτων’
1794 4779 2009 4848 πρῶτον
2048 4780 2169 4849 μὲν,

513 4857 715 4911 πείθων
757 4859 974 4922 αὐτοὺς,
1005 4859 1086 4911 ὅτι
1120 4859 1213 4912 καὶ
1262 4860 1642 4932 ἀναιρούμενοι
1688 4864 1996 4934 κρατοῦσιν,
2037 4867 2173 4938 ὅπερ

514 4946 608 4997 καὶ
651 4946 743 4998 ἐπὶ
783 4947 1051 5014 Στεφάνου
1100 4948 1321 5015 γέγονε’
1356 4949 1605 5020 δεύτερον
1654 4951 1730 5010 δὲ,
1778 4951 1949 5015 διδοὺς
1994 4956 2181 5026 αὐτοῖς,

519 5030 658 5101 μετά
683 5032 742 5083 τὸ
772 5033 1048 5102 ἐμπλῆσαι
1067 5035 1157 5087 τὸν
1181 5034 1350 5102 θυμὸν
1373 5037 1682 5105 ἀνενεγκεῖν
1710 5039 1815 5091 ἀπὸ
1836 5040 1934 5109 τῆς
1955 5041 2170 5110 μανίας·

516 5120 610 5170 καὶ
641 5119 841 5187 τρίτον,
868 5119 1101 5183 δεικνὺς,
1131 5122 1212 5174 ὅτι
1247 5124 1387 5175 κατὰ
1415 5124 1758 5195 συγχώρησιν
1792 5126 1955 5179 αὐτοῦ
1985 5127 2171 5196 γέγονε

514 5203 688 5256 τοῦτο.
708 5202 857 5276 [ἓο8]
892 5206 1059 5259 Ἰδὼν
1078 5206 1163 5268 δὲ,
1192 5207 1277 5261 ὅτι
1300 5210 1557 5276 ἀρεστόν
1576 5212 1704 5265 ἐστι
1720 5214 1843 5277 τοῖς
1857 5215 2173 5283 Ἰουδαίοις,

516 5289 839 5357 προσέθετο
873 5294 1200 5346 συλλαϐεῖν
1237 5296 1338 5348 καὶ
1378 5297 1618 5366 Πέτρον,
1662 5301 1724 5351 Ὢ
1764 5300 1862 5370 τῆς
1898 5304 2119 5373 μιαρίας
2148 5310 2174 5345 b

512 5376 613 5445 τῆς
675 5377 911 5446 πολλῆςί
958 5379 1129 5450 ’Υπὲρ
1187 5381 1347 5435 τίνων
1387 5384 1565 5448 αὐτοῖς
1625 5388 1925 5458 ἐχαρίζετο,
1984 5393 2175 5460 φόνους

512 5464 681 5517 ποιῶν
728 5464 915 5527 ἁπλῶς
960 5466 1052 5517 καί
1085 5467 1239 5537 εἰκῆ;
1285 5464 1395 5523 Ἦν
1422 5470 1489 5523 δὲ
1534 5473 1722 5542 ἡμέρα
1754 5474 1872 5528 τῶν
1910 5476 2171 5546 Ἁζύμων.

512 5553 680 5605 Πάλιν
731 5550 788 5623 ἡ⁴
819 5553 1045 5624 περιττὴ
1083 5554 1191 5607 τῶν
1220 5555 1485 5611 Ἰουδαίων
1539 5561 1920 5633 ἀκριϐολογία⁶
1968 5566 2174 5618 ἀνελεῖν

515 5642 613 5711 μὲν
638 5642 735 5695 οὐκ
774 5642 1029 5727 ἐκώλυον,
1059 5646 1115 5696 ἐν
1149 5644 1204 5698 δέ
1231 5647 1406 5717 καιρῷ
1439 5648 1660 5720 τοιούτῳ
1710 5650 1931 5705 τοιαῦτα
1970 5652 2171 5723 ἐπρατ-

509 5747 621 5784 τον.
668 5732 767 5784 Ὃν
820 5732 917 5784 καί
955 5730 1180 5799 πιάσας
1211 5732 1377 5787 ἔθετο
1415 5737 1500 5798 εἰς
1536 5737 1838 5805 φυλακὴν,
1871 5740 2173 5806 παραδοὺς

574 5818 838 5891 :Quidqm
869 5820 1154 5891 6_[316d56;.
1188 5821 1372 5877 Μείζων
1393 5823 1422 5878 ἡ
1448 5822 1653 5877 ἐξουσία.
1741 5824 1766 5860 ι)
1792 5824 1874 5875 Sic
1906 5832 2028 5875 tres.
2054 5838 2169 5876 mss.

512 5879 644 5929 Editi
681 5881 861 5942 μανίας.
900 5879 1032 5930 Ευιτ.

2281 2671 2577 2740 τέσσαρσι
2618 2673 2944 2742 τετραδίοις
3004 2673 3398 2741 στρατιωτῶν.
3454 2676 3562 2730 Καὶ
3609 2676 3701 2730 τοῦ
3779 2678 3989 2749 θυμοῦ

2281 2759 2437 2813 τοῦτο
2479 2756 2547 2830 ἦν
2579 2762 2672 2815 καὶ
2722 2760 2815 2813 τοῦ
2843 2761 3015 2824 δέους.
3060 2762 3298 2828 Ἆνεῖλε,
3356 2763 3508 2834 φησὶ,
3545 2762 3816 2819 Ἰάκωϐον
3856 2768 3981 2820 τὸν

2281 2846 2547 2916 ἀδελφὸν
2562 2848 2839 2903 Ἰωάννου
2866 2849 3147 2918 μαχαίρᾳ.
3170 2844 3324 2913 Εἶδες
3348 2850 3527 2905 αὐτῶν
3550 2852 3647 2923 τὴν
3669 2853 3974 2922 ἀνδρείανς

2281 2934 2397 2987 ’Ὶνα
2436 2934 2541 3005 γὰρ
2595 2935 2783 3005 μηδεὶς
2820 2935 2974 3009 λέγῃ,
3025 2938 3107 2990 ὅτι
3169 2937 3258 2991 διά
3313 2938 3471 2992 τοῦτο
3515 2939 3811 3005 ἀκινδύνως
3870 2947 3971 2996 καὶ

2280 3021 2448 3084 ἀδεῶς
2502 3022 2877 3092 κατατολμῶσι
2927 3022 3017 3076 τοῦ
3066 3023 3296 3078 θανάτου
3325 3063 3341 3088 ,
3399 3025 3493 3080 ἅτε
3548 3027 3975 3098 ἐξαρπάζοντος

2176 3134 2184 3143 ι
2280 3111 2474 3175 αὐτοὺς
2513 3111 2607 3164 τοῦ
2647 3110 2803 3177 Θεοῦ,
2832 3112 2920 3166 διὰ
2950 3111 3106 3166 τοῦτο
3144 3115 3497 3187 ἀναιρεθῆναι
3521 3121 3816 3189 συγχωρεῖ,
3864 3124 3975 3174 καὶ

2278 3198 2404 3260 τοὺς
2450 3198 2779 3268 κορυφαίους
2838 3198 3090 3268 μάλιστα,
3124 3200 3327 3255 πείθων
3374 3203 3571 3267 αὐτοὺς
3626 3205 3757 3267 τοὺς
3801 3206 3970 3259 ἀναι-

2282 3282 2526 3353 ροῦντας,
2562 3285 2642 3336 ὅτι
2687 3284 2805 3337 οὐδὲ
2840 3285 3011 3339 ταῦτα
3044 3286 3334 3359 ἀφίστησιν
3364 3288 3560 3352 αὐτοὺς
3588 3291 3683 3343 καί
3722 3292 3971 3349 κωλύει.

2290 3370 2352 3422 '0
2401 3371 2517 3439 μὲν
2554 3367 2665 3461 03'»-
2704 3375 2924 3461 Πέτρος
2951 3374 3211 3441 ἐτηρεῖτο
3238 3375 3308 3429 ἐν
3334 3374 3410 3444 τῇ
3442 3376 3717 3446 φυλακῇ·
3760 3395 3986 3461 προσ-ο,

2278 3458 2428 3525 sum}
2459 3458 2525 3510 δὲ
2565 3455 2644 3527 ἦν
2690 3460 2938 3528 ἐκτενὴς
2975 3462 3257 3532 γινομένη
3298 3464 3416 3517 ὑπὸ
3445 3463 3554 3532 τῆς
3584 3463 3970 3535 Ἑκκλησίιις

2278 3546 2429 3614 πρὸς
2476 3546 2578 3600 τὸν
2625 3548 2772 3602 Θεὸν
2823 3548 2973 3616 ὑπὲρ
3004 3550 3208 3604 αὑτοῦ.
3263 3552 3399 3621 Περί
3438 3552 3504 3606 τὰ
3542 3554 3731 3624 καίρια
3761 3555 3974 3611 λοιπὸν

2277 3628 2345 3703 ἦν
2380 3636 2408 3686 6
2436 3633 2604 3701 ἀγών.
2639 3635 2748 3688 Καὶ
2787 3636 2847 3688 τὺ
2875 3639 3078 3690 ἐκεῖνον
3123 3638 3231 3709 γὰρ
3270 3640 3637 3711 ἀναιρεθῆναι,
3672 3643 3973 3711 περιδεεῖς

2280 3720 2474 3786 ἐποίει,
2510 3722 2603 3774 καί
2646 3722 2707 3775 τὸ
2756 3723 2943 3777 τοῦτον
2998 3724 3385 3795 ἐμϐεϐλῆσθαι.
3427 3727 3555 3781 Ὅτε
3604 3727 3671 3781 δὲ
3726 3728 3982 3798 ἔμελλε

2279 3808 2562 3877 προάγειν
2597 3809 2783 3865 αὑτὸν
2825 3814 2858 3866 ό
2907 3812 3181 3880 Ἡρώδης,
3224 3812 3300 3882 τῇ
3346 3816 3519 3869 νυκτί
3568 3815 3771 3886 ἐκείνῃ
3804 3816 3901 3888 ἦν
3940 3821 3983 3874 ὁ

2284 3894 2503 3963 Πέτρος
2553 3897 2914 3967 κοιμώμενος
2962 3901 3188 3968 μεταξὺ
3237 3900 3345 3955 δύο
3385 3902 3757 3970 στρατιωτῶν
3784 3906 3971 3962 δεδεο

2274 3982 2460 4050 μένος
2503 3983 2760 4038 ἁλύσεσι
2796 3984 2977 4038 δυσί·
3027 3986 3296 4054 φύλακές
3354 4004 3418 4041 τε
3450 3988 3566 4057 πρὸ
3613 3988 3717 4057 τῆς
3757 3993 3970 4062 θύρας

2279 4069 2531 4136 ἐτήρουν
2576 4069 2689 4137 τὴν
2734 4072 3038 4140 φυλακήν.
3096 4074 3207 4126 Καὶ
3255 4074 3384 4128 ίδοὺ
3427 4075 3679 4145 ἄγγελος
3718 4080 3972 4145 Κυρίου

2278 4156 2525 4225 ἐπέστη.
2556 4158 2653 4210 καί
2676 4157 2798 4226 φῶς
2828 4158 3190 4228 ἕλαμψενέν
3210 4160 3289 4226 τῷ
3325 4163 3617 4233 οίκήμιιτι.
3664 4166 3963 4236 Πατάξας

2280 4244 2395 4311 τὴν
2446 4244 2717 4313 πλευρὰν
2764 4247 2870 4301 τοῦ
2913 4248 3140 4317 Πέτρου
3191 4249 3430 4319 ἤγειρεν
3471 4250 3677 4318 αὐτὸν,
3724 4250 3977 4323 λέγων,

2294 4332 2553 4386 Ἀνάστα
2591 4334 2661 4386 ἐν
2697 4332 2878 4403 τάχει.
2926 4337 3036 4389 Καὶ
3071 4335 3365 4400 ἐξέπεσον
3388 4339 3574 4393 αὐτοῦ
3605 4342 3664 4393 al
3689 4342 3977 4411 ἁλύσεις

2279 4419 2348 4472 ἐκ
2401 4418 2520 4473 τῶν
2564 4418 2797 4488 χειρῶν.
2840 4422 3000 4492 Ὅρα,
3049 4426 3171 4477 κατ’
3200 4423 3416 4495 ἐκείνην
3444 4425 3543 4497 τὴν
3575 4427 3746 4481 νύκτα
3784 4430 3981 4485 αὑτὸν

2281 4507 2577 4579 ἐξήρπασε.
2612 4508 2721 4563 Καὶ
2752 4506 2877 4577 φῶς
2901 4508 3174 4579 ἔλαμψεν
3202 4512 3273 4564 ἐν
3301 4511 3381 4577 τῷ
3408 4513 3701 4583 οἰκήματι,
3734 4515 3832 4568 ἴνα
3887 4521 3985 4591 μὴ

2280 4595 2478 4668 νομίσῃ
2528 4596 2827 4665 φαντασίαν
2881 4592 3051 4651 εἶναι’
3093 4598 3187 4652 καὶ
3218 4598 3279 4651 τὸ
3324 4598 3437 4669 φῶς
3466 4600 3637 4664 οὐδεὶς
3671 4598 3785 4656 εἶδε
3816 4604 3989 4677 πλὴν

2278 4683 2509 4737 ἐκείνου.
2541 4684 2606 4738 Εἰ
2654 4683 2762 4754 γὰρ
2810 4684 2905 4736 καὶ
2952 4683 3111 4738 τοῦτο
3156 4685 3369 4755 γέγονε,
3405 4687 3497 4739 καί
3540 4688 3686 4757 ὅμως
3722 4690 3991 4761 ἐνόμιζε

2280 4771 2578 4839 φαντασίαν
2628 4767 2767 4824 εἶναι
2828 4770 2916 4824 διὰ
2967 4771 3029 4823 τὸ
3085 4773 3520 4844 ἀπροσδόκητον⁸
3557 4775 3606 4826 εί
3659 4776 3733 4845 μὴ
3792 4778 3993 4833 τοῦτο

2278 4857 2486 4925 γέγονε,
2523 4856 2702 4927 πολλῷ
2729 4857 2889 4910 πλέον
2914 4873 2928 4887 ο
2980 4856 3123 4911 οὕτω
3152 4860 3518 4929 παρετάττετο
3565 4862 3701 4932 πρὸς
3720 4862 3826 4914 τὸν
3867 4864 3985 4919 Θάο

2280 4960 2455 4998 νατον.
2485 4943 2559 4995 Τὸ
2605 4943 2734 5011 γοῦν
2774 4942 2972 5007 πολλὰς
3004 4944 3216 5016 ἡμέρας
3247 4957 3269 4984 ο
3299 4947 3416 4999 ἐκεῖ
3449 4946 3706 5019 μείναντα
3735 4948 3823 5018 μὴ
3855 4967 3977 5003 σωκ

2280 5031 2459 5100 θῆναι,
2508 5031 2665 5085 τοῦτο
2706 5031 2896 5087 ἐποίει.
2957 5032 3066 5085 Καὶ
3108 5034 3197 5087 διὰ
3232 5034 3306 5096 τί,
3348 5036 3531 5106 φησὶν,
3578 5036 3675 5088 οὑκ
3730 5037 3995 5106 ἀφῆκεν

2281 5120 2441 5172 αὐτὸν
2477 5121 2555 5183 εἰς
2585 5120 2680 5183 τάς
2726 5122 2914 5190 χεῖρας
2941 5122 3201 5189 ἐμπεσεῖν
3228 5120 3489 5192 Ἡρώδου,
3518 5124 3611 5175 καὶ
3630 5122 3749 5176 τότε
3784 5122 3901 5194 ἐξή
3915 5144 3996 5196 ρ-

2280 5225 2480 5270 πασεν;
2514 5208 2635 5261 Ὅτι
2658 5210 2832 5261 ἐκεῖνο
2864 5208 2963 5277 μὲν
2992 5211 3071 5271 εἰς
3101 5208 3361 5279 ἔκπληξιν
3394 5211 3599 5281 ἢγαγεν
3631 5212 3724 5265 ἀν’
3794 5212 3994 5267 τοῦτο

2272 5296 2329 5348 δὲ
2369 5296 2507 5365 ὑπὲρ
2556 5294 2733 5348 αὐτῶν
2777 5297 3008 5363 ἐγένετο.
3072 5295 3186 5349 Οὐκ
3239 5296 3306 5351 ἂν
3353 5299 3459 5369 γάρ
3504 5297 3898 5369 ἐνομίσθησαν
3962 5303 4001 5341 <1

2273 5382 2547 5451 ἄνθρωποι
2606 5377 2765 5443 εἶναι,
2805 5384 2851 5434 εἰ
2888 5382 3228 5453 ,θεοπρεπῶς
3262 5384 3441 5438 πάντα
3476 5386 3670 5440 ἐποίει.
3713 5387 3858 5438 Ἐπὶ
3923 5389 4006 5441 δὲ

2271 5467 2363 5521 τοῦ
2421 5468 2688 5535 Στεφάνου
2722 5468 2775 5521 τί
2818 5469 2919 5521 οὐκ
2965 5470 3260 5540 ἐποίησεν;
3315 5472 3411 5541 οὐχ
3457 5472 3531 5536 ὼς
3592 5473 3842 5542 ἀγγέλου
3927 5476 4010 5527 τὸ

2271 5556 2559 5625 πρόσωπον
2587 5556 2771 5619 αὐτοῖς
2808 5554 3012 5623 ἔδειξε;
3066 5558 3131 5610 Τί
3184 5559 3242 5612 δὲ
3292 5560 3429 5623 ὅλως
3462 5560 3675 5613 ἐνέλιπε
3728 5560 3843 5613 καὶ
3893 5563 4011 5614 ὲν-

2276 5641 2488 5706 ταῦθα;
2529 5638 2677 5695 Εϊπέ
2715 5659 2779 5696 τε
2812 5647 2846 5697 ό
2884 5644 3137 5713 ἅγγελος
3174 5645 3325 5714 πρὸς
3369 5647 3587 5700 αὐτόν·
3620 5644 4011 5714 Περίξῖυσαι

2278 5724 2375 5778 καὶ
2406 5724 2708 5793 ὑπόδησαι
2734 5726 2805 5780 τὰ
2838 5728 3141 5783 σανδάλιά
3180 5745 3319 5784 σου.
3363 5729 3531 5783 Πάλιν
3562 5728 3810 5783 ἐνταῦθα.
3861 5731 4012 5783 δεί-

2362 5830 2385 5858 ⁶
2408 5828 2544 5895 [lpus
2566 5830 2621 5895 τρ
2642 5832 2730 5894 γὰρ
2756 5834 2946 5881 πολλῶν
2968 5836 3175 5895 ἡμερῶν.
3243 5833 3270 5874 ἀ
3291 5832 3445 5884 Τοῦτο
3474 5835 3523 5883 δὲ
3546 5833 3715 5881 πιστὸν
3735 5833 4006 5893 ἐγένετο,

2279 5891 2359 5939 καὶ
2382 5890 2480 5940 οὐδ’
2503 5893 2560 5939 ἅν
2585 5890 2818 5955 ἐνομίσθη
2841 5896 2911 5943 sic
2934 5890 3104 5957 διὶἱιυῖ.
