3978 6486
160 333 251 388 197
1069 327 1135 384 IN
1172 328 1352 384 ACTA
1392 324 1920 383 APOSTOLOliUM.
1962 327 2192 385 llOMll..
2233 330 2418 386 XXVI.

156 447 340 515 judicio
360 445 542 500 futuro
564 444 769 501 dissere
793 462 808 511 ;
835 444 924 499 dic
955 460 969 497 :
1001 442 1134 498 Aliis
1153 442 1306 497 nobis
1331 442 1439 496 illic
1463 457 1596 511 Opus
1616 452 1722 507 est,

157 555 247 589 non
283 538 458 591 hisce.
503 536 560 593 Si
588 552 675 591 me
715 536 930 600 feratis,
960 550 1060 605 ego
1102 535 1392 588 nuditatem
1422 534 1720 588 ostendam.

154 631 328 685 Nudus
359 632 578 699 frigoris
622 641 860 699 tempore
901 630 1036 699 riget
1073 640 1127 683 et
1174 628 1390 691 tremit,
1423 636 1726 681 contractus

150 734 278 787 stat,
324 724 566 778 reductis
592 724 861 782 brachiis:
897 724 947 776 in
977 732 1163 776 testate
1193 737 1318 776 vero
1347 737 1450 774 non
1487 721 1633 775 item.
1668 720 1724 775 Si

149 817 298 886 igitur
326 818 616 872 ostendero
632 816 822 871 divites
855 816 996 870 viros
1014 825 1066 869 et
1091 814 1341 869 mulieres
1358 829 1422 869 eo
1440 815 1608 884 magis
1629 830 1724 867 nu-

147 910 237 963 dos
261 924 406 974 esse,
428 924 533 979 quo
559 909 725 979 magis
741 908 1074 973 suutvestiti,
1094 922 1162 961 ne
1191 922 1330 977 trgre
1360 906 1561 960 feratis.
1585 905 1723 974 Quid

146 1016 286 1071 ergo,
315 1017 643 1070 quaeso,cum
668 1002 735 1057 de
762 1002 1001 1071 gebenna
1028 1000 1187 1056 verba
1226 1000 1481 1081 faciemps
1507 1041 1520 1064 ,
1550 1001 1724 1069 deque

147 1094 425 1145 tormentis
458 1092 566 1145 illis
599 1111 611 1146 :
644 1108 819 1147 annon
849 1093 1018 1161 magis
1046 1091 1123 1145 illi
1166 1092 1336 1163 rigent
1363 1108 1425 1144 ac
1452 1101 1682 1147 trcnmnt
1704 1133 1719 1157 ,

145 1202 295 1251 quam
330 1185 456 1236 Itlltli
503 1184 620 1237 illi?
667 1199 843 1238 annon
873 1185 1063 1239 acerbe
1108 1185 1491 1254 ingemiscant,
1522 1192 1577 1238 et
1605 1198 1724 1239 sese

142 1276 393 1327 damnant
419 1276 443 1326 ?
473 1276 609 1340 Quid
634 1289 761 1345 ergo
786 1315 802 1339 ,
834 1275 1049 1344 quando
1078 1275 1307 1344 aliquem
1338 1275 1537 1329 adeunt
1564 1284 1616 1328 et
1644 1275 1724 1329 di-

142 1376 263 1419 cunt
288 1408 305 1431 ,
356 1366 463 1420 Ora
506 1381 600 1435 pro
630 1382 714 1420 me
739 1383 753 1420 :
783 1381 959 1420 annon
1001 1366 1188 1421 eadem
1215 1408 1229 1431 ,
1259 1382 1379 1435 qua:
1410 1366 1517 1428 illi,
1560 1369 1722 1420 verba

142 1458 462 1525 proferunt?
493 1462 558 1511 At
588 1473 725 1511 nitnc
746 1500 759 1520 ,
795 1458 920 1511 licet
947 1457 1111 1511 multa
1142 1457 1454 1521 dixerimus,
1486 1457 1720 1511 nondum

140 1550 418 1603 titanil‘esta
447 1560 527 1603 est
557 1550 765 1602 nuditas
791 1566 804 1602 :
840 1550 946 1604 illic
975 1564 1100 1603 vero
1126 1548 1405 1603 manifesta
1430 1550 1552 1603 erit.
1579 1550 1725 1615 Quo-

140 1643 296 1695 modo
343 1653 399 1696 et
437 1659 539 1713 qua
582 1642 827 1697 ratione?
855 1643 989 1697 Cum
1033 1644 1218 1697 sericis
1264 1642 1369 1696 illis
1400 1642 1632 1697 vestibus
1669 1651 1722 1697 et

136 1736 364 1804 gemmis
405 1737 617 1789 amissis
643 1778 657 1799 ,
704 1737 834 1790 Solis
865 1736 950 1791 vel
982 1736 1192 1789 virtutis
1220 1736 1304 1789 vel
1343 1736 1458 1789 vitii
1487 1736 1721 1790 vestibus

135 1827 316 1881 amicti
346 1842 535 1883 omnes
560 1836 847 1882 cernentur
873 1845 887 1892 ;
912 1842 1031 1881 cum
1066 1842 1325 1896 pauperes
1349 1827 1513 1897 gloria
1542 1828 1721 1882 amicti

136 1920 297 1972 nnilta
344 1920 753 1988 comparebunt,
792 1922 986 1976 divites
1016 1937 1144 1974 vero
1182 1920 1307 1974 nudi
1349 1935 1413 1975 ac
1444 1931 1623 1991 turpes
1655 1921 1720 1974 ad

133 2013 394 2081 supplicia
430 2012 726 2067 trahentur.
757 2012 891 2079 Quid
937 2013 1214 2067 delicatius
1248 2024 1363 2066 erat
1399 2012 1491 2065 illo
1516 2012 1680 2066 divite
1704 2053 1718 2075 ,

131 2105 213 2173 qui
244 2103 572 2158 induebatur
596 2105 864 2173 purpura?
885 2104 1010 2174 quid
1035 2106 1314 2173 pauperius
1343 2103 1581 2157 Lazaro?
1603 2114 1719 2158 uter

130 2210 255 2264 ergo
304 2194 676 2249 mendiCorum
724 2195 1023 2264 proferebat
1068 2196 1274 2250 verba?
1320 2207 1438 2250 uter
1479 2197 1628 2266 quasi
1666 2195 1719 2249 in

127 2286 461 2357 abundantia
504 2285 781 2358 degebat?
812 2286 865 2341 Si
911 2287 1029 2355 quis
1073 2286 1290 2341 doumm
1336 2287 1515 2341 multis
1560 2295 1715 2342 ornet

126 2376 332 2438 aularis,
365 2378 481 2446 ipse
511 2393 638 2432 vero
669 2378 811 2431 intus
839 2378 1009 2431 nudus
1049 2378 1138 2441 sit,
1171 2377 1314 2447 quod
1346 2378 1599 2433 lucrum?
1625 2377 1714 2434 Sic

128 2479 177 2519 et
205 2468 529 2523 mulieribus
550 2468 743 2523 accidit
773 2487 785 2521 :
820 2469 1037 2523 domum
1061 2469 1262 2539 quippe
1284 2470 1497 2533 animae,
1527 2483 1721 2538 corpus

129 2561 267 2627 dico,
303 2563 490 2617 multis
511 2562 767 2619 decorant
783 2565 1147 2629 ornamentis;
1172 2562 1571 2619 materfamilias
1592 2577 1719 2619 vero

3311 339 3410 393 198

1842 445 1983 500 intus
2012 446 2165 502 sedet
2192 449 2351 504 nuda.
2375 447 2721 503 Commodule
2749 448 2877 503 mihi
2905 449 3096 504 animm
3123 452 3328 521 oculos,
3353 463 3411 511 et

1834 538 2110 593 ostendam
2137 539 2289 594 vobis
2308 539 2498 593 anima:
2526 540 2841 597 nuditatem.
2867 542 2997 608 Quae
3021 544 3161 597 enim
3183 554 3264 598 est
3290 546 3409 599 ani-

1832 647 1935 686 mze
1960 632 2161 687 vestis?
2188 632 2363 688 Virtus
2390 644 2555 689 certe.
2586 634 2715 703 Quae
2732 635 2989 691 nuditas?
3018 637 3233 691 Malitia.
3263 638 3414 695 Sicut

1834 724 1974 777 enim
2022 724 2067 777 si
2098 725 2215 791 quis
2256 725 2481 779 liberum
2523 729 2826 795 quempiam
2879 738 3058 789 exuat.
3094 729 3409 798 erubescit,

1831 816 2164 869 contrahitur
2187 828 2239 869 et
2269 815 2399 883 fugit
2428 834 2441 870 ς
2473 818 2548 871 sic
2583 819 2625 871 si
2660 818 2893 872 animam
2924 819 3007 874 bis
3036 819 3276 875 vestibus
3305 836 3410 876 non

1833 907 2067 960 indutam
2105 908 2290 961 intueri
2320 907 2540 961 velimus
2567 950 2581 973 ,
2624 910 2893 964 erubescit
2934 911 3045 965 illa.
3076 910 3215 977 Quot
3256 923 3411 981 putas

1831 1013 1971 1051 nunc
2002 998 2202 1068 pudore
2225 999 2383 1061 affici,
2413 1010 2466 1053 et
2508 1000 2559 1053 in
2590 1001 2911 1068 profundum
2952 1002 3282 1058 descendere
3307 1045 3322 1065 .
3356 1014 3412 1059 ut

1831 1092 1978 1158 quasi
2007 1091 2289 1160 quodpiam
2323 1086 2677 1146 velamentum
2705 1104 3037 1163 quaerentes,
3069 1103 3129 1148 ut
3157 1111 3223 1149 ne
3248 1096 3410 1151 verba

1832 1182 1919 1235 illa
1953 1182 2213 1235 audiant?
2240 1182 2369 1249 Quae
2394 1198 2522 1236 vero
2554 1183 2692 1236 illius
2735 1184 2837 1239 sibi
2882 1186 3007 1239 mali
3035 1187 3263 1240 conscia:
3304 1203 3410 1241 non

1829 1282 1973 1334 sunt,
2001 1274 2263 1335 laetantur,
2286 1274 2535 1343 gaudent,
2568 1274 2920 1340 delectantur,
2955 1287 3008 1329 et
3034 1276 3101 1331 de
3126 1276 3282 1331 dictis
3308 1276 3409 1330 hu-

1826 1364 2058 1432 jusmodi
2105 1366 2418 1433 gloriantur.
2468 1365 2605 1419 Audi
2642 1364 2709 1420 de
2748 1365 2902 1420 beata
2949 1367 3166 1421 Thecla.
3213 1370 3305 1422 Illa
3355 1380 3411 1423 ut

1833 1459 2053 1512 Paulum
2083 1459 2323 1524 videret,
2359 1474 2545 1514 aurum
2574 1475 2725 1513 suum
2751 1459 2895 1514 dedit
2930 1478 2942 1511 :
2974 1471 3025 1513 tu
3059 1473 3114 1515 ut
3140 1462 3407 1518 Christum

1831 1550 2013 1605 videas
2035 1590 2050 1612 ,
2088 1564 2260 1620 neque
2288 1551 2503 1605 obolum
2531 1550 2744 1605 dederis
2771 1567 2786 1615 ;
2818 1551 2912 1605 sed
2957 1553 3169 1607 miraris
3195 1554 3408 1623 quidem

1832 1642 1972 1696 illius
1996 1650 2167 1711 gesta,
2202 1657 2302 1696 nec
2327 1642 2569 1695 imitaris.
2604 1641 2718 1696 Non
2749 1643 2902 1696 audis
2926 1684 2939 1706 ,
2969 1659 3125 1713 quam
3158 1645 3295 1700 beati
3326 1648 3409 1701 di-

1828 1744 2017 1788 cantur
2040 1734 2456 1789 misericordes?
2478 1734 2624 1788 Beati
2649 1736 3012 1799 misericordes,
3050 1738 3253 1806 inquit,
3276 1756 3408 1805 quo-

1829 1828 1967 1880 niam
2012 1828 2113 1896 ipsi
2150 1828 2548 1882 misericordiam
2597 1837 2961 1897 consequentur
3001 1829 3212 1900 (Matth.
3242 1831 3294 1886 5.
3322 1832 3400 1899 7).

1828 1920 1977 1988 Quod
2006 1921 2209 1975 lucrum
2238 1936 2267 1975 a
2292 1922 2542 1993 pretiosis
2572 1922 2853 1976 vestibus?
2879 1924 3134 1992 quamdiu
3166 1927 3232 1979 ad
3267 1927 3406 1981 hunc

1826 2016 2074 2068 amictum
2106 2016 2467 2069 iuhiabimus?
2498 2015 2825 2070 Amiciamur
2848 2018 3017 2087 gloria
3054 2016 3249 2073 Christi
3275 2062 3289 2085 ,
3321 2021 3407 2075 illa

1829 2109 2219 2177 pulchritudine
2244 2110 2669 2175 circumdemur,
2703 2122 2757 2164 ut
2782 2121 2836 2165 et
2864 2111 2949 2164 hic
2993 2111 3269 2166 laudemur
3292 2154 3307 2177 ,
3355 2124 3410 2167 et

1832 2202 1940 2255 illic
1967 2212 2163 2257 :eterna
2200 2218 2592 2274 consequamur
2621 2204 2783 2267 bona,
2810 2205 2977 2274 gratia
3003 2213 3055 2258 et
3086 2204 3410 2273 benignitate

1829 2294 2037 2349 Domini
2070 2295 2235 2349 nostri
2263 2295 2387 2349 Jesu
2417 2293 2637 2353 Christi.
2667 2297 2878 2364 quicum
2914 2294 3054 2348 Patri
3099 2305 3152 2350 et
3187 2297 3405 2365 Spiritui

1828 2400 2015 2442 Sancto
2044 2390 2234 2457 gloria,
2267 2387 2569 2455 imperium,
2602 2386 2797 2453 honor,
2826 2403 2967 2442 nunc
2987 2396 3042 2442 et
3066 2402 3280 2457 semper
3304 2429 3319 2454 ,
3353 2397 3408 2444 et

1829 2479 1882 2537 iu
1910 2480 2104 2535 saecula
2124 2480 2463 2535 swculorum.
2496 2482 2687 2534 Amen.

1468 2774 1816 2837 HOMILIA
1858 2773 2097 2834 XXVI.
3398 2806 3423 2835 .

136 2919 256 2973 Car.
291 2918 377 2974 12.
410 2920 465 2974 1.
509 2918 611 2974 Illa
643 2930 809 2974 autem
836 2931 1055 2991 tempore
1075 2922 1210 2975 misit
1241 2920 1467 2976 Herodes
1492 2938 1583 2975 rea:
1606 2937 1716 2974 ma-

208 3030 320 3075 nus,
358 3024 415 3066 ut
464 3014 703 3084 affligeret
749 3015 995 3083 quosdam
1041 3014 1105 3067 de
1143 3014 1385 3068 Ecclesia.
1426 3014 1481 3066 ‘2.
1518 3012 1715 3067 Occidit

214 3115 371 3156 autem
411 3104 665 3157 Jacobum
696 3108 904 3175 fratrem
943 3104 1160 3158 Joannis
1198 3106 1388 3175 gladio.
1433 3106 1487 3159 5.
1533 3103 1715 3159 Videas

218 3205 373 3248 autem
393 3199 510 3266 quia
534 3196 748 3264 placeret
774 3195 991 3262 ludatis,
1020 3198 1254 3266 apposuit
1286 3207 1335 3247 ut
1365 3196 1713 3266 apprehende-

212 3297 283 3339 νει
302 3299 344 3339 et
375 3287 606 3340 Petrum.
641 3286 797 3340 Eram
820 3297 986 3339 autem
1013 3288 1119 3340 dies
1149 3290 1474 3357 Azymorum.

210 3379 253 3431 Ι.
296 3378 448 3444 Quod
482 3378 611 3431 illud
640 3378 767 3431 dicit
799 3380 1047 3447 tempus?
1076 3379 1227 3457 Quod
1255 3394 1378 3433 mox
1395 3378 1715 3447 sequebatur

135 3470 327 3538 utique.
361 3469 472 3523 Sed
507 3469 591 3521 hic
618 3469 832 3538 quidem
868 3469 969 3523 hoc
1002 3481 1179 3538 pacto,
1230 3470 1355 3523 alibi
1378 3484 1506 3524 vero
1535 3485 1709 3525 secus.

126 3560 250 3614 Cum
276 3561 427 3614 enim
459 3560 737 3614 Mattbteus
766 3561 931 3625 dicit,
965 3560 1030 3614 In
1060 3562 1234 3615 diebus
1263 3562 1366 3615 illis
1391 3564 1521 3615 venit
1543 3561 1712 3616 Joan-

124 3672 204 3707 nes
229 3656 525 3721 praedicans
563 3654 583 3724 (
610 3652 798 3708 Matth.
829 3656 881 3709 ὅ.
914 3657 936 3708 1
966 3654 1021 3725 );
1054 3672 1156 3709 non
1188 3667 1472 3725 sequentes
1499 3657 1614 3713 dies
1640 3658 1714 3712 si-

117 3746 357 3809 gniﬁcat,
412 3744 508 3798 sed
552 3744 690 3809 illos,
724 3745 995 3815 inquibus
1041 3746 1150 3800 fieri
1195 3748 1418 3818 contigit
1467 3747 1519 3801 id
1569 3748 1713 3818 quod

116 3838 397 3890 narrabat.
452 3836 563 3890 lloc
607 3838 803 3905 quippe
853 3852 1004 3891 more
1052 3837 1219 3891 utitur
1262 3837 1536 3907 Scriptura
1569 3839 1712 3893 :ali-

114 3930 336 3995 quando
378 3943 504 3997 qua:
531 3929 857 3997 subsequnta
901 3938 1027 3982 sunt
1059 3938 1271 3997 narrat;
1300 3931 1584 4001 aliquando
1612 3948 1710 3987 au-

112 4030 217 4071 tem
246 4035 376 4089 quae
408 4030 591 4088 postea
621 4022 977 4091 contigerunt,
1004 4036 1065 4075 ac
1102 4022 1147 4076 si
1174 4038 1294 4076 mox
1324 4032 1709 4093 sequerentur,

111 4124 385 4170 recenset.
435 4115 572 4169 liene
611 4130 787 4171 autem
831 4117 979 4181 dicit,
1028 4118 1257 4174 llerodes
1299 4137 1389 4173 rex
1415 4136 1433 4173 :
1460 4119 1545 4174 hic
1570 4121 1709 4175 enim

110 4224 217 4261 non
251 4219 375 4261 erat
404 4210 469 4272 is,
518 4211 605 4277 qui
634 4225 755 4265 cum
798 4211 1012 4266 Christo
1049 4226 1395 4267 memoratur.
1429 4213 1567 4268 Ecce
1611 4216 1711 4267 alia

111 4304 369 4354 tentatio.
404 4300 472 4354 Et
497 4302 636 4367 vide,
667 4302 806 4371 quod
836 4305 986 4359 initio
1016 4305 1281 4368 dicebant,
1316 4307 1583 4374 quomodo
1628 4320 1713 4359 res

109 4403 432 4458 nectuntur,
484 4395 752 4463 quomodo
799 4410 893 4465 per
934 4398 1164 4466 quietem
1216 4407 1270 4453 et
1315 4414 1410 4467 per
1447 4414 1713 4452 mrunmas

106 4490 291 4540 οιιιηίο
323 4494 710 4541 contexuntur.
735 4486 849 4543 Non
886 4487 994 4559 jam
1019 4489 1186 4543 .ludzei
1209 4530 1224 4555 ,
1255 4504 1358 4544 non
1385 4490 1667 4544 concilium
1694 4506 1708 4554 ;

106 4580 197 4631 sed
222 4596 328 4633 rex
362 4578 606 4632 immittit
648 4594 861 4643 manus,
896 4590 953 4633 ut
980 4580 1198 4651 affligat.
1247 4582 1415 4650 Major
1453 4592 1709 4651 potestas,

102 4674 329 4740 grai-ius
353 4672 578 4737 bellum,
611 4674 842 4728 maxime
864 4675 986 4743 quia
1020 4674 1086 4727 ad
1112 4675 1335 4744 gratiam
1383 4674 1708 4730 Judaeorum.

104 4766 317 4820 Occidit
346 4777 523 4820 autem
558 4765 810 4821 Jacobum
859 4767 1070 4837 fratrem
1110 4767 1327 4823 Joannis
1362 4769 1554 4839 gladio.
1584 4768 1713 4843 Sine

100 4875 264 4912 eiusa
295 4868 358 4913 et
390 4868 451 4911 ut
477 4873 605 4913 casu
630 4858 871 4929 contigit.
905 4860 961 4914 Si
988 4859 1108 4928 quis
1135 4874 1261 4913 vero
1291 4867 1510 4929 quaerat,
1546 4874 1641 4913 cur
1657 4859 1710 4913 id

99 4951 433 5019 permiserit
501 4951 679 5016 Deus,
732 4950 1179 5020 respondebimus
1226 4966 1321 5020 pro
1373 4950 1479 5005 illis
1536 4950 1708 5021 ipsis:

100 5047 281 5113 ιιι-ὶιηυ
321 5043 570 5114 quidem,
608 5054 664 5098 ut
706 5045 1047 5114 persuaderet
1104 5046 1253 5115 ipsis,
1286 5060 1345 5101 se
1383 5046 1465 5099 vel
1505 5046 1711 5101 occisos

100 5139 441 5202 praevalere,
469 5146 528 5189 ut
560 5146 616 5191 et
658 5139 711 5191 in
748 5139 1024 5208 Stephano
1062 5139 1320 5210 contigit;
1370 5141 1625 5203 secundo,
1655 5150 1711 5195 ut

98 5232 254 5282 daret
283 5227 505 5282 Judzeis
547 5227 720 5281 locum
744 5270 757 5290 ,
790 5240 1068 5299 postquam
1104 5232 1335 5285 furorem
1380 5246 1533 5285 suum
1557 5247 1711 5286 exsa-

99 5328 404 5384 tiaverant,
433 5319 780 5391 resipiscendi
807 5323 874 5377 ab
900 5324 1135 5388 insania;
1165 5327 1343 5390 tertio,
1377 5333 1433 5377 ut
1463 5326 1712 5380 ostende-

100 5430 177 5467 tet
206 5432 283 5470 ex
308 5414 678 5483 permissione
713 5430 806 5469 sua
840 5416 888 5468 id
922 5414 1119 5471 factum
1148 5431 1286 5471 esse.
1329 5415 1516 5470 Videas
1543 5428 1708 5471 autem

99 5510 217 5573 quia
238 5509 480 5577 placeret
500 5507 720 5568 Judteis,
749 5510 988 5579 apposuit
1015 5520 1068 5563 ut
1102 5511 1501 5581 apprehenderet
1527 5522 1573 5564 et
1604 5510 1707 5565 Pe-

100 5611 249 5652 mnn.
286 5598 339 5654 Ο
371 5601 779 5666 perversitatem
816 5603 1114 5669 ingentem!
1144 5604 1256 5668 Qua
1281 5603 1330 5656 in
1356 5618 1413 5657 re
1443 5602 1709 5672 gratifica-

102 5694 259 5745 batur
283 5691 449 5761 ipsis,
474 5691 651 5746 (aedes
679 5693 845 5761 gratis
871 5703 925 5747 et
957 5705 1160 5748 temere
1196 5694 1548 5765 perpetratis?
1577 5692 1707 5747 Erat

101 5796 271 5837 autent
312 5785 434 5837 dies
478 5783 807 5855 Asymorum.
854 5786 1050 5843 lterum
1094 5785 1361 5861 supcsﬂua
1394 5786 1706 5844 Judteorum

1823 2921 2091 2976 accuratio
2120 2938 2134 2973 :
2160 2918 2405 2974 occidere
2422 2934 2528 2973 non
2549 2917 2918 2988 prohibebant,
2946 2918 3037 2973 sed
3059 2919 3144 2972 tali
3168 2928 3408 2989 tempore

1823 3015 1946 3068 talia
1976 3014 2270 3083 patrabant.
2304 3014 2357 3066 4.
2394 3012 2553 3076 Quem
2592 3029 2705 3065 cum
2736 3013 3170 3082 apprehendisset,
3201 3014 3333 3066 misit
3352 3013 3407 3067 in

1818 3121 2089 3171 carcerem,
2115 3107 2315 3158 tradens
2340 3116 2559 3176 quatuor
2581 3105 2993 3175 quaternionibus
3013 3107 3247 3159 militum.
3280 3106 3406 3161 Πειιο

1816 3212 1886 3253 ex
1938 3198 2115 3252 furore
2150 3208 2205 3252 et
2257 3208 2399 3251 metu
2445 3196 2601 3251 facta.
2652 3196 2869 3260 Occidit,
2918 3197 3109 3265 inquit,
3152 3196 3403 3251 Jacobum

1819 3296 2027 3361 fratrem
2049 3289 2264 3344 Joannis
2286 3290 2459 3360 gladia
2503 3290 2743 3343 Vidistin’
2769 3289 2979 3343 illorum
3001 3288 3405 3347 fortitudinem?

1817 3380 1897 3435 Ne
1940 3382 2060 3451 quis
2110 3382 2252 3435 enim
2281 3380 2503 3446 diceret,
2539 3382 2657 3435 ideo
2700 3382 2843 3449 ipsos
2893 3382 3009 3435 sine
3058 3381 3293 3446 periculo
3345 3390 3403 3439 et

1818 3481 1965 3528 metu
1994 3483 2220 3527 mortem
2251 3473 2400 3527 adire
2420 3514 2432 3535 ,
2462 3473 2582 3543 quia
2632 3473 2771 3527 Deus
2807 3473 3029 3528 eruebat
3070 3474 3233 3543 ipsos,
3284 3474 3403 3530 ideo

1817 3564 2060 3633 permisit
2091 3576 2146 3617 ut
2174 3564 2547 3618 occiderentur
2567 3604 2582 3630 ,
2613 3564 2949 3634 maximeque
2996 3566 3265 3636 corypbtei
3292 3606 3307 3629 ,
3347 3577 3405 3622 ut

1817 3658 2099 3712 homicidia
2142 3658 2469 3724 ostenderet,
2502 3658 2646 3728 ipsos
2679 3674 2850 3728 neque
2882 3659 2962 3714 sic
3006 3659 3270 3715 desistere
3304 3676 3403 3717 ne-

1816 3764 1920 3817 que
1944 3748 2230 3818 prohiberi.
2264 3750 2317 3805 5.
2348 3748 2533 3803 Petrus
2559 3751 2729 3819 itaque
2769 3750 3059 3804 servabatur
3079 3752 3131 3804 in
3160 3766 3358 3806 carcere
3383 3768 3403 3807 :

1816 3841 1980 3893 oratio
2026 3850 2194 3893 autem
2237 3839 2386 3907 fiebat
2424 3842 2531 3894 sine
2552 3841 2928 3895 intermissione
2967 3842 3030 3896 ab
3064 3841 3295 3897 Ecclesia
3335 3843 3399 3897 ad

1819 3933 1981 3987 Deum
2007 3950 2098 4003 pro
2126 3949 2205 3989 eo.
2248 3933 2375 3987 Erat
2421 3942 2545 3989 tunc
2586 3933 2655 3988 de
2697 3934 2871 4003 capite
2914 3944 3206 3988 certamen.
3249 3932 3403 4002 Quod

1818 4027 1905 4082 ille
1933 4028 2143 4082 occisus
2168 4037 2330 4090 esset,
2360 4025 2410 4081 id
2435 4027 2676 4080 timorem
2702 4026 2805 4079 illis
2826 4026 3136 4091 incutiebat,
3167 4026 3405 4095 itemque

1816 4117 1956 4186 quod
1990 4116 2073 4171 bic
2103 4118 2155 4170 in
2182 4131 2455 4172 carcerem
2481 4116 2758 4186 conjectus
2785 4126 2950 4173 esset.
2982 4116 3035 4172 6.
3059 4115 3183 4172 Cum
3228 4128 3403 4172 autem

1820 4209 2156 4276 producturus
2184 4225 2297 4262 eum
2322 4220 2447 4262 esset
2476 4207 2726 4274 Herodes,
2759 4220 2903 4263 nocte
2928 4210 3019 4263 illa
3053 4209 3237 4265 Petrus
3282 4214 3404 4264 dor-

1816 4301 1998 4355 miebat
2039 4302 2169 4354 inter
2212 4301 2339 4354 duos
2381 4301 2585 4363 milites,
2626 4302 2823 4356 vinctus
2867 4302 3054 4356 catenis
3092 4301 3326 4357 duabus:
3354 4313 3402 4357 et

1817 4396 2044 4449 custodes
2068 4407 2186 4449 ante
2215 4395 2397 4447 ostium
2435 4394 2777 4448 custodiebant
2806 4411 3082 4449 carcerem.
3115 4395 3169 4450 7.
3201 4394 3266 4448 Et
3292 4412 3402 4449 ecce

1817 4489 2025 4559 angelus
2056 4486 2264 4540 Domini
2290 4486 2502 4551 adstitit,
2527 4496 2571 4541 et
2598 4487 2767 4541 lunten
2794 4486 2992 4555 refulsit
3014 4488 3066 4541 in
3085 4485 3401 4551 habitacula;

1818 4595 2148 4648 percussaque
2173 4579 2328 4632 latere
2348 4577 2506 4643 Petri,
2535 4580 2767 4632 excitavit
2794 4579 2963 4644 illum,
2991 4579 3161 4633 dicens
3191 4595 3210 4633 :
3232 4580 3401 4651 Surge

1816 4672 2070 4726 velociter.
2102 4671 2164 4725 Et
2187 4673 2470 4726 ceciderunt
2499 4683 2691 4726 catenae
2719 4673 2855 4726 illius
2872 4674 2935 4726 de
2960 4672 3208 4727 manibus.
3239 4672 3394 4736 Vide,

1817 4765 1905 4819 illa
1938 4776 2095 4819 nocte
2125 4765 2295 4835 ipsum
2331 4766 2547 4834 eripuit.
2581 4765 2649 4818 Et
2679 4766 2848 4817 lumen
2872 4764 3070 4833 refulsit
3110 4765 3162 4818 in
3204 4764 3401 4819 habita-

1818 4858 1952 4923 cula,
1982 4873 2048 4911 ne
2094 4866 2303 4926 putaret
2345 4873 2465 4911 esse
2509 4864 2777 4925 spectrum
2811 4873 2825 4909 :
2856 4855 3029 4909 lucem
3073 4869 3201 4909 vero
3239 4869 3399 4910 nemo

1818 4950 1949 5003 vidit
1977 4961 2174 5020 praeter
2203 4951 2373 5003 illum.
2409 4948 2629 5002 Etiamsi
2657 4947 2799 5002 enim
2832 4946 2932 4999 hoc
2958 4945 3029 4999 ita
3060 4944 3256 4999 factum
3280 4944 3399 5001 l‘ue-

1818 5043 1917 5109 rit,
1947 5043 1995 5096 id
2029 5052 2204 5097 tamen
2233 5044 2321 5098 ille
2348 5042 2677 5112 phantasiam
2708 5054 2829 5094 esse
2858 5040 3111 5109 putabat,
3135 5039 3276 5109 quod
3309 5054 3397 5096 res

1817 5134 2179 5202 inexspectata
2227 5145 2401 5197 emt;
2461 5133 2558 5185 nisi
2614 5133 2684 5185 ita
2737 5131 2932 5196 factum
2974 5131 3180 5198 fuisset,
3228 5133 3397 5187 multo

1820 5226 1988 5294 magis
2026 5226 2389 5294 suspicaturus
2423 5233 2537 5277 erat
2566 5239 2581 5275 :
2612 5224 2680 5276 ita
2726 5234 2912 5277 contra
2954 5233 3182 5277 mortem
3223 5224 3396 5279 aciem

1818 5318 2175 5381 instruxerat;
2200 5317 2359 5385 idque
2377 5317 2498 5385 quia
2521 5324 2800 5385 postquam
2825 5316 3005 5370 multis
3020 5316 3211 5371 diebus
3238 5315 3398 5371 isthic

1819 5421 2102 5471 manserat,
2132 5409 2365 5463 nondum
2391 5418 2605 5479 ereptus
2648 5407 2853 5463 fuisset.
2878 5408 2946 5463 Et
2974 5423 3106 5475 cur,
3155 5410 3388 5478 inquies,

1818 5520 1922 5557 non
1951 5502 2189 5572 permisit
2233 5502 2371 5555 Deus
2410 5510 2467 5555 ut
2508 5500 2562 5556 in
2606 5517 2795 5556 manus
2825 5501 3090 5557 incideret
3136 5500 3389 5564 Herodis,

1815 5606 1869 5650 et
1900 5606 2024 5652 tunc
2043 5594 2274 5663 eripuit?
2300 5594 2434 5660 Quia
2473 5593 2599 5647 illud
2647 5594 2698 5647 in
2725 5604 3006 5664 stuporem
3027 5589 3353 5662 conjecisset
3376 5608 3395 5658 ;

1816 5687 1917 5743 hoe
1943 5698 2120 5741 autem
2150 5702 2245 5757 pro
2266 5687 2371 5741 illis
2398 5686 2576 5742 fiebat.
2603 5687 2785 5757 Neque
2812 5688 2954 5743 enim
2987 5694 3225 5756 putatum
3263 5683 3397 5741 fuis-

1816 5797 1897 5840 set
1924 5785 2071 5856 ipsos
2109 5797 2230 5840 esse
2260 5782 2524 5849 homines,
2557 5782 2600 5841 si
2645 5781 2822 5837 omnia
2864 5780 3122 5836 divinitus
3149 5778 3397 5837 iecisset.
