3978 6512
590 356 691 409 199

580 476 737 530 Circa
762 472 1087 541 Stephanum
1118 476 1294 522 autem
1324 466 1446 535 quid
1479 480 1581 517 non
1613 460 1780 515 fecit?
1804 474 1982 514 nonne
2008 469 2147 507 ‘lttttt-

587 582 745 638 quam
775 564 946 630 angeli
975 562 1174 616 vnltmn
1202 560 1279 613 eis
1309 554 1586 609 exhibuit?
1611 552 1745 617 Quid
1771 561 1947 604 autem
1990 558 2043 599 et
2073 547 2157 598 hic

586 672 732 714 retro
777 657 1018 711 relictum
1051 652 1172 707 est?
1212 651 1264 704 8.
1295 646 1438 701 Dixit
1467 655 1631 697 autem
1659 643 1863 712 angelus
1906 640 1973 692 ad
1998 652 2111 692 eisin
2136 654 2157 692 :

586 749 852 817 Praei-inge
874 757 938 807 te.
971 756 1017 797 et
1047 743 1214 796 calcea
1244 751 1289 792 te
1307 740 1498 809 caligas
1519 748 1649 790 tuas.
1669 735 1764 788 llic
1793 734 1950 787 etiam
1980 739 2158 783 osten-

580 842 665 894 dit
690 854 801 893 rem
830 853 932 890 non
958 849 1025 889 ex
1050 833 1175 887 dolo
1211 830 1400 884 factum
1437 829 1600 881 fuisse
1633 843 1645 878 :
1677 839 1833 879 nemo
1854 825 2035 885 enim,
2066 820 2154 888 qui

589 932 811 987 festinus
840 928 1019 981 ftttlt‘l‘e
1047 927 1193 987 velit,
1227 934 1423 976 tantam
1452 921 1887 979 adbibetcuram,
1919 926 1972 970 ut
1996 915 2154 969 etiam

582 1023 779 1091 caligas
809 1017 1065 1086 accipiat,
1095 1023 1150 1069 et
1180 1030 1238 1069 se
1273 1018 1574 1082 prteeiugat.
1607 1008 1747 1063 Fecit
1773 1020 1938 1061 autem
1968 1009 2056 1060 sic.
2094 1004 2157 1057 Et

586 1115 716 1167 dixit
740 1112 820 1165 illi
845 1126 863 1164 :
890 1107 1159 1164 Circumda
1187 1107 1272 1159 tibi
1302 1107 1641 1160 vestimentum
1687 1113 1846 1162 tuum,
1894 1110 1937 1151 et
1960 1113 2159 1164 sequere

588 1222 684 1259 me.
717 1206 770 1260 9.
806 1203 870 1257 Et
911 1216 1137 1272 egressus
1177 1198 1468 1268 sequebatur
1501 1211 1612 1249 eum
1633 1210 1652 1249 :
1677 1206 1722 1247 et
1761 1192 2002 1246 nesciebat
2041 1191 2157 1259 quia

591 1312 761 1350 verum
788 1305 889 1360 est,
917 1293 1051 1364 quod
1090 1292 1235 1359 ﬁebat
1259 1306 1338 1358 per
1367 1288 1633 1358 angelum;
1660 1283 1968 1338 emistimabat
1992 1292 2157 1333 autem

584 1403 638 1439 se
658 1387 814 1439 visunt
839 1386 1025 1437 videre.
1056 1381 1140 1437 l0.
1172 1380 1509 1433 Transeuntes
1552 1387 1715 1429 autem
1763 1376 1975 1444 primum
2004 1384 2046 1423 et
2073 1386 2155 1424 se-

584 1480 801 1532 cundam
823 1478 1124 1536 custodiam,
1161 1483 1397 1527 venerunt
1436 1472 1502 1522 ad
1541 1479 1737 1537 portant
1769 1469 2017 1535 ferream,
2046 1477 2159 1533 qua:

586 1569 722 1623 ducit
745 1568 812 1621 ad
830 1568 1096 1627 civitatem,
1114 1580 1223 1633 qua:
1242 1563 1373 1616 ultro
1403 1572 1577 1627 aperta
1597 1570 1667 1611 est
1693 1559 1778 1611 eis.
1811 1557 1943 1611 Ecce
1968 1570 2158 1609 secun-

586 1662 712 1715 dum
741 1660 971 1729 signum.
1000 1657 1131 1711 Cum
1169 1655 1415 1709 discessit
1442 1652 1682 1721 angelus,
1733 1659 1858 1703 tunc
1889 1646 2158 1711 intellexit

587 1753 795 1809 Petrus.
827 1751 895 1805 E‘t
915 1760 1147 1805 exeuntes
1176 1752 1515 1817 processerim!
1533 1749 1692 1798 vicum
1719 1760 1893 1807 unum,
1925 1752 1971 1795 et
1990 1741 2157 1794 canti-

585 1866 689 1902 nuo
718 1844 940 1900 discessit
966 1844 1174 1915 angelus
1203 1842 1263 1895 ab
1289 1854 1365 1894 eo.
1402 1842 1486 1895 ll.
1524 1839 1584 1892 Et
1615 1838 1794 1891 Petrus
1822 1836 1887 1888 ad
1908 1852 1961 1888 se
1991 1849 2158 1887 rever-

586 1957 693 2005 sus,
716 1939 843 1993 dixit
870 1952 890 1992 .'
922 1935 1074 1991 Nunc
1098 1938 1223 2001 scio,
1241 1935 1357 2004 quin
1379 1948 1488 1985 vere
1510 1930 1899 1984 ntisittDOminus
1924 1926 2158 1997 angelum

586 2049 752 2095 suum,
781 2042 826 2085 et
856 2030 1035 2098 eripuit
1051 2046 1129 2083 me
1146 2030 1207 2081 de
1231 2043 1379 2080 manu
1411 2022 1647 2090 Herodis,
1671 2034 1715 2077 et
1739 2023 1799 2076 de
1820 2022 1955 2075 ουιηί
1983 2034 2156 2089 exspe-

587 2129 802 2179 ctatione
822 2124 980 2194 pletis
1006 2122 1322 2175 Judatorutn.
1354 2118 1503 2173 Nunc
1526 2120 1648 2182 scio,
1679 2116 1865 2185 inquit,
1887 2130 1990 2167 non
2012 2124 2154 2166 tunc.

586 2217 695 2272 Cur
723 2232 809 2271 res
841 2217 909 2269 ita
941 2215 1113 2284 agitur
1134 2254 1148 2276 ,
1198 2227 1293 2267 nec
1332 2212 1517 2265 Petrus
1564 2210 1616 2262 in
1663 2207 1737 2261 rei
1764 2215 1925 2275 gestat
1947 2218 2157 2258 senSnm

590 2310 755 2374 venit,
787 2307 885 2362 etsi
908 2305 998 2360 tali
1045 2304 1308 2358 frueretur
1343 2302 1655 2367 liberatione
1680 2338 1694 2363 ,
1724 2296 1936 2366 quando
1974 2308 2159 2347 omnes

590 2399 748 2453 Sttlltli
773 2397 965 2453 erant?
987 2395 1279 2452 Confestim
1310 2394 1420 2447 vult
1448 2394 1593 2448 illum
1624 2389 1860 2451 liberari,
1892 2397 1946 2443 et
1972 2400 2156 2457 postea

589 2494 641 2546 in
667 2493 738 2546 rei
763 2506 975 2545 seruum
1008 2491 1209 2543 venire.
1238 2487 1387 2555 Quod
1424 2502 1549 2539 vero
1579 2495 1779 2537 eatena-
1810 2482 1876 2535 de
1918 2478 2161 2533 manibus

589 2584 703 2652 ejus
728 2583 1038 2645 ceciderint,
1070 2595 1314 2648 magnum
1338 2590 1449 2631 erat
1473 2578 1551 2643 sig
1578 2590 1679 2627 sum
1712 2573 1850 2641 quod
1876 2587 1977 2623 non
2010 2568 2159 2639 luge-

590 2687 690 2730 ret.
720 2675 805 2730 19..
837 2674 1263 2740 Consideransque
1288 2672 1418 2724 venit
1461 2671 1527 2720 ad
1553 2678 1754 2719 domum
1783 2663 1964 2717 Maria:
1989 2662 2162 2714 matris

590 2768 825 2831 Joannis,
872 2766 958 2835 qui
1001 2762 1447 2833 cognominabatur
1474 2758 1707 2820 Marcus,
1736 2756 1820 2809 ubi
1848 2764 1986 2808 erant
2018 2755 2163 2806 multi

593 2857 878 2928 congregati
904 2867 948 2908 et
972 2864 1189 2909 orantes.
1218 2855 1303 2907 l3.
1336 2851 1580 2907 Pulsante
1606 2860 1769 2903 autem
1790 2846 1942 2902 Petro
1984 2848 2165 2900 ostium

594 2952 783 3023 innuat,
817 2948 1054 3018 processit
1079 2947 1245 3017 puella
1281 2947 1346 2999 tul
1372 2943 1701 3007 audiendum,
1738 2941 1938 2994 nomine
1963 2938 2159 2993 Rhode.

596 3040 682 3095 Η.
717 3037 854 3092 Etut
875 3038 1100 3107 cognovit
1121 3051 1286 3088 vocent
1316 3034 1473 3100 Petri,
1494 3048 1598 3103 prte
1623 3032 1806 3101 gaudio
1839 3048 1936 3083 non
1970 3029 2166 3097 aperuit

595 3132 827 3203 ianuam.
866 3127 1141 3197 Perpende
1172 3127 1383 3181 Petrum
1414 3142 1517 3179 non
1550 3125 1725 3179 statim
1755 3122 2030 3185 accedere,
2073 3121 2164 3175 sed

595 3222 743 3293 prius
794 3222 915 3276 lzeta
957 3220 1075 3276 suis
1103 3221 1370 3274 nuntiare.
1413 3219 1691 3271 Accurrcns
1723 3228 1888 3269 autem
1926 3216 2167 3268 nuntiavit

595 3327 735 3371 stare
761 3313 966 3367 Petrum
992 3324 1105 3366 ante
1136 3314 1371 3384 januam.
1399 3312 1483 3365 15.
1514 3309 1605 3363 Illi
1638 3320 1801 3361 autem
1842 3309 2072 3361 dixerunt
2102 3308 2166 3358 ad

599 3422 709 3461 eam
728 3421 748 3461 :
772 3406 994 3460 Insanis.
1022 3404 1046 3457 Ι
1056 3406 1127 3458 lla
1150 3415 1317 3457 autem
1337 3403 1614 3474 afﬁrmabat
1636 3402 1705 3454 sic
1732 3417 1786 3455 se
1804 3400 2000 3453 habere.

666 3497 722 3551 2.
765 3497 896 3552 Vide
925 3506 979 3551 et
1006 3496 1225 3550 ancillas
1254 3496 1444 3565 pietate
1476 3495 1673 3562 plenas.
1706 3491 1819 3546 Prae
1848 3490 2038 3560 gaudio
2065 3505 2166 3542 non

596 3590 808 3658 aperuit
836 3588 1029 3641 ostium
1058 3602 1072 3651 ;
1098 3585 1175 3639 illi
1205 3599 1332 3639 vero
1363 3600 1421 3638 re
1451 3586 1519 3637 ita
1549 3595 1697 3653 gesta
1729 3581 2041 3636 renuebaut.
2067 3578 2171 3633 Illa

599 3679 873 3750 afﬁrmabat
911 3678 982 3731 sic
1008 3693 1060 3730 se
1090 3675 1288 3729 habere.
1337 3673 1362 3727 I
1372 3675 1429 3728 lli
1456 3686 1620 3727 autem
1649 3671 1907 3736 dicebant,
1954 3672 2170 3741 Angelus

600 3772 709 3840 ejus
737 3776 827 3823 est.
882 3769 967 3823 l6.
1014 3766 1193 3821 Petrus
1233 3781 1348 3819 vero
1390 3766 1727 3835 perseverabat
1770 3762 1997 3834 pulsans.
2045 3759 2171 3816 Cum

598 3872 764 3917 autem
791 3863 1100 3931 aperuissent
1125 3900 1139 3923 ,
1170 3860 1398 3912 viderunt
1428 3873 1537 3911 eum
1559 3897 1572 3920 ,
1604 3866 1652 3909 et
1683 3854 2058 3925 obstupuerunt.
2076 3852 2169 3906 ’l'i.

599 3957 840 4012 Anuuens
870 3966 1035 4009 autem
1067 3953 1139 4005 eis
1164 3966 1318 4005 manu
1343 3961 1401 4003 ut
1431 3957 1685 4015 tacerent,
1714 3948 1938 4001 narravit
1960 3948 2031 3999 eis
2052 3962 2173 4015 quo-

600 4049 752 4101 modo
794 4045 933 4100 Deus
961 4044 1214 4099 eduxisset
1243 4058 1355 4097 eum
1384 4042 1445 4095 de
1475 4057 1695 4106 carcere,
1724 4040 1991 4106 dixitque:
2021 4037 2172 4090 Nun-

603 4142 723 4195 tiate
746 4138 934 4192 Jacobo
959 4148 1003 4191 et
1033 4134 1273 4208 fratribus
1300 4136 1426 4188 lucc.
1454 4134 1518 4189 Et
1549 4150 1773 4203 egressus
1797 4133 1918 4185 abiit
1946 4132 1993 4183 in
2020 4131 2176 4182 alium

604 4234 787 4286 locum.
831 4231 1151 4300 llepetamus
1180 4229 1338 4297 igitur
1365 4228 1555 4280 seriem
1584 4225 1919 4279 uarratiOnis.
1950 4222 2051 4274 Illo
2081 4238 2175 4273 au-

607 4334 707 4377 tem
757 4332 1011 4392 tempore,
1061 4320 1255 4388 inquit,
1304 4319 1436 4370 misit
1479 4315 1705 4370 Herodes
1739 4330 1827 4368 rea:
1862 4330 2040 4366 manus
2069 4353 2084 4378 ,
2126 4320 2176 4363 ut

607 4415 840 4486 afﬂigeret
870 4411 1111 4483 quosdam
1147 4413 1209 4463 de
1240 4409 1483 4462 Ecclesia.
1530 4407 1688 4474 Quasi
1730 4407 1837 4459 l’era
1884 4414 2084 4458 temere
2126 4413 2179 4455 et

607 4507 728 4560 sine
770 4520 928 4557 causa
972 4517 1157 4557 omnes
1199 4501 1416 4555 invadit.
1465 4498 1578 4553 Hoc
1624 4508 1738 4559 est,
1784 4497 1927 4565 quod
1971 4494 2175 4548 dicebat

604 4598 851 4651 Christus
880 4613 894 4650 :
926 4596 1146 4650 Calicem
1168 4636 1181 4657 ,
1218 4610 1363 4664 quem
1394 4608 1483 4661 ego
1513 4590 1753 4644 bibiturus
1792 4607 1903 4643 smn
1922 4630 1937 4653 ,
1969 4589 2139 4641 bibetis
2158 4603 2180 4641 .'

609 4691 656 4736 et
677 4682 924 4750 baptismo
942 4722 957 4746 ,
981 4695 1079 4749 quo
1099 4695 1189 4749 ego
1200 4678 1447 4748 baptizor,
1482 4674 1854 4744 bnptizabimini
1879 4672 2066 4743 (Marc.
2093 4672 2179 4726 l0.

610 4772 721 4843 39).
770 4771 968 4825 Occidit
990 4778 1156 4823 autem
1176 4810 1191 4834 ,
1220 4768 1423 4837 inquit,
1450 4766 1697 4818 Jacobum
1734 4768 1941 4835 fratrem
1970 4762 2183 4816 Joannis

608 4866 800 4936 gladio.
830 4864 901 4918 Et
926 4878 1058 4927 cur,
1094 4862 1329 4931 inquies,
1363 4876 1467 4914 non
1498 4857 1674 4912 statim
1707 4857 1920 4911 Petrum
1944 4855 2184 4910 occidit?

610 4957 834 5010 Causam
877 4957 1108 5023 scriptor
1144 4952 1298 5006 al’icrt
1339 4969 1351 5003 :
1408 4949 1567 5003 Brant
1610 4950 1785 5014 enim,
1831 4947 2031 5016 inquit,
2079 4946 2185 4999 dies

612 5051 914 5118 Azymorum
938 5062 957 5101 :
994 5056 1048 5100 et
1077 5045 1190 5114 ejus
1219 5059 1400 5097 necem
1432 5042 1643 5094 volebat
1670 5055 1791 5095 cum
1822 5039 2006 5103 majori
2034 5037 2184 5090 cele—

616 5140 812 5193 britate
838 5139 979 5192 fieri.
1023 5137 1100 5190 lltli
1143 5137 1302 5206 igitur
1331 5135 1400 5189 ob
1438 5133 1851 5187 admonitionem
1878 5129 2185 5185 Gamalielis

613 5229 724 5298 jam
775 5245 802 5280 a
851 5228 1087 5283 ca-dibus
1136 5226 1506 5288 abstinebant;
1559 5223 1793 5292 alioquin
1844 5236 1970 5275 vero
2018 5236 2187 5290 neque

623 5333 816 5372 causas
845 5317 1179 5372 inveniebant
1206 5333 1221 5378 ;
1252 5317 1348 5370 sed
1381 5332 1473 5384 per
1497 5315 1631 5368 alios
1658 5329 1719 5366 ea
1764 5314 1875 5381 ipsa
1915 5311 2185 5366 machina-

619 5411 833 5466 bantur.
876 5410 1011 5475 Quia
1040 5422 1163 5463 vero
1189 5409 1323 5461 alius
1351 5418 1464 5461 erat
1490 5408 1738 5467 lacubus.
1769 5407 1931 5459 frater
1957 5405 2184 5465 Domini,

621 5502 742 5557 ideo
769 5501 1064 5570 designavit
1086 5499 1273 5554 dicens
1297 5540 1313 5564 ,
1352 5498 1583 5552 Fratrem
1614 5497 1852 5551 Joannis.
1895 5497 2078 5549 Vidcn‘
2107 5511 2189 5549 re-

619 5611 739 5650 rum
770 5608 1032 5649 sumant
1076 5608 1241 5662 penes
1272 5591 1368 5645 hos
1409 5601 1516 5644 tres
1564 5590 1758 5653 l'niSSe,
1793 5591 2021 5643 maxime
2063 5602 2190 5641 Vero

623 5705 786 5758 penes
819 5688 1031 5742 Petrum
1065 5696 1120 5741 et
1148 5682 1445 5739 Iacobum?
1476 5682 1586 5735 lloc
1616 5683 1843 5735 maxime
1872 5681 2189 5735 condemna-

624 5778 699 5832 tio
744 5778 948 5831 illorum
990 5787 1124 5831 em.
1153 5773 1268 5829 Non
1297 5774 1438 5829 enim
1477 5772 1584 5842 jam
1617 5771 1842 5826 humana
1887 5772 2188 5840 prtedicatio

1370 349 1425 402 S.
1464 345 1736 400 .lO.\NNlS
1770 338 2243 399 CHRYSOS'I'OMI
2281 331 2596 390 ARCIIIEP.
2633 329 3160 388 CONSTANTINOP.

3732 330 3831 383 ΞΜ

2260 449 2657 513 ostendebatur,
2685 456 2740 502 et
2771 460 2897 503 vere
2923 446 3246 516 implebstur
3266 443 3429 507 illud.
3461 440 3734 500 Estimau‘
3757 466 3836 499 su-

2261 560 2374 596 mus
2398 543 2525 595 sicut
2550 557 2662 595 oves
2685 541 2947 595 occisionis
2966 541 2983 606 (
2999 539 3146 595 Psal.
3170 538 3259 594 is.
3280 539 3351 594 22
3366 541 3404 610 ).
3436 539 3625 594 Videtis
3652 550 3832 603 autem,

2260 631 2431 701 inquit
2453 672 2468 697 ,
2508 632 2630 702 quia
2660 631 2880 698 placeret
2909 629 3139 696 Judais,
3179 631 3414 701 apposuit
3446 639 3509 683 ut
3546 629 3835 699 apprehen-

2259 723 2397 776 deret
2446 732 2492 776 et
2538 721 2767 776 Petrum.
2815 721 3062 776 Placebat
3101 722 3310 788 etedes,
3336 734 3393 776 et
3421 721 3600 777 caules
3637 722 3832 791 iniqua.

2257 812 2440 883 Magna
2469 813 2693 867 Herodis
2723 813 2958 875 insania;
2981 813 3223 867 absurdis
3240 826 3427 869 eorum
3458 814 3837 885 cupiditatibus

2259 904 2542 959 serviebat.
2585 905 2716 957 Cum
2760 905 3088 973 oportuisset
3110 907 3251 959 enim
3272 907 3601 960 «intrarunt:
3624 905 3831 971 facere,

2260 1004 2317 1049 et
2350 995 2567 1074 illorum
2614 995 2869 1064 impetum
2906 1008 3159 1049 coercere
3180 1037 3197 1061 ,
3241 996 3327 1051 ille
3362 1006 3552 1051 contra
3582 997 3837 1052 incitabat

2261 1087 2411 1156 quasi
2454 1086 2691 1141 carnifex
2731 1087 2949 1156 quidam
2984 1089 3384 1157 aagrotantium,
3426 1103 3532 1143 non
3566 1104 3697 1144 vero
3725 1105 3819 1143 me-

2258 1178 2413 1231 dicus
2434 1218 2449 1242 ,
2480 1178 2686 1231 etiamsi
2717 1178 2879 1231 millia
2906 1180 3149 1247 exetnpla
3180 1177 3436 1243 haberet,
3465 1188 3516 1233 et
3541 1181 3627 1234 avi
3654 1189 3711 1234 et
3741 1195 3831 1249 pa-

2256 1270 2357 1323 tris
2397 1269 2662 1333 llerodis;
2707 1280 2761 1323 et
2801 1270 3070 1339 quatnodo
3104 1270 3196 1324 ille
3234 1271 3447 1339 quidem
3491 1281 3715 1341 propter
3736 1287 3833 1325 ca:-

2258 1360 2379 1414 dem
2436 1362 2713 1415 infantium
2776 1376 2962 1432 inagna
3014 1363 3237 1417 subierit
3292 1364 3465 1425 mala;
3526 1364 3614 1418 hic
3665 1378 3831 1427 vero,

2256 1452 2462 1508 Joanne
2497 1468 2639 1508 cteso
2666 1496 2680 1520 ,
2710 1469 2871 1521 grave
2899 1454 3094 1508 bellum
3140 1454 3466 1508 excitaverit.
3525 1455 3688 1521 Quem
3727 1473 3835 1507 cum

2258 1548 2675 1615 apprehendisset
2697 1587 2712 1613 ,
2745 1546 2917 1617 inquit
2944 1587 2959 1612 ,
2995 1547 3127 1600 misit
3152 1546 3207 1601 in
3233 1563 3498 1601 carcerem.
3528 1548 3792 1604 Metuebat
3818 1591 3833 1613 ,

2262 1655 2329 1694 ue
2353 1649 2574 1709 propter
2601 1640 2846 1694 timorem
2878 1655 2943 1694 ex
2977 1651 3147 1693 morte
3175 1639 3358 1694 Jacobi
3388 1651 3707 1712 conceptum
3747 1656 3835 1694 se-

2259 1734 2477 1788 cederet
2521 1733 2709 1788 l'etrus
2735 1751 2747 1787 :
2778 1743 2831 1787 ct
2860 1743 2916 1788 ut
2947 1735 2999 1788 in
3028 1743 3143 1788 tuto
3172 1745 3421 1804 poneret,
3450 1735 3597 1790 misit
3636 1736 3688 1790 in
3716 1752 3837 1790 car-

2260 1838 2463 1878 cerem.
2504 1826 2621 1890 Quo
2646 1825 2944 1878 accuratior
2967 1824 3202 1879 custodia
3224 1866 3238 1889 ,
3270 1838 3336 1881 eo
3375 1825 3667 1881 mirabilius
3712 1842 3835 1895 spe-

2259 1914 2545 1968 ctaculum.
2580 1913 2691 1969 lloc
2734 1923 2911 1969 autem
2941 1915 3103 1971 Petro
3152 1916 3529 1981 conducebat,
3579 1918 3669 1987 qui
3714 1917 3840 1973 hinc

2263 2004 2533 2071 probatior
2571 2004 2791 2059 elfectus
2831 2016 2915 2060 est
2939 2048 2952 2070 ,
2999 2016 3054 2061 et
3096 2007 3458 2062 fortitudinem
3497 2022 3648 2064 suam
3689 2011 3844 2063 exhi-

2261 2095 2395 2149 buit.
2432 2094 2607 2150 Oratio
2632 2109 2828 2159 autem,
2871 2098 3069 2167 inquit,
3114 2100 3264 2167 ﬁebat
3302 2100 3409 2154 sine
3451 2102 3841 2155 intermissione.

2260 2186 2476 2240 Amoris
2507 2186 2762 2240 indicium
2795 2197 2909 2241 erat
2943 2189 3133 2242 oratio.
3180 2188 3387 2243 Patrem
3418 2204 3604 2246 munes
3629 2204 3844 2261 quame-

2256 2278 2387 2333 ‘bant
2406 2320 2420 2342 ,
2452 2290 2653 2346 patrem
2685 2290 3039 2334 mansuetum.
3067 2282 3191 2335 Sine
3218 2283 3615 2347 intermissione,
3646 2283 3844 2351 inquit.

2261 2370 2423 2422 oratio
2453 2386 2543 2438 pro
2580 2370 2670 2424 illo
2694 2371 2862 2438 ﬁebat.
2886 2372 3078 2426 Audite
3097 2415 3111 2439 ,
3144 2386 3249 2442 quo
3280 2386 3457 2427 essent
3483 2374 3679 2429 affectu
3717 2389 3848 2444 erga

2261 2458 2509 2515 doctures
2534 2476 2678 2516 suos.
2724 2462 2839 2517 Non
2890 2465 3375 2527 tumultuabantur.
3418 2482 3522 2521 non
3556 2467 3853 2521 tut-bubali.

2263 2559 2385 2616 tur;
2426 2553 2522 2606 sed
2552 2554 2619 2607 ad
2653 2555 2949 2610 orationem
2990 2558 3130 2612 versi
3170 2569 3323 2622 sunt,
3365 2574 3546 2614 verum
3585 2570 3641 2615 et
3686 2561 3848 2615 inex-

2272 2646 2555 2712 pugnabile
2576 2648 2940 2702 commilitium
2970 2667 2983 2703 :
3012 2650 3080 2704 ad
3118 2651 3258 2704 illam
3299 2653 3690 2722 confugiebant.
3729 2654 3849 2709 Non

2260 2736 2515 2792 dicebant
2543 2758 2555 2792 :
2601 2740 2830 2795 llumilis
2857 2757 2955 2812 ego
2986 2752 3041 2797 et
3077 2745 3273 2798 nullius
3303 2748 3453 2815 pretii
3482 2763 3576 2815 pro
3605 2747 3703 2802 illo
3730 2764 3854 2803 ora-

2265 2842 2376 2882 rem
2408 2830 2421 2881 !
2446 2829 2577 2897 Quia
2601 2832 2741 2884 enim
2773 2848 2839 2887 ex
2865 2836 3085 2889 caritate
3106 2836 3361 2905 agebant,
3386 2839 3518 2892 nihil
3541 2838 3853 2909 hujusmodi

2256 2921 2589 2989 cogitabant.
2635 2921 2724 2975 Vis
2763 2922 2973 2979 discere
3014 2936 3210 2994 quanta
3258 2929 3338 2982 vel
3392 2930 3541 2983 inviti
3576 2928 3855 2988 feCerint?

2266 3006 2388 3063 lllo.
2418 3011 2747 3079 probatiores
2774 3014 3162 3083 exhibuerunt,
3190 3015 3290 3073 hos
3317 3018 3684 3089 diligentiores
3713 3022 3857 3077 fece-

2266 3115 2410 3158 runt.
2444 3106 2508 3158 Et
2542 3106 2658 3161 vide
2692 3110 3015 3165 tentationes
3043 3111 3096 3165 in
3125 3111 3259 3166 festo
3283 3111 3370 3168 die
3396 3112 3664 3182 inductas,
3696 3125 3757 3171 ut
3786 3117 3858 3172 illi

2262 3196 2525 3251 clariores
2564 3209 2768 3253 essent.
2817 3199 2941 3255 Cum
2979 3214 3146 3257 autem
3187 3205 3522 3274 producturus
3555 3224 3679 3262 eum
3730 3222 3860 3263 esset

2272 3286 2531 3353 Herodes,
2582 3289 2786 3359 inquit,
2832 3304 2975 3347 nocte
3018 3295 3109 3348 illa
3159 3294 3337 3350 Petrus
3380 3297 3677 3353 dormiebat.
3725 3299 3862 3355 Vide

2268 3379 2487 3434 Petrum
2525 3381 2876 3438 dormientem
2906 3426 2921 3448 ,
2964 3398 3064 3440 nec
3107 3396 3311 3441 terrore
3350 3388 3432 3442 vel
3473 3399 3619 3445 metu
3666 3392 3863 3446 deten-

2268 3481 2401 3524 ttnn.
2435 3471 2507 3525 Ea
2538 3472 2648 3541 ipsa
2680 3484 2865 3539 nocte,
2909 3490 3009 3544 qua
3043 3476 3412 3544 producendus
3439 3491 3585 3544 erat,
3617 3486 3865 3539 dormie-

2272 3563 2395 3627 bat,
2429 3567 2606 3620 omnia
2639 3567 2689 3619 in
2720 3566 2884 3620 Deum
2919 3568 3186 3637 rejiciens.
3226 3570 3331 3625 Nec
3373 3573 3697 3642 simpliciter
3738 3577 3867 3631 dur-

2266 3658 2488 3722 ntiebat,
2515 3658 2630 3722 sed,
2653 3657 2791 3713 Inter
2810 3658 2934 3714 duos
2960 3663 3167 3728 milites,
3188 3664 3377 3717 vinctus
3407 3670 3592 3720 catenis
3637 3667 3865 3723 duabus.

2268 3746 2418 3802 Jnter
2442 3748 2567 3803 duos
2593 3751 2767 3814 enim,
2797 3752 3000 3822 inquit,
3025 3753 3207 3808 milites
3235 3765 3344 3810 erat
3368 3756 3645 3823 dormiens,
3669 3762 3868 3815 vinctus

2275 3844 2473 3897 duabus
2497 3846 2707 3900 catenis.
2755 3843 2938 3903 Viden'
2980 3864 3136 3919 quam
3178 3861 3421 3908 accurata
3462 3855 3756 3910 cusmdia?
3802 3856 3867 3910 Et

2271 3950 2387 3988 erce
2421 3935 2629 4005 angelus
2673 3936 2908 4003 Domini,
2944 3942 3143 4010 inquit,
3174 3943 3404 4011 adstitit,
3445 3945 3652 4014 dicens,
3700 3948 3869 4019 Surge

2272 4027 2529 4082 velociter.
2560 4030 2899 4085 Dormiebant
2934 4034 3087 4088 simul
3118 4036 3403 4091 custodes:
3438 4037 3559 4092 ideo
3598 4039 3741 4093 nihil
3792 4059 3863 4109 ge-

2273 4132 2480 4175 storum
2509 4135 2809 4177 senserunt.
2842 4125 3042 4179 Lumen
3077 4140 3206 4182 vero
3245 4126 3469 4196 refulsit,
3490 4137 3550 4183 ut
3572 4140 3634 4184 et
3663 4134 3857 4186 videret

2274 4221 2332 4266 et
2359 4213 2567 4267 audiret
2594 4213 2817 4282 Petrus,
2850 4232 2948 4271 nec
2974 4228 3187 4287 putaret
3214 4219 3545 4290 phantasiam
3594 4240 3749 4280 esse.
3797 4226 3863 4281 Ne

2281 4317 2406 4356 vero
2436 4304 2667 4372 segniter
2686 4316 2865 4376 ageret
2886 4349 2900 4370 ,
2926 4308 3063 4362 latus
3089 4310 3205 4378 ejus
3228 4314 3473 4381 percutit.
3491 4312 3685 4385 Neque
3708 4319 3868 4371 modo

2281 4393 2429 4447 audit
2444 4435 2458 4456 ,
2484 4393 2687 4465 Surge;
2713 4397 2806 4451 sed
2828 4399 2986 4452 etiam
3007 4399 3245 4466 additur,
3282 4399 3524 4456 Velociter
3543 4416 3564 4458 :
3586 4417 3700 4460 tam
3721 4419 3873 4463 arcte

2278 4486 2599 4541 dormiebat.
2624 4487 2961 4544 Existimabat
2986 4502 3152 4545 autem
3177 4509 3231 4547 se
3255 4495 3410 4548 visunt
3435 4495 3603 4551 videre
3622 4540 3638 4562 ,
3675 4500 3872 4567 inquit.

2286 4576 2625 4633 Pertransivit
2645 4590 2812 4633 autem
2843 4581 3056 4649 primum
3077 4593 3124 4635 et
3143 4584 3409 4637 secundant
3437 4588 3747 4641 custodiam.
3774 4589 3873 4645 Ubi

2280 4683 2428 4723 mmc
2464 4679 2590 4723 sunt
2631 4670 2911 4725 haeretici?
2955 4672 3235 4740 Qutmndo
3278 4678 3651 4744 pertransierit
3691 4681 3878 4734 dicunt

2286 4761 2479 4814 nobis:
2526 4760 2619 4814 sed
2647 4777 2749 4815 non
2782 4772 3056 4831 poterunt.
3104 4766 3260 4826 Atqui
3307 4776 3525 4837 propter
3566 4768 3677 4824 hoc
3720 4772 3878 4826 illum

2282 4852 2488 4921 ambigi
2516 4852 2669 4921 jubet
2695 4862 2749 4907 et
2776 4854 3004 4908 ealceari
3027 4896 3042 4917 ,
3072 4865 3132 4909 ut
3160 4866 3214 4911 et
3241 4855 3365 4912 hinc
3387 4857 3463 4911 illi
3500 4863 3876 4927 persuadeat,

2285 4940 2391 4995 huc
2418 4957 2523 4996 non
2549 4958 2669 4997 esse
2696 4946 3041 5012 phantasma;
3090 4958 3252 5015 utque
3280 4962 3523 5001 somnum
3549 4960 3879 5017 excuteret,

2288 5037 2555 5105 sciretque
2581 5052 2694 5091 rem
2722 5052 2842 5092 esse
2873 5052 3071 5092 verant.
3104 5040 3224 5095 ldeo
3250 5042 3427 5095 statim
3456 5042 3782 5099 ceciderunt
3805 5062 3883 5099 ως

2290 5138 2428 5183 lena:
2460 5130 2529 5183 de
2573 5131 2814 5185 inanibus
2842 5131 2991 5200 ejus,
3028 5143 3083 5187 et
3123 5133 3355 5196 audivit,
3400 5134 3568 5204 Surge
3610 5138 3881 5193 velociter.

2292 5220 2404 5275 Hoc
2430 5236 2559 5274 vero
2586 5237 2690 5275 non
2719 5224 3075 5291 perturbantis
3101 5234 3215 5288 est,
3244 5225 3337 5279 sed
3370 5229 3644 5281 monentis
3674 5242 3752 5283 ne
3784 5233 3887 5283 dir-

2289 5308 2471 5367 ferret.
2505 5311 2572 5366 Et
2602 5316 2881 5380 nesciebat,
2927 5317 3131 5385 inquit,
3160 5321 3277 5387 quia
3306 5334 3473 5372 verum
3504 5331 3574 5373 est
3604 5320 3663 5372 id
3682 5330 3719 5387 ,‘
3745 5326 3886 5394 quod

2292 5403 2444 5473 ﬁebat
2474 5421 2561 5473 per
2586 5410 2818 5477 angelum
2840 5426 2859 5461 :
2888 5411 3200 5463 existimabat
3224 5423 3388 5464 autem
3416 5429 3470 5465 se
3494 5415 3660 5466 visum
3686 5417 3885 5469 videre.

2293 5492 2422 5549 Jure
2441 5535 2457 5555 .
2487 5497 2557 5547 ob
2584 5511 2757 5549 rerum
2787 5508 3053 5567 gestarum
3084 5499 3480 5556 sublimitatem.

2367 5588 2421 5642 5.
2465 5586 2670 5651 νεάδην,
2699 5600 2895 5658 quanta
2920 5590 2991 5644 sit
3016 5591 3150 5660 signi
3178 5593 3524 5663 magnitudo?
3560 5610 3728 5666 quam
3756 5611 3887 5666 per-

2295 5679 2455 5733 cellat
2495 5680 2796 5734 vident-em?
2840 5698 2999 5751 quam
3048 5686 3363 5740 incredibile
3405 5687 3533 5741 illud
3581 5690 3889 5746 videatur?

2298 5769 2429 5825 Nam
2461 5772 2503 5825 si
2541 5773 2728 5828 Petrus
2759 5783 2906 5827 tanto
2936 5786 3174 5845 tempore
3194 5792 3257 5831 se
3282 5778 3449 5831 visunt
3475 5780 3665 5836 videre
3689 5783 3887 5853 existi.
