4100 6354
541 287 641 346 201

506 403 620 474 γὰρ
678 405 879 479 Πέτρος
921 405 1092 460 ἐδόκει
1135 407 1318 477 ὅραμα
1375 406 1592 476 βλέπειν
1625 409 1683 460 ἐν
1713 408 1951 477 τοσούτῳ
1978 404 2175 477 χρόνῳ,

506 492 687 557 ¹καίτοι
726 494 886 558 αὐτὸς
918 495 1248 566 ζωσάμενοςι
1274 495 1367 549 καὶ¹
1416 496 1821 567 ὑποδησάμενος
1843 512 1857 526 ·
1894 495 1947 547 τί
1993 494 2179 565 ἕτερος

514 580 588 649 μὴ
628 580 827 634 ἔπαθεν
855 582 949 647 ἄν;
994 584 1337 646 Διελθόντες
1373 581 1460 644 δὲ,
1504 583 1655 651 φησὶ,
1703 583 1941 650 πρώτην
1978 585 2175 650 φυλα-

512 665 630 733 κὴν
649 668 745 720 καί
769 668 1070 736 δευτέραν,
1092 668 1239 740 [211]
1263 665 1452 738 ἦλθον
1466 669 1563 721 ἐπὶ
1589 669 1704 737 τὴν
1724 670 1929 735 πύλην
1944 670 2057 735 τὴν
2088 685 2181 722 σι-

503 753 735 821 δηρᾶν⁹
799 755 898 809 καὶ
946 756 1297 822 ἐξελθόντες
1362 755 1672 824 προῆλθον
1727 758 1931 826 ῥύμην
1992 758 2173 825 μίαν,

509 842 607 893 καὶ
646 840 861 907 εὐθέως
912 842 1147 908 ἀπέστη
1189 846 1221 896 ό
1268 844 1521 913 ἄγγελος
1552 844 1653 897 ἀπ’
1679 844 1886 897 αὐτοῦ.
1930 844 2009 896 Τὰ
2060 843 2179 913 μέν-

509 947 592 981 τοι
649 929 793 981 ἔνδον
831 930 1097 999 γενόμενα
1123 929 1543 1002 θαυμασιώτερα
1582 927 1685 1002 ἦν’
1725 930 1882 984 τοῦτο
1908 930 1962 984 δὲ
1996 931 2179 983 λοιπὸν

508 1016 1009 1087 ἀνθρωπινώτερον.
1040 1018 1170 1070 Ὅτε
1222 1019 1375 1072 οὐδὲν
1418 1018 1648 1088 κώλυμα
1675 1012 1764 1089 ἦν,
1804 1020 1923 1072 τότε
1965 1020 2175 1090 ἀπέστη

505 1107 534 1157 6
563 1105 810 1173 ἄγγελος.
860 1106 931 1157 Οὐ
963 1107 1069 1177 γάρ
1097 1106 1163 1159 ἂν
1194 1106 1464 1176 προῆλθεν
1498 1110 1526 1160 ὀ
1563 1107 1767 1178 Πέτρος
1797 1108 2065 1160 τοσούτων
2091 1107 2177 1159 δν-

503 1211 613 1246 των
654 1192 1021 1263 κωλυμάτων·
1066 1194 1234 1258 ὅντως
1263 1194 1392 1263 γὰρ,
1432 1196 1600 1257 ὅντως
1639 1193 1900 1264 ἔκπληξις
1926 1190 2014 1265 ἦν.
2048 1195 2177 1249 Νῦν

501 1282 717 1350 ἔγνων,
774 1283 968 1351 φησὶν,
1015 1281 1105 1334 ὅτι
1168 1280 1406 1348 ἀληθῶς
1466 1280 1824 1335 ἀπέστειλεν
1866 1284 1898 1335 ὁ
1960 1283 2178 1350 Κύριος

504 1368 615 1422 τὸν
653 1369 912 1437 ἄγγελον
964 1368 1182 1432 αὐτοῦ,
1229 1368 1325 1421 καὶ
1381 1368 1646 1433 ἐξείλετό
1701 1386 1778 1438 με
1838 1369 1907 1422 ἐκ
1979 1369 2177 1438 χειρὸς

508 1454 764 1522 Ἡρώδου
796 1454 894 1507 καί
936 1454 1141 1521 πάσης
1188 1452 1292 1521 τῆς
1337 1454 1701 1523 προσδοκίας
1733 1453 1840 1509 τοῦ
1877 1454 2029 1509 λαοῦ
2061 1456 2176 1507 τῶν

512 1540 828 1594 Ἰουδαίων.
874 1540 1023 1603 Νῦν,
1078 1540 1197 1611 οὐχ).
1242 1540 1384 1603 τότε,
1419 1541 1507 1594 ὅτε
1538 1544 1595 1594 ἐν
1648 1540 1725 1610 τῷ
1789 1540 1969 1611 δεσμῷ
2003 1541 2169 1611 ἡμην.

499 1627 771 1682 Συνιδών
830 1645 893 1681 τε
938 1624 1125 1697 ἦλθεν
1176 1628 1275 1681 ἐπὶ
1327 1627 1442 1696 τὴν
1514 1630 1710 1682 οἰκίαν
1772 1629 2001 1696 Μαρίας
2066 1627 2173 1697 τῆς

494 1715 724 1784 μητρὸς
773 1715 1075 1781 Ἰωάννου,
1108 1715 1263 1786 φησί.
1317 1714 1382 1768 Τί
1426 1717 1562 1778 ἐστι,
1589 1714 1892 1781 Συνιδών;
1940 1716 2174 1784 Λογισάο

501 1819 660 1871 μενος
686 1804 819 1855 ὅπου
851 1801 1017 1855 ἐστίν.
1052 1803 1121 1854 Ἢ
1162 1802 1341 1855 τοίνυν
1369 1801 1526 1854 τοῦτο
1560 1802 1825 1855 συνεῖδεν⁹
1863 1803 1896 1873 ἢ
1924 1802 2003 1855 ὅτι
2029 1802 2125 1873 οὐχ
2143 1814 2169 1843 ει

498 1890 689 1953 ἁπλῶς
747 1889 1000 1943 ἀπελθεῖν
1052 1889 1152 1955 δεῖ,
1186 1890 1303 1944 ἀλλ’
1342 1890 1679 1961 ἀμείψασθαι
1711 1891 1801 1944 τὸν
1838 1890 2164 1961 εὐεργέτην·

496 1979 527 2032 ὃ
590 1980 679 2033 καὶ
746 1977 971 2031 συνιδὼν
1026 1972 1188 2048 ἦλθεν
1249 1979 1343 2032 ἐπὶ
1406 1978 1505 2048 τὴν
1553 1979 1729 2032 οίκίαν
1774 1979 2013 2047 Μαρίας.
2074 1977 2169 2042 Τίς

496 2068 644 2121 ἐστιν
694 2061 847 2128 οὗτος
891 2068 918 2118 6
958 2065 1245 2135 Ἰωάννης,
1306 2068 1464 2129 Ἴσως
1506 2066 1713 2129 ἐκεῖνος
1766 2067 1793 2120 6
1849 2066 1936 2119 ἀεὶ
1986 2065 2168 2131 αὐτοῖς

502 2155 679 2210 συνών
699 2173 712 2187 ·
742 2155 830 2209 διὰ
866 2154 974 2227 γὰρ
1005 2154 1166 2208 τοῦτο
1191 2155 1283 2209 καὶ
1318 2156 1379 2209 τὸ
1401 2156 1725 2227 παράσημον
1751 2155 1912 2210 αὐτοῦ
1950 2155 2165 2226 έθηκεν.

569 2246 713 2316 Ὅρα
762 2245 885 2298 ὅσον
945 2244 1093 2297 ἐστὶν
1127 2244 1327 2313 ἀγαθὸν
1365 2246 1397 2315 ἡ
1452 2244 1647 2314 θλῖψις,
1680 2245 1844 2298 πόσον
1884 2244 2166 2315 εὐχόμενοι

495 2334 554 2386 ἐν
588 2333 740 2386 νυκτὶ
764 2333 943 2405 ἡνυον,
986 2332 1103 2394 πῶς
1138 2331 1595 2403 διεγηγερμένους
1628 2332 1823 2395 αὐτοὺς
1849 2333 2163 2402 εἰργάσατο.

496 2418 646 2484 Είδες
676 2420 767 2473 τοῦ
807 2420 965 2489 φόνου
1008 2420 1279 2488 Στεφάνου
1324 2420 1446 2472 ὅσον
1503 2418 1564 2471 τὸ
1618 2419 1842 2489 κέρδος;
1898 2415 2037 2482 εἶδες
2068 2417 2165 2471 τοῦ

494 2507 867 2578 δεσμωτηρίου
900 2506 1090 2559 τούτου
1139 2507 1237 2577 ὅση
1278 2508 1312 2577 ἡ
1351 2506 1617 2575 ώφέλεια;
1678 2506 1752 2559 Οὐ
1786 2507 1894 2575 γὰρ
1945 2506 2010 2576 δὴ
2064 2507 2165 2559 ἐπε

495 2595 653 2660 εξιὼν
690 2597 717 2647 6
763 2594 894 2656 Θεὸς
937 2596 1049 2657 τοῖς
1084 2591 1358 2646 ἀδικοῦσιν
1387 2593 1604 2659 αὐτοὺς,
1642 2592 1783 2662 μέγα
1808 2592 2077 2646 δείκνυσιν
2104 2592 2167 2646 τὸ

500 2680 860 2749 Εύαγγέλιον⁹
898 2679 1011 2733 ἀλλ’
1048 2681 1107 2733 ἐν
1159 2680 1339 2743 αὐτοῖς
1361 2682 1474 2743 τοῖς
1519 2678 1817 2743 ἀδικοῦσιν,
1854 2677 2003 2731 οὐδὲν
2031 2679 2167 2732 ἐκεί-

494 2786 601 2823 νων
637 2768 954 2838 πασχόντων
988 2768 1180 2828 δεινὸν,
1231 2767 1398 2831 αὑτὰς
1435 2767 1558 2821 καθ’
1596 2766 1795 2830 ἑαυτὰς
1825 2767 1922 2829 τὰς
1958 2766 2166 2837 θλίψεις

493 2857 729 2909 δείκνυσι
760 2856 901 2926 μέγα
933 2854 1117 2918 οὔσας,
1139 2856 1222 2908 ἵνα
1254 2855 1327 2925 μὴ
1352 2856 1448 2926 τὴν
1470 2854 1787 2927 ἀπαλλαγὴν
1820 2855 1996 2910 αὐτῶν
2029 2857 2165 2911 πάν·

494 2960 602 3008 τως
629 2942 901 3015 ζητῶμεν,
942 2943 1075 3014 μηδὲ
1115 2943 1211 3014 τὴν
1244 2944 1507 2999 ἐκδικίαν.
1538 2945 1735 2997 Σκόπει
1756 2944 1812 2998 δὲ
1844 2943 1958 3008 πῶς
1989 2947 2082 2999 καὶ
2107 2949 2163 3002 αἱ

497 3032 780 3087 παιδίσκαι
818 3031 994 3085 αὐτῶν
1046 3031 1230 3086 λοιπὸν
1261 3033 1511 3102 ὁμότιμοι
1564 3034 1746 3097 αὐτοῖς
1803 3029 1959 3106 ἦσαν.
2021 3036 2162 3091 Ἀπὸ

492 3120 605 3190 τῆς
642 3118 861 3191 χαρᾶς,
923 3120 1108 3189 φησὶν,
1176 3122 1287 3175 οὐκ
1326 3120 1552 3190 ἤνοιξε.
1614 3122 1809 3186 Καλῶς
1863 3123 1957 3176 καὶ
2007 3123 2164 3178 τοῦτο

492 3226 706 3279 γεγονε,
734 3210 819 3263 ἴνα
865 3211 939 3281 μὴ
970 3210 1062 3263 καὶ
1092 3211 1291 3263 ἐκεῖνοι
1318 3210 1664 3279 ἐκπλαγῶσιν
1695 3211 1893 3275 εὐθέως
1941 3211 2160 3277 ἰδόντες,

492 3299 592 3352 καὶ
642 3300 1040 3368 ἀπιστήσωσιν,
1097 3298 1212 3351 ἀλλ’
1245 3298 1596 3369 ἐγγυμνασθῇ
1640 3296 1817 3352 αὐτῶν
1868 3299 1901 3367 ἡ
1934 3297 2158 3355 διάνοια.

493 3387 604 3440 Καὶ
656 3389 791 3457 ὅπερ
841 3386 961 3443 ἔθος
1020 3387 1152 3458 ἡμῖν
1194 3390 1386 3450 ποιεῖν,
1444 3388 1642 3459 εὑρέθη
1691 3388 2009 3459 πράττουσα
2066 3389 2161 3441 καὶ

492 3474 631 3543 αύτὴ
652 3490 665 3503 ·
702 3474 785 3526 ἵνα
814 3474 922 3543 γὰρ
951 3473 1087 3543 αὑτὴ
1128 3473 1198 3527 τὰ
1228 3474 1521 3543 εὐαγγέλια
1570 3474 1771 3547 κομίσῃ
1799 3474 2157 3541 ἐσπούδαζεν·

492 3562 661 3622 ὅντως
698 3560 807 3630 γὰρ
856 3560 1152 3628 εὐαγγέλια
1196 3557 1285 3632 ἦν.
1332 3565 1395 3617 Οἱ
1432 3562 1500 3615 δὲ
1550 3563 1720 3616 εἷπον
1749 3563 1897 3630 πρὸς
1933 3563 2157 3629 αὑτήν·

492 3649 725 3715 Μαίνῃο
782 3649 821 3715 ἡ
879 3647 948 3700 δὲ
985 3647 1376 3718 διισχυρίζετο
1412 3651 1597 3715 οὕτως
1625 3652 1820 3718 ἔχειν·
1862 3654 1916 3705 οί
1973 3651 2042 3704 δὲ
2090 3648 2162 3706 εῖ-

493 3753 629 3803 πον,
658 3737 747 3790 ὅτι
801 3738 1090 3806 Ἀγγελος
1135 3738 1322 3792 αὑτοῦ
1360 3738 1549 3792 ἐστιν.
1593 3738 1687 3791 Ἐκ
1719 3738 1908 3791 τούτου
1942 3739 2157 3811 ἀληθὲς,

491 3828 574 3880 ὅτι
620 3826 849 3890 ἕκαστος
882 3828 1036 3899 ἡμῶν
1084 3825 1311 3895 ἄγγελον
1372 3826 1505 3897 ἔχει.
1559 3825 1670 3880 Καὶ
1719 3826 1884 3880 πόθεν
1930 3827 2161 3898 ἐπῆλθεν

491 3916 673 3979 αὐτοῖς
715 3915 944 3984 ἄγγελον
967 3913 1107 3971 εῖναι
1135 3917 1258 3968 τότε
1300 3915 1635 3985 ὑπονοῆσαι;
1673 3914 1804 3968 Ἀπὸ
1841 3914 1936 3969 τοῦ
1966 3915 2159 3987 καιροῦ

488 4003 648 4056 τοῦτο
682 4004 1059 4059 ὑπώπτευσαν.
1102 4005 1197 4069 Ὠς
1250 4002 1318 4056 δὲ
1353 4002 1604 4071 ἐπέμενε
1665 4004 1916 4071 κρούων,
1973 4005 2157 4074 φησὶν,

489 4090 841 4157 ἀνοίξαντες
897 4087 1060 4145 εἶδον
1110 4091 1334 4154 αὐτὸν,
1386 4090 1483 4143 καί
1542 4089 1904 4158 ἐξέστησαν.
1963 4092 2027 4145 '0
2093 4091 2161 4146 δὲ

490 4177 860 4240 κατασείσας
887 4176 960 4245 τῇ
980 4177 1128 4245 χειρὶ
1153 4177 1208 4240 b,
1234 4176 1467 4247 ἡσυχίαν
1484 4176 1681 4248 πολλὴν
1714 4178 1988 4247 ἐποίησεν,
2017 4177 2160 4234 ὥστε

491 4263 719 4315 ἀκοῦσαι
746 4262 814 4315 τὰ
864 4265 989 4334 παρ’
1014 4262 1199 4316 αὐτοῦ.
1248 4262 1628 4333 Ποθεινότερος
1661 4263 1839 4334 πολλῴ
1870 4265 2052 4319 λοιπὸν
2090 4261 2159 4337 ἦν

489 4352 604 4412 τοῖς
640 4350 929 4420 μαθηταῖς,
982 4350 1041 4403 ού
1096 4349 1172 4420 τῷ
1212 4348 1451 4419 σωθῆναι
1508 4350 1688 4421 μόνον,
1742 4352 1877 4405 ἀλλά
1930 4353 2024 4407 καὶ
2081 4353 2159 4425 τῷ

493 4437 779 4505 ἐπιστῆναι
837 4437 931 4490 καὶ
990 4436 1191 4500 εὐθέως
1241 4436 1507 4492 ἐπελθεῖν.
1572 4438 1917 4493 Μανθάνουσι
1974 4439 2158 4495 λοιπὸν

493 4526 586 4579 καὶ
631 4528 678 4578 οἱ
717 4527 904 4579 οἰκεῖοι
937 4525 1114 4578 πάντα
1164 4524 1348 4595 σαφῶς
1373 4541 1391 4558 ⁸
1448 4526 1776 4598 μανθάνουσι
1805 4528 1900 4582 καὶ
1929 4530 1978 4582 οί
2002 4529 2157 4584 ἀλλό-

489 4630 651 4682 τριοι,
712 4612 766 4665 εἴ
815 4630 878 4682 γε
932 4612 1120 4684 ἡθελον
1176 4612 1492 4666 πιστεῦσαι·
1540 4614 1653 4667 ἀλλ’
1706 4616 1806 4669 οὐκ
1867 4614 2155 4687 ἡθέλησαν.

492 4700 664 4753 Τοῦτο
720 4703 814 4754 καὶ
861 4702 954 4754 ἐπὶ
1001 4700 1097 4753 τοῦ
1160 4700 1398 4772 Χριστοῦ
1440 4703 1679 4771 γέγονεν.
1720 4704 2154 4775 Ἀπαγγείλατε,

494 4791 677 4859 φησὶν,
716 4791 956 4857 Ἰακώϐῳ
998 4789 1094 4844 καί
1134 4789 1255 4855 τοῖς
1286 4788 1571 4859 ἀδελφοῖς
1601 4791 1806 4846 ταῦτα.
1839 4794 1998 4865 Ὅρα,
2039 4794 2157 4858 πῶς

491 4880 590 4930 οὐκ
619 4878 732 4931 ἐστι
763 4878 1055 4942 κενόδοξος.
1087 4878 1160 4931 Οὐ
1196 4878 1303 4948 γὰρ
1330 4873 1473 4931 εἷπε·
1527 4878 1649 4941 Τοῖς
1678 4880 1992 4952 ἁπανταχοῦ
2024 4882 2158 4951 δῆλα

490 4966 755 5034 ποιήσατε
789 4965 992 5019 ταῦτα’
1057 4965 1213 5028 ἀλλά,
1276 4965 1403 5031 Τοῖς
1435 4966 1735 5035 ἀδελφοῖς.
1783 4968 1894 5022 Καὶ
1943 4968 2157 5038 ἀνεχώ·

483 5067 679 5120 ρησεν
709 5056 795 5117 εὶς
815 5052 1018 5121 ἕτερον
1049 5055 1255 5108 τόπον.
1308 5054 1380 5107 Οὐ
1409 5053 1519 5124 γὰρ
1564 5054 1821 5125 ὲπείραζε
1863 5056 1954 5110 τὸν
2001 5056 2153 5122 Θεὸν,

491 5139 611 5192 οὐδὲ
642 5142 719 5201 εἰς
747 5140 1086 5209 πειρασμοὺς
1132 5141 1462 5213 ἐνέ6α[λ]λεν
1496 5143 1722 5195 ἐαυτόνο
1754 5145 1874 5196 ἐπεὶ
1923 5144 2011 5196 ὅτε
2062 5145 2159 5197 καὶ

490 5230 649 5284 τοῦτο
720 5229 1114 5302 ἐκελεύσθησαν
1140 5272 1153 5294 ,
1211 5232 1492 5303 ἐποίησαν.
1554 5233 1946 5300 Εἱσελθόντες
2025 5234 2155 5303 γὰρ,

491 5318 678 5389 φησὶν,
733 5317 802 5369 ἐν
846 5316 926 5381 τῷ
964 5315 1096 5385 ἱερῷ
1127 5318 1363 5372 λαλεῖτε
1398 5319 1480 5384 τῷ
1518 5320 1666 5385 λαῷ.
1727 5322 2021 5387 Ἤκουσαν,
2064 5322 2158 5375 καὶ

493 5405 693 5468 εὐθέως
724 5405 1071 5475 ἐπείσθησαν.
1108 5406 1277 5459 Τοῦτο
1301 5407 1357 5459 δὲ
1385 5408 1485 5460 οὐκ
1509 5406 1658 5463 εἷπεν
1682 5411 1710 5462 6
1742 5409 1991 5477 ἄγγελος,
2021 5410 2159 5465 ἀλλά

492 5494 569 5564 τῷ
601 5497 727 5565 σιγῇ
752 5494 1050 5563 ἀποστῆναι
1096 5495 1188 5547 καί
1227 5494 1420 5558 νυκτὸς
1460 5494 1749 5565 ἐξαγαγεῖν
1782 5496 1979 5551 ἔδωκεν
2010 5500 2158 5565 ἐξου-

492 5583 612 5634 σίαν
628 5581 995 5652 ἀναχωρῆσαι.
1017 5580 1165 5653 [212]
1184 5583 1293 5635 Καὶ
1307 5582 1461 5636 τοῦτο
1476 5583 1531 5636 δὲ
1554 5583 1781 5652 γίνεται,
1801 5585 1885 5637 ἵνα
1901 5587 2157 5657 μάθωμεν

492 5670 575 5721 ὅτι
604 5669 697 5722 καὶ
728 5669 1080 5741 ἀνθρωπίνως
1118 5669 1285 5723 πολλά
1316 5669 1678 5742 ᾠκονόμηται,
1706 5670 1845 5725 ῶστε
1877 5674 1951 5743 μὴ
2003 5692 2157 5727 πεοι-

558 5824 589 5889 ⁸>
620 5824 904 5889 Ουὶἀοω..γ..
951 5832 1034 5889 τῆς
1078 5825 1251 5888 μητρὸς
1292 5825 1527 5876 Ἰωάννου.
1566 5829 1790 5885 Συνιδὼν,
1836 5828 1992 5889 φησὶν,
2038 5827 2156 5875 ὅπου

496 5886 690 6009 ἐῖτέξςῆ
719 5888 793 5962 ότι
831 5888 936 5950 οὐχ,
973 5887 1044 5937 sic
1064 5886 1279 5951 Quidam.
1348 5891 1376 5930 δ
1413 5890 1552 5942 Alius
1595 5886 1884 5967 κατασείσας
1907 5889 2075 5945 αὐτοὺς
2097 5896 2154 5951 τῂ

496 5963 529 6009 χ
556 5965 568 5993 ι
605 5980 615 5995 .
639 5964 789 6012 σιγᾳν.
1770 5963 1789 5970 ’

495 5962 615 6009 χειρί
639 5964 789 6009 σιγᾳν.

1306 288 1362 344 S.
1402 288 1689 346 JOANNIS
1723 285 2217 344 CHRYSOSTOMI
2256 283 2572 342 ARCHIEP.
2610 285 3159 344 CONSTANTINOP.

2283 404 2469 455 πεσεῖν
2492 404 2653 457 πάλιν
2681 404 2860 458 αὐτόν.
2893 405 3010 458 Ἵνα
3045 403 3154 476 γάρ
3180 404 3253 475 μὴ
3286 404 3529 475 εἴπωσιν,
3550 410 3630 464 ὅτι
3656 411 3683 463 6
3712 410 3975 478 ἄγγελος

2282 488 2446 542 αὑτοῦ
2491 491 2603 543 ἐστι
2639 491 2774 557 μετά
2801 492 2861 544 τὸ
2897 490 3169 555 ἀπελθεῖν,
3209 492 3472 563 πρότερον
3497 496 3651 550 τοῦτο
3686 498 3936 565 λέγουσι
3957 512 3973 523 ’

2281 578 2375 627 καὶ
2409 576 2530 628 τότε
2575 577 2733 630 αὑτὸν
2766 579 2962 649 ὁρῶσιν
2991 579 3363 650 ἀνατρέποντα
3393 581 3491 651 τὴν
3522 581 3672 647 δόξαν
3702 584 3976 653 ἐκείνην.

2290 662 2347 714 '0
2378 662 2607 730 ἄγγελος
2649 666 2696 717 εί
2739 661 2829 737 ἦν,
2856 667 2956 719 οὐκ
2993 666 3059 719 ἂν
3091 667 3316 737 ἔκρουσε
3351 668 3449 738 τὴν
3497 668 3832 739 θύραν,-ούκ
3899 672 3982 724 ἂν

2276 749 2622 842 ἀνεχώρησεν
2646 753 2725 842 εἰς
2749 754 3158 842 ἓτερον-τόπον.
3192 756 3483 810 Πιστοῦται
3520 756 3575 809 δὲ
3611 758 3817 842 αὐτοῖς
3866 761 3983 813 καὶ

2277 836 2336 888 τὸ
2365 836 2440 907 μὴ
2480 839 2536 889 ἐν
2569 839 2751 910 ἡμέρα
2781 840 3051 908 γενέσθαι.
3087 844 3148 894 Οἱ
3199 843 3295 913 μὲν
3344 842 3624 913 λελυμένοι
3651 847 3711 898 ἐν
3760 836 3983 915 εὐχαῖς

2273 915 2453 991 ἦσαν’
2509 925 2538 977 6
2580 925 2637 977 δὲ
2683 925 2964 997 δεδεμένος
3017 930 3075 981 ὲν
3121 928 3292 1000 ῦπνῳ,
3342 930 3389 982 εί
3442 930 3688 1001 ἐνόμιζεν
3744 933 3984 1004 ἀληθὲς

2274 1005 2414 1063 εἶναι
2461 1011 2523 1064 τὸ
2562 1012 2861 1083 γινόμενον,
2909 1015 3011 1068 κᾶν
3064 1014 3359 1087 ἐξεπλάγη,
3409 1018 3511 1071 κᾶν
3546 1020 3645 1073 οὐκ
3699 1022 3987 1091 ἐμνημό-

2274 1114 2461 1152 νευσε·
2504 1101 2598 1154 νῦν
2627 1102 2682 1154 δὲ
2715 1102 2790 1165 ώς
2822 1105 2878 1155 ὲν
2913 1104 3103 1175 ὀνείρῳ
3146 1105 3306 1174 ὁρῶν,
3344 1106 3612 1179 ἀτάραχος
3639 1104 3733 1179 ἦν.
3794 1107 3983 1163 Ἠλ-

2274 1191 2400 1251 θον,
2444 1190 2627 1260 φησὶν,
2672 1191 2768 1244 ἐπὶ
2819 1191 2934 1260 τὴν
2964 1194 3167 1260 πύλην
3208 1194 3323 1262 τὴν
3358 1190 3632 1264 σιδηρᾶν.
3666 1198 3831 1268 ’Ὅρα
3869 1200 3985 1250 καὶ

2273 1276 2391 1339 πῶς
2424 1277 2616 1348 ἰσχυρὰ
2640 1274 2729 1350 ἦν.
2768 1281 3110 1345 Διελθόντες
3141 1280 3229 1348 δέ,
3263 1284 3417 1353 φησὶ,
3464 1283 3700 1352 πρώτην
3749 1292 3984 1353 φυλα-

2273 1362 2391 1429 κὴν
2417 1366 2513 1420 καὶ
2544 1366 2848 1436 δευτέραν,
2883 1364 3073 1437 ἦλθον
3106 1369 3203 1422 ἐπὶ
3240 1369 3352 1438 τὴν
3376 1372 3581 1437 πύλην
3617 1373 3739 1440 τὴν
3768 1376 3983 1443 σιδηο

2264 1449 2405 1517 ρᾶν.
2453 1452 2561 1505 Καὶ
2597 1453 2683 1507 διὰ
2719 1454 2772 1506 τί
2822 1453 2895 1524 μὴ
2933 1454 2999 1507 δι’
3033 1455 3259 1519 ἑαυτῶν,
3286 1457 3441 1527 φησὶ,
3487 1458 3644 1512 τοῦτο
3693 1461 3980 1529 γίνεται;

2272 1539 2371 1592 Διὰ
2407 1538 2496 1604 τί;
2546 1541 2668 1595 Ὅτι
2702 1541 2795 1595 καὶ
2825 1542 2997 1610 τούτῳ
3030 1544 3163 1614 τιμᾷ
3201 1544 3396 1607 αὐτοὺς
3456 1546 3485 1597 6
3537 1545 3691 1610 Θεὸς,
3747 1549 3842 1619 τῷ
3902 1552 3979 1603 δι’

2273 1627 2517 1695 ἀγγέλων
2560 1629 2757 1692 αὐτοὺς
2785 1628 3130 1700 ἐξαρπάζειν.
3175 1631 3240 1682 Τί
3285 1626 3417 1697 οὗνς
3449 1632 3540 1685 ἐπὶ
3595 1635 3827 1689 Παύλου
3861 1640 3981 1709 οὐχ

2273 1714 2413 1767 οὕτω
2437 1716 2692 1783 γέγονεν;
2736 1718 2885 1770 Ἐκεῖ
2923 1718 3163 1783 δικαίως,
3202 1718 3283 1771 ὅτι
3332 1719 3618 1774 πιστεῦσαι
3667 1722 3782 1776 ἔδει
3866 1727 3979 1780 τὸν

2270 1802 2674 1873 δεσμοφύλακα,
2713 1805 2943 1859 ἐνταῦθα
2969 1806 3025 1859 δὲ
3066 1807 3440 1879 ἀπαλλαγῆναι
3458 1809 3551 1862 τὸν
3610 1811 3980 1868 ’Δπόστολον

2274 1892 2465 1961 μόνον’
2519 1893 2691 1957 ἄλλως
2733 1895 2790 1948 δὲ
2822 1895 2917 1948 καὶ
2958 1894 3227 1965 διαφόρως
3254 1895 3465 1949 ἅπαντα
3509 1899 3538 1949 6
3574 1897 3706 1962 Θεὸς
3739 1903 3977 1955 οἱκονο·

2272 1981 2381 2049 μεῖ.
2455 1980 2599 2034 Ἐκεῖ
2653 1982 2749 2051 μὲν
2816 1982 3026 2045 Παῦλος
3082 1983 3272 2052 ὑμνεῖ,
3326 1985 3557 2038 ἐνταῦθα
3606 1986 3662 2040 δὲ
3726 1989 3975 2061 Πέτρος

2268 2065 2545 2120 ἐκάθευδε.
2606 2068 2698 2137 Μὴ
2771 2069 2947 2123 τοίνυν
3011 2068 3341 2140 κρύπτωμεν
3399 2071 3468 2125 τὰ
3520 2072 3779 2143 θαύματα
3856 2080 3970 2133 τοῦ

2267 2152 2425 2216 Θεοῦ,
2487 2151 2624 2207 ἀλλὰ
2677 2153 2771 2206 καὶ
2812 2154 2949 2226 ὑπὲρ
3005 2156 3104 2226 τῆς
3156 2156 3427 2227 ἡμετέρας
3461 2158 3732 2227 ὠφελείας
3760 2162 3973 2219 ταῦτα

2269 2239 2654 2311 σπουδάζωμεν
2706 2241 3094 2306 ἐκπομπεύειν,
3148 2242 3243 2295 καὶ
3297 2244 3376 2306 εἰς
3421 2242 3519 2315 τὴν
3569 2245 3677 2298 τῶν
3750 2249 3971 2304 ἄλλων

2265 2327 2571 2399 οἰκοδομήν.
2608 2328 2816 2399 Ὥσπερ
2867 2329 2975 2399 γάρ
3035 2330 3150 2381 ἐστι
3195 2329 3500 2399 θαυμαστὸς
3543 2332 3807 2403 ἐλόμενος
3873 2338 3970 2391 δε-

2268 2412 2590 2484 σμευθῆναι,
2627 2414 2769 2468 οὓτω
2802 2414 3238 2486 θαυμαστότερος
3274 2416 3347 2488 μὴ
3396 2417 3658 2489 πρότερον
3708 2421 3968 2493 ἀναχω-

2269 2503 2461 2573 ρήσας,
2508 2502 2609 2564 ἓως
2646 2503 2736 2555 ὅτε
2789 2505 2900 2564 τοῖς
2951 2502 3169 2566 οἰκείοις
3220 2504 3394 2557 πάντα
3439 2507 3766 2575 ἀπήγγειλε.
3835 2512 3970 2566 Καὶ

2266 2583 2406 2655 εἷπε,
2456 2589 2651 2658 φησίνο
2718 2589 2937 2642 Εἴπατε
2982 2588 3232 2657 Ἰακώϐῳ
3287 2592 3385 2644 καὶ
3433 2593 3554 2659 τοῖς
3613 2595 3964 2667 ἀδελφοῖς.

2266 2676 2332 2729 Τί
2360 2677 2555 2748 δήποτε
2575 2675 2781 2729 κελεύει
2833 2678 3003 2730 είπεῖν
3028 2689 3088 2742 ος
3132 2678 3249 2730 Ἵνα
3282 2679 3539 2751 χαρῶσιν,
3580 2681 3663 2734 ἵνα
3710 2683 3792 2755 μὴ
3847 2704 3969 2757 με-

2267 2763 2567 2838 ριμίνῶσιν,
2627 2765 2711 2817 ἴνα
2753 2762 2841 2817 διὰ
2897 2764 3101 2818 τούτων
3146 2766 3342 2819 ἐκεῖνοι
3400 2768 3782 2838 μανθάνωσιν,
3844 2777 3969 2830 οὐκ

2264 2855 2416 2909 αὐτοὶ
2479 2854 2544 2907 δι’
2584 2854 2833 2907 ἐκείνων*
2903 2854 3044 2909 οὕτω
3098 2853 3192 2908 τοῦ
3266 2857 3646 2928 ταπεινοτέρου
3726 2860 3966 2932 μέρους

2262 2942 2595 3014 ἐφρόντιζεν.
2657 2942 2822 2996 Οὐδὲν
2875 2943 2982 3012 ἀρα
3037 2942 3265 3012 θλίψεως
3331 2945 3638 3015 συμμέτρου
3692 2946 3963 3017 βέλτιον.

2262 3032 2430 3086 Ποίαν
2488 3030 2588 3086 οἴει
2642 3032 2742 3104 τὴν
2798 3031 3019 3085 ἐκείνων
3091 3028 3228 3085 εἶναι
3281 3032 3403 3086 τότε
3474 3033 3685 3106 ψυχὴν;
3754 3040 3967 3113 πόης

2261 3120 2455 3192 ἡδονῆς
2480 3118 2709 3190 γέμειν;

2333 3207 2443 3261 Ποῦ
2466 3206 2559 3260 νῦν
2583 3208 2640 3260 αἱ
2662 3209 2912 3277 γυναῖκες
2937 3208 2991 3261 αἱ
3012 3206 3099 3260 διὰ
3119 3207 3296 3278 πάσης
3319 3208 3669 3265 καθεύδουσαι
3694 3217 3961 3285 νυκτόςς

2262 3296 2367 3351 ποῦ
2392 3297 2451 3352 δὲ
2481 3299 2528 3352 οἱ
2562 3297 2751 3368 ἄνδρες
2780 3300 2827 3351 οἱ
2861 3296 2995 3367 μηδὲ
3030 3298 3519 3368 μεταστρεφόμενοι
3556 3301 3649 3353 ἐπὶ
3674 3301 3782 3372 τῆς
3817 3305 3962 3358 κλί-

2261 3402 2398 3456 νης;
2432 3384 2597 3457 Ὁρᾷς
2624 3386 2898 3456 νήφουσαν
2925 3384 3103 3455 ψυχήν
3128 3401 3142 3451 ;
3164 3387 3317 3440 Μετὰ
3355 3387 3626 3455 γυναικῶν
3668 3391 3770 3443 καὶ
3808 3397 3961 3448 παί-

2260 3470 2365 3524 δων
2393 3472 2487 3525 καὶ
2518 3472 2816 3526 παιδισκῶν
2854 3471 2945 3526 τὸν
2974 3472 3106 3527 Θεὸν
3140 3472 3372 3543 ὕμνουν,
3408 3474 3790 3549 καθαρώτεροι
3843 3483 3959 3535 τοῦ

2261 3559 2492 3631 ούρανοῦ
2523 3563 2588 3632 τῇ
2620 3560 2792 3630 θλίψει
2819 3560 3118 3630 γενόμενοι.
3155 3560 3268 3615 Νῦν
3292 3561 3371 3627 δὲ,
3404 3562 3469 3616 ἂν
3500 3565 3695 3634 μικρὸν
3726 3567 3963 3639 ἷδωμεν

2261 3648 2537 3713 κίνδυνον,
2576 3647 2970 3717 ἀναπίπτομεν.
3022 3648 3183 3703 Οὐδὲν
3242 3649 3340 3720 τῆς
3379 3650 3667 3722 ἐκκλησίας
3708 3653 3963 3727 ἐκείνης

2259 3739 2640 3811 λαμπρότερον
2661 3733 2748 3809 ἦν.
2783 3737 3168 3809 Μιμησώμεθα
3193 3738 3431 3804 τούτους,
3456 3740 3818 3811 ζηλώσωμεν.
3866 3748 3959 3800 Οὐ

2262 3828 2350 3882 διὰ
2396 3827 2553 3881 τοῦτο
2599 3828 2819 3896 γέγονεν
2865 3830 2898 3898 ἡ
2937 3826 3053 3892 νὺξ,
3105 3829 3192 3881 ἵνα
3234 3829 3526 3893 διαπαντὸς
3569 3830 3962 3903 καθεύδωμεν

2261 3914 2357 3969 καὶ
2388 3913 2667 3986 ἀργῶμεν.
2700 3914 2809 3967 Καὶ
2836 3914 2990 3967 τοῦτο
3017 3914 3381 3985 μαρτυροῦσιν
3406 3916 3455 3967 οἱ
3483 3915 3857 3985 χειροτέχναι,
3893 3924 3959 3973 οἱ

2261 4002 2538 4070 ὀνηλάται,
2576 4003 2626 4054 οἱ
2667 4000 2926 4072 ἔμποροι,
2955 4002 2987 4071 ἡ
3030 3999 3320 4070 Ἐκκλησία
3343 4001 3437 4055 τοῦ
3464 4002 3597 4055 Θεοῦ
3638 4004 3699 4055 ἐκ
3730 4004 3954 4072 μέσων

2261 4089 2590 4160 ἀνισταμένη
2643 4089 2872 4142 νυκτῶν.
2944 4088 3232 4158 Ἀνάστηθι
3294 4090 3388 4143 καὶ
3434 4089 3518 4156 σὺ,
3566 4091 3659 4143 καὶ
3700 4090 3776 4143 ἴδε
3810 4093 3950 4146 τῶν

2260 4177 2476 4249 ἄστρων
2518 4178 2617 4249 τὴν
2660 4176 2909 4247 χορείαν,
2944 4175 3041 4248 τὴν
3088 4176 3302 4247 βαθεῖαν
3336 4178 3527 4248 σιγὴν,
3558 4178 3654 4249 τὴν
3683 4181 3950 4251 ἡσυχίαν

2260 4265 2357 4336 τὴν
2404 4265 2636 4335 πολλήν*
2666 4263 2971 4335 ἐκπλάγηθι
3021 4263 3115 4317 τοῦ
3162 4265 3433 4319 Δεσπότου
3468 4283 3560 4319 σου
3592 4267 3692 4339 τὴν
3716 4269 3957 4324 οἰκονο-

2262 4355 2415 4425 μίαν.
2448 4352 2823 4425 Καθαρωτέρα
2848 4353 2970 4407 τότε
3007 4353 3153 4406 ἐστὶν
3191 4356 3224 4426 ἡ
3257 4353 3433 4425 ψυχή’
3481 4357 3788 4427 κουφοτέρα
3836 4362 3957 4415 καὶ

2260 4441 2559 4513 λεπτοτέρα
2583 4440 2777 4512 μᾶλλόν
2808 4442 2945 4503 ἐστι,
2989 4442 3257 4513 μετέωρος
3286 4441 3379 4495 καὶ
3400 4441 3571 4514 κούφη
3595 4460 3609 4474 ·
3640 4443 3701 4497 τὸ
3729 4445 3955 4512 σκότος

2259 4529 2412 4591 αὐτὸ,
2443 4531 2476 4599 ἡ
2505 4528 2686 4599 σιγὴὴ
2728 4528 2892 4597 πολλὴ
2923 4530 3003 4591 εἰς
3034 4521 3321 4593 κατάνυξιν
3350 4530 3574 4598 ἀγαγεῖν
3612 4531 3794 4584 ἱκανά.
3833 4536 3957 4589 Ἂν

2257 4615 2315 4669 δὲ
2338 4616 2432 4668 καὶ
2449 4614 2539 4667 τὸν
2566 4613 2833 4685 οὐρανὸνά
2858 4615 2971 4686 ἴδῃς
2994 4617 3106 4678 τοῖς
3125 4615 3344 4686 ἄστροις
3367 4615 3550 4686 ῶσπερ
3572 4616 3680 4669 τισὶ
3702 4620 3956 4690 μυρίοις

2258 4703 2681 4773 κατεστιγμένον
2715 4701 3044 4772 ὀφθαλμοῖς,
3077 4705 3252 4757 πᾶσαν
3281 4704 3472 4774 ἡδονὴν
3505 4704 3795 4778 καρπώσῃ,
3847 4708 3957 4762 ἔνι

2257 4809 2405 4847 νοιαν
2434 4789 2612 4845 λαϐὼν
2641 4790 2802 4854 εὐθὺς
2834 4792 2926 4844 τοῦ
2953 4790 3313 4864 Δημιουργοῦ.
3340 4792 3435 4845 Ἂν
3461 4792 3741 4863 ἐννοήσῃς,
3768 4795 3865 4848 ὅτι
3892 4800 3955 4851 οἱ

2263 4879 2381 4950 μεθ’
2413 4880 2623 4951 ἡμέραν
2655 4878 2965 4951 κράζοντες,
2994 4878 3278 4947 γελῶντες,
3312 4879 3637 4948 σκιρτῶντες
3658 4920 3671 4943 ,
3703 4880 3955 4952 πηδῶν-

2259 4984 2368 5034 τες,
2413 4966 2741 5031 ἀδικοῦντες,
2781 4965 3257 5029 πλεονεκτοῦντες,
3308 4964 3684 5029 ἀπειλοῦντες,
3746 4973 3954 5040 μυρία

2261 5055 2729 5125 ἐπανατεινόμενοι
2759 5053 2925 5117 δεινὰ,
2953 5046 3096 5106 οὗτοι
3125 5052 3218 5105 νῦν
3243 5051 3351 5105 τῶν
3379 5052 3583 5125 νεκρῶν
3609 5054 3764 5108 οὐδὲν
3799 5057 3950 5113 δια-

2260 5141 2502 5212 φέρουσι,
2545 5138 2866 5212 καταγνώσῃ
2916 5138 3067 5211 [21⁸5]
3114 5138 3212 5209 τῆς
3248 5138 3592 5212 ἀνθρωπίνης
3624 5141 3950 5212 αὐθαδείας

2256 5229 2495 5299 ἀπάσης.
2530 5228 2736 5290 ’Ύπνος
2763 5225 2984 5298 ἐπῆλθε,
3016 5226 3108 5280 καὶ
3138 5225 3236 5296 τὴν
3262 5225 3421 5295 φύσιν
3459 5226 3680 5297 ἤλεγξεν
3705 5243 3721 5259 ·
3751 5231 3948 5285 εἰκών

2257 5319 2372 5371 ἐστι
2407 5316 2657 5381 θανάτου,
2691 5313 2853 5368 εἰκών
2892 5316 3008 5368 ἐστι
3039 5314 3368 5378 συντελείας.
3414 5317 3510 5368 ‘Av
3538 5315 3813 5387 διακύψῃς
3849 5322 3953 5384 εἰς

2257 5404 2346 5459 τὸν
2376 5403 2666 5470 στενωπὸν,
2693 5403 2791 5455 οὐκ
2825 5402 3031 5474 ἀκούσῃ
3064 5404 3181 5457 οὐδὲ
3216 5405 3398 5475 φωνῆς
3418 5420 3431 5434 ·
3474 5404 3539 5458 ἂν
3569 5404 3682 5475 ῖδῃς
3708 5405 3792 5468 είς
3824 5409 3953 5479 τὴν

2256 5491 2450 5557 οἰκίαν,
2482 5489 2687 5555 πάντας
2720 5489 2839 5559 ὄψει
2863 5491 3113 5560 καθάπερ
3133 5494 3190 5545 ἐν
3216 5491 3373 5561 τάφῳ
3398 5492 3699 5562 κειμένους.
3731 5492 3950 5549 Ταῦτα.

2258 5580 2433 5632 πάντα
2492 5578 2653 5632 ίκανά
2699 5578 2814 5631 ἐστι
2854 5578 3204 5649 διαναστῆσαι
3243 5578 3440 5650 ψυχὴν,
3478 5580 3677 5643 καὶνείς
3706 5577 3950 5636 ἔννοιαν

2260 5664 2570 5729 συντελείας
2598 5666 2843 5733 ἀγαγεῖν.

2328 5754 2391 5809 δ’.
2419 5747 2586 5818 Οὗτος
2607 5753 2670 5824 δή
2708 5770 2798 5823 μοι
2818 5754 2911 5806 καὶ
2936 5752 3071 5824 πρὸς
3098 5754 3295 5826 ἄνδρας
3319 5754 3414 5807 καὶ
3434 5753 3566 5824 πρὸς
3592 5754 3873 5821 γυναῖκας
3907 5758 3952 5809 ὁ

2324 5888 2347 5916 ο
2381 5885 2515 5947 Hac,
2551 5885 2595 5934 τί
2641 5886 2819 5943 δήποτε
2861 5886 3043 5936 κελεύει
3086 5886 3247 5947 εἰπεῖν,
3287 5885 3466 5935 desunt
3505 5886 3555 5933 in
3598 5881 3941 5945 quibusdam.

2260 5945 2287 5988 δ
2320 5945 2420 5999 Alii
2452 5948 2531 5995 καὶ
2570 5948 2633 6004 εἰς
2672 5949 2753 5995 τὸν
2785 5947 2995 6014 οὐρανόν.
