3978 6534
185 410 267 470 201
1116 395 1183 454 IN
1220 394 1398 452 ACTA
1438 387 1962 448 APOSTOLORUM.
2003 387 2233 445 IIOMIL.
2276 387 2465 445 XXVl.

185 527 380 592 mabat,
407 523 509 581 etsi
539 519 858 592 prmcinctus
885 523 940 571 et
965 512 1272 570 calceatus:
1318 507 1442 579 quid
1472 507 1608 562 alius
1634 519 1741 560 non

184 634 358 693 passus
395 624 540 673 esset
561 613 586 668 τ
611 612 988 676 Transeuntes,
1018 606 1219 676 inquit,
1251 603 1465 675 primam
1498 610 1544 654 et
1568 615 1750 654 secun-

181 720 284 766 dam
338 708 622 764 custodiam
643 748 658 773 ,
711 710 946 760 venerunt
996 700 1064 754 ad
1123 707 1319 768 portant
1378 699 1591 766 ferream
1634 707 1652 745 :
1702 698 1751 744 et

182 814 403 862 exeuntes
437 809 784 871 processerunt
816 796 980 851 uicum
1011 809 1169 846 unum
1195 799 1241 844 et
1265 789 1499 844 continuo
1523 783 1752 839 discessit

185 898 383 969 angelus
403 895 465 949 ab
485 911 563 952 eo.
586 892 716 960 Quae
736 892 877 946 intus
897 888 1036 943 facta
1056 894 1199 951 sunt,
1222 881 1544 938 mirabiliora
1562 887 1747 941 erant;

185 967 276 1045 hoc
302 1003 436 1043 vero
462 986 714 1054 deinceps
744 979 1044 1036 humanius.
1073 977 1206 1032 Cum
1233 973 1364 1029 nihil
1387 981 1502 1027 erat
1523 967 1750 1040 impedi-

180 1081 377 1146 menti,
410 1077 659 1135 discessit
691 1075 929 1144 angelus.
974 1072 1157 1141 Neque
1181 1067 1323 1123 enim
1366 1063 1751 1135 pertransisset

177 1176 359 1230 Petrus
380 1215 396 1241 ,
427 1188 548 1227 cum
580 1180 655 1224 tot
686 1177 873 1224 essent
903 1165 1081 1220 obices
1107 1182 1121 1218 :
1148 1177 1276 1217 vere
1303 1173 1532 1227 namque
1565 1167 1750 1223 stupor

172 1267 374 1321 aderat.
424 1263 576 1318 Nunc
605 1263 737 1318 scio.
785 1259 989 1328 inquit,
1022 1255 1140 1328 quia
1177 1270 1289 1307 vere
1316 1252 1451 1306 misit
1500 1248 1750 1302 Dominus

172 1359 402 1430 angelum
444 1373 628 1422 suunt,
685 1363 730 1408 et
770 1353 954 1415 eripuit
995 1367 1076 1403 me
1111 1349 1173 1403 de
1207 1362 1362 1400 manu
1403 1342 1658 1404 Herodis,
1709 1348 1754 1391 et

171 1452 229 1504 de
255 1450 397 1504 omni
432 1446 801 1517 exspectatione
848 1441 1004 1512 plebis
1045 1439 1362 1494 Iudaeorum.
1410 1433 1600 1514 Nunc:
1646 1444 1751 1484 non

172 1552 324 1604 tunc,
358 1537 573 1608 quando
604 1537 653 1590 in
681 1534 908 1588 vinculis
936 1546 1106 1586 eram.
1151 1511 1588 1594 Consideransque
1624 1522 1753 1574 venit

172 1634 219 1686 in
248 1632 457 1684 domum
499 1628 682 1683 Mariae
709 1625 883 1678 matris
925 1621 1163 1677 Joannis.
1191 1617 1347 1686 .Quid
1391 1615 1495 1671 sibi
1532 1613 1644 1666 vult
1690 1611 1751 1664 il-

171 1723 257 1778 lud
277 1765 294 1790 ,
324 1719 706 1777 Considerans?
731 1716 981 1787 Cogitans
1015 1714 1103 1767 ubi
1134 1719 1298 1768 esset.
1339 1707 1436 1764 Vel
1466 1706 1568 1760 hoc
1595 1704 1754 1773 igitur

171 1813 559 1875 consideravit;
587 1809 672 1864 vel
694 1808 835 1878 quod
860 1821 964 1860 non
988 1811 1261 1874 oporteret
1279 1809 1563 1867 utcumque
1582 1795 1749 1859 abire,

173 1905 261 1960 sed
312 1901 635 1958 benefactori
668 1900 838 1955 vicem
870 1896 1197 1968 rependere:
1226 1892 1366 1964 quod
1396 1890 1486 1945 ille
1511 1886 1754 1944 conside-

173 2013 295 2051 rans
317 2038 332 2061 ,
361 1997 509 2051 venit
537 1995 589 2048 in
616 1993 834 2048 domum
862 1990 1057 2049 Mariae.
1102 1988 1230 2053 Quis
1259 1995 1340 2040 est
1367 1984 1453 2038 hic
1477 1978 1753 2037 Joannes?

172 2089 332 2143 Forte
362 2089 408 2142 is
432 2127 449 2153 ,
479 2085 569 2155 qui
597 2098 810 2152 semper
832 2096 952 2136 eum
981 2080 1089 2134 illis
1116 2086 1269 2142 erat;
1304 2075 1532 2144 ideoque
1557 2085 1755 2141 cogno-

173 2195 290 2234 men
323 2180 484 2232 etiam
513 2175 628 2245 ejus
657 2174 857 2245 posuit.

237 2269 496 2341 Magnum
528 2269 711 2322 bonum
738 2265 960 2336 afﬂictio.
989 2291 1060 2303 —
1088 2260 1222 2316 Vide
1257 2268 1508 2330 quantum
1553 2257 1624 2312 sit
1659 2257 1756 2310 bo-

171 2381 298 2420 num
331 2361 581 2426 afflictio,
616 2368 870 2430 quantum
903 2367 1060 2412 noctu
1091 2363 1368 2427 precantes
1396 2353 1750 2422 proﬁcerent,

168 2470 331 2526 quam
375 2453 567 2523 vigiles
609 2451 734 2505 hinc
763 2448 1127 2504 efﬁcerentur.
1173 2445 1454 2507 Vidistin',
1499 2453 1754 2514 quantum

169 2547 378 2604 lucrum
420 2560 488 2599 ex
516 2543 664 2598 caede
708 2539 1003 2610 Stephani?
1049 2537 1282 2594 vidistin’
1311 2544 1502 2607 quanta
1546 2551 1612 2590 ex
1655 2534 1755 2588 hoc

173 2653 410 2713 (arcere.
438 2635 684 2691 utilitas?
727 2633 841 2690 Non
869 2634 1028 2700 .nim
1075 2631 1335 2687 ulciscens
1377 2629 1517 2685 Deus
1560 2628 1754 2697 injuste

174 2730 433 2786 laedentes
462 2770 477 2794 ,
510 2729 588 2783 sic
615 2740 865 2797 magnum
895 2723 1130 2780 ostendit
1156 2721 1488 2791 evangelium
1514 2735 1530 2784 ;
1574 2718 1670 2774 sed
1701 2719 1753 2772 in

178 2825 303 2894 ipsis
357 2822 678 2878 laedentibus
728 2819 860 2875 nihil
911 2818 1038 2874 mali
1092 2815 1415 2887 patientibus
1467 2815 1609 2884 ipsas
1663 2812 1755 2866 tri-

182 2917 481 2974 bulationes
520 2931 617 2986 per
657 2929 715 2969 se
758 2927 1008 2983 magnum
1052 2909 1180 2982 quid
1221 2923 1342 2964 esse
1377 2905 1641 2968 ostendit,
1688 2919 1756 2958 ne

185 3010 265 3064 vel
285 3010 350 3062 ab
375 3009 482 3064 illis
503 3008 638 3078 eripi
668 3047 684 3072 ,
711 3006 792 3061 vel
822 3005 1079 3058 ultionem
1105 3001 1245 3057 sumi
1271 3013 1593 3071 quaeramus.
1636 2996 1757 3051 Per-

191 3103 394 3171 pende,
427 3098 700 3169 quomodo
749 3097 957 3152 ancillae
1000 3095 1137 3166 apud
1186 3109 1279 3150 eos
1322 3093 1376 3147 in
1424 3094 1537 3162 pari
1586 3089 1756 3158 pretio

201 3203 382 3247 essent.
413 3193 531 3247 Prae
557 3191 747 3262 gaudio
769 3231 784 3257 ,
817 3188 1020 3259 inquit,
1052 3203 1152 3242 non
1178 3187 1394 3257 aperuit.
1432 3185 1472 3238 E
1500 3199 1557 3239 re
1579 3193 1754 3237 autent

203 3287 269 3339 ita
296 3287 474 3339 factum
502 3293 615 3349 est,
647 3298 715 3336 ne
745 3292 798 3336 et
827 3282 901 3335 illi
930 3281 1110 3335 statim
1138 3278 1386 3332 videntes
1415 3276 1756 3344 obstupesce-

195 3389 337 3442 rent,
372 3387 423 3432 et
452 3392 555 3431 n0n
589 3376 903 3440 crederent,
932 3374 1026 3429 sed
1057 3387 1210 3429 mens
1244 3373 1453 3427 illorum
1481 3385 1758 3426 exercere-

185 3480 283 3524 tur.
303 3470 368 3524 Et
389 3468 535 3541 quod
564 3481 662 3522 nos
683 3467 857 3523 facere
873 3466 1129 3531 solemus,
1148 3464 1340 3519 ancilla
1358 3477 1569 3533 quoque
1585 3462 1758 3517 facere

176 3562 511 3632 deprehensa
538 3570 622 3617 est
646 3577 660 3613 :
690 3560 776 3614 illa
802 3574 1031 3628 namque
1050 3556 1269 3612 curabat
1287 3570 1402 3610 rem
1426 3555 1603 3609 laetam
1627 3569 1759 3607 nun-

168 3658 304 3711 tiare
332 3672 347 3719 ;
382 3656 505 3709 laeta
536 3653 733 3724 quippe
761 3666 848 3706 res
876 3659 1012 3705 erat.
1044 3646 1136 3702 Illi
1161 3663 1276 3702 vero
1302 3647 1530 3700 dicebant
1559 3645 1604 3698 ei
1622 3687 1637 3707 ,
1667 3643 1759 3698 ln-

160 3749 332 3800 sanis.
370 3743 486 3799 Illa
513 3753 682 3797 autem
725 3741 1004 3813 afﬁrmabat
1043 3739 1114 3793 sic
1157 3753 1208 3792 se
1238 3735 1420 3790 habere
1446 3751 1466 3790 :
1489 3735 1567 3789 illi
1595 3746 1760 3788 autem

155 3841 456 3896 dicebant:
505 3837 724 3908 Angelus
767 3837 877 3907 ejus
924 3843 1016 3889 est.
1079 3831 1213 3886 Hinc
1250 3846 1432 3885 verum
1482 3828 1757 3900 probatur,

153 3944 616 4004 unumquemque
667 3937 909 3982 nostrum
950 3924 1198 3996 angelum
1239 3922 1456 3977 habere.
1511 3922 1578 3976 Et
1622 3920 1762 3975 unde

145 4029 206 4083 in
256 4033 517 4080 mentem
552 4020 715 4075 subiit
755 4019 860 4074 illis
907 4017 1152 4087 angelum
1202 4012 1370 4069 esse?
1425 4013 1471 4066 A
1521 4020 1764 4079 tempore

145 4116 297 4172 illud
352 4113 791 4183 suspicabantur.
841 4107 910 4164 Ut
941 4117 1109 4161 autem
1141 4103 1484 4176 perseuerabat
1512 4102 1721 4170 pulsans
1743 4143 1759 4166 ,

140 4210 345 4281 inquit
371 4249 388 4272 ,
437 4222 556 4260 cum
609 4203 962 4272 aperuissent,
1022 4200 1253 4254 uiderunt
1294 4214 1448 4264 eum,
1492 4206 1538 4250 et
1592 4194 1764 4249 obstu-

141 4307 420 4370 puerunt.
452 4295 557 4350 Ille
583 4311 697 4348 vero
726 4309 954 4347 annuens
981 4307 1169 4356 manu,
1207 4289 1478 4345 silentium
1519 4302 1762 4358 magnum

135 4395 284 4451 fecit
309 4435 330 4461 ,
373 4400 438 4446 ut
468 4389 769 4444 audiretur.
793 4386 1032 4456 Optatior
1059 4383 1311 4454 deinceps
1331 4381 1601 4449 discipulis
1626 4389 1764 4448 erat,

135 4503 257 4542 non
297 4484 488 4540 modo
523 4482 665 4552 quod
703 4489 942 4534 servatus
971 4486 1145 4541 esset,
1176 4476 1269 4530 sed
1299 4477 1459 4531 etiam
1493 4473 1635 4544 quod
1672 4473 1766 4527 ad-

131 4586 300 4634 esset
321 4585 392 4631 et
415 4573 719 4629 accederet.
735 4572 953 4625 Discunt
971 4567 1248 4623 manifeste
1264 4566 1441 4622 omnia
1458 4565 1763 4625 familiares,

131 4673 391 4725 discunt
425 4675 485 4721 ct
510 4665 708 4728 alieni,
752 4663 799 4718 si
829 4662 1050 4717 credere
1077 4661 1280 4722 velint;
1323 4658 1418 4714 sed
1457 4659 1762 4714 noluerunt.

129 4763 264 4818 Hoc
317 4761 510 4815 etiam
541 4757 597 4811 in
620 4756 838 4811 Christo
864 4753 1060 4808 factum
1089 4762 1192 4807 est.
1241 4750 1519 4816 Nuntiate,
1553 4751 1762 4820 inquit,

124 4856 360 4911 Iacobo
391 4865 448 4906 et
471 4849 715 4922 fratribus
736 4849 860 4901 haec.
884 4845 1019 4902 Vide
1038 4844 1304 4915 quomodo
1330 4857 1519 4896 vanam
1545 4842 1765 4913 gloriam

124 4966 250 5006 non
289 4954 554 5018 quaerat.
581 4940 698 4996 Non
726 4940 870 4994 enim
901 4938 1068 5002 dixit,
1108 4936 1354 5005 Undique
1383 4935 1497 4989 haec
1521 4933 1769 4988 omnibus

124 5045 426 5099 nuntiate
454 5056 471 5102 ;
500 5036 594 5091 sed
620 5076 634 5098 ,
667 5033 953 5087 Fratribus.
982 5030 1050 5084 Et
1072 5029 1305 5084 abscessit
1324 5029 1376 5081 in
1402 5027 1559 5081 alium
1583 5028 1764 5080 locum.

126 5137 349 5208 Neque
378 5131 543 5187 enim
567 5125 804 5182 tentabat
825 5126 986 5179 Deum
1003 5164 1017 5187 ,
1042 5138 1212 5190 neque
1239 5135 1356 5174 sese
1378 5120 1427 5172 in
1452 5118 1770 5172 tentationes

123 5207 468 5298 injiciebat
493 5238 507 5273 :
531 5217 664 5272 illud
684 5218 826 5272 enim
844 5215 978 5284 jussi
1001 5223 1200 5267 tantum
1220 5211 1500 5265 faciebant.
1523 5207 1767 5278 Ingressi,

121 5322 326 5392 inquit
352 5359 371 5385 ,
435 5314 500 5368 in
530 5312 807 5382 templum,
841 5307 1100 5373 loquimini
1131 5303 1318 5376 papula
1362 5302 1380 5374 (
1408 5304 1518 5355 Act.
1551 5303 1604 5357 5.
1635 5300 1705 5355 20
1725 5300 1768 5371 ).

122 5391 500 5469 Audiemnt
537 5413 591 5458 et
632 5403 814 5456 statim
854 5398 1129 5468 obsequnti
1167 5406 1310 5450 sunt.
1356 5393 1470 5448 Hoc
1512 5408 1638 5448 vero
1662 5391 1772 5461 jam

126 5523 242 5560 non
281 5501 458 5557 dicit
489 5495 736 5564 angelus,
760 5490 851 5546 sed
873 5490 1012 5562 quod
1040 5490 1260 5543 silenter
1285 5485 1521 5542 abscedit
1542 5495 1596 5539 et
1617 5493 1774 5539 noctu

125 5600 337 5653 eduxit
360 5636 380 5658 ,
407 5588 577 5643 dedit
599 5585 902 5641 facultatem
924 5581 1226 5638 secedendi.
1245 5579 1357 5634 Hoc
1375 5588 1551 5634 autem
1579 5577 1773 5632 factum

129 5702 216 5740 est
246 5729 266 5753 ,
327 5691 408 5737 ut
467 5677 746 5732 discamus
789 5673 953 5728 multa
998 5673 1230 5727 humano
1277 5685 1426 5725 more
1473 5668 1778 5737 dispensata

127 5783 315 5836 fuisse
343 5819 362 5840 ,
439 5779 518 5826 ut
560 5784 629 5824 ne
675 5768 767 5822 ille
810 5766 1002 5821 iterum
1055 5763 1457 5835 periclitaretur.
1514 5761 1591 5815 Ne
1636 5761 1776 5814 enim

131 5883 265 5941 post
290 5870 642 5925 discessum
681 5859 798 5931 ejus
833 5857 1072 5916 dicerent
1096 5856 1342 5929 angelum
1366 5855 1480 5926 ejus
1509 5869 1646 5922 esse,
1679 5854 1778 5909 hoc

3322 389 3430 447 202

1855 503 2001 573 prius
2030 502 2310 571 dixerunt,
2357 511 2414 559 et
2454 510 2639 573 postea
2683 503 2834 559 illum
2861 505 3142 569 viderunt,
3174 508 3262 576 qui
3292 507 3428 564 hanc

1851 596 2158 665 Opinionem
2188 595 2422 651 sustulit.
2452 595 2509 652 Si
2537 598 2756 667 angelus
2780 597 2964 654 fuisset
2987 638 3003 662 ,
3033 615 3139 653 non
3169 603 3431 670 pulsasset

1853 687 2016 754 fores,
2036 705 2136 744 nec
2156 689 2468 745 secessisset
2489 689 2541 744 in
2563 689 2730 745 alium
2750 690 2946 747 locum.
2959 691 3250 748 Conﬁrmat
3269 694 3429 749 etiam

1853 779 1995 846 illos,
2025 780 2166 850 quod
2197 796 2302 836 non
2333 781 2500 837 in-die
2529 782 2722 838 factum
2748 783 2836 837 sit.
2865 783 2930 838 Hi
2955 786 3110 840 soluti
3141 788 3433 857 precaban-

1853 881 1972 939 tur,
2014 873 2104 928 ille
2141 878 2350 930 vinctus
2378 875 2699 932 dormiebat.
2750 876 2807 933 Si
2848 887 3087 948 putasset
3129 896 3242 935 rem
3269 923 3285 948 ,
3313 897 3431 951 qua:

1851 964 2127 1033 agebatur,
2155 980 2334 1020 veram
2361 969 2834 1036 esse,perterritus
2854 967 3041 1027 fuisset
3060 1016 3074 1035 .
3100 989 3198 1028 nec
3225 990 3433 1031 memor

1852 1065 2124 1124 gestorum
2152 1074 2166 1110 :
2199 1072 2343 1112 nunc
2371 1067 2549 1113 autem
2587 1062 2738 1129 quasi
2767 1061 2818 1115 in
2845 1077 3035 1119 somno
3062 1065 3250 1122 videns
3269 1107 3284 1133 ,
3313 1069 3432 1125 sine

1853 1147 2250 1216 perturbatione
2266 1159 2400 1204 erat.
2413 1149 2688 1219 Venerunt,
2708 1154 2895 1223 inquit,
2909 1157 2976 1210 ad
2988 1167 3182 1227 portam
3194 1164 3429 1231 ferream.

1854 1240 1986 1296 Vide
2010 1257 2168 1310 quam
2198 1241 2350 1296 ﬁrma
2381 1254 2539 1299 esset.
2571 1244 2909 1303 Transeuntes
2933 1291 2946 1313 ,
2979 1251 3186 1318 inquit,
3215 1255 3433 1324 primani

1852 1344 1897 1386 et
1929 1336 2202 1388 secundam
2227 1337 2507 1390 custodiam
2531 1379 2546 1402 ,
2580 1350 2814 1393 venerunt
2856 1342 2924 1394 ad
2968 1355 3165 1412 portam
3195 1350 3430 1417 ferream.

1855 1426 1921 1480 Et
1947 1443 2042 1481 cur
2065 1468 2080 1493 ,
2113 1429 2318 1498 inquies
2338 1473 2353 1494 ,
2383 1446 2488 1484 non
2517 1447 2610 1499 per
2636 1432 2840 1502 seipsos
2868 1434 2968 1490 hoc
2997 1437 3234 1493 faciunt?
3281 1440 3431 1496 Cur?

1853 1519 1988 1583 Quia
2019 1521 2117 1573 hac
2143 1521 2194 1574 in
2221 1535 2280 1575 re
2309 1522 2447 1576 Deus
2476 1523 2598 1576 illos
2628 1526 2893 1593 honorat,
2923 1529 3060 1596 quod
3094 1547 3185 1598 per
3211 1535 3430 1602 angelos

1853 1619 2004 1663 eruat
2033 1610 2199 1678 ipsos.
2245 1612 2381 1678 Quid
2408 1614 2578 1684 ergo?
2607 1631 2702 1670 cur
2726 1633 2830 1671 non
2859 1619 2936 1674 sic
2963 1621 3012 1673 in
3045 1621 3206 1676 Paulo
3233 1624 3430 1680 factum

1852 1709 1937 1754 est
1957 1701 1984 1754 ?
2022 1700 2134 1756 Illic
2159 1718 2189 1757 e
2218 1719 2276 1758 re
2306 1703 2400 1757 fuit
2428 1746 2443 1770 ,
2485 1707 2606 1775 quia
2639 1709 2911 1763 custodem
2943 1715 3173 1767 carceris
3216 1718 3433 1772 credere

1853 1794 2136 1862 Oportebat
2163 1813 2176 1859 ;
2209 1795 2295 1850 hic
2322 1813 2450 1852 vero
2474 1799 2646 1853 solum
2678 1815 2811 1871 opus
2836 1811 2952 1856 erat
2976 1806 3272 1872 apostolum
3302 1808 3434 1865 libe-

1855 1885 2001 1940 rari:
2049 1885 2284 1956 alioquin
2331 1904 2460 1943 vero
2503 1890 2640 1944 Deus
2680 1891 2890 1947 diverse
2919 1898 3094 1950 omnia
3136 1897 3429 1968 dispensat.

1853 1979 1967 2035 Illic
1991 1979 2185 2036 Paulus
2214 1981 2439 2053 hymnos
2464 1986 2690 2040 canebat
2721 1985 2855 2059 (Act.
2887 1990 2968 2045 16.
2996 1990 3110 2064 25).
3137 1994 3222 2050 hic
3245 1996 3432 2053 Petrus

1853 2072 2172 2128 dormiebat.
2200 2074 2278 2130 Ne
2306 2092 2434 2146 ergo
2462 2079 2792 2136 occultemus
2819 2084 3074 2139 miracula
3109 2088 3220 2156 Dei,
3250 2091 3342 2145 sed
3365 2093 3430 2147 ad

1853 2164 2133 2220 utilitatem
2183 2175 2419 2221 nostram
2466 2170 2579 2224 ltzec
2624 2171 2882 2243 divulgari
2929 2191 3218 2244 curemus,
3265 2193 3318 2236 et
3365 2185 3430 2238 ad

1853 2255 2081 2310 aliorum
2113 2256 2543 2314 aediﬁcationem.
2575 2261 2646 2316 Ut
2673 2265 2815 2318 enim
2845 2266 3172 2324 admirabilis
3202 2274 3318 2340 fuit,
3342 2278 3430 2346 qui

1853 2348 2006 2417 ligari
2036 2349 2201 2402 voluit
2225 2366 2239 2412 ;
2268 2350 2338 2404 ita
2366 2351 2729 2409 admirabilior
2754 2356 2844 2424 qui
2870 2372 2973 2411 non
2997 2362 3142 2428 prius
3163 2363 3429 2433 discessit,

1854 2453 2012 2507 quam
2035 2440 2145 2493 suis
2161 2442 2338 2496 omnia
2358 2445 2672 2499 nuntiasset.
2695 2445 2959 2517 Dixitque.
2980 2449 3225 2509 Nuntiate
3240 2455 3432 2514 Iacobo

1855 2539 1902 2584 et
1931 2531 2196 2602 fratribus.
2225 2532 2334 2589 Cur
2362 2536 2543 2592 dicere
2563 2537 2717 2606 jubet
2739 2540 2797 2593 ‘?
2825 2540 2894 2597 Ut
2922 2543 2999 2598 illi
3026 2547 3330 2615 gaudeant,
3376 2562 3433 2608 ut

1854 2638 1925 2679 ne
1953 2624 2167 2680 solliciti
2196 2627 2337 2694 sint,
2367 2637 2426 2682 ut
2453 2643 2548 2699 per
2574 2629 2672 2686 hos
2699 2632 2779 2687 illi
2805 2633 3049 2704 discant,
3078 2655 3182 2694 non
3211 2642 3310 2711 ipsi
3338 2659 3436 2714 per

1855 2717 2012 2771 illos:
2038 2719 2114 2773 sic
2134 2719 2202 2774 de
2223 2719 2465 2776 inferiori
2491 2731 2642 2792 parte
2666 2739 2850 2779 curam
2876 2729 3112 2797 gerebat.
3140 2731 3283 2789 Nihil
3306 2750 3433 2806 ergo

1856 2808 2128 2865 moderata
2161 2809 2451 2868 afﬂictione
2497 2815 2708 2868 melius.
2757 2815 2978 2884 Qualem
3023 2829 3177 2890 putas
3218 2824 3430 2882 illorum

1857 2913 1984 2958 tunc
2009 2901 2174 2958 fuisse
2200 2904 2477 2958 animam?
2503 2919 2695 2975 quanta
2723 2911 2992 2980 voluptate
3018 2913 3225 2982 plenam
3250 2918 3275 2972 τ

1938 2993 2209 3067 Vigilantia
2256 2996 2734 3057 laudatur.—Ubi
2782 3014 2905 3059 sunt
2949 3022 3091 3062 nunc
3139 3011 3430 3081 mulieres,

1855 3103 1973 3158 qua:
1999 3098 2105 3144 tota
2126 3101 2282 3146 nocte
2303 3090 2614 3147 dormiunt?
2645 3093 2732 3149 ubi
2756 3095 2873 3163 viri,
2903 3098 2989 3166 qui
3019 3115 3190 3170 neque
3208 3103 3260 3157 in
3292 3103 3432 3160 lecto

1857 3193 1916 3234 se
1944 3181 2198 3237 versant?
2223 3180 2411 3236 Viden’
2437 3183 2645 3253 vigilem
2677 3186 2951 3242 animam?
2989 3188 3124 3245 Cum
3155 3194 3429 3262 uxoribus,

1856 3273 2039 3344 pueris
2068 3284 2122 3329 et
2165 3274 2374 3328 ancillis
2405 3275 2571 3331 Deum
2599 3276 2974 3347 celebrabant,
3015 3297 3109 3351 per
3133 3283 3431 3341 tribulatio-

1858 3382 1980 3421 nem
2008 3368 2249 3437 puriores
2277 3368 2409 3423 caelo
2437 3369 2632 3426 eﬁ‘ecti.
2661 3369 2812 3428 Nunc
2848 3388 3006 3440 vero,
3033 3375 3077 3430 si
3111 3393 3328 3446 parvum
3351 3381 3432 3436 vi-

1857 3459 2077 3515 deamus
2123 3463 2413 3530 periculum
2439 3505 2453 3531 ,
2485 3464 2832 3521 concidimus.
2878 3467 3019 3523 Nihil
3061 3469 3299 3527 Ecclesia
3345 3474 3434 3529 illa

1859 3551 2210 3619 splendidius.
2256 3552 2403 3623 ipsos
2450 3555 2752 3622 imitemur,
2802 3559 3135 3615 aemulemur.
3171 3561 3288 3618 Non
3315 3563 3434 3620 ideo

1860 3641 1996 3696 facta
2030 3653 2113 3697 est
2146 3659 2272 3709 nos,
2315 3653 2373 3699 ut
2415 3661 2514 3714 per
2553 3655 2715 3701 totam
2749 3647 3072 3706 dormiamus
3100 3662 3156 3708 et
3183 3655 3432 3710 otiemur.

1861 3733 1974 3789 [loc
2005 3735 2357 3790 testiﬁcantur
2381 3736 2635 3804 artiﬁces,
2670 3739 3048 3809 negotiatores,
3073 3753 3398 3801 mercatores
3417 3788 3433 3810 ,

1862 3826 2098 3882 Ecclesia
2121 3827 2215 3883 Dei
2235 3829 2407 3882 media
2432 3843 2656 3901 surgens
2676 3838 2852 3886 nocte.
2875 3831 3042 3900 Surge
3067 3843 3121 3888 et
3147 3842 3223 3899 tu,
3247 3845 3302 3890 et
3317 3837 3436 3894 vide

1861 3921 2137 3976 stellarum
2182 3922 2438 3989 chorum,
2485 3922 2804 3992 profundum
2853 3924 3158 3993 silentium,
3202 3929 3434 3998 quietem

1863 4012 2083 4066 multam
2105 4031 2119 4066 :
2138 4012 2455 4082 obstupesee
2469 4013 2536 4069 de
2555 4013 2762 4068 Domini
2781 4016 2854 4070 tui
2875 4017 3223 4086 providentia.
3247 4020 3438 4077 Purior

1866 4117 1991 4162 tunc
2016 4116 2099 4162 est
2119 4107 2318 4173 anima,
2347 4107 2532 4172 levior,
2559 4107 2823 4177 subtilior,
2855 4109 3119 4177 sublimis,
3148 4113 3393 4184 expedita
3419 4133 3434 4169 :

1865 4198 2102 4254 tenebrae
2131 4197 2281 4268 ipsae,
2310 4199 2577 4254 silentium
2605 4200 2826 4255 multum
2847 4242 2861 4266 ,
2892 4203 2944 4256 in
2971 4206 3435 4274 compunctionem

1865 4292 2119 4348 inducere
2166 4299 2408 4362 possunt.
2455 4292 2511 4348 Si
2561 4307 2689 4348 vero
2733 4294 2924 4348 ctelum
2969 4298 3222 4366 respicias
3267 4300 3438 4355 stellis

1865 4385 2014 4454 quasi
2042 4384 2336 4439 innumeris
2371 4383 2678 4438 distinctum
2706 4385 2894 4452 oculis,
2945 4389 3248 4444 omnimoda
3289 4391 3441 4445 volu-

1866 4486 2009 4546 ptate
2031 4476 2222 4531 frueris
2239 4476 2544 4531 Creatorem
2568 4477 2745 4532 statim
2768 4489 2946 4534 mente
2967 4490 3237 4550 reputans.
3267 4482 3323 4538 Si
3349 4497 3440 4538 co-

1867 4569 2114 4639 gitaveris
2137 4583 2251 4635 eos,
2279 4569 2367 4639 qui
2391 4569 2625 4624 interdiu
2645 4571 2895 4639 clamant,
2922 4573 3117 4642 rident,
3147 4575 3437 4643 exsultant,

1866 4663 2096 4727 saliunt,
2146 4663 2340 4733 injuste
2383 4672 2580 4733 agunt,
2612 4665 2846 4720 avaritia:
2877 4667 3110 4734 student,
3144 4670 3435 4736 minantur,

1867 4755 2143 4809 innumera
2161 4755 2300 4809 mala
2322 4753 2574 4822 inferunt,
2600 4765 2723 4812 tunc
2742 4772 2772 4810 a
2798 4759 3020 4814 mortuis
3041 4760 3171 4814 nihil
3197 4760 3433 4828 diﬁ‘erre,

1870 4846 2153 4900 humanam
2201 4862 2415 4901 omnem
2470 4848 2824 4917 arrogantiam
2870 4848 3165 4906 damnabis.
3209 4851 3439 4910 Somnus

1870 4938 2113 5004 accessit,
2147 4947 2200 4993 et
2227 4948 2470 4993 naturam
2497 4940 2806 5007 superavit:
2839 4939 3012 5008 imago
3050 4952 3132 4995 est
3171 4945 3359 5000 mortis
3387 4958 3442 5001 et

1870 5031 2360 5085 consummationis.
2382 5030 2435 5084 Si
2461 5031 2633 5085 vicum
2665 5033 2990 5101 respexeris,
3014 5035 3214 5090 nullam
3255 5053 3440 5094 vocent

1871 5121 2090 5187 audies;
2122 5121 2164 5174 si
2192 5121 2407 5176 domum
2428 5163 2442 5186 ,
2475 5136 2660 5176 omnes
2688 5121 2893 5177 videbis
2917 5126 3064 5193 quasi
3104 5127 3154 5180 in
3192 5130 3441 5200 sepulcro

1870 5213 2127 5281 iacentes.
2157 5213 2281 5266 [haec
2309 5213 2486 5268 omnia
2516 5223 2738 5282 possunt
2760 5214 2991 5269 animam
3017 5218 3272 5288 excitare,
3297 5232 3351 5275 et
3374 5222 3442 5278 ad

1874 5305 2243 5375 cogitationem
2269 5305 2742 5359 consummationis
2777 5305 3052 5362 inducere.

1945 5401 1999 5453 6.
2034 5398 2129 5451 llic
2158 5411 2284 5451 vero
2312 5396 2440 5450 mihi
2468 5405 2521 5450 et
2546 5396 2613 5450 ad
2642 5398 2785 5452 viros
2813 5409 2868 5452 et
2899 5399 2964 5454 ad
2994 5402 3245 5456 mulieres
3267 5418 3446 5458 sermo

1877 5499 1975 5545 est.
2010 5488 2187 5543 Flecte
2225 5503 2418 5558 genua,
2455 5487 2767 5558 iugemisce,
2806 5491 2972 5545 Deum
3009 5507 3228 5562 precare
3267 5504 3324 5547 ut
3354 5497 3445 5552 tibi

1878 5588 1948 5640 sit
1974 5581 2230 5653 prapitius
2261 5598 2274 5636 :
2306 5582 2583 5637 nocturnis
2607 5582 2696 5638 ille
2725 5584 2971 5653 precibus
2996 5586 3164 5656 magis
3194 5586 3444 5652 flectitur,

1878 5691 1997 5731 cum
2043 5672 2242 5744 requiei
2291 5684 2498 5744 tempus
2536 5675 2589 5730 in
2631 5674 2831 5731 luctum
2876 5677 3117 5731 verteris.
3144 5678 3447 5738 Recordare

1947 5861 1963 5890 ι
1999 5858 2134 5921 Haec,
2161 5872 2244 5910 cur
2275 5859 2437 5912 dicere
2447 5857 2605 5923 jubet,
2621 5856 2800 5909 desunt
2825 5857 2875 5906 in
2897 5856 3201 5920 quibusdam.
