3978 6542
566 405 676 459 265

567 524 854 579 verborum
877 519 1016 591 regis
1046 519 1186 574 illius
1217 535 1229 571 :
1260 517 1509 571 Laboravi
1528 519 1583 571 in
1610 518 1795 589 gemitu
1819 532 1950 579 meo,
1981 514 2160 569 lavabo

573 632 664 688 per
688 612 914 684 singulas
934 622 1100 666 noctes
1124 610 1303 664 lectum
1328 627 1515 675 meum,
1543 609 1779 679 lacrymis
1797 610 1918 661 meis
1941 616 2153 660 stratum

571 723 741 760 meum
763 705 935 776 rigabo
958 701 1129 772 (Psal.
1160 702 1211 755 6.
1231 702 1308 764 7).
1338 700 1685 767 Quantumvis
1713 699 1916 755 deliciis
1947 698 2151 764 afﬂuas,

566 815 675 855 non
701 798 871 867 magis
901 812 1058 864 quam
1090 795 1208 858 ille;
1240 794 1580 863 quantumvis
1608 793 1681 845 sis
1723 793 1871 847 dives
1894 836 1907 857 ,
1952 809 2056 845 non
2096 808 2154 846 cs

568 891 729 945 ditior
759 884 974 942 Davide.
1009 886 1308 954 lterumque
1332 888 1407 938 ait
1440 885 1530 938 ille
1559 902 1571 936 :
1599 883 1773 937 Media
1814 893 1957 937 nocte
1982 900 2152 953 surge-

572 985 685 1036 bam
735 981 803 1033 ad
850 978 1189 1045 conﬁtendum
1230 978 1317 1031 tibi
1360 995 1510 1048 super
1542 978 1743 1048 judicia
1792 978 2005 1047 justitire
2056 988 2154 1031 tua:

570 1071 759 1143 (Psal.
793 1071 915 1125 H8.
949 1070 1074 1140 62).
1108 1069 1259 1123 Tunc
1288 1085 1425 1122 vana
1456 1069 1621 1139 gloria
1656 1086 1759 1121 non
1791 1079 1840 1122 te
1875 1070 2105 1138 exagitat
2135 1088 2147 1125 :

560 1163 829 1234 quomodo
861 1172 1041 1231 po~set
1061 1163 1203 1216 enim
1231 1163 1477 1217 omnibus
1509 1162 1916 1227 dormientibus,
1947 1177 2044 1215 nec
2066 1163 2143 1214 vi-

563 1256 855 1313 dentibus?
883 1255 1031 1309 Tunc
1058 1270 1156 1309 nec
1186 1255 1391 1323 ignavia
1417 1270 1516 1309 nec
1537 1255 1814 1309 oscitantia
1849 1254 2102 1307 invadunt
2133 1273 2145 1306 :

560 1349 830 1419 quomodo
862 1357 1079 1417 possent
1125 1348 1290 1411 enim,
1343 1364 1463 1401 cum
1509 1356 1585 1401 tot
1625 1357 1873 1417 tantaque
1914 1349 2144 1401 animam

570 1440 849 1494 excitent?
875 1440 1000 1493 Post
1030 1439 1151 1493 talia
1192 1438 1466 1508 pervigilia
1505 1454 1722 1493 somnus
1750 1440 1929 1493 suavis
1958 1448 2056 1502 est,
2091 1449 2145 1493 et

566 1531 925 1586 revelationes
970 1530 1262 1583 mirabiles.
1308 1530 1417 1583 lloc
1460 1528 1543 1583 fac
1578 1538 1633 1583 et
1670 1538 1723 1582 tu
1764 1531 1863 1594 vir,
1896 1544 2000 1583 non
2031 1531 2143 1584 sola

563 1622 776 1677 mulier.
826 1622 1153 1676 Sitccclesia
1194 1620 1383 1674 domus
1411 1621 1540 1673 viris
1580 1630 1633 1674 et
1678 1620 1985 1675 mulieribus
2012 1636 2141 1674 con-

560 1724 728 1769 stans.
749 1713 826 1767 Ne
846 1714 965 1782 quia
996 1722 1047 1765 tu
1071 1712 1214 1766 Solus
1240 1713 1339 1774 vir,
1366 1713 1475 1781 ipsa
1507 1712 1618 1766 sola
1648 1711 1836 1765 mulier
1860 1721 1962 1775 est,
1990 1722 2143 1780 putes

560 1807 611 1861 id
636 1804 1016 1874 impedimento
1046 1818 1185 1859 esse.
1223 1802 1359 1856 Nam
1406 1804 1489 1856 ubi
1513 1803 1614 1856 duo
1644 1802 1828 1869 fuerint
1857 1804 2141 1873 congregati

557 1901 611 1951 in
660 1898 859 1951 nomine
904 1913 1047 1958 meo,
1100 1895 1302 1965 inquit,
1352 1895 1459 1948 illic
1514 1911 1624 1947 sum
1663 1896 1716 1947 in
1756 1894 1918 1947 medio
1971 1911 2142 1947 eorum

562 1990 790 2057 (Matth.
823 1989 909 2043 18.
961 1987 1089 2058 ΞΟ).
1140 1988 1236 2043 Ubi
1281 1986 1526 2041 Christus
1556 1987 1791 2050 medius,
1838 1986 1909 2039 ibi
1946 2003 2137 2056 magna

564 2080 845 2135 multitudo
870 2089 950 2133 est
986 2097 998 2133 :
1032 2078 1117 2132 ubi
1158 2078 1420 2142 Christus,
1464 2092 1685 2131 necesse
1720 2087 1801 2130 est
1835 2086 1888 2130 et
1921 2079 2139 2146 angelos

556 2187 677 2228 esse
699 2180 752 2227 et
780 2170 1131 2240 archangelos
1153 2178 1206 2223 et
1225 2170 1356 2221 alias
1380 2177 1689 2237 potestates.
1715 2167 1828 2221 Non
1858 2168 2017 2237 igitur
2036 2168 2134 2221 soli

555 2264 684 2317 estis
714 2263 951 2316 omnium
990 2262 1245 2315 habentes
1277 2260 1579 2313 Dominum.
1616 2259 1820 2312 Rursus
1848 2257 1969 2311 audi
2012 2273 2138 2326 pro-

559 2354 774 2423 phetam
799 2353 1065 2408 dicentem
1094 2369 1107 2407 :
1140 2351 1324 2405 Melior
1357 2362 1429 2404 est
1459 2367 1585 2404 unus
1612 2352 1801 2421 faciens
1831 2352 2136 2405 uoluntatem

550 2446 794 2509 Domini,
826 2460 977 2515 quant
1007 2444 1144 2497 mille
1170 2443 1327 2511 iniqui
1349 2444 1364 2507 (
1388 2441 1549 2495 Eccli.
1577 2445 1661 2495 10.
1698 2443 1730 2495 5
1752 2452 1789 2513 ).
1816 2442 1953 2496 Nihil
1986 2443 2136 2497 infir-

551 2538 690 2593 mius
723 2536 904 2591 multis
935 2536 1150 2603 iniquis,
1180 2534 1308 2587 nihil
1336 2532 1527 2587 fortius
1555 2549 1681 2597 uno,
1721 2536 1809 2603 qui
1840 2534 2132 2588 secundum

555 2630 650 2685 Dei
684 2629 852 2698 legem
880 2628 1027 2682 vivit.
1051 2626 1106 2680 Si
1139 2627 1231 2681 tibi
1253 2627 1361 2681 sint
1386 2625 1568 2690 liberi,
1602 2626 1772 2679 excita
1804 2627 2038 2689 illos;»et
2064 2628 2133 2681 sit

548 2724 767 2778 omnino
799 2721 970 2776 noctis
999 2731 1238 2788 tempore
1274 2719 1463 2773 domus
1494 2719 1719 2772 ecclesia
1747 2736 1759 2771 :
1790 2719 1836 2771 si
1874 2734 2001 2773 vero
2026 2720 2133 2773 sint

550 2816 718 2871 teneri
737 2855 752 2880 ,
785 2828 881 2869 nec
898 2814 1118 2883 vigilare
1138 2812 1374 2881 possint,
1400 2827 1556 2865 uitam
1576 2812 1865 2866 alteramve
1889 2812 2132 2866 emittant

550 2907 848 2961 orationem
894 2913 948 2959 et
984 2904 1280 2974 quiescant.
1323 2903 1549 2956 Tantum
1587 2917 1766 2970 surge,
1813 2913 1866 2956 et
1908 2902 2033 2957 illud
2076 2903 2128 2957 in

547 2998 929 3055 consuetudine
946 3011 1102 3065 pone.
1118 2994 1371 3063 Nihildioc
1386 2994 1750 3064 promptuario
1767 2994 1972 3058 melius,
1988 2995 2127 3064 quod

550 3092 687 3146 tales
714 3103 901 3159 preces
927 3089 1200 3157 suscipiet.
1234 3087 1371 3140 Audi
1398 3087 1706 3156 prophetam
1729 3087 1993 3141 dicentem
2022 3106 2035 3140 :
2066 3086 2129 3142 Si

545 3200 735 3238 memor
760 3183 835 3251 [ui
863 3182 934 3235 tui
957 3198 1110 3250 super
1131 3187 1340 3232 stratum
1370 3195 1531 3231 meum
1553 3220 1567 3246 ,
1599 3182 1652 3232 in
1684 3179 1941 3231 matutinis
1963 3180 2126 3233 medi—

545 3278 688 3331 tabar
708 3278 759 3329 in
790 3287 835 3330 te
866 3276 1039 3347 (Psal.
1065 3274 1153 3329 62.
1186 3274 1215 3327 7
1233 3275 1274 3343 ).
1300 3275 1366 3327 At
1393 3273 1538 3328 dices
1565 3291 1577 3326 :
1614 3274 1714 3327 Per
1740 3273 1879 3327 diem
1904 3275 2123 3328 multum

548 3370 818 3434 laboravi,
851 3382 947 3421 nec
978 3381 1213 3436 possum.
1246 3365 1368 3418 llaec
1398 3366 1643 3418 obtentus
1673 3374 1797 3417 sunt
1823 3374 1876 3417 et
1904 3366 2120 3418 cavilla-

545 3466 741 3518 tiones.
785 3460 1137 3529 Quantumvis
1168 3459 1309 3514 enim
1342 3457 1702 3523 laboraveris,
1736 3462 1839 3511 non
1868 3466 2120 3527 quantum

544 3557 693 3611 faber
720 3554 962 3617 aerarius,
999 3553 1086 3620 qui
1118 3560 1468 3619 tamgravem
1516 3548 1767 3602 malleum
1810 3548 1877 3603 ab
1916 3550 2022 3602 alto
2055 3549 2119 3602 ad

547 3663 715 3719 usque
737 3662 932 3717 prunas
949 3645 1198 3707 demittit,
1222 3655 1275 3696 et
1294 3641 1496 3695 fumum
1520 3650 1629 3695 toto
1649 3655 1872 3709 corpore
1892 3642 2086 3710 excipit
2106 3660 2118 3697 :

545 3750 603 3796 et
624 3751 799 3794 tamen
830 3738 1113 3792 maximam
1149 3734 1320 3789 noctis
1342 3740 1546 3802 partem
1571 3747 1632 3787 ea
1663 3733 1716 3786 in
1749 3748 1809 3786 re
1828 3734 2115 3788 consumit.

542 3832 724 3888 Nostis
761 3830 955 3893 etiam,
990 3828 1273 3891 mulieres,
1322 3826 1365 3878 si
1411 3823 1623 3895 quando
1664 3824 1897 3878 nobisin
1936 3840 2116 3894 agrum

542 3925 839 3982 concedere
859 3938 993 3992 opus
1013 3920 1129 3987 fuit,
1152 3928 1242 3973 aut
1268 3918 1333 3972 ad
1360 3917 1713 3987 pervigilium,
1737 3919 2002 3981 quomodo
2026 3935 2118 3986 per

542 4029 705 4073 totam
751 4027 960 4071 noctem
1008 4014 1083 4067 illi
1129 4011 1367 4081 vigilant.
1403 4009 1469 4063 Et
1512 4009 1608 4061 tibi
1637 4023 1767 4077 ergo
1796 4007 2006 4063 officina
2046 4012 2116 4065 sit

1267 401 1320 458 S.
1360 400 1635 457 JOANNIS
1672 400 2143 458 CHRYSOSTOMI
2182 399 2499 457 ARCHIEP.
2531 403 3063 461 CONSTANTINOP.

3732 409 3822 468 204

2269 515 2593 583 Spiritualis,
2643 534 2748 574 non
2797 528 2855 573 ot
2882 520 3020 573 ollas
3062 528 3117 573 et
3154 519 3379 586 lebetes,
3404 520 3497 575 sed
3527 529 3585 575 ut
3608 521 3821 579 animam

2268 615 2407 662 tuam
2443 624 2619 677 pares,
2648 625 2766 681 qua:
2796 621 2851 665 et
2891 611 3084 665 mrario
3125 620 3181 666 et
3208 611 3427 668 auriﬁce
3452 614 3624 669 multo
3651 616 3826 672 melior

2264 708 2368 754 est.
2403 701 2647 756 Animam
2676 703 2909 769 peccatis
2932 704 3275 756 inveteratam
3307 704 3466 760 induc
3493 705 3545 758 in
3571 705 3824 762 officinam

2259 791 2610 846 confessionis
2636 809 2649 845 :
2674 794 2927 848 malleum
2957 809 2985 845 a
3009 808 3217 846 summo
3238 794 3414 857 induc,
3436 795 3491 849 id
3510 806 3615 857 est,
3645 798 3825 852 verbo-

2260 898 2377 935 rum
2419 882 2814 938 damnationem
2846 901 2858 937 :
2893 884 3128 939 accende
3178 885 3354 955 ignem
3396 885 3649 957 Spiritus.
3680 888 3827 945 Multo

2250 976 2687 1042 priestantiorem
2713 986 2881 1030 artem
2916 976 3099 1030 habes.
3125 977 3241 1031 Non
3272 993 3431 1033 aurea
3462 996 3589 1034 vasa
3621 982 3829 1037 concin-

2258 1082 2383 1128 nas;
2417 1065 2509 1119 sed
2537 1081 2666 1120 auro
2697 1068 2842 1120 omni
2881 1068 3251 1135 pretiosiorem
3278 1071 3506 1125 animam
3537 1073 3679 1126 sicut
3706 1089 3829 1127 arra-

2256 1159 2367 1212 rius
2406 1167 2605 1213 tractas
2635 1176 2649 1212 :
2697 1175 2801 1213 non
2843 1176 2934 1214 vas
2962 1176 3280 1229 corporeum
3307 1179 3563 1231 apparas;
3597 1165 3694 1220 sed
3712 1168 3827 1220 ani-

2256 1267 2394 1304 mam
2435 1253 2502 1306 ab
2542 1253 2684 1306 omni
2725 1253 2967 1307 smculari
3006 1253 3281 1322 phantasia
3313 1255 3526 1312 liberas.
3557 1257 3715 1312 Adsit
3743 1260 3826 1313 tibi

2254 1343 2488 1409 lucerna,
2515 1360 2622 1399 non
2645 1344 2759 1399 bare
2779 1345 2994 1411 ardens,
3019 1347 3112 1400 sed
3138 1363 3296 1417 quam
3321 1360 3580 1404 memorat
3606 1351 3827 1420 pmpbe-

2244 1444 2302 1488 ta
2329 1453 2342 1487 :
2373 1434 2603 1489 Lucerna
2641 1437 2851 1506 pedibus
2893 1438 3018 1490 meis
3059 1437 3140 1492 lex.
3178 1447 3265 1491 tua
3290 1440 3308 1509 (
3332 1438 3475 1493 Psal.
3510 1442 3638 1497 “8.
3671 1444 3825 1513 105).

2253 1525 2501 1580 Accende
2541 1526 2872 1581 orationibus
2911 1528 3181 1582 animam:
3212 1528 3257 1582 si
3293 1530 3424 1584 satis
3453 1530 3598 1585 illam
3632 1531 3823 1588 habere

2248 1618 2465 1683 videris,
2496 1618 2651 1685 educ,
2680 1619 2897 1673 efforma
2929 1620 3069 1675 illam
3105 1631 3161 1675 ut
3188 1622 3288 1677 vis.

2323 1710 2499 1763 Oratio
2527 1720 2713 1782 purgat
2738 1712 3018 1782 rubiginem
3043 1716 3643 1783 peccatorum—Crede
3664 1717 3820 1782 mihi.

2246 1816 2353 1855 non
2381 1803 2458 1856 sic
2484 1804 2619 1870 ignis
2660 1804 2956 1873 rubiginem
2992 1816 3223 1875 \purgat,
3271 1815 3329 1860 ut
3358 1816 3614 1862 nocturna
3659 1811 3827 1865 oratio

2246 1896 2547 1964 rubiginem
2582 1905 2927 1964 peccatorum
2964 1906 3300 1952 nostrorum.
3337 1899 3737 1967 Revereamur,
3780 1904 3824 1957 si

2246 1988 2517 2041 nemiuem
2547 1987 2711 2041 alium
2734 2028 2749 2052 ,
2792 1989 2981 2041 saltem
3019 1998 3310 2044 nocturnos
3347 1992 3618 2046 custodes.
3648 1992 3731 2048 Illi
3758 1994 3825 2048 ob

2240 2078 2534 2132 humanam
2568 2079 2739 2149 legem
2769 2081 3101 2135 circumeunt
3130 2082 3181 2135 in
3214 2081 3409 2153 frigore
3445 2085 3671 2139 multum
3714 2086 3825 2141 cla-

2243 2180 2471 2237 mantes,
2503 2182 2557 2225 et
2586 2173 2640 2226 in
2666 2173 2795 2227 vicis
2821 2172 3125 2242 gradientes
3147 2216 3162 2239 ,
3211 2188 3353 2244 δεῖρε
3392 2176 3593 2230 madidi
3633 2178 3720 2231 vel
3746 2179 3821 2231 ri-

2247 2273 2433 2332 gentes
2454 2305 2467 2328 ,
2502 2262 2661 2333 idque
2691 2274 2907 2334 propter
2938 2274 2988 2318 te
3014 2274 3261 2334 tuamque
3289 2266 3545 2329 salutem,
3575 2284 3639 2323 ac
3663 2284 3827 2338 pecu-

2243 2355 2449 2408 niarum
2488 2364 2697 2409 tuarum
2740 2356 3054 2411 custodiam.
3099 2357 3191 2411 Ille
3224 2360 3567 2427 pecuniarum
3609 2368 3825 2416 tuarum

2242 2455 2441 2501 tantam
2471 2462 2650 2502 curam
2672 2448 2844 2517 gerit;
2877 2458 2932 2502 tu
2954 2464 3085 2503 vero
3109 2464 3207 2503 nec
3229 2450 3455 2505 animam
3476 2462 3617 2505 tuam
3639 2467 3823 2507 curas.

2238 2538 2354 2592 Non
2388 2548 2438 2594 te
2467 2554 2627 2609 cogo,
2660 2549 2719 2593 ut
2744 2541 2843 2593 sub
2876 2540 2964 2593 dio
2989 2540 3284 2595 circumeas
3308 2541 3443 2597 sicut
3484 2543 3607 2608 ille,
3642 2560 3825 2613 neque

2238 2642 2297 2686 ut
2324 2632 2489 2686 altum
2519 2634 2718 2687 clames
2743 2644 2797 2687 et
2833 2633 3184 2701 dirumpag's;
3210 2634 3306 2688 sed
3338 2635 3388 2687 in
3420 2635 3533 2704 ipso
3562 2637 3827 2705 penuario

2238 2724 2320 2777 vel
2344 2724 2590 2778 cubiculo
2615 2723 2767 2779 flecte
2788 2739 2957 2794 genua
2977 2765 2993 2790 ,
3020 2739 3237 2794 precare
3254 2726 3556 2780 Dominum.
3575 2726 3826 2797 Curipse

2235 2814 2480 2871 Christus
2507 2818 2839 2885 pernoctavit
2864 2817 2916 2870 in
2941 2816 3159 2871 monte?
3180 2831 3354 2871 annon
3377 2825 3435 2871 ut
3456 2818 3609 2873 nobis
3633 2833 3826 2874 exem-

2234 2910 2325 2979 plo
2347 2910 2528 2964 esset?
2554 2908 2596 2962 Τ
2601 2925 2700 2964 unc
2722 2909 2985 2977 respirant
3003 2909 3227 2979 planae,
3254 2910 3304 2962 in
3327 2918 3484 2964 nocte
3507 2910 3630 2964 dico
3652 2927 3670 2963 :
3696 2921 3824 2965 tunc

2234 3002 2408 3055 anima
2446 3001 2565 3071 plus
2605 3017 2762 3071 quam
2796 3002 2899 3055 illa:
2928 3017 3103 3056 rorem
3132 3002 3348 3070 excipit.
3379 3002 3507 3068 Quae
3535 3004 3586 3056 in
3615 3003 3710 3057 die
3735 3007 3821 3059 sol

2233 3093 2469 3158 adussit,
2503 3109 2562 3148 ea
2594 3102 2757 3148 noctu
2798 3094 3195 3162 refrigerantur.
3226 3095 3389 3165 Magis
3416 3112 3573 3165 quam
3594 3112 3698 3152 ros
3726 3114 3825 3151 no-

2233 3199 2434 3241 eturnze
2458 3187 2706 3258 lacrymm
2725 3196 2908 3241 contra
2930 3187 3389 3256 concupiscentias
3414 3198 3468 3243 et
3488 3199 3676 3243 contra
3698 3206 3823 3244 orn-

2232 3294 2354 3333 nem
2402 3279 2647 3331 ardorem
2699 3288 2992 3347 aestumque
3053 3278 3435 3343 demittuntur,
3483 3294 3586 3334 nec
3632 3282 3824 3335 sinunt

2230 3384 2393 3439 grave
2423 3370 2693 3438 quidpiam
2728 3369 2854 3438 pati.
2883 3369 2991 3423 Nisi
3014 3380 3189 3423 autem
3213 3385 3334 3423 rore
3360 3370 3449 3422 illo
3470 3371 3682 3425 fruatur
3702 3373 3823 3425 atii-

2231 3476 2349 3525 ma,
2386 3461 2613 3515 interdiu
2646 3461 2918 3516 aduretur.
2953 3460 3147 3514 Verum
3176 3460 3347 3526 absit,
3393 3470 3448 3515 ut
3480 3462 3681 3531 aliquis
3722 3480 3821 3518 ve-

2228 3564 2393 3606 Strum
2423 3553 2490 3606 ab
2519 3553 2638 3621 igne
2662 3553 2751 3606 illo
2777 3560 3048 3606 exuratur.
3105 3552 3210 3606 Sed
3240 3553 3437 3606 utinam
3480 3568 3579 3607 nos
3624 3568 3823 3610 omnes

2228 3644 2524 3714 refrigerati
2549 3656 2603 3698 et
2626 3641 2799 3698 divina
2823 3644 3061 3698 fruentes
3080 3643 3383 3710 clementia,
3411 3660 3438 3696 a
3464 3656 3821 3713 peccatorum

2226 3739 2432 3793 sarcina
2463 3738 2752 3792 liberemur
2776 3777 2790 3801 ,
2838 3736 3002 3805 gratia
3035 3744 3090 3789 et
3119 3734 3442 3804 benignitate
3467 3736 3685 3791 Domini
3716 3754 3821 3791 no-

2227 3832 2322 3886 stri
2345 3831 2467 3886 Jesu
2494 3830 2728 3893 Christi,
2753 3829 2962 3898 quicum
2986 3826 3127 3882 Patri
3150 3836 3205 3881 et
3230 3826 3445 3895 Spiritui
3468 3839 3661 3883 sancto
3688 3828 3818 3898 glo-

2226 3924 2334 3987 ria,
2362 3922 2640 3990 imperium
2662 3962 2677 3985 ,
2704 3920 2892 3983 honor,
2925 3932 3065 3972 nunc
3094 3926 3149 3972 et
3175 3932 3408 3988 semper,
3440 3925 3495 3972 et
3525 3918 3578 3971 iu
3607 3920 3815 3975 saecula

2227 4017 2564 4071 saeculorum.
2599 4017 2788 4069 Amen.

1881 4189 2222 4253 HOMILIA
2265 4193 2529 4253 XXVII.

541 4343 668 4399 CAP.
700 4342 785 4396 12.
818 4357 871 4392 v.
904 4339 990 4393 18.
1026 4336 1183 4390 Facta
1208 4345 1372 4388 autem
1408 4334 1519 4397 die,
1550 4340 1654 4386 erat
1688 4348 1789 4384 non
1820 4349 1975 4401 parva
2003 4344 2113 4385 lur-

614 4436 745 4490 batio
766 4435 896 4486 inter
914 4430 1116 4495 milites,
1135 4427 1374 4498 quidnam
1397 4429 1587 4495 factum
1605 4434 1730 4477 esset
1748 4424 1808 4477 de
1826 4422 1999 4478 Petro.
2026 4424 2111 4479 19.

613 4527 845 4584 Herodes
869 4534 1033 4577 autem
1065 4538 1178 4575 cum
1205 4519 1487 4589 requisisset
1520 4533 1633 4569 eum
1656 4557 1671 4582 ,
1703 4526 1747 4569 et
1774 4532 1873 4569 non
1902 4518 2115 4571 invenis-

610 4630 719 4688 set,
746 4617 1066 4690 inquisitione
1095 4618 1227 4684 facta
1254 4610 1316 4664 de
1342 4609 1650 4671 custodibus,
1672 4608 1827 4677 jussit
1848 4625 1931 4663 eos
1952 4611 2111 4664 abdu-

609 4716 656 4769 ci
686 4729 705 4767 :
733 4709 1127 4777 descendensque
1151 4704 1214 4758 de
1235 4701 1423 4757 Judwa
1447 4700 1727 4755 Cwsaream
1746 4740 1761 4765 ,
1788 4699 1856 4753 ibi
1890 4716 2110 4755 commo-

612 4816 754 4860 ratus
775 4813 867 4858 est.

614 4901 669 4955 1.
691 4897 837 4952 Multi
864 4892 1008 4949 dubii
1024 4897 1289 4961 quierunt,
1309 4902 1404 4941 cur
1425 4885 1565 4940 Deus
1594 4886 1709 4939 illos
1726 4885 1853 4938 olim
1886 4885 2111 4939 infantes

543 4999 765 5061 propter
790 5003 848 5041 se
877 4985 1085 5039 occisos
1114 4979 1407 5052 neglexerit
1431 4979 1479 5045 ‘,
1511 4988 1563 5031 et
1591 4991 1730 5031 nunc
1763 4992 1971 5030 rursum
2008 4977 2112 5030 mi-

542 5084 665 5137 lites
711 5087 926 5148 prOpter
964 5076 1176 5129 Petrum
1208 5068 1551 5130 interfectos,
1594 5067 1691 5121 etsi
1740 5066 1967 5135 potuerit
1996 5066 2112 5120 illos

541 5188 660 5227 cum
688 5170 844 5224 Petro
873 5180 1105 5222 servare.
1136 5165 1243 5217 Sed
1273 5162 1315 5216 si
1346 5176 1467 5215 cum
1499 5161 1657 5216 Petro
1686 5159 1881 5213 milites
1901 5158 2111 5214 eduxis-

542 5275 626 5320 set
655 5261 904 5332 angelus,
946 5259 996 5313 id
1029 5274 1122 5327 pro
1151 5256 1266 5323 fuga
1300 5254 1536 5309 habitum
1577 5252 1781 5306 fuisset.
1811 5251 1917 5307 Cur
1947 5267 2105 5321 ergo,

543 5356 787 5427 inquies,
822 5368 925 5406 non
966 5350 1122 5403 aliter
1165 5347 1464 5417 disposuit?
1507 5360 1627 5399 nam
1674 5344 1830 5415 quale
1858 5343 2108 5397 damnum

545 5462 686 5504 nunc
707 5446 898 5499 factum
916 5441 1028 5497 est!
1066 5441 1116 5494 Si
1142 5438 1538 5493 consideremus
1554 5452 1667 5504 eos,
1702 5436 1788 5506 qui
1826 5435 2016 5504 injuste
2059 5441 2113 5487 et

544 5555 637 5610 per
659 5534 808 5592 nefas
831 5533 967 5605 passi
1004 5540 1144 5593 sunt,
1178 5512 1306 5582 nihil
1331 5527 1510 5582 damni
1536 5528 1803 5597 accepisse
1824 5566 1839 5591 ,
1870 5539 1972 5579 non
1997 5524 2112 5579 lucc

541 5643 863 5704 quaeremus.
908 5625 1017 5680 Cur
1068 5624 1207 5679 enim
1254 5636 1358 5676 non
1399 5620 1537 5677 dicis
1579 5620 1736 5675 etiam
1781 5619 1847 5674 de
1877 5617 2107 5685 Jacobo,

660 5786 853 5846 Quidam
893 5791 998 5834 uss.
1025 5782 1094 5846 sic
1115 5780 1387 5843 incipiunt:
1420 5784 1543 5846 Sunt.
1556 5779 1673 5839 forte
1696 5776 1779 5846 qui
1817 5774 1952 5846 dubii
1974 5784 2108 5838 qua:-

551 5854 657 5899 rant
676 5838 761 5899 cur
782 5857 910 5900 Deus
947 5845 1149 5898 athletas
1162 5838 1354 5907 propter
1376 5855 1427 5894 se
1442 5838 1619 5891 occisos
1641 5838 1920 5901 neglexerit.

2226 4357 2390 4411 quare
2438 4341 2586 4395 illum
2638 4355 2741 4392 uon
2791 4335 3023 4406 eripuit?
3068 4333 3316 4403 Alioquin
3365 4347 3493 4386 vero
3537 4346 3649 4387 non
3689 4343 3807 4387 erat

2223 4434 2397 4487 adhuc
2418 4432 2602 4501 judicii
2636 4441 2863 4499 tempus,
2888 4436 2944 4481 ut
2972 4427 3193 4495 singulis
3222 4439 3315 4494 pro
3345 4424 3537 4478 merito
3557 4425 3806 4477 daretur.

2222 4525 2326 4579 Sed
2357 4539 2529 4592 neque
2566 4523 2754 4577 Petrus
2786 4520 2965 4589 injecit
2999 4518 3115 4572 illos
3157 4519 3208 4570 in
3241 4530 3428 4570 manus
3454 4516 3593 4584 ejus.
3630 4516 3813 4569 llero-

2222 4617 2316 4671 des
2339 4632 2468 4687 ergo
2498 4631 2641 4685 aegre
2692 4613 2926 4677 ferebat,
2970 4611 3106 4682 quod
3156 4609 3375 4664 delusus
3424 4616 3603 4672 esset,
3660 4609 3818 4663 sicut.

2219 4726 2349 4765 avus
2376 4726 2504 4764 suus
2531 4709 2747 4763 delusus
2790 4705 2961 4760 fuerat
2986 4719 3013 4756 a
3041 4702 3209 4772 magis
3239 4721 3251 4756 ε
3277 4701 3404 4755 hinc
3428 4699 3817 4755 dissecabatur

2220 4813 2272 4858 et
2310 4803 2439 4856 risui
2479 4810 2595 4857 erat
2637 4799 2930 4868 expositus.
2964 4797 3005 4851 E
3036 4813 3094 4851 re
3119 4807 3296 4849 autem
3329 4794 3487 4848 fuerit
3515 4794 3817 4864 scriptoris

2218 4896 2401 4949 audire
2426 4893 2585 4947 verba
2611 4912 2624 4947 :
2658 4891 2819 4944 Facta
2844 4900 3010 4943 autent
3040 4887 3139 4952 die,
3173 4887 3360 4956 inquit,
3383 4893 3490 4938 erat
3514 4901 3617 4938 non
3639 4901 3821 4948 parua

2218 4988 2433 5041 turbatio
2462 4988 2590 5040 inter
2628 4985 2810 5037 milites
2830 5024 2844 5047 ,
2885 4980 3124 5045 quidnam
3154 4984 3340 5047 factum
3364 4987 3491 5031 esset
3518 4976 3584 5029 de
3609 4975 3818 5031 Petro.

2218 5081 2267 5134 11
2274 5080 2447 5134 erodes
2475 5089 2642 5132 autem
2666 5094 2779 5131 cum
2798 5075 3082 5145 requisisset
3106 5088 3220 5125 eum
3238 5111 3254 5136 ,
3288 5079 3335 5123 et
3368 5084 3469 5122 non
3493 5067 3776 5121 invenisset
3796 5108 3821 5131 ,

2216 5173 2534 5243 inquisitione
2580 5171 2713 5239 facta
2763 5168 2825 5221 de
2874 5164 3180 5228 custodibus,
3232 5163 3387 5234 jussit
3432 5176 3516 5213 eos
3570 5160 3771 5212 abduci
3800 5176 3826 5219 ;

2216 5263 2424 5320 etiamsi
2456 5261 2850 5332 inquisitionem
2895 5257 3091 5311 faciens
3130 5254 3367 5308 audisset
3404 5252 3472 5306 ab
3496 5250 3578 5305 eis
3600 5290 3615 5316 ,
3647 5252 3827 5319 quod

2216 5359 2413 5415 relicta:
2443 5356 2664 5409 fuissent
2708 5362 2942 5416 cateiae,
2982 5347 3119 5419 quod
3145 5348 3351 5401 calceos
3380 5344 3723 5413 accepisset,
3751 5357 3833 5399 et

2216 5448 2357 5521 quod
2384 5462 2549 5516 uSque
2575 5444 2639 5499 ad
2674 5443 2816 5499 illam
2845 5451 3052 5496 noctem
3084 5454 3264 5494 secum
3295 5436 3497 5491 fuisset.
3522 5434 3635 5490 Sed
3664 5434 3833 5505 quid

2216 5538 2585 5596 occultarum?
2623 5552 2720 5591 cur
2764 5550 2867 5589 non
2915 5548 3042 5602 ergo
3085 5540 3139 5585 et
3178 5530 3280 5599 ipsi
3309 5527 3599 5598 fugerunt?
3634 5528 3837 5597 Atqui

2215 5632 2449 5704 Oportuit
2493 5630 2662 5700 ipsum
2706 5626 2807 5681 hoc
2842 5625 3022 5680 mirari
3050 5632 3103 5677 et
3127 5618 3834 5689 obstupescere.,Demum

2216 5744 2283 5783 ex
2313 5726 2523 5781 illorum
2551 5736 2678 5777 nece
2699 5718 3034 5774 manifestum
3060 5726 3141 5771 est
3160 5714 3404 5770 omnibus
3425 5712 3601 5768 et‘Dei
3628 5712 3849 5768 mira-

2216 5820 2391 5876 culum
2417 5826 2471 5873 et
2500 5816 2639 5871 illius
2669 5812 2862 5869 scelus.
2894 5808 2998 5867 Sed
3023 5808 3160 5876 vide,
3188 5804 3453 5880 quomodo
3476 5804 3563 5860 hic
3582 5819 3655 5860 ‘ca
3688 5821 3849 5865 non
