4100 6354
177 349 278 404 203

180 464 344 531 λόγος.
375 457 614 529 Κάμψον
645 455 716 510 τὰ
753 453 974 522 γόνατα,
1016 447 1288 512 στέναξον,
1329 444 1712 518 παρακάλεσόν
1739 462 1832 498 σου

178 552 262 605 τὸν
289 547 570 616 Δεστσότην
597 545 756 598 ἵλεων
799 538 1054 610 γενέσθαι
1072 553 1087 568 ·
1117 535 1314 606 μᾶλλον
1338 533 1743 605 ἐπικάμπτεται
1777 534 1836 586 ἐν

179 637 516 706 νυκτεριναῖς
553 633 742 701 εὐχαῖς
766 669 782 695 ,
822 630 950 682 ὅταν
978 624 1068 678 τὸν
1111 623 1300 693 καιρὸν
1330 623 1433 692 τῆς
1478 619 1837 683 ἀναπαύσεως

180 726 238 778 σὺ
281 723 504 794 θρήνων
541 722 670 788 ποιῇ
722 715 934 786 καιρόν.
997 710 1400 794 Ἀναμνὴσθῗητι
1451 709 1546 762 τοῦ
1577 708 1839 794 βασιλέως

177 807 253 864 οἷα
282 793 520 880 ῥήματα
543 806 728 874 ἔλεγεν
747 820 761 834 ·
803 800 1135 858 Ἐκοπίασα
1165 799 1235 851 ἐν
1252 793 1331 865 τῷ
1357 793 1670 866 στεναγμῷ
1696 813 1836 864 μου,

175 899 376 953 λούσω
400 898 537 950 καθ’
555 893 824 958 ἑκάστην
858 891 1048 944 νύκτα
1083 887 1201 953 τὴν
1221 886 1441 952 κλίνην
1457 902 1599 953 μου,
1637 884 1706 936 ἐν
1737 882 1841 936 δά-

176 985 354 1052 κρυσί
381 1000 505 1052 μου
536 980 653 1048 τὴν
689 975 1009 1046 στρωμνήν
1040 991 1160 1043 μου
1197 972 1418 1039 βρέξω.
1469 971 1632 1024 Ὅσον
1676 970 1742 1024 ἂν
1774 966 1842 1044 ᾖς

175 1069 468 1141 τρυφηλὸς,
527 1067 628 1120 οὐκ
669 1062 728 1119 εἴ
772 1061 1167 1135 τρυφηλότερος
1211 1059 1450 1112 ἐκείνου·
1515 1059 1636 1110 ὅσον
1669 1057 1734 1141 ἂν
1775 1054 1842 1129 ᾗς

176 1139 449 1216 πλούσιος,
479 1151 582 1206 οὐκ
617 1144 668 1202 εἳ
705 1143 1102 1216 πλουσιώτερος
1140 1141 1233 1196 τοῦ
1265 1140 1448 1195 Δαυίδ.
1493 1141 1604 1194 Καὶ
1630 1139 1790 1194 πάλιν
1815 1142 1843 1194 6

176 1240 333 1302 αὑτός
372 1252 547 1308 φησι·
598 1233 1010 1289 Μεσονύκτιον
1049 1229 1442 1299 ἐξηγειρόμην
1481 1225 1590 1280 τοῦ
1639 1225 1844 1295 ἐξομο-

176 1325 490 1396 λογεῖσθαι
523 1339 624 1378 σοι
647 1321 745 1376 ἐπὶ
771 1319 844 1374 τὰ
864 1320 1117 1388 κρίματα
1143 1317 1254 1385 τῆς
1284 1316 1673 1382 δικαιοσύνης
1704 1329 1842 1369 σου.

178 1417 301 1468 Τότε
341 1414 403 1466 o6
427 1410 708 1478 κενοδοξία
733 1407 1083 1480 παρενοχλεῖ·
1109 1403 1227 1467 πῶς
1247 1403 1376 1472 γὰρ,
1407 1402 1621 1456 πάντων
1645 1402 1844 1455 καθευ-

177 1504 371 1556 δόντων
421 1500 521 1552 καὶ
547 1499 644 1567 οὐχ
688 1495 974 1566 όρώντων;
1004 1493 1124 1546 τότε
1170 1492 1230 1544 o6
1263 1491 1504 1562 ῥᾳθυμία
1540 1491 1634 1543 καὶ
1661 1490 1846 1561 χάσμη

178 1588 516 1643 ἐπιτίθεται·
549 1585 667 1648 πῶς
693 1583 801 1654 γὰρ
829 1581 933 1634 61:6
964 1579 1230 1633 τοσούτων
1264 1577 1363 1647 τῆς
1399 1578 1574 1647 ψυχῆς
1595 1578 1849 1648 διεγειρο.

181 1677 383 1746 μὲν-ης
412 1673 574 1728 Μετὰ
603 1671 702 1734 τάς
730 1669 982 1732 τοιαύτας
1015 1665 1342 1736 παννυχίδας
1367 1665 1460 1717 καὶ
1501 1664 1657 1718 ὕπνοι
1702 1664 1848 1734 ἡδεῖς

180 1766 261 1817 καί
295 1759 679 1828 ἀποκαλύψεις
724 1757 1052 1827 θαυμασταί.
1099 1755 1268 1807 Τοῦτο
1312 1753 1538 1823 ποίησον
1588 1753 1682 1804 καὶ
1717 1754 1781 1805 σὺ
1816 1754 1846 1806 6

181 1851 337 1922 ἀνὴρ,
378 1849 460 1921 μὴ
519 1847 653 1919 μόνη
695 1847 729 1917 ἡ
770 1847 929 1915 γυνή.
973 1845 1154 1896 Ἔστω
1204 1841 1467 1910 ἐκκλησία
1512 1841 1544 1910 ἡ
1596 1840 1740 1892 οἰκία
1789 1840 1846 1906 ἐξ

180 1938 393 2009 ἀνδρῶν.
445 1937 543 1990 καὶ
587 1932 860 2002 γυναικῶν
910 1932 1294 1999 συνεστηκυῖα.
1343 1927 1433 1998 Μὴ
1487 1928 1594 1999 γάρ
1650 1928 1734 1981 6::
1782 1929 1846 1980 σὺ

184 2026 339 2096 μόνος
365 2019 422 2077 εἴ
452 2023 482 2075 6
508 2021 667 2092 ἀνὴρ,
707 2020 959 2090 μηδὲ·ὄτι
989 2015 1127 2087 αὕτη
1155 2016 1288 2086 μόνη
1317 2015 1464 2068 ἐστὶν
1492 2017 1524 2084 ἡ
1559 2014 1696 2084 γυνὴ
1717 2053 1732 2077 ,
1762 2031 1848 2067 νο-

184 2113 344 2185 μίσῃς
373 2108 609 2178 κώλυμα
636 2103 796 2161 εἶναι.
829 2107 1022 2158 Ὅπου
1056 2103 1165 2172 γάρ
1195 2104 1314 2156 είσι
1343 2101 1452 2154 δύο
1484 2104 1570 2167 εἰς
1611 2101 1678 2154 τὸ
1706 2102 1850 2169 ἐμὸν

180 2202 389 2268 ὄνομα,
432 2198 592 2266 φησὶ,
618 2192 1006 2263 συνηγμένοι,
1041 2190 1170 2245 ἐκεῖ
1201 2191 1315 2258 εἰμι
1345 2190 1414 2242 ἐν
1439 2189 1608 2258 μέσῳ
1630 2187 1847 2242 αὐτῶν.

180 2290 354 2341 Ὅπου
406 2288 439 2340 6
489 2283 727 2356 Χριστὸς
779 2281 972 2351 μέσος,
1017 2279 1156 2333 1:016'
1186 2277 1394 2346 πλῆθός
1436 2279 1618 2330 ἐστιν·
1657 2276 1790 2328 ὅπου
1823 2277 1851 2328 6

179 2373 440 2445 Χριστὸς,
465 2371 680 2439 ἀνάγκη
709 2367 803 2422 καὶ
827 2367 1088 2436 ἀγγέλους
1109 2361 1268 2430 εἶναι,
1297 2363 1510 2433 ἀνάγκη
1536 2364 1630 2416 καὶ
1652 2363 1853 2432 ἀρχαγ-

179 2463 369 2530 γέλους
397 2462 499 2516 καὶ
525 2459 626 2522 τάς
652 2457 816 2520 ἄλλας
836 2455 1112 2526 δυνάμεις.
1142 2455 1256 2506 Οὐκ
1274 2453 1380 2523 ἀρα
1415 2453 1564 2521 μόνοι
1608 2451 1729 2504 ἐστέ
1761 2450 1850 2503 τὸν

182 2552 403 2605 πάντων
423 2548 642 2617 ἔχοντες
669 2545 965 2614 Δεσπότην.
995 2543 1104 2597 Καὶ
1124 2541 1284 2596 πάλιν
1315 2542 1480 2596 ἄκουε
1511 2539 1602 2592 τοῦ
1639 2539 1849 2610 προφή-

180 2655 272 2691 του
291 2637 551 2704 λέγοντος
573 2651 586 2664 ·
611 2633 925 2701 Κρείσσων
946 2625 1032 2695 εἷς
1050 2627 1237 2682 ποιῶν
1269 2628 1335 2681 τὸ
1365 2626 1592 2695 θέλημα
1606 2626 1849 2694 Κυρίου,

183 2730 222 2797 ἢ
248 2728 460 2799 μυρίοι
482 2723 835 2791 παράνομοι.
877 2721 1040 2774 Οὐδὲν
1081 2718 1466 2787 ἀσθενέστερον
1505 2714 1714 2768 πολλῶν
1744 2732 1851 2768 πα-

187 2817 461 2889 ρανόμων,
490 2813 644 2866 οὐδὲν
677 2809 1020 2880 ἰσχυρότερον
1045 2806 1161 2870 ἐνὸς
1197 2804 1338 2858 κατά
1368 2805 1527 2874 νόμον
1550 2801 1684 2856 Θεοῦ
1710 2802 1850 2866 ζῶν-

186 2923 296 2969 τος.
323 2904 393 2958 EE
420 2919 506 2954 σοι
551 2900 644 2954 καὶ
672 2897 858 2951 παιδία
887 2896 1025 2959 ἐστὶ,
1048 2894 1404 2961 διανάστησον
1437 2893 1530 2946 καὶ
1553 2891 1618 2945 τά
1642 2890 1849 2955 παιδία,

189 2994 276 3054 καὶ
315 2989 562 3060 γενέσθω
587 2988 674 3041 διά
704 2986 976 3055 πάντωνῆ
1006 2984 1152 3036 οἰκία
1180 2981 1444 3051 ἐκκλησία
1483 2981 1570 3035 διὰ
1622 2980 1721 3051 τῆς
1758 2998 1850 3034 νυο

188 3082 330 3144 2:6;-
353 3080 421 3133 ἂν
443 3077 501 3130 δέ
532 3075 715 3129 ἁπαλὰ
743 3069 799 3148 ᾗ,
828 3075 922 3125 καὶ
955 3073 1029 3143 μὴ
1052 3071 1191 3142 φέρῃ
1219 3072 1317 3140 τὴν
1339 3068 1660 3139 ἀγρυπνίαν,
1693 3069 1854 3140 μέχρι

192 3172 316 3239 μιᾶς
344 3168 518 3236 εὐχῆς
555 3165 648 3217 καὶ
676 3161 968 3232 δευτέρας,
1018 3161 1114 3214 καὶ
1163 3160 1541 3213 κατάπαυσονο
1577 3157 1736 3228 μόνον
1781 3157 1856 3210 6:-

191 3255 478 3327 ανάστηθι,
508 3254 670 3324 μόνον
699 3254 756 3304 ἐν
792 3248 1049 3319 συνηθείᾳ
1071 3249 1409 3316 κατάστησον
1439 3246 1650 3299 σαυτόν.
1693 3244 1856 3300 Οὐδὲν

191 3343 278 3398 τοῦ
304 3342 540 3414 ταμείου
574 3339 782 3410 βέλτιον
814 3336 1023 3390 ἐκείνου
1067 3335 1159 3389 τοῦ
1203 3333 1455 3394 τοιαύτας
1485 3333 1650 3404 εὐχὰς
1709 3331 1857 3403 δεχο⁹

195 3433 371 3502 μένου.
399 3431 601 3483 ’Δκουε
623 3425 717 3479 τοῦ
749 3425 1026 3496 προφήτου
1056 3423 1300 3490 λέγοντος
1320 3437 1333 3450 ·
1359 3423 1429 3475 El
1449 3420 1857 3489 ἐμνημόνευον

193 3537 299 3575 σου
327 3517 434 3573 ἐπὶ
480 3514 591 3584 τῆς
612 3511 926 3582 στρωμνῆς
960 3509 1103 3579 μου,
1145 3510 1215 3562 ἐν
1238 3508 1360 3575 τοῖς
1390 3509 1620 3577 ὄρθροις
1654 3507 1856 3576 ἐμελέ-

195 3627 300 3662 των
321 3609 415 3673 εὶς
442 3605 536 3662 σέ.
579 3603 739 3656 Ἀλλά
760 3601 1032 3670 κέκμηκα,
1071 3597 1226 3669 φησὶ,
1261 3597 1378 3667 μεθ’
1410 3596 1623 3667 ἡμέραν
1666 3595 1854 3662 πολλὰ,

194 3697 280 3750 καὶ
311 3696 374 3748 06
411 3691 672 3760 δύναμαι.
709 3688 915 3758 Σκῆψις
952 3685 1124 3739 ταῦτα
1147 3685 1242 3738 καὶ
1277 3684 1551 3755 πρόφασις
1577 3701 1592 3715 ο
1623 3683 1724 3738 ὅσα
1747 3682 1856 3754 γὰρ

194 3785 251 3836 ἂν
275 3785 490 3854 κάμῃς,
539 3780 599 3832 06
649 3779 902 3846 πονήσεις
934 3774 1008 3838 ὡς
1044 3774 1072 3826 6
1105 3773 1446 3844 χαλκοτύπος
1469 3770 1682 3842 σφῦραν
1717 3770 1858 3824 οὕτω

199 3873 418 3943 βαρεῖαν
474 3867 802 3937 καταφέρων
854 3863 961 3916 ἀπὸ
1010 3860 1206 3916 πολλοῦ
1254 3860 1346 3915 τοῦ
1394 3860 1560 3930 ὕψους
1608 3859 1701 3912 ἐπὶ
1732 3858 1859 3922 τοὺς

200 3959 523 4028 σπινθῆρας,
558 3955 654 4009 καὶ
691 3953 784 4007 τὸν
811 3951 1012 4006 καπνὸν
1037 3951 1142 4020 ὅλῳ
1177 3949 1464 4019 δεχόμενος
1492 3946 1568 4017 τῷ
1609 3945 1856 4018 σώματι·

199 4048 278 4100 καὶ
311 4049 470 4116 ὅμως
511 4042 576 4096 τὸ
612 4041 776 4094 πλέον
804 4041 1008 4101 ἐκεῖνος
1043 4038 1142 4109 τῆς
1179 4036 1370 4098 νυκτὸς
1401 4036 1482 4097 είς
1524 4032 1682 4087 τοῦτο
1729 4033 1860 4086 ἀνα-

197 4131 380 4186 λίσκει.
422 4132 569 4183 ἰστε
601 4128 695 4181 καὶ
742 4128 1023 4196 γυναῖκες,
1060 4125 1243 4178 εἴποτε
1286 4124 1367 4184 είς
1403 4121 1570 4192 ἀγρὸν
1602 4120 1734 4190 ἡμῖν
1761 4118 1856 4186 γέ-

200 4238 342 4287 γονεν
374 4218 596 4286 ἀνάγκη
632 4213 926 4286 βαδίσαι,ἢ
967 4213 1048 4275 είς
1075 4210 1371 4280 παννυχίδα
1407 4205 1709 4279 προελθεῖν,
1740 4205 1858 4270 πῶς

197 4309 254 4361 δι’
277 4308 408 4380 ὅλης
437 4306 538 4376 τῆς
571 4303 764 4366 νυκτὸς
787 4299 1142 4372 ἀγρυπνοῦσι.
1172 4298 1280 4353 Καί
1301 4314 1384 4352 σοι
1411 4296 1591 4351 τοίνυν
1610 4295 1859 4367 χαλκεῖον

1186 331 1252 386 IN
1290 290 1472 385 ACTA
1503 325 2038 384 APOSTOLORUM.
2074 322 2310 382 ιιοιιιι..
2346 324 2559 380 xxvu.

3484 316 3596 373 204

1935 445 2074 496 ἔστω
2098 442 2484 513 πνευματικὸν,
2514 443 2612 513 οὐχ
2637 440 2778 495 ὥστε
2803 439 3006 510 χύτρας
3037 435 3158 490 οὐδέ
3185 433 3438 505 λέϐητας,
3459 433 3596 486 ἀλλά

1934 529 2032 600 τὴν
2060 530 2238 601 ψυχὴν
2285 529 2699 584 κατασκευάσαι
2726 526 2826 598 τὴν
2863 525 2960 596 σὴν
2984 564 2998 588 ,
3042 524 3077 595 ἢ
3140 523 3233 576 καὶ
3256 521 3602 592 χαλκοτύπον

1936 619 2032 672 καὶ
2049 618 2344 688 χρυσοχόου
2374 616 2553 688 πολλῷ
2579 615 2828 686 βελτίων.
2864 614 2976 676 Τὴν
3005 611 3158 684 [ΞΜ]
3189 611 3422 664 παλαιάν
3451 626 3606 678 γενο-

1941 706 2106 775 μένην
2137 708 2250 767 τοῖς
2285 704 2679 774 ἁμαρτήμασιν
2716 702 2978 770 εἰσάγαγε
3028 701 3107 762 είς
3139 698 3200 752 τὺ
3238 698 3606 768 χωνευτήριον

1937 793 2037 862 τῆς
2067 791 2506 861 ἐξομολογήσεως
2532 807 2545 821 ·
2578 789 2677 862 τὴν
2722 788 2934 860 σφῦραν
2968 787 3296 856 κατένεγκαι
3334 786 3442 839 ἀπὸ
3476 785 3604 838 πολ-

1938 877 2030 931 λοῦ
2059 877 2151 931 τοῦ
2182 876 2350 946 ὕψους
2368 893 2381 906 ·
2409 876 2675 940 τουτέστι,
2699 876 2807 930 τῶν
2832 875 3092 947 ῥημάτων
3109 875 3207 945 τὴν
3227 873 3570 943 κατάγνωσιν
3585 891 3601 904 ’

1939 965 2142 1035 ἀναψον
2168 965 2230 1017 τὸ
2263 965 2372 1035 πῦρ
2417 963 2509 1016 τοῦ
2556 965 2895 1034 Πνεύματος.
2930 962 3115 1033 Πολλῷ
3152 962 3373 1032 μείζονα
3407 963 3604 1032 τέχνην

1941 1051 2104 1124 ἔχεις.
2147 1053 2221 1105 O6
2269 1053 2446 1122 χρυσᾶ
2500 1051 2668 1122 σκεύη
2732 1051 3033 1122 ῥυθμίζεις,
3073 1051 3208 1104 ἀλλά
3261 1052 3359 1120 τὴν
3404 1051 3604 1113 παντὸς

1943 1140 2168 1211 χρυσίου
2230 1140 2564 1212 τιμιωτέραν
2632 1138 2842 1210 ψυχὴν,
2887 1139 3139 1210 καθάπερ
3180 1141 3208 1191 6
3255 1139 3489 1208 χαλκεὺς
3545 1137 3609 1192 :6

1946 1226 2157 1290 σκεῦος.
2194 1228 2267 1279 Οὐ
2299 1227 2408 1296 γὰρ
2435 1227 2745 1298 σωματικὸν
2785 1226 2979 1290 σκεῦος
3011 1227 3313 1298 ῥυθμίζεις,
3342 1225 3481 1280 ἀλλά
3505 1225 3607 1296 τὴν

1942 1314 2118 1384 ψυχὴν
2140 1313 2502 1376 ἀπαλλάττεις
2533 1315 2632 1385 τῆς
2668 1314 2970 1385 φαντασίας
2999 1314 3179 1384 πάσης
3199 1313 3297 1383 τῆς
3323 1312 3604 1383 βιωτικῆς.

1945 1403 2308 1472 Παρακείσθω
2337 1420 2418 1456 σοι
2439 1402 2650 1472 λύχνος,
2680 1403 2777 1474 οὐχ
2817 1397 2971 1466 οὗτος
2997 1406 3025 1457 ὁ
3046 1403 3361 1471 καιόμενος,
3397 1401 3511 1455 ἀλλ’
3547 1401 3606 1454 ὃν

1945 1493 1974 1545 6
2002 1492 2284 1563 προφήτης
2308 1491 2479 1560 λέγων
2509 1488 2620 1562 εἶχε
2645 1508 2658 1521 ⁸
2686 1493 2923 1559 Λύχνος
2943 1491 3050 1562 γὰρ
3087 1490 3213 1557 τοῖς
3239 1491 3386 1543 ποσί
3410 1507 3529 1558 μου
3574 1492 3608 1543 ό

1945 1581 2129 1648 νόμος
2165 1594 2304 1633 σου.
2351 1579 2612 1650 Πύρωσον
2664 1579 2752 1632 διὰ
2796 1580 2895 1650 τῆς
2936 1580 3102 1649 εὐχῆς
3139 1583 3240 1648 τὴν
3287 1578 3500 1647 ψυχὴνο
3541 1575 3612 1636 ἂν,

1949 1667 2063 1737 ῑδῃς
2093 1667 2292 1730 ἱκανῶς
2331 1668 2580 1736 ἔχουσαν,
2622 1665 2856 1735 ἐξάγαγε
2884 1709 2899 1731 ,
2930 1666 3180 1721 τύπωσον
3209 1666 3346 1736 πρὸς
3373 1667 3509 1735 ὅπερ
3544 1665 3611 1718 ἂν

1949 1755 2128 1828 θέλῃς.
2158 1755 2452 1808 Πίστευσόν
2489 1773 2612 1826 μοι,
2642 1757 2740 1824 οὐχ
2770 1754 2914 1807 οὓτω
2947 1754 3007 1806 :6
3048 1754 3154 1824 1:69
3176 1754 3266 1807 τὸν
3301 1754 3376 1806 ἰὺν
3404 1755 3614 1807 ἀποκα-

1949 1844 2156 1914 θαίρειν
2177 1841 2388 1905 εἴωθεν,
2418 1841 2492 1905 ὡς
2515 1842 2649 1913 εὐχὴ
2672 1841 2960 1912 νυκτερινὴ
3006 1841 3094 1895 τὸν
3126 1841 3200 1896 ίὺν
3227 1841 3334 1895 τῶν
3363 1844 3614 1914 ἁμαρτη-

1952 1932 2136 2001 μάτων
2175 1930 2285 1983 τῶν
2318 1930 2621 2000 ἡμετέρων.
2668 1929 3043 2000 Αίδεσθῶμεν,
3090 1931 3137 1982 εί
3181 1930 3385 2001 μηδένα
3430 1931 3610 1998 ἄλλον,

1948 2021 2075 2083 τοὺς
2116 2020 2463 2091 νυκτερινοὺς
2493 2018 2762 2087 φύλακας.
2803 2019 3031 2073 Ἐκεῖνοι
3064 2018 3132 2070 δι’
3158 2017 3499 2090 ἀνθρώπινον
3525 2019 3613 2074 νό-

1954 2125 2052 2178 μον
2103 2107 2380 2180 περιῖασιν
2415 2109 2470 2159 ἐν
2510 2107 2706 2178 κρυμῷ
2740 2107 2971 2176 βοῶντες
3003 2107 3237 2177 μεγάλα,
3264 2109 3356 2161 καὶ
3387 2109 3474 2162 διά
3505 2111 3614 2164 τῶν

1952 2196 2239 2248 στενωπῶν
2269 2195 2594 2264 βαδίζοντες,
2616 2195 2932 2265 βρεχόμενοι
2967 2196 3245 2261 πολλάκις,
3272 2198 3610 2268 πεπηγότες,

1949 2283 2037 2337 6:6
2062 2285 2120 2335 σὲ
2151 2283 2245 2335 καὶ
2278 2281 2377 2352 τὴν
2407 2283 2681 2352 σωτηρίαν
2707 2283 2807 2352 τὴν
2833 2282 2950 2353 σὴν,
2983 2286 3077 2335 καὶ
3112 2283 3210 2355 τὴν
3239 2285 3346 2336 τῶν
3393 2285 3612 2356 χρημά-

1949 2389 2064 2424 των
2109 2370 2219 2424 τῶν
2254 2369 2361 2422 σῶν
2401 2371 2665 2440 φυλακήν.
2719 2370 2956 2433 Ἐκεῖνος
2985 2371 3124 2442 ὑπὲρ
3166 2371 3276 2424 τῶν
3317 2375 3612 2443 χρημάτων

1953 2476 2046 2512 σου
2072 2459 2343 2530 τοσαύτην
2391 2461 2624 2512 ποιεῖται
2673 2460 2959 2528 πρόνοιαν·
2991 2460 3056 2510 σὺ
3103 2459 3158 2511 δὲ
3188 2460 3305 2512 οὐδὲ
3332 2462 3470 2530 ὑπὲρ
3515 2464 3612 2532 τῆς

1951 2547 2127 2618 ψυχῆς
2167 2547 2268 2616 τῆς
2309 2546 2427 2616 σῆς.
2472 2546 2584 2598 Καὶ
2613 2545 2719 2617 μὴν
2761 2544 2870 2613 ἐγὼ
2913 2545 3012 2598 οὐκ
3058 2547 3352 2614 ἀναγκάζω
3404 2551 3614 2620 αἴθριον

1953 2635 2222 2707 περιϊέναι
2245 2635 2495 2705 καθάπερ
2527 2636 2753 2698 ἐκεῖνος,
2781 2635 2902 2687 οὐδὲ
2940 2635 3150 2704 μεγάλα
3182 2635 3308 2708 βοᾷν
3340 2640 3435 2691 καὶ
3470 2639 3616 2710 6:69-

1955 2723 2287 2794 ρήγνυσθαν
2318 2723 2435 2776 ἀλλ’
2476 2724 2532 2776 ἐν
2576 2721 2724 2792 αὐτῷ
2759 2722 2836 2792 τῷ
2879 2723 3090 2793 ταμείῳ
3121 2724 3230 2789 ὢν,
3266 2726 3323 2778 ἐν
3357 2725 3505 2796 αὑτῷ
3536 2725 3614 2796 τῷ

1953 2810 2191 2874 κοιτῶνι,
2223 2810 2437 2880 κάμψον
2465 2810 2534 2864 :6
2554 2810 2774 2878 γόνατα,
2797 2811 3176 2880 παρακάλεσον
3203 2813 3292 2864 τὸν
3316 2813 3611 2884 Δεσπότην.

1953 2899 2052 2953 Διά
2075 2900 2129 2952 τί
2151 2900 2312 2963 αὐτὸς
2330 2901 2358 2951 6
2377 2899 2608 2971 Χριστὸς
2632 2899 3036 2970 διενυκτέρευεν
3057 2903 3114 2953 ἐν
3134 2901 3211 2973 τῷ
3238 2902 3385 2972 δρει;
3414 2903 3509 2974 οὐχ
3526 2908 3616 2960 ἵνα

1955 2987 2122 3050 τύπος
2148 2989 2282 3058 ἡμῖν
2315 2987 2566 3058 γένηται;
2597 2986 2732 3039 Τότε
2759 2988 2990 3040 ἀναπνεῖ
3017 2988 3086 3042 :6
3104 2989 3262 3058 φυτὰ,
3297 2991 3352 3043 ἐν
3367 2993 3432 3061 τῇ
3462 2992 3616 3044 νυκτὶ

1955 3076 2131 3145 λέγω·
2160 3076 2284 3129 τότε
2331 3077 2426 3132 καὶ
2471 3075 2616 3146 ψυχὴ
2646 3075 2878 3147 μάλιστα
2923 3077 3122 3148 μᾶλλον
3169 3078 3391 3131 ἐκείνων
3428 3079 3616 3148 δρόσον

1954 3165 2188 3236 δέχεται.
2221 3165 2400 3235 "Amp
2431 3166 2548 3235 μεθ’
2572 3166 2783 3238 ἡμέραν
2821 3168 2851 3218 6
2890 3166 3040 3236 ἣλιος
3079 3167 3406 3232 κατέκαυσε,
3442 3169 3616 3222 ταῦτα

1955 3255 2014 3306 ἐν
2037 3256 2104 3324 τῇ
2128 3254 2283 3306 νυκτὶ
2310 3253 2700 3324 καταψύχεται.
2735 3253 2922 3323 Πάσης
2958 3254 3149 3325 δρόσου
3180 3255 3380 3324 μᾶλλον
3409 3255 3478 3309 :6
3517 3256 3617 3325 τῆς

1955 3342 2148 3404 νυκτὸς
2177 3341 2388 3413 δάκρυα
2417 3343 2511 3396 καὶ
2549 3342 2690 3395 κατὰ
2727 3341 2838 3394 τῶν
2866 3341 3169 3412 ἐπιθυμιῶν
3210 3344 3303 3396 καὶ
3332 3343 3468 3396 κατά
3512 3345 3617 3398 πά-

1956 3449 2056 3502 σης
2080 3430 2388 3501 φλεγμονῆς
2425 3432 2519 3484 καὶ
2558 3430 2837 3496 καύσωνος
2870 3431 3138 3498 καθίεται,
3167 3433 3262 3486 καὶ
3283 3433 3382 3486 οὐκ
3422 3434 3615 3505 ἀφίησι

1953 3519 2186 3590 χαλεπόν
2229 3536 2281 3572 τι
2324 3518 2538 3573 παθεῖν.
2577 3520 2673 3573 Ἂν
2720 3520 2775 3574 δέ
2823 3521 2896 3592 μὴ
2948 3521 3048 3590 τῆς
3092 3521 3283 3592 δρόσου
3334 3521 3618 3596 ἀπολαύσῃ

1955 3606 2188 3678 ἐκείνης,
2221 3605 2340 3676 μεθ’
2362 3607 2576 3678 ἡμέραν
2598 3608 3091 3678 κατακαυθήσεται.
3133 3609 3290 3662 Ἀλλά
3312 3610 3386 3682 μὴ
3409 3612 3618 3680 γένοιτο

1959 3694 2157 3765 μηδένα
2193 3694 2345 3765 ὑμῶν
2385 3695 2716 3766 ὑπέκκαυμα
2746 3695 2839 3748 τοῦ
2885 3697 3058 3767 πυρὸς
3098 3699 3306 3752 ἐκείνου
3348 3699 3616 3768 γενέσθαι,

1955 3781 2090 3835 ἀλλά
2119 3783 2494 3852 ἀναψῦξαντας
2514 3783 2608 3836 καὶ
2637 3784 2737 3854 τῆς
2762 3783 2912 3855 παρὰ
2934 3785 3024 3837 τοῦ
3052 3785 3188 3838 Θεοῦ
3211 3787 3619 3858 φιλανθρωπίας

1957 3871 2394 3934 ἀπολαύσαντας,
2435 3869 2578 3923 οὕτω
2614 3871 2820 3935 πάντας
2875 3875 3022 3942 ἡμᾶς
3063 3873 3495 3944 ἐλευθερωθῆναι
3523 3875 3616 3928 τοῦ

1958 3960 2178 4030 φορτίου
2233 3958 2342 4011 τῶν
2387 3959 2815 4028 ἁμαρτημάτων,
2863 3959 3044 4031 χάριτι
3091 3962 3186 4014 καὶ
3239 3961 3622 4034 φιλανθρωπία

1954 4047 2051 4102 τοῦ
2080 4047 2284 4118 Κυρίου
2307 4040 2468 4117 ἡμῶν
2499 4045 2673 4117 Ἰησοῦ
2693 4047 2951 4118 Χριστοῦ,
2979 4048 3098 4118 μεθ’
3125 4042 3184 4102 o6
3212 4050 3289 4121 τῷ
3310 4051 3484 4122 Πατρὶ
3504 4052 3620 4121 ἅμα

1955 4135 2035 4206 τῷ
2087 4134 2227 4206 ἁγίῳ
2261 4134 2538 4204 Πνεύματι
2586 4132 2730 4200 δόξα,
2785 4135 3005 4205 κράτος,
3053 4137 3209 4208 τιμὴ,
3241 4137 3334 4192 νῦν
3381 4141 3478 4193 καὶ
3508 4139 3616 4204 ἀεὶ,

1958 4226 2050 4278 καὶ
2074 4226 2152 4288 είς
2181 4225 2307 4288 τοὺς
2333 4224 2534 4287 αἰῶνας
2558 4221 2668 4276 τῶν
2698 4222 2928 4278 αἰώνων.
2974 4225 3026 4278 Ἀ
3039 4227 3167 4295 μήν.

291 4427 3508 4456 W—M—m

1729 4484 1967 4538 οΜιΑιΑ
2005 4485 2132 4540 KZ'.

205 4587 536 4658 Γενομένης
553 4584 622 4638 δὲ
641 4584 883 4658 ἡμέραν
903 4578 986 4658 ἦν
994 4579 1260 4658 ξᾷρακος
1280 4580 1391 4658 οὐκ
1414 4577 1616 4658 ἀλέας
1631 4577 1706 4658 Fr
1732 4577 1858 4658 τοῖς

265 4647 764 4726 στρατιώταιςξτί
786 4647 899 4726 ἄρα
925 4647 1205 4726 6116:964-
1226 4649 1479 4726 ᾀτένετο.
1507 4647 1766 4726 Ἡρώδης
1787 4647 1857 4726 δὲ

265 4718 642 4794 ἐπιζητήσας
657 4718 862 4785 αὑτὸν,
894 4720 1092 4794 καὶ-μὴ
1119 4719 1329 4794 εὑρὼν,
1364 4720 1690 4794 ἀνακρίνας
1715 4718 1857 4794 τους

266 4787 549 4868 φύλακας
575 4787 620 4868 ,’
653 4794 949 4868 ἐκέλευενΔ
977 4787 1361 4868 ἀπαχθῇνναις
1411 4789 1507 4842 καὶ
1557 4787 1860 4868 κατελθὼν

267 4858 540 4936 ἆπδτῆς
572 4865 866 4930 Ἰουδαίας
899 4865 987 4927 εὶς
1027 4858 1140 4930 τὴν
1165 4859 1527 4927 Καισάρειαν
1554 4858 1824 4926 διέτριϐε.

268 4971 334 5023 α’.
354 4969 548 5022 Πολλοὶ
573 4963 893 5036 διαποροῦσι
916 4962 1032 5025 πῶς
1060 4960 1329 5033 περιεῖδεν
1357 4961 1384 5012 6
1403 4958 1533 5021 Θεὸς
1550 4958 1670 5011 τότε
1686 4956 1750 5009 δι’
1771 4956 1865 5008 αὑ-

211 5051 289 5104 τὸν
301 5054 429 5113 τοὺς
444 5050 642 5112 παῖδας
662 5044 1083 5116 ἀναιρουμένους
1098 5053 1138 5107 ⁸,
1158 5043 1250 5095 καὶ
1262 5041 1355 5094 νῦν
1377 5041 1538 5094 πάλιν
1553 5040 1679 5102 τοὺς
1696 5055 1862 5108 στρα-

212 5138 393 5202 τιώτας
425 5138 514 5191 διὰ
541 5137 632 5190 τὸν
663 5136 865 5204 Πέτρον
903 5131 1050 5204 [215]
1087 5132 1263 5184 καίτοι
1290 5146 1354 5198 γε
1396 5127 1617 5181 δυνατὸν
1631 5122 1696 5196 ἦν
1717 5123 1862 5194 αὐτῷ

218 5227 339 5294 μετά
359 5225 451 5279 τοῦ
484 5226 693 5295 Πέτρου
723 5222 1008 5281 κάκείνους
1039 5218 1341 5283 ἐξελέσθαι.
1386 5215 1525 5269 Ἀλλ’
1558 5217 1605 5268 εί
1626 5215 1863 5275 καὶτοὺς

218 5313 536 5383 στρατιώτας
567 5311 835 5380 ἐξήγαγεν
863 5311 891 5361 ὁ
920 5307 1148 5376 ἄγγελος
1181 5305 1317 5376 μετά
1345 5304 1438 5357 τοῦ
1465 5303 1669 5372 Πέτρου
1691 5341 1705 5365 ,
1749 5304 1864 5354 ἐνο-

220 5402 368 5470 μίσθη
412 5401 478 5455 ἂν
513 5399 697 5469 φυγῆς
733 5393 874 5451 εἶναι
917 5396 980 5448 :6
1026 5397 1276 5466 πρᾶγμα.
1314 5393 1378 5446 Τί
1413 5390 1504 5446 οὖν
1535 5392 1632 5462 οὐχ
1665 5390 1864 5462 ἑτέρως

217 5487 537 5559 ᾠκονόμησε,
572 5484 876 5556 φησί;ποία
905 5485 1012 5554 γὰρ
1040 5482 1212 5553 βλάϐη
1239 5482 1428 5551 γέγονε
1452 5480 1581 5546 νῦν;
1616 5477 1714 5533 Ἂν
1747 5478 1865 5530 ίδω-

221 5589 324 5641 μεν,
356 5577 437 5629 ὅτι
461 5577 514 5628 οἱ
541 5574 744 5636 ἀδίκως
768 5590 820 5626 τι
847 5571 1108 5634 παθόντες
1134 5573 1228 5624 καὶ
1254 5571 1436 5634 κακῶς
1461 5570 1612 5623 οὐδὲν
1637 5567 1867 5637 ἐϐλάϐη-

220 5675 325 5725 σαν,
370 5665 431 5717 06
484 5663 798 5734 ζητήσομεν
841 5662 1030 5715 ταῦτα.
1085 5660 1184 5712 Διά
1213 5659 1282 5711 .τί
1316 5657 1424 5730 γὰρ
1457 5656 1531 5730 μὴ
1568 5657 1744 5725 λέγεις
1774 5654 1867 5708 καὶ

219 5750 331 5819 περὶ
362 5749 642 5814 Ἰακώϐου,
666 5749 756 5802 6:6
782 5749 834 5801 τί
853 5749 1014 5801 αὑτὸν
1042 5747 1140 5800 οὐκ
1170 5745 1400 5810 ἐξείλετο
1421 5761 1436 5810 ;
1461 5744 1667 5808 Ἄλλως
1693 5742 1748 5794 δὲ
1770 5742 1867 5794 οὐκ

275 5855 297 5882 ⁸
318 5855 438 5905 Tres
462 5869 578 5904 mss.
606 5855 678 5904 sic
700 5853 941 5916 incipiunt
966 5869 977 5903 :
1005 5853 1146 5909 Ἴσως
1166 5854 1284 5910 τινὲς
1315 5848 1550 5914 ἀποροῦσι
1574 5850 1675 5906 πῶς
1695 5847 1868 5911 περιεῖ-

218 5912 288 5964 δεν
305 5920 328 5964 ὁ
347 5919 464 5975 Θεὸς
489 5917 602 5974 τοὺς
633 5912 838 5975 ἀθλητάς
867 5917 1228 5978 ἀπολλυμένους.

1963 4575 2030 4650 ἦν
2065 4579 2276 4634 οὐδέπω
2308 4581 2408 4652 τῆς
2436 4584 2670 4653 κρίσεως
2709 4585 2738 4639 6
2778 4583 2969 4656 καιρὸς
2994 4622 3009 4647 ,
3043 4582 3183 4636 ὥστε
3217 4583 3280 4635 τὸ
3321 4583 3442 4636 κατ’
3467 4582 3622 4649 ἀξίαν

1961 4668 2254 4740 ἀπονεῖμαι
2281 4670 2515 4742 ἑκάστῳ.
2561 4673 2700 4726 Ἀλλ’
2737 4673 2855 4726 οὐδὲ
2884 4670 3164 4725 ἐνέϐαλλεν
3190 4671 3385 4732 αὐτοὺς
3411 4672 3492 4733 εἰς
3521 4670 3618 4734 τάς

1960 4759 2149 4827 χεῖρας
2204 4759 2369 4812 αὑτοῦ
2421 4760 2645 4832 Πέτρος.
2704 4761 2920 4815 Μᾶλλον
2973 4756 3064 4812 οῦν
3118 4757 3280 4811 αὐτὸν
3319 4757 3505 4810 ἐλύπει
3557 4760 3619 4812 τὸ

1962 4844 2348 4915 ἐμπαιχθῆναι,
2375 4847 2562 4917 ὥσπερ
2593 4849 2682 4902 τὸν
2713 4850 2938 4902 πάππον
2971 4845 3139 4898 αὑτοῦ
3170 4845 3274 4897 61:6
3293 4845 3403 4898 τῶν
3430 4845 3618 4915 μάγων

1961 4932 2329 5002 ἁπατηθέντα,
2370 4935 2569 5006 μᾶλλον
2599 4936 2769 4988 ἐποίει
2812 4934 3156 5004 διαπρίεσθαι
3198 4933 3292 4986 καὶ
3320 4934 3620 5002 καταγέλα-

1964 5035 2085 5071 στον
2125 5015 2290 5074 εἶναι.
2325 5022 2502 5076 Καλὸν
2534 5022 2590 5075 δὲ
2618 5023 2712 5074 καὶ
2750 5021 2928 5073 αὐτῶν
2965 5019 3071 5074 τῶν
3101 5020 3360 5091 ῥημάτων
3391 5020 3618 5074 ἀκοῦσαι

1962 5106 2054 5159 τοῦ
2079 5109 2456 5180 συγγραφέως.
2479 5109 2841 5179 Γενομένης,
2872 5109 3054 5178 φησὶν,
3086 5108 3325 5177 ἡμέρας,
3346 5105 3426 5181 ἦν
3444 5108 3618 5178 τάρα-

1964 5211 2072 5264 χος
2099 5197 2209 5249 οὐκ
2235 5197 2522 5265 ὀλίγοςὲν
2542 5196 2656 5260 τοῖς
2688 5195 3093 5263 στρατιώταις,
3127 5197 3184 5249 τί
3210 5195 3321 5266 ἄρα
3343 5201 3375 5251 ὁ
3402 5196 3619 5264 Πέτρος

1962 5282 2218 5351 ἐγένετο.
2262 5283 2524 5351 Ἡρώδης
2544 5283 2611 5335 δὲ
2635 5282 2996 5351 ἐπιζητήσας
3033 5286 3251 5351 αὑτὸν,
3287 5285 3384 5339 καὶ
3404 5285 3489 5354 μὴ
3522 5287 3620 5338 εὑ-

1956 5369 2102 5437 ρὼν,
2126 5371 2451 5439 ἀνακρίνας
2483 5371 2623 5436 τοὺς
2650 5373 2926 5441 φύλακας
2951 5414 2964 5438 ,
2995 5371 3322 5427 ἐκέλευσεν
3347 5369 3616 5440 ἀπαχθῆ-

1963 5475 2082 5512 ναι.
2118 5458 2309 5511 Καίτοι
2341 5458 2539 5529 ἡκουσε
2563 5461 2691 5531 παρ’
2715 5460 2892 5514 αὐτῶν
2921 5461 3194 5531 (ἀνέκρινε
3225 5460 3376 5532 γάρ),
3409 5459 3502 5512 καὶ
3536 5459 3618 5511 ὅτι

1965 5547 2019 5599 αἱ
2052 5545 2269 5609 ἁλύσεις
2298 5545 2594 5617 ἀφέθησαν,
2625 5549 2717 5600 καὶ
2739 5548 2818 5601 ὃτι
2840 5550 2907 5600 :6
2929 5547 3183 5602 σανδάλια
3212 5546 3392 5608 ἔλαϐε,
3418 5543 3512 5596 καὶ
3536 5543 3619 5598 ὅτι

1971 5633 2129 5706 μέχρι
2158 5633 2256 5703 τῆς
2284 5634 2473 5699 νυκτὸς
2501 5636 2714 5707 ἐκείνης
2746 5637 2860 5706 μετ’
2887 5635 3065 5688 αὐτῶν
3096 5630 3182 5705 ἦν.
3226 5631 3385 5686 Ἀλλά
3412 5629 3464 5683 τί
3494 5647 3618 5686 συν-

1968 5720 2238 5791 έκρυψαν;
2283 5721 2369 5775 διὰ
2397 5721 2449 5774 τί
2487 5718 2578 5775 οὖν
2629 5723 2701 5793 μὴ
2743 5724 2835 5775 καὶ
2879 5723 3031 5775 αὐτοὶ
3087 5721 3314 5788 ἐφυγονς
3369 5716 3479 5771 Καὶ
3514 5717 3619 5788 μὴν

1969 5808 2132 5863 αὐτὸν
2158 5809 2263 5864 ἔδει
2295 5808 2591 5881 θαυμάσαι,
2622 5810 2728 5862 ἔδει
2760 5807 3177 5878 καταπλαγῆναι
3211 5806 3384 5858 τοῦτο.
3411 5804 3612 5859 Λοιπὸν

1971 5899 2200 5971 φανερὸν
2231 5899 2439 5969 γίνεται
2467 5899 2599 5952 πᾶσι
2625 5898 2709 5952 6:6
2739 5896 2829 5952 :06
2870 5897 3099 5952 θανάτου
3137 5893 3360 5962 τούτων,
3398 5893 3490 5949 καὶ
3525 5891 3620 5946 τοῦ
