4100 6354
485 310 592 367 205

482 426 621 482 θεοῦ
660 425 723 479 τδ
757 423 943 495 θαῦμα
979 424 1015 495 ἦ
1051 439 1111 476 τε
1158 420 1366 474 ἐκείνου
1406 420 1580 474 ’κακία
1629 415 1948 487 κατάδηλος.
2008 413 2146 467 Ἀλλ’

483 519 621 588 ὅρα,
662 514 779 576 πῶς
820 507 975 575 οὗτος
1016 510 1187 565 ταῦτα
1216 510 1275 562 οὐ
1306 508 1560 580 κρύπτει,
1588 506 1722 560 ἀλλὰ
1742 506 1837 559 καὶ
1873 504 2146 575 μέμνηται

489 602 729 672 ἱστορίας
750 600 891 653 ὥστε
919 599 1124 665 διδάξαι
1152 598 1321 667 ἡμᾶς.
1353 591 1486 648 Εἶτά
1515 612 1646 665 φησι
1671 610 1684 623 ·
1707 593 1817 646 Καὶ
1842 589 2145 644 κατελθὼν

491 691 612 745 ἀπὸ
654 687 767 757 τῆς
815 685 1100 750 Ἰουδαίας
1143 686 1230 749 εὶς
1273 682 1389 748 τὴν
1430 683 1796 750 Καισάρειαν
1841 677 2143 745 διέτριϐεν.

485 775 606 835 ἿΙν
630 778 687 830 δὲ
718 778 747 829 6
790 773 1034 845 Ἡρώδης
1056 770 1414 840 θυμομαχῶν
1449 771 1675 838 Τυρίοις
1700 767 1799 822 καὶ
1823 767 2147 830 Σιδωνίοιςο

487 862 868 934 όμοθυμαδόν
889 877 953 913 τε
983 859 1269 927 παρῆσαν
1296 857 1447 926 πρός
1479 855 1685 918 αὑτὸν,
1710 855 1807 908 καί
1830 854 2151 916 πείσαντες

1364 302 1422 357 S.
1460 297 1742 357 JOANNIS
1780 292 2264 352 CHRYSOSTOMI
2300 293 2620 349 ARCHIEP.
2661 290 3203 348 CONSTANTINOP.

3794 288 3904 346 206

2254 430 2432 498 μένος,
2465 429 2663 491 πάντες
2693 427 2762 480 τά
2782 426 2921 480 αὐτὰ
2946 426 3127 495 ἔλεγον
3152 441 3167 458 ο
3192 424 3535 497 ἀνάρπαστος
3561 424 3590 476 6
3620 419 3903 492 ἄνθρωπος

2250 518 2441 585 γέγονε
2462 557 2476 580 ,
2511 516 2598 569 διὰ
2624 516 2678 569 τί
2706 516 2903 579 αὐτοὺς
2950 513 3361 579 καταδικάζεις;
3398 513 3445 564 εί
3479 510 3671 580 ἤθελον
3696 508 3905 562 ἀπολῦ-

2256 620 2367 667 σαι,
2419 603 2526 674 πρὸ
2586 601 2774 655 τούτου
2831 601 3105 655 ἀπέλυσαν
3148 599 3249 663 ἂν,
3286 598 3319 669 ἢ
3351 596 3690 666 συνεξῆλθον.
3743 594 3907 650 Ἀλλὰ

2257 691 2512 761 χρήματα
2566 689 2787 754 ἔλαϐον;
2835 689 3003 741 Πόθεν
3050 690 3079 741 6
3120 687 3253 757 μηδέ
3288 685 3478 755 πένητι
3515 683 3700 737 δοῦναι
3742 683 3904 753 ἔχων,

2251 778 2462 842 τούτοις
2491 778 2695 843 ἐδίδου;
2725 776 2846 830 οὐδὲ
2875 776 2982 845 γάρ
3003 773 3365 844 διεθρύϐησαν
3397 774 3455 826 αἱ
3479 771 3696 834 ἁλύσεις
3715 810 3731 834 ,
3780 770 3906 824 οὐδὲ

2254 864 2544 935 λελυμέναι
2573 862 2733 936 ἦσαν.
2778 864 2923 917 Ἔδει
2968 863 3117 929 ἰδεῖν,
3159 863 3240 915 ὅτι
3286 859 3428 913 θεῖον
3470 859 3532 912 τὸ
3580 860 3817 929 πρᾶγμα
3838 853 3910 928 ἦν

486 950 771 1007 Βλάστον
792 948 899 1001 τὸν
914 944 1141 1000 ἐπὶτοῦ
1168 944 1449 1008 κοιτῶνος
1465 942 1573 996 τοῦ
1597 940 1922 1007 βασιλέως,
1948 941 2155 1028 ᾐτοῧνθ
2254 952 2349 1028 καὶ
2391 954 2492 1006 οὐκ
2534 950 2871 1023 ἀνθρώπινον
2910 950 2960 1002 b.
3011 946 3143 1002 Εῐτα
3190 947 3377 1018 ἐπειδὴ
3428 947 3666 1017 ἱστορίας
3713 945 3910 1016 ἔμελλε

488 1055 556 1092 το
590 1035 839 1105 εἰρήνην
844 1075 858 1099 ν
896 1034 996 1087 διὰ
1024 1032 1091 1085 τὸ
1130 1031 1550 1100 διατρέφεσθαι
1584 1028 1783 1084 αὐτῶν
1806 1028 1923 1097 τὴν
1956 1026 2155 1097 χώραν
2258 1026 2568 1111 μεμνῆσθαι
2598 1038 2780 1092 λοιπὸν
2800 1080 2816 1106 ,
2847 1038 2936 1091 διά
2980 1035 3136 1089 τοῦτο
3165 1037 3260 1088 καὶ
3286 1035 3353 1088 τὰ
3382 1034 3621 1104 ὀνόματα
3651 1033 3866 1104 τίθησιν
3889 1073 3907 1095 ,

488 1124 607 1179 άπὸ
635 1121 745 1190 τῆς
765 1118 1122 1187 βασιλικῆς.
1160 1117 1350 1185 Τακτῇ
1378 1118 1445 1171 δέ
1481 1116 1669 1187 ἡμέρᾳ
1693 1120 1725 1171 ό
1764 1115 2023 1184 Ἡρώδης
2056 1115 2154 1168 ἐν·

488 1210 832 1281 δυσάμενος
857 1207 1084 1274 ἐσθῆτα
1102 1205 1457 1274 βασιλικὴν,
1491 1206 1590 1259 καὶ
1619 1206 1871 1270 καθίσας
1909 1203 2008 1257 ἐπὶ
2044 1202 2152 1257 τοῦ

482 1298 761 1368 βήματος
787 1295 1140 1364 ἐδημηγόρει
1170 1293 1319 1361 πρὸς
1358 1292 1579 1358 αὐτούς
1599 1306 1614 1321 ⁸
1650 1294 1683 1346 ό
1712 1290 1780 1344 δὲ
1806 1289 1997 1360 δῆμος
2014 1290 2152 1343 ἐπε-

489 1386 673 1457 φώνει
696 1401 711 1415 ·
741 1383 889 1439 Θεοῦ
918 1381 1085 1452 φωνὴ
1130 1381 1227 1434 καὶ
1254 1382 1365 1434 οὐκ
1411 1376 1749 1448 ἀνθρώπου.
1784 1376 2154 1447 Παραχρῆμα

488 1475 559 1530 δὲ
589 1473 779 1529 αὑτὸν
804 1471 1104 1536 ἐπάταξεν
1156 1468 1408 1540 ἅγγελος
1452 1467 1705 1535 Κυρίου,
1757 1466 1883 1520 ἀνθ’
1918 1458 2004 1519 ὧν
2040 1467 2153 1519 οὐκ

490 1563 675 1618 ἔδωκε
706 1561 896 1626 δόξαν
924 1557 1002 1624 τῷ
1036 1555 1158 1623 Θεῷ
1187 1573 1200 1587 ·
1248 1556 1347 1610 καὶ
1375 1557 1697 1625 γενόμενος
1731 1554 2154 1621 σκωληκόϐρω-

491 1668 594 1716 τος
631 1648 951 1717 ἐξέψυξεν.
983 1646 1037 1701 Ὀ
1080 1645 1147 1699 δέ
1196 1644 1377 1713 λόγος
1426 1642 1533 1696 τοῦ
1580 1641 1729 1695 Θεοῦ
1778 1641 2003 1707 ηὔξανε
2054 1638 2153 1693 καὶ

491 1738 888 1805 ἐπληθύνετο.
925 1734 999 1788 Οὐ
1034 1732 1229 1804 μικρὸν
1257 1731 1378 1785 οὐδὲ
1420 1729 1577 1783 τοῦτό
1608 1732 1774 1783 ἐστιν.
1827 1727 2041 1791 Εὐθέως
2066 1729 2099 1797 ἡ
2126 1739 2151 1768 α

472 1825 618 1896 δίκη
649 1823 946 1878 κατέλαϐεν
973 1820 1133 1875 αὑτὸν
1161 1860 1176 1883 ,
1211 1820 1257 1871 εί
1288 1819 1381 1872 καὶ
1411 1817 1484 1888 μὴ
1509 1817 1594 1869 διὰ
1621 1818 1825 1886 Πέτρον
1845 1855 1860 1879 ,
1903 1814 2039 1869 ἀλλὰ
2068 1814 2155 1868 διὰ

492 1912 594 1983 τὴν
624 1910 789 1966 αὐτοῦ
823 1907 1249 1981 μεγαληγορίαν.
1286 1905 1397 1959 Καὶ
1431 1905 1538 1975 μὴν
1579 1905 1628 1956 εί
1669 1904 1900 1968 ἐκεῖνοι,
1946 1902 2109 1972 φησὶν
2136 1941 2153 1969 ,

495 2003 730 2072 ἐϐόησαν
748 2040 764 2066 ,
793 2002 846 2054 τί
880 2000 1014 2070 πρὸς
1032 1999 1250 2062 τοῦτον;
1293 1998 1415 2050 Ὅτι
1449 1993 1770 2059 κατεδέξατο
1802 1994 1898 2063 τὴν
1927 1991 2110 2062 φωνὴν
2137 2031 2153 2058 ,

494 2094 577 2146 ὅτι
601 2090 748 2155 ἄξιον
776 2088 970 2142 ἐαυτὸν
1003 2087 1252 2156 ἐνόμισεν
1283 2081 1420 2138 εἶναι
1449 2082 1549 2152 τῆς
1573 2079 1884 2144 κολακείας.
1908 2080 2006 2133 Διὰ
2030 2078 2156 2132 τού-

494 2194 590 2231 του
619 2178 816 2230 ἐκείνοι
858 2174 1093 2245 μάλιστα
1134 2171 1476 2226 παιδεύονται
1511 2170 1560 2223 οἱ
1596 2166 1981 2229 κολακεύοντες
2010 2168 2153 2237 εἰκῇ.

496 2266 642 2337 Ὅρα
691 2262 855 2317 πάλιν
896 2262 1241 2332 ἀμφοτέρους
1288 2258 1386 2329 μὲν
1432 2257 1591 2320 ὄντας
1641 2254 1826 2320 ἀξίους
1866 2254 2155 2326 τιμωρίας,

496 2355 685 2410 τοῦτον
720 2353 777 2406 δὲ
822 2350 1202 2419 κολαζόμενον.
1254 2349 1327 2403 Οὐ
1359 2348 1467 2418 γάρ
1492 2349 1608 2400 ἐστι
1638 2345 1731 2399 νῦν
1752 2345 1849 2415 τῆς
1868 2345 2103 2416 κρίσεως
2130 2345 2158 2397 6

498 2441 709 2513 καιρὸς,
743 2439 879 2494 ἀλλά
904 2438 995 2491 τὸν
1032 2436 1261 2508 μάλιστα
1295 2434 1628 2497 ὑπεύθυνον,
1676 2432 1863 2489 τοῦτον
1906 2431 2155 2496 κολάζει,

498 2530 738 2591 ἐκείνους
759 2528 940 2597 ἀφιεὶς
978 2526 1088 2578 άπὸ
1121 2524 1312 2577 τούτου
1345 2522 1619 2594 κερδάναι.
1652 2522 1760 2576 Καὶ
1787 2524 1819 2575 ό
1847 2521 2028 2589 λόγος
2054 2519 2158 2573 τοῦ

501 2617 652 2672 Θεοῦ
670 2616 917 2683 ηὔξανε,
948 2612 1101 2685 φησὶ,
1134 2612 1234 2665 καὶ
1255 2612 1628 2679 ἐπληθύνετο
1648 2625 1660 2637 ·
1678 2609 1944 2672 τουτέστι,
1966 2606 2157 2659 τούτου

499 2704 814 2774 γενομένου.
864 2698 1013 2763 Εἶδες
1049 2698 1184 2753 Θεοῦ
1226 2697 1573 2768 οίκονομίαν;
1607 2696 1917 2766 Βαρνάϐας
1950 2695 2017 2748 δὲ
2061 2693 2157 2747 καί

502 2790 738 2853 Σαῦλος
752 2787 1141 2855 ὑπέστρεψαν
1164 2785 1233 2850 ἐξ
1267 2782 1658 2852 Ἰερουσαλὴμ
1680 2782 1706 2820 δ
1733 2782 2161 2852 πληρώσαντες

502 2879 619 2945 τὴν
644 2875 981 2939 διακονίαν,
1009 2872 1581 2942 συμπαραλαϐόντες
1609 2871 1708 2923 καὶ
1752 2870 2030 2938 Ἰωάννην
2056 2872 2162 2924 τὸν

502 2960 901 3028 ἐπικληθέντα
929 2958 1192 3027 Μάρκον.
1227 2954 1432 3012 ’Ἡσαν
1458 2956 1524 3011 δέ
1551 2973 1710 3023 τινες
1740 2956 1809 3009 ἐν
1846 2956 2163 3024 Ἀντιοχείᾳ

505 3050 657 3106 κατὰ
677 3048 792 3117 τὴν
818 3043 1015 3102 οὖσαν
1038 3045 1406 3113 Ἐκκλησίαν
1432 3042 1728 3113 προφῆται
1753 3042 1852 3097 καὶ
1880 3043 2163 3097 διδάσκα-

504 3143 619 3203 λοι,
644 3137 679 3191 6’
701 3152 765 3190 τε
798 3133 1110 3204 Βαρνάϐας
1144 3132 1243 3186 καὶ
1266 3132 1492 3202 Σιμεὼν
1513 3133 1545 3185 ό
1566 3132 1939 3201 καλούμενος
1962 3131 2160 3201 Νίγερ,

507 3225 608 3281 καὶ
642 3225 894 3288 Λούκιος
926 3224 959 3276 ό
987 3218 1341 3287 Κυρηναῖος,
1365 3216 1513 3289 [216]
1537 3215 1790 3287 Μαναήν
1820 3234 1881 3271 τε
1905 3216 2162 3286 Ἡρώδου

507 3317 615 3371 τοῦ
636 3314 959 3383 τετράρχου
979 3311 1341 3377 σύντροφος,
1368 3306 1467 3359 καί
1491 3307 1744 3373 Σαῦλος.
1768 3308 1888 3360 Ἔτι
1912 3306 2164 3376 Βαρνάϐα

508 3403 726 3473 πρῶτον
760 3398 1082 3471 μνημονεύει
1110 3413 1127 3430 ο
1163 3395 1312 3449 οὔπω
1358 3394 1466 3465 γὰρ
1515 3394 1726 3457 Παῦλος
1762 3390 1828 3465 ἦν
1873 3394 2123 3465 λαμπρὸς
2148 3434 2163 3458 ,

509 3488 662 3541 ούπω
709 3490 933 3557 σημεῖον
976 3484 1127 3537 οὐδὲν
1176 3483 1489 3554 εἰργάσατο.
1542 3482 2053 3549 Λειτουργούντων
2100 3480 2168 3534 δέ

513 3575 711 3629 αὐτῶν
744 3574 822 3638 τῷ
848 3572 1042 3639 Κυρίῳ
1068 3570 1166 3624 καὶ
1204 3571 1641 3636 νηστευόντων,
1676 3565 1805 3622 εἷπε
1835 3569 1900 3621 τὸ
1928 3569 2169 3638 Πνεῦμα

514 3662 579 3719 τὸ
607 3662 777 3731 ἅγιον
797 3676 810 3690 ·
850 3658 1193 3728 Ἀφορίσατε
1219 3656 1294 3725 δή
1316 3673 1421 3725 μοι
1443 3655 1550 3709 τὸν
1568 3656 1882 3724 Βαρνάϐαν
1898 3656 1997 3709 καὶ
2020 3657 2170 3710 Σαῦ-

513 3755 627 3804 λον
674 3750 765 3814 είς
789 3746 875 3800 ’τὸ
928 3747 1123 3816 ἔργον,
1172 3744 1204 3799 6
1247 3744 1699 3813 προσκέκλημαι
1732 3745 1972 3808 αὐτούς.
2035 3746 2170 3799 Τότε

513 3839 958 3907 νηστεύσαντες
988 3834 1085 3888 καὶ
1113 3832 1586 3902 προσευξάμενοι
1618 3833 1715 3886 καί
1745 3832 2045 3899 ἐπιθέντες
2065 3833 2170 3900 τὰς

515 3923 720 3994 χεῖρας
749 3921 974 3987 αὐτοῖς,
1005 3919 1346 3975 ἀπέλυσαν.
1379 3918 1443 3971 Τί
1467 3921 1601 3985 ἐστι,
1625 3921 2170 3988 Λειτουργούντων;

515 4010 928 4082 Κηρυττὸντων.
979 4007 1329 4077 Ἀφορίσατε
1353 4024 1451 4073 μοι
1478 4047 1492 4069 ,
1522 4006 1696 4077 φησὶ,
1727 4005 1835 4059 τὸν
1858 4006 2172 4073 Βαρνάϐαν

516 4100 618 4152 καί
640 4097 896 4151 Σαῦλον.
930 4095 995 4148 Τί
1026 4098 1195 4159 ἐστιν,
1236 4091 1586 4162 Ἀφορίσατε
1600 4108 1738 4162 μοι;
1766 4093 1861 4155 Et;
1889 4093 1949 4145 τὸ
1988 4092 2167 4164 ἔργον,

518 4188 599 4247 εἰς
623 4185 720 4255 τὴν
754 4183 1234 4259 ἀποστολήνηὍρα
1258 4181 1420 4235 πάλιν
1447 4180 1550 4233 ὑπὸ
1581 4181 1738 4233 τίνων
1767 4183 2169 4250 χειροτονεῖται⁹

518 4272 626 4325 ὑπὸ
651 4272 882 4325 Λουκίου
905 4269 999 4323 τοῦ
1033 4268 1340 4339 Κυρηναίου
1372 4268 1465 4321 καὶ
1497 4267 1695 4337 Μαναῆ
1718 4284 1732 4297 ⁸
1767 4266 1964 4337 μᾶλλον
1988 4267 2045 4320 δὲ
2071 4268 2173 4321 ὑπὸ

517 4359 614 4412 τοῦ
652 4358 990 4428 Πνεύματος.
1024 4357 1170 4426 Ὅσῳ
1197 4355 1306 4426 γὰρ
1332 4356 1402 4408 τὰ
1435 4356 1699 4427 πρόσωπα
1738 4355 1994 4409 ἐλάττονά
2035 4357 2171 4419 ἐστι,

518 4447 758 4515 τοσούτῳ
785 4445 1091 4515 γυμνοτέρα
1112 4446 1145 4514 ἡ
1174 4443 1266 4496 τοῦ
1291 4441 1424 4496 Θεοῦ
1450 4444 1698 4512 φαίνεται
1721 4443 1899 4513 χάρις.
1930 4443 2176 4514 Χειροτο-

519 4536 693 4590 νεῖται
737 4532 922 4590 λοιπὸν
967 4533 1047 4597 είς
1087 4529 1411 4601 ἀποστολὴν,
1457 4530 1595 4584 ὥστε
1650 4530 1765 4601 μετ’
1796 4529 2040 4596 ἐξουσίας
2069 4547 2173 4601 κη-

524 4619 757 4696 ρύττειν.
806 4618 930 4681 Πῶς
956 4614 1048 4671 οὖν
1074 4617 1232 4680 αὐτός
1266 4633 1431 4688 φησιν
1460 4631 1475 4648 ο
1520 4619 1641 4671 Οὐκ
1682 4616 1783 4671 ἀπ’
1800 4606 2133 4685 ἀνθρώπων
2155 4657 2171 4683 ,

520 4706 665 4761 οὺδέ
702 4705 776 4759 δι’
826 4705 1189 4775 άνθρώπων;
1223 4703 1297 4757 T6
1330 4704 1448 4775 μὲν,
1508 4706 1628 4759 Οὐκ
1678 4706 1782 4760 ἀπ’
1829 4704 2171 4772 ἀνθρώπων,

522 4790 696 4860 εἶπεν,
729 4795 815 4847 ἵνα
848 4793 1086 4865 δηλώσῃ,
1125 4793 1208 4847 ὅτι
1252 4793 1352 4847 οὐκ
1395 4792 1679 4863 ἄνθρωπος
1720 4793 1881 4847 αὑτὸν
1919 4794 2175 4848 ἐκάλεσεν

521 4884 642 4938 οὐδὲ
692 4883 1072 4954 προσηγάγετο
1090 4898 1104 4913 ο
1130 4881 1191 4934 τὸ
1229 4880 1286 4936 δὲ
1305 4922 1319 4946 ,
1348 4882 1427 4933 Δι’
1455 4882 1799 4948 ἀνθρώπων,
1825 4881 1906 4933 ὃτι
1939 4880 2036 4950 οὐχ
2072 4881 2177 4933 ὑπὸ

522 4970 677 5023 τοῦδε
705 4970 980 5039 ἐπέμφθη,
1012 4970 1127 5023 ἀλλ’
1154 4969 1258 5023 ὑπὸ
1286 4968 1381 5022 τοῦ
1414 4968 1552 5022 Πνεύ
1562 4984 1749 5040 ματος.
1780 4966 1868 5020 Διὸ
1891 4968 1983 5020 καὶ
2008 4967 2177 5029 οὕτως

524 5059 835 5125 ἐπήγαγεν·
861 5054 1035 5112 Οὗτοι
1078 5056 1195 5125 μέν
1243 5051 1357 5112 οὖν
1403 5054 1838 5125 ἐκπεμφθέντες
1894 5053 2014 5110 ὑπὸ
2070 5053 2178 5109 τοῦ

525 5144 874 5211 Πνεύματος
897 5142 1201 5210 κατῆλθον
1229 5146 1316 5208 εἰς
1359 5142 1475 5211 τὴν
1517 5144 1894 5207 Σελεύκειαν,
1947 5142 2181 5197 ἐκεῖθέν

525 5248 590 5285 τε
622 5229 1007 5284 ἐπέπλευσαν
1027 5232 1109 5297 εὶς
1130 5230 1243 5300 τὴν
1266 5232 1526 5301 Κύπρον.
1552 5232 1776 5301 ἰδωμεν
1803 5232 1858 5285 δέ
1884 5231 2085 5285 ἄνωθεν
2110 5231 2178 5285 τά

524 5318 814 5390 εἰρημένα.
856 5316 1107 5391 Ἡμέρας
1143 5318 1211 5372 δὲ
1246 5319 1589 5391 γενομένης,
1620 5319 1800 5390 φησὶν,
1822 5316 1900 5390 ἦν
1920 5318 2177 5388 τάραχος

525 5410 638 5462 οὐκ
671 5408 874 5479 ὀλίγος
903 5406 1000 5463 διὰ
1032 5407 1137 5462 τὸν
1164 5408 1406 5478 Πέτρον,
1433 5409 1533 5462 καὶ
1557 5409 1883 5476 ἀνακρίνας
1906 5407 2045 5474 τοὺς
2068 5408 2179 5476 φύε

525 5501 720 5569 λακας
739 5497 1066 5555 ἐκέλευσεν
1089 5497 1451 5567 ἀπαχθῆναι.
1491 5496 1677 5561 Οὕτως
1715 5497 1815 5552 οὐκ
1846 5496 2062 5570 ⁴ᾔσθετο,
2095 5497 2177 5552 ὅτι

528 5588 625 5639 καὶ
666 5585 915 5649 κολάζειν
960 5586 1160 5649 ἀδίκως
1195 5587 1478 5657 ἐπιχειρεῖ.
1519 5586 1649 5639 Ἰδοὺ
1690 5586 1782 5639 τὸν
1824 5586 1964 5658 ὑπὲρ
2001 5587 2178 5640 αὐτῶν

528 5675 894 5744 ἀναλαμϐάνω
924 5674 1098 5742 λόγον.
1127 5674 1207 5727 Τὰ
1228 5673 1402 5744 δεσμὰ
1430 5668 1497 5743 ἦν
1518 5712 1533 5736 ,
1564 5674 1611 5726 οἱ
1643 5673 1880 5742 φύλακες
1907 5674 2084 5738 ἔνδον,
2119 5674 2179 5728 τὸ

529 5764 897 5833 δεσμωτήριον
928 5761 1344 5831 κεκλεισμένον,
1383 5759 1616 5829 οὐδαμοῦ
1663 5762 1840 5829 τοῖχος
1881 5761 2179 5831 διορωρυγ-

591 5864 608 5883 ⁸
625 5864 697 5927 Ού
724 5867 887 5927 μικρὸν
913 5867 968 5913 δὲ
989 5864 1131 5917 τοῦτὸ
1151 5866 1259 5927 ἐστι
1274 5866 1375 5920 πῶς
1401 5864 1568 5927 εὐθέως
1589 5866 1640 5922 ἡ,
1654 5865 1723 5912 sic
1742 5862 1955 5924 quidam.
1994 5865 2020 5905 δ
2040 5865 2178 5915 Afins

533 5927 627 5975 ἀπὸ
663 5925 991 5990 Ἰερουσαλήμ,
1014 5930 1096 5977 alii
1130 5934 1184 5976 ει
1222 5926 1393 5976 Morel.
1425 5926 1490 5983 εἰς
1537 5925 1848 5989 Ἰερουσαλήμ
1880 5928 2025 5976 male.

2256 1128 2341 1180 ἴνα
2358 1128 2539 1198 δειχθῇ
2555 1127 2731 1181 πάντα
2748 1125 3120 1197 ἐπαληθεύων.
3147 1123 3254 1178 Καὶ
3270 1124 3588 1188 πείσαντες
3601 1122 3907 1186 Βλάστον,

2256 1216 2410 1284 φησὶ,
2445 1215 2552 1268 τὸν
2576 1214 2674 1268 ἐπὶ
2701 1214 2805 1268 τοῦ
2838 1211 3119 1277 κοιτῶνος
3154 1210 3260 1264 τοῦ
3294 1209 3619 1276 βασιλέως,
3646 1210 3911 1277 ᾐτοῦντο

2251 1301 2516 1370 εἰρήνην.
2558 1302 2729 1356 Τοῦτο
2755 1301 3019 1366 ποιοῦσιν,
3060 1299 3248 1369 ἐπειδὴ
3278 1298 3433 1368 λιμὸς
3467 1294 3556 1370 ἦν.
3605 1296 3793 1365 Τακτῇ
3840 1296 3914 1349 δέ

2251 1389 2442 1458 ἡμέρᾳ
2468 1388 2723 1452 καθίσας
2767 1390 2800 1441 ό
2839 1385 3100 1455 Ἡρώδης
3126 1387 3223 1439 ἐπί
3261 1385 3365 1439 τοῦ
3386 1384 3657 1453 βήματος
3688 1383 3912 1451 ἐδημηο

2250 1478 2431 1546 τόρει,
2457 1476 2606 1547 φησί.
2646 1473 3015 1544 Παραχρῆμα
3048 1474 3115 1527 δέ
3137 1472 3431 1538 ἐπάταξεν
3452 1471 3637 1526 αὑτὸν
3654 1472 3913 1540 ἅγγελος

2251 1563 2471 1630 Κυρίου
2518 1580 2532 1594 ο
2581 1561 2681 1615 καὶ
2730 1561 3049 1631 γενόμενος
3100 1560 3596 1627 σκωληκόϐρωτος
3623 1557 3905 1626 ἐξέψυξε.

2323 1648 2391 1719 β’.
2421 1648 2589 1703 Τοῦτο
2614 1648 2707 1702 καὶ
2751 1648 3007 1719 Ἰώσηπος
3032 1658 3053 1685 ο
3083 1646 3246 1714 λέγει,
3275 1647 3356 1699 ὅτι
3389 1646 3573 1716 μακρᾷ
3616 1645 3911 1716 περιέπεσε

2253 1737 2413 1807 νόσῳ.
2439 1738 2501 1789 Ol
2529 1736 2625 1806 μὲν
2650 1730 2741 1788 οὖν
2771 1733 2950 1786 πολλοὶ
2980 1733 3137 1786 τοῦτο
3167 1733 3266 1785 ούκ
3298 1732 3515 1803 ᾔδεσαν,
3542 1734 3570 1785 6
3589 1731 3645 1785 δὲ
3675 1731 3910 1784 ἀπόστο-

2257 1824 2346 1887 λος
2380 1823 2510 1877 αύτὸ
2538 1822 2739 1891 τίθησι.
2770 1821 2914 1891 Πλὴν
2960 1819 3096 1875 ἀλλὰ
3119 1819 3214 1873 καὶ
3247 1822 3281 1890 ή
3314 1821 3503 1888 ἄγνοια
3537 1818 3735 1888 ὠφέλει
3763 1817 3915 1885 λογι-

2258 1912 2498 1982 ζομένων
2522 1909 2699 1965 αὐτῶν
2723 1909 2799 1980 τῷ
2840 1907 3097 1963 Ἰακώϐου
3123 1907 3337 1978 θανάτῳ
3375 1908 3469 1960 καὶ
3490 1905 3569 1977 τῷ
3603 1905 3711 1959 τῶν
3740 1923 3911 1976 στρα-

2256 1999 2464 2052 τιωτῶν
2494 1996 2638 2069 φόνῳ
2655 1997 2715 2051 τὸ
2739 1995 2880 2050 κατὰ
2910 1996 3001 2050 τὸν
3029 1995 3273 2067 Ἡρώδην
3308 1994 3909 2065 συμϐεϐηκέναι.⁸¹ορα’

2264 2090 2352 2142 ὅτε
2385 2087 2481 2157 μὲν
2511 2086 2602 2139 τὸν
2631 2084 2924 2138 ἀπόστολον
2952 2082 3181 2153 ἔσφαξεν
3200 2123 3216 2148 ,
3262 2082 3409 2135 οὐδὲν
3441 2080 3677 2135 τοιοῦτον
3722 2081 3915 2151 εἰργά-

2258 2192 2409 2238 σατο,
2447 2175 2533 2228 ὅτε
2573 2172 2629 2227 δὲ
2664 2172 2884 2236 τούτους
2909 2210 2924 2235 ,
2957 2171 3144 2224 λοιπὸν
3187 2172 3245 2224 ἐν
3289 2169 3496 2239 ἀφασία
3523 2165 3611 2241 ἦν.
3647 2169 3776 2222 “At:
3817 2164 3913 2223 οὖν

2254 2261 2550 2333 ἠπορηκὼς
2576 2260 2671 2313 καὶ
2695 2247 3079 2331 αἰσχυνόμενος
3110 2256 3372 2328 κατῆλθεν
3396 2256 3503 2310 άπὸ
3531 2256 3631 2327 τῆς
3651 2255 3915 2319 Ἰουδαίας

2254 2352 2332 2413 εἰς
2356 2350 2454 2420 τὴν
2488 2349 2842 2418 Καισάρειαν.
2876 2347 3027 2417 Ἐμοὶ
3052 2346 3198 2399 δοκεῖ
3224 2346 3318 2399 καὶ
3351 2344 3586 2407 ἐκείνους
3607 2345 3916 2412 ἀπαγαγεῖν

2265 2438 2604 2508 βουλόμενος,
2656 2435 2793 2506 πρὸς
2848 2434 3141 2503 ἀπολογίαν
3200 2429 3331 2504 ἦλθε
3379 2432 3620 2485 τούτων’
3644 2431 3912 2502 ὠργίζετο

2256 2526 2367 2595 γὰρ
2406 2525 2634 2588 ἐκείνοις
2662 2522 2885 2586 τούτους
2920 2521 3062 2575 οὕτω
3092 2520 3583 2592 θεραπεύων.”ορα
3604 2520 3718 2582 πῶς
3754 2520 3911 2571 κενό-

2256 2612 2404 2677 δοξος
2430 2613 2459 2664 6
2486 2612 2767 2683 ἄνθρωπός
2801 2612 2934 2663 ἐστι.
2954 2609 3177 2663 Μέλλων
3209 2606 3357 2680 [917]
3378 2609 3559 2670 αὐτοῖς
3589 2607 3784 2660 διδόναι
3815 2605 3914 2677 τὴν

2257 2701 2484 2772 δωρεὰν,
2539 2699 2969 2770 ἐδημηγόρησεν.
3013 2696 3071 2750 '0
3110 2696 3165 2748 δὲ
3206 2696 3464 2765 Ἰώσηπός
3509 2711 3692 2764 φησιν,
3714 2695 3795 2748 ὅτι
3820 2695 3915 2749 καὶ

2258 2791 2460 2860 ἐσθῆτα
2492 2790 2746 2860 λαμπράν
2796 2788 2854 2853 ἐξ
2894 2787 3134 2859 ἀργύρου
3174 2786 3547 2857 πεποιημένην
3586 2786 3911 2854 περιέκειτο.

2264 2878 2402 2949 Ὅρα
2423 2877 2517 2930 καὶ
2542 2877 2737 2928 ἐκεῖνοι
2758 2874 2874 2936 πῶς
2902 2874 3130 2937 κόλακες
3150 2869 3313 2944 ἦσαν,
3344 2873 3439 2927 καὶ
3463 2872 3571 2926 τῶν
3604 2873 3915 2927 ἀποστόλων

2259 2966 2321 3017 τὸ
2393 2965 2667 3035 φρόνημα.
2728 2965 2821 3016 Ὃν
2865 2961 2972 3032 γάρ
3021 2961 3172 3025 ἔθνος
3219 2961 3506 3032 ὁλόκληρον
3556 2960 3912 3031 ἐθεράπευσε,

2260 3050 2445 3105 τοῦτον
2470 3046 2613 3104 οῦτοι
2642 3050 2909 3103 διέπτυον.
2956 3049 3120 3102 Πάλιν
3147 3049 3204 3103 δέ
3226 3050 3432 3118 γίνεται
3460 3048 3787 3112 ἀνάπνευσις
3819 3049 3917 3101 αύ-

2260 3138 2369 3192 τῶν
2403 3137 2635 3208 μεγάλη,
2662 3138 2754 3189 καὶ
2785 3137 2952 3207 μυρία
2976 3136 3152 3204 ἀγαθὰ
3180 3140 3244 3189 ἐκ
3273 3137 3369 3207 τῆς
3396 3136 3601 3190 ἐκείνου
3629 3137 3914 3207 τιμωρίας.

2262 3227 2324 3279 Εἰ
2361 3226 2419 3281 δὲ
2452 3221 2603 3288 οὗτος
2630 3225 2891 3288 ἀκούσας,
2918 3225 2999 3277 ὅτι
3026 3224 3197 3293 Φωνὴ
3233 3224 3379 3279 Θεοῦ
3418 3224 3515 3278 καὶ
3550 3227 3661 3279 οὐκ
3695 3224 3918 3292 ἀνθρώ-

2264 3328 2403 3377 που,
2454 3313 2631 3365 καίτοι
2674 3327 2736 3377 γε
2778 3310 2946 3380 μηδὲν
3000 3310 3167 3364 εἰπὼν
3221 3311 3445 3364 τοιαῦτα
3493 3312 3659 3365 ἔπαθε
3691 3326 3703 3338 ·
3736 3312 3917 3382 πολλῷ

2269 3400 2466 3471 μᾶλλον
2501 3400 2566 3452 ἂν
2596 3399 2623 3449 6
2649 3397 2902 3467 Χριστὸς,
2935 3399 2984 3450 εί
3018 3398 3091 3468 μὴ
3126 3398 3257 3461 Θεὸς
3284 3393 3351 3469 ἦν
3385 3398 3565 3463 αὐτὸς,
3589 3400 3673 3451 ἀεὶ
3720 3398 3916 3467 λέγων,

2265 3490 2346 3540 ὅτι
2386 3487 2459 3540 Τὰ
2471 3484 2711 3553 ῥήματα
2738 3484 2809 3537 τὰ
2846 3484 2959 3554 ἐμὰ
2987 3487 3096 3538 οὐκ
3135 3486 3306 3539 ἐστιν
3334 3486 3444 3555 ἐμὰ
3466 3527 3479 3552 ,
3508 3486 3639 3553 καὶ,
3673 3489 3737 3540 Οἱ
3762 3490 3917 3554 ὑπη-

2260 3571 2426 3641 ρέται
2452 3570 2528 3624 ἂν
2546 3574 2600 3623 οί
2629 3571 2757 3639 ἐμοὶ
2783 3570 3157 3641 ἠγωνίζοντο,
3186 3572 3280 3625 καὶ
3307 3572 3407 3626 ὅσα
3426 3572 3665 3626 τοιαῦτα.
3684 3573 3923 3637 Ἐκεῖνος

2267 3660 2324 3714 δὲ
2355 3657 2594 3729 αἰσχρῶς
2627 3658 2722 3712 καὶ
2754 3658 3000 3722 ἐλεεινῶς
3037 3659 3128 3712 τὸν
3173 3659 3285 3729 βίον
3318 3659 3609 3726 κατέλυσε,
3655 3661 3751 3713 καὶ
3799 3662 3924 3714 οὐδὲ

2269 3745 2516 3814 φαίνεται
2560 3744 2765 3799 λοιπόν.
2790 3746 2931 3815 Ὅρα
2968 3745 3023 3798 δὲ
3072 3746 3235 3799 αὐτὸν
3276 3748 3369 3800 καὶ
3413 3746 3514 3799 ύπὺ
3543 3746 3633 3799 τοῦ
3679 3747 3922 3801 Βλάστου

2270 3832 2727 3901 ἀναπειθόμενον,
2776 3834 2871 3886 καὶ
2903 3834 2996 3887 ἆτε
3034 3833 3098 3905 δὴ
3137 3834 3478 3906 ταλαίπωρον
3516 3835 3643 3887 ὅντα
3684 3834 3923 3898 εὐκόλως

2270 3920 2640 3993 ὀργιζόμενον,
2672 3920 2767 3974 καὶ
2797 3921 2959 3976 πάλιν
2985 3921 3498 3991 καταλλαττόμενον,
3532 3921 3624 3974 καί
3646 3923 3919 3991 πανταχοῦ

2270 4009 2454 4063 δοῦλον
2481 4009 2587 4063 τῶν
2613 4010 2799 4080 δήμων
2816 4049 2829 4072 ,
2858 4011 2951 4064 κα)⁵
2977 4009 3127 4063 οὐδὲν
3152 4009 3433 4080 ἐλεύθερον
3463 4010 3669 4080 ἔχοντα.
3716 4011 3917 4078 Σκόπει

2271 4099 2327 4152 δέ
2368 4099 2459 4151 καὶ
2488 4099 2588 4168 τὴν
2619 4097 2929 4151 αὐθεντείαν
2961 4096 3054 4150 τοῦ
3091 4096 3244 4166 ἁγίου
3277 4096 3608 4166 Πνεύματος.
3647 4102 3919 4166 Λειτουρ-

2272 4187 2539 4256 γούντων
2553 4182 2620 4237 δὲ
2637 4184 2853 4249 αὐτῶν,
2878 4185 3031 4255 φησὶ,
3048 4183 3127 4249 τῷ
3152 4184 3343 4252 Κυρίῳ
3362 4186 3457 4238 καὶ
3477 4186 3915 4254 νηστευόντων,

2273 4272 2402 4330 εἷπε
2441 4277 2509 4329 τὸ
2548 4274 2793 4344 Πνεῦμα
2830 4273 2898 4326 τὸ
2938 4273 3139 4344 ἅγιονο
3181 4275 3519 4343 Ἀφορίσατε
3562 4273 3637 4340 δή
3678 4292 3780 4343 μοι
3817 4277 3925 4327 τὸν

2274 4363 2588 4433 Βαρνάϐαν
2610 4362 2709 4416 καί
2734 4361 2986 4415 Σαῦλον.
3020 4361 3115 4425 Τίς
3141 4360 3205 4413 ἂν
3236 4361 3521 4432 ἐτόλμησε,
3541 4362 3615 4432 μὴ
3634 4362 3733 4431 τῆς
3753 4362 3927 4432 αὐτῆς

2276 4451 2518 4516 ἐξουσίας
2537 4450 2611 4504 ὢν
2634 4491 2649 4516 ,
2680 4450 2854 4503 ταῦτα
2885 4450 3095 4513 είπεῖν;
3129 4448 3297 4502 Τοῦτο
3320 4450 3377 4502 δὲ
3405 4450 3643 4518 γίνεται,
3675 4448 3815 4501 ὥστε
3849 4452 3929 4522 μὴ

2276 4534 2411 4591 εἶναι
2439 4539 2635 4601 αὐτοὺς
2661 4538 2812 4607 κοινῇ
2851 4534 2968 4607 μεθ’
2993 4534 3219 4590 ἐαυτῶν.
3252 4531 3405 4588 Εἷδεν
3431 4536 3623 4598 αὐτοὺς
3645 4534 3672 4574 ά
3704 4537 3929 4605 μείζονα

2275 4625 2501 4696 δύναμιν
2528 4626 2769 4695 ἔχοντας,
2799 4624 2892 4677 καὶ
2925 4623 3138 4686 πολλοῖς
3159 4624 3486 4693 δυναμένους
3514 4624 3763 4693 ἀρκέσαι.
3801 4623 3930 4686 Πῶς

2276 4712 2332 4767 δὲ
2358 4714 2541 4776 αὐτοῖς
2568 4708 2756 4778 εἷπεν;
2786 4711 2883 4764 Διά
2906 4710 3201 4782 προφητῶν
3232 4712 3377 4775 ἴσως.
3408 4710 3507 4764 Διὰ
3534 4710 3692 4764 τοῦτο
3726 4710 3929 4781 προλα-

2277 4801 2386 4856 ϐὼν
2413 4797 2564 4854 εἶπεν
2590 4839 2606 4865 ,
2646 4801 2728 4855 ὅτι
2769 4801 2863 4853 καὶ
2906 4799 3182 4872 προφῆται
3215 4796 3352 4870 ἦσαν
3385 4800 3478 4853 καὶ
3508 4801 3794 4869 ἐνήστεοον
3832 4801 3930 4851 καὶ

2268 4888 2674 4959 ἐλειτούργουν,
2699 4889 2786 4942 ἵνα
2839 4888 3035 4959 μάθῃς,
3061 4888 3143 4940 ὃτι
3172 4886 3371 4957 πολλῆς
3404 4885 3616 4956 νήψεως
3644 4886 3802 4957 χρεία
3834 4882 3926 4955 ἦν.

2289 4978 2377 5030 Ἐν
2418 4977 2716 5047 Ἀντιοχείᾳ
2747 4980 3152 5046 χειροτονεῖται,
3176 4974 3303 5027 ἔνθα
3330 4973 3603 5044 κηρύττει.
3630 4975 3729 5026 Διὰ
3760 4974 3813 5026 τί
3850 4975 3930 5044 μὴ

2279 5061 2420 5129 εἶπε,
2456 5064 2546 5134 Τῷ
2578 5064 2766 5134 Κυρίῳ
2818 5063 3131 5134 ἀφορίσατε,
3168 5060 3279 5115 ἀλλ’
3315 5062 3477 5129 Ἐμοί
3489 5078 3509 5125 ;
3533 5061 3932 5125 Δείκνυσιν,δτι

2279 5152 2335 5204 ἐν
2358 5154 2473 5203 ἐστι
2506 5150 2568 5202 τὸ
2601 5151 2699 5219 τῆς
2737 5149 2983 5213 ἐξουσίας
3025 5149 3244 5219 καὶτῆς
3270 5148 3572 5217 δυνάμεως.

2364 5238 2526 5309 Ὁρᾷς
2553 5238 2675 5290 ὅσον
2708 5238 2741 5308 ἡ
2770 5237 2990 5308 νηστεία
3030 5236 3207 5307 μέγας
3245 5234 3539 5296 Δείκνυσιν,
3568 5235 3647 5287 ὅτι
3670 5235 3850 5288 πάντα
3870 5235 3936 5288 τὸ

2280 5324 2505 5395 Πνεῦμα
2524 5325 2713 5377 ἐποίει.
2734 5325 2891 5391 Μέγα
2911 5341 2962 5375 τι
2979 5325 3011 5393 ὴ
3027 5326 3246 5395 νηστεία
3263 5323 3480 5390 ἀγαθόν’
3501 5324 3597 5392 οὐχ
3615 5324 3723 5392 ὅρῳ
3744 5340 3936 5393 περιο-

2285 5410 2509 5483 ρίζεται.
2531 5411 2659 5463 Ὅτε
2687 5414 3005 5482 χειροτονεῖν
3036 5411 3140 5463 ἔδει
3161 5450 3175 5474 ,
3200 5411 3316 5462 τότε
3346 5408 3679 5480 νηστεύουσιο
3714 5412 3809 5462 καὶ
3836 5428 3937 5479 νη-

2283 5499 2559 5554 στεύουσιν
2588 5498 2770 5560 αὐτοῖς
2789 5494 2907 5551 εἰπε
2932 5498 2991 5552 τὸ
3022 5498 3263 5567 Πνεῦμα.
3289 5497 3354 5550 Ἡ
3373 5497 3591 5568 νηστεία
3613 5496 3667 5549 δὲ
3688 5498 3746 5551 οὐ
3773 5498 3940 5550 τοῦτο

2285 5588 2442 5658 μόνον
2477 5588 2655 5651 ἐστὶν,
2684 5585 2817 5638 ἀλλὰ
2856 5586 2950 5638 καὶ
2981 5584 3040 5637 τὸ
3076 5586 3285 5657 τρυφῆς
3327 5584 3650 5655 ἀπέχεσθαι,
3679 5586 3940 5655 νηστείας

2281 5672 2416 5737 εἶδός
2434 5677 2567 5727 ἐστι.
2588 5672 2848 5727 Τοσοῦτον
2871 5675 3137 5729 ἐπιτάττω
3156 5676 3313 5741 μόνον
3334 5672 3461 5742 ἐγώ⁹
3488 5673 3939 5743 μὴνηστεύσητε,

2282 5764 2415 5816 ἀλλὰ
2451 5762 2660 5831 τρυφῆς
2689 5761 2975 5833 ἀπέχεσθε.
3022 5762 3238 5831 Τροφάς
3289 5762 3535 5832 ζητῶμεν
3557 5800 3572 5824 ,
3611 5760 3685 5832 μὴ
3712 5761 3943 5829 διαφθο-

2344 5861 2572 5926 ὶιᾼὶὶἰκαὶ
2594 5863 2726 5911 οὐδὲν
2744 5863 3046 5926 ἀνθρώπινον,
3068 5863 3276 5926 ἱστορίας
3296 5866 3553 5925 μεμνῆσθαι
3567 5864 3724 5923 μέλλει
3743 5863 3937 5912 λοιπόν.

2288 5928 2310 5955 ε
2354 5924 2477 5974 Vide
2513 5927 2778 5987 Josephum
2803 5922 2909 5974 libr.
2958 5925 3030 5984 19,
3057 5937 3097 5973 c.
3120 5922 3189 5973 7f
3240 5924 3268 5964 ἀ
3300 5922 3476 5975 Μυτυι.
3504 5925 3621 5980 εἶδες
3656 5926 3847 5979 αὐτούς.
