3978 6508
195 357 293 412 205

193 474 445 537 occultet,
481 474 574 528 sed
617 483 672 529 et
701 473 932 527 historia:
964 472 1299 536 meminerit,
1345 479 1399 524 ut
1426 470 1613 525 doceat
1639 486 1759 525 nos.

192 566 385 622 Deinde
405 566 508 621 ait:
534 564 939 635 Descendensque
957 581 988 617 α
1006 562 1191 617 Iudaea
1212 562 1512 627 Caesaream,
1536 562 1605 616 ibi
1632 577 1761 615 com-

187 669 408 713 moratus
426 669 518 713 est.
541 659 631 713 20.
648 657 775 712 Erat
788 668 953 712 autem
976 657 1213 712 Herodes
1235 657 1390 710 iratus
1410 655 1579 727 Tyriis
1599 665 1645 709 et
1675 654 1761 709 Si-

183 753 365 807 doniis.
382 754 449 807 At
467 754 546 807 illi
557 754 815 807 unanimes
833 760 1071 806 venerunt
1089 750 1157 804 ad
1167 767 1300 815 cum,
1318 760 1364 804 et
1384 765 1621 820 persuaso
1639 747 1762 801 Bla-

182 857 274 910 sto,
292 848 383 916 qui
404 857 511 901 erat
525 863 675 917 super
686 846 970 901 cubiculum
984 845 1135 915 regis,
1152 844 1471 911 postulabant
1488 858 1680 910 pacem,
1700 858 1758 896 eo

182 937 313 1004 quod
338 941 561 991 aleretur
582 938 717 1008 regio
731 952 900 991 eorum
915 935 976 989 ab
993 937 1100 990 illo.
1132 935 1222 989 21.
1244 933 1449 989 Statuto
1465 945 1630 987 autem
1652 933 1753 997 die,

186 1027 414 1082 Herodes
443 1029 643 1082 vestitus
667 1037 796 1082 veste
817 1028 976 1098 regia,
1007 1028 1133 1080 sedit
1155 1042 1246 1095 pro
1267 1025 1505 1079 tribunali
1523 1067 1539 1090 ,
1567 1036 1612 1079 et
1635 1042 1758 1078 con-

181 1122 475 1175 cionabatur
498 1122 563 1174 ad
588 1137 689 1175 eos.
717 1120 807 1175 22.
837 1119 1067 1189 P0pulus
1098 1129 1264 1173 autem
1288 1117 1624 1184 acclamabat,
1655 1105 1752 1172 Dei

180 1228 273 1266 rea:
290 1254 307 1277 ,
347 1228 449 1265 non
482 1213 719 1267 hominis.
744 1212 835 1266 25.
870 1211 1144 1283 Confestim
1173 1220 1341 1263 autem
1368 1211 1612 1278 percussit
1640 1226 1754 1263 eum

178 1305 387 1373 angelus
412 1302 654 1369 Domini,
687 1320 745 1357 eo
763 1306 901 1374 quod
925 1320 1025 1358 non
1049 1303 1263 1358 dedisset
1290 1302 1507 1372 gloriam
1534 1302 1642 1356 Deo
1668 1318 1687 1356 :
1707 1312 1753 1355 et

179 1406 503 1464 consumptus
523 1412 555 1448 a
570 1395 810 1449 vermibus
827 1396 1113 1465 exspiravit.
1132 1396 1222 1451 24.
1248 1394 1461 1449 Verbum
1476 1404 1639 1448 autem
1657 1394 1753 1448 Dei

178 1487 427 1539 crescebat
454 1496 505 1540 et
549 1486 993 1558 multiplicabatur.
1040 1485 1153 1541 Non
1182 1501 1343 1556 parva
1390 1502 1477 1541 res
1507 1487 1623 1541 haec
1645 1498 1745 1541 est.

175 1579 367 1633 Statim
399 1579 549 1633 illum
580 1580 709 1634 ultio
753 1580 946 1635 invasit
974 1598 988 1633 :
1017 1580 1116 1635 etsi
1160 1596 1265 1634 non
1295 1588 1511 1650 propter
1535 1579 1749 1635 Petrum

178 1670 496 1735 invasisset,
543 1681 599 1726 at
634 1681 851 1742 propter
874 1680 1207 1741 arrogantem
1249 1672 1388 1726 illius
1413 1674 1745 1727 concionem.

175 1763 333 1830 Atqui
363 1762 464 1818 etsi
493 1762 565 1817 illi
593 1763 991 1828 acclamarunt,
1024 1764 1262 1834 inquies,
1303 1762 1428 1835 quid
1456 1762 1559 1817 hoc
1586 1762 1653 1817 ad
1680 1762 1747 1816 il-

173 1852 320 1906 lum?
339 1854 599 1919 Quoniam
620 1854 732 1924 ipse
746 1869 931 1910 vocem
948 1856 1176 1924 excepit,
1189 1854 1438 1926 quoniam
1455 1870 1515 1910 se
1530 1854 1746 1925 dignum

172 1946 383 2014 putavit
427 1945 521 2000 tali
565 1945 893 2001 adulatione.
933 1945 1035 2002 Per
1062 1946 1201 2002 hanc
1229 1948 1459 2002 maxime
1488 1946 1747 2003 erudiun-

172 2046 278 2099 tur,
309 2035 402 2104 qui
437 2045 641 2092 temere
668 2036 967 2091 adulantur.
1004 2037 1283 2108 Perpende
1326 2038 1453 2093 item
1497 2048 1749 2107 utrosque

171 2126 435 2181 meruisse
461 2141 646 2197 pinnas
670 2145 684 2193 ;
714 2127 855 2183 hunc
882 2137 1056 2184 autem
1085 2130 1263 2199 plecti.
1295 2128 1410 2184 Non
1437 2130 1579 2185 enim
1600 2130 1747 2201 judi-

171 2217 232 2270 cii
282 2227 495 2287 tempus
539 2234 681 2273 nunc
710 2227 821 2285 est,
871 2218 966 2276 sed
1011 2220 1178 2290 magis
1224 2220 1442 2275 noxium
1485 2221 1747 2291 supplicio

170 2308 372 2373 allicit,
423 2310 528 2364 illis
572 2310 843 2378 dimissis,
890 2320 946 2365 ut
972 2310 1097 2367 hinc
1135 2312 1338 2367 lucrum
1364 2314 1647 2383 accipiant.
1679 2313 1746 2368 Et

169 2402 371 2456 verbum
402 2402 496 2457 Dei
523 2406 803 2472 crescebat,
837 2405 1040 2475 inquit,
1070 2416 1117 2460 et
1153 2407 1602 2478 multiplicabatur.
1634 2409 1746 2465 Hoc

170 2504 285 2559 est,
337 2510 400 2549 ea
448 2505 660 2565 peracta
702 2512 783 2551 re.
829 2496 1071 2552 Vidistin‘
1098 2498 1191 2553 Dei
1235 2501 1741 2557 (economiam‘l25.

173 2585 434 2641 Barnabas
458 2602 625 2642 autem
653 2599 701 2643 et
738 2588 930 2644 Saulus
963 2591 1144 2645 reversi
1170 2600 1287 2645 sunt
1314 2591 1376 2646 ab
1412 2590 1745 2663 Jerosolymis

172 2680 361 2748 expleto
407 2680 680 2734 ministerio
700 2722 716 2747 ,
738 2691 992 2752 assumpto
1018 2681 1236 2751 Joanne,
1255 2684 1341 2753 qui
1365 2687 1744 2755 cognominatus

174 2782 237 2824 est
288 2772 521 2825 Marcus.
560 2772 709 2844 (Cap.
740 2774 908 2845 15.)1.
941 2774 1108 2829 Erant
1132 2788 1298 2831 autent
1325 2779 1530 2846 quidam
1554 2781 1606 2833 in
1634 2778 1742 2833 Ec-

176 2862 335 2927 clesia,
366 2879 483 2933 quae
510 2874 619 2917 erat
643 2865 940 2930 Antiochia,
971 2871 1229 2937 praphetae
1260 2878 1307 2923 et
1344 2870 1591 2934 doctores,
1615 2870 1744 2924 Bar-

182 2955 340 3014 nabas,
375 2964 430 3007 et
478 2950 689 3009 Simeon
774 2958 859 3024 qui
902 2961 1172 3013 vocabatur
1217 2958 1407 3032 Niger,
1464 2970 1510 3015 et
1554 2961 1743 3016 Lucius

188 3048 483 3115 Cyrenensis,
508 3059 556 3102 et
576 3047 833 3104 Manahen
857 3050 1075 3107 Herodis
1095 3055 1357 3108 tetrarclue
1383 3054 1739 3122 collactaneus,

197 3151 235 3191 et
260 3140 455 3194 Saulus.
482 3141 677 3198 Adhuc
702 3144 997 3200 Barnabam
1022 3148 1249 3216 primum
1280 3158 1540 3203 memorat
1563 3166 1575 3203 :
1610 3164 1745 3203 non-

198 3228 304 3286 dbm
323 3235 453 3288 enim
476 3235 656 3290 clarus
675 3246 789 3291 erat
808 3237 1021 3305 Paulus,
1046 3241 1277 3295 nondum
1301 3242 1509 3311 signum
1531 3243 1742 3313 aliquod

192 3323 386 3379 ﬁxerat.
416 3325 473 3380 2.
510 3326 917 3384 Ministrantibus
945 3341 1111 3385 autem
1136 3332 1240 3385 illis
1262 3331 1504 3400 Domino,
1533 3343 1577 3388 et
1597 3335 1741 3405 jeju-

183 3422 404 3474 nantibsts
427 3462 443 3487 ,
466 3421 597 3475 dixit
623 3421 847 3491 Spiritus
871 3435 1073 3478 sanctus
1103 3441 1122 3478 :
1150 3425 1422 3496 Segregate
1457 3427 1580 3480 mihi
1607 3425 1741 3479 Bar-

181 3511 355 3564 nabarn
386 3521 439 3565 et
459 3510 676 3566 Saulum
698 3514 751 3567 in
772 3529 918 3583 opus,
944 3515 1012 3568 ad
1038 3516 1173 3584 quod
1200 3517 1367 3569 vocavi
1390 3533 1492 3571 eos.
1519 3518 1572 3571 5.
1600 3516 1742 3571 Tunc

170 3603 458 3673 jejunantes
484 3613 531 3657 et
557 3615 755 3659 orantes
780 3606 1187 3677 imponentesque
1215 3609 1285 3662 eis
1312 3626 1509 3674 manus,
1542 3610 1743 3664 dimise-

170 3706 281 3747 runt
314 3696 464 3749 illos.
507 3696 643 3762 Quid
670 3707 785 3764 est,
839 3698 1278 3755 Ministrantibus?
1304 3701 1739 3757 Priedicantibus.

168 3785 450 3857 Segregate
492 3788 647 3855 mihi,
680 3789 878 3858 inquit,
908 3788 1199 3844 Barnabam
1240 3802 1286 3845 et
1329 3791 1565 3848 Saulum.
1605 3794 1741 3860 Quid

166 3879 258 3932 sibi
287 3881 446 3945 vult,
477 3879 750 3951 Segregate
786 3883 952 3937 mihi?
977 3882 1057 3937 Ad
1090 3900 1242 3953 opus,
1270 3885 1337 3940 ad
1364 3888 1738 3955 apostolatum.

170 3971 294 4026 Vide
317 3987 567 4036 rursum,
592 3987 621 4025 a
643 3972 837 4043 quibus
860 3974 1176 4030 ordinentur
1199 3994 1213 4028 :
1240 3992 1269 4030 a
1294 3975 1460 4032 Lucio
1483 3977 1742 4051 Cyrenazo

170 4073 224 4117 et
247 4064 505 4129 Manahe,
540 4066 646 4119 imo
674 4082 703 4119 a
729 4066 950 4135 Spiritu.
978 4066 1187 4135 Quanto
1206 4069 1347 4123 enim
1371 4070 1604 4125 minores
1624 4086 1745 4141 per-

162 4172 332 4219 sonae,
390 4163 544 4209 tanto
582 4156 776 4211 clarior
803 4166 1029 4226 apparet
1077 4158 1171 4213 Dei
1219 4160 1408 4229 gratia.
1457 4159 1743 4217 Ordinatur

161 4248 377 4301 demum
417 4248 469 4300 in
499 4247 855 4317 apostolatum
882 4289 896 4312 ,
927 4258 984 4303 ut
1016 4263 1138 4303 cum
1172 4260 1429 4318 potestate
1468 4253 1740 4321 przedicet.

161 4338 451 4404 Quomodo
473 4338 634 4408 igitur
658 4339 771 4409 ipse
794 4339 958 4393 dicit?
987 4338 1041 4393 Ν
1044 4357 1108 4393 οη
1127 4340 1190 4394 ab
1210 4342 1514 4410 hominibus,
1543 4362 1635 4399 nec
1655 4364 1744 4416 per

161 4432 387 4485 homines
437 4429 651 4499 (Galat.
684 4432 734 4485 1.
765 4430 873 4503 l)?
918 4430 1037 4485 Non
1068 4432 1130 4485 ab
1156 4434 1444 4489 hominibus
1483 4436 1652 4503 dixit,
1686 4447 1744 4493 ut

158 4524 495 4585 declararet,
547 4538 654 4580 non
704 4522 979 4578 hominem
1028 4523 1200 4594 ipsum
1243 4542 1464 4582 vocasse
1508 4529 1592 4583 vel
1645 4530 1742 4583 ad-

160 4617 380 4671 duxisse
408 4634 421 4669 :
450 4632 612 4686 neque
652 4634 741 4686 per
765 4617 991 4673 homines
1011 4659 1027 4684 ,
1059 4620 1181 4689 quia
1226 4636 1331 4676 non
1360 4622 1427 4677 ab
1452 4624 1559 4677 alio
1582 4639 1740 4695 quam

158 4723 187 4761 a
211 4709 420 4777 Spiritu
449 4709 648 4762 missus
683 4717 787 4764 est.
828 4709 954 4764 ideo
982 4711 1059 4765 sic
1095 4711 1297 4767 addidit
1326 4731 1339 4767 :
1368 4714 1423 4770 4.
1470 4713 1543 4769 Hi
1577 4720 1746 4788 itaque

160 4802 300 4853 missi
324 4817 360 4852 a
390 4800 597 4870 Spiritu
616 4841 631 4865 ,
660 4800 1015 4855 descenderunt
1043 4801 1366 4869 Seleuciam;
1392 4806 1509 4860 inde
1535 4809 1743 4879 naviga-

157 4902 331 4945 verunt
377 4892 435 4945 in
481 4890 726 4961 Cyprum.
777 4892 880 4948 Sed
925 4895 1169 4964 superius
1214 4895 1353 4951 dicta
1382 4898 1738 4969 exploremus.

159 4980 323 5036 Facta
362 4992 543 5035 autem
567 4982 650 5035 die
668 5022 683 5043 ,
722 4992 828 5035 erat
858 4983 1073 5037 turbatio
1102 5002 1201 5039 non
1231 5002 1386 5055 parva
1406 5000 1610 5058 propter
1636 4989 1739 5044 Pe-

158 5087 309 5127 trum.
340 5073 417 5127 Et
439 5073 764 5144 inquisitione
784 5075 920 5144 facta
944 5076 1007 5129 de
1030 5077 1336 5143 custodibus,
1359 5078 1518 5147 jussit
1538 5080 1738 5135 abduci.

160 5166 230 5221 Ita
252 5182 425 5222 sensu
458 5166 748 5222 destitutus
775 5165 875 5222 fuit
895 5210 910 5233 ,
939 5178 996 5223 ut
1022 5169 1182 5223 etiam
1214 5168 1411 5237 injuste
1437 5173 1621 5239 punire
1647 5190 1740 5245 ag-

154 5262 501 5330 grederetur.
546 5258 688 5314 Ecce
729 5275 941 5316 causam
985 5261 1197 5316 illorum
1239 5262 1486 5318 defendo.
1525 5264 1740 5321 Vincula

156 5366 346 5417 erant,
376 5352 635 5408 custodes
663 5354 825 5419 intus,
847 5368 1029 5409 carcer
1055 5355 1266 5408 clausus
1285 5396 1299 5419 ,
1328 5370 1586 5426 nusquam
1619 5374 1740 5427 per-

157 5448 334 5503 fossus
387 5448 615 5517 paries,
667 5462 854 5501 omnes
900 5446 1083 5501 eadem
1127 5447 1403 5516 dicebant,
1454 5449 1623 5504 Homo
1652 5452 1741 5506 ille

158 5550 336 5609 raptus
364 5554 483 5595 non
508 5548 623 5605 est,
656 5553 751 5593 cur
778 5538 894 5591 illos
918 5538 1287 5595 condemnas?
1328 5541 1372 5595 si
1400 5542 1613 5597 solvere
1639 5560 1739 5596 vo-

161 5630 382 5685 luissent
399 5672 418 5698 ,
449 5630 535 5684 vel
559 5641 684 5685 ante
707 5630 1027 5696 solvissent,
1052 5630 1138 5687 vel
1166 5631 1325 5687 simul
1349 5635 1602 5689 exissent.
1631 5634 1738 5690 Sed

160 5724 413 5788 pecunias
434 5724 781 5792 acceperunt?
796 5720 1070 5792 Quomodo
1084 5724 1172 5794 qui
1189 5739 1360 5794 neque
1377 5727 1593 5796 pauperi
1613 5742 1737 5781 cro-

159 5828 277 5883 gare
296 5824 544 5889 poterat,
572 5814 656 5872 his
672 5816 944 5874 dedisset?
962 5816 1145 5889 Neque
1164 5818 1305 5876 enim
1331 5817 1513 5874 fracta:
1531 5828 1734 5876 catena:

1112 356 1175 412 lN
1214 354 1391 411 ACTA
1433 352 1955 415 APOSTOLORUM.
1998 352 2224 411 HOMIL.
2267 354 2478 411 XXVII.

3340 372 3445 430 206

1868 484 2044 541 neque
2072 472 2258 527 solutae
2293 484 2437 529 sunt.
2472 473 2760 545 Oportebat
2793 478 2974 535 videre
3014 496 3124 535 rem
3164 498 3284 539 esse
3309 486 3448 542 divi—

1867 576 2024 625 nam,
2047 578 2151 617 non
2181 563 2485 620 humanam.
2517 567 2716 623 Deinde
2737 610 2752 626 .
2782 570 2903 639 quia
2935 572 3208 628 historiam
3234 593 3441 633 memo-

1865 664 2079 709 raturus
2105 665 2257 723 erat,
2305 658 2425 713 ideo
2448 661 2607 714 etiam
2638 663 2856 717 nomina
2890 664 3070 734 ponit,
3101 678 3158 721 ut
3189 670 3445 737 probetur

1863 747 2044 801 omnia
2070 764 2199 803 vere
2218 750 2341 804 dici.
2373 750 2440 804 Et
2462 770 2700 817 persuaso
2719 797 2733 821 ,
2769 756 2967 826 inquit,
2996 758 3200 825 Blasio,
3230 762 3443 832 quierat

1862 852 2013 906 super
2035 838 2319 893 cubiculum
2340 843 2491 912 regis,
2516 845 2837 911 postulabant
2863 866 3054 917 pacem.
3078 850 3190 905 Hoc
3210 852 3406 906 iaciunt
3424 896 3447 916 ν

1861 929 1984 998 quia
2013 929 2179 986 fames
2203 941 2334 985 erat.
2362 934 2565 989 Staluto
2588 948 2754 991 autem
2776 940 2875 1005 die,
2899 944 3075 996 sedens
3099 942 3326 998 Herodes
3350 964 3447 1015 pro

1861 1021 2131 1087 tribunali,
2163 1026 2527 1094 concionatur,
2576 1029 2767 1099 inquit.
2800 1031 3074 1103 Confestim
3115 1049 3278 1091 autem
3320 1056 3437 1107 pcr-

1860 1112 2015 1165 cussit
2050 1130 2165 1167 eum
2192 1116 2401 1185 angelus
2435 1116 2643 1173 Domini
2664 1135 2683 1175 :
2711 1132 2758 1175 et
2785 1136 3107 1195 consumptus
3134 1146 3167 1181 a
3192 1132 3436 1184 vermibus

1858 1206 2147 1275 exspiravit.
3267 1210 3273 1216 ’

1926 1296 1981 1351 2.
2013 1297 2125 1353 Hoc
2149 1308 2204 1353 et
2230 1298 2494 1371 Josephus
2516 1303 2645 1360 dicit
2675 1306 2771 1376 (a),
2802 1308 2941 1376 quod
2972 1311 3025 1364 in
3050 1312 3264 1382 longum
3289 1330 3436 1371 mor-

1856 1385 1978 1441 bum
2010 1389 2272 1444 inciderit.
2301 1391 2448 1447 Multi
2475 1395 2653 1465 itaque
2683 1397 2785 1452 hoc
2815 1402 3123 1456 nesciebant
3149 1421 3164 1466 ;
3210 1416 3429 1473 aposto—

1856 1477 1940 1533 lus
1964 1476 2309 1537 vero'narrat.
2339 1485 2533 1540 Verum
2564 1487 2853 1557 ignorantia
2883 1491 2982 1544 illis
3015 1495 3280 1561 proderat.
3305 1496 3431 1551 dum

1854 1568 2084 1626 Herodis
2109 1588 2290 1628 casum
2325 1578 2478 1631 morti
2505 1576 2690 1632 Jacobi
2717 1590 2772 1633 ct
2796 1582 3023 1635 militum
3045 1586 3173 1637 (κυῶ
3204 1588 3434 1653 imputa—

1854 1672 1993 1717 rent.
2018 1664 2315 1734 Perpende,
2357 1669 2570 1737 quando
2595 1672 2893 1739 apostolum
2922 1675 3136 1740 occidit,
3168 1678 3295 1731 nihil
3331 1681 3435 1733 tale

1853 1752 1980 1810 fecit
2008 1772 2023 1810 :
2052 1757 2264 1825 quando
2290 1759 2429 1823 illos,
2456 1760 2585 1815 nihil
2613 1762 2844 1819 dicebat.
2874 1764 3068 1834 Utpote
3093 1767 3285 1824 dubius
3307 1786 3434 1839 ergo

1853 1858 1907 1903 et
1933 1849 2188 1905 confusus
2219 1867 2285 1906 ex
2309 1851 2491 1908 Judzea
2520 1854 2819 1912 Cmsaream
2852 1858 3012 1912 venit.
3049 1860 3173 1915 Mihi
3203 1862 3431 1929 videtur,

1853 1952 1973 1994 cum
2016 1940 2139 1996 illos
2168 1942 2436 1998 abducere
2464 1945 2662 2013 vellet,
2695 1947 2761 2002 ad
2795 1948 2893 2003 hos
2933 1950 3178 2017 venisse,
3208 1961 3266 2005 ut
3313 1968 3433 2008 sese

1852 2042 2102 2101 purgaret
2131 2050 2145 2097 ;
2179 2034 2507 2090 irascebatur
2533 2038 2677 2093 enim
2722 2039 2848 2106 illis,
2880 2040 3005 2095 dum
3033 2042 3116 2097 his
3150 2044 3228 2097 sic
3264 2046 3429 2113 grati-

1852 2121 2121 2180 ﬁcaretur.
2150 2125 2282 2181 Vide
2310 2142 2468 2196 quam
2498 2144 2647 2183 vana:
2674 2130 2859 2201 gloriae
2904 2132 3129 2202 cupidus
3154 2134 3312 2187 homo
3347 2150 3433 2191 es-

1851 2226 1952 2271 set.
1986 2216 2219 2272 Gratiam
2263 2218 2365 2275 illis
2391 2219 2612 2276 daturus
2639 2223 2990 2278 concionatus
3018 2233 3120 2279 est.
3162 2225 3433 2294 Josephus

1851 2322 1978 2363 vero
2025 2309 2117 2374 ait,
2149 2310 2321 2380 ipsum
2348 2321 2497 2368 veste
2547 2314 2823 2383 splendida
2854 2326 2907 2370 et
2956 2326 3175 2386 argento
3224 2319 3433 2374 intexta

1850 2398 2103 2455 amictum
2131 2399 2318 2455 fuisse.
2346 2401 2481 2458 Vide
2506 2404 2668 2459 etiam
2708 2420 2868 2475 quam
2901 2406 3203 2462 adulatores
3249 2417 3432 2464 essent

1849 2489 1964 2554 illi,
2007 2500 2061 2545 et
2085 2491 2446 2562 apostolorum
2486 2509 2723 2550 sensum.
2753 2496 2921 2563 Quem
2962 2499 3102 2552 enim
3143 2514 3275 2569 gens
3319 2511 3426 2556 tota

1848 2584 2080 2651 colebat,
2110 2585 2252 2641 hunc
2282 2587 2357 2641 illi
2386 2588 2731 2657 respuebant.
2764 2590 2912 2645 Tunc
2960 2591 3061 2644 illis
3102 2592 3281 2645 (lutum
3321 2603 3421 2656 est,

1849 2686 1907 2731 ut
1935 2678 2280 2747 reSpirarent,
2314 2688 2369 2734 et
2396 2680 2562 2734 multa
2587 2689 2737 2750 parta
2761 2690 2886 2735 sunt
2913 2683 3047 2735 bona
3071 2696 3136 2737 ex
3168 2683 3308 2737 illius
3347 2684 3424 2738 ul-

1848 2769 2013 2825 tione.
2042 2769 2193 2836 Quod
2214 2770 2258 2825 si
2290 2772 2377 2826 ille
2403 2770 2506 2826 hoc
2529 2772 2732 2840 audito,
2774 2772 2884 2828 Vox
2903 2773 3028 2841 Dei,
3054 2791 3154 2828 non
3184 2775 3421 2840 hominis,

1848 2860 1969 2917 licet
1996 2861 2126 2915 nihil
2176 2862 2410 2929 dixerit,
2442 2862 2565 2918 talia
2614 2879 2801 2934 passus
2845 2874 2969 2921 est:
3006 2866 3176 2921 multo
3221 2867 3435 2936 majora.

1846 2952 2111 3021 Christus,
2140 2954 2185 3009 si
2211 2954 2351 3009 Deus
2377 2968 2481 3009 non
2510 2954 2699 3011 fuisset
2718 2997 2732 3021 ,
2757 2970 2946 3026 passus
2970 2966 3134 3022 esset,
3166 2958 3252 3027 qui
3280 2972 3425 3011 sem.

1846 3063 1943 3116 per
1965 3047 2199 3112 dicebat,
2241 3046 2398 3102 Verba
2426 3064 2536 3102 mea
2559 3064 2661 3102 non
2686 3065 2795 3102 mea
2821 3059 2957 3113 sunt,
2980 3060 3054 3115 et,
3086 3050 3136 3101 Μ
3145 3051 3307 3103 inistt'i
3328 3052 3433 3104 mei

1846 3138 2017 3209 utique
2045 3138 2349 3193 decertarent
2398 3136 2587 3213 (Joan.
2630 3141 2719 3195 14.
2766 3140 2853 3195 i0.
2898 3152 2944 3195 et
2982 3142 3068 3196 18.
3100 3142 3228 3211 56),
3275 3141 3424 3195 simi-

1847 3229 2039 3300 liaque.
2066 3231 2158 3287 Ille
2183 3248 2312 3287 vero
2346 3231 2486 3288 ftede
2516 3243 2568 3288 et
2595 3234 2967 3289 miserabiliter
2996 3237 3154 3289 vitam
3190 3236 3429 3301 clausit;

1846 3330 1901 3376 et
1948 3323 2078 3378 nihil
2125 3338 2192 3379 ex
2239 3339 2303 3379 eo
2324 3325 2607 3396 reliquum.
2658 3327 2935 3396 Perpende
2981 3329 3107 3384 item
3154 3330 3435 3399 quomodo.

1847 3413 2028 3469 Blasto
2057 3416 2395 3483 assentiatur,
2441 3426 2495 3471 et
2537 3432 2694 3485 quam
2745 3417 2900 3473 facile
2944 3420 3105 3474 miser
3148 3420 3235 3474 ille
3263 3419 3436 3475 homo.

1841 3498 2128 3573 irascatur,
2160 3517 2215 3562 et
2243 3519 2423 3578 postea
2456 3511 2744 3580 mitigetur,
2777 3510 2974 3580 ubique
3003 3512 3182 3581 populi
3212 3528 3420 3577 servus,

1848 3598 2087 3668 nihilque
2128 3598 2353 3655 liberum
2400 3599 2624 3655 habens.
2655 3599 2944 3656 Considera
2977 3602 3101 3656 item
3130 3604 3422 3659 auctorita-

1849 3701 1953 3747 tem
1972 3692 2201 3762 Spiritus
2221 3694 2414 3749 sancti.
2432 3692 2837 3750 Ministrantibus
2863 3706 3027 3749 autem
3051 3695 3154 3751 illis
3183 3696 3421 3763 Domina,

1846 3782 2038 3854 inquit,
2065 3792 2114 3838 et
2148 3785 2518 3854 jeiunantibus,
2550 3787 2678 3841 dixit
2705 3786 2930 3859 Spiritus
2976 3798 3175 3843 sanctus
3193 3805 3211 3842 :
3239 3789 3425 3861 Segre-

1847 3885 1962 3945 gate
2005 3877 2130 3929 mihi
2172 3876 2457 3931 Barnabam
2494 3887 2538 3933 et
2580 3878 2817 3934 Saulum.
2864 3880 2993 3948 Quis
3042 3896 3202 3936 ausus
3240 3892 3429 3948 esset,

1847 3966 1950 4021 nisi
1977 3974 2124 4021 tanta
2162 3977 2425 4037 potestate
2455 3969 2650 4037 fultus,
2683 3969 2798 4025 haec
2837 3971 3059 4027 dicere?
3103 3972 3214 4027 lloc
3242 3983 3427 4028 autem

1848 4057 1927 4123 lit,
1961 4066 2145 4112 utnon
2173 4057 2330 4113 simul
2376 4059 2473 4129 ipsi
2518 4070 2785 4116 maneant.
2821 4061 2963 4116 Vidit
3010 4062 3126 4117 illos
3166 4063 3425 4133 majorem

1848 4147 2045 4203 habere
2060 4149 2326 4214 virtutem,
2346 4159 2399 4204 et
2421 4151 2660 4220 pluribus
2682 4166 2838 4221 posse
2858 4151 3121 4209 sufﬁcere.
3143 4153 3422 4222 Quomodo

1847 4248 2024 4294 autem
2052 4241 2158 4296 illis
2202 4242 2448 4311 loquutus
2490 4242 2609 4297 est?
2649 4241 2809 4299 Forte
2837 4260 2933 4314 per
2960 4245 3265 4315 prophetas.
3300 4246 3423 4302 ldco

1847 4343 1972 4387 ante
2000 4333 2151 4399 dixit,
2181 4342 2236 4388 et
2266 4334 2551 4404 prOpbetas
2573 4334 2736 4391 fuisse
2760 4347 2813 4391 et
2834 4336 3107 4407 jejunassc
3132 4348 3292 4408 atque
3323 4341 3423 4396 mi-

1847 4425 2125 4490 nistrasse,
2152 4434 2209 4479 ut
2233 4426 2408 4481 discas
2434 4428 2599 4482 multa
2627 4427 2915 4484 sobrietate
2940 4444 3072 4500 Opus
3096 4431 3279 4486 fuisse.
3302 4434 3417 4486 An-

1848 4517 2058 4572 tiochiae
2085 4518 2382 4586 ordinatur,
2435 4520 2524 4575 ubi
2555 4521 2826 4591 praedicat.
2858 4522 2966 4578 Cur
2988 4540 3092 4579 non
3119 4525 3284 4593 dixit,
3317 4527 3423 4582 Do-

1847 4610 1991 4666 mino
2044 4621 2349 4681 segregate,
2407 4612 2541 4679 sed,
2581 4610 2752 4667 Mihi?
2802 4612 3047 4671 Ostendit
3094 4632 3250 4671 unam
3299 4633 3421 4675 esse

1846 4703 2135 4773 potentiam
2156 4715 2211 4759 et
2238 4704 2505 4760 virtutem.

1919 4796 2111 4867 Magna
2150 4813 2229 4851 res
2267 4799 2540 4869 jejunium.
2582 4797 2800 4854 Muliere
2841 4800 3033 4854 deliciis
3084 4802 3254 4855 dedita
3291 4802 3429 4857 nihil.

1848 4891 2062 4958 turpius.
2090 4917 2161 4928 ——
2186 4888 2375 4944 Viden'
2404 4900 2599 4960 quanta
2628 4906 2715 4945 res
2743 4891 2813 4944 sit
2845 4890 3105 4960 jejunium
3128 4893 3151 4945 ?
3173 4893 3419 4950 Ostendit

1846 4977 2102 5048 Spiritum
2124 4980 2300 5034 omnia
2328 4981 2534 5036 fecisse.
2556 4981 2797 5051 Magnum
2825 4982 3090 5052 quoddam
3114 4984 3310 5040 bonum
3335 4997 3427 5041 est

1843 5068 2100 5139 jejunium
2129 5091 2141 5126 :
2174 5087 2278 5125 non
2308 5072 2536 5127 termino
2578 5073 3055 5129 circumscribitur.
3084 5075 3214 5131 Cum
3265 5078 3413 5134 ordi-

1847 5176 1974 5215 nare
2007 5163 2313 5233 oportebat,
2362 5172 2489 5217 tunc
2527 5162 2771 5233 jejunant
2796 5182 2810 5220 :
2838 5175 2893 5221 et
2925 5166 3288 5236 jejunanlibus
3313 5172 3417 5226 illis

1845 5253 1978 5308 dixit
2000 5252 2247 5322 Spiritus.
2275 5254 2542 5324 Jejunium
2572 5271 2698 5309 vero
2724 5273 2831 5311 non
2856 5258 2959 5314 hoc
2984 5261 3156 5316 solum
3178 5274 3292 5330 est;
3321 5266 3416 5322 sed

1845 5345 2003 5401 etiam
2036 5345 2303 5401 abstinere
2343 5362 2373 5400 a
2404 5346 2639 5413 deliciis,
2688 5347 2875 5418 jejunii
2908 5353 3111 5420 species
3149 5344 3247 5410 est.
3304 5357 3414 5413 lloc

1847 5451 2048 5496 tantum
2085 5455 2181 5510 ego
2226 5440 2428 5509 impero
2476 5457 2490 5493 :
2534 5456 2638 5495 non
2680 5442 2948 5513 jejunate,
2989 5445 3083 5500 sed
3132 5462 3159 5499 a
3211 5448 3423 5505 deliciis

1844 5534 2123 5587 abstinete.
2152 5532 2415 5586 Alimenta
2464 5547 2793 5603 qureramus,
2846 5550 2950 5589 non
2981 5538 3370 5606 corruptionem
3392 5553 3421 5604 ;.

1842 5626 2088 5680 alimenta
2107 5640 2424 5694 quaeramus,
2449 5640 2551 5680 non
2570 5624 2877 5682 morborum
2900 5628 3205 5683 occasiones
3225 5638 3278 5684 et
3297 5630 3411 5701 Spir

1909 5828 1984 5891 (α)
2016 5826 2141 5878 Viue
2164 5826 2449 5892 Josephum,
2473 5828 2557 5879 lib.
2585 5784 2795 5891 l9,‘c.'.'.
