3978 6480
578 348 683 409 107

575 463 847 521 ritualium
893 475 949 518 et
990 476 1404 534 corporeornm;
1451 460 1761 516 alimentum
1811 473 2151 529 quazramus,

574 555 716 626 quod
748 553 1073 625 voluptatem
1100 554 1313 625 quidem
1354 553 1578 616 habeat,
1626 568 1731 607 non
1774 566 1904 605 vero
1937 550 2155 605 delicias

575 645 815 700 molestia
845 646 1048 715 plenas.
1073 644 1207 700 Illud
1237 658 1398 699 suave
1444 654 1546 710 est,
1603 642 1706 698 hoc
1758 642 2151 713 perniciosum,

575 736 706 792 illud
731 737 975 807 voluptas
1004 746 1119 804 est,
1155 736 1255 791 hoc
1278 736 1463 800 labor;
1496 735 1625 789 illud
1659 734 1954 790 secundum
1998 744 2154 788 natu-

574 844 719 891 ram,
767 828 869 882 hoc
896 838 1089 898 praeter
1117 837 1379 883 naturam.
1432 828 1527 883 Dic
1560 828 1700 883 enim
1742 827 1873 880 mihi
1897 866 1912 893 ,
1947 828 1992 880 si
2035 826 2157 895 quis

572 922 726 976 daret
754 922 846 978 tibi
878 922 1110 976 toxicum
1134 921 1200 975 ad
1231 931 1413 991 potum
1435 961 1449 985 ,
1480 937 1657 976 nonne
1685 921 1785 974 hoc
1822 932 2016 989 prmter
2055 935 2152 972 na-

572 1023 742 1068 turam
776 1014 955 1068 esset?
980 1014 1025 1068 si
1054 1014 1172 1083 quis
1197 1014 1339 1084 ligna
1368 1024 1421 1069 ct
1446 1014 1650 1083 lapides
1669 1056 1682 1077 ,
1720 1029 1898 1068 nonne
1936 1027 2153 1068 aversa-

571 1104 728 1168 reris,
760 1104 1057 1175 etquidem
1099 1105 1325 1161 merito?
1355 1106 1556 1161 Practer
1596 1120 1837 1161 naturam
1868 1108 2009 1160 enim
2052 1104 2153 1160 hoc

570 1207 690 1264 est,
721 1207 779 1251 ut
812 1207 865 1252 et
906 1198 1131 1253 deliciaz.
1156 1197 1288 1253 Nam
1321 1210 1378 1253 ut
1404 1200 1456 1253 in
1485 1199 1736 1266 civitate,
1777 1215 1897 1269 qua:
1940 1198 2154 1253 obside-

569 1301 674 1356 tur,
709 1306 895 1362 magna
927 1293 1256 1361 perturbatio
1286 1302 1340 1348 et
1365 1293 1621 1347 tumultus
1646 1303 1727 1347 est
1748 1335 1763 1357 ,
1803 1293 2028 1347 inimicis
2071 1292 2151 1346 in-

567 1381 717 1451 gredi
756 1384 1071 1438 conantibus
1099 1402 1113 1438 :
1146 1385 1215 1438 ita
1245 1395 1301 1440 et
1328 1385 1379 1438 in
1423 1386 1597 1438 anima
1630 1385 1855 1449 accidit,
1896 1385 2023 1439 dum
2073 1385 2153 1437 vi-

567 1488 693 1526 nmn
720 1482 774 1526 et
792 1474 998 1528 deliciae
1027 1477 1432 1545 superveniunt.
1461 1475 1555 1529 Cui
1580 1492 1654 1529 ea:
1680 1518 1695 1542 ,
1750 1478 1830 1529 cui
1857 1477 2104 1530 tumultus
2131 1518 2146 1542 ,

566 1561 648 1615 cui
667 1564 909 1619 molestia:
932 1575 980 1619 et
1008 1581 1184 1637 nugaz,
1212 1568 1293 1620 cui
1308 1568 1601 1638 judicium?
1638 1584 1804 1621 nonne
1827 1569 1888 1621 iis
1911 1610 1924 1631 ,
1955 1570 2041 1636 qui
2071 1571 2149 1621 vi-

567 1671 688 1708 num
708 1656 910 1709 assidue
936 1658 1149 1727 potant?
1175 1657 1335 1727 Cujus
1371 1660 1499 1728 lippi
1540 1669 1657 1713 sunt
1678 1661 1813 1713 oculi
1851 1659 2030 1727 (Prov.
2056 1660 2145 1714 25.

564 1746 655 1800 29.
681 1746 807 1818 50)?
836 1747 1031 1803 Verum
1063 1748 1316 1820 quidquid
1345 1750 1656 1817 dixerimus,
1692 1768 1796 1805 non
1844 1761 2151 1807 avertemus

565 1853 679 1906 eos,
704 1840 793 1913 qui
818 1839 1026 1895 deliciis
1046 1840 1177 1896 dant
1198 1857 1438 1911 operam,
1471 1842 1570 1898 nisi
1593 1843 1756 1897 alium
1776 1844 2150 1913 aggrediamur

564 1933 727 1988 animi
746 1933 1010 1988 morbum.
1036 1934 1103 1989 Et
1128 1936 1354 2004 primum
1374 1945 1558 1991 contra
1582 1937 1833 1991 mulieres
1854 1938 1922 1991 sit
1946 1952 2145 1991 sermo.

563 2025 703 2081 Nihil
737 2029 941 2097 turpius
990 2029 1213 2084 muliere
1254 2026 1462 2084 deliciis
1499 2028 1713 2095 dedita,
1765 2028 1896 2082 nihil
1945 2029 2148 2098 turpius

564 2122 773 2179 ehriosa
800 2142 815 2178 :
854 2124 1169 2178 obscuratur
1193 2126 1333 2179 enim
1364 2126 1463 2180 ﬂos
1493 2127 1674 2182 vultus
1722 2127 1838 2196 ejus
1861 2168 1876 2195 ,
1908 2128 2149 2183 turbatur

562 2214 823 2270 serenitas
852 2225 906 2270 et
935 2217 1167 2271 suavitas
1204 2218 1480 2271 oculorum
1506 2260 1520 2283 ,
1554 2220 1704 2289 quasi
1745 2220 1884 2274 nube
1917 2220 2146 2289 quadam

561 2309 767 2367 solares
793 2308 973 2363 radios
998 2309 1278 2365 subeunte.
1299 2311 1402 2365 Res
1427 2321 1510 2366 est
1531 2311 1805 2367 illiberalis
1825 2323 1878 2367 et
1902 2314 2108 2368 servilis
2128 2355 2143 2380 ,

560 2411 721 2470 atque
747 2403 1076 2473 ignobilitate
1099 2406 1271 2474 plena.
1295 2406 1466 2474 Quam
1489 2406 1722 2461 insuavis
1747 2417 1828 2462 est
1849 2409 2044 2464 mulier
2068 2410 2149 2463 vi-

562 2507 689 2547 num
719 2494 928 2563 spirans
950 2537 963 2559 ,
994 2496 1135 2566 quod
1165 2498 1309 2552 oleat
1328 2507 1383 2554 et
1412 2509 1721 2569 corruptum
1747 2502 1817 2555 sit
1857 2501 1982 2557 dum
2023 2519 2144 2557 eru-

561 2592 673 2639 ctat
715 2586 957 2640 carnium
999 2596 1369 2657 corruptarum
1408 2589 1723 2659 humorem,
1766 2603 2048 2661 aggravata
2089 2602 2147 2649 ut

561 2690 783 2746 surgere
808 2688 1060 2747 nequeat,
1092 2680 1385 2736 rubicunda
1414 2683 1532 2752 plus
1559 2698 1718 2753 quam
1752 2700 1850 2752 par
1873 2694 1974 2752 est,
2004 2687 2145 2741 osci-

563 2778 703 2834 tans,
726 2780 781 2824 et
807 2770 1249 2841 caligincoﬂ'usa?
1275 2775 1344 2828 At
1382 2790 1485 2829 non
1519 2777 1638 2830 talis
1684 2786 1767 2830 est
1810 2778 1894 2833 illa
1915 2817 1929 2843 ,
1970 2794 2088 2849 quae
2115 2795 2146 2836 a

560 2862 835 2932 voluptate
858 2863 1124 2930 abstinet;
1168 2865 1263 2920 sed
1303 2865 1560 2935 liouesta,
1608 2878 1914 2937 temperans
1938 2881 1992 2926 et
2033 2870 2142 2926 for-

562 2967 714 3013 mosa
748 2970 763 3007 :
795 2968 917 3007 nam
946 2954 1111 3008 animi
1143 2957 1459 3025 compositio
1500 2959 1725 3015 multum
1754 2962 1964 3031 corpori
1993 2961 2146 3018 affert

561 3043 832 3100 decorem.
854 3043 931 3101 Ne
957 3056 1109 3115 putes
1130 3050 1272 3102 enim
1303 3064 1331 3101 a
1354 3051 1617 3119 corporali
1648 3052 1820 3107 solum
1847 3054 2024 3123 specie
2045 3055 2147 3111 hoc

563 3134 700 3191 fleri.
732 3137 805 3191 Da
837 3136 1125 3192 formosam
1153 3139 1406 3207 puellam,
1438 3141 1816 3210 turbulentam,
1844 3145 2142 3216 loquacem,

563 3231 971 3295 conviciantem,
1001 3232 1289 3299 ebriosam,
1313 3244 1679 3304 sumptuosam
1716 3254 1729 3290 :
1761 3253 1937 3293 nonne
1958 3243 2147 3308 quavis

564 3323 705 3379 fmda
744 3332 797 3378 et
828 3325 966 3393 turpi
991 3324 1282 3379 deformior
1319 3326 1439 3380 est?
1481 3326 1537 3382 Si
1576 3342 1705 3383 vero
1752 3331 2009 3399 pudorem
2054 3332 2150 3386 ha-

566 3417 722 3484 heat,
749 3417 793 3472 si
820 3425 1027 3485 taceat,
1056 3419 1100 3472 si
1128 3419 1446 3473 erubescere
1482 3420 1763 3487 didicerit,
1805 3438 1868 3477 ac
1907 3423 2177 3496 modeste_

565 3510 745 3580 loqui,
791 3510 835 3565 si
876 3513 1158 3580 jejunare,
1187 3510 1381 3581 duplex
1432 3520 1515 3567 est
1552 3512 1889 3583 pulchritudo
1914 3557 1930 3580 ,
1978 3516 2148 3586 major

565 3601 771 3665 forma,
821 3603 1020 3672 gratior
1058 3604 1266 3667 vultus,
1309 3604 1553 3660 castitate
1595 3615 1651 3660 et
1697 3619 1886 3661 ornatu
1936 3610 2143 3679 plenus.

568 3695 660 3751 Vis
689 3695 796 3762 jam
824 3696 891 3751 de
921 3696 1051 3750 viris
1080 3697 1401 3767 loquamur?
1431 3698 1567 3764 Quid
1593 3699 1745 3754 ebrio
1774 3703 2023 3772 turpius?
2053 3704 2147 3758 lii-

567 3787 776 3842 diculus
810 3797 892 3842 est
931 3786 1141 3843 famulis
1163 3830 1177 3853 ,
1225 3788 1483 3844 ridiculus
1518 3790 1795 3859 hostibus,
1830 3794 2149 3850 miserabilis

567 3877 706 3947 apud
732 3878 932 3933 amicos
952 3917 967 3943 ,
998 3880 1141 3933 omni
1170 3879 1513 3936 damnatione
1562 3881 1793 3951 dignus:
1824 3882 1936 3939 fera
1981 3885 2150 3956 magis

567 3983 725 4038 quam
753 3968 914 4024 homo
947 3988 961 4025 :
992 3985 1114 4024 nam
1142 3970 1321 4026 multis
1348 3972 1658 4043 ingurgitari
1691 3973 1862 4042 pardi.
1897 3974 2067 4031 leonis
2097 3986 2149 4031 et

570 4060 680 4115 ursi
709 4069 813 4116 est.
842 4062 911 4115 At
941 4061 1027 4116 illa
1058 4062 1135 4117 sic
1161 4063 1353 4116 merito
1378 4064 1576 4118 faciunt
1605 4081 1619 4118 :
1650 4081 1752 4118 non
1780 4065 1977 4123 habent
2005 4070 2146 4123 enim

568 4153 799 4220 animam
828 4154 1158 4209 rationalem.
1181 4154 1320 4223 Quin
1347 4164 1401 4209 et
1427 4156 1530 4210 illae
1551 4156 1596 4211 si
1626 4158 1759 4212 ultra
1786 4173 2087 4214 mensuram
2116 4177 2145 4216 a

570 4255 758 4299 natura
786 4245 1060 4300 deﬁnitam
1090 4246 1271 4313 edant,
1303 4255 1419 4301 toto
1440 4262 1665 4317 corpore
1685 4262 2101 4319 corrumpuntur
2132 4271 2145 4307 :

570 4344 771 4408 quanto
800 4338 968 4408 magis
994 4338 1128 4392 nos?
1171 4337 1294 4393 Ideo
1323 4339 1476 4394 nobis
1502 4340 1643 4395 Deus
1692 4351 1973 4411 angustum
2023 4360 2150 4399 ven-

573 4439 711 4483 trem
740 4429 922 4495 dedit;
956 4430 1077 4485 ideo
1101 4444 1321 4500 parvam
1352 4432 1445 4486 tibi
1473 4447 1777 4488 mensuram
1804 4435 2065 4506 deﬁnivit,
2094 4448 2151 4494 ut

572 4521 791 4578 doceret
816 4524 1047 4577 animam
1076 4525 1250 4578 curari
1279 4535 1546 4594 Oporterc.

645 4613 699 4669 3.
730 4613 1143 4669 Consideremus
1178 4616 1347 4685 ipsam
1389 4618 1826 4676 constitutionem
1874 4631 2110 4678 nostram
2133 4666 2147 4689 ,

572 4714 629 4761 et
654 4704 951 4760 videbimus
978 4722 1139 4760 unam
1171 4708 1480 4777 particulam
1508 4709 1559 4763 in
1604 4711 1757 4766 nobis
1784 4711 1923 4768 hanc
1952 4713 2151 4772 habere

570 4799 958 4868 operationem.
991 4797 1065 4854 Os
1108 4800 1249 4854 enim
1283 4809 1521 4855 nostrum
1552 4808 1607 4855 et
1630 4802 1805 4875 lingua
1832 4805 1897 4858 ad
1926 4805 2153 4876 hymnos

569 4892 822 4962 deputata
849 4901 1005 4956 sunt,
1035 4891 1215 4947 fauces
1235 4893 1300 4946 ad
1327 4909 1533 4948 vocem.
1567 4893 1690 4950 Ideo
1720 4899 2011 4953 necessitas
2054 4916 2151 4954 na-

572 4996 708 5040 tura:
737 5000 835 5041 nos
861 4984 1068 5058 ligavit,
1099 4996 1157 5039 ut
1182 5000 1249 5040 uc
1277 4985 1424 5041 inviti
1451 4985 1662 5057 quidem
1688 4990 1739 5041 in
1766 4990 1980 5043 multam
2009 4989 2150 5045 difﬁ-

572 5080 825 5134 cultatem
866 5078 1182 5134 incidamus.
1215 5078 1271 5134 Si
1314 5096 1543 5151 namque
1565 5082 1807 5151 voluptas
1850 5083 2066 5138 morbos
2096 5094 2152 5140 et

574 5170 916 5240 :rgritudines
944 5186 1048 5224 non
1075 5171 1314 5235 haberet,
1345 5172 1635 5228 tolerabilis
1667 5188 1752 5228 res
1791 5184 1933 5229 esset
1966 5193 1980 5229 :
2011 5192 2151 5232 nunc

574 5272 755 5318 autem
804 5271 1007 5317 naturae
1057 5264 1150 5318 tibi
1194 5266 1450 5325 terminos
1494 5265 1703 5336 posuit,
1751 5276 1807 5321 nt
1844 5282 1912 5323 ne
1959 5269 2147 5323 volens

571 5356 787 5427 quidem
815 5356 1242 5427 transgrediaris.
1286 5357 1472 5414 Nonne
1508 5360 1863 5429 voluptatein,
1913 5360 2148 5428 dilecte,

573 5447 813 5521 quieris?
850 5447 998 5503 llanc
1023 5463 1053 5502 a
1082 5447 1377 5518 frugalitate
1408 5450 1619 5519 parabis
1642 5468 1657 5507 :
1684 5467 1862 5506 nonne
1886 5451 2151 5508 valetudi.

571 5540 737 5595 nem?
778 5540 845 5595 Et
872 5539 1285 5609 huncquoque:
1329 5555 1506 5596 nonne
1550 5543 1847 5599 libertatem
1888 5559 1918 5598 a
1963 5547 2151 5601 curis?

572 5632 721 5688 llanc
764 5631 1198 5688 itidemznonne
1254 5632 1588 5699 libertatem,
1641 5636 1803 5689 robur
1851 5648 1905 5691 et
1953 5637 2150 5694 bonam

572 5725 1009 5781 constitutionem
1036 5726 1296 5795 corporis,
1321 5726 1513 5780 animae
1538 5726 1898 5793 sobrietatem,
1927 5731 2149 5799 vigilan-

573 5817 741 5885 tiam?
767 5816 914 5875 Bona
937 5819 1117 5879 omnia
1139 5817 1223 5880 hic
1242 5826 1367 5875 sunt
1395 5835 1410 5874 :
1443 5819 1496 5874 in
1520 5820 1741 5890 crapula
1778 5837 1905 5878 vero
1928 5834 2145 5879 contra-

1285 348 1343 404 S.
1381 345 1658 403 JOANNIS
1693 340 2162 401 CHRYSOSTOMI
2202 340 2515 397 ARCIIIEP.
2556 342 3087 399 CONS'I‘ANTINOP.
3702 359 3784 420 ξοδ

2268 458 2344 511 ria
2370 497 2387 524 ,
2422 459 2730 525 insuavitas,
2767 462 2903 515 mala
2933 463 3199 530 valetudo,
3224 465 3461 530 morbus,
3490 466 3785 549 illiberalitas,

2261 562 2522 620 sumptus.
2551 553 2700 609 Unde
2721 556 2904 626 igitur,
2926 557 3152 627 inquies,
3173 559 3238 614 ad
3265 560 3406 614 illam
3429 562 3673 624 currimus
3693 588 3787 629 om.

2262 643 2399 698 nes?
2435 644 2515 699 Ab
2544 645 2873 705 inﬁrmitate.
2905 649 2998 704 Dic
3025 651 3169 705 enim
3195 650 3322 706 mihi
3346 695 3363 720 ,
3394 669 3493 709 cur
3513 672 3641 727 inger
3664 669 3789 725 noxia

2260 738 2483 806 quaerit?
2509 755 2687 795 annon
2735 741 2837 797 hoc
2880 742 3053 812 ipsum
3094 745 3304 816 signum
3347 757 3429 802 est
3476 752 3671 808 morbi?
3704 758 3791 817 Cur

2259 831 2483 885 claudus
2502 848 2608 887 non
2631 843 2777 889 recte
2808 836 3040 891 incedit?
3076 854 3254 894 nonne
3283 855 3351 895 ex
3377 841 3576 911 ignavia
3604 855 3654 901 et
3674 857 3790 919 quod

2259 922 2393 977 ttulit
2412 924 2668 980 accedere
2690 927 2757 981 ad
2786 928 3091 984 medicum?
3117 930 3222 986 Res
3249 933 3391 987 enim
3416 934 3533 988 alia:
3562 945 3792 1009 tempora-

2259 1030 2411 1070 neam
2444 1017 2643 1072 habent
2668 1020 2993 1089 voluptatem
3024 1035 3445 1093 perpetuumque
3483 1031 3790 1103 supplicium;

2256 1098 2376 1162 alia!
2408 1123 2440 1163 e
2480 1112 2750 1166 contrario
2775 1120 3172 1182 temporaneam
3202 1118 3508 1189 patientiam
3546 1133 3597 1175 et
3631 1098 3792 1197 ρει-με.

2261 1208 2406 1251 tuum
2433 1199 2704 1269 gaudium.
2732 1202 2831 1269 Qui
2856 1204 3016 1274 igitur
3035 1206 3113 1261 sic
3140 1204 3312 1261 mellis
3336 1217 3391 1262 et
3411 1209 3622 1278 ignavus
3638 1225 3728 1281 est,
3750 1230 3795 1274 ut

2257 1305 2364 1344 non
2391 1302 2698 1348 contemnat
2739 1304 3032 1365 praesentes
3062 1297 3283 1354 delicias
3321 1315 3416 1369 pro
3446 1301 3662 1370 futuris,
3710 1310 3795 1364 cito

2256 1383 2483 1452 capitur.
2514 1385 2605 1440 Dic
2628 1387 2776 1453 mihi,
2804 1388 2941 1443 Esau
2966 1389 3105 1444 unde
3125 1399 3310 1459 captus
3330 1400 3444 1457 est;
3474 1394 3608 1449 unde
3631 1395 3794 1455 factum

2258 1488 2313 1531 ut
2338 1486 2652 1546 prmscntem
2680 1479 3001 1548 voluptatem
3051 1481 3227 1536 futuro
3272 1482 3463 1538 honori
3503 1487 3789 1554 prazierret?

2257 1566 2333 1620 Ex
2364 1568 2606 1623 mollitie.
2630 1570 2743 1626 Hoc
2768 1572 2939 1641 ipsum
2964 1588 3094 1629 vero
3116 1575 3276 1641 unde,
3305 1576 3550 1647 inquies?
3570 1580 3642 1638 Ex
3670 1584 3795 1640 nobis

2256 1661 2419 1729 ipsis;
2448 1663 2591 1732 quod
2619 1662 2742 1718 hinc
2771 1666 3110 1722 manifestum
3139 1681 3240 1722 est.
3272 1669 3497 1735 Quando
3544 1674 3793 1741 volumus,

2255 1768 2353 1807 nos
2382 1756 2694 1820 excitamus,
2722 1767 2777 1811 et
2805 1758 3063 1826 patientes
3088 1758 3370 1815 efﬁcimur.
3399 1762 3455 1816 Si
3486 1763 3640 1832 igitur
3656 1783 3797 1836 quan-

2253 1845 2430 1915 doque
2464 1847 2737 1902 advenerit
2771 1850 3093 1916 necessitas,
3140 1868 3283 1922 sarpe
3308 1854 3677 1910 contendendo
3703 1869 3800 1914 tan-

2256 1943 2388 2002 tuin,
2412 1939 2537 2007 quid
2571 1941 2703 1994 utile
2728 1941 2798 1994 sit
2827 1943 3207 2010 conspicimus.

2325 2028 2471 2084 Gula:
2495 2032 2650 2085 mala.
2678 2062 2750 2071 —
2771 2030 2908 2087 Cum
2940 2048 3069 2103 ergo
3105 2035 3309 2089 deliciis
3350 2045 3403 2092 te
3430 2035 3697 2094 dedituros
3721 2057 3801 2106 es,

2254 2131 2650 2194 temporaneam
2688 2139 2809 2180 esse
2844 2126 3170 2196 voluptatem
3216 2128 3389 2199 cogita
3416 2169 3430 2195 ,
3474 2130 3803 2204 damnumque

2253 2214 2379 2269 hinc
2421 2216 2739 2285 proveniens
2776 2218 3069 2288 (damnum
3100 2221 3241 2275 enim
3275 2237 3397 2277 vere
3432 2232 3519 2277 est
3542 2265 3556 2290 ,
3590 2240 3703 2280 cum
3728 2242 3804 2282 sua

2253 2307 2486 2376 pernicie
2516 2316 2590 2361 tot
2617 2323 2752 2379 opes
2778 2309 3092 2381 insumere),
3124 2312 3359 2376 morbos,
3394 2313 3739 2380 inﬁrmitates,
3762 2330 3805 2371 et

2251 2401 2574 2471 voluptatem
2600 2411 2902 2457 contemne.
2930 2404 3074 2470 Quot
3100 2406 3177 2459 vis
3218 2404 3311 2459 tibi
3339 2405 3589 2462 homines
3614 2424 3807 2464 enume-

2252 2508 2365 2547 rem
2390 2494 2524 2546 mala
2556 2508 2741 2563 passos
2768 2509 2797 2547 a
2824 2494 3196 2551 deliciis?Noe
3228 2496 3522 2551 inebriatus
3546 2510 3625 2553 est
3648 2516 3705 2555 ac
3726 2517 3807 2554 nu-

2250 2584 2439 2651 datus;
2473 2596 2527 2641 et
2550 2586 2671 2642 vide
2700 2597 2831 2655 quot
2862 2588 2985 2642 hinc
3016 2589 3153 2642 mala
3180 2592 3460 2645 evenerint
3491 2609 3503 2645 :
3539 2607 3633 2661 per
3656 2594 3808 2663 gulam

2253 2677 2390 2731 Esaia
2435 2678 2782 2748 primogenita
2824 2679 3090 2749 perdidit,
3123 2689 3178 2735 et
3211 2680 3277 2734 ad
3321 2682 3503 2736 fratris
3543 2684 3732 2738 caedem
3762 2700 3809 2738 se

2250 2769 2499 2823 accinxit.
2532 2768 2763 2839 Populus
2790 2769 2958 2824 Israel
2994 2773 3121 2824 sedit
3152 2774 3463 2826 manducare
3488 2784 3536 2827 et
3561 2774 3715 2829 bibere
3737 2817 3749 2840 ,
3774 2786 3810 2828 et

2250 2868 2570 2913 surrexerunt
2616 2860 2788 2913 ludere
2826 2859 2844 2929 (
2875 2859 3045 2914 Exod.
3080 2862 3166 2916 52.
3198 2863 3295 2931 6).
3357 2862 3485 2917 Ideo
3538 2866 3639 2929 ait,
3679 2865 3807 2921 Com-

2250 2950 2404 3004 edens
2430 2962 2477 3005 et
2504 2951 2672 3006 bibens
2697 2952 2962 3006 recordare
2988 2953 3194 3007 Domini
3221 2954 3315 3009 Dei
3341 2957 3414 3009 tui
3437 2955 3616 3023 (Deut.
3643 2958 3694 3012 6.
3719 2959 3809 3029 ιε).

2252 3045 2308 3099 lu
2339 3045 2686 3114 praacipitium
2724 3047 2866 3101 enim
2897 3055 3155 3113 ruerunt,
3188 3050 3273 3117 qui
3306 3050 3356 3102 in
3385 3050 3613 3105 delicias
3642 3052 3812 3106 incide-

2251 3147 2393 3191 runt.
2434 3137 2620 3203 Vidua,
2654 3139 2842 3208 inquit,
2873 3155 2985 3209 qua:
3010 3140 3065 3192 in
3092 3140 3287 3194 deliciis
3315 3150 3407 3207 est,
3442 3142 3615 3196 vivens
3642 3154 3813 3195 mortua

2252 3242 2322 3285 est
2349 3232 2423 3305 (l.
2453 3230 2587 3286 Tim.
2618 3233 2670 3286 5.
2702 3232 2790 3303 6);
2823 3247 2886 3287 ac
2915 3249 3147 3296 rursum,
3177 3232 3562 3304 lmpinguatus,
3592 3237 3814 3289 incrasss-

2252 3335 2331 3377 tus
2355 3336 2447 3389 est,
2476 3334 2523 3377 et
2546 3324 2878 3378 recalcitravit
2899 3325 3109 3379 dilectus
3129 3324 3303 3397 (Deut.
3330 3327 3420 3381 52.
3454 3328 3573 3398 15);
3606 3343 3814 3381 rursum-

2252 3432 2354 3484 que
2373 3417 2654 3486 Apostolus
2676 3450 2693 3476 ,
2721 3416 2903 3471 Carnis
2931 3434 3104 3471 curant
3132 3435 3198 3471 ne
3232 3420 3451 3488 feceritis
3488 3420 3544 3472 in
3585 3419 3816 3473 desideriis

2254 3508 2445 3578 (Rom.
2479 3509 2566 3563 15.
2604 3508 2726 3579 id).
2766 3507 2881 3562 Non
2929 3509 3101 3578 legem
3146 3524 3286 3578 pono
3320 3509 3599 3579 jejunium
3628 3510 3645 3578 (
3671 3525 3816 3579 neque

2253 3602 2394 3654 enim
2424 3609 2508 3655 est
2532 3601 2619 3669 qui
2649 3601 2893 3668 audiat),
2927 3601 3022 3656 sed
3054 3602 3377 3671 voluptatem
3417 3605 3644 3657 nimiam
3673 3603 3815 3667 tollo,

2254 3694 2470 3748 delicias
2507 3693 2761 3747 exscinde
2800 3693 2865 3747 ad
2900 3694 3180 3749 utilitatem
3220 3704 3499 3750 vestram:
3532 3697 3678 3750 velut
3700 3695 3816 3748 enim

2257 3796 2482 3849 torrens,
2506 3785 2587 3839 sic
2609 3786 2786 3840 omnia
2812 3788 3130 3841 subvertunt
3153 3786 3395 3855 delicize;
3430 3789 3572 3842 nihil
3602 3799 3681 3843 est
3702 3788 3817 3858 quod

2257 3877 2511 3946 impediat
2546 3878 2697 3943 illas;
2737 3892 2768 3932 e
2808 3893 2973 3948 regno
3013 3878 3251 3949 ejiciunt.
3280 3879 3419 3945 Quid
3446 3864 3721 3951 amplius?
3748 3879 3818 3932 \‘is

2255 3967 2528 4022 deliciari?
2560 3967 2639 4021 Da
2678 3968 3002 4037 pauperibus
3026 4010 3042 4031 .
3070 3985 3201 4024 voca
3244 3966 3528 4025 Christum
3550 4013 3568 4034 ,
3608 3972 3818 4025 utetiam

2255 4060 2463 4113 sublata
2504 4074 2686 4114 mensa
2724 4059 3012 4115 delicieris.
3044 4060 3195 4116 Nunc
3223 4063 3364 4117 cnim
3397 4077 3515 4117 non
3549 4063 3743 4122 babes;
3767 4064 3815 4114 iu

2256 4151 2470 4222 «expedit
2495 4168 2509 4206 :
2538 4166 2712 4221 neque
2757 4151 2898 4205 enim
2953 4161 3097 4206 stant
3141 4154 3428 4223 prmsentia
3459 4173 3474 4209 :
3511 4164 3641 4209 tunc
3674 4164 3816 4208 autem

2258 4244 2500 4300 habebis.
2551 4244 2641 4298 Vis
2683 4244 2965 4300 deliciari?
3015 4246 3111 4301 Ale
3153 4248 3386 4302 animam
3418 4264 3436 4302 z
3468 4249 3537 4304 da
3584 4249 3664 4303 illi
3701 4247 3818 4303 cibos

2256 4338 2451 4408 quibus
2479 4337 2716 4391 assuevit
2743 4354 2759 4392 :
2787 4353 2853 4392 ne
2884 4337 3024 4393 fame
3053 4338 3266 4394 occidas
3294 4340 3469 4394 illam.
3505 4340 3736 4410 Tempus
3761 4349 3822 4391 est

2258 4430 2381 4484 belli
2423 4439 2474 4484 et
2520 4445 2729 4500 pugnae,
2760 4438 2815 4485 tu
2842 4446 2968 4486 vero
3006 4431 3163 4487 sedes
3202 4433 3254 4485 in
3275 4431 3536 4488 deliciis?
3566 4433 3681 4489 Non
3703 4430 3819 4483 vides

2257 4536 2351 4576 eos
2379 4521 2469 4591 qui
2509 4531 2715 4590 sceptra
2749 4530 2933 4576 tenent
2954 4563 2971 4588 ,
3002 4522 3054 4575 in
3083 4524 3321 4577 exercitu
3361 4521 3650 4595 frugaliter
3676 4523 3824 4577 viven»

2259 4622 2356 4666 tes.
2394 4611 2516 4666 Non
2550 4622 2623 4666 est
2651 4613 2793 4667 nobis
2825 4612 2958 4666 lucta
2982 4613 3222 4667 adversus
3246 4616 3558 4684 sanguinem
3585 4624 3632 4669 et
3652 4628 3823 4668 carnem

2259 4705 2277 4774 (
2303 4704 2493 4775 Epiros.
2537 4704 2589 4759 6.
2630 4705 2695 4758 η
2716 4702 2774 4773 );
2811 4714 2863 4758 tu
2894 4719 3024 4759 vero
3055 4714 3110 4759 te
3140 4706 3447 4776 impinguas
3476 4701 3823 4777 pugnaturus!

2261 4799 2516 4853 Dentibus
2558 4797 2793 4852 stridens
2833 4805 2941 4852 stat
2983 4798 3355 4865 adversarius;
3404 4808 3464 4853 tu
3498 4814 3629 4854 vero
3656 4798 3824 4853 clIusus

2259 4908 2317 4945 es
2345 4901 2397 4944 et
2427 4905 2623 4944 mensae
2652 4889 2913 4945 addictus.
2949 4891 3073 4946 Scio
3113 4906 3199 4947 me
3238 4890 3354 4947 haec
3395 4890 3609 4947 frustra
3634 4890 3822 4947 dicere.

2259 4984 2353 5039 sed
2392 4999 2500 5036 non
2535 4984 2805 5039 omnibus.
2848 4982 2947 5050 Qui
2982 4983 3126 5038 habet
3160 5000 3306 5038 aures
3339 4985 3638 5050 audiendi,
3678 4982 3827 5035 audiat

2260 5076 2405 5147 (Luc.
2434 5080 2486 5134 8.
2516 5079 2590 5150 8).
2621 5077 2864 5132 Christus
2892 5077 3030 5132 fame
3058 5074 3313 5143 tabescit;
3336 5088 3393 5132 et
3420 5088 3481 5132 tu
3506 5094 3617 5148 prae
3637 5076 3827 5146 crapula

2259 5170 2580 5240 dirumperis
2602 5187 2616 5221 :
2641 5170 2749 5224 duo
2778 5170 2892 5224 sine
2918 5184 3165 5223 mensura
3194 5179 3336 5223 sunt.
3368 5169 3519 5235 Quid
3552 5170 3694 5224 enim
3724 5162 3827 5220 mali

2260 5278 2366 5316 non
2384 5263 2595 5332 pariunt
2614 5261 2819 5315 delicia:
2841 5260 2958 5332 ?(a)
2980 5259 3113 5333 [Sibi
3134 5260 3261 5330 ipsis
3278 5260 3644 5316 adversantur
3661 5254 3829 5330 :]unde

2258 5357 2441 5411 nescio
2468 5356 2734 5424 quomodo
2770 5355 2869 5408 hoc
2902 5368 3095 5409 nomen
3122 5355 3323 5408 sortita:
3349 5354 3506 5420 sint;
3536 5354 3633 5410 sed
3659 5366 3824 5423 quem-

2259 5450 2543 5506 admodum
2574 5459 2627 5505 et
2655 5449 2818 5519 gloria
2857 5464 2975 5519 quae
3006 5458 3088 5504 est
3122 5448 3336 5504 infamia
3361 5490 3376 5512 ,
3413 5459 3475 5505 et
3503 5448 3704 5505 divitia:
3730 5457 3829 5515 qua:

2258 5554 2384 5599 sunt
2422 5552 2702 5611 paupertas
2725 5582 2741 5606 ,
2778 5541 2849 5594 ita
2884 5540 3041 5595 dictae
3074 5550 3200 5596 sunt
3229 5560 3241 5596 :
3270 5541 3346 5596 sic
3383 5551 3443 5596 et
3485 5542 3695 5596 delicia:
3728 5551 3829 5607 qua

2259 5645 2385 5691 sunt
2425 5632 2701 5689 molestiae.
2730 5629 2871 5688 Num
2911 5632 3217 5687 immolandi
3254 5647 3449 5688 sumus
3472 5673 3489 5698 ,
3520 5634 3614 5703 qui
3646 5642 3738 5686 nos
3770 5628 3830 5681 ita

2322 5769 2394 5831 (α)
2418 5775 2530 5832 Qum
2562 5765 2750 5832 uncinis
2771 5764 3061 5817 clauduntur
3084 5780 3181 5817 non
3215 5766 3334 5827 legit
3371 5767 3566 5832 uomit,
3594 5766 3829 5832 posuitque

2260 5834 2310 5883 in
2331 5827 2561 5893 margine
2581 5827 2795 5879 Savilius.
3472 5850 3479 5855 η
