4100 6354
175 298 250 352 207
1117 293 1183 346 IN
1217 291 1398 346 ACTA
1438 286 1758 346 APOSTOL‘

1860 286 1972 342 UM.
2015 285 2248 342 HOMIL.
2277 289 2489 346 XXVII.

173 415 245 484 piv
265 429 276 441 ·
295 405 476 480 τροφάς
511 406 780 479 ζητῶμεν,
823 405 897 478 μὴ
927 405 1095 460 νόσων
1128 405 1430 468 ὑποθέσεις,
1457 404 1628 458 νόσων
1660 402 1755 456 καὶ

171 498 356 570 ψυχικῶν
384 497 468 548 καὶ
501 495 821 566 σωματικῶν
842 513 856 527 ο
876 494 1078 565 τροφὴν
1106 492 1354 566 ζητῶμεν
1382 493 1572 563 ἡδονὴν
1604 491 1754 561 ἐχου-

172 605 256 652 σαν,
281 585 342 656 μὴ
363 584 564 654 τρυφὴν
590 583 777 652 ἀηδίας
801 582 1074 652 γέμουσαν
1100 599 1113 611 ·
1143 580 1297 634 τοῦτο
1327 579 1506 650 τρυφὴ
1530 621 1544 645 ,
1576 579 1752 631 ἐκεῖνο

170 680 275 745 λύμη
295 692 306 706 ·
327 672 471 726 τοῦτο
507 671 686 742 ἡδονὴ,
719 673 894 741 ἐκεῖνο
934 671 1131 733 πόνοςα
1156 685 1168 697 ⁶
1193 669 1351 722 τοῦτο
1377 667 1516 720 κατά
1549 667 1708 735 φύσιν
1731 706 1747 729 ,

170 767 297 818 ἐκεῖνο
316 760 451 832 παρά
478 762 658 829 φύσιν.
681 760 816 812 Εἰπέ
841 759 948 831 γάρ
983 776 1095 827 μοι,
1131 758 1290 821 εἴτις
1330 756 1496 810 ἔδωκέ
1534 773 1615 808 σοι
1646 753 1751 808 κώ-

169 871 267 906 νειον
288 853 431 915 πιεῖν,
457 848 576 918 οὐχὶ
607 847 751 918 παρά
776 847 936 915 φύσιν
959 842 1059 916 ῆν;
1085 847 1237 908 εἴτις
1267 845 1397 909 ξύλα
1427 844 1520 897 καὶ
1547 842 1750 905 λίθους,

169 942 235 993 οὐκ
266 938 318 991 ἃν
355 935 740 1006 ἀπεστράφης;
791 933 1025 997 Εἰκότως
1048 950 1061 962 ·
1108 933 1256 1004 παρὰ
1283 930 1444 1002 φύσιν
1480 930 1586 1000 γάρ
1614 932 1749 983 ἐστι.

169 1026 358 1080 Τοιοῦτον
385 1025 475 1078 καὶ
501 1026 535 1094 ἡ
571 1025 773 1094 τρυφή.
817 1021 1084 1092 Καθάπερ
1123 1021 1229 1092 γὰρ
1255 1022 1311 1074 ἐν
1343 1019 1494 1073 πόλει
1533 1019 1752 1088 πολιορ-

170 1117 253 1177 κίας
273 1113 548 1183 γενομένης
575 1112 743 1174 πολὺς
775 1110 1001 1180 θόρυϐος
1029 1110 1235 1178 γίνεται
1266 1109 1360 1162 καὶ
1383 1107 1618 1181 τάραχος
1644 1105 1750 1157 τῶν

171 1201 376 1271 πολεμίων
421 1200 876 1267 ἐπεισελθόντων
903 1197 1074 1260 οὕτως
1115 1199 1172 1249 ἐν
1211 1200 1278 1267 τῇ
1329 1196 1470 1266 ψυχῇ
1505 1195 1711 1263 γίνεται
1734 1232 1748 1256 ,

169 1292 263 1342 οἴνου
284 1290 364 1341 καὶ
380 1288 589 1360 τρυφῆς
620 1284 1057 1356 ἐπεισελθούσης.
1086 1283 1214 1338 Τίνι
1245 1283 1397 1347 οὐαί,
1432 1282 1549 1334 τίνι
1582 1282 1751 1348 θόρυ-

170 1380 240 1440 ίοι,
263 1377 361 1429 τίνι
395 1376 596 1443 ἁηδίαι
646 1375 746 1428 καὶ
789 1373 1035 1442 λέσχαι,
1065 1373 1181 1424 τίνι
1205 1372 1401 1438 κρίσις
1414 1387 1432 1432 ;
1459 1369 1594 1438 οὐχὶ
1627 1369 1751 1435 τοῖς

169 1463 540 1531 ἐγχρονίζουσιν
563 1463 638 1516 ἐν
662 1462 878 1524 alvom;
912 1461 1078 1525 Τίνος
1111 1458 1400 1511 πελιδινοὶ
1437 1460 1492 1510 οἱ
1528 1458 1751 1525 ὀφθαλ-

166 1553 256 1619 μοι’;
285 1552 424 1604 Ἀλλά
445 1551 576 1620 γάρ,
601 1551 704 1602 ὅσα
729 1549 796 1602 ἀν
825 1548 1089 1618 εἴπωμεν,
1112 1549 1210 1600 οὐκ
1228 1547 1604 1616 ἀποστήσομεν
1625 1545 1752 1608 τοὺς

169 1639 252 1708 περὶ
271 1638 351 1709 τὴν
382 1638 594 1707 τρυφὴν
633 1636 1115 1706 ἀπησχολημένους
1140 1678 1154 1700 ,
1182 1636 1247 1688 ἂν
1277 1634 1351 1706 μὴ
1390 1635 1521 1705 πρὸς
1568 1633 1751 1703 ἕτερον

167 1727 498 1794 ἀναστήσωμεν
521 1725 585 1777 τὸ
611 1723 803 1786 πάθος.
824 1725 928 1777 Καὶ
944 1723 1158 1794 πρῶτον
1193 1722 1288 1792 μὲν
1305 1722 1440 1793 πρὸς
1465 1721 1562 1784 τάς
1599 1720 1748 1793 [218]

167 1816 357 1880 γυναῖκας
383 1815 512 1882 ἡμῖν
541 1813 688 1865 έστω
718 1812 932 1880 δλόγος.
963 1811 1124 1864 υύδέν
1139 1811 1482 1882 αἰσχρότερον
1497 1809 1751 1877 γυναικὸς

167 1899 402 1968 τρυφώσης,
447 1898 609 1952 οὐδὲν
655 1899 1005 1970 αἰσχρότερον
1057 1896 1750 1968 μεθυούσηςοάμαυροῦται

167 1987 281 2055 αὐτῆς
302 1987 355 2040 10
393 1986 492 2057 τῆς
525 1987 709 2055 ὅψεως
759 1986 937 2050 ἄνθος,
993 1985 1237 2038 θολοῦται
1287 1987 1349 2038 10
1387 1985 1616 2056 γαληνὸν
1659 1986 1752 2037 καὶ

165 2076 308 2143 ᾗμερον
348 2073 450 2127 τῶν
501 2072 825 2142 ὀφθαλμῶν,
876 2074 1036 2126 οἱονεὶ
1079 2073 1307 2144 νεφέλης
1351 2074 1493 2135 τινός
1532 2073 1754 2134 ἀκτῖνας

166 2163 509 2232 ὑποδραμούσης
560 2161 820 2232 ήλιακάς.
857 2161 1228 2233 ’Λνελεύθερον
1277 2163 1340 2214 τὸ
1377 2163 1609 2232 πρᾶγμα
1662 2161 1754 2214 καὶ

163 2251 358 2313 δουλικὸν,
387 2253 476 2304 καὶ⁵
511 2251 702 2322 πάσης
739 2249 1052 2317 δυσγενείας
1085 2251 1405 2319 ἀνάμεστον.
1453 2249 1577 2311 Πῶς
1609 2249 1754 2299 ἐστιν

163 2339 280 2408 ἀηδὴς
304 2340 434 2391 οίνου
482 2337 839 2392 ἀποπνέουσα
890 2340 1025 2408 γυνὴ
1088 2337 1360 2400 ὀδωδότος,
1420 2336 1750 2403 σεσηπότος·

164 2428 426 2496 ἐρευγομένη
462 2425 650 2497 κρεῶν
675 2425 1028 2496 διεφθορότων
1052 2426 1247 2494 χυμὸν,
1281 2424 1624 2494 βεϐαρημένη
1657 2425 1754 2476 καὶ

164 2514 440 2583 διαναστῆναι
489 2515 565 2586 μὴ
621 2514 894 2583 δυναμένη
921 2554 934 2576 ,
971 2513 1171 2583 ἐρυθρά
1221 2508 1356 2564 οὖσα
1399 2510 1491 2564 τοῦ
1549 2510 1755 2572 δέοντος

165 2603 290 2667 τλέον,
321 2603 528 2673 χάσμης
574 2601 827 2672 γέμουσα
858 2602 949 2653 καὶ
987 2600 1182 2670 ἀχλύος
1217 2599 1442 2668 πολλῆς;
1483 2597 1618 2651 Ἀλλ’
1657 2597 1756 2650 οὐκ

164 2692 343 2761 ἐκείνηή
373 2690 590 2761 τρυφῆς
630 2689 944 2758 ἀπεχομένη
978 2687 1201 2756 τοιαύτη
1241 2703 1254 2718 ’
1296 2686 1431 2740 ἀλλὰ
1460 2685 1630 2756 σεμνὴ
1665 2688 1756 2740 καὶ

164 2777 332 2848 σώφρων
361 2779 449 2832 καὶ
480 2777 765 2848 εὔμορφος
792 2775 840 2828 δ.
870 2776 977 2827 Καὶ
1010 2775 1115 2844 γὰρ
1152 2773 1228 2843 τῷ
1261 2773 1469 2843 σώματι
1499 2774 1632 2825 πολὺ
1665 2791 1758 2826 πε-

165 2866 339 2935 ριτίθησι
379 2865 576 2927 κάλλος
624 2864 724 2933 τῆς
760 2861 937 2932 ψυχῆς
967 2863 1002 2931 ἡ
1045 2863 1392 2925 κατάστασις.
1428 2862 1519 2931 Μὴ
1552 2861 1660 2930 γὰρ
1693 2860 1756 2931 δὴ

164 2954 329 3024 νομίσῃς
347 2953 447 3006 ἀπὸ
467 2954 582 3005 τῶν
611 2950 936 3020 σωματικῶν
964 2949 1147 3002 τύπων
1185 2949 1342 3002 τοῦτο
1383 2949 1623 3018 γίνεσθαι
1666 2950 1760 3019 μό-

163 3059 235 3093 νον.
251 3043 329 3104 Δὸς
348 3040 626 3112 εὐμορφον
641 3038 831 3109 κόρην,
848 3037 1279 3108 τεταραγμένην,
1303 3037 1478 3096 λάλον,
1501 3037 1756 3107 λοίδορον,

166 3128 354 3195 μέθυσον,
382 3125 688 3196 πολυτελῆ,
724 3126 773 3177 εί
806 3124 880 3196 μὴ
915 3124 1094 3194 πάσης
1124 3126 1352 3194 αἰσχρᾶς
1384 3123 1759 3194 δυσειδεστέρα

165 3216 430 3287 καθέστηκεν
455 3233 471 3281 ;
505 3216 571 3268 Εἰ
608 3213 664 3266 δὲ
694 3212 1000 3284 αἰσχύνοιτο
1019 3252 1034 3275 ,
1069 3214 1117 3265 εί
1154 3211 1208 3264 δὲ
1235 3211 1404 3282 σιγῴη
1429 3252 1443 3275 ,
1473 3214 1519 3264 εί
1545 3213 1601 3265 δὲ
1635 3213 1760 3283 ἐρυ-

167 3306 274 3377 θριᾷν
307 3306 580 3376 μανθάνοι,
619 3304 667 3356 εἰ
691 3302 746 3356 δέ
769 3301 1100 3371 φθέγγεσθαι
1127 3301 1474 3372 συμμέτρως,
1509 3303 1558 3353 εἰ
1582 3301 1638 3353 δὲ
1665 3319 1760 3368 νη-

166 3397 316 3458 στείαις
333 3393 687 3465 ἐσχολακέναι
710 3404 727 3420 ⁶
747 3389 969 3443 διπλοῦν
1001 3391 1062 3442 τὸ
1096 3389 1308 3452 κάλλος,
1346 3389 1542 3442 πλείων
1565 3392 1596 3460 ὴ
1621 3389 1757 3460 ὥρα,

166 3481 444 3554 ποθεινοτέρα
485 3484 520 3552 ἡ
556 3479 686 3548 ὄψις
709 3519 724 3541 ,
757 3477 1105 3549 σωφροσύνης
1140 3477 1381 3548 γέμουσα
1407 3477 1499 3529 καὶ
1535 3477 1762 3546 κοσμιό-

165 3585 293 3637 τητος.
312 3571 492 3623 Βούλει
511 3567 708 3621 λοιπὸν
737 3565 831 3618 καὶ
857 3565 986 3635 περὶ
1018 3565 1224 3636 ἀνδρῶν
1251 3564 1524 3636 εἴπωμεν;
1574 3566 1639 3618 Τί
1664 3564 1760 3618 τοῦ

170 3656 393 3721 μεθύοντος
427 3654 828 3726 αἰσχρότερον;
861 3651 1276 3719 Καταγέλαστος
1307 3652 1564 3716 οἰκέταις,
1605 3670 1764 3706 κατα-

166 3744 361 3810 γῦιαστος
385 3745 632 3816 ἐχθροῖς,
659 3742 888 3803 ἐλεεινὸς
912 3742 1061 3811 παρά
1094 3740 1264 3810 φίλοις
1283 3784 1297 3804 ,
1362 3740 1560 3810 μυρίας
1597 3759 1764 3794 κατα-

168 3832 356 3898 γνώσεως
377 3833 542 3898 ἄξιος,
579 3830 768 3900 θηρίον
796 3829 911 3881 ἐστὶ
939 3827 1193 3898 μᾶλλονῆ
1222 3826 1503 3898 ἄνθρωπος
1533 3845 1547 3860 ο
1577 3828 1637 3880 10
1656 3830 1764 3898 γάρ

169 3919 285 3974 πολλὰ
305 3921 562 3975 σιτεῖσθαι
591 3956 608 3980 ,
633 3916 949 3987 παρδάλεως
970 3956 984 3978 ,
1025 3917 1118 3968 καὶ
1149 3915 1359 3977 λέοντος
1381 3956 1396 3980 ,
1430 3915 1527 3968 καὶ
1562 3916 1762 3984 ἄρκτου

169 4006 286 4062 ὲπίν.
319 4009 552 4070 Είκότως
589 4021 606 4036 ⁸
633 4005 696 4056 ού
724 4003 832 4075 γὰρ
857 4001 1067 4072 ἔχουσιν
1099 4003 1282 4054 ἐκεῖνα
1311 4001 1485 4073 ψυχὴν
1516 4003 1762 4072 λογικήν.

171 4092 242 4146 Καὶ
260 4095 347 4166 μὴν
370 4096 605 4150 κάκεῖνα
632 4091 792 4143 πλέον
820 4089 913 4143 τοῦ
942 4091 1150 4152 δέοντος
1179 4089 1273 4142 καὶ
1309 4089 1402 4143 τοῦ
1445 4089 1640 4159 μέτρου
1670 4089 1764 4142 τοῦ

171 4182 368 4251 ταράτῆς
383 4183 604 4253 φύσεως
629 4179 810 4240 αὐτοῖς
829 4177 1132 4248 ὡρισμένου
1156 4176 1477 4240 σιτισθέντα,
1493 4176 1765 4248 διέφθειρε

171 4266 209 4315 τὸ
228 4269 310 4320 πᾶν
334 4270 485 4340 σῶμα
516 4287 530 4301 ο
569 4267 724 4336 πόσῳ
755 4259 846 4318 οὗν
888 4264 1086 4333 μᾶλλον
1115 4267 1312 4335 ἡμεῖς;
1339 4265 1438 4318 Διὰ
1457 4264 1615 4317 τοῦτο
1634 4267 1765 4335 ἡμῖν

173 4353 223 4415 εξ
245 4357 413 4428 μικρὸν
454 4354 771 4411 συνέστειλε
812 4354 909 4424 τὴν
937 4351 1178 4424 γαστέρα
1220 4355 1249 4406 ὁ
1291 4352 1422 4418 Θεός
1449 4369 1465 4384 ·
1493 4353 1580 4406 διὰ
1609 4353 1766 4407 τοῦτο

173 4440 532 4566 έλὲἷξνσθμέτρον
561 4443 731 4515 ὥρισε
758 4441 989 4512 τροφῆς,
1025 4441 1112 4494 ἵνα
1141 4439 1405 4512 παιδεύσῃ
1433 4440 1610 4511 ψυχῆς
1641 4443 1764 4493 ἐπι-

175 4527 216 4566 ut
243 4530 278 4562 ἰ
335 4533 406 4566 αι.

175 4527 406 4569 μειεισυαι.

175 4527 420 4648 ﬁngi;
427 4583 694 4655 μάθωμεν
707 4582 876 4654 αὐτὴν
891 4583 988 4653 τὴν
1002 4580 1343 4649 κατασκευὴν
1357 4579 1458 4649 τὴν
1474 4579 1763 4651 ἡμετέραν,

174 4668 236 4719 καὶ
264 4670 486 4742 ὀψόμεθα
521 4671 586 4725 ἓν
628 4670 813 4741 μόριον
845 4671 902 4722 ἐν
931 4672 1062 4741 ἡμῖν
1092 4667 1291 4736 ταύτην
1328 4665 1449 4738 ἔχον
1492 4668 1589 4737 τὴν
1620 4667 1769 4738 ἐνέρ-

175 4768 298 4816 γειαν.
319 4759 389 4813 T0
417 4759 602 4830 στόμα
635 4756 744 4828 γὰρ
777 4757 935 4827 ἡμῶν
961 4758 1056 4810 καὶ
1085 4757 1118 4826 ἠ
1145 4754 1360 4823 γλῶττα
1398 4755 1532 4824 πρὸς
1565 4754 1767 4825 ὕμνους

175 4840 440 4914 ἀφώρισται,
471 4850 501 4900 ὁ
527 4845 748 4916 φάρυγξ
775 4844 910 4914 πρὸς
931 4845 1132 4913 φωνην.
1150 4842 1246 4895 Διά
1266 4841 1422 4894 τοῦτο
1445 4843 1536 4894 καὶ
1553 4842 1764 4913 ἀνάγκη

175 4929 239 4996 τῆς
258 4934 450 5001 φύσεως
476 4934 630 5006 ἡμᾶς
663 4931 1022 5000 ἐγκατέδησεν
1047 4941 1094 4993 ο,
1139 4931 1225 4983 ἵνα
1254 4931 1385 5001 μηδὲ
1418 4931 1640 4992 ἄκοντες
1666 4932 1766 4999 ἐμ-

176 5016 402 5092 πίπτωμεν
439 5026 522 5087 είς
571 5021 775 5091 πολλὴν
811 5019 1210 5090 πραγματείαν.
1248 5020 1333 5082 Ὠς
1364 5019 1416 5071 εῖ
1436 5035 1498 5088 γε
1528 5021 1561 5089 ἡ
1591 5019 1768 5090 τρυφὴ

178 5105 318 5170 πόνους
344 5110 415 5180 μὴ
441 5108 582 5181 εἶχε,
623 5109 758 5180 μηδὲ
780 5109 965 5170 νόσους
992 5106 1086 5158 καὶ
1112 5106 1418 5176 ἀρρωστίας
1438 5145 1452 5169 ,
1487 5106 1718 5176 φορητὸν
1749 5110 1767 5129 ¹

176 5181 248 5255 ἦν’
267 5194 346 5247 νῦν
367 5198 423 5250 δέ
444 5214 532 5250 σοι
561 5195 806 5249 τέθεικεν
833 5194 1083 5264 όροθέσια
1113 5194 1214 5262 τῆς
1249 5193 1480 5262 φύσεως,
1510 5193 1595 5245 ἵνα
1637 5193 1769 5262 μηδέ

180 5272 439 5351 βουλόμενος
467 5283 826 5355 ὑπερϐαίνῃς.
871 5282 982 5351 υύχ
1009 5280 1200 5350 ἡδονὴν
1232 5281 1411 5349 ζητεῖς
1436 5319 1450 5342 ,
1483 5279 1766 5350 ἀγαπητέ;

179 5361 303 5420 Τοῦτο
326 5373 472 5441 παρά
501 5372 602 5442 τῆς
633 5370 965 5441 αὐταρκείας
992 5369 1260 5440 εὑρήσεις.
1289 5368 1400 5438 Οὐχ
1428 5368 1616 5434 ὑγείαν
1638 5383 1653 5433 ;
1676 5369 1770 5422 καὶ

178 5449 322 5508 109:0-
344 5461 458 5529 οὐχὶ
479 5459 848 5532 ἀμεριμνίαν;
897 5460 990 5511 καὶ
1038 5454 1227 5510 τοῦτο’
1255 5456 1374 5525 οὐχὶ
1421 5455 1766 5526 ἐλευθερίαν;

178 5537 263 5608 οὐχὶ
289 5535 440 5614 βῶσιν
476 5548 726 5620 σώματος
752 5587 766 5612 ,
797 5547 917 5617 οὐχὶ
945 5545 1158 5612 εὐεξίαν
1177 5583 1191 5610 ,
1223 5545 1340 5614 οὐχ).
1368 5545 1526 5615 νῆψιν
1547 5544 1726 5618 ψυχῆς
1749 5585 1765 5609 ,

179 5625 266 5695 οὗχὶ
306 5632 601 5707 διέγερσιν;
653 5635 796 5688 οὕτω
853 5635 1029 5688 πάντα
1091 5631 1159 5686 τὰ
1215 5631 1356 5686 καλά
1417 5631 1683 5707 ἐνταῦθα·
1713 5634 1771 5685 ἐν

200 5715 241 5782 ,ι
264 5718 384 5768 Alius
402 5704 550 5771 έκεῖνο
574 5725 625 5772 δὲ
646 5723 789 5784 λύμη,
833 5723 956 5770 alius
976 5718 1137 5784 ixs'Iv0
1159 5720 1211 5768 δὲ
1231 5719 1391 5784 πόνος.
1447 5704 1476 5744 ι’
1512 5721 1632 5784 ,Αιίι
1666 5721 1768 5767 ἀλλ’

178 5781 445 5874 "worded
496 5787 572 5833 καὶ
621 5781 997 5846 σωφρονεστέρα.
1053 5782 1146 5828 Καὶ
1185 5781 1288 5845 γάρ.
1399 5784 1421 5810 ⁸
1467 5783 1603 5831 Alius
1643 5784 1769 5842 ἡμᾶς

178 5845 387 5874 ἰατρέ-ηρ..
468 5845 583 5874 δεῖ..
605 5848 735 5874 ραι-ιι
785 5852 830 5874 ιιι
856 5844 1022 5874 "mimi
1046 5843 1165 5874 nmhl
1203 5855 1213 5865 -
1243 5842 1455 5874 l‘nmmal
1499 5851 1546 5874 nl
1576 5841 1733 5874 “mnf

178 5841 414 5954 3:31:00;
468 5848 494 5880 "
511 5845 583 5896 Sic
605 5841 757 5897 Savil'.
785 5852 837 5894 et
856 5841 1026 5907 optimi
1046 5841 1215 5902 ωαψς
1243 5841 1477 5893 Commel.
1499 5851 1553 5892 cl
1574 5841 1742 5893 Moulf.

178 5913 214 5946 γ’
281 5918 338 5950 ον.
415 5919 510 5954 οη.

177 5913 338 5954 rvi/mw.
376 5913 510 5958 non.

1853 401 2035 473 ἐκείνῃ
2054 403 2111 456 δὲ
2129 405 2196 456 τά
2218 405 2452 472 ἐναντία,
2477 406 2655 477 ἀηδία,
2687 409 2932 478 καχεξία,
2945 409 3117 478 νόσος,
3139 413 3502 488 ἀνελευθερία,

1853 488 2086 560 δαπάνη.
2134 493 2302 545 Πόθεν
2335 492 2427 547 οὖν
2447 535 2461 558 ,
2487 496 2670 564 φησὶν,
2698 497 2790 549 ἐπὶ
2816 497 3020 570 ταύτην
3043 500 3306 571 τρέχομεν
3333 505 3506 560 ἀπαν-

1855 594 1975 644 τες;
2015 579 2145 632 Ἀπὸ
2167 579 2340 635 νόσου.
2369 583 2502 635 Εἰπὲ
2529 583 2638 654 γάρ
2679 602 2789 654 μοι,
2817 585 2904 638 διὰ
2929 586 2981 638 τί
3011 587 3071 639 10
3105 587 3336 657 βλάπτον
3358 595 3384 644 ὁ
3415 609 3506 645 νο-

1853 664 1960 718 σῶν
1987 666 2266 737 ἐπιζητεῖ;
2300 669 2420 739 οὐχὶ
2458 671 2552 724 καὶ
2581 672 2712 724 αὐτὸ
2745 671 2900 725 τοῦτο
2940 674 3032 726 τοῦ
3074 679 3247 728 νοσεῖν
3281 680 3504 750 σημεῖόν

1850 754 1996 820 ἐστι;
2029 756 2127 809 Διά
2156 755 2208 808 τί
2232 759 2258 809 ὁ
2279 758 2450 827 χωλὸς
2477 759 2550 829 μὴ
2573 760 2708 831 ὀρθά
2738 760 2941 828 βαδίζει
2965 779 2978 827 ;
3002 764 3132 816 αὐτὸ
3150 764 3205 816 δὲ
3227 766 3384 819 τοῦτο
3405 768 3504 821 οὐκ

1849 841 1956 894 ἀπὸ
1998 843 2270 914 ῥᾳθυμίας
2306 847 2399 899 καὶ
2438 845 2530 899 τοῦ
2577 848 2650 918 μὴ
2695 847 2979 917 βούλεσθαι
3011 851 3160 922 παρά
3203 852 3291 905 τὸν
3326 855 3504 925 ἰατρὸν

1853 930 2026 997 ίέναι;
2054 931 2174 985 Τῶν
2202 932 2308 1003 γὰρ
2341 935 2682 1004 πραγμάτων
2713 936 2781 988 τὰ
2819 937 2916 1006 μέν
2944 939 3275 1011 πρόσκαιρον
3311 942 3504 1013 ἡδονὴν

1850 1015 1981 1086 ἔχει,
2013 1018 2233 1090 διηνεκῆ
2259 1020 2314 1072 δέ
2341 1021 2434 1091 τὴν
2462 1021 2680 1075 κόλασιν
2704 1040 2718 1053 ·
2749 1023 2817 1075 τά
2842 1024 2896 1076 δὲ
2919 1027 3242 1088 τούναντίον,
3281 1030 3377 1098 τὴν
3407 1029 3505 1100 μὲν

1852 1107 2142 1177 καρτερίαν
2190 1109 2521 1178 πρόσκαιρον
2546 1152 2560 1172 ,
2611 1110 2829 1181 διηνεκῆ
2863 1112 2918 1164 δὲ
2947 1113 3044 1183 τὴν
3078 1115 3396 1172 ἀπόλαυσιν.
3443 1118 3502 1170 '0

1850 1193 2026 1245 τοίνυν
2046 1194 2186 1247 οὕτω
2213 1195 2409 1265 χαῦνος
2433 1198 2523 1250 καὶ
2558 1199 2816 1268 ῥᾴθυμος,
2843 1197 2980 1251 ὥστε
3007 1200 3080 1271 μὴ
3108 1202 3376 1273 ὑπεριδεῖν
3399 1206 3506 1258 τῶν

1852 1280 2133 1349 παρόντων
2173 1283 2342 1352 ἡδέων
2376 1285 2514 1355 ὑπὲρ
2544 1285 2651 1337 τῶν
2694 1285 3016 1355 μελλόντων,
3049 1289 3255 1358 ταχέως
3287 1290 3507 1343 ἁλίσκε-

1849 1384 1953 1422 ται.
1975 1367 2120 1440 [219]
2144 1371 2275 1423 Εἰπέ
2294 1374 2446 1441 μοι,ό
2461 1373 2627 1425 Ἡσαῦ
2643 1374 2802 1426 πόθεν
2819 1375 2958 1427 ἑάλω
2979 1375 3166 1438 ;πόθεν
3197 1377 3289 1446 τὴν
3305 1379 3508 1449 παροῦο

1852 1471 1950 1508 σαν
1998 1456 2187 1528 ἡδονὴν
2233 1461 2329 1530 τῆς
2370 1459 2666 1532 μελλούσης
2712 1463 3077 1532 προτετίμηκε
3123 1464 3323 1533 τιμῆς;
3375 1466 3506 1518 Ἀπὸ

1849 1546 2176 1615 χαυνότητος
2203 1548 2296 1600 καὶ
2331 1549 2620 1617 μαλακίας.
2651 1550 2818 1602 Τοῦτο
2847 1551 2903 1603 δὲ
2930 1552 3058 1604 αὐτὸ
3083 1551 3264 1611 πόθεν,
3305 1554 3502 1623 φησίν;

1861 1632 1952 1696 Ἐξ
1979 1635 2011 1703 ἡ
2022 1633 2137 1704 μῶν
2154 1635 2330 1688 αὐτῶν
2347 1653 2360 1666 ο
2384 1638 2475 1689 καὶ
2503 1637 2661 1707 δῆλον
2684 1638 3087 1690 ἐκεῖθεν.⁹’οταν
3110 1638 3213 1709 γὰρ
3236 1639 3502 1710 θέλωμεν,

1849 1720 2209 1792 διανιστῶμεν
2257 1725 2503 1788 ἑαυτοὺς,
2545 1726 2640 1778 καὶ
2690 1728 3008 1796 καρτερικοὶ
3059 1727 3338 1797 γινόμεθα.
3380 1728 3504 1780 Ἐάν

1850 1809 1982 1878 γοῦν
2003 1812 2212 1884 ἀνάγκη
2245 1814 2375 1866 ποτὲ
2406 1814 2641 1876 ἐπέλθοι,
2680 1815 2938 1878 πολλάκις
2969 1817 3025 1868 δὲ
3063 1816 3156 1868 καὶ
3202 1816 3508 1888 φιλονεική-

1856 1915 2044 1961 σαντες
2070 1900 2252 1969 μόνον,
2279 1901 2339 1955 10
2365 1904 2634 1973 χρήσιμον
2662 1903 2991 1972 συνείδομεν.

1926 1998 2092 2049 Ὅταν
2110 1999 2289 2050 τοίνυν
2315 1999 2512 2069 μέλλῃς
2546 2001 2772 2072 τρυφᾷν,
2804 2001 3054 2070 ἐννόησον
3090 2001 3150 2053 10
3176 2001 3506 2073 πρόσκαιρον

1851 2083 1951 2152 τὴς
1977 2084 2188 2153 ἡδονῆς,
2233 2086 2332 2155 τὴν
2365 2084 2566 2154 ζημίαν
2622 2086 2817 2155 (ζημία
2865 2087 2972 2156 γάρ
3001 2087 3167 2149 ὅντως
3200 2090 3313 2139 ἐστὶ
3370 2088 3506 2156 μετά

1852 2173 1952 2242 τῆς
1977 2174 2182 2236 οίκείας
2211 2174 2386 2244 λύμης
2414 2174 2648 2228 τοσαῦτα
2688 2177 2938 2246 χρήματα
2961 2175 3247 2245 δαπανᾷν),
3285 2175 3382 2236 τάς
3429 2177 3508 2229 νό-

1854 2277 1997 2321 σους,
2022 2260 2120 2322 τάς
2142 2261 2470 2331 ἀρρωστίας,
2498 2262 2588 2314 καὶ
2611 2262 3016 2330 καταφρόνησον
3045 2265 3271 2331 τρυφῆς.
3302 2263 3508 2327 Πόσους

1855 2347 1937 2398 σοὶ
1969 2346 2145 2415 βούλει
2182 2346 2473 2417 ἀριθμήσω
2497 2349 2640 2400 κακά
2681 2349 2948 2410 παθόντας
2991 2349 3097 2401 ἀπὸ
3121 2351 3220 2417 τῆς
3260 2351 3503 2420 τρυφῆς;

1866 2434 1924 2488 Ὀ
1955 2434 2078 2487 Νῶε
2102 2434 2373 2505 ἐμεθύσθη
2398 2436 2492 2488 καὶ
2524 2435 2834 2504 ἐγυμνώθη,
2885 2435 2980 2488 καὶ
3016 2437 3116 2506 ὅρα
3144 2436 3284 2488 πόσα
3317 2439 3506 2504 γέγονε

1854 2523 1996 2574 κακὰ
2023 2523 2130 2574 ἀπὸ
2153 2521 2361 2574 τούτου·
2396 2522 2424 2573 ό
2479 2522 2649 2575 Ἥσαῦ
2706 2522 2811 2574 ἀπὸ
2844 2519 3178 2592 λαιμαργίας
3234 2523 3507 2594 προέδωκε

1852 2609 1922 2663 τὰ
1969 2611 2331 2681 πρωτοτόκια,
2365 2611 2459 2664 καὶ
2509 2613 2590 2674 εἰς
2635 2611 3048 2680 ἀδελφοκτονίαν
3108 2611 3385 2684 ὥρμησεν.
3445 2614 3510 2666 '0

1851 2698 2000 2764 λαὸς
2026 2701 2058 2751 d
2092 2699 2198 2752 τοῦ
2241 2698 2475 2767 Ἰσραὴλ
2503 2698 2741 2752 ἐκάθισε
2796 2699 3007 2767 φαγεῖν
3057 2700 3157 2754 καὶ
3184 2700 3358 2762 πιεῖν,
3412 2702 3510 2756 καὶ

1854 2784 2201 2851 ἀνέστησαν
2223 2783 2468 2845 παίζειν.
2508 2785 2605 2838 Διά
2627 2785 2783 2838 τοῦτό
2827 2802 2980 2856 φησι,
3006 2785 3215 2856 Φατὼν
3235 2787 3332 2840 καὶ
3360 2788 3514 2841 πιὼν

1851 2869 2151 2938 μνήσθητι
2204 2873 2425 2940 Κυρίου
2477 2872 2583 2926 τοῦ
2616 2873 2764 2926 Θεοῦ
2797 2888 2934 2926 σου.
2979 2874 3074 2937 Et;
3128 2874 3235 2944 γάρ
3272 2876 3514 2946 κρημνὸν

1854 2956 2106 3010 ἐνέπεσον
2131 2960 2178 3010 οἱ
2201 2961 2280 3022 εἰς
2312 2959 2410 3013 τὴν
2461 2959 2666 3030 τρυφὴν
2700 2961 3049 3029 ἐμπεσόντες.
3091 2961 3156 3014 Ἠ
3204 2961 3380 3028 χήρα,
3412 2979 3516 3031 φη-

1857 3045 1962 3108 σὶν,
1977 3046 2014 3113 ὴ
2034 3045 2419 3109 σπαταλῶσα,
2435 3045 2589 3105 ζῶσα
2610 3046 2911 3114 τέθνηκεν·
2929 3049 3022 3100 καὶ
3038 3047 3219 3112 πάλιν,
3239 3048 3514 3101 Ἐλιπὰν-

1856 3136 1948 3199 θη,
1968 3133 2296 3201 ἐπαχύνθη,
2319 3134 2414 3186 καὶ
2436 3133 2879 3187 ἀπελάκτισενό
2892 3134 3290 3202 ἠγιίιπημένος·
3310 3137 3401 3188 καὶ
3415 3136 3517 3188 πά-

1855 3221 1936 3274 λιν
1953 3221 1980 3272 ό
1997 3219 2330 3283 Ἀπόστολος,
2353 3219 2470 3290 Τῆς
2487 3221 2710 3289 σαρκὸς
2728 3222 3014 3288 πρόνοιαν
3025 3222 3110 3290 μὴ
3135 3222 3401 3276 ποιεῖσθε
3428 3226 3515 3289 είς

1856 3308 2187 3376 ἐπιθυμίας.
2224 3308 2297 3360 Οὐ
2330 3308 2605 3376 νομοθετῶ
2635 3308 2885 3378 νηστείαν
2915 3308 3056 3377 (οὐδέ
3099 3309 3207 3380 γάρ
3243 3311 3271 3361 ὁ
3303 3309 3514 3363 ἀκούων

1857 3395 2041 3464 ἐστίν),
2073 3394 2188 3448 ἀλλ’
2217 3394 2424 3465 ἀναιρῶ
2459 3395 2758 3465 σπατάλην,
2801 3396 3052 3448 ἐκκόπτω
3081 3396 3309 3466 τρυφὴν,
3339 3397 3426 3450 διὰ
3456 3398 3515 3451 τὸ

1858 3484 2126 3553 χρήσιμον
2155 3482 2215 3534 10
2243 3482 2524 3553 ὑμέτερον*
2559 3482 2809 3551 καθάπερ
2850 3482 2955 3553 γάρ
3014 3483 3332 3555 χείμαρρος,
3376 3485 3516 3538 οὕτω

1859 3569 2033 3624 πάντα
2056 3570 2348 3640 ἀνατρέπει
2382 3571 2414 3640 ἡ
2443 3571 2642 3640 τρυφή·
2685 3570 2834 3624 οὐδὲν
2861 3569 3028 3640 αὐτὴν
3056 3571 3114 3622 10
3149 3571 3354 3625 κωλύον
3378 3573 3512 3625 ἐστί’

1862 3656 2136 3728 βασιλείας
2166 3657 2434 3711 ἐκϐάλλει.
2473 3659 2536 3710 Τί
2566 3657 2626 3709 10
2678 3657 2874 3722 πλέον;
2925 3657 3112 3710 Βούλει
3149 3661 3390 3729 τρυφᾷνς
3419 3660 3516 3723 Δὸς

1861 3745 2079 3813 πένησι,
2114 3743 2336 3796 κάλεσον
2355 3744 2446 3795 τὸν
2478 3742 2711 3813 Χριστὸν
2746 3743 2831 3795 ἵνα
2865 3744 2957 3795 καὶ
3011 3743 3145 3812 μετά
3169 3743 3228 3794 τὺ
3260 3744 3356 3813 τὴν
3386 3746 3520 3815 τρά-

1862 3831 2032 3895 πεζαν
2065 3831 2292 3902 ἀρθῆναι
2325 3831 2454 3904 έχης
2503 3832 2733 3900 τρυφᾷν.
2776 3829 2889 3882 Νῦν
2922 3831 3017 3899 μὲν
3052 3831 3159 3901 γάρ
3199 3831 3298 3884 οὐκ
3349 3831 3509 3900 ἔχεις,

1862 3918 2104 3980 εἰκότως·
2137 3917 2257 3969 οὐδέ
2278 3916 2386 3986 γάρ
2423 3917 2620 3984 έστηκε
2666 3915 2734 3967 τά
2763 3914 3012 3967 ἐνταῦθα’
3072 3916 3192 3967 τότε
3241 3916 3297 3968 δὲ
3349 3917 3508 3980 ἕξεις.

1862 4003 2047 4057 Βούλει
2067 4003 2375 4074 τρυφῆσαι;
2430 4001 2636 4072 Θρέψον
2667 4003 2764 4070 τὴν
2789 3999 2989 4070 ψυχὴν,
3024 4002 3250 4071 μετάδος
3275 4003 3409 4073 αὐτῇ
3433 4020 3515 4056 σι-

1861 4090 1988 4142 τίων
2027 4082 2101 4143 ῶν
2155 4089 2272 4149 ἔθος
2319 4088 2451 4158 ἔχει·
2501 4088 2574 4158 μὴ
2624 4087 3016 4158 λιμοκτονήσῃς
3065 4089 3253 4156 αὐτὴν.
3313 4089 3516 4160 Καιρδς

1863 4176 2119 4248 πολέμου,
2142 4177 2331 4248 καιρὸς
2385 4175 2614 4244 ἀγῶνος·
2649 4177 2713 4227 σὺ
2736 4174 2793 4226 δέ
2837 4176 3077 4245 κάθησαι
3117 4175 3372 4244 τρυφῶν;
3406 4176 3514 4244 Οὐχ

1862 4264 1992 4335 ὁρᾷς
2029 4264 2275 4327 καὶτοὺς
2304 4264 2372 4318 τά
2427 4263 2678 4334 σκῆπτρα
2732 4263 3244 4333 ἐγκεχειρισμένους
3291 4263 3348 4314 ἐν
3395 4265 3515 4326 ταῖς

1862 4351 1967 4416 ἔξω
2007 4351 2315 4422 στρατείαις
2347 4350 2578 4413 εὐτελῶς
2617 4350 2856 4418 ζῶντας;
2912 4352 3030 4404 Οὐκ
3092 4351 3259 4405 ἔστιν
3308 4350 3450 4419 ἡμῖν
3479 4351 3517 4426 ἡ

1863 4441 2026 4508 πάλη
2070 4439 2218 4507 πρὸς
2239 4434 2381 4508 alga
2415 4438 2514 4492 καί
2545 4437 2762 4506 σάρκαο
2805 4438 2871 4490 σὺ
2908 4438 2963 4490 δὲ
3006 4437 3270 4500 λιπαίνεις
3323 4439 3516 4491 σαυτὸν

1867 4528 2074 4600 μέλλων
2103 4527 2380 4594 παλαίεινς
2415 4528 2655 4597 Ἔστηκε
2674 4527 2874 4597 τρίζων
2906 4527 3031 4590 τοὺς
3055 4525 3271 4587 ὀδόντας
3294 4523 3469 4578 αὐτοῦ’
3487 4528 3521 4583 0,

1865 4616 2173 4680 ἀντίπαλος,
2209 4617 2273 4670 σὺ
2291 4617 2348 4669 δὲ
2383 4615 2768 4686 διακεχυμένος
2799 4616 3104 4685 τυγχάνεις,
3159 4616 3249 4666 καὶ
3270 4611 3518 4690 τραπέζῃ

1865 4704 2176 4775 προσέχεις.
2207 4699 2339 4757 Οἶδα
2384 4705 2504 4774 εἰκῆ
2529 4703 2702 4757 ταῦτα
2760 4703 2951 4771 λέγων,
3003 4701 3117 4755 ἀλλ’
3146 4703 3242 4770 οὐχ
3289 4701 3513 4755 ἅπασιν.

1876 4794 1938 4847 '0
1964 4795 2121 4861 ἔχων
2142 4790 2259 4848 ὦτα
2278 4795 2520 4847 ἀκούειν
2545 4792 2828 4847 ἀκουέτω.
2872 4792 2930 4844 Ὀ
2971 4788 3200 4860 Χριστὸς
3228 4789 3332 4842 ὑπὸ
3358 4789 3514 4860 λιμοῦ

1866 4883 2110 4952 τήκεται,
2141 4882 2206 4934 σὺ
2227 4881 2280 4933 δὲ
2314 4880 2418 4934 ὑπὸ
2443 4879 2882 4950 γαστριμαργίας
2914 4877 3146 4946 διασπᾷς
3176 4877 3388 4928 σαυτόν·
3424 4875 3516 4931 δύο

1866 4969 2144 5040 ἀμετρίαι.
2175 4969 2238 5021 Τί
2261 4969 2368 5040 γὰρ
2395 4969 2454 5020 ού
2481 4970 2624 5020 ποιεῖ
2651 4965 2816 5020 κακὸν
2844 4967 2876 5034 ἡ
2903 4965 3114 5034 τρυφῆς
3148 4963 3289 5032 Πρὸς
3319 4965 3516 5030 ἑαυτὴν

1867 5058 2081 5109 ἐναντία
2112 5055 2257 5110 ἐστίν
2282 5061 2323 5086 *ο
2349 5055 2469 5108 ὅθεν
2499 5054 2598 5106 οὐκ
2626 5049 2761 5114 οἴδα,
2799 5051 2914 5113 πῶς
2963 5051 3056 5103 καὶ
3082 5050 3144 5103 10
3170 5050 3338 5120 ὄνομα
3359 5051 3516 5105 τοῦτο

1869 5141 2000 5211 ἔχει·
2030 5142 2144 5195 ἀλλ’
2166 5141 2353 5211 ῶσπερ
2372 5143 2405 5209 ἡ
2439 5138 2564 5203 δόξα
2600 5137 2793 5207 ἀτιμία
2815 5133 2966 5201 οὖσα,
3002 5136 3096 5190 καὶ
3119 5138 3147 5190 ὁ
3171 5136 3400 5201 πλοῦτος
3421 5155 3518 5190 πε-

1867 5231 1954 5284 νία
1985 5227 2079 5292 ὢν,
2114 5229 2272 5281 τοῦτο
2296 5226 2574 5293 κέκληται·
2609 5224 2750 5278 οὕτω
2775 5225 2866 5277 καὶ
2895 5226 2927 5296 ἡ
2958 5224 3134 5296 τρυφὴ
3165 5224 3326 5296 ἀηδία
3357 5219 3513 5280 οὖσα.

1866 5319 1957 5390 Μὴ
1989 5316 2096 5388 γάρ
2145 5315 2372 5384 τυθῆναι
2405 5312 2618 5383 ἐχομεν,
2661 5312 2741 5365 δτι
2785 5311 3101 5382 λιπαίνομεν
3143 5312 3399 5377 ἐαυτούς;
3451 5309 3520 5364 Τί

1866 5405 2124 5478 παρέχεις
2134 5403 2211 5475 τῷ
2232 5401 2471 5470 σκώληκι
2491 5400 2748 5472 λαμπρὰν
2760 5401 2858 5471 τὴν
2876 5398 3155 5470 τράπεζαν
3174 5422 3188 5465 ;
3205 5399 3256 5453 τί
3270 5399 3518 5464 πλείονας

1865 5495 2042 5555 ποιεῖς
2060 5491 2186 5554 τοὺς
2229 5487 2459 5559 ίχώραςς
2503 5488 2554 5542 τί
2583 5488 2766 5559 πηγάς
2813 5487 3070 5559 ἱδρώτων,
3115 5488 3209 5540 καὶ
3254 5487 3518 5549 δυσωδίας

1867 5578 2273 5640 ἐναποτίθεσαις
2301 5575 2354 5628 τί
2405 5574 2541 5646 πρὸς
2577 5575 2754 5629 πάντα
2789 5573 3012 5629 σεαυτὸν
3049 5573 3318 5645 ἄχρηστον
3346 5587 3516 5627 κατα-

1869 5666 2186 5731 σκευάζεις
2209 5664 2398 5720 Βούλει
2427 5665 2678 5735 γενέσθαι
2713 5665 2929 5737 ἰσχυρὸν
2977 5663 3069 5717 10v
3093 5661 3407 5733 ὀφθαλμόν;
3442 5661 3520 5716 Τὸ

1869 5755 2027 5825 σῶμα
2057 5754 2281 5824 ποίησον
2300 5751 2534 5807 εὔτονον.
2557 5753 2669 5806 Καὶ
2699 5752 2808 5824 γὰρ
2831 5754 2888 5805 ἐν
2937 5753 3057 5814 ταῖς
3088 5748 3303 5822 χορδαῖς
3350 5750 3385 5819 ἡ
3415 5750 3518 5818 μὲν

1949 5845 1980 5880 ⁸
2002 5841 2136 5904 Haec,
2159 5842 2275 5904 πρὸς
2306 5840 2679 5904 έαυτήνᾲέναντία
2701 5840 2846 5902 ἐστίν,
2871 5851 2901 5888 e
2925 5837 3083 5890 tribus
3104 5836 3243 5890 codd.
3271 5842 3326 5888 οι
3356 5850 3511 5901 marg.

1871 5903 2042 5956 Savilii
2063 5902 2291 5966 suppIeta
2305 5910 2438 5954 sum.
2461 5902 2594 5954 Εοιτ.
3280 5920 3286 5925 -

3396 296 3503 352 208
3595 269 3600 274 ’
