4100 6354
543 264 648 322 209

540 381 740 448 παχεῖα
762 378 856 432 καὶ
876 376 1288 449 ἀδιακάθαρτος,
1327 377 1594 447 ἄχρηστος
1619 376 1753 446 πρὸς
1779 376 1876 439 τὰς
1904 375 2185 446 μελῳδίας

540 468 573 536 ἡ
601 468 657 519 δέ
685 465 945 521 πάντοθεν
966 464 1301 535 ἐπεξεσμένη
1357 463 1568 527 εὖτονός
1629 465 1742 515 ἐστι
1779 465 1873 517 καὶ
1912 464 2187 534 παναρμόο

540 571 669 617 νιος.
706 554 771 605 Τί
794 552 1193 622 καταχωννύεις
1218 552 1316 621 τὴν
1340 551 1517 621 ψυχήν
1540 566 1555 614 ;
1602 550 1653 603 τί
1679 553 1855 620 τοῖχον
1886 549 2187 621 παχύτερον

538 642 713 703 ποιεῖς
734 656 750 705 ;
778 639 830 692 τί
854 639 1018 691 πολὺν
1044 638 1135 690 τὸν
1157 637 1359 691 καπνὸν
1383 638 1477 691 καὶ
1495 637 1593 707 τὴν
1618 637 1864 705 νεφέλην,
1886 637 2013 690 ὅταν
2033 636 2186 708 [220]

536 727 698 797 ἀτμοὶ
725 728 974 796 καθάπερ
1007 743 1090 788 τις
1115 724 1280 795 ἀχλὺς
1324 724 1584 777 πάντοθεν
1610 719 1740 778 ὦσιν
1788 724 2183 793 ἀναδιδόμενοι;

538 816 599 866 El
635 814 724 866 ml
761 813 945 883 μηδεὶς
973 812 1176 881 ἕτερος,
1209 813 1256 864 οί
1290 810 1516 880 ἀθληταί
1545 829 1603 863 σε
1659 811 2080 875 παιδευέτωσαν,
2105 812 2187 865 ὅτι

532 902 594 953 τὸ
630 901 929 969 ἰσχνότερον
962 898 1119 968 σῶμα
1155 899 1519 969 ἰσχυρότερον.
1554 900 1762 952 Οὐκοῦν
1792 899 1883 951 καὶ
1912 900 1943 969 ἡ
1976 899 2186 967 φιλοσο-

533 988 704 1051 φοῦσα
728 987 871 1056 ψυχὴ
903 985 1255 1055 εὐτονωτέρα·
1309 986 1505 1056 ἡνιόχῳ
1532 986 1640 1056 γὰρ
1694 987 1786 1038 καὶ
1816 987 1965 1056 ἴππῳ
2017 985 2179 1040 ἔοικε.

531 1074 639 1125 Καὶ
670 1073 873 1136 ἔξεστιν
898 1074 1049 1143 ὁρᾷν,
1081 1072 1329 1143 καθάπερ
1352 1073 1444 1124 ἐπὶ
1464 1072 1570 1123 τῶν
1599 1075 1773 1143 τρυφῇ
1808 1071 2181 1142 προσεχόντων

530 1157 827 1227 ἀνθρώπων
858 1159 950 1210 καὶ
973 1158 1399 1227 εύσαρκούντων,
1423 1155 1565 1209 οὕτω
1588 1159 1682 1209 καὶ
1708 1158 1831 1217 τοὺς
1852 1156 2181 1226 εύσαρκοῦν·

526 1261 625 1307 τας
645 1244 753 1297 τῶν
780 1245 960 1297 ἵππων
993 1245 1342 1314 δυσκινήτους
1386 1244 1562 1307 ὄντας,
1593 1244 1683 1295 καὶ
1739 1243 1905 1296 πολλά
1937 1243 2013 1313 τῷ
2033 1244 2179 1313 ἡνιό-

527 1349 606 1399 χῳ
636 1342 663 1370 α
688 1330 990 1401 πράγματα
1015 1331 1370 1401 παρέχοντας.
1439 1330 1742 1399 Ἀγαπητὸν
1774 1331 1984 1399 εὐήνιον
2014 1329 2179 1383 ίππον

526 1418 716 1486 ἔχοντα
740 1418 831 1470 καὶ
855 1417 1081 1487 εύσκελῆ
1111 1417 1400 1487 δυνηθῆναι
1429 1417 1489 1471 τδ
1512 1416 1760 1486 βραϐεῖον
1783 1416 1984 1471 λαϐεῖν.
2011 1417 2176 1470 Ὀταν

590 1508 609 1533 ⁸
654 1511 825 1560 Morel.
860 1513 988 1560 male
1023 1513 1117 1560 τῶν
1156 1512 1376 1573 ἡνιόχων.

1330 262 1388 316 S.
1430 260 1708 315 JOANNIS
1743 258 2225 315 CHRYSOSTOMI
2263 259 2581 317 ARCHIEP.
2621 261 3162 318 CONSTANTINOP.

3835 271 3950 327 210

2287 377 2343 429 δὲ
2366 376 2738 446 ἀναγκάζηται
2767 379 2794 428 ό
2822 378 3032 448 ἡνίοχος
3074 378 3251 430 ’ἐλκειν
3277 378 3458 442 αὑτὸν,
3492 381 3581 432 καὶ
3609 398 3819 436 καταπε
3831 388 3947 438 σόνυ

2286 480 2353 516 τα
2377 464 2632 533 μυριάκις
2675 464 2878 517 νύττων
2908 465 2981 534 μὴ
3031 464 3324 534 διανιστᾷν,
3364 466 3466 518 κᾶν
3518 468 3718 540 σφόδρα
3775 474 3947 535 αὐτὸς

2286 549 2545 620 ἔμπειρος
2573 546 2627 622 ᾗ,
2651 550 2749 620 τῆς
2773 551 2929 621 νίκης
2950 551 3469 621 ἀποστερηθήσεται.
3493 553 3584 623 Μή
3604 553 3667 625 δὴ
3692 558 3948 626 περιῖδω-

2290 653 2389 705 μεν
2416 635 2571 706 ήμῶν
2598 637 2696 706 τὴν
2722 636 2897 706 ψυχὴν
2926 636 3368 708 ἐπηρεαζομένην
3394 638 3483 691 διὰ
3517 640 3575 692 τὸ
3601 641 3778 712 σῶμα,
3805 644 3947 697 ἀλλά

2287 724 2381 775 καὶ
2437 723 2648 794 ἐκείνην
2709 723 3156 795 διορατικωτέραν
3196 723 3580 795 ἐργασώμεθα·
3627 728 3688 780 τὸ
3740 730 3949 800 πτερὸν

2292 811 2426 881 αὐτῇ
2463 809 2661 878 κοῦφον
2693 811 3023 881 ποιήσωμεν,
3056 812 3356 883 χαυνότερσ.
3401 812 3468 865 τὰ
3512 812 3703 883 δεσμά·
3759 816 3947 884 λόγοις

2289 897 2458 968 αὐτὴν
2492 899 2801 967 τρέφωμεν,
2843 898 3161 969 αὐταρκείᾳ,
3193 900 3312 952 ὅσον
3364 899 3624 967 ὑγιαίνειν
3664 903 3824 970 μόνον
3882 902 3949 955 τὸ

2290 985 2465 1055 σῶμα,
2494 987 2615 1039 ὅσον
2646 984 2916 1057 εὔρωστον
2945 983 3105 1049 εἶναι,
3138 987 3259 1039 ὅσον
3278 988 3487 1057 χαίρειν
3511 990 3602 1040 καὶ
3625 989 3697 1059 μὴ
3728 990 3944 1058 ἀλγεῖν

2286 1071 2373 1123 ἵνα
2392 1070 2533 1124 οὕτω
2558 1071 2626 1124 τὰ
2657 1072 2779 1125 καθ’
2832 1072 3056 1135 ἑαυτοὺς
3089 1068 3147 1125 εὖ
3174 1073 3448 1137 διαθέντες
3493 1074 3807 1145 δυνηθῶμεν
3836 1076 3947 1145 τῆς

2284 1157 2458 1227 ἄκρας
2508 1156 2711 1227 ἀρετῆς
2744 1157 3112 1221 ἐπιλαϐέσθαι,
3145 1160 3237 1212 καὶ
3282 1160 3390 1212 τῶν
3437 1160 3669 1214 αἰωνίων
3713 1163 3947 1229 ἀγαθῶν

2284 1245 2579 1314 ἐπιτυχεῖν,
2628 1246 2809 1315 χάριτι
2834 1246 2928 1297 καὶ
2967 1245 3343 1319 φιλανθρωπίᾳ
3393 1246 3487 1300 τοῦ
3533 1249 3734 1317 Κυρίου
3779 1250 3947 1319 ήμῶν

2293 1330 2464 1401 Ἰησοῦ
2502 1331 2761 1400 Χριστοῦ,
2798 1330 2917 1401 μεθ’
2940 1328 2998 1386 οὗ
3020 1332 3095 1403 τῷ
3136 1333 3311 1404 Πατρὶ
3344 1333 3458 1404 ἄμα
3484 1334 3560 1405 τῷ
3592 1336 3729 1405 ἁγίῳ
3766 1335 3947 1387 Πνεύ-

2281 1433 2410 1486 ματι
2434 1416 2580 1484 δόξα,
2613 1417 2833 1487 κράτος,
2850 1421 3004 1490 τιμὴ,
3028 1419 3122 1473 νῦν
3149 1422 3240 1473 καὶ
3256 1420 3363 1485 ἀεὶ,
3381 1422 3474 1475 καὶ
3494 1424 3572 1484 είς
3594 1422 3717 1484 τοὺς
3732 1422 3944 1485 αἰῶνας

2276 1503 2383 1557 τῶν
2415 1504 2645 1559 αἰώνων.
2688 1505 2877 1577 Ἀμήν.

1992 1688 2238 1743 ΟΜΙΛΙΔ
2268 1688 2405 1742 KH’.

525 1780 697 1839 Οὗτοι
728 1782 843 1851 μὲν
870 1777 983 1837 οὖν
1023 1778 1459 1851 ἐκπεμφθέντες
1508 1779 1627 1834 ὑπὸ
1660 1779 1786 1851 τοῦ
1833 1782 2175 1850 Πνεύματος

593 1853 697 1905 τοῦ
732 1850 926 1919 θάγίου
983 1850 1287 1918 κατῆλθον
1337 1853 1423 1914 εἰς
1488 1850 1861 1911 Σελεύκειαν,
1902 1851 2175 1905 κάκεῖθεν

588 1921 985 1977 ἀπέπλευσαν
1033 1923 1121 1985 είς
1161 1920 1275 1988 τὴν
1318 1922 1576 1987 Κύπρον.
1614 1921 1723 1972 Kal
1755 1921 2059 1989 γενόμενοι
2103 1921 2174 1974 ἐν

593 1992 900 2059 Σαλαμῖνι,
950 1992 1349 2059 κατήγγειλαν
1404 1990 1509 2059 τὸν
1536 1990 1720 2058 λόγον
1754 1989 1875 2059 *τοῦ
1918 1989 2081 2044 Θεοῦ.
2103 1990 2173 2043 ἐν

587 2062 713 2126 ταῖς
746 2055 1120 2129 συναγωγαῖς
1147 2055 1295 2113 ’τῶν
1332 2055 1651 2114 Ἰουδαίων.
1701 2055 1886 2127 Εἶχον
1941 2060 2009 2113 δὲ
2071 2059 2171 2113 καὶ

599 2130 883 2198 Ἰωάννην
904 2130 1229 2199 ὑπηρέτην.

586 2236 654 2291 α’.
678 2237 826 2307 Ἀμα
842 2235 1299 2306 χειροτονηθέντες
1320 2234 1559 2303 ἐξῆλθον,
1582 2235 1676 2288 καὶ
1697 2238 1774 2298 είς
1794 2235 2015 2303 Κύπρον
2037 2236 2168 2289 ἀπέ-

513 2325 775 2390 πλευσαν,
810 2324 904 2378 ἆτε
944 2324 1042 2376 οὐκ
1069 2322 1235 2393 ούσης
1260 2322 1551 2391 ἐπιϐουλῆς
1592 2324 1728 2388 ἐκεῖ,
1749 2323 1844 2377 καὶ
1869 2323 1962 2376 τοῦ
2009 2324 2166 2391 λόγου

520 2411 961 2480 κατασπαρέντος
994 2410 1116 2481 ήδη.
1169 2411 1255 2462 Ἐν
1305 2410 1602 2479 Ἀντιοχείᾳ
1631 2410 1727 2480 μὲν
1754 2410 1861 2481 γὰρ
1882 2407 2021 2482 ἦσαν
2052 2413 2168 2463 ἰκα-

510 2493 609 2547 νοίο
638 2494 730 2547 καί
760 2495 792 2563 ὴ
816 2493 1034 2562 Φοινίκη
1056 2493 1113 2544 δέ
1135 2491 1357 2562 πλησίον
1390 2493 1488 2562 τῆς
1533 2493 1893 2564 Παλαιστίνης
1918 2490 2006 2564 ἦν,
2055 2494 2166 2547 Κύ-

510 2598 645 2653 προς
675 2582 729 2634 δὲ
752 2581 890 2651 οὐχί.
918 2580 1116 2633 Λοιπὸν
1167 2579 1241 2650 μὴ
1273 2580 1443 2650 ζήτει,
1474 2580 1565 2632 διά
1584 2581 1670 2645 τίς
1724 2582 1850 2633 ὅταν
1886 2580 2163 2652 Πνεύματι

509 2667 783 2721 κινῶνταυ
819 2668 880 2719 ού
914 2668 1021 2737 γὰρ
1054 2667 1118 2737 δὴ
1150 2666 1632 2737 ἐχειροτονήθησαν
1667 2668 1942 2738 Πνεύματι
1981 2670 2158 2738 μόνον,

507 2754 645 2809 ἀλλὰ
684 2754 775 2807 καὶ
803 2753 1244 2823 ἐξεπέμφθησαν.
1301 2752 1406 2806 Kal
1446 2755 1749 2822 γενόμενοι
1780 2755 1849 2807 ὲν
1873 2756 2162 2824 Σαλαμῖνι

510 2839 921 2909 κατήγγελλον
953 2840 1061 2893 τόν
1090 2840 1275 2909 λόγον
1306 2840 1411 2894 τοῦ
1448 2842 1593 2894 Θεοῦ
1620 2843 1690 2894 έν
1742 2843 1868 2909 ταῖς
1889 2860 2159 2912 συναγω-

510 2928 640 2999 γαῖς
670 2927 786 2981 τῶν
823 2926 1144 2982 Ἰουδαίων.
1188 2927 1349 2998 Ὁρᾷς
1402 2928 1580 2980 πᾶσαν
1626 2928 1856 3000 σπουδὴν
1909 2931 2161 3002 ποιουμέ-

509 3033 631 3079 νους
662 3016 856 3078 αὐτοὺς
886 3014 1113 3078 ἐκείνοις
1138 3014 1524 3083 καταγγέλλειν
1546 3016 1638 3069 τὸν
1696 3016 1851 3085 λόγον
1900 3019 2156 3091 πρώτοις,

508 3103 597 3156 ⁶ίνα
630 3103 704 3174 μὴ
737 3103 1199 3173 φιλονεικοτέρους
1259 3103 1635 3174 ὲργάσωνται;
1696 3106 1805 3158 Καὶ
1836 3107 2031 3159 ἐκεῖνοι
2061 3106 2161 3159 οὐκ

505 3191 727 3245 ἐλάλουν
748 3203 771 3231 ³
798 3192 846 3243 εἰ
884 3190 960 3261 μὴ
998 3190 1269 3252 Ἰουδαίοις
1303 3192 1500 3261 μόνοις,
1536 3193 1629 3245 καὶ
1646 3186 1884 3257 οὗτοιείς
1914 3193 2011 3256 τὰς
2034 3211 2157 3248 συν-

503 3278 723 3347 αγωγὰς
779 3277 1043 3347 ἀπῄεσαν.
1078 3279 1421 3345 Διελθόντες
1481 3279 1549 3331 δὲ
1585 3279 1699 3347 τὴν
1749 3279 1949 3348 νῆσον
2003 3281 2156 3347 ὅλην

502 3366 639 3433 άχρι
665 3363 894 3432 Πάφου,
928 3359 1109 3431 εὗρον
1130 3363 1316 3432 ἄνδρα
1348 3366 1479 3419 τινὰ
1502 3365 1695 3435 μάγον
1743 3367 2156 3437 ψευδοπροφή.

500 3469 613 3517 την
648 3451 948 3516 Ἰουδαῖον,
983 3445 1031 3519 ᾧ
1056 3452 1241 3520 ὄνομα
1295 3451 1415 3519 Βὰρ
1452 3453 1709 3521 Ἰησοῦς,
1741 3455 1807 3519 ὃς
1830 3451 1910 3525 ἦν
1933 3456 2054 3509 σὺν
2075 3455 2155 3521 τῷ

499 3538 819 3606 ἀνθυπάτῳ
853 3539 1075 3608 Σεργίῳ
1120 3541 1355 3607 Παύλῳ,
1389 3540 1559 3610 ἀνδρὶ
1586 3543 1837 3609 συνετῷ·
1876 3543 1943 3610 ὃς
1965 3558 2153 3613 προσ-

499 3625 907 3695 καλεσάμενος
972 3626 1283 3695 Βαρνάϐαν
1336 3628 1433 3681 καὶ
1483 3628 1739 3693 Σαῦλον,
1791 3629 2155 3700 ἐπεζήτησεν

497 3712 754 3766 ἀκοῦσαι
786 3714 890 3767 τὸν
922 3716 1108 3782 λόγον
1132 3715 1238 3770 τοῦ
1272 3716 1439 3770 Θεοῦ.
1488 3717 1832 3771 Ἀνθίστατο
1856 3717 1924 3771 δὲ
1950 3720 2154 3785 αὺτοῖς

512 3803 765 3871 Ἐλύμας
800 3804 833 3856 ό
864 3803 1056 3873 μάγος
1088 3804 1261 3875 (οὕτω
1286 3806 1394 3875 γὰρ
1415 3808 1909 3875 μεθερμηνεύεται
1936 3808 2001 3862 τό
2030 3810 2153 3864 ὄνο-

492 3905 577 3957 μα
612 3888 841 3954 αὐτοῦ),
874 3888 1060 3959 ζἠτῶν
1095 3890 1452 3961 διαστρέψαι
1500 3894 1606 3947 τὸν
1633 3894 1980 3949 ἀνθύπατον
2032 3897 2152 3952 ἀπὸ

496 3975 607 4045 τῆς
634 3978 910 4042 πίστεως.
943 3978 1113 4032 Πάλιν
1148 3981 1318 4049 μάγος
1370 3981 1638 4045 Ἰουδαῖος,
1667 3982 1917 4055 καθάπερ
1948 3985 2147 4054 Σίμων.

495 4064 605 4117 Καὶ
638 4066 738 4133 ὅρα
767 4064 975 4130 τοῦτον,
1032 4067 1122 4119 ὅτε
1154 4068 1253 4137 μὲν
1298 4070 1409 4132 τοῖς
1439 4068 1617 4132 ἄλλοις
1652 4069 1800 4141 [221]
1834 4072 2146 4142 ἐκήρυττον,

494 4152 554 4203 οὐ
583 4151 785 4220 σφόδρα
815 4152 1243 4219 ἀγανακτοῦντα·
1263 4154 1447 4226 ἐπειδὴ
1477 4156 1533 4209 δέ
1559 4155 1636 4225 τῷ
1662 4157 1953 4229 ἀνθυπάτῳ
1978 4177 2148 4231 προσ-

493 4238 682 4309 ῄεσαν,
728 4239 870 4292 τότε.
914 4240 986 4292 Τὸ
1013 4241 1069 4293 δὲ
1092 4240 1401 4311 θαυμαστὸν
1447 4243 1540 4297 τοῦ
1588 4244 1915 4307 ἀνθυπάτου,
1946 4248 2026 4301 ὅτι
2055 4248 2148 4302 καὶ

494 4323 1035 4395 προκατειλημμένος
1064 4329 1129 4397 τῇ
1162 4328 1361 4399 μαγείᾳ
1421 4329 1652 4394 ἐκείνου,
1681 4331 1868 4402 ήθελεν
1917 4332 2143 4387 ἀκοῦσαι

492 4411 601 4464 τῶν
626 4412 957 4467 ἀποστόλων.
990 4413 1145 4466 Οῦτω
1182 4416 1274 4468 καὶ
1297 4417 1345 4468 οἰ
1377 4417 1705 4487 Σαμαρεῖται
1736 4420 2016 4490 ἐποίησαν,
2053 4423 2145 4475 καὶ

492 4502 600 4555 ἀπὸ
623 4503 959 4572 συγκρίσεως
982 4506 1014 4575 ή
1045 4505 1166 4575 νίκη
1200 4506 1462 4573 φαίνεται,
1486 4508 1582 4577 τῆς
1610 4510 1839 4579 μαγείας
1863 4512 2145 4582 ἁλισκομέ-

491 4607 606 4661 νης.
634 4590 915 4662 Πανταχοῦ
951 4594 984 4662 ή
1016 4592 1289 4657 κενοδοξία
1314 4595 1407 4647 καὶ
1433 4597 1465 4666 ή
1508 4596 1766 4667 φιλαρχία
1792 4601 1807 4619 ⁶
1834 4600 2004 4652 αἴτιαι
2036 4600 2142 4654 τῶν

491 4677 695 4731 κακῶν.
723 4678 957 4744 Σαῦλος
982 4678 1050 4732 δὲ
1078 4683 1110 4733 ό
1166 4680 1264 4733 καί
1316 4680 1570 4746 Παῦλος,
1618 4683 1907 4750 πλησθεὶς
1959 4688 2143 4740 Πνεύ-

482 4782 671 4833 ματος
708 4766 900 4834 άγιῗου,
927 4766 1209 4834 ἀτενίσας
1240 4770 1327 4834 είς
1375 4770 1560 4823 αὑτὸν
1587 4766 1774 4823 εἶπεν·
1812 4771 1881 4825 Ὦ
1906 4774 2141 4842 πλήρης

487 4852 709 4918 παντὸς
737 4852 920 4907 δόλου
944 4854 1041 4908 καὶ
1061 4854 1264 4924 πάσης
1281 4855 1685 4926 ῥᾳδιουργίας,
1712 4857 1803 4911 υἱὲ
1835 4858 2137 4927 διαϐόλου,

486 4940 659 5008 ἐχθρὲ
677 4940 879 5007 πάσης
902 4943 1314 5012 δικαιοσύνης,
1336 4946 1407 4999 οὐ
1424 4946 1629 5013 παύσῃ
1646 4944 2016 5015 διαστρέφων
2034 4950 2141 5017 τὰς

488 5025 667 5091 ὁδοὺς
692 5029 912 5094 Κυρίου
964 5028 1074 5096 τὰς
1102 5033 1373 5097 εὐθείας;
1400 5031 1509 5086 Kal
1556 5032 1672 5086 νῦν
1696 5032 1824 5086 ιδοὺ
1870 5034 1994 5103 χείρ
2026 5040 2141 5090 Κυ-

477 5112 616 5179 ρίου
645 5112 744 5165 ἐπὶ
770 5114 863 5178 σὲ,
891 5116 988 5168 καί
1011 5116 1124 5183 ἔσῃ
1155 5119 1401 5187 τυφλὸς,
1448 5119 1533 5187 μὴ
1554 5118 1803 5182 βλέπων
1828 5120 1935 5174 τὸν
1960 5121 2138 5189 ἥλιον

484 5198 625 5267 ἄχρι
658 5199 886 5265 καιροῦ.
934 5200 1197 5254 Ἐνταῦθα
1226 5204 1286 5257 τὸ
1310 5204 1479 5277 ὄνομα
1503 5204 1664 5258 αὑτοῦ
1689 5206 1971 5276 ἀμείϐεται
2000 5209 2137 5278 μετά

481 5288 582 5353 τῆς
612 5285 961 5355 χειροτονίας,
993 5288 1128 5359 ὅπερ
1160 5291 1253 5344 καὶ
1298 5293 1389 5345 ἐπὶ
1432 5292 1527 5346 τοῦ
1563 5295 1775 5363 Πέτρου
1820 5297 2130 5366 γεγένηται.

481 5371 593 5426 Καὶ
633 5372 756 5458 δρα,
811 5372 907 5458 οὐχ
939 5372 1094 5444 ὕϐρις
1122 5376 1184 5429 τὺ
1210 5379 1443 5449 πρᾶγμά
1472 5382 1636 5445 ἐστιν,
1668 5382 1805 5435 ἀλλά
1856 5384 2135 5458 κατάπλη-

481 5458 585 5523 ξις.
614 5457 752 5520 Τοὺς
780 5456 889 5529 γὰρ
918 5459 1141 5530 ἰταμοὺς
1172 5464 1266 5517 καὶ
1286 5465 1673 5536 ἀναισχύντους
1703 5468 1842 5522 οὕτω
1867 5469 1948 5523 δεῖ
1973 5456 2134 5526 κατα-

480 5542 831 5614 πλήττεσθαι.
902 5546 969 5599 Ὃ
1002 5546 1242 5617 πλήρης
1290 5552 1516 5619 παντὸς
1566 5553 1773 5619 δόλου,
1826 5558 1980 5627 φησὶ,
2033 5559 2133 5613 καί

480 5629 681 5697 πάσης
700 5630 1103 5702 ῥᾳδιουργίας,
1142 5636 1234 5690 υἱὲ
1259 5636 1561 5704 διαϐόλου,
1600 5640 1774 5709 ἐχθρὲ
1801 5644 2004 5712 πάσης
2049 5645 2134 5699 δι-

479 5719 829 5787 καιοσύνης.
882 5720 1143 5775 Ἐνταῦθα
1168 5722 1332 5777 αὑτοῦ
1363 5726 1732 5781 ἀποκαλύπτει
1757 5729 1822 5783 τὰ
1850 5732 1908 5783 ἐν
1932 5735 1995 5802 τῇ
2020 5732 2134 5788 δια-

526 5804 544 5825 ⁸
561 5805 664 5878 Αιὶί
688 5806 1001 5878 ἐκείνους-οῦκ
1024 5810 1233 5878 ἐλάλουν.
1256 5810 1384 5878 Infra
1404 5813 1535 5866 Edili
1558 5816 1798 5878 ἐζήτησεν,
1820 5830 1936 5868 mss.
1962 5831 2134 5871 omnes

477 5867 775 5926 ιπεζήτησεν.
845 5871 863 5891 ⁹
901 5869 1052 5935 Unus,
1072 5873 1369 5937 φιλαργυρία.

2276 1780 2412 1851 νοίᾳ,
2446 1781 2795 1852 προσχήματι
2823 1782 3096 1853 σωτηρίας
3147 1783 3433 1839 ἀπολλύντι
3465 1786 3557 1839 τὸν
3595 1788 3939 1849 ἀνθύπατον.

2276 1871 2357 1922 Οὐ
2400 1870 2628 1937 παύση,
2685 1870 2835 1940 φησὶ,
2879 1870 3249 1940 διαστρέφων
3285 1874 3392 1939 τὰς
3434 1874 3613 1942 ὀδοὺς
3665 1876 3898 1947 Κυρίου
3920 1899 3944 1946 ;

2270 1955 2381 2009 Καὶ
2408 1956 2754 2022 ἀξιοπίστως,
2785 1958 2895 2028 Οὐχ
2915 1960 3045 2029 ἡμῖν
3071 1959 3348 2030 πολεμεῖς,
3380 1964 3567 2031 φησὶν,
3599 1965 3719 2018 οὐδὲ
3749 1969 3938 2039 μάχῃ,

2269 2041 2403 2095 ἀλλὰ
2425 2043 2524 2106 τὰς
2567 2044 2719 2107 ὀδοὺς
2764 2045 2967 2114 Κυρίου
3007 2045 3350 2116 διαστρέφεις
3399 2050 3499 2111 τὰς
3549 2051 3786 2116 εὐθείας,
3840 2058 3942 2108 καὶ

2272 2128 2387 2197 μετ’
2445 2130 2742 2201 ἐγκωμίου.
2796 2131 2905 2184 Καὶ
2946 2132 3061 2185 νῦν
3096 2133 3222 2188 ἰδοὺ
3256 2135 3385 2204 χεὶρ
3436 2138 3653 2204 Κυρίου
3700 2140 3801 2192 ἐπὶ
3832 2143 3941 2202 σὲ,

2268 2215 2363 2268 καί
2397 2216 2511 2284 ἔσῃ
2546 2218 2792 2285 τυφλός·
2826 2210 2896 2288 ᾯ
2937 2218 3095 2283 αὐτὸς
3146 2221 3426 2292 προσήχθη
3485 2224 3713 2295 σημείῳ,
3753 2228 3941 2299 τούτῳ

2269 2300 2361 2351 καὶ
2386 2299 2571 2353 τοῦτον
2590 2300 2860 2371 ἠϐουλήθη
2906 2307 3294 2372 προσαγαγεῖν.
3331 2305 3439 2358 καὶ
3457 2305 3534 2371 τὸ,
3571 2310 3739 2377 Ἀχρι
3800 2330 3940 2365 και-

2261 2383 2372 2452 ροῦ
2401 2385 2475 2450 δὲ,
2505 2386 2564 2439 ού
2596 2386 2913 2451 κολάζοντος
2940 2384 3007 2459 ἦν
3037 2389 3097 2441 τὸ
3130 2392 3299 2461 ῥῆμα,
3341 2391 3454 2445 ἀλλ’
3480 2394 3935 2465 ἐπιστρέφοντος.

2266 2472 2326 2523 Εἰ
2358 2472 2463 2544 γὰρ
2495 2474 2812 2537 κολάζοντος
2836 2471 2922 2545 ῆν,
2958 2476 3245 2542 διαπαντὸς
3269 2478 3335 2532 ἂν
3385 2481 3546 2533 αὐτὸν
3574 2484 3797 2553 ἐποίησε
3837 2503 3940 2537 τυ-

2264 2560 2415 2626 φλόν
2447 2559 2540 2611 νῦν
2561 2561 2617 2612 δὲ
2648 2562 2708 2614 ού
2743 2561 2919 2627 τοῦτο,
2952 2563 3086 2617 ἀλλά
3108 2565 3242 2636 πρὸς
3292 2567 3502 2637 καιρὸν,
3534 2569 3619 2621 ἵνα
3641 2570 3733 2623 τὸν
3762 2573 3935 2626 ἀνθύ-

2263 2662 2430 2698 πατον
2453 2646 2707 2720 κερδάνῃ.
2743 2649 3108 2719 Παραχρῆμα
3155 2651 3223 2704 δὲ
3271 2652 3566 2707 ἐπέπεσεν
3607 2657 3700 2709 ἐπ’
3734 2662 3936 2713 αὐτὸν

2260 2732 2453 2800 ἀχλὺς
2480 2734 2578 2786 καί
2627 2736 2868 2801 σκότος,
2920 2738 3016 2790 καὶ
3065 2739 3359 2809 περιάγων
3405 2739 3593 2806 ἐζήτει
3638 2761 3934 2814 χειραγω-

2260 2819 2423 2887 γούς.
2458 2821 2592 2873 Τότε
2616 2820 2754 2874 ἰδὼν
2783 2826 2816 2876 ό
2847 2824 3188 2891 ἀνθύπατος
3210 2827 3275 2879 τὸ
3327 2828 3593 2897 γεγοινὸς,
3638 2832 3930 2887 ἐπίστευ-

2258 2922 2388 2970 σεν,
2438 2906 2919 2976 ἐκπληττόμενος
2974 2911 3072 2964 ἐπὶ
3127 2912 3202 2981 τῇ
3253 2912 3467 2983 διδαχῇ
3519 2917 3624 2971 τοῦ
3671 2921 3923 2986 Κιερίου.

2259 2992 2496 3055 Εἰκότως
2524 2994 2572 3032 ι’
2604 2996 2693 3048 τὸν
2716 2998 2822 3066 γὰρ
2852 2999 3391 3071 προκατειλημμένον
3412 3006 3478 3073 τῇ
3514 3005 3714 3076 μαγείᾳ
3738 3009 3929 3081 ταύτῃ

2257 3080 2323 3147 τῇ
2354 3080 2591 3151 τιμωρίᾳ
2619 3083 2903 3136 παιδεῦσαι
2946 3086 3129 3157 ἐχρῆν.
3165 3088 3320 3141 Οῦτω
3360 3090 3452 3143 καὶ
3480 3092 3530 3143 οἱ
3558 3093 3616 3143 ἐν
3655 3080 3928 3166 Αἰγύπτῳ

2260 3166 2422 3233 μάγοι
2445 3165 2548 3219 ὑπὸ
2575 3167 2680 3219 τῶν
2709 3169 3009 3237 φλυκτίδων
3033 3173 3095 3225 τὸ
3127 3174 3256 3242 πρὶν
3287 3176 3643 3232 ἐπαιδεύοντο.
3683 3182 3827 3251 Ὅρα
3860 3165 3925 3237 δὲ

2256 3253 2451 3317 αὐτοὺς
2483 3254 2583 3308 ούκ
2615 3256 3025 3328 ἐγχρονίζοντας
3083 3262 3289 3326 αὐτόθι,
3319 3263 3413 3317 ἅτε
3447 3266 3539 3319 τοῦ
3602 3268 3922 3325 ἀνθυπάτου

2253 3340 2440 3394 λοιπὸν
2471 3343 2879 3409 πιστεύσαντος,
2915 3348 3035 3400 οὐδὲ
3066 3348 3498 3418 μαλακισθέντας
3537 3356 3602 3424 τῇ
3649 3358 3921 3429 κολακείᾳ

2253 3429 2345 3481 καὶ
2371 3432 2435 3501 τῇ
2467 3433 2621 3501 τιμῇ,
2645 3431 2756 3484 ἀλλ’
2789 3432 2989 3498 εὐθέως
3015 3434 3105 3488 τοῦ
3129 3436 3290 3505 ἔργου
3338 3438 3650 3509 ἐχομένους,
3683 3444 3780 3496 καὶ
3832 3448 3916 3509 εἰς

2251 3517 2349 3584 τὴν
2377 3518 2673 3589 ἀντιπέραν
2702 3518 2883 3590 χώραν
2909 3522 3211 3591 ὁρμῶντας.
3262 3524 3635 3594 Ἀναχθέντες
3695 3530 3764 3583 δὲ
3792 3534 3916 3585 ἀπὸ

2251 3601 2360 3671 τῆς
2384 3606 2625 3675 Κύπρου
2647 3610 2700 3660 οί
2732 3608 2865 3675 περὶ
2893 3609 3157 3673 Παῦλον,
3198 3609 3386 3682 ἦλθον
3434 3618 3519 3681 εἰς
3545 3617 3919 3686 Πέργηντῆς

2252 3688 2628 3756 Παμφυλίας.
2701 3690 2982 3759 Ἰωάννης
3024 3692 3091 3746 δέ
3150 3695 3548 3765 ἀποχωρήσας
3580 3700 3681 3754 ἀπ’
3710 3703 3924 3756 αὐτῶν

2252 3777 2629 3847 ὑπέστρεψεν
2666 3782 2752 3847 είς
2792 3782 3197 3852 Ἰεροσόλυμα.
3246 3788 3421 3841 Αὐτοὶ
3452 3787 3519 3840 δὲ
3571 3789 3920 3857 διελθόντες

2250 3865 2365 3918 ἀπὸ
2400 3864 2505 3931 τῆς
2540 3864 2765 3936 Πέργης
2812 3870 3205 3939 παρεγένοντο
3242 3876 3329 3939 εἰς
3397 3876 3745 3946 Ἀντιόχειαν
3794 3877 3918 3946 τῆς

2249 3953 2521 4019 Πισιδίας
2577 3954 2677 4008 καὶ
2734 3958 3109 4025 εἰσελθόντες
3136 3962 3223 4027 είς
3270 3962 3383 4029 τὴν
3425 3963 3779 4032 συναγωγὴν
3827 3966 3911 4035 τῇ

2250 4038 2439 4107 ήμέρᾳ
2464 4039 2581 4094 τῶν
2607 4042 2918 4096 σαϐϐάτων
2954 4044 3260 4101 ἐκάθισαν.
3303 4049 3472 4103 Πάλιν
3519 4052 3599 4113 εἰς
3630 4053 3723 4115 τὰς
3773 4069 3906 4104 συν-

2248 4132 2469 4198 αγωγάς
2502 4134 2559 4184 ἐν
2588 4133 2823 4203 σχήματι
2872 4133 3136 4189 Ἰουδαίων
3169 4138 3440 4210 εἰσῄεσαν,
3475 4140 3615 4194 ὥστε
3644 4143 3716 4213 μὴ
3740 4142 3904 4195 πολε-

2253 4216 2466 4286 μεῖσθαι
2494 4218 2629 4287 μηδὲ
2661 4219 2997 4287 ἐλαύνεσθαι,
3022 4222 3116 4275 καὶ
3143 4222 3283 4277 οὕτω
3310 4225 3370 4278 τὺ
3407 4226 3514 4279 πᾶν
3564 4227 3904 4297 κατώρθουν.

2245 4306 2404 4357 Μετὰ
2426 4303 2491 4355 δὲ
2529 4303 2644 4372 τὴν
2680 4306 3022 4375 ἀνάγνωσιν
3046 4308 3153 4363 τοῦ
3182 4312 3367 4380 νόμου
3398 4314 3495 4365 καὶ
3524 4313 3643 4366 τῶν
3674 4332 3911 4384 προφη-

2244 4387 2380 4451 τῶν,
2411 4390 2773 4445 ἀπέστειλαν
2801 4398 2854 4447 οί
2881 4395 3351 4468 ἀρχισυνάγωγοι
3386 4402 3535 4470 πρὸς
3558 4404 3779 4468 αὐτοὺς
3799 4406 3909 4458 λέ-

2242 4492 2467 4543 γοντες·
2512 4478 2757 4545 Ἄνδρες
2796 4480 3063 4550 ἀδελφοί.
3125 4486 3177 4537 εἰ
3224 4484 3353 4538 ἔστι
3411 4487 3592 4555 λόγος
3635 4488 3705 4541 ἐν
3756 4490 3912 4559 ὑμῖν

2242 4562 2675 4630 παρακλήσεως
2696 4566 2845 4632 πρὸς
2868 4567 2975 4621 τόν
2994 4569 3166 4634 λαὸν,
3205 4572 3428 4639 λέγετε.
3464 4574 3661 4627 Λοιπὸν
3717 4578 3910 4630 ἐντεῦ-

2243 4648 2333 4702 θεν
2385 4652 2452 4703 τὰ
2509 4652 2650 4705 κατά
2701 4654 2913 4709 Παῦλον
2944 4657 3307 4729 μανθάνομεν,
3355 4661 3415 4712 ού
3444 4661 3616 4733 μικρὰ
3638 4664 3765 4732 περὶ
3803 4665 3905 4718 τοῦ

2241 4737 2447 4808 Πέτρου
2476 4739 2737 4808 μαθόντες
2766 4743 2823 4794 ἐν
2856 4745 2968 4806 τοῖς
3002 4744 3191 4815 πρῴην
3219 4745 3545 4816 εἰρημένοις.
3586 4748 3721 4801 Ἀλλ’
3777 4751 3905 4805 ἴδω-

2242 4842 2341 4894 μεν
2398 4826 2604 4880 ἀνωθεν
2630 4827 2697 4880 τὰ
2730 4831 3013 4899 εἰρημένα.
3067 4833 3176 4885 Kal
3236 4836 3557 4903 γενόμενοι,
3590 4837 3770 4905 φησὶν,
3828 4840 3905 4892 ἐν

2236 4911 2544 4982 Σαλαμῖνι,
2585 4914 2994 4985 κατήγγελλον
3029 4918 3135 4972 τὸν
3164 4921 3347 4990 λόγον
3372 4922 3477 4977 τοῦ
3508 4924 3654 4978 Θεοῦ
3687 4928 3753 4995 τῇ
3787 4945 3900 4997 μη-

2236 5001 2485 5069 τροπόλει
2512 5001 2612 5072 τῆς
2655 5002 2901 5074 Κύπρου.
2960 5006 3252 5076 Ἐποίησαν
3297 5010 3539 5063 ἐνιαυτὸν
3570 5015 3626 5064 ὲν
3692 5014 3902 5067 Ἀντιοο

2236 5087 2380 5157 χείᾳ.
2437 5087 2582 5140 Ἔδει
2625 5090 2784 5142 κάκεῖ
2829 5088 2976 5164 [222]
3029 5094 3305 5159 ἀπελθεῖν,
3362 5097 3453 5149 καὶ
3490 5097 3564 5167 μὴ
3598 5099 3898 5165 διαπαντὸς

2233 5175 2419 5229 ἐνθάδε
2479 5177 2767 5248 καθῆσθαι·
2827 5180 2933 5232 ἔδει
2993 5182 3252 5251 μειζόνων
3303 5172 3487 5250 αὐτοῖς’
3537 5187 3895 5247 διδασκάλων,

2235 5261 2378 5332 Ὅρα
2404 5262 2519 5326 πῶς
2550 5265 2643 5317 καὶ¹
2675 5266 2732 5318 ἐν
2760 5265 3047 5339 Σελευκείᾳ
3074 5270 3133 5322 ού
3157 5270 3539 5343 διατρίϐουσιν,
3569 5276 3895 5340 είδότες,ὃτι

2231 5347 2339 5401 ἀπὸ
2362 5350 2459 5420 τῆς
2485 5351 2721 5420 γείτονος
2774 5354 2979 5418 πόλεως
3019 5358 3409 5428 ἐκαρπώσαντο
3439 5362 3503 5415 ἂν
3556 5363 3754 5434 πολλὴν
3788 5367 3893 5436 τὴν

2231 5434 2515 5505 ὠφέλειαν,
2547 5438 2681 5493 ἀλλά
2707 5441 2840 5511 πρὸς
2894 5442 2964 5495 τὰ
3018 5447 3408 5515 κατεπείγοντα
3456 5450 3740 5503 σπεύδουσι
3793 5434 3893 5507 καὶ

2232 5526 2365 5578 ἐκεῖ.
2402 5526 2545 5596 Πρὸς
2591 5528 2699 5595 γὰρ
2747 5530 2849 5600 τὴν
2898 5532 3224 5602 μητρόπολιν
3276 5535 3518 5600 ἐλθόντες
3549 5539 3645 5609 τῆς
3695 5541 3887 5610 νήσου,

2228 5610 2319 5662 τὸν
2375 5611 2681 5667 ἀνθύπατον
2728 5614 2983 5670 ἔσπευδον
3036 5617 3341 5689 διορθῶσαι.
3379 5624 3501 5676 Ὅτι
3529 5624 3585 5676 δὲ
3618 5625 3676 5678 οὐ
3720 5625 3891 5681 κολα-

2231 5698 2384 5761 κείας
2410 5688 2476 5768 ἦν
2504 5700 2563 5752 τὸ
2586 5699 2783 5769 λέγειν,
2815 5703 3016 5771 Συνῆν
3059 5688 3137 5769 τῷ
3163 5707 3500 5773 ἀνθυπάτῳ,
3538 5710 3709 5778 ἀνδρὶ
3740 5729 3888 5766 συν-

2231 5784 2361 5850 ετῷ,
2392 5786 2500 5839 ἀπὸ
2531 5786 2625 5841 τοῦ
2652 5789 2971 5859 πράγματος
3000 5793 3253 5862 μάνθανε,
3293 5794 3406 5862 πῶς
3430 5798 3529 5851 οὐκ
3576 5797 3769 5870 ἐδεήθη
3798 5799 3887 5854 λό-

2296 5882 2323 5923 b
2362 5882 2572 5941 Εἰκότως
2615 5886 2663 5933 in
2707 5884 2993 5945 quibusdam
3017 5887 3173 5938 deest.
