3978 6512
191 377 292 434 209

188 493 615 563 impinguamns?
638 492 745 548 Cur
766 491 929 547 vermi
958 493 1153 549 lautam
1181 510 1335 565 paras
1358 510 1596 551 mensam
1616 494 1641 551 'f
1665 513 1760 552 cur

183 585 439 655 ntajorem
468 585 597 641 facis
615 586 816 641 saniem
831 586 857 640 ἲ
876 602 972 641 cur
996 586 1172 642 fontes
1192 588 1442 643 sudorum
1464 598 1518 644 et
1543 588 1757 646 foetores

178 676 443 746 deponis?
470 691 566 731 cur
603 684 656 731 te
683 676 749 731 ad
776 677 953 731 omnia
998 677 1236 733 inutilem
1277 678 1493 734 reddis?
1521 679 1613 735 Vis
1638 697 1757 738 esse

180 768 365 823 fortem
392 768 645 823 oculum?
663 766 868 837 Corpus
889 767 971 823 fac
990 768 1285 825 robustum.
1313 768 1444 825 Nam
1466 770 1517 825 in
1539 771 1755 827 chordis

178 875 293 929 quae
324 874 505 914 crassa
544 868 598 914 et
627 859 851 928 impura,
889 858 956 913 ad
976 860 1257 915 melodiam
1283 860 1481 915 inutilis
1512 869 1614 926 est,
1635 876 1754 932 quae

175 966 304 1006 vero
332 950 568 1021 undique
595 965 723 1021 pura
749 959 804 1005 et
831 958 980 1004 tensa
1009 992 1025 1018 ,
1053 950 1120 1004 ad
1149 965 1311 1005 sonos
1337 953 1556 1006 omnino
1585 952 1747 1008 utilis.

172 1040 278 1096 Cur
303 1040 512 1096 defodis
537 1040 807 1095 animam?
835 1056 931 1096 cur
957 1040 1212 1111 parietem
1238 1042 1554 1097 crassiorem
1582 1042 1710 1097 facis
1726 1044 1751 1096 τ

168 1147 265 1185 cur
292 1146 544 1202 magnum
572 1131 776 1185 fumum
801 1140 854 1185 et
879 1131 1115 1185 nubem?
1138 1131 1563 1203 quandoquidem
1590 1148 1751 1202 vapo-

165 1238 253 1279 res
282 1234 342 1279 ut
369 1224 561 1279 nebula
586 1224 828 1294 quaedam
853 1222 1087 1294 undique
1110 1224 1471 1280 etfunduntur.
1505 1226 1561 1281 Si
1593 1241 1750 1282 nemo

164 1316 305 1370 alius
330 1357 346 1381 ,
373 1316 562 1370 saltem
606 1315 817 1371 athletae
857 1315 1087 1371 doceant
1130 1323 1218 1384 te,
1262 1332 1456 1386 corpus
1498 1318 1748 1388 gracilius

162 1423 285 1463 esse
326 1408 617 1463 robustius.
646 1407 735 1463 Sic
771 1418 826 1462 et
864 1407 1039 1462 anima
1069 1407 1419 1478 philosophiae
1447 1409 1623 1464 dedita
1655 1409 1747 1464 lir-

162 1499 343 1564 mior;
373 1498 564 1553 similis
591 1513 818 1569 namque
852 1508 933 1553 est
968 1499 1165 1570 aurigae
1200 1507 1254 1553 et
1281 1514 1438 1569 equo.
1472 1500 1539 1555 Et
1565 1488 1744 1557 videre

160 1592 289 1647 licet
309 1632 328 1658 ,
354 1592 492 1646 sicut
516 1590 759 1645 homines
781 1590 991 1647 delicati
1018 1598 1073 1647 et
1097 1590 1370 1646 obesiores
1390 1633 1405 1654 ,
1433 1592 1511 1648 sic
1540 1602 1593 1648 et
1618 1593 1745 1648 obe-

158 1685 338 1738 siores
369 1683 493 1755 equi
528 1681 791 1739 difficilius
827 1683 1127 1738 excitantur
1149 1723 1166 1750 ,
1193 1692 1247 1739 et
1286 1685 1508 1739 multum
1547 1687 1744 1757 auriga:

160 1774 364 1844 negetii
398 1773 688 1830 facessunt.
729 1772 1028 1843 Optandum
1067 1782 1234 1842 certe,
1267 1783 1325 1829 ut
1362 1774 1742 1847 obsequentem

1096 379 1162 435 IN
1199 379 1379 437 ACTA
1417 381 1930 444 APOSTOLORUM.
1972 390 2201 447 HOMIL.
2243 394 2480 451 XXVIII.

3321 410 3433 469 210

1857 510 1912 556 et
1959 503 2165 560 firmum
2207 521 2399 578 equum
2448 509 2650 565 habens
2695 512 2864 582 possit
2910 513 3147 571 brevium
3195 526 3428 593 assequi.

1858 594 2081 661 Quando
2107 609 2281 655 autem
2310 602 2514 672 cogitur
2537 604 2715 675 auriga
2746 606 2958 664 trahere
2983 609 3152 679 ipsum
3175 653 3191 678 ,
3224 622 3280 669 et
3305 616 3429 671 mil-

1856 686 1951 742 lies
1979 688 2181 758 lapsum
2204 707 2270 746 ne
2296 695 2577 764 pungendo
2600 698 2811 767 quidem
2838 700 2995 770 erigit
3018 704 3252 761 :etiamsi
3274 708 3430 763 valde

1854 776 1923 831 sit
1963 779 2161 847 peritus
2183 822 2199 849 ,
2230 797 2259 835 a
2286 783 2508 840 victoria
2546 787 2772 843 excidet.
2812 789 2889 845 Ne
2922 791 3279 862 despiciamus
3308 802 3424 854 ani-

1854 882 1992 921 mant
2023 879 2277 937 nostram,
2306 888 2335 925 a
2364 890 2587 945 corpore
2612 878 2826 947 laesam;
2859 881 2965 936 imo
2991 882 3131 938 illam
3162 888 3429 957 perspica-

1852 959 2048 1013 ciorem
2077 959 2375 1018 efficiamus
2404 985 2416 1019 :
2444 966 2579 1021 alam
2608 969 2722 1037 ejus
2746 971 2915 1027 levem
2947 974 3229 1031 reddamus
3247 1019 3262 1041 ,
3293 978 3427 1032 mol-

1852 1048 1981 1104 liora
2000 1052 2205 1108 vincula
2230 1071 2243 1107 :
2263 1058 2600 1112 sermonibus
2620 1061 2760 1115 illam
2783 1078 3081 1131 pascamus,
3102 1065 3420 1137 frugalitate,

1851 1151 1910 1196 ut
1950 1158 2135 1198 sanum
2166 1146 2236 1200 sit
2265 1162 2458 1217 corpus
2483 1190 2498 1214 ,
2538 1159 2595 1204 ut
2623 1152 2894 1208 robustum
2919 1196 2935 1221 ,
2981 1168 3034 1212 ut
3069 1159 3296 1229 gaudeat
3324 1176 3423 1216 nec
3522 1204 3525 1207 η

1849 1237 2023 1294 doleat
2051 1256 2065 1294 :
2098 1250 2155 1295 ut
2198 1251 2379 1298 nostra
2421 1243 2500 1299 sic
2542 1254 2686 1301 recte
2733 1251 3116 1306 constituentes
3155 1253 3422 1322 possimus

1848 1344 2104 1385 summam
2134 1332 2381 1388 virtutem
2420 1334 2681 1405 attingere
2706 1379 2719 1402 ,
2756 1348 2914 1409 atque
2942 1352 3138 1397 aeterna
3168 1346 3420 1414 consequi

1847 1421 2005 1486 bona,
2027 1424 2192 1492 gratia
2213 1433 2267 1478 et
2289 1425 2613 1497 benignitate
2638 1430 2843 1485 Domini
2869 1435 3034 1487 nostri
3055 1434 3177 1489 Jesu
3198 1436 3417 1500 Christi,

1844 1515 2055 1584 quicum
2104 1518 2243 1572 Patri
2286 1534 2496 1589 unaque
2537 1520 2755 1591 Spiritui
2794 1534 2980 1581 sancto
3006 1527 3173 1596 gloria
3196 1570 3211 1592 ,
3245 1530 3417 1599 impe-

1845 1606 2003 1666 rium.
2022 1607 2211 1675 honor,
2234 1626 2375 1666 nunc
2395 1620 2450 1666 et
2473 1626 2704 1683 semper,
2724 1625 2777 1669 et
2796 1615 2849 1669 in
2868 1618 3059 1671 saecula
3080 1618 3416 1675 surculorum.

1845 1699 2035 1752 Amen.

144 2020 155 2027 .
1438 1982 1782 2047 HOMILIA
1821 1985 2114 2053 XXVIII.

150 2130 278 2186 CAP.
331 2130 420 2185 l5.
452 2144 507 2185 ν.
538 2129 592 2184 4.
622 2127 692 2183 Et
731 2126 831 2200 ipsi
873 2128 1072 2200 quidem
1116 2129 1256 2184 missi
1283 2145 1314 2182 a
1341 2128 1541 2196 Spiritu
1569 2138 1742 2182 sancto

213 2222 460 2276 abierunt
488 2220 811 2285 Seleuciam;
831 2230 878 2275 et
902 2220 1020 2276 inde
1040 2221 1398 2292 navigaverunt
1416 2223 1468 2274 in
1493 2220 1737 2291 Cyprum.

216 2314 270 2370 5.
310 2313 380 2368 Et
406 2330 520 2367 cum
548 2314 792 2368 venissent
817 2313 1152 2379 Salaminam,
1180 2313 1521 2383 praedicabant
1539 2314 1741 2369 verbum

213 2405 325 2462 Dei
343 2409 397 2460 in
416 2403 1011 2476 synagogisludteorum.
1036 2403 1300 2459 Habebunt
1320 2415 1486 2459 autem
1506 2415 1552 2460 et
1572 2403 1739 2459 Joan-

215 2514 341 2551 nem
364 2497 672 2551 ministrum.

217 2590 274 2647 Ι.
322 2588 566 2645 Ordinati
602 2587 759 2643 simul
788 2587 1031 2644 exierunt
1054 2629 1070 2654 ,
1098 2596 1153 2643 et
1180 2588 1233 2643 in
1263 2588 1493 2660 Cyprum
1525 2588 1737 2657 naviga-

150 2694 307 2749 runt,
336 2696 410 2738 eo
448 2680 591 2752 quod
617 2680 724 2736 illic
763 2680 922 2737 nulla:
954 2689 1132 2738 essent
1172 2680 1398 2743 insidiae,
1421 2690 1474 2734 et
1513 2680 1732 2736 verbum

153 2776 241 2831 Dei
287 2776 404 2847 jam
438 2775 839 2830 disseminatum
873 2785 1038 2830 esset.
1067 2775 1363 2831 Antiochia:
1390 2776 1599 2847 quidem
1623 2776 1730 2845 jam

158 2866 297 2923 multi
327 2877 483 2923 erant
502 2885 516 2922 :
538 2866 808 2923 Phoenicia
840 2880 1004 2937 prope
1023 2866 1359 2923 Palaestinam
1379 2875 1511 2932 erat,
1527 2866 1731 2939 Cyprus

162 2974 257 3015 non
277 2961 431 3014 item.
454 2959 718 3015 Caeterum
742 2976 807 3015 ne
823 2974 1050 3031 quaeras,
1078 2974 1241 3030 quare
1260 2976 1275 3022 ;
1293 2959 1504 3029 quando
1523 2958 1724 3029 Spiritu

164 3063 475 3109 moventur:
505 3068 613 3109 non
658 3054 831 3109 solum
870 3053 1012 3108 enim
1053 3053 1253 3124 Spiritu
1295 3064 1418 3106 sunt
1455 3054 1724 3120 ordinati,

172 3144 259 3200 sed
285 3145 433 3200 etiam
462 3145 634 3199 missi.
667 3143 735 3199 Et
761 3162 875 3199 cum
898 3146 1142 3199 venissent
1167 3144 1483 3200 Salaminam
1502 3185 1516 3206 ,
1545 3145 1729 3213 pra-di-

175 3237 337 3290 cabant
363 3238 558 3290 verbum
581 3234 680 3291 Dei
700 3236 755 3290 in
785 3236 1049 3308 synagogis
1075 3234 1389 3291 Judworum.
1420 3217 1582 3292 Vides
1607 3236 1727 3291 illos

166 3342 275 3381 cum
302 3328 446 3382 omni
474 3326 749 3398 diligentia
776 3329 992 3381 verbum
1025 3329 1268 3383 nuntiare
1297 3328 1480 3398 primis
1508 3326 1631 3392 illis,
1657 3343 1727 3383 ne

155 3419 265 3472 illos
295 3418 743 3473 contentiosiores
778 3418 1096 3474 redderent?
1121 3419 1187 3473 Et
1207 3419 1279 3473 illi
1303 3419 1511 3474 nonnisi
1530 3419 1727 3474 Judazis

148 3511 503 3579 loquebantur
531 3552 544 3573 .
572 3519 627 3566 et
652 3511 704 3565 hi
731 3510 796 3565 ad
831 3525 1124 3584 synagogas
1152 3511 1414 3567 abierunt.
1438 3513 1490 3568 6.
1517 3512 1584 3566 Et
1609 3530 1724 3568 cum

141 3601 574 3671 permnbulassent
584 3602 860 3657 universam
870 3602 1087 3656 insulam
1099 3619 1250 3673 usque
1267 3602 1519 3673 Paphum,
1534 3620 1725 3660 iuvenes

136 3702 251 3746 runt
267 3694 439 3747 virum
449 3692 714 3762 quemdam
732 3710 933 3761 magum
954 3693 1437 3765 pseudOprophetam
1458 3694 1718 3761 Judaeum,

133 3785 212 3836 cui
244 3800 439 3838 nomen
468 3781 706 3854 Barjesu,
742 3784 793 3838 7.
815 3786 899 3854 qui
932 3794 1037 3838 erat
1069 3800 1181 3838 cum
1208 3787 1505 3852 proconsule
1541 3786 1720 3858 Sergio

134 3876 323 3941 Paeto,
353 3878 468 3930 viro
495 3878 739 3946 prudente
764 3892 783 3930 :
807 3878 893 3946 qui
918 3879 1172 3933 accersitis
1197 3877 1431 3933 Barnaba
1456 3888 1503 3933 et
1532 3880 1715 3949 Saulo,

128 3967 457 4022 desiderabat
484 3967 661 4021 audire
682 3968 883 4022 verbum
907 3967 1023 4022 Dei.
1050 3968 1102 4025 8.
1136 3968 1405 4025 Resistebat
1429 3982 1592 4026 autem
1615 3973 1717 4029 illis

127 4060 347 4129 Elymas
388 4076 571 4131 magus
596 4060 710 4129 (sic
749 4061 882 4114 enim
919 4061 1270 4131 interpretatur
1311 4079 1489 4117 nomen
1532 4064 1713 4135 ejus),

122 4168 359 4221 querens
400 4160 624 4206 avertere
661 4153 1007 4222 proconsulem
1039 4170 1070 4206 a
1098 4153 1217 4220 ﬁde.
1261 4152 1489 4209 Rursum
1528 4171 1713 4226 magus

122 4243 347 4298 ludatis
378 4244 526 4298 sicut
562 4244 765 4299 Simon.
804 4245 868 4298 Et
894 4243 1174 4299 considera
1204 4245 1375 4315 ipsum
1400 4288 1416 4312 ,
1445 4246 1568 4302 dum
1595 4248 1713 4303 aliis

121 4336 519 4404 praedicabant,
544 4352 647 4390 non
675 4337 896 4391 multum
921 4336 1298 4406 indignantem,
1322 4338 1418 4393 sed
1443 4354 1561 4394 cum
1587 4355 1711 4409 pro-

117 4429 407 4484 consulem
430 4428 705 4483 adiissent.
736 4428 886 4496 Quod
906 4437 1083 4482 autem
1106 4429 1158 4483 in
1181 4430 1496 4498 proconsule
1516 4431 1710 4487 mirum

117 4532 216 4586 est,
250 4521 411 4593 quod
440 4520 584 4576 illius
609 4522 776 4591 magia
806 4532 1221 4591 praeoccupatus,
1252 4521 1477 4577 voluerit
1498 4532 1710 4593 aposto-

118 4616 192 4668 lns
216 4614 446 4668 audire.
474 4613 564 4668 Sic
590 4622 645 4668 et
671 4612 986 4668 Samaritani
1014 4612 1287 4679 fecerunt;
1313 4623 1366 4668 et
1392 4629 1456 4669 ex
1486 4630 1705 4685 compa-

113 4706 327 4762 ratione
356 4705 586 4759 victoria
623 4716 880 4774 apparet,
918 4712 973 4758 et
1008 4704 1176 4774 magia
1216 4705 1468 4771 vincitur.
1502 4704 1705 4775 Ubique

112 4813 246 4851 vana
274 4797 458 4867 gloria
478 4804 537 4851 et
558 4810 707 4849 amor
732 4795 1053 4865 principatus
1079 4809 1252 4849 causa:
1277 4795 1533 4851 malorum
1557 4807 1700 4852 sunt.

109 4888 160 4943 9.
185 4890 398 4945 Saulus
426 4899 612 4952 autem,
633 4890 720 4957 qui
742 4898 789 4941 et
818 4886 1027 4953 Paulus,
1050 4887 1269 4957 repletus
1294 4888 1488 4959 Spiritu
1505 4901 1697 4955 sancto,

107 4984 313 5037 intuens
350 4984 418 5035 in
451 4998 567 5034 eum
585 5021 601 5046 ,
635 4981 722 5035 10.
758 4981 886 5035 dixit
910 4996 926 5033 :
950 4980 994 5034 0
1020 4983 1163 5050 plene
1190 4982 1325 5035 omni
1352 4982 1468 5035 dolo
1492 4992 1539 5036 et
1566 4985 1701 5038 omni

107 5076 346 5144 fallacia,
380 5072 463 5141 ﬁli
489 5073 697 5130 diaboli.
725 5073 922 5125 inimice
945 5073 1107 5125 omnis
1132 5071 1358 5139 iustitiae,
1388 5088 1487 5125 non
1514 5072 1700 5128 desinis

105 5167 408 5221 subvertere
432 5166 536 5219 vias
564 5164 767 5218 Domini
797 5165 997 5219 rectas?
1020 5165 1109 5221 11.
1139 5163 1207 5217 Et
1230 5181 1364 5219 nunc
1386 5180 1496 5218 ecce
1521 5181 1697 5219 manus

109 5256 323 5311 Domini
355 5272 519 5325 super
543 5267 608 5319 te,
637 5266 685 5309 et
710 5256 806 5309 eris
826 5271 1019 5321 caicus,
1047 5270 1148 5308 non
1174 5254 1343 5308 videns
1367 5255 1519 5308 solem
1546 5272 1698 5326 usque

105 5353 166 5402 ad
190 5361 430 5415 tempus.
464 5349 562 5403 llic
591 5363 784 5403 nomen
821 5348 962 5403 illius
990 5357 1222 5401 mutatur
1263 5356 1382 5417 post
1408 5347 1694 5403 ordinatio-

108 5458 223 5499 nem
241 5484 261 5506 .
289 5442 351 5497 id
380 5439 526 5510 quod
555 5440 712 5493 etiam
742 5439 899 5494 Petro
925 5439 1134 5493 accidit.
1166 5437 1233 5492 Et
1257 5434 1397 5505 vide,
1427 5453 1530 5492 non
1559 5453 1691 5493 con-

108 5533 329 5587 nnnelia
355 5540 466 5598 est,
495 5530 590 5586 sed
619 5529 925 5600 increpatio.
956 5528 1257 5584 Petulantes
1279 5528 1420 5581 enim
1446 5538 1499 5583 et
1524 5527 1693 5598 impu-

109 5623 297 5680 dentes
317 5624 412 5679 sic
425 5633 639 5693 oportet
659 5623 953 5692 increpare.
974 5619 1018 5675 0
1036 5621 1180 5691 plene
1193 5622 1327 5674 onmi
1342 5621 1478 5687 dolo,
1499 5621 1688 5691 inquit,

109 5730 149 5772 et
167 5719 317 5773 omni
338 5716 576 5789 fallacia,
600 5716 677 5785 ﬁli
702 5714 922 5781 diaboli,
944 5713 1142 5767 inimice
1166 5713 1324 5767 omnis
1340 5713 1570 5781 justitiw.
1593 5713 1691 5772 Hic

110 5812 315 5865 revelat.
360 5825 427 5866 ea
450 5852 466 5878 ,
497 5824 615 5880 qua:
653 5808 708 5864 in
735 5815 913 5865 mente
943 5805 1035 5862 ille
1064 5804 1320 5871 habebat,
1351 5806 1476 5863 dum
1504 5808 1689 5866 salutis

1846 2133 2062 2190 obtentu
2096 2139 2462 2206 proconsulem
2497 2141 2759 2210 perderet.
2793 2142 2913 2197 Non
2941 2143 3127 2200 desinis
3149 2185 3166 2211 ,
3200 2146 3409 2218 inquit,

1842 2224 2121 2281 subvertere
2144 2229 2251 2282 vias
2280 2229 2602 2287 Domini?Et
2629 2248 2751 2288 cum
2792 2234 2894 2289 tide
2917 2276 2932 2302 ,
2960 2235 3075 2290 Non
3107 2250 3287 2293 contra
3316 2255 3414 2295 nos

1842 2316 2083 2372 decet-tas
2106 2330 2160 2374 et
2189 2335 2388 2391 pugnas
2406 2364 2422 2389 ,
2454 2323 2561 2387 ait,
2589 2325 2681 2380 sed
2708 2326 2817 2381 vias
2846 2328 3051 2381 Domini
3081 2338 3253 2384 rectas
3281 2330 3412 2386 sub-

1840 2409 2023 2475 vertis,
2049 2418 2102 2465 et
2130 2425 2249 2466 cum
2278 2414 2519 2468 encomio
2541 2414 2654 2469 haec
2678 2416 2823 2471 dicit.
2853 2415 2921 2470 Et
2945 2434 3077 2472 nunc
3103 2435 3213 2473 ecce
3231 2436 3410 2476 manus

1840 2499 2044 2554 Domini
2070 2518 2222 2570 super
2246 2512 2294 2557 te
2314 2543 2329 2568 ,
2354 2486 2404 2558 et
2427 2506 2524 2559 eris
2547 2522 2726 2560 cwcus.
2759 2506 2874 2574 Quo
2906 2508 3018 2577 ipse
3050 2509 3300 2564 reductus
3326 2520 3410 2565 est

1839 2592 2010 2662 signo,
2041 2592 2141 2648 hoc
2169 2603 2222 2648 et
2250 2594 2398 2649 illum
2422 2596 2533 2649 vult
2559 2596 2833 2653 reducere.
2862 2597 2929 2652 Et
2958 2598 3081 2652 illud
3101 2639 3115 2663 ,
3147 2598 3316 2669 Usque
3341 2602 3409 2654 ad

1838 2691 2033 2753 tempus
2055 2724 2070 2748 ,
2099 2699 2202 2739 non
2234 2686 2495 2754 punientis
2525 2686 2720 2742 dictum
2752 2699 2870 2757 est,
2902 2689 2995 2743 sed
3025 2693 3402 2746 convertentis.

1837 2772 1966 2827 Nam
1996 2775 2038 2829 si
2072 2777 2336 2844 punientis
2375 2787 2553 2845 esset,
2583 2780 2729 2834 illum
2758 2781 2809 2835 in
2849 2790 3161 2851 perpetuum
3193 2782 3407 2840 fecisset

1835 2882 2033 2922 caecum
2063 2885 2077 2922 :
2105 2884 2246 2924 nunc
2270 2884 2398 2924 vero
2428 2885 2531 2925 non
2557 2870 2659 2927 hoc
2684 2872 2820 2942 agit,
2853 2873 2946 2929 sed
2971 2873 3037 2927 ad
3064 2882 3273 2945 tempus
3295 2914 3312 2941 ,
3343 2885 3403 2930 ut

1835 2959 2204 3028 proc0nsulem
2233 2960 2483 3016 lucretur.
2515 2961 2582 3015 Et
2609 2964 2868 3035 confestim
2894 2964 3070 3018 cecidit
3097 2966 3148 3018 in
3176 2982 3290 3019 eum
3314 2982 3401 3018 ca-

1835 3050 1935 3121 ligo
1973 3059 2019 3105 et
2061 3052 2307 3117 tenebrae,
2350 3062 2395 3106 et
2430 3053 2670 3107 circuiens
2707 3053 2953 3124 quaerebat
2989 3056 3076 3125 qui
3117 3056 3162 3109 ei
3199 3072 3403 3110 manum

1832 3143 1994 3197 daret.
2024 3142 2109 3197 I2.
2140 3142 2282 3197 Tunc
2307 3145 2576 3213 proconsul
2597 3162 2710 3198 cum
2735 3144 2935 3199 vidisset
2960 3149 3168 3216 factum,
3192 3148 3401 3200 credidit

1830 3235 2088 3289 admirans
2106 3252 2257 3305 super
2276 3236 2503 3289 doctrina
2524 3235 2744 3292 Domini.
2767 3236 2893 3292 Jure
2911 3244 3055 3291 certe
3076 3254 3091 3292 :
3112 3252 3232 3293 nam
3253 3253 3396 3305 eum,

1830 3328 1917 3398 qui
1947 3327 2115 3396 magia
2144 3339 2540 3398 praeoccupatus
2577 3338 2692 3382 erat
2714 3370 2729 3395 ,
2769 3328 2868 3384 hac
2911 3344 3065 3398 poena
3093 3330 3271 3385 doceri
3304 3346 3399 3400 par

1828 3429 1961 3473 erat.
2004 3418 2093 3475 Sic
2132 3418 2364 3491 Egyptii
2398 3420 2533 3490 magi
2563 3419 2687 3474 olim
2718 3434 2747 3473 a
2779 3420 2999 3488 pustulis
3028 3420 3216 3476 eruditi
3248 3431 3391 3477 sunt.

1827 3511 2101 3580 Perpende
2133 3521 2307 3567 autem
2349 3510 2465 3566 illos
2504 3527 2609 3565 non
2650 3510 2803 3566 isthic
2843 3526 3044 3566 moram
3083 3512 3391 3581 trahentes,

1826 3612 2007 3675 utpote
2029 3605 2345 3676 proconsule
2368 3605 2477 3677 jam
2504 3605 2754 3663 credente
2773 3645 2787 3672 ,
2817 3622 2991 3679 neque
3016 3607 3315 3662 adulatione
3340 3617 3395 3663 et

1824 3695 2028 3753 honore
2053 3697 2271 3752 emolliti
2299 3704 2443 3764 sunt,
2471 3696 2565 3752 sed
2590 3697 2765 3752 statim
2794 3697 2941 3768 Operi
2968 3712 3027 3753 se
3053 3697 3388 3761 dediderunt,

1823 3798 1877 3845 et
1905 3789 1956 3843 in
1997 3790 2403 3844 transmarinam
2438 3790 2706 3858 regionem
2734 3804 2793 3845 se
2818 3790 3174 3845 contulerunt.
3205 3791 3291 3846 I5.
3322 3789 3391 3845 Et

1821 3897 1936 3934 cum
1965 3897 1992 3935 e
2017 3879 2184 3951 Cypro
2212 3882 2524 3951 navigassent
2549 3879 2747 3935 Paulus
2781 3891 2827 3934 et
2855 3883 2942 3951 qui
2967 3898 3080 3935 cum
3114 3898 3171 3935 eo
3210 3891 3349 3937 erant
3368 3924 3385 3949 ,

1820 3984 2056 4026 venerunt
2088 3970 2282 4044 Pergen
2310 3972 2647 4042 Pamphyliae.
2685 3971 2910 4026 Joannes
2937 3982 3100 4027 autem
3130 3973 3386 4029 discedens

1819 4064 1880 4118 ab
1920 4065 1990 4118 eis
2015 4105 2030 4126 ,
2070 4081 2292 4119 reversus
2325 4074 2394 4118 est
2421 4062 2808 4134 Jerosolymant.
2843 4065 2928 4120 Il.
2959 4063 2985 4118 1
2996 4065 3051 4119 lli
3076 4073 3239 4121 autem
3266 4084 3381 4133 per-

1818 4166 2124 4211 transeuntes
2165 4154 2361 4227 Pergen
2386 4196 2401 4222 ,
2442 4165 2680 4209 venerunt
2714 4155 3029 4211 Antiochiam
3057 4157 3265 4213 Pisidia:
3295 4168 3384 4213 :et

1816 4249 2025 4317 ingressi
2060 4264 2366 4317 synagogam
2405 4247 2486 4300 die
2523 4247 2838 4301 sabbatorum
2871 4251 3121 4302 sederunt.
3153 4249 3379 4305 Rursum

1816 4340 1869 4395 in
1896 4355 2191 4412 synagogas
2219 4340 2396 4395 habitu
2421 4339 2722 4395 Iudaeorum
2754 4340 2974 4411 ingressi
3005 4351 3156 4409 sunt,
3186 4359 3253 4398 ne
3280 4343 3381 4399 im-

1814 4441 2171 4500 pugnarentur
2187 4432 2267 4486 vel
2292 4431 2645 4502 pellerentur:
2664 4440 2718 4486 et
2736 4433 2806 4487 ita
2827 4442 2991 4487 totum
3014 4433 3375 4503 perficiebant.

1813 4523 1901 4577 15.
1932 4520 2056 4576 Post
2093 4523 2347 4576 lectionem
2371 4531 2535 4576 autem
2572 4521 2696 4592 legis
2721 4531 2767 4577 et
2795 4523 3152 4594 praphetarum
3173 4565 3188 4589 ,
3225 4527 3375 4581 mise-

1809 4624 1926 4668 runt
1955 4614 2202 4685 principes
2234 4630 2504 4685 synagoga:
2537 4614 2603 4667 ad
2628 4630 2711 4668 eos
2732 4654 2747 4679 ,
2775 4614 2994 4668 dicentes
3018 4630 3037 4668 :
3056 4612 3265 4671 Fratres
3282 4654 3298 4680 ,
3328 4617 3374 4670 si

1809 4717 1881 4762 est
1906 4708 1960 4762 in
1985 4707 2120 4761 vobis
2147 4723 2308 4781 sermo
2332 4708 2689 4761 exhortationis
2714 4706 2782 4759 ad
2807 4706 2994 4778 plebem
3015 4749 3030 4771 ,
3059 4708 3226 4762 dicite.
3254 4708 3372 4764 Jam

1808 4800 1932 4855 hinc
1956 4815 2073 4869 quae
2101 4798 2318 4853 Paulum
2356 4797 2875 4868 spectantIdiscimus
2893 4839 2909 4865 ,
2935 4812 3054 4851 cum
3084 4808 3236 4853 antea
3262 4814 3369 4855 non

1807 4906 1970 4960 pauca
2000 4890 2067 4945 de
2093 4890 2249 4944 Petro
2277 4888 2635 4944 didicerimus.
2665 4886 2768 4942 Sed
2798 4903 2915 4957 quae
2954 4888 3195 4955 superius
3228 4888 3365 4944 dicta

1805 4992 1927 5037 sunt
1952 4981 2308 5051 exploremus.
2338 4979 2405 5034 Et
2437 4995 2551 5033 cum
2586 4978 2827 5032 venissent
2854 4977 3198 5044 Salaminam,
3230 4995 3365 5049 prte-

1804 5072 2033 5126 dicabant
2062 5073 2263 5126 verbum
2292 5070 2387 5124 Dei
2416 5071 2467 5124 in
2498 5068 2774 5138 metropoli
2817 5068 2995 5139 Cypri.
3038 5068 3140 5123 Per
3167 5084 3361 5124 annum

1801 5171 2109 5220 manserunt
2136 5162 2447 5217 Antiochiae.
2475 5159 2759 5231 Oportebat
2788 5159 2880 5214 illo
2905 5160 3067 5225 abire,
3099 5176 3197 5216 nec
3221 5176 3362 5217 sem-

1800 5272 1897 5326 per
1921 5256 2004 5310 hic
2027 5255 2214 5310 sedere
2239 5271 2253 5308 :
2280 5251 2566 5322 majoribus
2589 5265 2719 5321 opus
2746 5252 3009 5308 habebant
3031 5252 3358 5307 doctoribus.

1805 5348 1952 5415 Vide,
1977 5345 2243 5417 quomodo
2264 5342 2518 5400 Seleucire
2545 5358 2649 5397 non
2674 5357 2850 5398 moras
2874 5342 3104 5409 trahant,
3126 5344 3359 5400 scientes

1797 5457 1828 5496 a
1857 5441 2025 5496 vicina
2067 5438 2281 5493 civitate
2325 5435 2545 5497 multum
2590 5434 2829 5490 utilitatis
2866 5435 3133 5505 accepisse
3174 5435 3358 5491 Seleu-

1795 5531 2000 5587 cienses
2022 5571 2038 5597 ,
2070 5528 2164 5584 sed
2204 5529 2312 5582 illic
2338 5528 2500 5583 etiam
2535 5525 2787 5582 festinant
2821 5527 2886 5581 ad
2915 5541 2977 5582 ea
2999 5568 3016 5595 ,
3043 5543 3161 5597 quae
3187 5527 3355 5597 magis

1795 5621 2071 5691 ungebam.
2109 5619 2241 5674 Nam
2284 5628 2341 5674 ut
2376 5628 2637 5675 venerunt
2677 5619 2743 5675 ad
2787 5619 3063 5690 metropoli
3144 5619 3351 5687 insulae,

1794 5711 2161 5782 proconsulem
2203 5710 2485 5773 emendare
2521 5710 2824 5767 studebant.
2855 5710 3006 5780 Quod
3033 5725 3101 5765 au
3125 5725 3210 5765 em
3244 5723 3352 5765 non

1794 5819 1861 5861 es
1887 5801 2188 5860 adulatione
2210 5801 2436 5873 dicatur,
2467 5801 2593 5860 Erat
2619 5819 2733 5858 cum
2755 5800 3069 5875 proconsule,
3095 5800 3203 5857 viro
3228 5815 3352 5872 pru-
