3978 6514
544 375 645 433 211

547 497 711 556 dente,
744 505 811 546 ex
837 503 899 545 re
925 487 1034 556 ipsa
1061 483 1208 539 disce
1235 498 1249 536 :
1273 476 1539 550 quomodo
1572 488 1678 528 non
1703 471 1880 525 multis
1906 478 2117 521 sermo-

548 586 708 641 nibus
730 598 866 652 opus
891 579 1155 640 habuerit,
1184 570 1452 646 quomodo
1472 566 1696 623 voluerit
1721 565 1889 633 ipsum
1916 558 2118 613 audire.

551 679 616 733 Et
642 677 855 731 nomina
883 674 1153 728 civitatum
1187 674 1459 728 recenset,
1488 659 1773 716 OSIendens
1800 653 1962 724 quod,
1991 665 2122 720 quo—

553 771 692 824 niam
724 783 891 836 nuper
916 765 1133 821 verbum
1162 766 1497 827 receperant,
1521 768 1654 823 opus
1680 760 1795 806 erat
1817 744 2124 803 confirmari

552 861 674 915 illos
722 866 779 914 ut
826 859 876 911 in
926 855 1027 909 fide
1072 858 1351 906 manerent
1391 866 1404 901 :
1453 863 1616 917 quare
1662 845 1965 913 frequenter
2008 840 2125 893 illas

551 954 769 1008 adeunt.
802 947 1071 1018 Perpende
1092 988 1107 1012 ,
1137 942 1404 1015 quomodo
1432 940 1560 993 nihil
1592 953 1745 1008 mago
1773 936 1998 1001 dixerit,
2030 932 2126 987 do-

554 1062 651 1101 nec
680 1046 770 1099 ille
795 1043 1127 1097 occasionem
1156 1040 1329 1103 daret,
1353 1036 1445 1091 sed
1472 1036 1691 1089 verbum
1720 1031 1927 1088 Domini
1953 1032 2126 1083 solum

554 1138 953 1193 annuntiabant.
997 1135 1127 1203 Quia
1159 1134 1303 1187 enim
1341 1132 1473 1185 alios
1517 1128 1850 1183 attendentes
1879 1124 2125 1187 videbat,

554 1233 607 1287 id
637 1248 799 1286 unum
830 1230 918 1284 ille
946 1230 996 1283 in
1024 1242 1189 1296 scapo
1217 1226 1467 1287 habebat,
1492 1240 1558 1276 ne
1587 1222 1672 1276 ille
1699 1218 2124 1289 persuaderetur.

556 1327 624 1380 Et
653 1341 749 1381 cur
776 1340 879 1379 non
906 1322 1049 1377 aliud
1076 1322 1283 1389 signum
1314 1317 1476 1371 fecit?
1504 1316 1623 1386 quia
1654 1314 1854 1368 nullum
1888 1312 2007 1366 huic
2036 1326 2131 1380 par

556 1427 700 1480 crat,
730 1415 869 1482 quod
898 1414 1168 1467 inimicum
1197 1420 1429 1479 caperet.

628 1508 683 1562 2.
718 1508 786 1562 Et
811 1507 949 1571 vide,
977 1507 1149 1575 primo
1176 1504 1437 1571 objurgat,
1466 1510 1517 1555 et
1543 1510 1666 1553 tunc
1691 1498 1860 1569 punit.
1890 1495 2133 1550 Ostendit

559 1609 735 1653 autem
767 1598 912 1652 illum
939 1597 1081 1664 juste
1113 1595 1217 1665 pati
1242 1611 1361 1648 cum
1385 1594 1548 1646 dicit:
1585 1590 1629 1645 0
1654 1592 1797 1661 plene
1821 1591 1957 1643 omni
1980 1588 2133 1642 dolo!

562 1692 665 1746 hoc
689 1701 769 1746 est
793 1734 808 1757 ,
840 1692 970 1745 nihil
1012 1690 1134 1743 dolo
1170 1703 1392 1741 vacuum
1424 1687 1644 1740 habens.
1690 1684 1757 1738 Et
1786 1693 1927 1737 recte
1967 1683 2131 1746 dicit,

567 1783 716 1837 Omni
758 1784 911 1848 dolo;
942 1781 1220 1835 simulabat
1250 1780 1412 1834 enim.
1448 1778 1553 1831 Fili
1592 1777 1778 1830 diaboli
1804 1794 1821 1830 :
1845 1791 1964 1829 nam
2003 1791 2136 1845 opus

565 1876 708 1929 illius
746 1874 952 1945 agebat.
985 1872 1198 1926 Inimica
1226 1873 1387 1925 omnis
1417 1871 1631 1936 jastitite
1659 1885 1675 1923 :
1704 1868 1817 1922 hmo
1844 1868 1984 1922 enim
2014 1882 2137 1922 vere

564 1979 680 2023 erat
720 1967 892 2021 omnis
932 1965 1155 2035 justitia.
1197 1964 1319 2018 Mihi
1350 1963 1562 2018 videtur
1598 1963 1695 2015 hoc
1726 1961 1942 2026 dicens,
1978 1960 2137 2013 vitam

565 2061 706 2115 illius
734 2060 1071 2129 redarguere.
1102 2057 1170 2112 Ut
1194 2070 1367 2112 autem
1390 2057 1695 2111 ostenderet
1719 2055 1835 2110 haec
1853 2055 2010 2109 verba
2034 2070 2138 2107 non

568 2153 635 2206 ab
666 2154 737 2205 ira
771 2150 1050 2220 proﬁcisci,
1081 2150 1221 2217 prius
1248 2151 1379 2203 dixit
1407 2167 1419 2202 :
1449 2148 1687 2217 Repletus
1715 2148 1911 2219 Spiritu
1936 2156 2141 2210 sancto;

575 2245 676 2299 hoc
703 2254 783 2297 est
800 2286 813 2309 ,
843 2245 1172 2311 Operatione.
1198 2244 1264 2297 Et
1286 2262 1415 2297 nunc
1436 2261 1545 2298 ecce
1565 2261 1743 2298 manus
1763 2243 1968 2297 Domini
1994 2260 2145 2313 super

574 2346 637 2391 te.
667 2335 783 2390 Non
832 2337 961 2390 ultio
1000 2346 1152 2401 erat,
1179 2337 1270 2390 sed
1305 2337 1530 2390 medela.
1564 2338 1641 2391 Ac
1676 2338 1717 2390 si
1756 2337 1959 2391 diceret
1990 2355 2001 2390 :
2027 2335 2144 2391 Non

572 2444 670 2495 ego
696 2428 850 2488 facio.
881 2427 973 2481 sed
1005 2428 1094 2481 Dei
1126 2442 1334 2482 manus.
1360 2426 1492 2482 Vide
1522 2436 1577 2481 ut
1606 2427 1809 2481 alienus
1832 2438 1912 2481 est
1933 2443 1961 2481 a
1986 2427 2143 2481 fastu.

574 2518 692 2572 Eris
731 2534 890 2573 cwcus
916 2560 929 2583 ,
961 2535 1061 2571 non
1098 2519 1271 2571 videns
1305 2519 1459 2572 solem
1497 2536 1649 2583 usque
1687 2521 1754 2571 ad
1790 2529 1999 2587 tempus.
2038 2519 2147 2573 lloc

574 2609 743 2677 dicit,
776 2619 833 2663 ut
858 2610 946 2664 det
986 2610 1058 2664 illi
1111 2611 1434 2679 paenitentia:
1477 2612 1674 2665 locum.
1707 2612 1975 2681 Nusquam
2006 2612 2149 2666 enim

576 2703 825 2757 volebant
850 2719 915 2756 ex
944 2703 1183 2759 tristibus
1212 2704 1480 2772 conspicui
1510 2719 1647 2769 csse,
1679 2706 1917 2774 quamvis
1943 2705 2042 2759 hoc
2067 2720 2152 2757 er-

577 2809 641 2862 ga
665 2792 903 2847 inimicos
925 2792 1130 2848 fierent.
1151 2794 1254 2848 Sed
1270 2809 1391 2864 erga
1416 2810 1540 2849 suos
1558 2798 1677 2864 jure
1698 2796 1909 2864 quidem
1932 2797 2149 2850 merito:

577 2899 700 2939 cum
728 2900 853 2938 vero
879 2883 945 2938 de
974 2884 1161 2938 alienis
1187 2896 1450 2954 ageretur,
1481 2902 1585 2941 non
1615 2887 1761 2953 item,
1789 2902 1854 2941 ne
1883 2896 2154 2956 putaretur

582 2991 670 3031 res
696 2992 759 3031 ex
786 2976 1098 3032 necessitate
1124 2987 1176 3032 et
1207 2980 1393 3032 timore
1421 2980 1700 3049 proficisci.
1730 2980 1995 3035 Caecitatis
2025 2997 2154 3035 vero

584 3069 789 3135 signum
831 3066 926 3122 fuit
950 3110 965 3133 ,
1009 3068 1149 3138 quod
1187 3068 1434 3124 ductores
1470 3079 1750 3140 quaareret.
1784 3072 1985 3128 Deinde
2012 3074 2157 3129 videt

581 3162 876 3216 cmcitatem
906 3162 1207 3230 proconsul,
1239 3171 1291 3216 et
1317 3163 1492 3217 statim
1521 3163 1692 3218 credit
1719 3182 1731 3217 :
1762 3180 1931 3232 neque
1956 3166 2159 3235 simpli-

584 3256 735 3319 citer,
759 3256 851 3309 sed
878 3254 1238 3326 Obstupescens
1260 3272 1279 3310 :
1296 3256 1423 3310 vidit
1443 3262 1582 3312 enim
1607 3272 1710 3311 non
1733 3256 1819 3311 hic
1839 3259 1996 3313 verba
2018 3259 2154 3326 dari,

585 3362 759 3417 neque
786 3347 1004 3401 fallaciis
1030 3363 1142 3402 rem
1170 3349 1271 3417 agi.
1304 3348 1435 3403 Vide
1458 3358 1708 3416 quantum
1736 3349 1989 3404 doctrinae
2013 3366 2158 3404 amo-

586 3452 699 3491 rem
744 3438 960 3500 habuit,
994 3438 1083 3507 qui
1126 3449 1326 3492 tantum
1369 3440 1591 3509 gerebat
1636 3441 2003 3511 principatum.
2043 3442 2158 3498 Non

587 3527 720 3581 dixit
748 3544 900 3598 mago
927 3528 1120 3583 Paulus
1146 3548 1158 3584 :
1182 3528 1296 3583 Non
1323 3530 1519 3585 desinis
1542 3532 1851 3587 subvertere
1873 3549 2162 3603 proconsu-

588 3618 726 3685 lem;
749 3620 863 3686 sed,
899 3619 1016 3674 Vias
1035 3620 1261 3688 Domini,
1284 3623 1423 3693 quod
1451 3625 1618 3692 majus
1640 3634 1783 3691 erat;
1809 3643 1873 3681 ne
1894 3628 2161 3681 videretur

588 3712 814 3767 adulari.
848 3714 955 3768 Cur
980 3730 1109 3769 vero
1136 3715 1368 3771 Joannes
1402 3718 1601 3773 recedit
1638 3719 1704 3773 ab
1733 3720 1848 3773 eis?
1888 3735 2007 3774 nam
2046 3721 2159 3789 ait,

586 3803 815 3861 Joannes
833 3808 1065 3862 recedens
1084 3808 1146 3862 ab
1172 3809 1261 3873 eis,
1285 3824 1507 3862 reversus
1528 3819 1599 3863 est
1617 3809 2003 3881 Jerosolymam.
2029 3812 2161 3881 Quia

589 3899 799 3970 longius
824 3900 1074 3971 deinceps
1103 3902 1204 3957 iter
1227 3902 1584 3972 suscipiebant
1611 3922 1624 3955 :
1653 3906 1894 3974 quamvis
1925 3907 2035 3974 ipse
2062 3908 2162 3960 mi-

590 3994 755 4047 nister
776 4005 949 4060 esset;
976 3994 1048 4048 illi
1070 4010 1197 4050 vero
1222 3996 1513 4064 periculum
1535 3995 1789 4054 subirent.
1814 3998 2016 4053 Rursus
2039 4000 2165 4054 Per-

588 4101 691 4157 gen
716 4088 1011 4151 venientes,
1043 4098 1459 4157 prmtercurrunt
1486 4090 1617 4145 alias
1642 4092 1880 4146 civitates
1905 4110 1918 4145 :
1947 4109 2065 4146 nam
2098 4093 2164 4147 ad

591 4182 907 4252 metropolin
951 4183 1285 4237 Antiochiam
1327 4183 1662 4238 festinabant.
1704 4185 1774 4240 Et
1816 4187 1969 4252 vide,
2006 4202 2163 4256 quam

590 4272 905 4341 compendio
932 4282 1111 4327 narret
1139 4274 1387 4341 scriptor.
1419 4273 1690 4342 Sederunt,
1719 4276 1906 4347 inquit,
1935 4278 1987 4331 in
2012 4294 2166 4347 syna-

592 4381 721 4435 gOgu
747 4364 827 4417 die
854 4363 1172 4419 sabbatorum
1198 4381 1217 4419 :
1238 4376 1296 4420 ut
1322 4369 1553 4421 sermoni
1583 4369 1722 4422 viam
1764 4384 2023 4438 pararent.
2057 4371 2166 4426 Nec

595 4456 796 4525 priores
825 4456 1132 4526 loquuntur,
1161 4457 1252 4512 sed
1281 4458 1506 4521 invitati,
1529 4468 1583 4513 et
1605 4461 1753 4529 quasi
1782 4462 2018 4530 hospites
2044 4479 2167 4533 pro-

594 4551 783 4604 vocati.
812 4550 865 4605 Si
895 4559 1070 4604 autem
1101 4567 1203 4605 non
1234 4551 1305 4605 ibi
1335 4553 1689 4619 mansissent,
1728 4570 1905 4609 sermo
1935 4572 2037 4609 non
2066 4556 2165 4611 ha-

596 4644 736 4698 bitus
763 4643 966 4699 fuisset.
991 4644 1086 4697 llic
1108 4644 1279 4715 primo
1308 4645 1558 4714 przedicat
1583 4646 1791 4703 Paulus.
1820 4649 1885 4703 Et
1907 4650 2027 4704 vide
2052 4651 2166 4719 ejus

595 4736 929 4806 prudentiam
956 4754 969 4786 :
997 4738 1081 4793 ubi
1110 4753 1289 4792 sermo
1314 4754 1529 4811 sparsus
1556 4742 1754 4805 fuerat,
1775 4747 2161 4811 prietercurrit;

595 4827 683 4881 ubi
729 4844 856 4882 vero
904 4828 1080 4882 nullus
1126 4828 1315 4893 fuerat,
1362 4829 1561 4885 diutius
1605 4845 1816 4897 manet;
1859 4841 1916 4887 ut
1956 4842 2011 4888 et
2053 4835 2167 4904 ipse

594 4919 833 4974 Scribens
861 4919 989 4975 dicit
1018 4938 1031 4975 :
1062 4919 1150 4975 Sic
1174 4931 1340 4975 autem
1370 4923 1541 4976 studui
1569 4925 1928 4994 evangelizare,
1958 4944 2057 4981 non
2081 4930 2167 4982 ubi

595 5011 879 5066 nominatus
908 5022 979 5066 est
1003 5010 1229 5067 Christus
1256 5012 1276 5084 (
1300 5012 1448 5069 Rom.
1481 5016 1567 5071 15.
1595 5015 1666 5071 20
1687 5017 1728 5085 ).
1757 5017 1869 5071 lloc
1895 5034 2021 5074 vero
2049 5035 2163 5075 ma-

595 5117 713 5169 gna:
737 5102 1061 5159 fortitudinis
1089 5112 1222 5158 erat.
1254 5106 1389 5161 Vere
1409 5123 1436 5159 a
1463 5108 1719 5178 principio
1743 5110 2066 5167 admirabilis
2087 5114 2167 5168 vir

598 5193 696 5248 fuit
721 5212 735 5247 :
762 5195 1045 5251 crucifixus
1065 5239 1078 5260 ,
1106 5197 1160 5250 in
1190 5198 1304 5254 acie
1331 5200 1554 5270 positus,
1581 5201 1781 5256 sciebat
1809 5215 2001 5272 quanta
2032 5206 2167 5274 poti-

598 5294 744 5339 retur
784 5286 992 5355 gratia;
1031 5301 1125 5355 par
1170 5289 1371 5343 induxit
1414 5291 1662 5346 studium.
1709 5292 1821 5347 Non
1867 5297 2167 5350 succensuit

597 5377 789 5432 Joanni
818 5399 832 5433 :
860 5393 964 5433 non
991 5379 1128 5433 enim
1157 5379 1311 5451 hujus
1336 5394 1449 5437 erat
1475 5385 1573 5454 (ἁ),
1600 5385 1691 5441 scd
1718 5388 1865 5456 operi
1894 5388 2124 5442 haerebat
2148 5408 2162 5444 :

598 5486 707 5526 non
752 5471 1090 5538 formidavit,
1143 5489 1250 5530 non
1299 5475 1468 5531 timuit
1515 5479 1565 5533 in
1614 5479 1783 5536 media
1829 5482 2165 5538 multitudine

664 5610 741 5669 (α)
776 5614 960 5676 renus
990 5616 1179 5659 urceus
1200 5609 1385 5676 habet,
1419 5624 1460 5662 οὗ
1484 5625 1551 5676 γᾴρ
1573 5626 1701 5665 nam
1733 5621 1789 5676 tv.
1812 5624 2049 5669 Dounteus
2086 5632 2159 5670 sic

596 5670 889 5742 vertendum
912 5677 1065 5742 putat,
1085 5680 1187 5742 Non
1208 5671 1345 5742 enim_
1365 5672 1455 5742 irgz
1478 5670 1668 5742 deditus
1690 5670 1793 5742 erat
1824 5691 1840 5728 :
1867 5680 1946 5732 vel
1969 5682 2039 5731 sic
2059 5682 2158 5730 for-

597 5734 739 5808 tassig
751 5731 1089 5808 explicandum
1114 5747 1127 5781 :
1154 5741 1247 5808 von
1266 5733 1394 5808 enim
1414 5736 1562 5801 ipsius
1583 5743 1725 5802 erat;
1749 5740 1796 5790 id
1820 5750 1913 5804 est,
1931 5731 2026 5793 non
2050 5743 2156 5808 ille,

600 5793 689 5845 sed
708 5793 943 5849 Barnabas
964 5795 1099 5847 illum
1120 5796 1405 5855 minuerat.

1267 364 1323 419 s.
1364 356 1641 418 mauros
1673 343 2151 409 cunvsosrout
2187 345 2502 401 ARCHlEP.
2533 344 3057 404 CONSTANTINOP.

3690 346 3798 401 2η

2228 463 2529 517 conclusus.
2557 461 2691 516 Vide
2714 461 2981 530 quomodo
3004 460 3328 531 providetur,
3353 474 3417 513 ne
3444 458 3640 514 Paulus
3664 475 3801 529 pra:-

2226 553 2369 609 dicet
2397 555 2448 607 in
2478 552 2769 608 Jerusalem
2798 571 2812 605 :
2840 551 3134 605 sufﬁciebat
3165 552 3264 606 hoc
3290 550 3493 615 audire,
3520 550 3657 619 quod
3684 564 3799 605 creo

2228 646 2485 710 didisset;
2540 646 2913 716 praedicantem
2960 659 3087 698 vero
3136 658 3239 698 non
3294 645 3537 699 tulissent
3587 652 3804 714 propter

2227 737 2405 793 odium
2437 756 2449 789 :
2476 748 2529 793 et
2569 738 2750 808 procul
2792 738 2982 807 migrat
3010 736 3099 791 ubi
3133 746 3291 791 notus
3320 750 3423 790 non
3454 745 3590 791 emt.
3623 735 3806 790 Primo

2229 846 2439 901 magum
2480 829 2785 900 redarguit,
2816 841 2869 885 et
2906 830 3075 899 qualis
3102 838 3246 884 esset
3271 831 3480 897 aperuit
3512 846 3526 881 :
3555 827 3807 897 quodque

2232 924 2349 979 talis
2388 932 2559 986 esset,
2591 924 2795 991 signum
2837 922 3093 991 probavit.
3133 921 3245 977 Hoc
3283 922 3489 992 signum
3531 929 3649 976 erat
3692 920 3808 988 ejus

2230 1019 2421 1070 animae
2450 1015 2721 1072 caecitatis.
2750 1014 2833 1068 Ad
2863 1024 3069 1083 tempus
3102 1015 3315 1083 patitur,
3349 1021 3405 1069 ut
3436 1011 3807 1081 ptenitentiam

2231 1116 2370 1178 agat.
2400 1108 2543 1163 Bene
2568 1116 2742 1162 autem
2772 1108 2823 1160 in
2854 1108 3073 1162 sabbato
3103 1106 3297 1161 Paulus
3324 1106 3538 1159 intravit
3567 1105 3619 1158 in
3650 1118 3807 1173 syna-

2232 1216 2440 1270 gogam,
2482 1199 2693 1269 quando
2731 1214 2918 1254 omnes
2952 1198 3257 1269 congregati
3287 1208 3461 1253 erant.
3487 1198 3574 1251 15.
3599 1195 3669 1248 Et
3700 1204 3809 1264 post

2234 1293 2512 1356 lectionem,
2544 1292 2741 1361 inquit,
2769 1291 2891 1361 legis
2915 1301 2962 1343 et
2992 1292 3369 1360 prophetarum,
3397 1290 3638 1343 miserunt
3671 1289 3813 1355 prin-

2233 1386 2368 1453 cipes
2396 1398 2667 1453 synagoga:
2687 1423 2704 1449 ,
2730 1384 2947 1437 dicentes
2973 1399 2992 1436 :
3027 1382 3131 1437 Viri
3159 1386 3341 1451 fratres
3359 1424 3373 1447 ,
3405 1382 3451 1435 si
3492 1392 3563 1435 est
3590 1382 3645 1435 in
3674 1382 3811 1434 vobis

2235 1470 2396 1531 sermo
2421 1477 2781 1531 exhortationis
2804 1478 2871 1529 ad
2899 1477 3159 1546 populum,
3184 1477 3350 1531 dicite.
3381 1476 3512 1529 Vide
3542 1476 3661 1530 illos
3689 1484 3813 1528 tunc

2236 1569 2351 1622 sine
2380 1568 2575 1622 invidia
2607 1569 2810 1637 capiam
2841 1568 3047 1633 facere;
3080 1579 3262 1638 postea
3292 1583 3418 1624 vero
3443 1583 3549 1621 non
3581 1569 3728 1621 item.
3757 1567 3813 1621 Si

2239 1662 2340 1717 hoc
2357 1661 2677 1724 voluissetis,
2694 1662 2859 1731 magis
2875 1663 3153 1730 oportebat
3172 1661 3461 1716 exhortari.
3485 1660 3652 1725 Sed,o
3678 1663 3817 1731 prino

2238 1754 2442 1823 cipatus
2472 1769 2705 1809 amorem
2733 1755 2745 1807 !
2778 1770 2809 1808 ο
2835 1769 3022 1809 vanam
3051 1754 3270 1824 gloriam
3295 1755 3309 1808 !
3338 1753 3604 1824 quomodo
3633 1754 3818 1806 omnia

2241 1846 2497 1901 subvertit
2517 1854 2571 1901 et
2598 1848 2770 1915 perdit
2798 1862 2810 1901 :
2837 1856 3021 1902 contra
3050 1848 3338 1916 propriam,
3361 1856 3543 1902 contra
3575 1855 3816 1898 mutuam

2243 1940 2464 1993 salutem
2495 1949 2636 1994 stare
2663 1940 2849 1995 suadet
2877 1957 2890 1994 :
2921 1940 2990 1994 ita
3018 1955 3189 1995 crocos
3218 1940 3379 1995 eflicit
3408 1942 3447 2005 ⁸,
3479 1952 3535 1993 ut
3563 1939 3819 1993 ductores

2243 2041 2565 2099 qurerantur.
2602 2032 2808 2088 Utinam
2839 2034 3025 2087 saltem
3068 2033 3205 2099 hoc,
3244 2033 3445 2087 utinam
3486 2032 3677 2087 Saltem
3722 2031 3825 2085 du-

2244 2132 2417 2177 ctores
2448 2133 2749 2193 quaererent
2777 2141 2791 2179 :
2817 2141 2999 2179 verum
3031 2125 3130 2180 hoc
3161 2141 3263 2179 non
3295 2135 3558 2195 quaerunt,
3591 2125 3687 2179 sed
3718 2125 3824 2178 sibi

2246 2216 2374 2285 ipsis
2406 2225 2570 2269 totum
2597 2217 2950 2271 committunt.
2990 2218 3263 2273 Neminem
3308 2220 3398 2273 ille
3430 2220 3557 2274 sinit
3586 2220 3773 2273 videre
3805 2240 3817 2273 :

2248 2310 2384 2364 sicut
2406 2309 2575 2380 caligo
2603 2321 2658 2364 et
2687 2312 2875 2365 nebula
2907 2312 3116 2381 ingruit,
3152 2328 3250 2368 nec
3276 2315 3401 2367 sinit
3430 2315 3715 2381 inspicere.

2328 2404 2515 2459 Vitium
2548 2406 2823 2475 aliquando
2852 2406 2995 2459 aliud
3019 2408 3191 2460 vitium
3220 2416 3514 2475 superat.—
3528 2408 3701 2474 Quam
3733 2406 3833 2459 de-

2252 2497 2548 2552 fensionem
2590 2498 2923 2560 habebimus,
2970 2499 3058 2567 qui
3105 2513 3197 2567 per
3236 2500 3418 2552 vitium
3464 2499 3589 2552 illud
3639 2498 3833 2551 vitium

2251 2588 2391 2643 aliud
2422 2604 2754 2659 superamus,
2784 2589 2876 2642 sed
2908 2606 3013 2644 non
3059 2606 3154 2659 per
3200 2590 3440 2643 timorem
3490 2590 3625 2643 Dei?
3666 2589 3833 2643 Verbi

2250 2681 2439 2750 gratia,
2473 2682 2623 2735 multi
2665 2681 2755 2751 qui
2791 2681 2949 2736 simul
2996 2683 3175 2737 lascivi
3221 2691 3274 2736 ct
3318 2685 3459 2736 avari
3508 2692 3688 2747 erant,
3738 2698 3839 2751 per

2256 2775 2635 2841 parcimoniam
2688 2775 2959 2829 lasciviam
2998 2786 3348 2845 superarunt;
3402 2777 3487 2829 alii
3528 2785 3717 2830 contra
3771 2792 3838 2828 ex

2254 2867 2469 2921 lascivia
2505 2870 2764 2937 pecunias
2804 2879 3264 2939 contempserunt.
3315 2870 3546 2923 Rursum
3572 2869 3667 2922 alii
3699 2884 3837 2921 vana

2255 2960 2424 3029 gloria
2464 2961 2625 3030 capti,
2658 2961 2818 3016 ambo
2856 2962 2947 3017 illa
2989 2964 3114 3016 vitia
3167 2973 3525 3031 prostravere,
3575 2963 3842 3031 pecunias

2257 3055 2373 3108 sine
2408 3056 2567 3110 modo
2607 3056 2965 3122 insumentes,
3007 3068 3060 3112 et
3099 3057 3291 3111 frustra
3330 3059 3669 3111 continentes
3704 3074 3717 3109 :
3750 3060 3845 3111 alii

2258 3163 2466 3203 rursum
2489 3164 2639 3203 vanae
2660 3150 2840 3219 gloria:
2860 3149 3142 3203 admodum
3166 3149 3363 3218 cupidi,
3384 3149 3483 3203 hoc
3502 3150 3691 3204 vitium
3711 3166 3844 3204 con-

2260 3250 2609 3310 tempserunt,
2642 3240 2807 3296 multa
2853 3241 2989 3296 fceda
3019 3241 3157 3310 passi
3188 3251 3242 3296 et
3269 3251 3488 3311 prepter
3526 3255 3749 3295 amores
3792 3251 3845 3295 et

2262 3347 2477 3408 propter
2522 3339 2773 3406 pecunias
2821 3355 2835 3393 :
2882 3336 2972 3391 alii
3018 3352 3226 3390 rursum
3271 3346 3327 3390 ut
3374 3337 3503 3390 iram
3555 3336 3847 3405 explerent

2262 3445 2433 3497 suam,
2465 3431 2740 3483 innumera
2778 3428 2968 3484 damna
2995 3429 3224 3493 subiere,
3259 3437 3314 3483 et
3340 3428 3473 3482 nihil
3502 3427 3651 3481 aliud
3680 3443 3848 3481 cura-

2264 3534 2473 3585 verunt,
2505 3539 2661 3594 quam
2690 3533 2745 3577 ut
2770 3524 3088 3577 voluntatem
3120 3538 3268 3577 suam
3296 3521 3360 3576 ad
3384 3522 3631 3576 effectum
3669 3521 3849 3575 dedu-

2263 3630 2470 3672 cerent.
2511 3619 2574 3672 Et
2607 3618 2746 3687 quod
2777 3618 2951 3688 passio
2982 3618 3169 3685 patuit,
3214 3633 3315 3670 non
3348 3617 3517 3686 potuit
3556 3616 3703 3686 apud
3746 3630 3852 3669 nos

2268 3712 2357 3766 Dei
2389 3716 2565 3765 timor.
2597 3712 2659 3765 Et
2686 3711 2809 3780 quid
2845 3712 3141 3779 passionem
3164 3710 3325 3764 dico?
3351 3708 3499 3776 Quod
3532 3708 3712 3779 pudor
3746 3710 3849 3759 hu-

2266 3816 2455 3856 manus
2483 3810 2674 3872 potest,
2707 3816 2811 3855 non
2860 3810 3033 3870 potest
3073 3802 3165 3857 Dei
3199 3803 3376 3855 timor.
3413 3800 3570 3853 Multa
3611 3808 3671 3853 et
3702 3810 3851 3853 recte

2266 3896 2488 3951 facimus
2529 3906 2583 3951 et
2628 3911 2907 3964 peccamus
2941 3912 3046 3964 pra:
3086 3895 3358 3949 hominum
3390 3893 3630 3962 pudore;
3675 3892 3845 3945 Deum

2267 4006 2394 4046 vero
2421 4005 2526 4044 non
2554 3990 2818 4045 timemus.
2842 3990 2981 4057 Quot
3005 4004 3113 4058 pra:
3135 3987 3337 4057 pudore
3356 4001 3482 4055 opes
3502 3982 3847 4039 effuderunt?

2266 4092 2395 4154 quot
2436 4084 2630 4137 frustra
2668 4083 2973 4138 ambierant
3010 4082 3194 4135 amicis
3234 4082 3284 4134 in
3330 4080 3469 4135 malo
3498 4078 3839 4134 servientes?

2266 4185 2396 4246 quot
2417 4176 2467 4229 in
2495 4176 2785 4229 amicorum
2812 4173 3032 4243 gratiam
3059 4174 3348 4242 saepissime
3377 4171 3780 4241 peccaverunt?

2337 4269 2391 4323 5.
2427 4267 2605 4321 Gloria
2648 4268 2867 4320 humana
2910 4265 3192 4335 fugienda;
3241 4279 3470 4337 quamam
3512 4262 3683 4332 gloria
3711 4276 3846 4326 qutt-

2267 4361 2425 4414 renda
2452 4361 2533 4413 sit.
2553 4359 2693 4413 —-Si
2720 4374 2848 4428 ergo
2873 4368 2926 4411 et
2959 4355 3179 4411 affectus
3219 4364 3271 4409 et
3303 4354 3469 4423 pudor
3497 4352 3773 4405 humanus
3799 4361 3851 4404 et

2270 4454 2335 4509 ad
2362 4462 2575 4524 peccata
2606 4462 2659 4507 et
2696 4451 2761 4506 ad
2811 4452 2947 4505 bona
2975 4464 3135 4519 opera
3166 4462 3262 4502 nos
3303 4454 3525 4517 possunt
3565 4446 3848 4508 inducere,

2269 4548 2462 4603 frustra
2500 4547 2725 4601 dicimus
2771 4559 2867 4598 nos
2899 4559 2999 4598 non
3048 4556 3243 4611 posse:
3276 4553 3557 4610 possumus
3591 4538 3763 4599 enim,
3807 4536 3853 4588 si

2268 4643 2511 4695 volumus
2535 4656 2549 4705 ;
2578 4640 2716 4694 velle
2740 4647 2937 4702 autem,
2966 4650 3151 4689 onines
3177 4642 3403 4703 oportet.
3432 4632 3525 4685 Dic
3556 4630 3689 4683 mihi
3712 4647 3730 4681 :
3755 4644 3858 4682 cur

2269 4750 2373 4789 non
2417 4744 2568 4805 potes
2605 4731 2835 4801 gloriam
2871 4731 3104 4809 vincere,
3137 4742 3256 4781 cum
3303 4725 3389 4778 alii
3434 4724 3681 4778 eamdem
3726 4723 3856 4774 ani-

2270 4844 2435 4893 mam,
2459 4827 2597 4882 idem
2622 4840 2816 4895 corpus
2832 4825 2875 4889 ²,
2898 4821 3139 4878 eamdem
3159 4820 3403 4883 formam,
3421 4817 3663 4871 eamdem
3684 4816 3858 4868 vitam

2271 4923 2545 4985 habentes,
2593 4920 2760 4990 ipsam
2806 4916 3059 4971 vincant?
3086 4914 3269 4985 Cogita
3316 4914 3503 4977 Deum,
3546 4910 3726 4978 cogita
3763 4924 3860 4961 su-

2270 5030 2486 5085 pernam
2516 5013 2737 5083 gloriam
2771 5031 2784 5066 :
2812 5011 2996 5064 confer
3037 5010 3177 5062 illam
3210 5023 3328 5062 cum
3376 5002 3761 5076 praisemihus,
3808 5009 3863 5053 et

2269 5111 2445 5165 statim
2470 5112 2538 5166 ab
2567 5113 2662 5166 hac
2691 5110 2854 5183 gloria
2885 5108 3111 5163 resilies.
3142 5105 3199 5159 Si
3240 5102 3458 5157 omnino
3492 5098 3722 5169 gloriam
3763 5112 3867 5148 ex-

2271 5207 2423 5273 petis,
2459 5221 2574 5259 eam
2598 5221 2714 5274 quae
2740 5219 2864 5259 vere
2887 5202 3053 5273 gloria
3081 5207 3163 5255 est
3190 5197 3527 5267 concupisce.
3556 5193 3692 5260 Quae
3734 5193 3865 5261 glo-

2269 5300 2345 5357 ria
2375 5312 2476 5367 est,
2507 5317 2627 5357 cum
2673 5300 2941 5356 infamiam
2979 5298 3189 5369 pariat?
3238 5312 3355 5366 quae
3394 5294 3580 5364 gloria,
3626 5294 3861 5360 quando

2271 5394 2578 5450 inferiorum
2608 5393 2864 5449 honorem
2900 5406 3097 5460 cupere
3138 5389 3344 5459 cogeris
3387 5396 3441 5442 et
3470 5387 3559 5439 illo
3585 5400 3726 5453 Opus
3760 5384 3867 5437 ba-

2269 5489 2433 5545 bere?
2460 5489 2642 5542 l-lonor
2667 5496 2749 5542 est
2776 5485 3033 5555 majorum
3064 5482 3231 5553 gloria
3259 5481 3383 5536 frui.
3413 5481 3470 5536 Si
3498 5478 3724 5533 omnino
3752 5478 3869 5547 glo-

2335 5678 2353 5709 ι
2378 5676 2579 5740 Quidam
2602 5675 2931 5740 habeut,v_ere
2953 5669 3287 5740 εωῳςεὴῖεέι-
3531 5729 3547 5740 .
3694 5737 3702 5740 Α
3808 5729 3822 5740 .

2333 5743 2352 5772 ²
2376 5729 2509 5796 ilice,
2533 5739 2755 5797 eamdem
2773 5729 3001 5794 annnam,
3024 5729 3349 5797 idem"corpus
3372 5768 3386 5794 ,
3413 5743 3509 5781 non
3531 5729 3775 5795 leguntur
3804 5729 3863 5778 in

2277 5797 2465 5869 Mount,
2489 5794 2576 5852 sed
2598 5813 2629 5851 θ
2650 5794 2818 5852 savilio
2840 5799 3028 5860 adjecta
3041 5803 3173 5848 sunt.
