4100 6354
161 254 243 312 ill
1121 277 1140 290 ι
1197 249 1262 304 IN
1302 248 1482 306 ACTA
1517 245 2044 308 APOSTOLORUM.
2084 251 2318 314 HOMIL.
2393 254 2628 314 XXVIII.

162 395 253 445 των
297 371 520 436 πολλῶν,
573 368 693 434 πῶς
733 369 997 441 ἠθέλησεν
1042 369 1220 424 αὑτῶν
1257 371 1506 426 ἀκοῦσαι.
1563 372 1672 426 Kal
1716 370 1787 423 τά

164 467 368 536 ὀνόματα
393 462 451 515 δὲ
479 460 897 528 καταλέγειτῶν
923 459 1148 512 πόλεων·
1201 460 1434 524 δεικνὺς,
1467 461 1550 514 ὅτι
1600 459 1784 532 ἐπειδὴ

161 550 452 624 προσφάτως
475 549 575 602 τὸν
603 548 760 616 λόγον
785 547 1052 613 ἐδέξαντο,
1075 547 1231 616 χρεία
1255 543 1322 618 ἦν
1345 547 1785 620 ἐπιστηρίζεσθαι

231 636 392 689 πίστει
417 632 708 703 ἐμμένειν·
743 631 822 684 διδ
842 631 934 685 καὶ
956 632 1193 701 συνεχῶς
1235 633 1427 695 αὑταῖς
1482 633 1785 702 ἐφίσταντο.

161 725 273 792 ’θρα
313 722 392 773 ὅτι
427 719 589 772 οὐδὲν
643 719 779 789 πρὸς
824 718 915 772 τὸν
965 719 1137 789 μάγον
1199 713 1370 781 εἶπεν,
1421 718 1525 782 ἕως
1585 719 1788 782 ἐκεῖνος

161 810 374 879 ἀφορμὴν
399 807 630 860 ἔδωκεν·
664 806 800 859 ἀλλά
841 805 931 860 τὸν
965 806 1124 874 λόγον
1153 805 1245 859 τοῦ
1271 807 1476 876 Κυρίου
1507 805 1665 876 μόνον
1691 823 1790 859 κα-

159 897 432 970 τήγγελλον.
480 896 706 964 Ἐπειδὴ
741 897 848 967 γάρ
870 896 995 959 τοὺς
1022 895 1212 959 ἄλλους
1235 896 1380 967 ἐώρα
1402 897 1785 967 προσέχοντας,

161 990 287 1049 αῠτδς
322 988 456 1057 πρὸς
486 987 548 1040 ἓν
578 987 740 1040 τοῦτο
773 988 1015 1049 ἐσκόπει,
1047 987 1186 1040 ὥστε
1215 988 1418 1041 ἐκεῖνον
1467 987 1541 1059 μὴ
1564 989 1789 1058 πεισθῆ-

160 1096 242 1130 ναι.
267 1078 368 1130 Καὶ
384 1076 473 1129 διὰ
502 1077 561 1129 τί
596 1077 670 1147 μὴ
705 1076 886 1148 ἕτερον
911 1080 1134 1147 σημεῖον
1182 1076 1474 1147 ἐποίησεν;
1528 1079 1649 1132 Ὃτι
1688 1081 1788 1134 οὑκ

161 1162 209 1236 ἦν
230 1165 400 1217 τούτου
426 1164 568 1227 ἴσον,
596 1164 691 1218 τοῦ
719 1165 810 1218 τὸν
837 1164 1030 1236 ἐχθρὸν
1065 1166 1226 1221 ἐλεῖν.

210 1251 263 1320 β’.
287 1252 391 1304 Καὶ
421 1251 549 1320 δρα,
589 1253 852 1322 πρότερον
882 1254 1122 1322 ἐγκαλεῖ,
1154 1256 1245 1308 καὶ
1291 1257 1410 1309 τότε
1443 1257 1783 1326 τιμωρεῖται.

164 1338 366 1390 Δείκνυσι
386 1337 442 1390 δέ
470 1337 706 1401 δικαίως
731 1339 894 1392 αὑτὸν
916 1341 1156 1395 παθόντα
1184 1343 1263 1414 τῷ
1299 1343 1494 1411 λέγειν·
1547 1344 1614 1395 Ὢ
1636 1340 1788 1407 πλή-

158 1445 239 1493 ρης
262 1425 480 1490 παντὸς
540 1425 753 1480 δόλου.
804 1427 1116 1492 Τουτέστιν,
1165 1430 1317 1482 οὐδὲν
1367 1430 1504 1500 ἔχων
1551 1428 1785 1491 ἐλλιπὲς,

163 1515 277 1584 φησί.
321 1515 430 1567 Καὶ
488 1515 678 1579 καλῶς
721 1512 864 1581 εἷπε,
933 1521 1164 1584 Παντὸς
1213 1519 1417 1574 δόλου·
1469 1520 1789 1591 ὑπεκρίνετο

164 1603 257 1672 γάρ.
301 1603 392 1655 Υἰέ
436 1603 718 1656 διαϐόλου·
771 1605 832 1657 τὸ
881 1606 989 1676 γὰρ
1020 1605 1178 1676 ἔργον
1231 1608 1436 1660 ἐκείνου
1496 1608 1782 1678 ἔπραττεν.

171 1690 333 1759 Ἐχθρὲ
361 1691 572 1757 πάσης
627 1690 1032 1760 δικαιοσύνης·
1083 1695 1249 1764 ήγάρ
1301 1696 1448 1749 πᾶσα
1475 1694 1785 1766 δικαιοσύνη

165 1779 290 1840 ξντως
317 1779 453 1848 αῦτη
478 1775 572 1850 ἦν.
645 1780 800 1845 Ἐμοὶ
828 1780 974 1832 δοκεῖ
1003 1781 1094 1833 καὶ
1121 1781 1212 1834 τὸν
1248 1780 1361 1851 βίον
1407 1782 1647 1852 ἐλέγχειν
1696 1784 1787 1835 τὸν

165 1867 304 1931 αὐτοῦ,
334 1869 508 1922 ταῦτα
563 1869 763 1936 λέγων.
805 1870 915 1923 Καὶ
941 1869 1028 1923 ἵνα
1059 1871 1227 1941 δείξῃ.
1287 1873 1366 1924 ὅτι
1390 1883 1414 1911 α
1468 1872 1568 1924 οὑκ
1596 1866 1663 1941 ἦν
1695 1871 1787 1924 θυ-

168 1957 239 2024 μοῦ
258 1958 316 2010 τά
344 1959 597 2028 ῥήματα,
629 1957 718 2010 διὰ
752 1956 910 2010 τοῦτο
959 1957 1243 2028 προλαϐὼν
1294 1951 1435 2021 εἰπε,
1487 1957 1788 2023 Πλησθείς

167 2046 459 2112 Πνεύματος
478 2045 684 2113 ἁγίου·
711 2045 1006 2106 τουτέστιν,
1041 2045 1336 2114 ἐνεργείας.
1374 2044 1480 2100 Καὶ
1511 2044 1627 2098 νῦν
1658 2045 1785 2098 ἰδοὺ

165 2131 258 2198 χεὶρ
283 2132 492 2200 Κυρίου
531 2131 638 2184 ἐπὶ
675 2131 766 2185 σέ.
796 2133 908 2184 Οὑκ
933 2132 1039 2202 ἄρα
1089 2132 1327 2203 τιμωρία
1353 2127 1446 2202 ἦν,
1475 2132 1588 2184 ἀλλ’
1621 2133 1782 2195 ἴασις.

165 2220 415 2289 Ἀίονονουχὶ
452 2219 571 2290 γάρ
625 2219 831 2287 ἔλεγεν·
882 2221 1000 2273 Οὐκ
1049 2219 1164 2288 ἐγὼ
1215 2219 1380 2284 ποιῶ,
1412 2220 1547 2274 ἀλλ’
1603 2221 1641 2287 ἠ
1682 2220 1785 2273 τοῦ

169 2305 279 2360 Θεοῦ
306 2308 444 2375 χείρ.
478 2308 633 2376 Ὅρα
681 2306 741 2358 τὸ
771 2306 992 2374 ἄτυφον.
1050 2307 1206 2374 Ἐσῃ
1246 2307 1493 2374 τυφλὸς,
1528 2305 1613 2376 μὴ
1641 2305 1787 2370 ,ϐλέ-

166 2411 261 2446 πων
277 2395 375 2450 τόν
412 2395 600 2464 ἣλιον
624 2395 762 2464 ἄχρι
786 2395 1012 2465 καιροῦ.
1050 2394 1219 2447 Τοῦτο
1249 2395 1416 2463 λέγει,
1451 2396 1536 2448 ἵνα
1586 2394 1660 2464 δῷ
1687 2397 1785 2447 αὑ-

168 2483 221 2552 τῷ
243 2485 580 2554 μετανοῆσαι.
609 2483 858 2554 υὺδαμοῦ
897 2484 1004 2556 γὰρ
1051 2483 1332 2538 ἐϐούλοντο
1357 2482 1466 2538 ἀπὸ
1514 2483 1622 2536 τῶν
1653 2500 1786 2536 σκυ-

171 2570 478 2640 θρωποτέρων
519 2571 838 2642 φαίνεσθαι,
878 2574 926 2624 εἰ
956 2573 1048 2626 καὶ
1091 2573 1172 2635 εἰς
1198 2572 1424 2643 ἐχθροὺς
1449 2573 1623 2626 ταῦτα
1667 2571 1787 2641 ἐγέ-

171 2675 272 2715 νετο,
313 2661 443 2714 Ἀλλ’
469 2662 574 2715 ἐπὶ
627 2661 726 2732 μὲν
748 2661 853 2714 τῶν
889 2662 1105 2715 οἰκείων
1148 2662 1391 2724 εἰκότως·
1451 2664 1544 2716 ἐπὶ
1592 2663 1646 2716 δέ
1677 2663 1786 2716 τῶν

175 2748 411 2816 ἀλλοτρίων
440 2751 591 2821 οὑχὶ,
640 2751 726 2803 ἵνα
774 2750 847 2821 μὴ
877 2750 1103 2821 νομισθῇ
1152 2751 1213 2803 τὸ
1263 2753 1494 2822 πρᾶγμα
1542 2753 1786 2822 ἀνάγκης

176 2833 273 2888 εἶναι
299 2835 474 2891 λοιπὸν
517 2840 620 2892 καὶ
650 2839 820 2902 δέους.
867 2840 1176 2911 Τεκμήριον
1221 2840 1277 2893 δέ
1311 2843 1409 2911 τῆς
1437 2840 1784 2910 τυφλότητος,

176 2924 216 2973 τὸ
237 2929 590 2996 χειραγωγοὺς
623 2927 826 2995 ζητεῖν.
884 2923 1020 2980 Εἶτα
1076 2929 1176 2998 ὁρᾷ
1208 2927 1304 2998 τὴν
1337 2930 1584 2999 πήρωσιν
1629 2929 1658 2980 6
1689 2929 1784 2981 ἀν-

177 3010 378 3078 θύπατος,
415 3016 506 3068 καὶ
564 3015 728 3078 εὐθὺς
778 3013 1041 3067 πιστεύει·
1111 3016 1203 3068 καὶ
1259 3015 1356 3084 οὑχ
1411 3015 1614 3078 ἁπλῶς,
1670 3015 1785 3068 ἀλλ’

186 3096 675 3170 ἐκπληττὸμεγΟΨ
727 3096 833 3152 εἶδε
866 3100 993 3171 γάρ,
1031 3101 1110 3154 ὅτι
1137 3102 1196 3154 οὑ
1251 3101 1396 3170 λόγοι
1436 3102 1554 3156 οὑδὲ
1603 3103 1784 3172 ἀπάτη

179 3183 325 3240 ταῦτα.
373 3186 510 3257 Ὅρα
566 3188 732 3240 πόσον
779 3188 955 3259 ἔρωτα
1006 3182 1117 3257 εἶχε
1161 3188 1504 3253 διδασκαλίας
1538 3191 1596 3242 ἐν
1644 3190 1782 3261 ἀρχῇ

181 3268 230 3320 Gn
256 3272 486 3347 τοσαύτῃ.
515 3275 636 3327 Οὑκ
661 3270 781 3326 εἶπε
815 3275 949 3344 πρὸς
996 3275 1178 3338 αὑτὸν,
1211 3277 1283 3328 Οὑ
1329 3275 1511 3348 παύσῃ
1542 3277 1788 3348 διαστρέ-

182 3374 261 3419 φων
285 3360 363 3412 τὸν
393 3362 723 3414 ἀνθύπατον·
759 3361 914 3426 ἀλλά,
950 3365 1060 3426 Τὰς
1085 3361 1263 3427 ὀδοὺς
1292 3365 1536 3430 Κυρίου,
1573 3365 1601 3416 ὃ
1628 3366 1786 3419 πλέον

182 3439 331 3513 ἵνα
357 3449 424 3519 μὴ
456 3451 592 3522 δόξῃ
639 3449 971 3503 κολακεύειν.
1007 3436 1072 3503 τι
1102 3451 1298 3522 δήποτε
1339 3452 1397 3504 δὲ
1451 3454 1479 3505 ὁ
1537 3455 1785 3526 Ἰωάννης

185 3534 397 3606 ἀναχωρεῖ
428 3540 521 3592 ἀπ’
553 3537 768 3601 αὑτῶνς
817 3538 1096 3606 Ἰωάννης
1149 3539 1278 3610 γὰρ,
1339 3541 1524 3612 φησὶν,
1555 3544 1784 3610 ἀποχω-

181 3617 325 3687 Man:
349 3624 442 3677 ἀπ’
469 3623 695 3688 αὐτῶν,
718 3624 1100 3693 ὑπέστρεψεν
1123 3630 1210 3692 εἰς
1259 3627 1520 3695 Ἰεροσόλ
1531 3645 1661 3697 υμα·
1690 3630 1784 3682 ἀτε

189 3705 250 3756 ὲτί
293 3714 622 3782 μακροτέραν
678 3713 865 3766 λοιπὸν
917 3713 1280 3784 στελλομένων
1327 3715 1462 3767 ὁδόν·
1516 3718 1690 3770 καίτοι
1723 3735 1784 3785 γε

189 3793 405 3868 ὑπηρέτης
428 3801 642 3862 ἐκεῖνος
669 3795 756 3870 ἦν,
779 3801 932 3853 αὑτοὶ
962 3801 1019 3854 δὲ
1057 3801 1146 3854 τὸν
1175 3801 1418 3855 κίνδυνον
1453 3799 1618 3873 εἰχον.
1673 3806 1786 3858 Πά-

191 3877 245 3930 λιν
269 3882 484 3951 ἐλθόντες
520 3889 605 3951 εἰς
657 3889 898 3960 Πέργην,
933 3889 1331 3961 παρατρέχουσι
1358 3892 1456 3954 τὰς
1501 3891 1665 3955 ἄλλας
1691 3893 1787 3945 πό·

191 3965 280 4032 λεις·
310 3974 390 4027 ἐπὶ
441 3978 543 4049 τήν
598 3977 930 4048 μητρόπολιν
971 3977 1079 4048 γὰρ
1102 3979 1389 4047 ἠπείγοντο
1426 3980 1523 4049 τὴν
1587 3981 1786 4034 Ἀντιό-

194 4072 317 4120 χειαν.
343 4063 442 4117 Kal
467 4067 575 4137 ὅρα
601 4065 720 4127 πῶς
746 4065 1102 4136 ὑποτέμνεται
1127 4067 1156 4118 6
1204 4069 1566 4138 συγγραφεύς.
1621 4069 1786 4123 Ἐκά-

195 4144 323 4198 (hear
347 4149 408 4203 ἐν
453 4151 535 4220 τῇ
583 4151 925 4221 συναγωγῇ,
981 4152 1133 4223 φησὶ,
1175 4155 1271 4208 καί
1327 4153 1399 4222 τῇ
1447 4155 1634 4226 ἡμέρᾳ
1669 4156 1786 4211 τῶν

197 4235 452 4291 σαϐϐάτων·
479 4240 626 4294 ὥστε
651 4239 1068 4310 προοδοποιῆσαι
1097 4239 1173 4311 τῷ
1192 4241 1351 4312 λόγῳ.
1385 4244 1494 4296 Kal
1539 4246 1602 4297 οὑ
1638 4245 1786 4315 πρῶ-

197 4334 249 4372 τοι
273 4321 397 4399 [2‘33]
445 4329 718 4398 λέγουσιν,
771 4329 883 4382 ἀλλ’
919 4331 1325 4400 ἐπιτραπέντες,
1362 4333 1456 4386 άτε
1485 4333 1558 4390 ὡς
1605 4334 1784 4398 ξένους

199 4417 584 4474 προσεκαλοῦντο.
623 4418 686 4471 Εἰ
715 4417 789 4488 μὴ
835 4418 1184 4488 περιέμειναν
1214 4419 1290 4484 δὲ,
1336 4421 1434 4472 οὑκ
1471 4420 1537 4473 ἂν
1572 4421 1784 4489 ἐγένετο

200 4492 322 4562 λάγθς.
379 4504 638 4560 Ἐνταῦθα
693 4506 904 4577 πρῶτον
959 4505 1220 4577 κηρύττει
1277 4507 1506 4572 Παῦλος.
1552 4511 1658 4562 Καὶ
1684 4512 1784 4582 ὅρα

202 4582 315 4638 αὖτοὺ
356 4593 443 4664 τήν
494 4593 731 4647 σύνεσιν·
761 4592 888 4646 ἔνθα
915 4593 1014 4663 μὲν
1038 4589 1106 4663 ἦν
1149 4595 1590 4665 κατεσπαρμένος
1622 4599 1649 4649 6
1695 4597 1783 4651 λό-

203 4684 278 4736 τος,
305 4681 641 4753 παρατρέχει·
676 4681 805 4734 ἔνθα
834 4681 891 4734 δέ
918 4681 1091 4745 οὐδεὶς
1116 4677 1204 4752 ἦν,
1237 4683 1558 4755 ἐνδιατρίϐει
1604 4685 1786 4750 καθὼς

203 4758 265 4808 καὶ
293 4765 428 4830 αὑτός
491 4787 626 4839 φησι
671 4769 921 4839 γράφων·
985 4770 1146 4822 Οὕτω
1177 4769 1245 4823 δὲ
1295 4774 1786 4843 φιλοτιμούμενος

207 4844 634 4920 εὐαγγελίζεσθαι,
668 4858 778 4924 οὐχ
820 4855 970 4909 ὅπου
1002 4855 1319 4926 ὠνομάσθη
1347 4859 1612 4926 Χριστός.
1675 4862 1788 4914 Ἀν-

206 4926 330 5020 (ξρεάις
349 4940 397 4993 δὲ
429 4938 496 5014 ἦν
544 4945 638 4996 καὶ
687 4943 844 4997 τοῦτο
892 4944 1110 5013 πολλῆς.
1142 4947 1346 5008 Ὄντως
1376 4947 1440 4998 ἐκ
1491 4947 1786 5020 προοιμίων

209 5013 459 5106 lusum):
498 5032 528 5084 6
592 5032 752 5102 ἀνήρ·
801 5029 1232 5103 ἐσταυρωμένος,
1286 5013 1783 5106 παρατεταγμένος,

211 5102 286 5170 ἴδει
311 5119 456 5190 πόσης
477 5121 755 5174 ἀπέλαυσε
783 5120 1023 5192 χάριτος·
1051 5122 1373 5193 ἀντίρροπον
1413 5125 1667 5194 εἰσήγαγε
1689 5125 1786 5195 τὴν

425 5209 538 5260 Οὑκ
584 5207 829 5278 ὠργίσθη
863 5209 998 5279 πρὸς
1039 5209 1308 5279 Ἰωάννην·
1341 5210 1400 5262 οὑ
1442 5211 1550 5282 γάρ
1599 5212 1786 5266 τούτου

214 5287 270 5373 ἰν
290 5287 398 5346 ὓλὰ
418 5294 509 5349 τοῦ
543 5296 704 5367 ἔργου
736 5295 929 5366 εἴχετο·
965 5298 1064 5349 οὐκ
1095 5297 1403 5364 ἐδειλίασεν,
1431 5300 1531 5352 οὑκ
1552 5301 1784 5371 ἐφοϐήθη

216 5374 384 5459 {fg-€619
403 5383 634 5456 πλήθους
661 5384 1090 5456 ἀπειλημμένος.
1129 5385 1266 5457 Ὅρα
1288 5386 1405 5450 πῶς
1429 5389 1787 5459 οἰκονομεῖται

220 5450 365 5544 Πξῦλον
384 5470 448 5541 μή
472 5450 762 5543 κηρύττειν
785 5450 1294 5542 ἐν”’ἰεροσολύμοις·
1329 5475 1487 5544 ἀρκεῖ
1515 5450 1788 5529 καί-τοῦτο

220 5541 328 5631 μίαν
367 5556 418 5608 τὸ
443 5559 690 5624 ἀκοῦσαι,
726 5560 806 5613 ὅτι
845 5561 1151 5614 ἐπίστευσε·
1187 5561 1546 5631 κηρύττοντος
1585 5564 1642 5618 δέ
1689 5565 1788 5617 οὐκ

222 5623 520 5730 ἕνῃνέσχοντο
568 5623 748 5702 διάτὸ
790 5651 965 5718 μῖσος·
994 5648 1089 5701 καὶ
1145 5623 1334 5720 πόρρω
1380 5623 1616 5716 ἄπεισιν,
1663 5651 1788 5705 ἔνθα

223 5724 420 5796 γνώριμος
443 5737 538 5789 οὑκ
555 5731 647 5806 ἦν.
680 5736 950 5807 Πρότερον
979 5735 1173 5806 ήλεγξε
1200 5736 1289 5789 τὸν
1329 5738 1498 5808 μάγον
1519 5739 1665 5800 ὅστις
1697 5733 1784 5809 ἦν·

264 5891 282 5918 ⁸
297 5892 397 5957 “Et.
415 5908 634 5960 ταῦτα....
679 5911 770 5960 ὅτι.
793 5910 972 5961 desunt
994 5913 1044 5960 in
1065 5909 1350 5976 quibusdam
1387 5925 1498 5959 mss.

3425 260 3542 320 ξιτ

1881 372 1981 424 ικαὶ
2012 373 2094 427 ὅτι
2118 375 2357 440 τοιοῦτος
2386 373 2474 448 ἦν,
2499 378 2561 432 τὸ
2602 381 2826 448 σημεῖον
2857 378 3083 435 ἐδείκνυ.
3113 382 3222 452 Τῆς
3250 382 3308 436 ἐν
3334 387 3398 457 τῇ
3427 385 3534 455 ψυ-

1889 461 1956 529 κῇ
1991 462 2316 534 τυφλότητος
2332 463 2489 518 τοῦτο
2512 468 2734 537 σημεῖον
2776 462 2865 537 ἦν·
2898 465 3058 537 Ἀχρι
3107 469 3165 522 δὲ
3193 472 3386 540 καιροῦ
3428 474 3533 526 πά..

1893 563 2031 616 σχει,
2052 547 2191 602 ὥστε
2215 552 2566 620 μετανοῆσαι.
2606 552 2798 617 Καλῶς
2822 553 2878 606 δὲ
2906 555 2983 624 τῷ
3013 555 3264 626 σαϐϐάτῳ
3287 558 3534 628 εἰσῆλθον

1885 636 1965 697 εἰς
2014 636 2114 706 τὴν
2171 639 2510 710 συναγωγὴν,
2540 641 2627 693 ὅτε
2670 642 2867 704 πάντες
2915 638 3057 712 ἦσαν
3111 645 3532 714 συνειλεγμένοι.

1883 723 1991 776 Καὶ
2012 725 2161 793 μετὰ
2183 723 2297 792 τὴν
2321 725 2664 794 ἀνάγνωσιν
2691 728 2798 781 τοῦ
2813 728 3000 796 νόμου
3032 729 3132 783 καὶ
3162 730 3279 783 τῶν
3308 747 3531 802 προφη-

1881 811 2018 876 τῶν,
2051 811 2236 888 φησὶν,
2253 811 2615 866 ἀπέστειλαν
2641 815 2693 866 οἱ
2709 813 3203 883 ἀρχισυνάγωγοι,
3231 816 3532 888 λέγοντες·

1885 900 2126 968 Ἄνδρες
2147 885 2420 967 ἀδελφοὶ,
2455 902 2508 952 εἰ
2551 899 2683 952 ἐστι
2713 903 2894 970 λόγος
2940 902 3008 955 ἐν
3033 903 3174 971 ὑμῖν
3226 885 3536 973 παρακλή-

1883 1002 2034 1052 σεως
2061 985 2214 1054 πρὸς
2238 986 2346 1039 τόν
2372 985 2542 1050 λαὸν,
2587 985 2810 1056 λέγετε.
2863 989 3001 1058 Ὅρα
3057 991 3253 1055 αὑτοὺς
3293 993 3537 1061 ἀφθόνως

1884 1074 2005 1127 τότε
2039 1072 2196 1126 τοῦτο
2230 1072 2532 1137 ποιοῦντας,
2565 1073 2702 1142 μετὰ
2743 1074 2800 1127 δέ
2825 1075 2980 1128 τοῦτο
3008 1076 3107 1129 οὑκ
3153 1078 3252 1131 ἔτι.
3289 1080 3350 1132 Εἰ
3380 1081 3535 1134 τοῦτο

1883 1160 2189 1225 ἐϐούλεσθε,
2218 1159 2414 1230 μᾶλλον
2439 1158 2545 1213 ἔδει
2598 1159 2994 1229 παρακαλέσαι.
3029 1163 3165 1215 Ἀλλ’
3212 1163 3256 1216 ὣ
3309 1166 3407 1236 τῆς
3455 1184 3536 1234 φι-

1881 1249 2130 1319 λαρχίας,
2156 1247 2318 1317 ὣτῆς
2370 1246 2693 1312 κενοδοξίας,
2728 1248 2844 1310 πῶς
2873 1249 3048 1302 πάντα
3101 1253 3396 1323 ἀνατρέπει
3442 1256 3536 1308 καὶ

1883 1337 2163 1390 ἀπόλλυσι·
2194 1335 2339 1389 κατά
2367 1336 2464 1406 τῆς
2492 1335 2694 1398 οἰκείας
2721 1336 2773 1400 ι’,
2805 1336 2946 1389 κατά
2972 1338 3068 1407 τῆς
3100 1339 3340 1410 ἀλλήλων
3364 1359 3536 1414 σωτη-

1885 1425 2007 1495 ρίας
2035 1423 2254 1476 ἐστάναι
2285 1421 2712 1493 παρασκευάζει·
2737 1439 2812 1494 πη
2824 1425 2944 1493 ροὺς
2967 1423 3107 1477 οὑτω
3135 1437 3156 1464 ο
3188 1428 3281 1480 καὶ
3307 1430 3537 1500 τυφλοὺς

1883 1509 2193 1581 ἐργάζεται,
2233 1509 2372 1562 ὥστε
2426 1512 2520 1563 καὶ
2570 1514 2942 1580 χειραγωγοὺς
2994 1513 3196 1583 ζητεῖν.
3251 1516 3376 1570 Εἰθε
3436 1519 3537 1571 κᾶν

1881 1599 2055 1663 τοῦτο,
2081 1598 2190 1652 εἴθε
2220 1598 2324 1652 κᾶν
2358 1599 2732 1668 χειραγωγοὺς
2763 1599 3006 1670 ἐζήτουν·
3045 1601 3160 1654 ἀλλ’
3189 1603 3287 1655 οὑκ
3309 1603 3385 1657 ἔτι
3417 1605 3538 1659 τού-

1881 1704 1974 1739 του
2005 1686 2311 1756 ἀνέχονται,
2341 1686 2454 1739 ἀλλ’
2492 1687 2704 1748 ἐαυτοῖς
2734 1687 3086 1757 ἐπιτρέπουσι
3114 1689 3174 1741 τὸ
3222 1692 3538 1746 πᾶν.·οὑδέ-

1884 1792 1950 1827 να
1974 1777 2199 1846 ἀφίησιν
2241 1776 2387 1828 ἰδεῖν·
2428 1775 2677 1846 καθάπερ
2707 1775 2874 1846 ἀχλὺς
2903 1776 3198 1830 ἐπιτίθεται
3228 1779 3321 1832 καὶ
3353 1778 3535 1848 ζόφος,

1881 1865 1980 1917 οὑκ
2004 1865 2186 1934 ἀφιεὶς
2224 1862 2528 1932 διαϐλέψαι.

1952 1978 2119 2031 Ποίαν
2147 1978 2342 2048 ἕξομεν
2359 1977 2652 2046 ἀπολογίαν
2680 1977 2767 2031 διὰ
2811 1976 2980 2040 πάθος
3020 1975 3223 2039 πάθους
3271 1977 3536 2048 κρατοῦν-

1879 2083 1990 2128 τες,
2024 2065 2111 2118 διὰ
2139 2065 2195 2117 δὲ
2241 2066 2330 2118 τὸν
2359 2066 2453 2117 τοῦ
2478 2065 2612 2118 Θεοῦ
2655 2065 2816 2132 φόϐον
2853 2066 2952 2117 οὑκ
3007 2064 3118 2130 Eu;
3151 2060 3293 2125 Οἶον,
3350 2067 3534 2120 πολλοὶ

1881 2152 2128 2220 ἀσελγεῖς
2154 2152 2304 2215 ὄντες
2356 2154 2448 2205 καὶ
2487 2153 2901 2224 φιλοχρήματοι,
2954 2149 3041 2205 διὰ
3067 2154 3164 2222 τὴν
3194 2153 3300 2205 τῶν
3325 2156 3539 2224 χρημά-

1880 2257 1987 2292 των
2011 2240 2294 2309 φειδωλίαν
2320 2241 2648 2310 ἐχαλίνωσαν
2673 2242 2770 2311 τὴν
2800 2241 3010 2310 ἡδονήν·
3035 2241 3180 2294 ἄλλοι
3206 2243 3534 2306 τούναντίον,

1882 2325 1969 2380 διά
1993 2327 2091 2397 τὴν
2120 2327 2310 2397 ἡδονὴν
2339 2329 2617 2396 ὑπερεῖδον
2647 2332 2965 2400 χρημάτων.
3023 2330 3190 2383 Πάλιν
3222 2331 3270 2383 οἰ
3297 2331 3537 2400 ἡττώμε-

1883 2431 1962 2466 νοι
1982 2414 2139 2484 δόξης
2160 2415 2321 2484 κενῆς
2348 2415 2668 2485 ἀμφοτέρων
2696 2418 3100 2486 περιγεγόνασι,
3122 2418 3224 2488 χρή
3237 2433 3378 2486 ματα
3405 2417 3538 2469 ἀνα-

1883 2501 2156 2565 λίσκοντες
2184 2502 2437 2569 ἀφειδῶς,
2473 2504 2565 2555 καὶ
2595 2504 2992 2576 σωφρονοῦντες
3016 2507 3161 2576 εἰκῆ·
3195 2505 3342 2558 ἄλλοι
3374 2505 3540 2560 πάλιν

1883 2588 2148 2656 κενόδοξοι
2175 2589 2377 2662 σφόδρα
2399 2589 2572 2656 ὄντες,
2611 2596 3017 2665 κατεφρόνησαν
3042 2593 3134 2646 τοῦ
3161 2593 3383 2657 πάθους,
3410 2593 3540 2647 πολ-

1881 2677 1946 2730 λὰ
1967 2677 2355 2747 ὑπομείναντες
2388 2680 2604 2750 αἰσχρὰ,
2635 2681 2728 2733 καί¹
2756 2681 2822 2734 δι’
2847 2681 3054 2751 ἔρωτας
3096 2683 3188 2735 καὶ
3211 2681 3296 2734 διά
3321 2683 3538 2752 χρήμα-

1880 2781 1967 2816 τα·
2003 2764 2180 2836 ἐτεροι
2213 2766 2392 2829 πάλιν,
2424 2767 2510 2819 ἵνα
2528 2767 2616 2819 τὸν
2658 2767 2826 2838 θυμὸν
2854 2767 3177 2838 ἐμπλήσωσι
3205 2768 3297 2821 τὸν
3331 2767 3534 2833 αὑτῶν,

1881 2852 2083 2906 εἵλοντο
2136 2851 2476 2924 ζημιωθῆναι
2513 2854 2701 2925 μυρία,
2739 2855 2833 2908 καὶ
2864 2855 3075 2919 οὑδενὸς
3124 2856 3306 2919 αὑτοῖς
3334 2855 3538 2908 τούτων

1881 2941 2166 3010 ἐμέλησεν,
2206 2943 2291 2995 ἵνα
2327 2944 2484 3013 μόνον
2505 2944 2565 2995 τὸ
2591 2942 2799 3013 θέλημα
2834 2945 3098 3014 ποιήσωσι
3123 2945 3182 2996 τὸ
3202 2943 3398 2997 αὑτῶν.
3427 2944 3539 2998 Καὶ

1880 3031 2016 3101 ὅπερ
2053 3029 2224 3100 ἰσχύει
2257 3030 2448 3094 πάθος,
2494 3033 2592 3084 οὑκ
2633 3033 2820 3100 ἴσχυσε
2851 3035 2980 3102 παρ’
3023 3034 3152 3102 ἡμῖν
3205 3035 3234 3086 6
3282 3033 3374 3086 τοῦ
3399 3031 3536 3086 Θεοῦ

1882 3119 2064 3187 φόϐος.
2088 3121 2194 3173 Kal
2211 3119 2261 3172 τί
2275 3120 2416 3188 λέγω
2438 3121 2626 3184 πάθος;
2643 3122 2818 3191 Ὅπερ
2835 3121 2998 3184 αἰδὼς
3019 3121 3320 3191 ἀνθρώπων
3339 3121 3534 3192 ἰσχύει,

1881 3209 1981 3260 οὑκ
2006 3207 2178 3277 ἰσχύει
2213 3208 2350 3261 ότοῦ
2380 3208 2513 3261 Θεοῦ
2550 3209 2731 3277 φόϐος.
2776 3209 2950 3262 Πολλὰ
3002 3210 3094 3263 καὶ
3141 3209 3534 3280 κατορθοῦμεν,

1883 3294 1974 3346 καί⁵
2001 3293 2381 3365 ἁμαρτάνομεν
2409 3295 2724 3366 ἀνθρώπους
2757 3295 3083 3366 αἰδούμενοι·
3123 3297 3213 3349 τὸν
3234 3296 3290 3349 δέ
3322 3297 3452 3350 Θεὸν
3473 3297 3536 3350 οὑ

1881 3379 2211 3450 δεδοίκαμεν.
2275 3383 2438 3434 Πόσοι
2487 3382 2552 3436 δι’
2585 3385 2846 3454 αἰσχύνην
2903 3388 3211 3456 προήκαντο
3244 3386 3533 3455 χρήματα;

1881 3475 2035 3526 πόσοι
2060 3473 2508 3543 ἐφιλοτιμήσαντο
2550 3473 2675 3542 εἰκῆ
2719 3474 3148 3546 ὑπηρετούμενοι
3195 3477 3305 3537 τοῖς
3357 3473 3536 3526 αὐτῶν

1882 3563 2055 3629 φίλοις
2093 3561 2183 3613 ἐπὶ
2208 3561 2393 3632 κακῷ;
2421 3562 2572 3614 πόσοι
2596 3563 2777 3632 φιλίας
2807 3562 3141 3626 αἰδεσθέντες
3165 3562 3330 3635 μυρία
3352 3562 3535 3632 ἥμαρ-

1879 3667 1972 3702 τον
1992 3667 2006 3714 ;

1951 3761 2017 3831 γ’.
2043 3765 2104 3817 Εἰ
2131 3763 2305 3816 τοίνυν
2333 3765 2424 3817 καὶ
2445 3763 2612 3826 πάθος
2634 3765 2723 3818 καὶ
2745 3763 2904 3826 αἰδὼς
2933 3762 3084 3835 [224]
3111 3761 3425 3834 ἀνθρωπίνη
3445 3760 3536 3812 δύ-

1881 3869 2034 3904 ναται
2068 3851 2322 3922 ἐμϐαλεῖν
2343 3853 2488 3920 ἡμᾶς
2507 3853 2600 3903 καί
2626 3853 2704 3913 εἰς
2727 3853 3094 3922 ἁμαρτήματα
3121 3852 3212 3904 καί
3235 3852 3313 3912 εἰς
3339 3865 3534 3920 κατορ-

1885 3938 2133 4010 θώματα,
2162 3939 2282 4009 εικῆ
2311 3938 2562 4008 λέγομεν,
2601 3939 2682 3992 ὃτι
2707 3939 2766 3990 οὑ
2798 3937 3088 4008 δυνάμεθα·
3122 3939 3393 4010 δυνάμεθα
3424 3941 3534 4011 γάρ

1881 4029 1948 4082 ἂν
1995 4026 2258 4098 θέλωμεν·
2314 4025 2536 4094 θελῆσαι
2581 4026 2638 4078 δέ
2681 4026 2892 4088 πάντας
2948 4027 3072 4096 χρή.
3111 4025 3242 4078 Εἰπέ
3302 4025 3365 4098 δή
3418 4044 3531 4097 μοι,

1882 4115 1970 4169 διὰ
1991 4116 2043 4168 τί
2081 4117 2141 4168 οὑ
2177 4115 2397 4168 δύνασαι
2427 4113 2581 4185 δόξης
2606 4115 2846 4184 κρατεῖν,
2887 4115 3015 4167 ὅταν
3046 4113 3218 4188 ἕτεροι
3249 4109 3350 4168 ὦσι
3399 4117 3535 4187 κραά

1882 4205 2098 4269 τοῦντες
2144 4205 2242 4275 τὴν
2285 4205 2450 4276 αὐτὴν
2503 4206 2716 4275 ἔχοντες
2768 4203 2968 4274 ψυχὴν,
3016 4202 3076 4255 τὸ
3118 4203 3249 4256 αὑτὸ
3294 4203 3450 4274 σῶμα
3480 4203 3532 4269 ἀ,

1883 4293 1979 4364 τὴν
2006 4292 2174 4364 αὑτὴν
2200 4295 2430 4365 μορφὴν,
2454 4296 2552 4364 τὴν
2578 4294 2746 4363 αὑτὴν
2801 4291 3001 4356 ζῶντες
3030 4290 3172 4362 ζωήν
3194 4309 3207 4356 ;
3255 4292 3533 4362 Ἐννόησον

1885 4381 1975 4434 τὸν
1998 4382 2150 4445 Θεὸν,
2175 4383 2424 4452 ἐννόησον
2451 4383 2548 4452 τὴν
2568 4381 2770 4436 ἀνωθεν
2827 4380 3001 4444 δόξαν·
3036 4379 3354 4451 ἀντίπησον
3396 4379 3531 4450 αὑτῇ

1885 4469 1952 4522 τά
1978 4470 2238 4541 παρόντα,
2265 4472 2362 4522 καὶ
2382 4470 2587 4539 ταχέως
2623 4469 2825 4537 ταύτης
2867 4469 3252 4539 ἀποπηδήσεις.
3283 4467 3457 4530 Ὂλως
3485 4469 3534 4519 εἰ

1885 4556 2041 4624 δόξης
2063 4557 2368 4628 ἐπιθυμεῖς,
2391 4557 2490 4626 τῆς
2535 4557 2700 4620 ὅντως
2721 4558 2876 4626 δόξης
2918 4556 3192 4625 ἐπιθύμει.
3228 4555 3360 4608 Ποία
3405 4554 3533 4619 δόξα

1885 4647 2012 4700 ὅταν
2073 4647 2294 4716 ἀτιμίας
2331 4649 2494 4717 ποιῇ;
2542 4645 2669 4699 ποία
2714 4645 2859 4708 δόξα,
2918 4645 3044 4696 ὅταν
3095 4644 3192 4712 τῆς
3238 4643 3532 4696 ἐλαττόνων

1884 4733 2164 4804 ἀναγκάζῃ
2194 4737 2358 4805 τιμῆς
2383 4733 2647 4802 ἐφίεσθαι,
2687 4732 2945 4799 κάκείνης
2987 4729 3173 4799 χρείαν
3209 4729 3338 4798 Em;
3385 4729 3531 4797 Τιμή

1885 4822 1999 4873 ἐστι
2020 4820 2080 4874 τὸ
2102 4821 2198 4892 τῆς
2229 4821 2377 4890 παρά
2395 4819 2504 4870 τῶν
2539 4817 2796 4888 μειζόνων
2839 4813 3132 4868 ἀπολαύειν
3155 4813 3330 4884 δόξης.
3356 4812 3533 4874 Ὀλως

1883 4909 1932 4960 εἰ
1981 4907 2137 4978 δόξης
2168 4909 2318 4978 ἐρᾷς,
2377 4905 2576 4976 μᾶλλον
2604 4902 2860 4974 ἐράσθητι
2893 4902 2993 4970 τῆς
3041 4901 3192 4972 παρά
3231 4899 3325 4952 τοῦ
3373 4899 3532 4954 Θεοῦ.

1886 4995 1982 5049 ’Ἂν
2015 4995 2264 5066 ἐρασθεὶς
2289 4995 2526 5062 ἐκείνης,
2555 4991 2756 5059 ταύτης
2799 4989 3232 5059 καταφρονήσῃς,
3258 4987 3378 5057 ὄψει
3411 4988 3534 5050 ταύ-

1882 5099 1984 5154 την
2009 5084 2221 5153 ἄτιμον·
2249 5082 2350 5143 ἐως
2377 5080 2442 5133 ἂν
2471 5079 2685 5149 ἐκείνην
2723 5076 2796 5147 μὴ
2831 5076 2967 5149 ἴδῃς,
3014 5075 3134 5129 οὑδέ
3157 5075 3360 5147 ταύτην
3406 5076 3534 5128 ἰδεῖν

1882 5171 2085 5243 δυνήσῃ
2113 5170 2229 5232 πῶς
2253 5171 2400 5221 ἐστιν
2427 5165 2646 5236 αἰσχρὰ,
2675 5164 2792 5229 πῶς
2811 5163 3229 5232 καταγέλαστος.
3269 5163 3532 5234 Καθάπερ

1884 5258 1992 5327 γὰρ
2005 5259 2051 5310 οἱ
2073 5275 2205 5327 πονη
2215 5258 2282 5326 ρᾷ
2301 5273 2401 5308 τινι
2416 5253 2632 5322 γυναικὶ
2649 5253 2972 5324 προκατειλη
2982 5251 3176 5322 μμένοι
3195 5251 3421 5320 εἰδεχθεῐ
3437 5253 3533 5306 καὶ

1887 5347 2107 5416 αἰσχρᾷ,
2138 5346 2241 5407 ἓως
2267 5345 2328 5397 ἂν
2358 5341 2582 5412 φιλῶσιν
2633 5343 2824 5413 αὑτὴν,
2848 5341 2908 5394 οὑ
2938 5341 3186 5394 δύνανται
3214 5340 3312 5410 τὴν
3357 5338 3533 5390 δυσεί-

1885 5436 2031 5489 δειαν
2065 5447 2088 5474 θ
2117 5434 2262 5498 ἰδεῖν,
2292 5432 2386 5485 τοῦ
2419 5431 2622 5496 πάθους
2641 5429 3048 5494 ἐπισκοτοῦντος
3075 5431 3138 5499 τῇ
3161 5427 3359 5497 κρίσει·
3390 5424 3532 5478 οὕτω

1885 5525 1946 5594 δὴ
1967 5524 2056 5577 καὶ
2072 5522 2323 5576 ἐνταῦθα·
2351 5521 2452 5584 ἕως
2472 5520 2537 5574 ἂν
2561 5518 2917 5591 κατεχώμεθα
2931 5518 3007 5589 τῷ
3025 5518 3204 5582 πάθει,
3227 5517 3286 5568 οὑ
3303 5514 3533 5585 δυνάμε-

1945 5705 1974 5746 b
2004 5704 2279 5765 Legebalur
2317 5705 2486 5763 οἰκίας,
2531 5704 2660 5764 quod
2685 5715 2714 5751 e
2735 5703 2846 5751 Sav.
2884 5708 2937 5750 et
2957 5698 3114 5765 lribgs
3134 5698 3274 5765 co_d_d.
3310 5698 3531 5765 cor-fex]-

1884 5783 2014 5818 mus.
2047 5759 2180 5816 Eun".
2248 5768 2270 5796 ‘-'
2299 5759 2499 5825 Quidam
2541 5759 2716 5828 πηροὺς
2736 5765 2912 5828 νόντως.Δ
2993 5760 3019 5828 αξ
3115 5760 3251 5807 codd.
3280 5768 3341 5828 Δεει
3377 5761 3527 5828 Sevi}.

1888 5830 2055 5898 yprba,
2075 5831 2253 5898 ἐχοχτες
2275 5823 2443 5898 ψῦχὴν,
2471 5823 2662 5898 τὸαὺέὸ
2681 5827 2841 5898 σιῖζμα,
2865 5825 2950 5882 τήν
2967 5823 3130 5881 αὑτήν,
3151 5823 3374 5884 supplela
3395 5824 3527 5872 sunt.

1891 5893 2023 5942 Ευιτ.
2042 5879 2054 5889 ’
2092 5879 2130 5930 εἷ’
2151 5879 2466 5940 υοὺἐῶύέχ
2492 5890 2578 5945 τήν
2599 5879 2847 5937 δυσωδίαν.
