3978 6478
165 374 264 430 213

1102 369 1170 425 ΙΝ
1207 370 1387 427 ACTA
1427 367 1944 427 APOSTOLORUM.
1985 369 2215 428 IlOMlL.
2253 370 2446 430 XXIX.

3299 383 3402 441 ΞΜ

162 495 286 546 riam
310 488 509 561 diligis,
535 503 653 545 eam
678 487 858 558 potius
879 499 1020 552 ama,
1048 501 1168 557 qua:
1188 501 1218 540 a
1242 486 1353 541 Deo
1377 493 1479 541 est.
1502 484 1557 542 Si
1584 485 1727 541 illam
1772 481 1780 487 ’
1834 484 2047 544 Utinam
2095 487 2315 554 vellent,
2365 499 2419 545 ct
2466 490 2645 546 statim
2686 492 2825 550 bona
2869 494 3186 564 perficerent
3215 512 3232 553 :
3260 511 3402 556 nunc

160 597 335 638 amans
365 582 502 637 hanc
527 594 770 651 spernas,
792 579 929 633 hanc
952 578 1158 634 videbis
1182 578 1469 649 ignobilem
1496 594 1510 630 :
1534 593 1718 648 quam-

154 676 240 731 diu
268 673 435 739 illam,
482 688 601 743 qua:
630 687 663 727 a
690 672 799 726 Deo
837 680 941 736 est,
976 685 1078 724 non
1127 670 1344 735 videris,
1382 684 1554 739 neque
1583 672 1719 724 hanc

153 768 372 830 videbis,
404 782 561 837 quam
603 766 771 835 turpis
806 780 999 833 nempe
1038 765 1126 828 sit,
1157 779 1315 834 quam
1358 763 1605 820 ridicula.
1648 762 1719 819 Ut

149 860 283 913 enim
322 858 415 927 qui
451 856 624 921 malae,
653 855 909 910 deformis
954 854 1213 924 foedaque
1255 854 1494 910 mulieris
1535 870 1717 910 amore

148 951 279 1020 capti
304 958 453 1013 sunt,
481 950 653 1005 donec
680 949 822 1003 illam
857 957 1056 1013 amant,
1088 965 1192 1003 non
1223 958 1447 1016 possunt
1475 947 1589 1017 ejus
1616 947 1716 1003 de-

148 1050 463 1105 formitatem
490 1047 694 1111 videre,
729 1044 921 1100 affectu
946 1044 1203 1114 judicium
1250 1043 1569 1098 obscurante
1600 1061 1612 1095 :
1642 1041 1713 1096 ita

141 1149 192 1195 et
217 1141 304 1195 hic
333 1139 591 1211 quamdiu
618 1139 810 1193 affectu
845 1137 1172 1203 detinemur,
1199 1151 1419 1192 cernere
1453 1150 1556 1188 non
1585 1148 1713 1203 pos-

139 1247 318 1287 sumus
349 1241 608 1301 quantum
635 1234 707 1284 sit
730 1230 946 1284 malum.
983 1228 1261 1298 Quomodo
1290 1242 1436 1297 ergo,
1483 1226 1709 1295 inquies,

136 1324 200 1376 ab
222 1337 289 1376 eo
318 1321 708 1377 liberabimur?
734 1320 919 1391 Cogita
960 1335 1081 1385 eos,
1109 1320 1197 1389 qui
1228 1318 1535 1373 innumeras
1582 1332 1712 1387 opes

138 1420 557 1485 insumpserunt,
587 1424 641 1469 et
664 1414 796 1468 nihil
834 1414 955 1469 hinc
989 1413 1191 1468 fruetus
1229 1414 1462 1469 tulerunt
1495 1431 1511 1470 :
1540 1416 1710 1485 cogita

135 1519 395 1574 mortuos,
426 1508 515 1578 qui
543 1490 741 1562 tantam
784 1507 960 1577 adepti
990 1514 1115 1561 sunt
1140 1506 1384 1575 gloriam,
1424 1507 1517 1561 sed
1550 1508 1712 1561 insta-

131 1603 311 1667 bilem,
354 1618 477 1672 qua:
519 1601 678 1671 periit
706 1608 761 1655 et
784 1601 998 1656 evanuit
1027 1617 1041 1654 :
1068 1601 1237 1670 cogita
1267 1616 1462 1655 nomen
1504 1609 1708 1654 tantum

132 1709 262 1758 esse,
296 1709 413 1747 non
442 1708 579 1748 rem.
607 1692 739 1748 Nam
767 1692 889 1762 quid
917 1702 997 1747 est
1024 1693 1210 1762 gloria,
1240 1694 1461 1762 qmeso?
1490 1693 1555 1747 da
1578 1693 1709 1748 deti-

130 1785 383 1839 nitionem
415 1785 669 1853 aliquam.
699 1783 854 1852 Apud
876 1799 1065 1839 omnes
1087 1783 1425 1839 admirationi
1456 1798 1595 1850 esse,
1627 1785 1707 1837 iu-

126 1878 291 1946 quies.
327 1878 416 1931 An
441 1875 585 1946 jure,
610 1890 677 1929 an
708 1875 941 1944 injuria?
985 1874 1042 1930 Si
1071 1875 1282 1945 injuria,
1315 1891 1418 1930 non
1448 1877 1548 1930 erit
1578 1875 1705 1930 illud

126 1967 426 2032 admiratio,
457 1967 551 2022 sed
577 1966 867 2030 accusatio,
899 1966 1152 2031 adulatio,
1192 1966 1455 2021 calumnia
1485 1983 1498 2020 :
1532 1966 1574 2020 si
1605 1982 1703 2020 au-

123 2070 221 2113 tem
260 2059 413 2125 jure,
464 2058 517 2112 id
563 2058 816 2128 possibile
860 2073 967 2113 non
1010 2067 1131 2123 est;
1164 2058 1353 2127 vulgus
1384 2057 1524 2112 enim
1556 2068 1703 2111 recto

123 2162 260 2207 caret
286 2150 518 2221 judicio,
548 2160 603 2205 et
630 2151 749 2206 illos
776 2152 1019 2216 miratur,
1047 2151 1134 2222 qui
1164 2152 1276 2205 suis
1300 2151 1541 2205 serviunt
1567 2166 1701 2205 con-

118 2244 481 2314 cupiscentiis.
526 2244 594 2298 Et
630 2243 675 2297 si
722 2244 900 2307 vultis,
942 2244 1060 2298 illos
1115 2241 1395 2307 attendite,
1443 2242 1532 2312 qui
1580 2256 1695 2295 me-

118 2339 402 2394 retricibus
444 2339 626 2393 omnia
676 2352 770 2393 sua
823 2337 1121 2403 dederunt,
1180 2336 1269 2407 qui
1316 2334 1551 2405 aurigis,
1603 2334 1693 2404 qui

115 2435 483 2490 saltatoribus.
542 2436 611 2489 At
657 2449 763 2489 non
809 2433 942 2498 hos,
996 2432 1224 2502 inquies,
1279 2430 1541 2494 dicimus;
1602 2427 1696 2482 sed

119 2529 299 2591 iustos,
354 2537 559 2591 rectos,
594 2527 683 2596 qui
725 2540 914 2596 magna
963 2532 1186 2594 possunt
1230 2531 1488 2592 przestare
1533 2520 1697 2573 bona.

1822 594 1953 635 vero
1989 580 2119 636 nihil
2162 582 2479 652 hujnsmodi‘
2509 584 2724 641 faciunt.
2772 587 2922 655 Quis,
2963 603 3165 658 quaeso,
3189 589 3389 660 justum

1820 678 1876 726 et
1914 682 2119 727 rectum
2166 688 2306 728 nunc
2350 675 2572 730 laudat?
2610 675 2946 733 Contrariqu
2994 688 3141 735 certe
3179 682 3391 737 accidit.

1819 765 1954 831 Quid
1983 764 2222 837 frigidius
2243 766 2404 837 justo,
2447 769 2491 823 si
2530 770 2839 839 pra'clarum
2871 771 2996 841 quid
3026 787 3208 842 agens,
3249 775 3393 843 vulgi

1818 860 2042 929 gloriam
2091 862 2346 930 expetat?
2371 860 2482 915 Hoc
2523 864 2665 916 enim
2719 864 2845 933 agit,
2876 879 2939 918 ac
2982 865 3025 919 si
3072 865 3193 936 quis
3222 866 3393 935 pictor

1815 952 2048 1018 Optimus
2098 953 2237 1022 regis
2282 951 2563 1022 imaginem
2608 956 2847 1024 pingens,
2890 956 3258 1026 imperitorum
3279 959 3395 1013 lau-

1815 1043 1911 1096 des
1948 1042 2195 1113 excipiat.
2233 1042 2479 1109 Alioquin
2514 1052 2689 1098 autem
2733 1046 2821 1116 qui
2865 1048 3147 1102 humanam
3191 1058 3396 1119 spectat

1813 1134 2073 1203 gloriam,
2126 1149 2156 1189 a
2209 1135 2462 1190 virtutum
2515 1138 2769 1191 exercitio
2812 1138 2918 1193 cito
2967 1139 3206 1195 desistet.
3260 1141 3390 1196 Nam

1815 1226 1859 1280 si
1909 1225 1974 1279 ad
2025 1226 2207 1282 laudes
2246 1228 2455 1282 illorum
2507 1229 2693 1292 inhiet.
2746 1231 2860 1284 tunc
2904 1231 3058 1286 faciet
3101 1250 3218 1302 qua:
3262 1236 3392 1305 ipsis

1814 1317 2118 1386 placebunt,
2151 1335 2254 1373 non
2282 1336 2401 1388 quas
2431 1321 2551 1376 sibi.
2580 1322 2733 1389 Quod
2761 1338 2887 1393 ergo
2908 1325 3019 1394 jam
3044 1327 3195 1381 vobis
3216 1329 3392 1383 consi—

1814 1407 1941 1462 lium
1973 1408 2258 1465 dederim?
2289 1413 2402 1467 Deo
2426 1414 2661 1467 animum
2692 1414 2969 1480 adhibere,
3011 1417 3140 1471 satis
3170 1416 3387 1486 habere,

1813 1505 1855 1559 si
1882 1506 2162 1562 laudemur
2187 1508 2254 1560 ab
2283 1508 2393 1571 illo,
2425 1509 2601 1561 omnia
2628 1510 2723 1577 ipsi
2753 1509 2941 1577 placita
2965 1510 3159 1579 facere,
3181 1524 3233 1568 et
3255 1516 3387 1571 bona

1810 1598 2043 1666 operari,
2086 1598 2152 1652 ad
2185 1599 2382 1652 nullam
2412 1615 2589 1653 rerum
2619 1599 2970 1655 humanarum
3001 1604 3206 1661 inhiare
3236 1624 3249 1659 :
3280 1606 3385 1662 hoc

1810 1691 1950 1745 enim
1975 1700 2030 1745 et
2060 1691 2322 1760 jejunium
2349 1700 2404 1746 et
2433 1695 2728 1747 orationem
2759 1704 2813 1748 et
2838 1695 3229 1767 eleemosynam
3260 1716 3386 1769 pes-

1809 1781 2038 1847 sumdat,
2069 1791 2228 1850 atque
2268 1783 2447 1837 omnia
2479 1793 2659 1838 nostra
2688 1784 2824 1839 bona
2854 1798 3099 1843 evacuat.
3136 1789 3286 1856 Quod
3318 1807 3387 1847 ne

1810 1874 2095 1943 patiamur,
2138 1873 2401 1944 fugiamus
2431 1875 2531 1930 hoc
2560 1876 2769 1930 vitium.
2796 1878 2970 1934 Unum
3013 1881 3184 1936 solum
3212 1885 3386 1955 respi-

1807 1967 2031 2031 ciamus,
2084 1966 2294 2037 laudem
2325 1984 2353 2021 a
2389 1969 2517 2032 Deo,
2557 1969 2699 2023 illius
2745 1972 3205 2041 approbationem,
3237 1990 3386 2030 com-

1809 2059 2091 2129 munisque
2138 2060 2345 2114 Domini
2389 2063 2903 2119 commendationem
2942 2084 2955 2119 :
2998 2076 3058 2121 ut
3096 2067 3201 2121 vita
3247 2084 3390 2138 prm-

1805 2163 1957 2209 sente
2005 2158 2056 2209 in
2114 2155 2310 2209 virtute
2365 2164 2670 2220 transacta,
2727 2160 3006 2226 promissis
3056 2161 3210 2215 bonis
3262 2178 3384 2217 cum

1803 2245 2148 2317 diligentibus
2177 2263 2299 2301 cum
2330 2248 2618 2315 potiamur,
2650 2250 2819 2318 gratia
2845 2259 2896 2303 et
2926 2252 3252 2322 benignitate
3276 2253 3383 2307 Do-

1803 2338 1933 2392 mini
1972 2337 2139 2391 nostri
2169 2337 2293 2392 Jesu
2340 2338 2558 2408 Christi,
2620 2341 2833 2409 quicum
2882 2340 3027 2397 Patri
3071 2352 3124 2397 et
3165 2344 3381 2413 Spiritui

1801 2438 1987 2482 sancto
2017 2428 2207 2497 gloria,
2239 2429 2539 2497 imperium,
2586 2431 2778 2498 honor,
2820 2449 2963 2489 nunc
2988 2444 3044 2490 et
3067 2450 3297 2507 semper,
3330 2450 3384 2494 et

1805 2519 1858 2573 in
1887 2521 2079 2573 Ssecula
2108 2521 2449 2575 smculorum.
2483 2525 2672 2578 Amen.

1469 2733 1813 2794 HOMILIA
1855 2733 2097 2795 XXIX.

126 2883 237 2940 Car.
263 2887 353 2942 i3.
387 2902 441 2937 ν.
478 2884 567 2941 16.
601 2882 827 2953 Surgens
856 2892 1022 2936 autent
1050 2879 1271 2943 Paulus,
1304 2890 1348 2933 et
1378 2894 1533 2932 manu
1552 2877 1698 2933 silen-

192 2979 304 3031 tium
332 2978 585 3040 indicens,
618 2976 745 3028 dixit
781 2989 799 3027 :
834 2972 943 3027 Viri
986 2971 1258 3033 Israelittz,
1308 2979 1355 3024 et
1400 2971 1487 3039 qui
1517 2970 1698 3024 timetis

199 3072 368 3132 Deum,
412 3069 606 3122 audite.
650 3067 738 3120 l7.
782 3064 924 3119 Deus
971 3064 1128 3135 plebis
1171 3061 1325 3133 hujus
1352 3063 1501 3131 elegit
1531 3070 1697 3130 patres

204 3174 404 3225 nostros,
449 3172 498 3216 et
549 3160 740 3229 plebem
766 3160 1027 3221 exultavit,
1070 3175 1185 3212 cum
1209 3166 1371 3211 essent
1400 3156 1605 3211 advenae
1644 3156 1698 3209 in

206 3267 325 3307 terra
343 3252 483 3325 £gy
491 3256 586 3321 pti,
610 3264 656 3307 et
677 3268 791 3305 cum
813 3252 1018 3306 brachio
1033 3251 1228 3305 excelso
1243 3248 1414 3303 eduxit
1434 3264 1517 3303 eos
1535 3263 1597 3301 ex
1615 3264 1694 3301 ea.

202 3347 244 3400 t.
278 3345 403 3399 Vide
432 3344 730 3399 Barnabam
760 3343 1038 3397 cedentem
1065 3340 1248 3404 Paulo,
1278 3349 1338 3393 ut
1360 3347 1413 3393 et
1435 3337 1693 3393 Joannem

128 3438 304 3507 ubique
330 3438 524 3493 Petro.
568 3436 662 3490 Ille
683 3435 835 3490 duxit
860 3450 982 3490 eum
1013 3449 1079 3489 ex
1108 3433 1365 3487 Damasco
1394 3446 1408 3482 :
1432 3430 1579 3499 atqui
1606 3443 1698 3483 ve-

120 3530 403 3585 nerabilior
444 3538 596 3593 erat;
646 3528 739 3583 sed
780 3527 845 3581 ad
885 3542 1219 3582 communem
1250 3524 1530 3580 utilitatem
1573 3537 1697 3591 spe-

114 3624 343 3678 etabaut.
400 3621 468 3676 Et
512 3639 740 3692 surgens,
791 3620 981 3691 inquit,
1011 3629 1058 3673 et
1082 3634 1237 3672 manu
1276 3614 1695 3677 silentiuntindi-

110 3732 240 3769 cens.
270 3716 394 3770 Mos
422 3713 510 3768 hic
536 3713 736 3768 Judzcis
779 3721 895 3767 erat
926 3729 939 3765 :
966 3711 1087 3767 ideo
1115 3710 1192 3765 sic
1222 3709 1342 3763 illos
1383 3707 1692 3777 alloquitur.

109 3810 237 3865 Vide
262 3809 544 3879 quomodo
569 3805 801 3862 sermoni
828 3806 968 3861 viam
992 3813 1141 3875 paret
1170 3820 1183 3860 :
1212 3804 1383 3874 primo
1408 3804 1549 3860 enim
1580 3804 1696 3857 lau-

106 3903 234 3956 dans
263 3903 421 3967 illos,
453 3913 804 3970 magnamque
823 3898 1108 3953 ostendens
1138 3912 1263 3967 erga
1299 3896 1443 3965 ipsos
1488 3909 1691 3960 curam,

104 4010 197 4064 per
220 3995 377 4065 quod
409 3994 560 4057 dicit,
592 3993 692 4058 Qui
720 3990 900 4046 timetis
929 3989 1088 4046 Deum
1114 4006 1132 4055 ;
1162 3991 1240 4045 sic
1268 3991 1479 4047 demum
1514 3989 1695 4058 incipit

101 4104 441 4145 sermonem.
474 4087 590 4142 Non
614 4087 767 4153 dixit,
797 4086 1076 4157 Proselyti,
1103 4084 1245 4156 quod
1273 4094 1389 4141 erat
1417 4084 1692 4140 calamita-

101 4183 169 4235 tis
190 4195 427 4236 nomen.
460 4177 599 4232 Deus
626 4178 784 4248 plebis
827 4179 978 4249 hujus
1015 4178 1163 4248 elegit
1205 4186 1373 4249 patres
1410 4184 1609 4230 nostros
1647 4184 1694 4229 et

100 4274 378 4341 populum.
416 4270 545 4326 Vide
570 4270 835 4341 quomodo
854 4269 1124 4325 hominum
1145 4283 1483 4324 communem
1502 4268 1689 4332 Deum,

98 4366 345 4434 ipsorum
389 4363 608 4433 proprie
638 4364 803 4418 Deum
848 4362 1009 4427 dicat,
1056 4371 1109 4418 et
1151 4360 1397 4417 ostendat
1434 4359 1691 4415 beneficia

99 4472 294 4527 magna
327 4457 445 4526 jam
495 4456 622 4510 olim
668 4457 800 4525 ipsis
828 4456 1042 4521 collata,
1092 4456 1229 4509 sicut
1269 4462 1324 4509 et
1367 4452 1689 4522 Stephanus.

99 4554 221 4609 llaec
247 4565 444 4608 autem
473 4550 694 4617 faciunt,
725 4556 782 4603 ut
805 4547 1033 4603 doceant
1072 4546 1211 4611 illos,
1254 4545 1394 4616 quod
1422 4561 1518 4616 pro
1544 4561 1693 4601 more

96 4661 193 4700 suo
218 4660 380 4700 nunc
413 4643 604 4697 Filium
634 4656 788 4695 suum
834 4639 1059 4694 miserit.
1087 4638 1237 4694 Sicut
1264 4646 1318 4692 et
1354 4638 1597 4693 Christus
1624 4637 1692 4692 de

94 4743 248 4794 vinea
280 4737 430 4792 dixit
454 4734 605 4805 (Luc.
638 4734 728 4788 20.
759 4732 869 4804 15),
897 4733 975 4787 sic
996 4743 1049 4787 et
1072 4732 1161 4786 ille
1190 4731 1440 4802 loquitur.
1471 4730 1692 4785 Exalta-

96 4832 158 4883 rit
183 4832 239 4884 in
268 4826 690 4901 peregrinatione
717 4825 771 4879 in
790 4823 1042 4896 Egypto,
1066 4831 1111 4876 et
1136 4839 1248 4877 cum
1275 4822 1477 4875 brachio
1498 4820 1692 4876 excelso

93 4922 273 4977 edunt
298 4937 398 4975 eos
422 4935 483 4974 ea:
510 4935 587 4972 ea.
621 4917 780 4987 Atqui
807 4915 1135 4971 contrarium
1163 4913 1428 4969 acciderat
1451 4912 1525 4986 (α)
1550 4929 1564 4977 ;
1596 4911 1692 4967 sed

94 5011 455 5067 multitudine
491 5009 635 5064 aucti
681 5016 842 5073 sunt;
889 5008 997 5061 imo
1048 5016 1103 5062 et
1159 5005 1413 5060 miracula
1477 5012 1693 5075 propter

95 5106 213 5159 illos
248 5105 408 5158 facta
448 5112 591 5155 sunt.
630 5101 697 5155 Et
735 5098 1010 5169 propheta:
1053 5104 1357 5152 memorant
1386 5095 1580 5165 ubique
1604 5108 1688 5159 ea,

94 5216 211 5269 qua:
258 5199 415 5251 facta
455 5205 582 5251 sunt
619 5195 673 5248 in
702 5193 955 5264 Egypto.
991 5190 1056 5245 Et
1080 5189 1223 5255 vide,
1253 5188 1523 5259 quomodo
1553 5194 1690 5241 tem-

95 5306 221 5361 pora
250 5288 637 5345 calamitatum
664 5293 1059 5356 praetercurrat,
1102 5290 1156 5338 et
1180 5294 1441 5349 nusquam
1466 5278 1689 5334 crimina

97 5384 145 5435 in
174 5382 433 5438 medium
461 5379 673 5444 aﬂ‘erat,
715 5376 808 5432 sed
840 5376 931 5431 Dei
974 5374 1376 5446 benignitatem,
1409 5371 1497 5427 illa
1527 5372 1690 5427 relin-

97 5490 266 5545 quens
295 5472 444 5544 ipsis
471 5470 771 5542 cogitanda.
815 5468 902 5526 18.
934 5467 1003 5521 Et
1032 5484 1122 5539 per
1148 5466 1486 5538 quadraginta
1522 5480 1689 5517 anno-

155 5654 231 5717 (α)
265 5652 329 5702 Id
353 5656 461 5719 pst,
486 5652 535 5700 ni
557 5648 711 5708 fallor,
725 5647 861 5719 Deus
879 5647 1054 5719 eduxit
1076 5644 1186 5719 illqs
1209 5658 1273 5719 ex
1297 5646 1520 5719 (Egypto,
1540 5646 1595 5719 ut.
1613 5642 1690 5713 in-

96 5708 306 5765 théei'et
352 5715 409 5762 in
447 5720 629 5762 terram
670 5711 1031 5773 promissionis;
1075 5709 1161 5773 sed
1202 5709 1264 5757 ob
1302 5708 1688 5773 illorutn_uequi-

95 5780 214 5849 tiara
243 5776 556 5827 manantium
596 5769 798 5834 accidit;
840 5785 956 5820 nam
992 5769 1200 5822 maxima
1232 5783 1345 5834 pars
1399 5772 1448 5820 in
1484 5769 1685 5819 deserto

97 5844 251 5899 ικείῑι

1798 2893 1913 2930 rum
1937 2886 2133 2945 tempus
2177 2894 2337 2932 mores
2379 2894 2551 2933 eorum
2590 2882 2828 2935 sustinuit
2856 2883 2909 2937 in
2944 2884 3157 2938 deserto.
3185 2886 3382 2941 Deinde

1803 2969 2187 3026 habitationem
2241 2982 2398 3027 terra:
2445 2974 2618 3029 dicit:
2652 2975 2740 3030 19.
2791 2976 2858 3029 Et
2910 2978 3169 3033 destruens
3214 2990 3382 3050 gentes

1802 3073 1988 3134 septem
2016 3064 2068 3117 in
2099 3074 2233 3117 terra
2254 3063 2521 3135 Chanaan,
2553 3078 2687 3124 sorte
2714 3070 2966 3124 distribuit
2992 3073 3063 3125 eis
3089 3082 3273 3126 terram
3298 3090 3381 3128 eo-

1801 3169 1936 3207 rum.
1960 3153 2027 3208 Et
2048 3156 2271 3211 multum
2293 3157 2593 3214 intercessit
2616 3168 2841 3230 tempus,
2870 3163 3377 3235 quadringentorum

1802 3254 1856 3300 et
1881 3248 2260 3319 quinquaginta
2289 3265 2571 3305 annorum.
2602 3252 2692 3307 20.
2725 3251 2795 3307 Et
2821 3256 2967 3324 quasi
2996 3265 3108 3309 post
3133 3258 3375 3326 quadrin-

1801 3348 1973 3410 gentos
2002 3342 2435 3413 etquinquaginta
2473 3360 2634 3397 annos
2676 3346 2813 3398 dedit
2857 3346 2928 3400 eis
2947 3347 3171 3416 judices,
3221 3366 3379 3418 usque

1801 3432 1869 3485 ad
1897 3431 2183 3488 Samaelem
2214 3438 2531 3505 prophetam.
2581 3437 2679 3493 Hic
2722 3440 2958 3495 ostendit
3004 3441 3178 3511 ipsum
3228 3444 3377 3499 varie

1802 3524 2096 3592 providisse
2124 3527 2287 3582 rebus
2316 3528 2551 3597 illorum.
2583 3529 2674 3584 Si.
2705 3530 2773 3584 Et
2797 3532 2978 3587 exinde
3002 3534 3378 3601 postulaverunt

1800 3632 1986 3687 regem.
2026 3616 2137 3673 Nec
2175 3630 2436 3675 memorat
2463 3622 2724 3692 ingratqu
2755 3623 2963 3678 illorum
2994 3627 3249 3693 animum,
3281 3628 3375 3682 sed

1802 3708 1996 3779 ubique
2027 3710 2119 3766 Dei
2146 3712 2504 3769 clementiam.
2540 3717 2607 3769 Et
2636 3716 2772 3770 dedit
2798 3718 2900 3772 illis
2923 3718 3055 3773 Sari!
3074 3719 3237 3788 ﬁlium
3262 3719 3371 3787 Cis,

1800 3801 1962 3854 uirum
1990 3802 2051 3856 de
2079 3805 2212 3858 tribu
2253 3804 2542 3875 Benjamin,
2589 3809 2737 3863 annis
2775 3808 3115 3882 quadraginta
3154 3830 3173 3867 :
3211 3813 3299 3867 22.
3327 3822 3377 3867 et

1800 3904 1967 3947 amoto
1992 3895 2102 3955 illo.
2131 3897 2388 3950 suscitavit
2415 3898 2486 3951 eis
2516 3897 2686 3951 David
2724 3900 2775 3952 in
2800 3918 2966 3971 regem
2994 3917 3012 3955 :
3040 3903 3123 3955 cui
3148 3904 3375 3958 testimo-

1800 3987 1941 4038 nium
1962 3987 2244 4055 perhibens,
2264 3989 2391 4043 dixit
2418 4006 2437 4044 :
2457 3989 2638 4044 Inveni
2657 3989 2826 4044 David
2846 3993 3008 4061 filium
3031 3993 3192 4059 Jesse,
3216 3996 3376 4049 virum

1799 4078 2074 4131 secundum
2098 4095 2185 4133 cor
2214 4097 2395 4147 meum,
2424 4083 2511 4154 qui
2540 4084 2694 4153 faciet
2717 4101 2888 4139 omnes
2912 4086 3191 4141 voluntates
3216 4104 3374 4143 meas.

1798 4168 1913 4223 Non
1942 4186 2162 4239 parvum
2208 4171 2330 4239 hoc,
2377 4174 2516 4242 quod
2559 4191 2625 4231 ex
2674 4176 2873 4233 Davide
2914 4178 3157 4234 Christus
3205 4191 3369 4237 esset.

1802 4259 2000 4315 Deinde
2038 4260 2298 4316 Joannem
2346 4264 2548 4320 inducit
2594 4266 2987 4336 tes1ificantem,
3020 4270 3205 4327 dicens
3235 4290 3247 4325 :
3280 4272 3372 4327 25.

1803 4349 1972 4420 Hujus
2000 4351 2137 4406 Deus
2163 4369 2226 4407 ea:
2262 4356 2449 4409 semine
2487 4358 2760 4412 secundum
2786 4362 3167 4428 promissionem
3194 4363 3369 4418 eduxit

1800 4441 2009 4497 lsraelis
2034 4443 2349 4499 Salvatorem
2371 4447 2403 4500 J
2410 4464 2569 4513 esum,
2597 4449 2687 4505 24.
2717 4452 3023 4521 praedicante
3040 4453 3241 4509 Joanne
3260 4467 3374 4510 ante

1799 4535 1979 4604 faciem
2022 4535 2263 4591 adventus
2290 4540 2399 4608 ejus
2428 4540 2734 4609 baptismum
2764 4545 3065 4613 paenitentiae
3105 4548 3242 4600 omni
3285 4565 3375 4618 po-

1800 4627 1919 4695 pulo
1945 4626 2133 4681 Israel.
2163 4629 2253 4684 25.
2288 4629 2412 4684 Cum
2450 4633 2679 4693 impleret
2715 4645 2879 4689 autem
2905 4635 3128 4692 Joannes
3171 4655 3373 4692 cursum

1798 4734 1978 4784 saunt,
2008 4719 2249 4773 dicebat:
2282 4721 2442 4785 Quem
2484 4740 2563 4777 me
2592 4725 2906 4781 arbitramini
2948 4745 3072 4793 esse,
3120 4746 3219 4783 non
3262 4747 3372 4785 sum

1798 4826 1888 4881 ego
1910 4826 1930 4864 :
1952 4811 2040 4865 sed
2066 4828 2177 4866 ecce
2197 4815 2325 4867 venit
2350 4826 2461 4883 post
2490 4832 2589 4881 me,
2620 4818 2764 4885 cujus
2788 4834 2889 4871 non
2915 4836 3024 4872 sum
3046 4820 3230 4891 dignas
3259 4824 3369 4876 cal-

1798 4912 2052 4956 ceamenta
2082 4903 2267 4974 pedum
2305 4907 2515 4959 solvere.
2566 4908 2628 4961 Et
2653 4907 2886 4964 Joannes
2927 4910 3236 4966 testificatur
3264 4929 3369 4968 non

1798 4991 2132 5062 simpliciter,
2156 4996 2250 5050 sed
2269 4997 2491 5067 gloriam
2515 5013 2543 5051 a
2566 5013 2625 5052 se
2643 4998 2937 5069 depellens,
2959 5002 3161 5058 etiamsi
3184 5019 3371 5062 omnes

1796 5084 2016 5153 gloriam
2067 5087 2164 5157 ipsi
2195 5088 2473 5143 referrent.
2518 5089 2634 5144 Non
2680 5105 2772 5160 par
2798 5106 2888 5146 res
2910 5102 2995 5149 est
3019 5104 3195 5151 autem
3222 5100 3371 5154 nullo

1797 5179 1957 5236 dante
1996 5182 2273 5251 repellere,
2322 5192 2375 5235 et
2417 5183 2663 5237 omnibus
2715 5185 3065 5243 tribuentibus
3110 5189 3368 5248 honorem

1797 5269 2041 5339 rejicere.
2090 5287 2261 5341 neque
2304 5272 2633 5340 simpliciter,
2678 5280 2770 5330 sed
2820 5291 2940 5332 cum
2990 5288 3132 5335 tanta
3173 5281 3372 5338 demis-

1798 5360 1967 5416 sione.
1996 5361 2084 5416 26.
2127 5361 2229 5415 Viri
2266 5366 2467 5432 fratres,
2500 5365 2596 5432 [ilii
2624 5369 2815 5436 generis
2854 5371 3089 5439 Abrahae,
3121 5384 3168 5428 et
3206 5379 3293 5446 qui
3316 5379 3371 5432 in

1796 5453 1934 5506 vobis
1960 5454 2129 5506 timent
2169 5453 2348 5519 Deam,
2382 5454 2517 5509 vobis
2544 5457 2743 5512 verbum
2777 5462 2956 5517 salutis
2984 5464 3137 5534 hujus
3164 5468 3370 5522 missum

1798 5554 1890 5597 est.
1926 5543 2015 5597 27.
2066 5544 2166 5609 Qui
2207 5547 2338 5599 enint
2381 5546 2670 5604 habitabant
2710 5552 2994 5609 Jerusalem
3037 5568 3083 5611 et
3118 5561 3368 5630 principes

1798 5652 1969 5690 eorum
1993 5636 2125 5690 hunc
2149 5638 2458 5707 ignorantes,
2483 5650 2526 5694 et
2554 5658 2694 5697 uoces
2721 5649 3101 5717 praphetarum,
3127 5667 3241 5721 qua:
3278 5669 3368 5722 per

1798 5743 1944 5780 omne
1964 5727 2221 5782 sabbatum
2261 5729 2511 5801 leguntur,
2551 5734 2847 5802 iudicantes,
2877 5739 3201 5806 impleverunt
3228 5757 3248 5795 :
3272 5741 3363 5796 ‘28.

1796 5828 1845 5875 et
1870 5819 2064 5875 nullam
2089 5836 2293 5876 causam
2318 5825 2490 5879 martis
2526 5825 2829 5885 invenientes
2863 5831 2915 5885 in
2952 5848 3029 5899 eo,
3060 5832 3306 5903 petierunt
3332 5849 3370 5887 α
