3978 6496
618 391 725 446 215

620 505 794 562 Pilato
834 512 890 557 ut
931 499 1310 570 interﬁceretur.
1343 497 1552 568 Ubique
1595 495 1696 550 hoc
1720 495 2004 549 ostendere
2047 501 2190 546 sata-

620 607 773 668 gunt,
820 596 1016 650 bonum
1045 594 1282 663 ipsorum
1328 591 1426 645 hoc
1457 591 1726 659 proprium
1755 601 1896 650 esse,
1941 601 2012 638 ne
2056 593 2192 637 tam-

622 705 781 760 quam
811 688 1044 742 alienum
1084 683 1481 738 considerantes
1530 680 1747 750 fugiant,
1793 692 1860 732 eo
1888 674 2030 746 quod
2072 689 2194 729 cru-

625 781 919 835 ciﬁxissent
965 793 1110 831 eum.
1161 774 1349 838 Hunc,
1401 773 1613 841 inquit,
1665 771 1971 840 ignorantes.
2012 766 2193 835 Itaque

623 872 934 944 ignorantiae
960 877 1232 938 peccatum
1263 875 1394 919 erat.
1421 864 1551 918 Vide
1576 863 1845 930 quomodo
1865 859 1985 914 illos
2005 859 2193 913 leniter

623 964 892 1020 defendat.
924 963 1104 1032 Neque
1129 959 1227 1014 hoc
1249 968 1449 1013 tantum
1474 973 1488 1020 ;
1512 957 1604 1011 sed
1625 956 1784 1010 etiam
1813 955 1883 1008 ita
1903 953 2014 1007 ﬁeri
2036 967 2195 1020 open-

624 1058 791 1112 tuisse
815 1055 1014 1124 adjicit.
1039 1053 1114 1108 Ne
1137 1055 1257 1122 quis
1285 1067 1413 1105 vero
1435 1049 1652 1113 diceret,
1683 1045 1835 1102 Unde
1859 1045 2190 1098 manifestum

623 1155 707 1201 est
737 1146 884 1199 illum
913 1143 1270 1197 resurrexisse
1293 1141 1316 1193 ?
1342 1140 1471 1194 dicit
1498 1139 1679 1202 etiam,
1709 1135 1874 1190 Testes
1895 1135 2031 1187 illius
2055 1142 2189 1186 sunt.

623 1236 825 1291 Deinde
852 1250 1057 1290 rursum
1074 1248 1138 1288 ex
1159 1231 1449 1300 Scripturis
1473 1245 1582 1284 rem
1607 1228 1904 1283 confirmat.
1928 1224 2018 1279 29.
2043 1224 2193 1277 Cum-

623 1345 721 1399 que
745 1335 1170 1381 consummassent
1200 1325 1391 1386 omnia,
1419 1337 1531 1388 quae
1576 1321 1638 1374 de
1682 1320 1771 1373 illo
1813 1319 2001 1388 scripta
2029 1325 2189 1380 erant,

626 1422 927 1488 deponentes
954 1421 1016 1473 de
1057 1421 1214 1488 ligno,
1250 1426 1519 1487 posuerunt
1550 1431 1660 1467 eum
1698 1412 1756 1466 in
1796 1421 2190 1465 monumentum.

624 1511 712 1566 30.
746 1510 880 1564 Deus
905 1527 1018 1564 vero
1046 1510 1302 1563 suscitavit
1329 1525 1442 1560 eum
1470 1524 1502 1558 a
1529 1505 1738 1558 mortuis
1785 1505 1929 1556 tertia
1972 1502 2072 1566 die,
2105 1501 2192 1570 qui

624 1606 755 1658 visus
780 1614 851 1659 est
875 1622 962 1672 per
987 1606 1092 1657 dies
1119 1605 1301 1656 multos
1338 1603 1422 1666 iis,
1452 1601 1540 1654 3|.
1567 1600 1652 1669 qui
1679 1597 1827 1652 simul
1864 1595 2194 1649 ascenderunt

623 1716 736 1752 cum
764 1715 819 1751 eo
846 1698 908 1750 de
933 1697 1144 1751 Galiltea
1165 1699 1219 1750 in
1240 1695 1546 1759 Jerusalem,
1575 1694 1661 1763 qui
1685 1702 1799 1747 sunt
1826 1700 1970 1744 testes
1993 1691 2104 1759 ejus
2123 1689 2192 1742 ad

624 1789 832 1859 plebem.
865 1789 950 1842 52.
995 1787 1060 1841 Et
1089 1805 1180 1841 nos
1227 1788 1362 1841 vobis
1407 1786 1763 1839 annuntiamus
1800 1799 1926 1846 eam,
1973 1797 2084 1850 qua:
2125 1781 2192 1833 ad

625 1889 788 1950 patres
814 1890 1008 1932 nostros
1029 1879 1346 1948 repromissio
1369 1881 1502 1949 facta
1522 1885 1595 1929 est
1619 1891 1637 1928 :
1655 1875 1744 1928 55.
1768 1874 1884 1944 quia
1903 1874 2033 1925 hanc
2054 1870 2193 1924 Deus

623 1971 908 2039 adimplevit
948 1969 1087 2022 nobis
1117 1969 1237 2036 ﬁliis
1264 1985 1452 2030 eorum,
1493 1967 1799 2020 resuscitans
1835 1964 2030 2028 Jesum,
2066 1963 2193 2015 sicut

621 2073 668 2114 et
694 2061 745 2113 in
776 2059 983 2112 Psalmo
1008 2060 1225 2112 secundo
1264 2059 1508 2126 scriptum
1541 2067 1650 2111 est:
1681 2054 1846 2108 Filius
1875 2069 2013 2108 meus
2040 2069 2091 2108 es
2115 2063 2188 2115 tu,

621 2167 713 2223 ego
740 2152 889 2205 hodie
912 2153 1060 2221 genui
1086 2161 1133 2204 te
1161 2150 1332 2218 (Psal.
1357 2151 1411 2203 9..
1443 2152 1517 2219 7).
1549 2149 1635 2203 54.
1670 2148 1817 2215 Quod
1843 2158 2003 2200 autent
2025 2148 2190 2200 susci—

623 2244 743 2296 tavit
769 2260 881 2295 eum
918 2259 948 2294 a
997 2243 1225 2307 mortuis,
1267 2258 1366 2294 non
1392 2240 1528 2294 ultra
1573 2256 1885 2292 reversurum
1923 2239 1976 2291 in
2014 2255 2192 2291 corru-

626 2335 862 2404 ptionem,
891 2335 960 2386 ita
985 2335 1132 2398 dixit,
1160 2334 1292 2398 Quia
1315 2321 1601 2386 dabo't'obis
1620 2341 1790 2385 sancta
1813 2330 1977 2382 David
2018 2330 2190 2399 ﬁdelia

625 2425 775 2498 (Isai.
809 2427 896 2481 55.
944 2429 1021 2488 5).
1064 2428 1150 2481 55.
1182 2424 1308 2479 Ideo
1338 2436 1384 2478 et
1431 2427 1484 2478 in
1527 2424 1630 2478 alio
1674 2425 1845 2478 dicit:
1881 2422 2002 2477 Non
2048 2422 2190 2475 dabis

623 2517 866 2573 Sanctum
894 2529 1031 2572 tuum
1059 2519 1222 2572 videre
1245 2519 1613 2587 corruptionem
1655 2515 1823 2588 (Psal.
1849 2517 1936 2572 15.
1961 2515 2070 2584 10).
2101 2515 2188 2568 56.

620 2608 789 2663 David
819 2611 949 2663 enim
977 2611 1027 2663 in
1056 2627 1150 2664 sua
1173 2611 1494 2680 generatione
1533 2626 1646 2662 cum
1687 2609 2081 2661 administrasse!
2107 2621 2192 2658 vo-

621 2702 803 2755 luntati
824 2701 938 2764 Dei,
974 2702 1225 2762 dormivit,
1254 2712 1299 2754 et
1321 2702 1582 2769 appositus
1604 2701 1765 2754 estad
1795 2709 1957 2765 patres
1981 2715 2117 2758 suos,
2146 2707 2192 2750 et

621 2795 744 2847 vidit
771 2795 1140 2862 corruptionem
1170 2808 1188 2847 :
1215 2793 1303 2848 57.
1352 2809 1494 2860 quem
1535 2809 1647 2846 vero
1697 2789 1835 2845 Deus
1872 2791 2126 2845 suscitavit
2161 2807 2192 2842 a

621 2887 850 2949 mortuis,
880 2901 978 2937 non
1005 2885 1127 2937 vidit
1152 2883 1541 2952 corruptionem.
1576 2882 1708 2936 Vide
1737 2882 1876 2936 hunc
1903 2881 2190 2935 vehemen-

621 2977 728 3030 tius
755 2977 1124 3030 disserentem.
1177 2974 1287 3029 Hoc
1333 2989 1619 3044 numquam
1667 2973 1856 3028 Petrus
1901 2973 2052 3027 dixit.
2100 2973 2188 3026 58.

623 3069 677 3123 Ν
682 3079 814 3122 otum
838 3069 992 3137 igitur
1018 3069 1078 3122 sit
1105 3069 1259 3126 vobis,
1279 3067 1374 3120 viri
1404 3067 1608 3135 fratres,
1639 3065 1755 3134 quia
1781 3081 1868 3133 per
1892 3065 2023 3117 hunc
2050 3065 2192 3117 nobis

622 3160 847 3214 remissio
869 3171 1186 3228 peccatorum
1211 3159 1561 3222 annuntiatur,
1590 3167 1636 3210 et
1660 3157 1720 3208 ab
1741 3156 1990 3219 omnibus,
2022 3171 2052 3208 a
2075 3155 2190 3225 qui-

621 3251 711 3304 bus
736 3268 834 3304 non
865 3251 1093 3321 potuistis
1128 3252 1180 3302 in
1219 3250 1330 3320 lege
1363 3247 1554 3317 .‘lloysis
1577 3248 1866 3315 iustiﬁcari,
1897 3247 1985 3301 39.
2019 3247 2072 3299 in
2097 3247 2191 3299 hoc

623 3344 784 3397 omnis
808 3344 893 3414 qui
917 3343 1074 3396 credit
1089 3343 1418 3411 justiﬁcatur.
1447 3340 1646 3393 Deinde
1671 3341 1770 3393 hoc
1794 3339 2029 3394 terribile
2056 3356 2070 3392 :
2097 3337 2187 3392 40.

635 3437 805 3490 Videte
831 3454 968 3506 ergo,
1010 3453 1070 3489 ne
1105 3434 1418 3503 superveniat
1453 3434 1587 3487 vobis
1625 3432 1757 3501 quod
1801 3433 1986 3485 dictum
2033 3441 2102 3484 est
2137 3432 2192 3483 in

622 3528 878 3599 prophetis
909 3543 928 3582 :
955 3528 1046 3582 41.
1085 3524 1275 3591 Videte,
1298 3534 1678 3594 contemptores,
1701 3531 1746 3576 et
1774 3523 2114 3584 admit-nmini,
2145 3532 2191 3575 et

623 3619 986 3688 disperdimini,
1035 3618 1152 3689 quia
1186 3632 1313 3684 opus
1355 3632 1536 3685 aperor
1572 3631 1661 3684 ego
1688 3615 1742 3667 in
1785 3615 1955 3668 diebus
1993 3614 2186 3678 vestris,

623 3708 758 3779 quod
772 3725 872 3761 non
891 3707 1118 3769 credetis,
1138 3707 1180 3758 si
1197 3707 1306 3774 quis
1322 3711 1627 3760 enarraverit
1649 3705 1782 3758 vobis
1804 3702 2023 3774 (Habac.
2042 3705 2093 3756 1.
2109 3703 2187 3774 5).

692 3799 746 3853 2.
780 3798 912 3853 Vide
941 3796 1207 3869 quomodo
1225 3796 1701 3850 nectitsermonem
1723 3811 1786 3849 ex
1817 3794 2185 3863 prasentibus,

622 3908 688 3946 ex
721 3890 1028 3960 prophetis,
1080 3905 1144 3943 ex
1187 3890 1392 3942 semine
1420 3889 1710 3942 secundum
1755 3887 2185 3956 promissionem.

622 3984 818 4039 Verum
841 3998 1000 4049 supra
1039 3983 1174 4036 dicta
1200 3981 1564 4051 exploremus.
1612 3979 1718 4033 Viri
1747 3980 1950 4045 fratres,
1975 3981 2071 4044 ﬁlii
2094 3996 2188 4051 ge-

622 4077 757 4131 neris
798 4076 1032 4129 Abrahre.
1072 4075 1112 4127 Λ
1159 4082 1304 4143 patre
1349 4074 1492 4142 ipsos
1535 4071 1782 4142 appellat.
1833 4069 1982 4126 Vobis
2027 4089 2188 4125 sermo

621 4169 796 4222 salutis
821 4169 970 4237 hujus
1000 4168 1176 4219 missus
1203 4175 1292 4220 est.
1331 4165 1426 4219 llic
1456 4164 1604 4229 illud,
1641 4163 1808 4227 Vobis,
1841 4178 1946 4217 non
1973 4163 2188 4218 Judzcos

624 4262 905 4329 separatim
937 4259 1168 4326 respicit,
1193 4257 1286 4312 sed
1308 4257 1398 4311 dat
1429 4257 1533 4311 illis
1566 4267 1880 4325 potestatem
1920 4256 2181 4310 avellendi

626 4366 684 4404 se
711 4350 778 4402 ab
807 4351 888 4415 iis,
917 4351 1004 4418 qui
1032 4350 1229 4403 easdem
1259 4359 1661 4418 perpetrarunt;
1691 4348 1829 4417 quod
1859 4364 1923 4402 ex
1948 4350 2188 4418 sequenti

626 4442 798 4510 palam
830 4453 932 4495 est.
966 4440 1100 4493 Nam
1126 4441 1210 4508 qui
1237 4440 1559 4507 habitabant,
1603 4440 1811 4508 inquit,
1861 4439 2147 4493 Jerusalem
2169 4481 2186 4508 ,

625 4535 758 4586 hunc
800 4533 1106 4602 ignorantes,
1135 4542 1177 4586 et
1202 4547 1341 4586 voces
1369 4532 1746 4601 prOphetarum,
1775 4547 1886 4602 qua:
1916 4546 2004 4599 per
2045 4548 2191 4586 omne

623 4625 882 4678 sabbatum
912 4625 1159 4693 leguntur,
1181 4624 1469 4690 judicautes
1497 4622 1843 4693 impleverunt.
1878 4623 2062 4690 Magna
2093 4638 2187 4677 ac-

624 4718 844 4781 cusatio,
875 4716 918 4770 si
947 4717 1249 4785 frequenter
1271 4716 1546 4770 audientes
1574 4730 1676 4768 non
1700 4714 2041 4769 attenderint.
2084 4716 2190 4770 Sed

623 4809 753 4863 nihil
779 4809 965 4863 mirum
993 4828 1005 4863 :
1039 4826 1158 4862 nam
1181 4808 1317 4862 dicta
1341 4809 1428 4861 illa
1449 4809 1587 4862 circa
1613 4807 1897 4879 Egyptum
1925 4819 1978 4862 et
2001 4808 2187 4865 deser-

626 4911 735 4953 tmn
763 4941 776 4962 .
817 4901 944 4954 satis
969 4909 1122 4954 erant
1158 4899 1224 4953 ad
1256 4899 1518 4968 ingratum
1569 4900 1780 4953 illorum
1818 4901 2050 4954 animum
2091 4903 2187 4957 de-

626 4991 1045 5046 monstrandum.
1080 4991 1146 5045 Et
1171 4990 1435 5060 quomodo
1459 4991 1785 5060 ignorarunt,
1815 4991 2034 5061 inquies,
2067 5007 2186 5046 cum

623 5083 855 5138 Joannes
884 5083 1114 5136 dixerit?
1139 5081 1278 5149 Quid
1303 5081 1516 5145 mirum,
1547 5096 1666 5135 cum
1691 5080 1960 5150 prophetae
1981 5096 2190 5151 quoque

628 5189 771 5244 saepe
786 5174 1167 5228 cla'maverint?
1189 5173 1320 5228 Hinc
1346 5173 1446 5227 alia
1465 5174 1731 5227 accusatio
1756 5191 1768 5225 :
1795 5172 1858 5226 Et
1879 5173 2017 5227 nulla
2037 5190 2191 5227 causa

629 5265 802 5318 mortis
823 5265 1059 5328 inventa;
1088 5265 1140 5319 id
1179 5265 1317 5333 quod
1354 5265 1663 5334 ignorantia:
1705 5280 1810 5319 non
1856 5274 1991 5319 erat.
2020 5265 2191 5320 Pona-

630 5373 747 5410 mus
770 5357 932 5420 enim,
961 5357 1100 5426 quod
1130 5372 1249 5411 cum
1280 5373 1373 5426 pro
1396 5358 1608 5412 Christo
1630 5373 1733 5412 non
1767 5357 2065 5421 habuerint,
2093 5373 2191 5412 cur

627 5447 979 5502 occiderunt?
1009 5447 1076 5500 Et
1116 5449 1392 5516 petierunt,
1425 5448 1629 5518 inquit,
1673 5465 1704 5500 a
1745 5447 1912 5504 Pilato
1941 5459 1995 5501 ut
2037 5451 2191 5500 inter-

629 5540 879 5609 ﬁceretur.
912 5539 1132 5609 Cumque
1158 5549 1579 5592 consummassent
1603 5540 1771 5593 omnia
1793 5581 1806 5603 ,
1852 5556 1966 5612 qua:
2002 5540 2064 5594 de
2102 5540 2190 5594 illo

627 5631 817 5698 scripta
839 5639 981 5684 erant
1005 5671 1019 5693 ,
1063 5629 1362 5696 deponentes
1401 5630 1462 5682 de
1488 5631 1644 5699 ligno,
1676 5639 1948 5700 posuerunt
1989 5631 2041 5684 in
2084 5647 2192 5684 uto-

630 5731 940 5775 numentum.
969 5720 1100 5776 Vide
1124 5736 1283 5790 quam
1317 5720 1418 5774 hoc
1461 5719 1565 5774 illis
1591 5735 1730 5774 cura:
1761 5720 1934 5774 fuerit.
1980 5721 2191 5776 Modum

642 5813 831 5870 mortis
846 5814 1022 5881 dixit,
1055 5822 1108 5869 et
1133 5813 1354 5869 Pilatum
1389 5813 1440 5866 in
1469 5812 1698 5867 medium
1746 5813 1988 5880 adducit,
2023 5824 2078 5869 ut
2119 5815 2191 5870 si-

1321 382 1377 439 S.
1416 380 1688 438 JOANNIS
1721 373 2200 436 CIIRYSOSTOMI
2236 371 2549 432 ARCHIEP.
2587 373 3118 430 CONSTANTINOP.
3713 379 3795 443 ilo

2299 488 2412 544 mul
2441 498 2496 544 et
2522 487 2800 545 manifesta
2827 489 3004 559 passio
3026 488 3097 542 sit
3119 502 3187 542 ex
3214 484 3460 542 tribunali
3474 526 3490 550 ,
3511 484 3733 562 simulque
3755 507 3798 554 ut

2298 580 2373 634 illi
2391 581 2607 650 gravius
2642 590 2980 652 accusentur,
3008 579 3151 650 quod
3197 579 3346 632 illum
3395 579 3680 650 alienigena:
3711 589 3798 644 viro

2298 671 2635 724 tradiderint.
2685 671 2868 740 Neque
2907 671 3072 734 dixit,
3111 669 3399 740 Conquesti
3439 679 3560 724 sunt
3596 671 3686 746 (a);
3712 682 3799 744 εδει,

2300 760 2663 828 Postutarunt,
2709 763 2852 817 nulla
2905 777 3063 841 causa
3098 763 3311 817 inventa
3352 762 3498 816 illum
3542 767 3798 840 occidendi;

2298 854 2369 908 ita
2391 864 2445 908 ut
2468 855 2641 924 palam
2663 856 2733 909 sit
2753 855 2873 909 illos
2889 857 3110 926 gratiam
3131 855 3397 924 accepisse
3417 854 3581 910 Pilato
3597 861 3802 923 nolente:

2297 946 2436 1014 quod
2461 946 2657 1000 clarius
2683 945 2812 1000 dicit
2842 946 3046 1008 Petrus.
3076 946 3348 1000 Judicante
3383 944 3473 999 illo
3500 948 3666 1004 dimitti
3691 953 3802 1024 (Act.

2296 1036 2349 1091 5.
2383 1034 2492 1105 15).
2523 1036 2739 1091 Multum
2767 1038 2976 1093 amabat
3019 1037 3142 1092 illos
3180 1038 3396 1093 Paulus.
3450 1038 3517 1093 Et
3556 1041 3687 1108 vide,
3723 1062 3804 1103 non

2297 1140 2537 1183 moratur
2561 1130 2611 1183 in
2641 1130 2845 1199 ingrato
2871 1141 3077 1200 patrum
3107 1132 3310 1194 animo.
3335 1130 3431 1185 sed
3460 1131 3581 1199 ipsis
3607 1135 3804 1196 timorem

2297 1223 2502 1276 incutit.
2537 1222 2838 1292 Stephanus
2863 1231 3008 1278 certe
3044 1223 3145 1278 hoc
3168 1225 3290 1292 jure
3317 1223 3480 1290 facit,
3507 1235 3673 1294 utpote
3693 1234 3806 1287 oeci.

2295 1312 2518 1376 dendus,
2548 1330 2652 1368 non
2677 1313 2896 1380 docens,
2921 1324 2976 1370 et
2998 1315 3286 1370 ostendens
3316 1315 3487 1386 legem
3510 1315 3616 1387 jam
3654 1323 3764 1377 solvi
3793 1343 3804 1380 :

2297 1405 2384 1460 hic
2433 1423 2562 1462 vero
2611 1423 2715 1461 non
2762 1409 2923 1474 item,
2971 1408 3062 1463 sed
3093 1409 3324 1462 minatur
3365 1417 3420 1464 et
3462 1417 3618 1466 terret
3654 1415 3806 1470 solum.

2296 1497 2432 1552 Deus
2453 1510 2619 1553 autem
2661 1501 2916 1554 suscitavit
2952 1501 3099 1554 illum
3121 1519 3154 1554 a
3195 1501 3424 1555 mortuis.
3461 1500 3564 1567 Qui
3591 1505 3808 1575 visusest,

2298 1592 2484 1660 inquit,
2515 1592 2682 1645 multis
2704 1590 2878 1646 diebus
2897 1593 2979 1658 iis,
3001 1594 3087 1655 qui
3109 1609 3222 1646 cum
3255 1609 3312 1646 eo
3333 1595 3652 1649 ascenderant
3683 1615 3711 1650 a
3732 1600 3809 1653 Ga-

2295 1683 2430 1738 lilwa
2454 1685 2506 1738 in
2529 1683 2835 1739 Jerusalem.
2862 1685 2995 1740 Vide
3016 1687 3156 1741 hunc
3178 1685 3246 1740 ab
3273 1687 3388 1754 ipso
3411 1686 3607 1756 Spiritu
3631 1700 3808 1752 molunt,

2297 1788 2348 1830 et
2383 1778 2678 1846 passionem
2724 1788 2782 1833 et
2809 1779 3111 1847 sepulcrum
3151 1794 3293 1848 saepe
3343 1791 3728 1837 memorantem.
3761 1782 3813 1838 Et

2295 1882 2385 1920 nos
2421 1868 2557 1921 vobis
2596 1870 2989 1933 annuntiamus,
3033 1870 3236 1939 inqttit,
3283 1885 3393 1922 eam
3433 1886 3545 1940 qua:
3583 1872 3646 1924 ad
3686 1885 3815 1941 patres

2295 1969 2490 2012 nostros
2528 1960 2848 2026 repromissio
2893 1964 3029 2030 facta
3054 1969 3168 2024 est;
3209 1960 3262 2014 id
3289 1969 3404 2023 est,
3455 1962 3814 2028 promissionem

2295 2060 2471 2119 patres
2501 2061 2839 2119 acceperunt,
2869 2067 2963 2106 vos
2987 2067 3098 2107 rem
3127 2053 3316 2120 ipsam.
3351 2053 3555 2110 Deinde
3581 2067 3816 2127 postquam

2298 2151 2483 2195 testem
2511 2142 2801 2197 adduxerat
2829 2143 3086 2199 Joannem
3109 2186 3124 2207 ,
3151 2160 3272 2198 cum
3299 2145 3533 2212 diceret,
3564 2145 3638 2201 De
3669 2151 3819 2204 semine

2296 2231 2389 2285 hoc
2403 2235 2676 2287 secundum
2695 2236 3070 2303 promissionem
3088 2236 3297 2290 adducit
3316 2235 3344 2289 1
3350 2238 3505 2291 sraeli
3526 2239 3818 2306 Salvatorem,

2295 2327 2598 2394 praedicante
2613 2327 2812 2381 Joanne
2836 2339 2953 2383 ante
2976 2330 3155 2401 faciem
3176 2331 3420 2385 adventus
3436 2335 3546 2402 ejus
3565 2335 3820 2404 baptismum

2295 2419 2594 2486 poenitentia:
2619 2418 2785 2473 Israel
2805 2437 2825 2485 ;
2850 2435 3030 2475 rursus
3053 2420 3252 2477 inducit
3279 2422 3431 2476 illum
3463 2424 3650 2478 iterum
3677 2426 3823 2480 dicen-

2295 2518 2398 2564 tem
2431 2528 2444 2564 :
2478 2509 2637 2575 Quem
2657 2527 2733 2564 me
2760 2513 3070 2566 arbitramini
3095 2529 3220 2576 esse,
3251 2529 3351 2567 non
3377 2531 3491 2568 sum
3521 2531 3628 2586 ego.
3660 2516 3822 2570 Deinde

2294 2600 2561 2668 apostolos
2587 2617 2796 2672 quoque
2844 2602 3046 2657 inducit
3072 2606 3480 2660 resurrectionis
3530 2615 3686 2661 testes
3707 2648 3721 2672 ,
3761 2608 3823 2661 di-

2294 2707 2420 2746 cens
2453 2710 2464 2745 :
2492 2693 2591 2756 Qui
2614 2703 2727 2746 sunt
2753 2704 2896 2748 testes
2925 2695 3063 2748 illius
3092 2696 3160 2748 ad
3192 2697 3384 2765 plebem
3411 2737 3429 2760 ,
3469 2698 3657 2753 deinde
3698 2699 3821 2752 Davi-

2294 2783 2412 2838 dem
2451 2783 2677 2854 idipsum
2719 2785 3085 2841 testilicantem
3114 2827 3130 2852 ,
3178 2802 3296 2842 cum
3349 2787 3519 2842 dicit:
3553 2788 3668 2842 Non
3716 2791 3826 2843 dabit

2296 2877 2538 2930 Sanctum
2567 2887 2705 2931 tuum
2743 2879 2908 2933 videre
2943 2880 3329 2948 corruptionem.
3356 2879 3547 2950 Neque
3583 2883 3713 2936 enim
3752 2898 3824 2936 ve-

2297 2978 2405 3023 tera
2434 2986 2531 3038 per
2550 2971 2724 3042 seipsa
2749 2981 2853 3026 tam
2873 2971 3026 3026 ﬁrma
3048 2988 3165 3028 esse
3189 2972 3531 3040 videbantur,
3555 2990 3718 3044 neque
3739 2975 3827 3030 hac

2293 3062 2409 3115 sine
2437 3062 2539 3123 illis
2569 3079 2582 3115 :
2613 3079 2708 3132 per
2739 3073 2963 3134 utraque
2987 3074 3132 3120 certe
3156 3079 3462 3122 sermonem
3496 3068 3687 3122 ﬁrmat.
3722 3068 3824 3134 Qui:

2293 3157 2432 3208 enim
2477 3166 2618 3211 metu
2660 3157 2994 3222 tenebantur,
3045 3158 3183 3229 quod
3229 3159 3376 3213 illum
3423 3161 3828 3225 occidissent,et

2293 3249 2614 3304 conscientia
2640 3250 2910 3306 alienabat
2937 3251 3077 3315 illos,
3103 3267 3212 3306 non
3237 3254 3388 3321 quasi
3419 3253 3487 3307 ad
3521 3254 3826 3309 Christicidas

2294 3339 2596 3410 loquuntur,
2630 3357 2732 3396 nec
2769 3343 2919 3412 quasi
2957 3343 3185 3398 alienum
3218 3385 3234 3410 ,
3265 3345 3356 3398 sed
3390 3347 3550 3415 quasi
3598 3345 3826 3415 proprium

2293 3431 2422 3500 ipsis
2459 3432 2654 3487 bonum
2696 3434 2981 3489 traderent.
3018 3435 3420 3502 Optatissimum
3466 3437 3573 3490 illis
3613 3445 3719 3490 erat
3757 3451 3830 3488 nu-

2294 3539 2414 3576 men
2455 3524 2666 3578 Davidis
2701 3541 2712 3576 :
2749 3525 2866 3579 ideo
2895 3525 3044 3595 ponit
3080 3526 3230 3586 illud,
3262 3537 3319 3580 ut
3347 3526 3438 3582 vel
3469 3527 3552 3581 sic
3587 3527 3756 3580 saltem
3779 3524 3828 3577 il-

2293 3612 2400 3666 lum
2447 3615 2774 3682 suscipiant;
2838 3630 2900 3669 ac
2936 3616 2982 3670 si
3025 3614 3256 3682 diceret,
3301 3617 3474 3670 ﬁlium
3533 3618 3646 3687 ejus
3687 3631 3828 3684 regem

2293 3704 2420 3772 ipsis
2450 3705 2681 3759 futurum
2711 3721 2831 3760 esse
2861 3724 2873 3759 :
2919 3707 3076 3777 igitur
3101 3709 3216 3775 ejus
3247 3707 3461 3762 frenum
3495 3724 3563 3762 ne
3589 3706 3825 3776 abjiciatis.

2291 3796 2425 3860 Quid
2457 3798 2554 3851 sibi
2583 3799 2694 3852 vult
2740 3799 2864 3860 illud
2899 3817 2912 3853 :
2957 3799 3096 3854 Dabo
3136 3800 3271 3855 vobis
3312 3812 3498 3856 sancta
3527 3802 3692 3856 David
3731 3801 3828 3867 ﬁde-

2294 3889 2405 3941 lia?
2439 3889 2650 3953 Firma,
2708 3891 2907 3957 inquit,
2957 3907 3076 3961 qua:
3119 3907 3413 3962 numquam
3464 3895 3696 3962 peritura
3733 3893 3822 3945 sint.

2290 3981 2472 4051 Neque
2519 3981 2570 4035 in
2625 3983 2705 4036 his
2756 3992 3011 4048 moratur,
3062 3993 3244 4052 utpote
3293 4000 3419 4040 cum
3471 3986 3556 4039 his
3598 3986 3702 4055 jam
3741 3997 3825 4036 cre-

2291 4075 2446 4140 dant;
2503 4074 2598 4128 sed
2649 4075 2880 4128 minatur
2925 4075 3239 4142 supplicium
3266 4117 3284 4139 ,
3333 4085 3390 4129 et
3437 4077 3636 4130 transit
3668 4075 3727 4128 ad
3760 4072 3815 4132 id.

2291 4169 2431 4237 quod
2473 4168 2551 4221 eis
2585 4169 2816 4236 optabile
2859 4177 2973 4221 erat
2997 4209 3011 4232 ,
3053 4182 3171 4221 cum
3200 4168 3541 4222 ostendisset
3569 4169 3818 4237 abrogatam

2291 4274 2410 4314 esse
2428 4260 2596 4328 legem
2619 4275 2633 4321 ;
2664 4259 2893 4328 atquein
2919 4274 2982 4312 eo
3004 4259 3142 4328 quod
3164 4259 3292 4313 utile
3310 4269 3433 4312 erat
3453 4269 3709 4321 moratur,
3725 4254 3822 4326 quoi

2291 4366 2483 4417 nempe
2529 4365 2714 4419 magna
2765 4349 3215 4417 trangressoribus
3257 4351 3401 4403 mala
3450 4349 3633 4405 futura
3669 4355 3824 4403 eSsenl.

2293 4442 2490 4496 Deinde
2512 4442 2699 4495 iterum
2727 4441 2977 4494 Davidem
3005 4456 3124 4494 cum
3145 4440 3300 4494 laude
3330 4452 3612 4495 memorat
3641 4457 3654 4494 :
3683 4436 3824 4492 David.

2292 4535 2479 4603 inquit,
2504 4535 2553 4586 in
2581 4550 2674 4586 sua
2703 4533 3019 4602 generatione
3045 4549 3160 4585 cum
3199 4533 3611 4586 administrasset
3637 4525 3829 4586 voluntati

2288 4625 2404 4690 Dei,
2429 4626 2686 4693 appositus
2702 4634 2772 4678 est
2797 4623 2863 4676 ad
2887 4633 3054 4692 patres
3078 4640 3216 4676 suos.
3237 4623 3390 4678 Sicut
3413 4633 3470 4679 et
3494 4625 3680 4678 Petrus
3698 4623 3827 4690 ip5nm

2290 4731 2592 4772 memorans
2625 4716 2874 4769 dicebat:
2909 4715 3079 4768 Liceat
3100 4715 3262 4768 dicere
3303 4732 3427 4769 cum
3475 4716 3665 4784 ﬁducia
3683 4713 3742 4767 de
3765 4727 3832 4779 po-

2291 4810 2510 4863 triarcha
2538 4808 2700 4862 David
2734 4809 2866 4880 (Act.
2891 4808 2947 4862 2.
2978 4808 3090 4877 29).
3129 4808 3238 4864 Nec
3265 4809 3402 4864 dicit
3425 4821 3696 4865 mortuum
3715 4820 3829 4868 esse,

2291 4902 2385 4956 sed
2405 4944 2418 4966 ,
2447 4901 2719 4972 Appositus
2739 4910 2815 4954 est
2839 4901 2908 4954 ad
2935 4911 3106 4969 patres
3135 4917 3248 4955 suos
3271 4941 3285 4966 ,
3313 4901 3370 4955 id
3403 4901 3556 4969 quod
3583 4901 3716 4955 dictu
3739 4912 3831 4952 sua-

2290 4996 2406 5048 vius
2435 5003 2566 5048 erat.
2598 4993 2664 5046 Et
2693 4992 2809 5046 vide
2837 4992 3104 5061 quomodo
3137 5008 3403 5062 nusquam
3452 4994 3596 5048 bona
3639 4993 3832 5062 ipsorum

2291 5103 2451 5157 Opera
2495 5095 2692 5156 ponat,
2733 5084 2830 5140 sed
2859 5101 2978 5154 qua:
3009 5084 3462 5152 reprehensibilia
3505 5095 3702 5139 erant:
3741 5095 3834 5136 nam

2291 5179 2430 5249 quod
2457 5179 2733 5248 petiissent
2761 5185 2815 5230 et
2844 5177 3213 5245 accepissent,
3249 5193 3450 5245 magna
3480 5178 3687 5230 illorum
3709 5187 3836 5227 aecu-

2292 5271 2426 5325 satio
2447 5280 2578 5324 erat.
2606 5269 2739 5322 llinc
2764 5267 3019 5322 beneﬁcia
3041 5267 3135 5321 Dei
3160 5277 3450 5324 recenset:
3485 5268 3665 5340 Elegit,
3685 5263 3834 5334 inquit,

2293 5361 2584 5426 Excitavit,
2617 5359 2894 5412 Educavit.
2923 5357 3047 5411 Haec
3074 5373 3202 5413 vero
3228 5374 3330 5410 non
3381 5375 3577 5413 eorum
3598 5400 3614 5423 ,
3647 5356 3731 5411 sed
3768 5351 3838 5406 Dei

2357 5476 2426 5538 (a)
2453 5473 2510 5522 1n
2529 5481 2693 5538 t;ra=_co
2713 5471 2912 5538 legitur,
2931 5484 3108 5534 ινιτνιον,
3127 5484 3464 5538 quam_voeem
3485 5469 3839 5538 interprespt'iftf

2357 5485 2426 5538 (a)
2455 5485 2510 5522 tn
2529 5485 2693 5521 marco
2714 5485 2912 5533 tegitur,
2931 5485 3267 5582 tvtmw,$am
3281 5485 3464 5522 vocem
3485 5485 3726 5535 interpres
3739 5485 3839 5536 prior

2291 5539 2482 5588 Latinus
2515 5535 2691 5592 vertit,
2725 5532 3058 5592 obtinuerunt;
3079 5547 3105 5582 s
3192 5532 3334 5596 male.
3365 5542 3487 5584 Nam
3512 5549 3674 5596 ινιπιον
3695 5533 3763 5579 hic
3792 5544 3842 5575 si-

2295 5596 2779 5668 gniticauconquest‘i
2812 5603 2945 5668 sunt,
2962 5602 3129 5645 contra
3167 5596 3494 5668 eritntoquuti
3517 5601 3660 5653 sunt,
3680 5603 3840 5668 accusat:

2293 5654 2425 5710 Funt.
2447 5659 2591 5718 Cujus
2612 5654 2976 5720 signiﬁcationis
2999 5654 3226 5720 exempla
3247 5654 3516 5708 attulimus
3536 5669 3634 5706 non
3653 5665 3785 5720 pauca
3806 5663 3841 5696 tu

2294 5717 2598 5770 Onomastico
2621 5717 2680 5768 ad
2701 5719 2847 5768 ﬁnem
2871 5717 3106 5768 Editionis
3138 5717 3489 5770 Athanasium
3525 5733 3556 5768 a
3580 5717 3714 5768 nobis
3727 5717 3843 5764 ador-

2295 5792 2409 5846 nato
2439 5784 2487 5831 in
2512 5794 2886 5845 voce-tmen,
2908 5787 2966 5846 et
2981 5781 3031 5828 in
3051 5780 3272 5846 sequenti
3313 5793 3488 5846 μηδ..
3511 5785 3590 5831 ac
3625 5787 3775 5831 autem
3794 5786 3842 5821 tu

2301 5844 2499 5898 tellecta
2523 5856 2643 5895 voce
2667 5843 2825 5906 ινιτιάον
2841 5844 3001 5892 omnia
3017 5843 3337 5908 quam-abeat.
