4100 6354
456 290 562 345 217

519 404 589 472 γ’.
614 400 766 469 Εἶδες
788 406 906 470 πῶς
933 404 1232 468 σπουδαίως
1253 405 1449 470 ἔδειξεν
1481 408 1792 478 οἰκονομίας
1812 410 1872 462 τὸ
1891 410 2123 477 πρᾶγμα

447 491 543 557 ὃν;
592 491 732 545 Ἀλλ’
760 492 1083 564 ἀκούσωμεν
1103 494 1156 546 τί
1182 494 1276 546 καὶ
1308 493 1556 561 λέγοντες
1588 497 1636 547 οί
1663 496 1948 549 ἀπόστολοι
1975 496 2122 548 ἐπει-

452 595 575 641 σαν,
607 580 688 632 ὃτι
734 580 1075 651 ἐσταυρώθη.
1111 582 1174 633 Τί
1199 580 1389 634 τούτου
1425 581 1851 653 ἀπιθανώτερον,
1881 583 1963 637 ὅτι
1991 582 2117 635 ἐτά-

453 682 529 734 φη
555 668 685 736 παρ’
723 666 925 730 αὐτῶν,
959 661 1039 729 οἷς
1066 666 1430 737 ἐπηγγέλλετο
1463 667 1737 740 σωτηρίαν
1772 667 2009 730 ἔσεσθαι,
2037 668 2118 720 ὅτι

454 755 481 805 6
509 754 701 820 ταφεὶς
730 752 952 822 ἀφίησιν
981 753 1368 824 ἁμαρτήματα,
1412 754 1506 807 καὶ
1530 754 1624 807 τοῦ
1669 755 1832 825 νόμου
1885 754 2118 824 μᾶλλονς

455 838 549 891 Διὸ
586 840 680 892 καὶ
701 838 801 893 οὐκ
832 835 1007 900 εἶπεν,
1041 834 1140 893 Ὧν
1181 839 1281 893 οὐκ
1320 839 1681 911 ἡϐουλήθητε·
1728 842 1843 894 ἀλλ’
1875 836 1985 895 Ὧν
2009 843 2120 895 οὐκ

455 923 798 993 ἠδυνήθητε
838 924 1009 989 ἐντῷ
1055 926 1217 995 νόμῳ
1262 925 1561 992 Μωῦσέως
1612 925 2013 995 δικαιωθῆναι,
2053 926 2123 981 ἐν

457 1012 645 1078 τούτῳ
672 1010 790 1076 πᾶς
813 1014 847 1066 ό
875 1013 1178 1066 πιστεύων
1195 1012 1546 1079 δικαιοῦται,
1575 1012 1636 1067 τὸ
1655 1013 1881 1077 ἀσθενὲς
1908 1014 2002 1067 τοῦ
2032 1013 2121 1066 νό-

462 1113 565 1166 μου
592 1096 824 1161 δεικνύς.
873 1098 1069 1161 Καλῶς
1111 1098 1167 1151 δὲ
1219 1098 1525 1170 προσέθηκε
1555 1100 1651 1152 καὶ
1702 1100 1784 1162 τὸ,
1836 1098 1985 1165 Πᾶς,
2037 1100 2124 1152 ἵνα

457 1182 607 1258 δείξῃ
645 1184 726 1236 ὅτι
757 1184 908 1248 ὅστις
955 1181 1092 1258 ἂνῇ
1139 1187 1169 1239 6
1218 1184 1510 1240 πιστεύων.
1552 1186 1719 1240 Οὐδὲν
1770 1186 1879 1258 γάρ
1933 1186 2124 1255 ὄφελος

457 1271 708 1334 ἐκείνων,
733 1272 830 1326 ἐὰν
855 1274 933 1344 μή
952 1291 1035 1337 τις
1073 1274 1361 1343 εὐεργεσία
1472 1274 1570 1327 Διά
1592 1274 1751 1328 τοῦτο
1789 1275 2013 1345 ὕστερον
2040 1277 2124 1328 τί-

459 1358 586 1430 θησι
612 1358 711 1430 τὴν
741 1360 957 1428 ἄφεσιν,
988 1359 1238 1414 ἐντεῦθεν
1259 1360 1321 1414 τὸ
1368 1360 1549 1431 μεῖζον
1578 1363 1849 1431 συνάγων,
1896 1363 1990 1416 καὶ
2017 1362 2127 1415 δει-

458 1447 591 1511 κνὺς
622 1447 728 1511 ὃτι,
766 1446 796 1500 6
820 1446 1097 1511 ἀδυνάτως
1126 1442 1273 1517 εἶχεν
1321 1449 1349 1501 6
1377 1448 1538 1519 νόμος
1562 1447 1712 1521 [2Ξ9]
1745 1451 1936 1516 ποιεῖν,
1966 1449 2125 1503 τοῦτο

459 1534 836 1606 ἐργασάμενος
863 1535 950 1588 διά
974 1534 1066 1589 τοῦ
1097 1534 1326 1590 θανάτου
1375 1539 1403 1591 6
1436 1537 1624 1591 παθὼν
1657 1539 1931 1607 φαίνεται.
1964 1541 2125 1593 Ὥστε

461 1623 644 1686 καλῶς
665 1622 841 1692 ἔλεγεο
867 1622 1095 1691 Οἵτινές
1118 1626 1240 1678 εισι
1275 1624 1575 1694 μάρτυρες
1612 1626 1800 1680 αὐτοῦ
1844 1626 1996 1695 πρὸς
2024 1630 2130 1682 τὸν

460 1711 634 1777 λαὸν,
672 1712 762 1765 τὸν
812 1711 1070 1767 ἀνελόντα
1122 1713 1307 1782 φησὶν,
1340 1714 1442 1766 οὐκ
1493 1714 1558 1767 ἂν
1587 1714 1762 1780 ὄντες,
1817 1716 1866 1768 εί
1902 1718 1977 1787 μὴ
2008 1715 2129 1788 θείᾳ

461 1799 688 1870 δυνάμει
718 1798 1081 1853 ἐϐεϐαιοῦντο·
1118 1801 1219 1854 οὐκ
1249 1800 1316 1854 ἂν
1351 1803 1461 1872 γὰρ
1501 1801 1640 1872 πρὸς
1670 1801 1989 1873 ἀνθρώπους
2035 1821 2130 1873 φο-

464 1884 671 1947 νῶντας
703 1883 926 1939 τοιαῦτα
950 1884 1360 1957 ἐμαρτύρησαν,
1382 1898 1383 1901 ‘
1406 1886 1505 1940 οὐκ
1531 1887 1597 1941 ἀν
1624 1887 1761 1959 πρὸς
1789 1889 1985 1953 αὐτοὺς
2005 1891 2131 1954 τοὺς

465 1970 771 2034 ἀνελόντας.
798 1971 871 2024 Τὸ
888 1973 966 2035 δὲ,
1010 1972 1157 2042 Ἐγὼ
1181 1972 1449 2043 σήμερον
1477 1975 1808 2045 γεγέννηκά
1829 1992 1921 2039 σε,
1953 1973 2127 2043 εἶπεν,

465 2059 541 2122 ὡς
574 2058 747 2129 τούτῳ
779 2058 963 2113 λοιπὸν
1008 2060 1169 2125 εἰδὼς
1201 2062 1286 2114 ὅτι
1317 2063 1413 2116 καὶ
1454 2063 1525 2116 τὰ
1583 2062 1719 2118 ἄλλα
1759 2064 1971 2118 ἐπεται.
2024 2067 2133 2120 Kal

465 2148 554 2201 διά
586 2148 637 2201 τί
663 2148 738 2218 μὴ
762 2149 1002 2218 ἐπήγαγε
1027 2150 1350 2222 μαρτυρίαν,
1387 2151 1452 2204 δι’
1474 2147 1543 2223 ἦς
1570 2151 1795 2223 ἔμελλον
1828 2153 2130 2221 πείθεσθαι,

466 2234 548 2287 ὅτι
574 2235 765 2303 ἄφεσις
817 2236 1099 2306 ἁμαρτιῶν
1129 2237 1195 2290 δι’
1226 2239 1391 2291 αὑτοῦ
1417 2239 1665 2307 γίνεται;
1694 2241 1819 2294 Ὅτι
1843 2240 1904 2294 τὸ
1956 2259 2135 2295 σπου-

465 2321 762 2390 δαζόμενον
797 2323 955 2376 τοῦτο
981 2320 1071 2395 ἦν,
1098 2324 1267 2389 δεῖξαι
1292 2327 1450 2389 τέως.
1486 2329 1569 2380 ὅτι
1613 2328 1834 2400 ἀνέστη’
1867 2327 2055 2383 τούτου
2076 2329 2134 2383 δὲ

467 2407 911 2479 ώμολογημένου,
947 2411 1123 2464 ἐκεῖνο
1159 2412 1645 2484 ἀναμφισϐήτητον
1671 2409 1739 2485 ἦν
1789 2414 1878 2468 διὰ
1918 2415 2132 2482 τούτου,

466 2493 529 2546 τὺ
552 2495 645 2547 καὶ
662 2497 744 2547 ὅτι
767 2495 858 2548 ὑπ’
881 2496 1045 2549 αὐτοῦ
1085 2505 1110 2532 ⁸
1135 2499 1328 2567 ἄφεσις
1357 2499 1644 2570 ἁμαρτιῶν
1665 2500 1893 2568 γίνεται.
1927 2501 2135 2566 Ἀλλως

467 2581 525 2633 δὲ
557 2581 806 2634 ἐϐούλετο
834 2584 913 2646 είς
934 2583 1099 2637 πόθον
1129 2584 1328 2647 αὐτοὺς
1356 2587 1586 2654 ἀγαγεῖν
1633 2586 1727 2640 τοῦ
1756 2588 1992 2658 μεγάλου
2017 2588 2137 2641 τού-

466 2684 586 2723 του.
617 2669 732 2721 Οὐκ
760 2669 870 2738 ἄρα
911 2670 1296 2740 ἐγκατάλειψις
1324 2668 1392 2742 ἦν
1431 2674 1460 2726 6
1500 2673 1729 2737 θάνατος
1782 2676 1971 2740 αὑτοῦ,
2002 2676 2139 2729 ἀλλά

472 2755 809 2826 προφητείας
867 2756 1163 2826 πλήρωσις.
1236 2759 1668 2831 Ἀναμιμνήσκει
1720 2763 2011 2835 ἱστοριῶν,
2072 2763 2139 2828 ἃς

473 2843 841 2912 ἀγνοήσαντες
877 2844 1044 2914 μυρία
1075 2844 1277 2898 ἔπαθον
1306 2846 1472 2901 δεινά.
1500 2848 1610 2901 Kal
1635 2847 1791 2902 τοῦτο
1843 2849 2138 2904 αἰνίττεται

472 2928 561 2982 διὰ
588 2929 680 2982 τοῦ
731 2930 915 2994 τέλους
960 2931 1154 2999 λέγων·
1205 2933 1393 2987 Ἴδετε
1439 2936 1493 2988 οἰ
1527 2937 1992 3006 καταφρονηταί,
2040 2938 2138 2993 καί

473 3016 853 3085 ἐπιϐλέψατε.
886 3020 994 3071 Kal
1021 3020 1119 3089 ὅρα
1146 3020 1264 3083 πῶς
1292 3022 1421 3075 αὐτὸ
1471 3026 1642 3093 τραχὺ
1672 3025 1731 3078 ὃν
1754 3027 2137 3096 ὑποτέμνεται.

474 3107 531 3157 Μ
540 3104 572 3171 ὴ
603 3104 865 3167 ἐπέλθοι,
904 3106 1089 3176 φησὶν.
1124 3109 1217 3176 ἐφ’
1249 3109 1407 3178 ὑμᾶς
1455 3112 1521 3165 τὸ
1566 3114 1717 3180 πρὸς
1746 3114 1889 3181 τοὺς
1911 3116 2140 3183 ἄλλους

475 3191 809 3260 εΙρημένον,
833 3192 919 3246 ὅτι
940 3195 1117 3264 ἔργον
1136 3196 1249 3264 ἐγὼ
1272 3197 1599 3269 ἐργάζομαι.
1636 3201 1668 3255 ὃ
1693 3204 1764 3257 οὐ
1786 3203 1871 3271 μὴ
1894 3206 2139 3258 πιστεύ-

478 3294 647 3347 σητε,
689 3280 799 3333 ἐὰν
838 3299 929 3347 τις
958 3282 1305 3352 ἐκδιηγῆται
1336 3286 1497 3355 ὑμῖν.
1546 3289 1639 3361 Μὴ
1675 3288 2006 3360 θαυμάζετε,
2058 3292 2141 3345 ὅτι

479 3368 707 3421 ἄπιστον
727 3368 876 3421 δοκεῖ
908 3364 1066 3422 εἶναι’
1103 3373 1198 3424 καὶ
1216 3372 1347 3425 αὐτὸ
1374 3375 1697 3444 προείρηται
1720 3377 1946 3432 ἀνωθεν.
1972 3378 2143 3434 Τοῦτο

482 3457 577 3511 καὶ
606 3457 742 3526 πρὸς
770 3459 916 3527 ἡμᾶς
945 3459 1168 3523 εἰκότως
1206 3461 1273 3513 ἂν
1315 3460 1555 3534 λεχθείη,
1598 3465 1831 3520 Βλέπετε
1882 3469 1931 3520 οἱ
1976 3485 2143 3523 κατα-

482 3544 770 3615 φρονηταὶ,
803 3545 1066 3615 περὶτῶν
1090 3549 1155 3618 τῇ
1202 3548 1497 3602 ἀναστάσει
1538 3552 1981 3609 διαπιστούντων.
2035 3557 2143 3610 Καὶ

482 3630 590 3701 γάρ
626 3630 830 3700 σφόδρα
852 3632 1037 3693 κακῶς
1056 3632 1125 3684 τὰ
1151 3636 1250 3704 τῆς
1299 3636 1624 3709 Ἐκκλησίας
1650 3639 1938 3708 διάκειται,
1966 3645 2146 3697 καίτοι

483 3735 549 3786 γε
579 3717 825 3786 νομίζετε
847 3719 902 3770 ἐν
923 3720 1114 3793 εἰρήνῃ
1143 3717 1281 3774 εἶναι
1302 3722 1370 3776 τά
1393 3724 1713 3795 πράγματα.
1744 3727 1817 3780 Τὸ
1844 3728 1953 3800 γὰρ
1974 3730 2145 3784 δεινὸν

486 3804 643 3859 τοῦτό
662 3808 831 3868 ἐστιν,
852 3808 931 3860 ὅτι
954 3809 1011 3860 ἐν
1034 3807 1247 3874 πολλοῖς
1295 3809 1447 3874 ὄντες
1472 3814 1682 3876 κακοῖς,
1726 3816 1833 3868 οὐδ’
1861 3816 1943 3870 ὅτι
1980 3818 2146 3888 ἐσμὲν

490 3896 548 3948 ἐν
570 3897 759 3958 κακοῖς
790 3896 968 3966 ίσμεν.

559 3983 625 4035 Τί
656 3982 834 4051 λέγεις
864 4000 878 4048 ;
905 3984 1004 4045 τὰς
1040 3983 1365 4054 Ἐκκλησίας
1407 3984 1727 4056 κατέχομεν,
1755 3986 1824 4040 τὰ
1868 3989 2144 4058 κτήματα,

488 4069 557 4121 τά
582 4068 718 4122 ἄλλα
765 4068 965 4130 πάντα,
1001 4070 1056 4121 αἰ
1117 4069 1367 4134 συνάξεις
1408 4071 1667 4139 γίνονται,
1741 4072 1860 4125 καθ’
1911 4075 2148 4144 ἑκάστην

488 4155 701 4226 ἡμέραν
739 4155 1021 4225 πρόσεισιν
1055 4160 1081 4209 6
1119 4156 1246 4221 λαός
1276 4173 1288 4186 ·
1325 4158 1419 4211 καὶ
1457 4160 1936 4231 καταφρονοῦμεν;
2010 4163 2147 4216 Ἀλλ’

486 4244 589 4295 οὐκ
633 4242 741 4295 ἀπὸ
772 4243 961 4295 τούτου
1006 4244 1329 4314 Ἐκκλησίαν
1368 4246 1432 4298 ἄν
1467 4263 1551 4306 τις
1590 4248 1953 4316 δοκιμάσειεν.
1991 4250 2151 4305 Ἀλλά

489 4328 673 4392 πόθεν,
710 4330 902 4398 φησίν;
932 4331 994 4382 Εἰ
1022 4330 1278 4384 εὐλάϐειά
1308 4333 1473 4395 ἐστιν,
1510 4334 1558 4385 εί
1595 4334 1967 4404 κερδαίνοντες
2014 4338 2147 4391 ἀνα-

487 4414 777 4486 χωροῦμεν
792 4417 972 4469 οἴκαδε
1004 4418 1123 4471 καθ’
1154 4419 1387 4490 ἑκάστην
1414 4419 1647 4490 ἡμέραν,
1686 4422 1735 4474 εί
1784 4423 2152 4493 καρπούμενοι

492 4502 637 4570 μέγα
660 4502 765 4572 τιῆ
794 4503 1010 4575 μικρὸν,
1036 4506 1085 4558 εί
1120 4505 1195 4576 μὴ
1238 4506 1401 4576 νόμον
1454 4507 1639 4571 ἁπλῶς
1676 4507 2007 4578 πληροῦντες
2054 4513 2151 4564 καὶ

491 4588 896 4662 ἀφοσιούμενοι.
921 4590 1017 4655 Τίς
1046 4591 1269 4661 βελτίων
1294 4592 1514 4661 γέγονεν
1551 4593 1831 4665 ὁλοκλήρῳ
1865 4597 1997 4667 μηνὶ
2023 4598 2152 4651 συλ-

491 4676 816 4745 λεγόμενοςε
853 4679 1021 4732 Τοῦτό
1051 4680 1167 4732 ἐστι
1218 4678 1278 4731 τὸ
1319 4678 1649 4751 ζητούμενον
1676 4698 1688 4710 ·
1720 4682 1843 4734 ἐπεὶ
1880 4684 1971 4736 καὶ
2022 4683 2154 4737 αὐτὸ

490 4758 669 4824 τοῦτο,
694 4760 722 4813 6
751 4760 900 4814 δοκεῖ
921 4761 1225 4834 εὐπραγίας
1256 4760 1415 4830 εἶναι,
1439 4765 1597 4819 τοῦτο
1630 4766 1940 4840 δυσπραγία
1981 4770 2149 4835 ἐστὶν,

490 4849 618 4901 ὅταν
641 4846 844 4901 τούτων
877 4849 1176 4919 γινομένων
1213 4851 1380 4923 μηδὲν
1416 4851 1577 4906 πλέον
1605 4854 1837 4923 γίνηται.
1882 4855 2006 4909 Εἴθε
2056 4856 2155 4924 μὲν

489 4931 583 4989 οὖν
607 4934 773 5005 μηδὲν
801 4935 964 4989 πλέον
990 4954 1003 4967 ·
1033 4935 1128 4991 νῦν
1151 4936 1207 4991 δὲ
1237 4939 1329 4992 καὶ
1356 4939 1448 4991 ἐπὶ
1478 4939 1539 4992 τὺ
1566 4944 1769 5012 χεῖρον.
1798 4942 1864 4995 Τί
1909 4944 2154 5015 καρποῦ-

493 5021 586 5073 σθε
613 5021 721 5073 ἀπὸ
754 5021 862 5074 τῶν
909 5022 1223 5088 συνάξεωνς
1266 5026 1459 5078 Καίτοι
1490 5025 1545 5078 εί
1587 5026 1653 5095 γέ
1691 5045 1745 5081 τι
1787 5028 1977 5099 ὄφελος
2026 5030 2155 5101 ὑμῖν

490 5107 722 5175 ἐγίνετο,
749 5108 1143 5175 πάλαιπάντας
1173 5111 1281 5165 ἔδει
1313 5114 1404 5165 τὸν
1418 5113 1517 5183 τῆς
1550 5114 1866 5185 φιλοσοφίας
1891 5116 2003 5187 βίον
2031 5116 2154 5189 ζῇν,

490 5193 760 5247 τοσούτων
789 5195 886 5265 μὲν
926 5198 1219 5269 προφητῶν
1261 5198 1512 5271 δεύτερον
1546 5192 1647 5273 τῆς
1687 5203 1980 5275 ἑϐδομάδος
2028 5207 2157 5277 ὑμῖν

490 5278 909 5351 διαλεγομένων,
928 5284 1198 5340 τοσούτων
1238 5287 1297 5340 δέ
1347 5288 1683 5353 ἀποστόλων,
1731 5292 2154 5362 εὐαγγελιστῶν,

495 5366 712 5420 πάντων
739 5367 809 5422 τά
833 5372 1075 5443 σωτήρια
1099 5372 1345 5443 δόγματα
1376 5376 1759 5443 προτιθέντων,
1800 5381 1892 5433 καὶ
1936 5380 2007 5433 τὰ
2063 5382 2157 5435 δυ-

491 5454 699 5525 νάμενα
711 5451 842 5527 ἦθος
870 5458 1131 5530 ῥυθμίσαι
1154 5460 1291 5530 μετά
1312 5460 1515 5532 πολλῆς
1544 5463 1829 5535 ἀκριϐείας
1850 5485 1925 5520 πα
1934 5468 2159 5538 ριστών-

490 5558 600 5630 των
637 5544 764 5614 ὑμῖν
786 5545 836 5602 δ.
876 5546 934 5599 '0
956 5547 1294 5618 στρατιώτης
1322 5549 1414 5601 ἐπὶ
1434 5549 1495 5603 τὸ
1513 5553 1813 5623 γυμνάσιον
1850 5554 1964 5620 ἰὼν,
2003 5557 2160 5630 ἀκρι-

497 5628 755 5704 ϐέστερος
776 5632 987 5703 γίνεται
1023 5633 1153 5706 περὶ
1172 5633 1242 5688 τὰ
1261 5637 1497 5691 τακτικά
1529 5654 1542 5667 ο
1568 5640 1597 5691 6
1644 5640 1883 5712 ἀθλητὴς
1938 5644 2021 5706 είς
2054 5628 2157 5698 πα-

557 5881 599 5950 ξ,
628 5877 723 5930 Alii
873 5882 1079 5949 τούτου-ι
1110 5868 1195 5934 ¹καὶ
1235 5883 1326 5947 μὴν
1357 5883 1438 5933 ὐπ’
1467 5880 1635 5940 αὐτοῦ.
1700 5890 1729 5934 Ιι
1768 5884 1867 5938 Alii
1919 5886 2158 5950 ἀκριϐείας

506 5940 719 5990 τιθέντων
748 5943 877 6007 ἡμῖν.

1274 290 1333 347 S.
1373 290 1660 349 JOANNIS
1696 288 2186 350 CIIRYSOSTOMI
2225 288 2546 346 ARCHIEP.
2578 288 3130 345 CONSTANTINUP.

3772 284 3888 340 218

2223 403 2482 476 λαίστραν
2504 405 2752 475 βαδίζων,
2773 405 3158 476 ἐμπειρότερος
3180 404 3386 472 γίνεται
3415 404 3539 474 περὶ
3559 404 3655 474 τήν
3682 406 3889 478 πάληνο

2221 493 2251 544 6
2282 494 2461 563 ἰατρὸς
2492 494 2629 562 πρὸς
2660 492 2749 545 τὸν
2774 492 3090 545 διδάσκαλον
3138 492 3449 560 ἐρχόμενος,
3493 492 3890 564 ἀκριϐέστερος

2223 581 2452 649 γίνεται,
2471 582 2567 634 καὶ
2601 580 2820 633 πλείονα
2847 575 2975 641 οἶδε,
3004 578 3099 632 καὶ
3128 577 3348 630 πλείονα
3389 579 3648 648 μανθάνει
3672 596 3687 608 ·
3735 582 3801 633 σὺ
3830 581 3893 633 τί

2220 668 2598 738 κεκέρδηκας;
2633 667 2693 720 οὐ
2723 665 2864 735 λέγω
2893 665 3027 735 πρὸς
3052 665 3179 726 τοὺς
3201 665 3443 717 ἐνιαυτὸν
3480 664 3721 735 ἔχοντας,
3748 667 3897 723 ἀλλὰ

2220 754 2356 824 πρὸς
2380 755 2506 816 τοὺς
2530 756 2591 805 ἐκ
2623 752 2844 821 πρώτης
2901 751 3114 822 ἡλικίας
3150 752 3567 821 συναγομένους.
3625 756 3694 806 Ἦ
3726 753 3899 808 τοῦτο

2219 840 2470 911 νομίζετε
2504 840 2789 894 εὐλάϐειαν
2830 836 2988 904 εἶναι,
3020 839 3083 892 τὸ
3116 838 3355 908 συνεχῶς
3397 841 3766 909 παραϐάλλειν
3817 845 3895 913 τῇ

2222 927 2435 992 συνάξει
2455 944 2470 993 ;
2491 928 2660 979 Τοῦτο
2682 926 2833 980 οὐδέν
2856 928 3022 990 ἐστιν,
3061 925 3125 979 ἂν
3164 927 3236 996 μή
3265 943 3315 978 τι
3340 928 3791 997 καρπωσώμεθαο
3821 930 3898 982 ἂν

2225 1017 2296 1084 μή
2328 1032 2380 1067 τι
2415 1013 2757 1083 συνάγωμεν,
2779 1012 2984 1083 βέλτιον
3184 1013 3320 1065 οίκοι
3354 1013 3553 1082 μένειν.
3586 1016 3693 1067 Kal
3707 1017 3897 1085 γάροῖ

2222 1102 2475 1173 πρόγονοι
2516 1102 2614 1164 τάς
2640 1100 2933 1171 ἐκκλησίας
2959 1101 3092 1169 ἡμῖν
3121 1100 3498 1170 ᾠκοδόμησαν,
3535 1100 3631 1171 οὐχ
3677 1103 3765 1154 l’va
3816 1104 3890 1156 ἐκ

2222 1190 2328 1242 τῶν
2357 1189 2499 1241 ίδίων
2521 1189 2682 1241 οίκων
2705 1188 3097 1256 συναγαγόντες
3130 1188 3278 1257 ἡμᾶς
3301 1188 3553 1255 ἀλλήλοις
3574 1188 3895 1243 δεικνύωσι·

2222 1277 2378 1331 τοῦτο
2397 1278 2505 1345 γὰρ
2528 1277 2622 1329 καὶ
2645 1277 2703 1327 ἐν
2732 1276 2907 1346 ἀγορᾷ
2938 1275 3030 1327 καὶ
3058 1277 3116 1327 ἐν
3151 1274 3451 1344 βαλανείοις
3476 1276 3570 1327 καὶ
3607 1277 3665 1327 ἐν
3692 1278 3899 1347 πομπῇ

2222 1365 2432 1434 γένοιτο
2451 1365 2535 1418 ἀν’
2558 1363 2671 1416 ἀλλ’
2700 1363 2788 1416 l'va
2822 1362 3065 1433 μαθητάς
3093 1362 3227 1432 ὁμοῦ
3250 1363 3344 1416 καὶ
3374 1362 3727 1426 διδασκάλους
3751 1381 3902 1417 συν-

2226 1451 2546 1519 αγαγόντες,
2612 1448 2854 1519 βελτίους
2880 1450 3103 1512 τούτους
3135 1449 3203 1502 δι’
3243 1448 3465 1502 ἐκείνων
3524 1450 3900 1519 ἐργάσωνται.

2225 1539 2408 1609 Νόμος
2433 1537 2619 1601 ἁπλῶς
2648 1539 2742 1591 καὶ
2772 1537 3067 1605 ἀφοσίωσις
3092 1537 3283 1604 γέγονε
3336 1537 3405 1589 τὰ
3443 1536 3687 1608 ἡμέτερα
3706 1553 3721 1568 ο
3766 1554 3905 1589 συν-

2226 1624 2383 1697 ήθεια
2406 1625 2717 1696 τὸπρᾶγμα
2752 1624 2936 1677 λοιπόν
2961 1620 3319 1677 ἐστιν.τΗλθε
3350 1624 3410 1677 τὸ
3438 1624 3649 1693 Πάσχα,
3677 1623 3851 1686 πολὺς
3874 1625 3909 1676 6

2228 1712 2474 1784 θόρυϐος,
2500 1712 2665 1782 πολλὴ
2704 1713 2738 1783 ἡ
2761 1712 2969 1782 ταραχή
3001 1729 3015 1743 ο
3039 1712 3100 1763 οὑ
3136 1711 3242 1782 γάρ
3270 1710 3335 1763 ἂν
3365 1712 3573 1781 εἴποιμι
3613 1711 3802 1763 πολλοὶ
3846 1712 3907 1763 οἰ

2227 1799 2501 1869 ἄνθρωποι
2526 1815 2537 1827 ⁸
2568 1797 2723 1851 τοῦτο
2738 1799 2845 1869 γὰρ
2865 1799 2965 1851 οὐκ
2994 1798 3316 1866 ἀνθρώπων.
3350 1800 3613 1868 Ἀπῆλθεν
3638 1801 3670 1869 ἡ
3705 1800 3906 1869 ἑορτὴ,

2228 1885 2257 1937 6
2287 1883 2383 1953 μὲν
2416 1882 2642 1953 θόρυϐος
2673 1883 3058 1953 ὑποτέμνεται,
3085 1883 3283 1954 ἡσυχία
3324 1884 3381 1936 δὲ
3416 1884 3576 1937 πάλιν
3621 1886 3905 1953 ἄκαρπος.

2233 1971 2556 2041 Παννυχίδες
2577 1970 2741 2023 πόσαι
2763 1981 2786 2007 π
2802 1970 3167 2041 καὶύμνῳδίαι
3190 1970 3331 2041 ἰεραί
3356 1988 3369 2035 ;
3400 1971 3508 2024 Kal
3531 1971 3584 2024 τί
3608 1972 3670 2024 τὸ
3698 1971 3866 2024 πλέον
3886 1989 3904 2037 ;

2230 2059 2425 2129 Χεῖρον
2460 2057 2558 2127 μὲν
2587 2052 2679 2111 οὖν
2703 2073 2717 2086 ·
2747 2057 2932 2109 πολλοὶ
2967 2058 3059 2111 καὶ
3082 2058 3169 2112 διὰ
3198 2059 3503 2125 κενοδοξίαν
3536 2059 3695 2113 τοῦτο
3730 2060 3909 2130 ἐργά-

2232 2145 2436 2207 ζονται.
2468 2143 2592 2207 Πῶς
2620 2143 2794 2197 οἴεσθε
2822 2143 3092 2215 κόπτομαι
3114 2144 3183 2197 τά
3210 2144 3513 2216 σπλάγχνα,
3533 2146 3789 2216 καθάπερ
3819 2149 3908 2210 είς

2234 2231 2388 2286 πίθον
2434 2231 2765 2301 τετρημένον
2831 2231 3009 2284 πάντα
3063 2231 3449 2303 προχωροῦντα
3505 2234 3686 2301 ὀρῶν;
3736 2233 3911 2286 Ἀλλά
3954 2232 3963 2241 ’

2232 2321 2448 2382 πάντως
2464 2319 2639 2389 ἐρεῖτέ
2669 2335 2780 2388 μοι,
2808 2319 2897 2372 ὅτε
2918 2320 3015 2382 τὰς
3042 2319 3262 2390 Γραφάς
3288 2320 3463 2389 ἴσμεν.
3495 2322 3603 2374 Kal
3634 2320 3688 2373 τί
3715 2319 3906 2383 τοῦτος

2236 2408 2332 2461 Ἂν
2351 2406 2440 2460 διά
2463 2407 2571 2460 τῶν
2596 2406 2775 2478 ἔργων
2820 2406 2989 2467 αὐτάς
3028 2408 3421 2478 ἐπιδεικνύητε,
3474 2408 3628 2462 τοῦτό
3672 2411 3791 2461 ἐστι
3838 2410 3911 2462 τὸ

2234 2495 2446 2567 κέρδος,
2479 2493 2616 2563 αὕτη
2640 2496 2673 2564 ή
2704 2494 2962 2563 ὠφέλεια.
2995 2495 3225 2564 Βαφεῖον
3248 2498 3282 2565 ἡ
3304 2497 3568 2566 ἐκκλησία
3597 2498 3746 2550 ἐστίν
3776 2512 3789 2526 ·
3834 2497 3911 2550 ἂν

2234 2584 2523 2645 διαπαντὸς
2545 2583 2741 2652 ἀπίητε
2775 2583 3047 2653 μηδεμίαν
3069 2584 3347 2654 δεχόμενοι
3374 2584 3570 2656 βαφὴν,
3599 2586 3651 2637 τί
3682 2585 3743 2637 τὸ
3776 2585 3913 2652 δρε-

2234 2672 2324 2734 λος
2368 2670 2459 2724 τοῦ
2519 2668 2758 2739 συνεχῶς
2822 2670 3053 2724 ἐνταῦθα
3117 2671 3288 2735 ίέναι;
3325 2672 3542 2735 Μείζων
3600 2672 3697 2743 μὲν
3728 2673 3910 2744 γὰρὴ

2238 2757 2429 2829 βλάϐη.
2464 2757 2560 2820 Τίς
2588 2759 2703 2820 τοῖς
2730 2757 2912 2827 νόμοις
2940 2758 3299 2831 προσέθηκεν,
3334 2753 3415 2822 οἷς
3443 2760 3551 2813 ἀπὸ
3586 2760 3694 2813 τῶν
3734 2762 3912 2814 πατέ-

2242 2865 2347 2918 ρων
2376 2846 2593 2910 ἐδέξατο
2625 2861 2640 2909 ;
2673 2841 2797 2898 Οῒόν
2815 2864 2869 2899 τι
2902 2846 3044 2915 λέγω
3074 2862 3088 2874 '
3138 2848 3258 2911 ἐθος
3285 2850 3313 2901 6
3372 2848 3521 2901 δεῖνα
3573 2849 3685 2919 ἔχει
3720 2853 3907 2903 ποιεῖν

2237 2935 2333 3005 τὴν
2357 2934 2659 3005 ἀνάμνησιν
2690 2933 2791 3003 τῆς
2832 2935 3058 3005 μητρὸς,
3087 2935 3121 3004 ἢ
3155 2936 3255 3006 τῆς
3281 2936 3560 3003 γυναικὸς,
3590 2937 3623 3005 ἢ
3651 2936 3747 2989 τοῦ
3773 2954 3911 2991 παι·-

2237 3023 2350 3077 δίου
2387 3021 2578 3076 ’τοῦτο
2609 3024 2751 3075 ποιεῖ
2785 3023 2886 3074 κάν
2909 3038 2970 3073 τε
3002 3022 3196 3092 ἀκούῃ,
3232 3024 3331 3076 κᾶν
3354 3040 3415 3075 τε
3459 3023 3535 3094 μὴ
3560 3024 3731 3095 ἀκούῃ
3774 3026 3913 3095 παρ’

2238 3111 2414 3182 ἡμῶν,
2444 3110 2547 3163 ὑπὸ
2577 3110 2673 3181 τῆς
2706 3108 2992 3182 συνηθείας
3017 3110 3109 3164 καὶ
3138 3110 3230 3164 τοῦ
3268 3112 3566 3176 συνειδότος
3590 3112 3908 3181 ἑλκόμενος.

2238 3200 2337 3253 Διά
2366 3198 2524 3252 τοῦτο
2549 3194 2640 3252 οὖν
2663 3200 3009 3265 ἀγανακτεῖς,
3039 3199 3207 3269 φησί;
3239 3198 3326 3269 Μὴ
3356 3200 3587 3267 γένοιτο,
3621 3200 3759 3253 ἀλλά
3812 3200 3914 3253 καὶ

2238 3289 2379 3341 πάνυ
2411 3286 2585 3357 χαίρω
2616 3302 2631 3316 ⁸
2667 3286 2971 3356 ἐϐουλόμην
3003 3286 3060 3338 δὲ
3086 3287 3249 3339 αὐτόν
3274 3304 3326 3339 τι
3361 3288 3453 3339 καὶ
3485 3289 3592 3340 ἀπὸ
3614 3288 3714 3356 τῆς
3765 3290 3909 3357 ἡμε-

2238 3374 2399 3446 τέρας
2429 3372 2822 3444 καρπώσασθαι
2867 3372 3175 3437 διαλέξεως,
3218 3375 3314 3427 καὶ
3367 3376 3504 3446 ὅπερ
3546 3376 3579 3445 ἡ
3643 3376 3909 3445 συνήθεια

2241 3460 2480 3531 ἐποίησε,
2509 3459 2665 3513 τοῦτο
2714 3461 2808 3514 καὶ
2834 3460 2926 3529 ἀφ’
2972 3461 3129 3532 ἡμῶν
3163 3460 3189 3499 ἀ
3234 3460 3506 3528 γενέσθαι,
3557 3463 3652 3515 καὶ
3712 3463 3913 3533 ἑτέραν

2241 3548 2631 3619 ἐπεισαχθῆναι
2687 3547 2975 3619 συνήθειαν
3010 3563 3022 3577 ·
3071 3548 3192 3601 ἐπεὶ
3234 3548 3286 3601 τί
3338 3548 3611 3618 κόπτομαι
3648 3549 3773 3617 εἰκῆ
3813 3551 3914 3602 zal

2241 3636 2412 3707 ληρῶ,
2445 3637 2496 3689 εί
2545 3636 2787 3705 μέλλοιτε
2836 3636 2929 3688 ἐπὶ
2974 3635 3082 3688 τῶν
3115 3636 3297 3689 αὐτῶν
3342 3635 3549 3705 μένειν,
3574 3638 3623 3689 εἰ
3654 3636 3822 3708 μηδὲν
3852 3637 3918 3691 αἱ

2245 3723 2491 3787 συνάξεις
2512 3724 2592 3785 είς
2624 3723 2768 3793 ὑμᾶς
2795 3722 3116 3793 ἐργάζονται
3139 3722 3342 3791 ἀγαθόν
3373 3740 3387 3788 ;

2312 3809 2374 3863 δ’.
2406 3810 2542 3871 Nal,
2576 3811 2758 3879 φησὶν,
2802 3809 3094 3880 εὐχόμεθα.
3136 3811 3245 3863 Kal
3285 3810 3337 3863 τί
3370 3810 3547 3875 τοῦτο,
3580 3807 3705 3883 ἃνῇ
3740 3811 3921 3880 χωρὶς

2245 3898 2418 3967 ἔργων
2447 3914 2462 3962 ;
2506 3896 2826 3973 ’Ἄκουετοῦ
2851 3896 3090 3969 Χριστοῦ
3124 3897 3374 3965 λέγοντος
3395 3914 3410 3930 ο
3442 3900 3526 3951 Οὐ
3564 3896 3681 3962 πᾶς
3727 3900 3762 3949 ό
3807 3899 3918 3951 λέ-

2245 4003 2365 4054 γων
2387 4002 2509 4053 μοι,
2531 3984 2725 4050 Κύριε,
2750 3985 2947 4051 Κύριε,
2987 3984 3397 4038 εἰσελεύσεται
3454 3986 3543 4049 εἰς
3578 3984 3687 4050 τὴν
3708 3984 3904 4046 ,βασι-

2245 4068 2419 4121 λείαν
2448 4066 2566 4120 τῶν
2585 4065 2874 4133 οὐρανῶν,
2899 4066 3035 4119 cur
3056 4069 3089 4120 ό
3109 4065 3297 4119 ποιῶν
3314 4066 3379 4119 τὸ
3404 4066 3632 4134 θέλημα
3654 4064 3753 4118 τοῦ
3793 4068 3910 4119 Ha-

2247 4156 2388 4223 τρός
2407 4170 2528 4224 μου
2552 4154 2659 4207 τοῦ
2686 4154 2754 4207 ἐν
2781 4153 2904 4219 τοῖς
2939 4153 3238 4221 οὐρανοῖς.
3270 4153 3536 4217 Πολλάκις
3576 4153 3742 4221 ἔγνων
3792 4152 3907 4220 ἐγὼ

2249 4241 2492 4312 σιγῆσαι,
2530 4240 2801 4312 μηδεμίαν
2840 4242 2947 4294 ἀπὸ
2976 4241 3084 4294 τῶν
3114 4242 3396 4312 ἡμετέρων
3436 4240 3610 4309 λόγων
3664 4240 3913 4311 προσθή-

2251 4347 2352 4399 κην
2384 4330 2511 4397 ὑμῖν
2540 4328 2897 4399 ἐγγινομένην
2927 4329 3066 4401 ὀρῶν
3087 4344 3102 4360 ο
3136 4329 3169 4399 ἢ
3204 4329 3346 4399 τάχα
3381 4329 3591 4394 γίνεται
3626 4329 3744 4400 μὲν,
3801 4328 3919 4397 ἐγὼ

2250 4418 2307 4471 δὲ
2331 4418 2435 4471 ὑπὸ
2464 4417 2765 4487 ἀπληστίας
2788 4419 2881 4470 καὶ
2912 4416 3111 4487 πολλῆς
3138 4417 3435 4487 ἐπιθυμίας
3468 4418 3665 4470 ταύτὸν
3712 4418 3916 4487 πάσχω

2252 4508 2364 4567 τοῖς
2399 4506 2527 4574 περὶ
2546 4505 2613 4557 τά
2635 4506 2896 4575 χρήματα
2928 4505 3293 4575 μαινομένοις.
3326 4504 3597 4574 Καθάπερ
3631 4504 3739 4574 γὰρ
3772 4506 3923 4556 ἐκεῖ·

2252 4609 2355 4654 νοι,
2388 4592 2489 4645 ὅσα
2523 4591 2589 4644 ἂν
2624 4591 3048 4661 περιϐάλωνται,
3080 4591 3233 4643 οὐδὲν
3264 4590 3524 4660 ἡγοῦνται
3554 4591 3695 4660 ἔχειν
3723 4606 3736 4619 ο
3770 4589 3924 4644 οὕτω

2255 4680 2349 4731 καὶ
2374 4679 2559 4741 αὐτὸς,
2598 4678 2785 4749 ἐπειδὴ
2812 4678 3017 4748 σφόδρα
3057 4677 3156 4747 τῆς
3181 4678 3453 4747 ὑμετέρας
3480 4678 3701 4747 ἐφίεμαι
3735 4694 3922 4749 σωτη-

2259 4766 2398 4835 ρίας,
2436 4766 2539 4830 ἕως
2567 4765 2632 4819 ἂν
2663 4766 2757 4817 ίδω
2798 4766 3211 4836 προκεκοφότας
3253 4766 3418 4835 ὑμᾶς,
3478 4766 3631 4818 οὐδὲν
3674 4764 3924 4835 ἡγοῦμαι

2254 4852 2562 4923 εἰργάσθαι,
2633 4851 2720 4903 διὰ
2765 4852 2826 4904 1:6
2883 4852 3085 4922 σφόδρα
3126 4851 3410 4921 ἐπιθυμεῖν
3454 4852 3588 4922 πρὸς
3617 4851 3782 4922 αὐτὴν
3816 4852 3923 4921 τὴν

2256 4940 2497 5010 κορυφὴν
2552 4940 2696 5008 ὑμᾶς
2755 4937 2950 4990 ἐλθεῖν.
2992 4938 3289 5008 Βουλοίμην
3336 4938 3401 4991 ἀν
3434 4939 3592 4991 τοῦτο
3632 4933 3789 4999 εἶναι,
3822 4941 3924 4993 καὶ

2254 5026 2349 5079 τοῦ
2372 5026 2506 5096 ἐμοῦ
2547 5026 2749 5088 πάθους
2788 5020 2925 5077 εἶναι
2977 5024 3155 5089 τοῦτο,
3188 5024 3323 5078 ἀλλά
3373 5025 3447 5096 μὴ
3494 5025 3593 5094 τῆς
3641 5025 3919 5096 ὑμετέρας

2258 5114 2531 5183 ῥᾳθυμίας
2558 5132 2572 5147 ο
2599 5114 2810 5166 δέδοικα
2831 5113 2888 5164 δὲ
2922 5114 3129 5183 μήποτε
3160 5111 3339 5175 καλῶς
3375 5112 3741 5183 στοχάζωμαι.
3804 5114 3919 5165 Πε-

2258 5202 2476 5255 πεῖσθαι
2534 5200 2642 5272 γάρ
2697 5200 2961 5269 ὀφείλετε,
3014 5201 3097 5253 ὅτι
3138 5199 3303 5263 εἴτις
3337 5200 3551 5269 ἐγένετο
3579 5200 3815 5268 ὠφέλεια
3858 5203 3923 5254 ἐν

2257 5288 2493 5358 τοσούτῳ
2522 5289 2715 5357 χρόνῳ,
2747 5285 3054 5340 παύσασθαι
3095 5285 3278 5339 λοιπὸν
3310 5289 3457 5357 ἡμᾶς
3489 5287 3743 5355 λέγοντας
3784 5287 3921 5345 ἔδει.

2259 5374 2444 5437 Οὕτως
2469 5376 2568 5427 οὐκ
2593 5373 2698 5425 ἔδει
2732 5373 2989 5445 ῥημάτων
3017 5374 3163 5443 ὑμῖν,
3192 5374 3300 5428 τῶν
3347 5374 3449 5445 ῆδη
3488 5374 3781 5444 λεχθέντων
3823 5374 3923 5426 οὖ-

2257 5478 2365 5523 τως
2392 5461 2591 5524 ἱκανῶς
2630 5461 2954 5532 εἰρημένων,
2979 5461 3053 5525 ὡς
3084 5463 3176 5514 καὶ
3193 5461 3385 5525 ἄλλους
3416 5461 3675 5515 δύνασθαι
3721 5460 3927 5531 ῥυθμί-

2258 5548 2394 5613 ζειν,
2425 5548 2477 5601 εἴ
2511 5565 2573 5616 γε
2600 5549 2846 5603 ἀπόντων
2867 5548 3103 5618 ὠφέλειά
3132 5565 3217 5611 τις
3257 5549 3385 5618 ὑμῖν
3424 5549 3793 5620 προσεγίνετο.
3844 5550 3927 5603 T6

2256 5639 2312 5690 δέ
2337 5636 2579 5707 ἀνάγκην
2602 5636 2747 5707 ἡμᾶς
2771 5635 2911 5706 ἔχειν
2938 5635 3194 5706 συνεχοῦς
3211 5634 3362 5709 [251]
3390 5636 3690 5703 διαλέξεως,
3705 5637 3927 5703 οὐδενὸς

2326 5886 2350 5914 ο
2376 5883 2535 5931 Πόσαι
2562 5881 2709 5929 deest
2744 5884 2794 5932 in
2815 5894 2913 5931 uno
2937 5881 3043 5932 cod.
3109 5879 3137 5921 «ι
3176 5882 3326 5934 Savil.
3359 5882 3440 5931 καὶ
3472 5880 3542 5945 ἐφ’
3566 5881 3715 5941 ἡμῶν.
3740 5878 3923 5933 Μοηι.

2261 5956 2386 5997 vero
2431 5944 2510 6008 ἀφ’
2551 5946 2706 6004 ἡμῶν.
