3978 6516
135 442 217 498 Si?
1052 439 1118 494 IN
1156 439 1336 496 ACTA
1377 436 1897 495 APOSTOLORUM.
1941 438 2174 496 HOMIL.
2215 436 2409 494 XXIX.

134 552 286 610 laudes
312 559 455 606 sunt.
486 551 744 608 Davidem
769 560 946 607 autem
973 551 1145 608 solum
1175 552 1434 618 celebrat,
1463 553 1584 624 quia
1617 567 1684 607 ex

133 649 223 717 ipso
239 643 503 700 Christus.
530 643 834 715 lugressum
861 659 992 700 vero
1015 644 1251 700 Joannes
1271 655 1445 709 vocat,
1475 646 1679 709 dicens,

130 740 234 794 Ante
258 737 441 809 faciem
466 736 886 808 ingressusejus,
914 736 1337 792 incarnationem
1366 737 1599 801 Christi,
1630 747 1685 792 et

129 834 218 904 ejus
240 847 360 887 cum
390 847 553 886 carne
587 831 900 888 adventum.
940 830 1029 887 Sic
1070 831 1305 885 Joannes
1336 830 1682 900 Evangelium

128 924 337 982 scribens
360 965 380 991 ,
409 923 478 979 ad
505 924 656 980 illum
686 939 832 995 saepe
854 924 1129 993 confugit:
1161 940 1410 994 magnum
1434 926 1575 978 enim
1607 924 1683 978 illi

127 1033 288 1074 nomen
320 1026 439 1073 erat
464 1016 516 1072 in
540 1026 659 1072 toto
677 1017 833 1073 orbe.
864 1017 932 1072 Et
960 1016 1081 1073 vide
1105 1034 1139 1071 :i
1163 1032 1271 1072 non
1296 1016 1425 1072 dicit
1450 1016 1581 1072 illud
1616 1032 1682 1072 ex

123 1113 292 1181 seipse,
321 1110 420 1164 sed
452 1110 596 1165 illius
623 1109 777 1165 alfert
806 1109 1191 1164 testimonium.

177 1205 223 1259 3.
266 1202 483 1270 Viden‘,
532 1200 801 1273 quomodo
852 1202 1139 1259 ostendere
1193 1203 1407 1258 studeat
1451 1218 1565 1259 rem
1615 1218 1681 1259 ex

120 1298 393 1355 teconomia
427 1297 657 1368 quadam
692 1297 828 1368 geri.
855 1297 960 1352 Sed
988 1297 1267 1352 audiamus
1291 1297 1418 1369 quid
1452 1298 1681 1367 apostoli

123 1393 331 1445 dicentes
354 1389 728 1460 persuaserint
749 1431 763 1451 ,
787 1388 929 1458 quod
963 1388 1251 1443 cruciﬁxus
1282 1397 1384 1443 est.
1417 1388 1553 1455 Quid
1581 1387 1684 1443 hoc

121 1481 486 1548 incredibilius,
514 1480 655 1552 quod
689 1481 932 1550 sepultus
962 1480 1032 1535 sit
1052 1480 1119 1534 ab
1146 1481 1271 1547 illis,
1303 1481 1496 1550 quibus
1535 1482 1682 1534 salu-

123 1587 205 1630 tem
230 1574 501 1644 promisit,
530 1572 671 1644 quod
694 1573 937 1643 sepultus
966 1584 1179 1643 peccata
1210 1574 1379 1644 magis
1404 1588 1561 1642 quam
1596 1572 1681 1628 lex

120 1672 209 1739 ipsa
226 1668 503 1725 remittat?
528 1668 650 1723 Ideo
678 1683 781 1721 non
798 1668 931 1722 dixit
949 1685 963 1721 :
979 1668 1022 1720 A
1044 1668 1236 1737 quibus
1257 1667 1538 1732 noluistis;
1563 1666 1679 1733 sed,

118 1762 339 1832 Aquibus
388 1778 494 1815 non
536 1761 769 1831 potuistis
797 1761 849 1814 in
891 1760 996 1831 iege
1042 1760 1238 1831 Moysis
1271 1759 1548 1829 justi/icari
1570 1774 1589 1821 ;
1632 1759 1684 1812 in

120 1853 195 1905 hoc
235 1852 407 1906 omnis
452 1851 659 1906 credens
700 1852 1013 1921 iustiﬁcatur
1061 1867 1081 1906 :
1126 1849 1489 1905 inﬁrmitatem
1553 1851 1684 1920 legis

118 1943 407 1999 ostendens.
440 1944 609 1999 Recte
636 1952 811 1998 autem
843 1943 1047 1998 addidit
1078 1944 1228 2009 illud,
1262 1942 1477 2006 Omnis;
1504 1953 1561 1998 ut
1588 1944 1683 1999 de-

118 2034 596 2105 clararet’quisquis
621 2035 690 2089 sit
717 2034 964 2089 credens.
989 2033 1141 2090 Nulla
1176 2034 1319 2089 enim
1344 2050 1408 2090 ex
1437 2035 1543 2089 illis
1575 2036 1683 2088 uti-

116 2126 245 2190 litas,
284 2126 400 2181 nisi
447 2125 663 2197 aliquod
722 2126 861 2180 adsit
908 2125 1249 2182 beneﬁcium.
1296 2126 1422 2180 ldeo
1465 2126 1683 2182 demum

113 2217 239 2285 ponit
260 2218 644 2273 remissionem
666 2259 682 2282 ,
728 2217 853 2273 hinc
878 2217 1018 2289 quod
1069 2218 1238 2288 majus
1266 2228 1350 2272 est
1390 2218 1680 2288 colligens,

109 2318 153 2364 et
175 2308 468 2364 ostendens
492 2351 508 2374 ,
542 2309 593 2364 id
622 2309 762 2380 quod
802 2325 907 2364 non
954 2319 1164 2379 poterat
1213 2310 1296 2364 lex
1340 2308 1549 2373 facere,
1584 2309 1684 2363 hoc

108 2402 233 2457 clare
255 2418 355 2473 per
382 2411 620 2457 mortem
655 2402 847 2459 fecisse
877 2418 1000 2458 eum
1032 2403 1120 2473 qui
1152 2418 1339 2472 passus
1366 2413 1470 2457 est.
1503 2402 1683 2473 Itaque

107 2493 224 2549 bene
240 2494 464 2549 dicebat
490 2512 505 2549 :
534 2493 634 2559 Qui
655 2504 770 2548 sunt
796 2504 940 2548 testes
964 2496 1073 2566 ejus
1093 2495 1161 2547 ad
1182 2494 1394 2563 plebem,
1420 2494 1565 2548 illum
1592 2494 1681 2563 qui

106 2587 295 2651 occidit,
328 2588 512 2658 inquit
540 2603 556 2643 :
590 2602 765 2659 neque
791 2588 926 2643 tales
956 2596 1138 2644 essent
1160 2628 1176 2652 ,
1228 2588 1327 2642 nisi
1370 2588 1548 2642 divina
1576 2589 1683 2641 vir-

106 2688 204 2734 tute
245 2681 628 2746 tirmarentur;
682 2695 853 2750 neque
886 2680 1029 2735 enim
1078 2680 1143 2735 ad
1191 2680 1436 2734 homines
1480 2678 1680 2733 caedem

109 2772 346 2840 spirantes
379 2773 515 2826 talia
544 2772 809 2827 testiﬁcati
840 2782 1041 2837 essent,
1074 2789 1179 2826 non
1204 2772 1269 2826 ad
1297 2773 1439 2843 ipsos
1466 2772 1555 2842 qui
1585 2787 1681 2826 oc-

109 2863 350 2918 ciderunt.
378 2863 526 2919 Illud
552 2879 701 2931 vero,
730 2864 840 2935 Ego
868 2865 1019 2917 hodie
1045 2865 1195 2935 genui
1219 2874 1265 2918 te
1288 2906 1303 2930 ,
1335 2864 1467 2917 dixit
1490 2906 1504 2927 ,
1537 2863 1679 2933 quod

113 2955 172 3009 ad
192 2957 284 3010 hoc
300 2958 469 3011 etiam
497 2956 601 3009 alia
631 2965 943 3027 sequantur.
972 2956 1038 3010 Et
1057 2970 1155 3010 cur
1174 2970 1277 3009 non
1302 2954 1505 3009 addidit
1533 2953 1684 3009 testi-

114 3048 323 3101 monium
341 3089 358 3114 ,
387 3063 500 3118 quo
534 3048 1005 3118 persuaderentur,
1037 3062 1134 3117 per
1158 3062 1279 3101 eum
1308 3046 1678 3101 remissionem

119 3153 431 3206 peccatorum
458 3143 692 3196 futuram
724 3142 879 3197 esse?
908 3140 1038 3209 Quia
1062 3140 1188 3195 illud
1222 3140 1430 3195 interim
1460 3140 1682 3194 curabat

122 3234 395 3299 ostendere,
422 3235 566 3306 quod
601 3233 982 3290 resurrexisset
1008 3251 1020 3287 :
1055 3232 1158 3287 hoc
1185 3241 1362 3287 autem
1390 3232 1433 3286 si
1464 3231 1515 3285 in
1547 3246 1678 3285 con-

124 3322 249 3377 fesso
273 3336 443 3387 esset,
490 3325 624 3379 illud
652 3324 775 3378 hinc
803 3324 1155 3379 indubitatum
1188 3323 1318 3389 fuit,
1352 3337 1544 3392 nempe
1585 3337 1683 3391 per

113 3417 245 3473 illum
265 3418 635 3472 remissionem
659 3428 998 3487 pcccatormn
1032 3415 1164 3471 ﬁeri.
1192 3414 1439 3485 Alioquin
1469 3414 1681 3469 volebat

103 3510 213 3562 illos
242 3511 289 3564 in
335 3510 468 3565 boni
522 3509 663 3564 illius
710 3509 1034 3564 desiderium
1071 3509 1343 3563 inducere.
1388 3506 1503 3561 Non
1552 3521 1681 3576 ergo

98 3602 364 3658 derelictio
418 3613 541 3658 erat
561 3618 707 3657 mors
746 3603 891 3672 ejus,
939 3602 1031 3657 sed
1075 3600 1367 3672 praphetite
1419 3601 1678 3670 impletin.

94 3697 341 3751 Historias
390 3706 820 3762 commemorat,
868 3711 1001 3765 quas
1051 3696 1356 3765 ignorantes
1398 3695 1677 3748 innumera

84 3794 215 3861 passi
244 3803 374 3847 sunt
402 3793 570 3847 mala.
604 3793 668 3847 Et
698 3792 800 3847 hoc
837 3791 1139 3846 subiudicat
1177 3791 1231 3844 in
1277 3790 1381 3845 ﬁne
1402 3831 1416 3854 ,
1446 3789 1629 3844 dicens
1663 3806 1676 3843 :

92 3883 278 3949 Videte,
302 3893 703 3953 contemptores,
737 3895 781 3937 et
813 3885 1062 3951 respicite.
1087 3883 1152 3936 Et
1176 3881 1294 3936 vide
1316 3881 1581 3951 quomodo
1611 3881 1676 3933 il—

82 3975 162 4029 lud
194 3987 386 4046 utpote
416 3992 671 4047 asperum
700 3975 960 4030 succidat.
1010 3973 1094 4028 Ne
1138 3974 1275 4028 vobis
1316 3974 1673 4043 superveniat,

79 4068 271 4137 inquit,
300 4069 453 4139 quod
477 4069 593 4122 aliis
633 4069 823 4121 dictum
846 4078 919 4122 est
947 4083 966 4121 :
996 4067 1129 4134 Quia
1171 4085 1295 4138 opus
1336 4084 1425 4137 ego
1471 4084 1674 4136 operor,

78 4163 204 4228 quod
232 4179 341 4214 non
359 4160 605 4224 credetis,
623 4161 667 4213 si
680 4161 789 4230 quis
803 4161 1084 4213 narrauerit
1106 4160 1260 4214 vobis.
1283 4159 1357 4214 Ne
1378 4159 1669 4227 miremini,

73 4254 207 4320 quod
232 4252 569 4307 incredibile
589 4251 833 4305 videatur
847 4265 967 4305 esse
993 4269 1006 4304 :
1026 4260 1079 4303 et
1094 4250 1195 4304 hoc
1215 4252 1459 4319 superius
1481 4251 1679 4305 dictum

75 4353 167 4395 est.
186 4343 307 4398 Hoc
328 4342 635 4412 etiamjure
655 4343 808 4397 nobis
830 4342 1066 4397 dicatur:
1097 4341 1679 4411 Videte,contemptores,

70 4433 130 4487 iis
150 4437 241 4504 qui
261 4434 733 4489 resurrectionem
762 4450 865 4487 nou
883 4434 1127 4488 credunt.
1149 4434 1359 4489 Etenim
1383 4451 1472 4489 res
1498 4436 1686 4490 Eccle-

70 4529 157 4580 siae
170 4529 424 4596 pessime
444 4526 798 4589 habent,licet
813 4527 1009 4595 putetis
1027 4527 1077 4580 in
1099 4541 1229 4595 pace
1244 4542 1381 4581 esse.
1405 4527 1514 4581 Hoc
1529 4528 1685 4598 quip~

68 4637 128 4688 pe
157 4638 330 4689 grave
358 4630 477 4683 est,
500 4620 639 4690 quod
672 4620 722 4673 in
755 4621 907 4674 malis
928 4634 1046 4674 cum
1070 4620 1256 4682 simus,
1283 4620 1334 4674 id
1356 4621 1679 4690 ignoremus.

138 4712 318 4767 Pietas
344 4714 473 4767 sola
501 4711 783 4766 Ecciesiam
804 4712 1361 4778 commendat.—Quid
1387 4713 1554 4767 dicis?
1582 4714 1682 4768 Ec-

62 4807 252 4861 clesias
285 4820 575 4867 tenemus.
609 4805 997 4873 possessiones,
1042 4805 1142 4857 alia
1188 4807 1400 4869 omnia,
1445 4808 1682 4861 collecta:

66 4904 231 4967 ﬁniit,
261 4900 529 4971 quotidie
570 4899 720 4952 adest
767 4899 1016 4968 populus,
1054 4909 1107 4953 et
1145 4900 1580 4953 contemnimus?
1612 4902 1683 4955 At

63 5009 160 5047 non
194 4994 334 5047 inde
368 4991 676 5045 Eoclesiam
707 4990 1036 5058 probaveris.
1067 4989 1171 5043 Sed
1207 4990 1345 5043 unde
1373 5032 1385 5054 ,
1432 4990 1683 5059 inquies?

61 5087 107 5135 Si
136 5087 323 5153 pietas
360 5091 481 5148 cst,
514 5082 558 5135 si
599 5098 718 5136 cum
763 5082 910 5135 lucro
935 5082 1150 5135 domum
1198 5082 1434 5151 quotidie
1473 5083 1684 5138 recedi-

60 5192 194 5240 mus,
227 5177 276 5231 si
306 5190 460 5229 cum
488 5172 660 5227 fructu
694 5172 775 5226 vel
800 5172 1009 5227 modico
1035 5172 1118 5226 vel
1155 5189 1349 5244 magno
1369 5215 1384 5240 ,
1416 5173 1459 5228 si
1509 5175 1680 5244 legem

63 5284 158 5320 non
188 5280 519 5335 utcumque
548 5275 601 5318 et
624 5263 989 5334 perfunctorie
1017 5263 1369 5333 implevimus.
1412 5265 1543 5331 Quis
1570 5276 1683 5320 tn'e-

60 5360 152 5415 lior
171 5361 428 5416 effectus
460 5369 541 5413 est
563 5373 627 5412 ex
654 5357 1005 5411 conventibus
1022 5356 1223 5411 mensis
1242 5356 1399 5411 unius
1415 5361 1439 5410 ?
1467 5356 1579 5412 Hoc
1600 5366 1682 5412 est

61 5457 194 5520 quod
225 5452 523 5525 quxritur
552 5468 567 5505 :
604 5465 729 5504 nam
783 5449 884 5504 hoc
912 5449 1083 5518 ipsum
1106 5489 1124 5515 ,
1175 5449 1318 5519 quod
1346 5449 1680 5505 benefactum

63 5556 302 5612 putatur,
341 5543 653 5598 infeliciter
679 5541 874 5595 factum
927 5548 1041 5606 est,
1087 5556 1207 5595 cum
1259 5541 1341 5596 his
1383 5542 1452 5595 ita
1483 5542 1680 5612 gestis,

58 5642 183 5694 nihil
229 5638 500 5709 amplius
546 5636 837 5691 lucramur.
888 5638 1062 5706 Atque
1115 5636 1316 5690 utinam
1372 5636 1505 5691 nihil
1567 5652 1684 5691 am-

54 5733 228 5804 plius;
264 5747 439 5790 [ωηο
487 5732 631 5785 enim
674 5732 832 5785 etiam
866 5731 917 5785 in
955 5730 1190 5785 deterius
1225 5731 1512 5799 vergimus.
1543 5729 1680 5797 Quid

52 5828 262 5882 fructus
319 5841 402 5880 ex
464 5823 707 5879 collectis
733 5823 987 5892 carpitisi
1030 5820 1086 5877 Si
1130 5821 1256 5892 quid
1298 5830 1445 5875 certe
1474 5820 1680 5874 fructus

50 5916 422 5990 amentis,
476 5914 577 5978 iam
619 5915 746 5970 olim
796 5927 984 5971 omnes
1021 5920 1294 5985 Oporteret
1344 5910 1675 5981 philosophi-

3263 445 3375 502 9.13

1788 567 1853 608 ce
1902 552 2104 621 vivere,
2131 569 2252 609 cum
2289 555 2370 610 bis
2417 568 2512 625 per
2539 554 2931 613 hebdomadam
2971 566 3052 613 tot
3096 560 3371 631 propheta:

1789 660 1885 701 vos
1913 646 2271 715 alloquantur,
2303 662 2425 702 cum
2458 656 2536 703 tot
2562 650 2812 719 apostoli,
2844 650 3206 721 evangelista,
3255 667 3372 706 om-

1790 736 1945 791 nibus
1976 738 2228 793 salutaria
2259 739 2506 810 dogmata
2546 743 2988 812 proponentibus,
3020 760 3138 813 quae
3166 745 3373 816 possint

1789 845 1966 885 mores
1993 840 2199 888 vestros
2240 844 2489 889 accurate
2521 850 2866 906 componere.
2900 838 3052 893 Miles
3097 838 3163 893 ad
3196 840 3378 894 tiroei~

1788 924 1936 978 nium
1957 926 2178 979 veniens
2200 925 2250 978 in
2274 924 2479 980 bellicis
2502 929 2559 981 Iit
2579 929 2827 998 peritior;
2851 930 3049 986 athleta
3072 932 3370 1001 palarstram

1788 1016 1975 1071 adiens
2003 1017 2060 1071 ﬁt
2086 1018 2427 1072 exercitatior
2454 1018 2521 1073 ad
2576 1035 2844 1090 pugnam;
2881 1023 3124 1078 medicus
3161 1025 3227 1079 ad
3275 1024 3373 1079 do-

1788 1120 1992 1165 ctorem
2009 1110 2269 1166 accedens
2287 1113 2341 1165 ﬁt
2367 1113 2662 1181 expertior,
2683 1115 2835 1183 plura
2863 1118 2983 1180 scit,
3012 1118 3160 1186 plura
3182 1118 3371 1173 discit:

1790 1208 1845 1254 tu
1866 1200 1993 1270 quid
2019 1201 2254 1257 lucratus
2282 1204 2383 1257 es?
2414 1219 2518 1256 non
2547 1203 2737 1273 loquor
2763 1205 2826 1259 iis
2850 1247 2865 1271 ,
2893 1206 2979 1277 qui
3009 1222 3106 1276 per
3142 1224 3338 1264 annum
3357 1251 3370 1272 ,

1787 1291 1881 1347 sed
1905 1293 1989 1358 iis,
2019 1294 2106 1362 qni
2130 1308 2160 1347 a
2190 1294 2358 1362 prima
2385 1302 2544 1349 :etate
2576 1296 2930 1352 conventibus
2958 1298 3264 1355 adfuerunt.
3290 1303 3370 1356 Au

1789 1382 1892 1438 hoc
1912 1386 2108 1453 putatis
2133 1399 2253 1440 esse
2277 1386 2527 1454 pietatem
2554 1428 2568 1452 ,
2597 1386 2738 1457 quod
2768 1386 3076 1459 frequenter
3111 1391 3178 1446 ad
3208 1407 3371 1464 syna-

1788 1477 1876 1531 xin
1905 1478 2217 1532 accedatis?
2260 1480 2373 1535 lloc
2413 1480 2545 1534 nihil
2570 1491 2684 1547 est,
2719 1483 2815 1536 nisi
2873 1485 2998 1553 quid
3043 1485 3245 1542 fructus
3284 1504 3373 1542 re-

1788 1570 2067 1626 feramus:
2108 1572 2208 1626 nisi
2261 1572 2382 1642 quid
2425 1574 2762 1643 colligamus,
2791 1578 2982 1631 melius
3034 1589 3177 1633 esset
3227 1579 3371 1635 domi

1788 1678 2021 1717 manere.
2048 1662 2254 1717 Etenim
2284 1664 2512 1734 majores
2537 1667 2703 1720 nostri
2721 1668 2974 1722 ecclesias
3000 1670 3153 1724 nobis
3171 1672 3371 1726 exaedi-

1789 1755 2036 1820 ﬁcarunt,
2068 1772 2173 1812 non
2203 1766 2259 1810 ut
2306 1773 2371 1812 ex
2403 1758 2650 1814 domibus
2678 1771 3026 1831 congregatos
3075 1778 3173 1818 vos
3216 1767 3371 1819 simul

1787 1847 2071 1902 ostendant
2098 1865 2111 1901 :
2147 1848 2249 1902 hoc
2279 1848 2421 1903 enim
2451 1860 2507 1904 et
2537 1849 2588 1903 in
2621 1850 2737 1905 foro
2763 1861 2817 1905 et
2861 1852 2912 1906 in
2943 1852 3149 1909 balneis
3169 1896 3184 1918 ,
3214 1866 3282 1910 et
3322 1857 3372 1910 in

1790 1955 1981 2010 pompa
2014 1941 2232 2010 perinde
2263 1944 2353 2004 ﬁt;
2387 1942 2480 1997 sed
2513 1952 2569 1996 ut
2598 1942 2887 2013 discipulos
2912 1954 2966 1999 et
2995 1945 3245 2002 doctores
3271 1965 3371 2003 una

1787 2041 2191 2101 congregantes,
2224 2032 2344 2087 illos
2373 2034 2562 2086 horum
2585 2048 2686 2103 ope
2706 2034 2961 2090 meliores
2987 2036 3237 2092 efﬁciant.
3265 2039 3371 2095 Lex

1786 2123 2102 2192 simpliciter
2129 2133 2182 2179 et
2212 2124 2421 2179 decoris
2448 2126 2656 2194 species
2686 2127 2836 2181 facta:
2868 2139 2993 2183 sunt
3018 2146 3106 2185 res
3140 2142 3336 2186 nostrae
3355 2175 3371 2199 ,

1785 2215 2115 2269 consuetudo
2168 2230 2311 2270 mera
2361 2231 2500 2271 nunc
2542 2226 2642 2272 est.
2678 2218 2833 2273 Venit
2884 2220 3095 2289 pascha,
3149 2238 3369 2294 magnus

1788 2306 2060 2371 tumultus,
2113 2321 2315 2377 magna;
2362 2306 2530 2362 turbae
2558 2326 2571 2362 :
2604 2324 2708 2362 non
2752 2310 2893 2364 enim
2946 2311 3190 2378 dixerim,
3222 2313 3370 2367 multi

1787 2397 2069 2452 homines:
2100 2398 2221 2453 illud
2254 2398 2396 2453 enim
2437 2415 2541 2453 non
2595 2415 2721 2454 vero
2764 2401 3036 2456 hominum
3084 2412 3167 2458 est
3211 2418 3369 2474 opus.

1786 2488 2019 2545 Transiit
2058 2488 2250 2545 festum
2277 2530 2291 2555 ,
2326 2492 2582 2551 tumultus
2624 2502 2707 2547 est
2756 2494 2951 2558 minor,
2995 2496 3148 2565 quies
3190 2505 3369 2551 tamen

1786 2582 2133 2639 infructuosa.
2161 2583 2300 2651 Quot
2326 2593 2451 2639 sunt
2476 2585 2748 2654 pervigilia
2772 2627 2788 2653 ,
2819 2596 2951 2656 quot
2974 2587 3111 2642 sacri
3137 2591 3371 2644 cantus?

1785 2676 1854 2731 Et
1878 2677 2002 2746 quid
2030 2675 2154 2733 hinc
2179 2680 2445 2747 amplius?
2469 2678 2582 2735 lmo
2605 2680 2756 2751 pejus
2782 2681 2977 2743 accidit
3006 2700 3020 2737 :
3052 2683 3203 2737 multi
3226 2683 3367 2738 enim

1787 2779 2004 2839 pr0pter
2028 2785 2216 2824 vanam
2248 2771 2470 2840 gloriam
2504 2772 2603 2827 hoc
2632 2772 2850 2827 faciunt.
2875 2771 3142 2841 Quantum
3174 2777 3370 2845 putatis

1786 2876 1871 2917 me
1898 2863 1948 2916 in
1977 2862 2273 2918 visceribus
2299 2862 2610 2918 discruciari
2636 2904 2650 2927 ,
2696 2863 2822 2918 dum
2848 2865 3006 2921 video
3046 2867 3225 2921 omnia
3271 2868 3367 2921 do-

1785 2952 1916 3007 lium
1944 2953 1996 3007 iu
2029 2962 2303 3023 pertusum
2332 2953 2573 3009 eﬁ‘undi?
2604 2955 2708 3010 Sed
2740 2956 2960 3011 omnino
2984 2956 3174 3013 dicetis
3200 2957 3331 3013 mihi
3352 3001 3367 3024 ,

1784 3047 2087 3117 Scripturas
2125 3046 2343 3102 scimus.
2392 3047 2458 3101 Et
2496 3048 2621 3117 quid
2665 3049 2907 3105 hoc?Si
2952 3050 3071 3104 illas
3116 3051 3369 3120 operibus

1783 3139 2102 3206 exhibeatis,
2130 3140 2230 3195 hoc
2260 3141 2463 3195 lucrum
2487 3150 2587 3204 est,
2623 3141 2724 3195 hoc
2756 3142 2903 3199 utile.
2923 3142 3146 3197 Ofﬁcina
3178 3145 3371 3197 tincto-

1783 3235 1860 3288 ria
1890 3241 1972 3287 est
2013 3233 2239 3288 ecclesia
2285 3251 2299 3286 :
2355 3233 2399 3286 si
2446 3248 2660 3303 semper
2694 3233 2896 3289 abeatis
2950 3236 3096 3290 nulla
3148 3246 3363 3306 accepta

1785 3327 2031 3393 tinctura,
2065 3342 2183 3398 qua:
2207 3327 2407 3381 utilitas
2438 3326 2539 3381 huc
2567 3328 2877 3398 frequenter
2902 3330 3229 3385 convenire?
3256 3329 3366 3384 Ma—

1781 3420 1868 3490 jus
1896 3421 2091 3491 quippe
2111 3420 2362 3474 damnum
2388 3429 2489 3475 est.
2513 3419 2642 3487 Quis
2674 3420 2738 3473 iis
2764 3420 2968 3491 legibus
2998 3421 3131 3491 quid,
3150 3421 3363 3492 adjecit,

1783 3526 1916 3583 quas
1941 3528 1970 3567 a
2002 3513 2241 3582 patribus
2271 3512 2517 3581 accepit?
2550 3512 2793 3582 Exempli
2819 3527 2979 3567 causa
3014 3531 3027 3569 :
3059 3514 3197 3575 solet
3223 3514 3369 3582 quis-

1786 3607 1924 3675 piam
1953 3605 2264 3659 memoriam
2296 3603 2717 3670 l‘acerematris,
2748 3604 2833 3661 vel
2868 3605 3087 3671 uxoris,
3116 3606 3204 3669 vel
3229 3606 3322 3660 ﬁlii
3348 3623 3366 3661 :
3452 3604 3453 3607 “

1784 3697 1886 3753 hoc
1906 3696 2032 3751 facit
2051 3697 2164 3751 sive
2191 3697 2390 3761 audiat,
2422 3696 2537 3751 sive
2568 3712 2673 3750 non
2701 3695 2884 3750 audiat
2911 3712 2942 3751 a
2971 3696 3148 3762 nobis,
3174 3712 3357 3755 alcon-

1784 3789 2067 3844 suetudine
2095 3798 2148 3843 et
2169 3804 2196 3841 a
2214 3788 2538 3843 conscientia
2561 3788 2805 3843 allectus.
2829 3786 3024 3844 ldeone
3049 3788 3366 3859 indignaris,

1785 3882 2030 3952 inquies?
2055 3881 2234 3945 Absit;
2259 3880 2364 3934 imo
2386 3880 2608 3933 multum
2626 3880 2861 3949 gaudeo;
2888 3879 2982 3934 sed
3005 3880 3196 3935 vellem
3219 3880 3367 3934 illum

1785 3974 2052 4046 quidpiam
2073 3990 2137 4027 cx
2168 3974 2427 4027 concione
2450 3981 2629 4026 nostra
2656 3972 2849 4026 lucrari
2875 3988 2887 4024 :
2912 3981 2966 4026 et
2983 3972 3123 4042 quod
3144 3987 3371 4027 consuc-

1787 4068 1915 4123 tudo
1942 4067 2084 4132 fecit,
2110 4067 2160 4120 id
2190 4068 2348 4120 etiam
2377 4080 2404 4118 a
2435 4065 2587 4119 nobis
2612 4064 2747 4130 ﬁeri,
2771 4073 2825 4118 et
2851 4064 3007 4119 aliam
3032 4064 3369 4119 consuetudi~

1788 4176 1910 4215 nem
1940 4159 2137 4214 induci.
2156 4158 2402 4227 Alioquin
2421 4157 2546 4228 quid
2574 4157 2769 4212 frustra
2793 4158 2997 4219 laboro,
3026 4158 3070 4211 si
3096 4158 3147 4212 iu
3182 4157 3365 4212 iisdem

1786 4252 2025 4307 mansuri
2063 4251 2230 4306 estis?
2261 4251 2307 4305 si
2338 4250 2468 4304 nihil
2500 4248 2652 4305 vobis
2683 4264 2912 4320 synaxcs
2937 4247 3161 4303 aﬁ‘erant
3199 4248 3370 4304 boni?

1857 4345 1911 4399 4.
1938 4344 2109 4399 Etiam
2135 4384 2150 4409 ,
2202 4342 2441 4412 inquies,
2473 4356 2775 4411 precamur.
2822 4340 2891 4395 Et
2927 4338 3056 4408 quid
3110 4341 3212 4394 hoc
3253 4340 3370 4395 sine

1786 4438 2075 4507 operibus?
2098 4437 2231 4490 Audi
2260 4436 2531 4491 Christum
2574 4435 2841 4490 dicentem
2870 4452 2884 4490 :
2926 4434 3050 4489 Non
3095 4435 3258 4489 omnis
3285 4435 3371 4503 qui

1786 4532 1908 4584 dicit
1938 4530 2095 4595 mihi,
2130 4529 2364 4593 Domine,
2396 4527 2629 4593 Domine,
2659 4526 2865 4581 intrabit
2884 4527 2935 4582 in
2978 4542 3192 4596 regnum
3220 4526 3372 4580 calo-

1786 4640 1927 4688 rum,
1974 4621 2062 4675 sed
2101 4622 2186 4690 qui
2224 4622 2343 4692 facit
2371 4626 2677 4674 uoluntatem
2717 4619 2892 4673 Patris
2916 4621 3011 4673 mei
3039 4661 3055 4685 ,
3099 4620 3188 4680 qui
3216 4629 3291 4673 est
3315 4619 3369 4671 in

1787 4716 1925 4770 cwlis
1956 4714 2168 4786 (Matth.
2199 4715 2250 4768 7.
2273 4714 2389 4784 ‘21).
2420 4713 2576 4785 Saepe
2619 4714 2777 4768 statui
2809 4730 2909 4783 ego
2937 4714 3097 4768 silere
3124 4754 3140 4779 ,
3182 4712 3368 4767 videns

1789 4807 1916 4861 nihil
1944 4823 2007 4862 ex
2039 4804 2377 4861 sermonibus
2402 4806 2603 4860 nostris
2630 4806 2779 4859 vobis
2802 4805 2931 4860 lucri
2955 4804 3211 4859 accedere
3240 4822 3253 4857 :
3282 4805 3367 4859 vel

1789 4901 1923 4953 forte
1948 4898 2190 4961 accedit,
2220 4913 2321 4967 ego
2359 4914 2489 4953 vero
2533 4896 2676 4968 quod
2716 4896 3031 4952 insatiabilis
3059 4906 3113 4951 et
3141 4896 3368 4966 cupidus

1786 4993 1909 5055 sim,
1936 4991 2165 5058 idipsum
2200 4991 2375 5060 patior
2395 4989 2536 5059 quod
2567 4990 2622 5053 ii,
2653 4990 2741 5059 qui
2773 4988 2914 5043 circa
2942 4988 3193 5057 pecunias
3221 4989 3368 5043 insa-

1788 5084 1961 5137 niunt.
1988 5082 2120 5137 Nam
2148 5083 2289 5137 sicut
2317 5082 2428 5147 illi,
2457 5080 2798 5151 quantumvis
2834 5080 3204 5142 accumuleut,
3238 5079 3367 5135 nihil

1787 5190 1845 5229 se
1876 5184 2061 5243 putant
2088 5174 2285 5228 habere
2314 5190 2327 5225 :
2357 5173 2434 5226 sic
2461 5183 2517 5226 et
2555 5186 2676 5240 ego,
2705 5172 2828 5240 quia
2877 5170 3103 5226 salutem
3136 5181 3367 5227 vestram

1786 5267 2071 5321 admodum
2106 5267 2298 5335 cupio,
2320 5264 2493 5318 donec
2525 5262 2710 5317 videro
2740 5278 2835 5317 vos
2874 5263 3191 5332 profecisse,
3238 5263 3366 5318 nihil

1787 5374 1873 5412 me
1894 5358 2084 5412 fecisse
2101 5366 2248 5425 puto,
2272 5355 2411 5426 quod
2435 5354 2662 5409 multum
2681 5354 3003 5419 desiderem,
3032 5365 3089 5408 ut
3113 5355 3176 5408 ad
3196 5355 3367 5424 ipsum

1786 5452 1996 5507 culmen
2040 5449 2363 5504 ascendatis.
2398 5447 2599 5502 Vellem
2640 5446 2713 5502 ita
2753 5464 2812 5502 se
2842 5447 3069 5511 habere;
3117 5449 3274 5517 idque
3302 5463 3367 5502 ex

1785 5542 1974 5597 afl'ectu
2020 5556 2176 5606 meo,
2207 5555 2314 5595 non
2359 5556 2423 5594 ex
2452 5549 2626 5594 vestra
2674 5541 2877 5610 ignavia
2923 5539 3223 5610 proficisci;
3272 5540 3367 5594 sed

1787 5635 1966 5696 timeo,
2012 5650 2079 5689 ne
2127 5632 2263 5687 forte
2309 5633 2447 5688 bene
2498 5631 2817 5703 conjectem.
2868 5632 3183 5686 Persuasum
3222 5629 3365 5684 enim

1787 5726 2023 5781 habeatis
2067 5735 2319 5793 oportet,
2361 5726 2407 5781 si
2447 5741 2550 5797 qua
2605 5728 2654 5780 in
2685 5735 2833 5780 tanto
2877 5733 3119 5794 tempore
3162 5721 3368 5777 utilitas

1784 5819 2139 5891 provenisset,
2168 5818 2323 5872 nobis
2340 5817 2450 5888 jam
2471 5816 2686 5874 dicendi
2712 5818 2868 5871 ﬁnem
2894 5815 3192 5872 faciendum
3229 5814 3364 5869 fore.

1786 5911 1877 5967 Sic
1907 5910 2055 5967 vobis
2092 5925 2195 5968 non
2245 5927 2379 5979 opus
2404 5919 2551 5967 esset
2575 5910 2750 5968 verbis
2770 5946 2789 5964 .
2838 5923 2961 5965 cum
2987 5923 3049 5965 ea
3069 5949 3085 5972 .
3115 5923 3233 5978 qua:
3256 5905 3362 5975 j'nu
