3978 6600
683 467 791 524 919

685 585 822 640 dicta
850 593 975 640 sunt
1001 627 1015 651 ,
1068 585 1139 640 ita
1172 581 1436 640 sufﬁciant
1461 624 1477 649 ,
1507 592 1567 636 ut
1592 591 1646 636 et
1675 585 1810 636 alios
1839 581 2104 634 moderari
2148 594 2270 648 pos-

683 681 822 743 sint;
854 678 901 734 si
929 678 1141 749 quidem
1175 678 1281 732 illis
1309 675 1620 731 absentibus
1644 674 1886 744 quaedam
1922 674 2072 728 vobis
2123 673 2265 726 utili-

685 781 766 826 tas
794 771 1094 826 accederet.
1127 770 1278 838 Quod
1301 784 1429 823 vero
1467 779 1728 838 perpetuo
1753 767 1969 822 monitis
2016 781 2150 834 opus
2177 765 2266 818 hac

683 866 874 922 beatis.
898 865 950 918 id
979 874 1126 919 certe
1150 863 1280 917 nihil
1305 862 1449 917 aliud
1479 862 1694 927 indicat,
1735 877 1892 933 quam
1914 861 2053 931 quod
2095 871 2266 914 vestra

679 973 784 1008 non
809 966 955 1010 recte
983 970 1042 1009 se
1071 957 1318 1010 habeant.

755 1048 996 1101 Remedia
1019 1058 1194 1101 contra
1219 1049 1340 1102 vitia
1361 1064 1424 1102 ex
1451 1046 1733 1116 Scripturis
1757 1047 2022 1101 sumenda.
2040 1077 2110 1087 —-
2126 1046 2263 1113 Quid

679 1156 808 1209 ergo
837 1139 1172 1195 faciendum?
1201 1155 1306 1196 non
1337 1141 1479 1195 enim
1505 1141 1890 1210 objurgandum
1923 1149 2006 1194 est
2037 1151 2260 1194 tantum.

674 1234 911 1286 Obsecro
947 1243 1001 1286 et
1029 1248 1127 1286 oro
1149 1272 1164 1296 ,
1199 1248 1265 1286 ne
1295 1232 1346 1287 id
1379 1232 1551 1285 Solum
1592 1232 1849 1296 spectetis
1873 1273 1886 1294 ,
1923 1241 1980 1284 ut
2011 1232 2063 1285 in
2089 1233 2259 1286 eccleo

675 1329 812 1379 siam
863 1325 1130 1390 veniatis;
1160 1326 1256 1381 sed
1310 1333 1366 1380 ut
1415 1325 1576 1379 etiam
1608 1324 1823 1378 domum
1857 1324 2086 1392 regressi
2116 1365 2130 1388 ,
2164 1338 2258 1377 ac-

673 1428 829 1489 cepto
849 1429 1034 1473 contra
1063 1419 1190 1473 vitia
1219 1419 1508 1488 pharmace
1534 1458 1550 1484 ,
1581 1417 1624 1470 si
1655 1433 1761 1470 non
1786 1431 1814 1470 a
1845 1418 1998 1470 nobis
2024 1459 2038 1482 ,
2063 1417 2254 1470 saltem

673 1528 700 1562 ει
733 1510 1025 1582 Scripturis
1067 1510 1414 1580 congruentia
1447 1509 1689 1562 habeatis
1728 1508 1986 1562 remedia.
2015 1507 2256 1575 Exempli

673 1616 832 1656 causa
859 1619 872 1655 :
903 1609 987 1656 est
1006 1600 1128 1671 quis
1153 1600 1476 1656 iracundus?
1501 1600 1755 1654 Attendat
1781 1600 2095 1654 lectionibus
2115 1599 2257 1655 Scri-

676 1701 971 1759 pturarum,
997 1702 1052 1746 et
1079 1691 1298 1746 omnino
1323 1690 1449 1761 quid
1474 1691 1707 1761 reperiet
1731 1690 1816 1744 vel
1848 1690 1898 1744 in
1927 1690 2147 1744 historia
2171 1691 2256 1746 vel

673 1787 723 1836 in
748 1784 969 1838 monitis
995 1802 1008 1838 :
1035 1785 1088 1838 in
1117 1783 1335 1838 monitis
1360 1824 1374 1848 ,
1407 1798 1527 1838 cum
1553 1783 1752 1838 dicitur
1783 1801 1795 1836 :
1827 1783 2140 1838 Momentum
2168 1788 2251 1854 fu-

673 1881 804 1930 roris
825 1877 933 1946 ejus
953 1877 1105 1929 ruina
1128 1877 1254 1945 ipsis
1282 1874 1470 1942 (Ecclt'.
1500 1877 1551 1929 l.
1573 1875 1668 1947 28)
1691 1892 1705 1940 ;
1737 1885 1791 1931 et
1813 1917 1826 1941 ,
1860 1875 1949 1929 Vir
1976 1876 2254 1930 iracundus

673 1983 773 2020 non
800 1967 1054 2021 modestus
1081 1965 1264 2037 (Prov.
1298 1967 1384 2021 ll.
1403 1965 1520 2036 25),
1554 1977 1607 2020 et
1628 1967 1820 2020 similia
1848 1985 1861 2032 ;
1887 1968 2077 2022 iterum
2099 1984 2249 2035 vero,

683 2057 768 2111 Vir
795 2057 1056 2128 linguosus
1079 2075 1180 2112 non
1206 2058 1448 2129 dirigetur
1485 2057 1653 2129 (Psal.
1690 2057 1810 2113 159.
1842 2059 1929 2129 12)
1961 2077 1976 2123 ;
2006 2075 2250 2114 rursum-

667 2165 770 2215 que
785 2150 1052 2214 €hristus,
1081 2150 1183 2215 Qui
1203 2151 1437 2204 irascitur
1457 2151 1608 2220 fratri
1629 2166 1721 2203 suo
1737 2151 1844 2203 sine
1858 2167 2011 2204 causa
2032 2149 2246 2220 (Matth.

668 2242 718 2295 5.
743 2241 862 2310 22);
892 2242 1190 2311 iterumque
1219 2242 1475 2310 propheta
1499 2282 1514 2306 ,
1541 2238 1848 2304 Irascimini,
1882 2251 1928 2294 et
1953 2242 2107 2294 nolite
2136 2257 2250 2311 pec-

664 2351 779 2388 mre
799 2332 968 2407 (Psal.
993 2334 1045 2388 4.
1072 2334 1129 2404 5)
1152 2349 1167 2398 ;
1195 2345 1269 2399 et,
1299 2333 1352 2386 Μ
1359 2333 1605 2387 aledictus
1627 2338 1770 2404 [uror
1785 2350 1976 2398 eorum,
2000 2335 2118 2404 quia
2137 2351 2251 2405 per-

665 2427 807 2480 tinaci:
850 2425 870 2499 (
901 2424 1027 2479 Gen.
1048 2425 1138 2481 49.
1169 2426 1202 2479 7
1231 2424 1271 2496 ).
1309 2424 1364 2480 ln
1398 2426 1634 2480 historiis
1663 2441 1794 2481 vero
1815 2468 1828 2491 ,
1862 2435 1921 2481 ut
1944 2441 2066 2481 cum
2096 2426 2249 2482 audis

668 2518 998 2572 Pharaonem
1025 2518 1103 2572 ira
1135 2533 1322 2588 magna
1353 2520 1649 2586 incensum,
1680 2505 1913 2588 itemque
1941 2519 2243 2590 Assyrium,

661 2609 751 2679 qui
780 2609 879 2664 hac
900 2610 965 2664 de
992 2623 1150 2664 causa
1179 2609 1471 2679 perierunt.
1498 2609 1726 2664 Rursum
1753 2610 1840 2680 qui
1871 2625 2055 2664 amore
2084 2625 2246 2678 pecu-

662 2703 763 2754 nitc
804 2711 991 2771 captus
1038 2709 1120 2755 est
1152 2741 1167 2766 ,
1237 2699 1418 2755 audiat
1448 2719 1463 2755 :
1493 2699 1645 2754 Nihil
1681 2718 1834 2755 avaro
1874 2702 2095 2772 iniquius
2121 2718 2140 2756 :
2164 2702 2245 2756 hic

661 2794 802 2846 enim
833 2804 880 2847 et
905 2793 1128 2846 animant
1155 2809 1300 2846 suam
1329 2793 1556 2847 uenalem
1576 2793 1774 2847 exhibet
1805 2793 1990 2864 (Eccli.
2023 2794 2110 2849 10.
2144 2794 2198 2862 9)
2226 2810 2241 2858 ;

661 2893 714 2938 et
737 2882 946 2938 Christo
974 2883 1229 2939 dicente:
1262 2881 1386 2937 Non
1434 2885 1638 2954 potestis
1678 2883 1788 2938 Deo
1815 2886 2000 2939 servire
2042 2896 2088 2939 et
2135 2903 2245 2938 ma-

660 2991 825 3029 mmia:
861 2976 880 3045 (
913 2974 1098 3029 Matth.
1142 2975 1197 3029 6.
1234 2973 1338 3046 24)
1363 2991 1376 3038 ;
1405 2975 1725 3045 etApostolo
1754 3017 1770 3043 ,
1812 2977 1986 3031 Radix
2021 2980 2244 3032 omnium

661 3067 908 3120 malorum
930 3076 1003 3122 est
1028 3065 1240 3120 avaritia
1263 3067 1310 3136 (l
1325 3103 1338 3119 .
1360 3064 1492 3120 Tim.
1514 3064 1566 3121 6.
1591 3067 1699 3137 l0);
1729 3077 1779 3122 et
1801 3068 2078 3138 propheta,
2097 3069 2243 3124 Divi-

663 3159 745 3212 tite
763 3159 805 3213 si
826 3159 1031 3228 aﬂuant
1047 3199 1062 3223 ,
1085 3158 1240 3212 nolite
1260 3175 1346 3212 cor
1362 3158 1799 3230 apponere(Psal.
1823 3160 1912 3215 6i.
1935 3160 2026 3232 10)
2052 3203 2067 3227 ,
2092 3163 2236 3216 mul-

659 3261 818 3321 taque
837 3250 939 3304 alia
965 3249 1179 3305 similia.
1199 3250 1277 3305 Ex
1309 3249 1565 3313 historiis,
1587 3250 1792 3306 habetis
1813 3252 1958 3307 Giezi
1980 3295 1995 3316 ,
2025 3252 2236 3318 Judam,

658 3344 925 3414 principes
957 3344 1251 3399 scribarum
1281 3385 1296 3409 ,
1325 3352 1381 3398 et
1427 3344 1566 3414 quod
1611 3344 1755 3398 Dona
1788 3357 2038 3400 excwcant
2068 3347 2240 3401 oculos

657 3438 962 3507 sapientium
1000 3436 1194 3510 (Exod.
1221 3438 1311 3492 23.
1333 3439 1388 3494 8.
1417 3437 1570 3493 Deut.
1594 3438 1799 3509 16.l9).
1846 3439 1999 3494 Alius
2044 3449 2127 3495 est
2151 3456 2240 3495 su-

661 3530 901 3599 perbus?
925 3530 1120 3585 Audiat
1145 3530 1274 3586 illud
1295 3571 1310 3596 ,
1344 3531 1482 3585 Deus
1507 3533 1736 3600 superbis
1756 3533 1942 3587 resistit
1971 3531 2152 3604 (Prov.
2181 3535 2235 3590 5.

655 3622 744 3688 55)
768 3637 782 3689 ;
803 3633 878 3688 et,
911 3621 1232 3695 Principium
1251 3624 1500 3693 superbia:
1515 3636 1774 3693 peccatum
1793 3624 1980 3696 (Eccli.
2005 3625 2092 3680 10.
2123 3627 2234 3694 id);

654 3723 731 3780 et,
755 3714 932 3770 Omnis
946 3715 1174 3770 sublimis
1189 3716 1340 3770 corde
1357 3716 1588 3783 impurus
1607 3716 1745 3786 apud
1765 3715 2038 3771 Dominum
2056 3717 2235 3787 (Prov.

653 3805 740 3859 16.
755 3807 833 3876 5).
858 3807 922 3861 Et
939 3806 1242 3862 in‘historiis
1266 3848 1282 3875 ,
1311 3807 1560 3878 respicite
1577 3807 1844 3863 diabolum
1861 3809 2099 3880 aliosque
2124 3825 2240 3864 om-

653 3912 768 3951 nes.
789 3896 843 3951 ln
861 3911 1067 3953 summa
1085 3896 1213 3972 (non
1233 3899 1378 3954 enim
1402 3913 1683 3968 possumus
1707 3902 1882 3956 omnia
1908 3901 2232 3974 recensere),

651 3990 844 4060 singuli
861 4006 1080 4046 suorum
1097 3989 1370 4046 vulnerum
1395 3991 1680 4063 pharmaca
1701 4009 1766 4049 ex
1789 3993 2079 4066 Scripturis
2099 3996 2237 4050 divi-

652 4085 732 4137 nis
749 4083 1006 4154 deligant:
1021 4093 1078 4140 et
1095 4085 1137 4139 si
1156 4099 1260 4140 non
1277 4094 1446 4140 totum
1463 4088 1640 4150 simul.
1659 4097 1858 4157 partem
1877 4105 2039 4144 unam
2055 4089 2234 4159 hodie,

654 4183 852 4240 partem
870 4175 1098 4231 crastina
1115 4175 1281 4242 die,et
1299 4177 1376 4233 sic
1392 4180 1566 4233 omnia
1584 4179 1802 4239 abluite.
1829 4181 1896 4236 Et
1909 4184 2046 4238 circa
2068 4186 2236 4254 poeni-

652 4266 951 4330 tentiam,et
965 4267 1104 4322 circa
1125 4267 1513 4324 confessionem
1523 4272 1682 4335 ,eirca
1698 4272 2116 4344 eleemosynam,
2133 4276 2236 4329 cir-

649 4373 711 4412 ca
727 4359 1352 4428 mquitatem,castitatem
1372 4372 1671 4432 cazteraque
1689 4365 2134 4434 omnia,exempla
2154 4381 2236 4421 re-

653 4451 849 4518 peries.
875 4449 1002 4505 Haec
1027 4451 1223 4522 quippe
1246 4453 1416 4507 omnia
1441 4455 1630 4524 scripta
1649 4465 1766 4509 sunt
1787 4455 1855 4508 ad
1875 4457 2236 4511 institutionem

663 4551 892 4596 nostram
926 4543 945 4612 (
967 4540 1122 4596 Rom.
1151 4543 1241 4599 l5.
1267 4544 1302 4599 4
1325 4544 1367 4615 ),
1398 4545 1589 4615 inquit.
1615 4546 1672 4601 Si
1703 4546 1883 4617 itaque
1910 4549 1961 4602 in
1989 4549 2233 4604 admoni-

651 4637 850 4690 tionem
876 4645 1113 4690 nostram
1142 4636 1283 4692 circa
1323 4638 1501 4692 omnia
1531 4639 1746 4694 disserit
1775 4681 1788 4700 .
1812 4641 2150 4697 attendamus
2179 4653 2235 4699 ut

653 4741 751 4795 par
771 4736 876 4781 est.
904 4726 1043 4793 Quid
1075 4726 1273 4783 frustra
1321 4743 1419 4783 nos
1450 4729 1595 4799 ipsos
1623 4730 1921 4801 decipimus
1947 4733 1971 4786 ?
2000 4733 2186 4789 Timeo
2215 4776 2230 4801 ,

650 4831 718 4870 ne
740 4816 810 4872 de
837 4817 990 4872 nobis
1017 4817 1225 4872 dicatur
1259 4835 1273 4872 :
1303 4817 1608 4890 Defecerunt
1651 4823 1706 4876 in
1734 4823 1955 4877 uanitate
1997 4824 2104 4878 dies
2133 4841 2232 4879 no-

648 4908 773 4974 stri,
802 4918 848 4962 et
893 4909 1018 4963 anni
1059 4910 1220 4965 nostri
1267 4926 1382 4964 cum
1410 4912 1766 4984 festinatione(
1796 4912 1940 4968 Psal.
1976 4914 2067 4970 67.
2091 4917 2160 4971 55
2183 4917 2227 4988 ).

646 5000 780 5068 Quis
807 5016 904 5056 nos
924 5001 1152 5056 audiens
1175 5001 1433 5058 abscessit
1459 5019 1487 5056 a
1519 5003 1741 5058 theatris
1769 5006 1791 5059 ?
1818 5007 1936 5076 quis
1962 5006 2030 5060 ab
2049 5008 2228 5062 avari-

652 5095 723 5147 tia
755 5093 959 5150 destitit
983 5095 1009 5148 Υ
1035 5096 1155 5165 quis
1181 5095 1472 5152 ferventior
1501 5095 1675 5152 factus
1704 5107 1786 5153 est
1822 5098 1890 5152 ad
1932 5099 2230 5172 eleemosy-

651 5186 818 5240 nam?
845 5187 1047 5242 Vellem
1078 5189 1217 5244 scire
1235 5229 1252 5254 ,
1284 5204 1388 5243 non
1418 5204 1569 5244 vana:
1593 5190 1780 5260 gloriae
1805 5206 1972 5247 causa
1997 5233 2013 5256 ,
2045 5193 2139 5248 sed
2173 5202 2230 5248 ut

649 5274 878 5330 alacrior
900 5278 1082 5332 ﬁerem
1115 5320 1129 5344 ,
1157 5278 1345 5334 videns
1369 5281 1642 5351 egregium
1688 5281 1933 5337 laborum
1973 5282 2227 5339 fructum.

659 5367 810 5423 Nunc
851 5380 1030 5425 autem
1065 5373 1334 5439 quomodo
1359 5374 1510 5445 operi
1536 5389 1752 5429 manum
1780 5375 2077 5432 admovebo
2104 5419 2120 5443 ,
2153 5387 2231 5432 tot

652 5459 912 5516 doctrinm
950 5461 1150 5517 imbres
1176 5462 1439 5519 demissos
1477 5464 1667 5522 videns
1687 5507 1703 5531 ,
1735 5475 1792 5521 et
1817 5476 2027 5537 segetes
2055 5469 2108 5521 in
2135 5483 2228 5522 ea-

651 5555 772 5608 dem
799 5567 1050 5609 mensura
1080 5553 1234 5609 nobis
1253 5564 1554 5622 manentes,
1588 5572 1688 5613 nec
1707 5557 1940 5628 majores
1968 5573 2088 5613 esse
2116 5558 2229 5612 fruo

651 5654 770 5700 ctus
794 5645 818 5698 τ
844 5645 1065 5700 Demum
1114 5661 1254 5701 areae
1295 5655 1506 5714 tempus
1545 5648 1699 5703 adest
1730 5690 1746 5715 ,
1787 5664 1896 5720 quo
1945 5649 2229 5705 adhibetur

647 5737 1029 5793 ventilabrum.
1055 5737 1260 5803 Timeo,
1285 5753 1354 5793 ne
1379 5747 1546 5793 totum
1577 5740 1646 5795 sit
1670 5739 1873 5795 lienam
1905 5757 1920 5794 :
1951 5742 2131 5806 timeo,
2160 5757 2230 5798 ne

651 5843 844 5888 omnes
866 5831 920 5886 in
947 5829 1215 5886 caminum
1243 5829 1614 5900 conjiciamur.
1643 5831 1908 5888 Prsateriit
1929 5842 2113 5900 testas,
2133 5849 2228 5888 ve-

653 5921 735 5979 nit
776 5920 991 5992 hiems;
1019 5922 1268 5982 sedemus
1295 5921 1521 5995 juvenes
1552 5931 1607 5980 et
1644 5938 1802 5982 senes
1828 5924 2057 5996 prepriis
2085 5925 2224 5997 capti

1403 467 1461 523 s.
1501 464 1778 522 JOANNIS
1815 461 2292 519 cunvsosrom
2329 463 2645 520 ARClllEP.
2687 465 3216 528 CONSTANTINOP.
3786 488 3852 545 ηε,

2385 578 2546 632 vitiis.
2580 581 2657 636 Ne
2687 584 2815 638 mihi
2841 585 3008 643 dicas.
3025 587 3140 642 Non
3166 597 3391 644 scortor.
3415 589 3541 658 Qua:
3569 595 3685 652 enim
3704 603 3854 668 utilitas,

2383 674 2426 722 si
2457 688 2560 724 non
2593 677 2846 729 scortaris
2873 679 3090 747 quidem
3117 720 3135 745 ,
3165 681 3257 735 sed
3284 699 3478 738 avarus
3507 689 3599 741 es?
3621 689 3766 750 Passer
3781 706 3850 758 eis;

2379 778 2486 816 non
2518 780 2582 817 ex
2614 767 2757 820 omni
2792 779 2976 836 parte,
3007 773 3106 824 sed
3130 787 3160 823 a
3191 773 3325 841 pede
3350 784 3554 830 tantum
3581 789 3855 854 teneatur,et

2377 854 2447 906 ita
2481 855 2653 922 perit,
2687 857 2737 911 in
2763 858 2952 929 laqueo
2979 862 3256 927 irretitus,
3294 882 3390 921 nec
3419 883 3623 936 prosunt
3653 878 3732 931 alae
3750 895 3854 952 capto

2375 945 2528 1012 pede.
2575 947 2662 1001 Sic
2699 959 2753 1002 et
2793 959 2846 1002 tu
2875 989 2891 1016 ,
2926 967 3032 1006 non
3063 967 3252 1024 captus
3277 973 3338 1010 es
3372 973 3465 1025 per
3494 945 3826 1028 lornicationein
3846 1018 3858 1042 ,

2371 1036 2465 1090 sed
2489 1048 2675 1108 captus
2691 1044 2917 1098 avaritia
2941 1064 2957 1098 :
2987 1056 3174 1114 captus
3194 1059 3338 1103 certe
3360 1066 3420 1105 es
3441 1069 3458 1116 ;
3482 1068 3638 1126 neque
3653 1036 3854 1131 quaeritur,

2371 1131 2643 1198 quomodo
2679 1142 2867 1202 captus
2903 1137 3012 1201 sis,
3043 1139 3136 1192 sed
3185 1141 3325 1209 quod
3357 1155 3542 1211 raptus
3568 1147 3653 1202 sis.
3675 1151 3738 1208 Ne
3765 1157 3862 1214 dicat

2363 1217 2576 1287 juvenis
2608 1239 2621 1276 :
2652 1239 2757 1278 non
2807 1240 2924 1280 sum
2957 1243 3150 1284 avarus
3187 1249 3202 1296 ;
3244 1233 3337 1286 sed
3379 1232 3516 1290 forte
3553 1237 3797 1300 fornicaris.
3816 1251 3858 1305 Et

2368 1324 2486 1378 qua:
2531 1313 2776 1369 utilitas?
2805 1315 2918 1370 Non
2963 1330 3186 1386 possunt
3215 1324 3356 1376 enim
3393 1327 3567 1381 omnia
3594 1335 3706 1387 vitia
3729 1335 3864 1397 ineo:

2365 1412 2521 1457 aetate
2537 1408 2759 1475 reperiri
2787 1449 2801 1470 ,
2841 1409 2936 1463 sed
2963 1411 3195 1467 discreta
3232 1415 3319 1468 illa
3359 1427 3516 1482 sunt,
3546 1419 3688 1492 idque
3707 1444 3780 1494 per
3801 1431 3862 1488 Dat

2364 1493 2768 1565 benignitatem,
2798 1517 2867 1556 ne
2887 1504 2929 1557 si
2949 1504 3106 1559 simul
3133 1506 3408 1576 invadant,
3425 1517 3652 1581 superari
3667 1535 3867 1589 nequeant

2363 1596 2417 1641 et
2445 1589 2659 1659 gravius
2689 1594 2842 1648 nobis
2871 1605 3141 1652 certamen
3174 1601 3509 1684 exhibentur.
3539 1605 3737 1672 Quantae
3761 1614 3865 1682 igna-

2361 1682 2461 1736 via:
2487 1699 2591 1738 non
2633 1685 2805 1751 fuerit,
2841 1705 2907 1744 ne
2935 1702 3180 1759 separata
3219 1682 3434 1763 quidem
3480 1699 3600 1752 vitia
3631 1718 3764 1770 posse
3784 1710 3865 1761 vin-

2359 1786 2503 1837 cere,
2535 1775 2627 1830 sed
2659 1792 2754 1845 per
2777 1779 3013 1850 singulas
3043 1792 3229 1838 artatas
3260 1786 3396 1840 vinci
3419 1829 3433 1850 ,
3461 1798 3617 1859 atque
3641 1795 3783 1850 altum
3807 1815 3867 1852 sa-

2359 1881 2486 1934 pere
2517 1867 2567 1920 in
2597 1869 2660 1922 iis
2687 1911 2702 1935 ,
2737 1887 2854 1940 qua:
2884 1889 2992 1927 non
3029 1890 3095 1928 ex
3138 1887 3322 1932 nostro
3351 1879 3529 1933 studio
3549 1923 3562 1944 ,
3595 1885 3680 1939 sed
3707 1903 3761 1941 et
3787 1891 3866 1957 ipsa

2356 1965 2512 2014 astate
2532 1961 2809 2028 sapiuntur
2829 1964 2851 2015 ?
2873 1964 2989 2019 Non
3019 1967 3209 2021 videtis
3229 1971 3464 2040 aurigas,
3488 1986 3678 2042 quanta
3699 1978 3871 2048 diligen-

2358 2049 2426 2103 tia
2449 2060 2502 2104 et
2527 2055 2910 2112 exercitatione
2936 2099 2950 2121 ,
2973 2065 3186 2128 quantis
3217 2061 3494 2118 laboribus
3518 2076 3726 2124 utuntur
3743 2113 3757 2133 ,
3781 2086 3872 2140 quot

2355 2140 2488 2195 cibis
2525 2143 2752 2214 aliisque
2793 2150 3042 2204 omnibus
3065 2191 3079 2212 ,
3113 2165 3171 2206 ut
3201 2169 3269 2208 ne
3295 2154 3617 2222 dejicia-ntur
3641 2161 3703 2216 de
3728 2169 3878 2218 curru?

2355 2232 2488 2289 Vide
2512 2247 2707 2306 quanta
2736 2239 2806 2294 sit
2831 2255 2940 2294 ars.
2964 2241 3100 2298 Nam
3131 2246 3212 2299 vir
3248 2248 3504 2306 robustus
3535 2269 3599 2306 ne
3628 2270 3770 2309 unum
3793 2260 3872 2325 qui-

2351 2325 2474 2380 dem
2495 2344 2687 2398 equum
2717 2344 2859 2400 smpe
2888 2333 3156 2389 moderari
3186 2339 3388 2406 possit;
3416 2340 3546 2396 dum
3571 2345 3881 2401 adolescenm-

2352 2416 2436 2472 l-us
2472 2429 2587 2474 arte
2619 2431 2776 2475 utens
2798 2465 2813 2486 ,
2857 2423 2991 2478 duos
3033 2425 3194 2482 facile
3238 2429 3559 2485 moderatur
3592 2445 3644 2488 et
3671 2437 3813 2491 ducit.
3837 2441 3878 2493 Et

2351 2510 2489 2578 apud
2520 2511 2676 2566 Indos
2703 2513 2891 2581 ingens
2914 2515 3002 2569 illa
3022 2527 3076 2570 et
3096 2516 3452 2576 formidabilis
3480 2523 3658 2578 bellua
3686 2528 3885 2595 elephas»

2349 2608 2435 2655 tus
2462 2619 2631 2672 puero
2657 2607 2958 2674 quindecim
2989 2625 3248 2664 annorum
3281 2628 3403 2666 eum
3440 2631 3636 2685 magna
3662 2620 3883 2674 alacritate

2349 2693 2544 2748 cedere
2569 2695 2783 2750 dicitur.
2808 2696 2915 2752 Cur
2939 2700 3054 2754 ba'c
3083 2715 3112 2754 a
3133 2718 3221 2756 me
3241 2702 3380 2757 dicta
3413 2707 3589 2760 sunt?
3617 2709 3742 2776 Quia
3764 2711 3800 2764 si
3818 2717 3890 2764 cle-

2350 2784 2574 2854 phantas
2621 2798 2674 2841 et
2721 2804 2889 2858 equos
2938 2792 3081 2847 fer-os
3129 2793 3308 2848 studio
3353 2806 3412 2850 et
3459 2807 3585 2853 arte
3629 2802 3885 2863 domamus;

2348 2877 2513 2930 undto
2542 2881 2708 2948 magis
2740 2880 2964 2937 allectus
2993 2895 3227 2949 nostros,
3248 2886 3338 2955 qui
3371 2888 3428 2940 in
3463 2890 3628 2945 nobis
3653 2902 3796 2956 sunt,
3815 2894 3892 2946 tin-

2343 2985 2548 3026 cemus.
2584 2972 2862 3029 Undenam
2891 2978 3211 3032 resolvimur
3235 2997 3330 3047 per
3353 2991 3531 3036 totam
3555 2987 3716 3039 vitam
3738 2986 3891 3040 ’ἔΝιιιιι-

2345 3076 2502 3130 quam
2524 3073 2692 3119 artem
2717 3066 2857 3120 illam
2879 3071 3214 3124 curavimus:
3235 3087 3542 3141 numquam
3567 3077 3665 3131 otii
3686 3087 3894 3145 tempore,

2345 3167 2373 3205 a
2397 3157 2687 3210 certamine
2709 3169 2983 3225 vacantes,
3011 3161 3148 3230 apud
3175 3178 3274 3217 nos
3295 3163 3674 3223 disseruimus
3693 3170 3890 3238 quidnam

2345 3246 2474 3301 utile
2501 3248 2589 3302 sit.
2621 3249 2768 3305 Tunc
2793 3267 2891 3306 nos
2920 3253 2972 3307 in
3001 3269 3163 3309 curru
3192 3265 3404 3313 stantes
3435 3261 3571 3328 quis
3589 3261 3792 3324 videat,
3813 3277 3898 3315 cum

2339 3349 2610 3395 certamen
2652 3343 2815 3398 instat
2847 3363 2860 3399 :
2894 3345 3014 3400 ideo
3065 3347 3268 3404 ridiculi
3297 3366 3522 3406 smnus.
3575 3355 3763 3407 Annon
3800 3369 3898 3422 srpe

2343 3429 2450 3484 dixi
2484 3450 2497 3485 :
2530 3433 2894 3490 Exerceamur
2914 3453 3032 3491 cum
3055 3439 3368 3495 domesticis
3393 3453 3539 3498 ante
3561 3442 3898 3500 tentationem’.

2339 3523 2614 3580 Adversus
2645 3544 2836 3596 pueros
2863 3545 3006 3600 saepe
3032 3532 3175 3586 domi
3199 3548 3619 3603 exasperamur
3650 3558 3663 3591 :
3695 3539 3790 3592 illic
3813 3540 3902 3591 iram

2341 3616 2590 3672 sedemus
2610 3659 2623 3682 ,
2656 3628 2713 3673 ut
2744 3621 2829 3674 illa
2861 3623 2996 3690 apud
3024 3624 3224 3678 amicos
3253 3624 3537 3683 facilitate
3582 3631 3668 3684 usi
3699 3643 3902 3698 apparea-

2341 3721 2482 3762 mus.
2526 3710 2582 3763 ln
2612 3711 2731 3765 aliis
2771 3728 2982 3782 quoque
3011 3717 3259 3771 omnibus
3290 3720 3334 3772 si
3372 3736 3810 3785 exercerentur,
3836 3736 3906 3773 non

2341 3803 2526 3871 utique
2557 3803 2607 3856 in
2641 3807 3024 3861 certaminibus
3055 3809 3262 3864 ridiculi
3284 3825 3590 3868 essemus.
3615 3815 3764 3870 Nunc
3779 3823 3910 3866 autem

2339 3907 2488 3947 arma
2519 3895 2732 3964 quidem
2761 3908 2920 3962 sunt,
2954 3901 3211 3955 exercitia
3247 3911 3299 3956 et
3341 3905 3548 3958 studia
3591 3909 3644 3959 in
3677 3908 3911 3961 artibuset

2341 3985 2758 4051 certaminibus;
2791 3987 2842 4041 in
2872 3988 3066 4042 virtute
3098 3991 3339 4045 minime.
3393 3993 3532 4048 Non
3565 3997 3785 4049 auderet
3805 3994 3907 4062 agri-

2340 4075 2455 4130 cola
2486 4076 2693 4131 vincam
2713 4079 2950 4148 aggredi,
2979 4081 3080 4134 nisi
3107 4083 3250 4150 prius
3273 4094 3444 4139 recte
3477 4088 3539 4140 in
3570 4090 3779 4141 cultura
3801 4100 3914 4140 exer-

2339 4166 2568 4233 citatus;
2599 4183 2770 4239 neque
2802 4171 3124 4240 gubernator
3164 4173 3230 4227 ad
3275 4175 3694 4244 gubernacula
3736 4178 3902 4237 sedere.

2341 4275 2445 4314 non
2474 4271 2599 4316 ante
2623 4263 2789 4329 probe
2809 4264 3132 4320 exercitatus
3165 4283 3177 4318 :
3211 4282 3319 4320 non
3351 4285 3513 4326 vero
3563 4271 3813 4342 inexperti
3829 4281 3910 4320 tum

2341 4353 2545 4418 simus,
2589 4355 2790 4422 primas
2827 4364 3010 4409 tenere
3052 4357 3323 4413 volumus.
3389 4360 3713 4430 Oporteret
3753 4373 3914 4418 tacere.

2339 4455 2614 4514 oporteret
2656 4461 2776 4500 cum
2817 4449 2964 4502 nullo
3001 4451 3436 4508 communicare
3488 4457 3587 4510 vel
3637 4456 3833 4525 negotio
3868 4448 3925 4500 id

2338 4554 2588 4595 sermone
2611 4582 2625 4605 ,
2649 4539 2824 4595 donec
2857 4556 3136 4610 possemus
3163 4542 3342 4598 feram
3379 4588 3398 4612 ,
3431 4564 3577 4618 qua:
3603 4551 3662 4602 in
3695 4548 3830 4601 nobis
3853 4551 3924 4600 εδι.

2337 4636 2595 4690 cicurare.
2641 4635 2836 4690 Annon
2885 4636 2995 4690 fera
3031 4637 3176 4691 omni
3223 4636 3503 4696 ferocior
3555 4643 3835 4698 adversum
3865 4649 3935 4689 nes

2337 4735 2576 4797 pugnant
2616 4735 2668 4780 et
2710 4725 2860 4781 furor
2903 4736 2958 4782 et
2998 4729 3475 4797 concupiscentia
3503 4734 3532 4785 ?
3585 4734 3670 4789 Ne
3715 4735 3763 4786 in
3802 4731 3933 4783 fomm

2338 4834 2530 4889 pergas
2563 4833 2682 4872 cum
2717 4818 2867 4873 hisce
2909 4819 3068 4881 feris,
3101 4820 3275 4874 donec
3311 4823 3447 4877 illis
3482 4825 3714 4881 frenum
3743 4820 3942 4893 apleim-

2338 4909 2570 4972 miseris.
2593 4908 2765 4963 donec
2806 4909 2924 4962 illas
2963 4910 3319 4964 cicuraveris.
3363 4913 3506 4969 Non
3543 4919 3706 4971 vides
3735 4917 3850 4969 i5tos
3875 4910 3940 4960 lm-

2337 5001 2532 5065 mines,
2551 4999 2639 5069 qui
2662 5009 2969 5055 mansuetos
2991 5001 3172 5055 leones
3190 5017 3289 5070 per
3310 5004 3526 5062 forum
3553 5006 3946 5064 circumducunt.

2337 5105 2593 5163 quantum
2619 5093 2895 5149 lucrentur
2920 5102 2975 5148 et
3003 5094 3054 5148 in
3083 5094 3485 5153 admiratione
3511 5103 3636 5156 sint
3662 5143 3677 5165 ,
3708 5101 3822 5169 quia
3850 5098 3946 5148 irra-

2338 5186 2574 5241 tionabili
2622 5184 2750 5240 ferte
2797 5195 2996 5239 tantam
3044 5189 3575 5247 mansuetudinem
3628 5183 3951 5248 indidereisi

2335 5293 2464 5332 vero
2494 5286 2715 5346 repente
2756 5276 2982 5332 ferociat
3014 5276 3098 5331 leo
3127 5317 3142 5341 ,
3187 5292 3416 5335 omnes
3453 5285 3560 5352 qui
3613 5286 3668 5337 in
3718 5283 3831 5337 foro
3862 5285 3952 5331 Sunt

2335 5371 2522 5439 abigit,
2554 5379 2609 5423 et
2637 5368 2826 5423 ductor
2855 5367 2971 5436 ejus
3000 5367 3363 5436 periclitatur
3402 5415 3420 5438 ,
3460 5375 3717 5446 aliisque
3743 5367 3957 5445 perniciei

2333 5476 2492 5515 causa
2521 5474 2622 5516 est.
2656 5459 2722 5513 Et
2761 5469 2817 5513 tu
2844 5475 2973 5529 ergo
3000 5459 3207 5514 leonem
3243 5463 3436 5528 prius
3474 5467 3680 5520 cicnra
3717 5509 3730 5528 .
3767 5474 3958 5526 tuncque

2334 5554 2644 5609 circumduc
2669 5554 2817 5608 illum
2844 5569 2858 5618 ;
2888 5569 2993 5608 non
3025 5562 3084 5607 ut
3123 5557 3453 5622 pecuniam
3496 5563 3753 5630 accipias
3777 5604 3791 5625 ,
3821 5557 3900 5615 sed
3920 5562 3958 5605 ui

2335 5647 2539 5702 lucrum
2570 5644 2778 5700 referas
2802 5686 2817 5710 ,
2845 5645 2930 5700 cui
2963 5660 3058 5713 par
3086 5645 3313 5700 nullum
3355 5663 3489 5705 est.
3541 5654 3700 5708 Nihil
3737 5656 3867 5706 οηίηι
3897 5663 3957 5714 pa:

2335 5749 2417 5794 est
2447 5737 2863 5801 mansuetudini,
2896 5753 3013 5807 qua:
3043 5745 3098 5791 et
3128 5739 3607 5806 possidentibus
3641 5756 3701 5802 et
3731 5743 3958 5799 utentiiazi

2335 5829 2624 5885 admodum
2652 5828 2797 5882 utilis
2827 5837 2931 5883 est.
2961 5828 3110 5882 llanc
3135 5827 3318 5896 igitur
3345 5847 3674 5892 sectemur
3703 5881 3718 5901 ,
3753 5848 3806 5890 ut
3835 5831 3948 5903 ροςεὲ

2341 5935 2461 5979 mus
2487 5929 2698 5977 Vll‘lllllS
2725 5919 2864 5975 viam
2892 5929 3135 5975 accurate
3164 5925 3419 5982 emensi
3446 5969 3466 5996 ,
3499 5939 3727 5986 mterna
3751 5913 3958 5994 conseqd
