4100 6354
171 315 249 371 219

166 432 286 487 ἄλλου
309 428 580 498 τεκμήριόν
605 428 834 499 ἐστιν,ῆ
879 426 973 482 τοῦ
1020 426 1086 481 τά
1120 427 1362 499 ὑμέτερα
1415 425 1490 497 μὴ
1544 423 1749 494 σφόδρα

165 517 404 570 διακεῖσθαι
430 515 684 583 ἀκριϐῶς.

215 604 263 656 Τί
281 600 360 656 οὖν
388 604 446 656 ἂν
473 605 707 669 γένοιτο;
739 604 798 655 οὐ
829 604 936 674 γάρ
964 603 1214 672 ἐγκαλεῖν
1240 601 1320 654 δεῖ
1343 601 1522 672 μόνον.
1567 600 1749 666 Παρα-

167 692 274 744 καλῶ
298 693 376 744 καὶ
401 691 581 760 δέομαι
612 692 684 760 μὴ
705 692 860 743 τοῦτο
892 691 1052 760 μόνον
1080 689 1234 760 ὁρᾷν,
1271 690 1419 752 ὅπως
1442 690 1520 750 εἰς
1547 685 1746 753 ίιικκλη⁸

168 782 249 832 σίαν
269 779 566 849 ὲμδάλλητε,
600 778 712 831 ἀλλ’
746 780 894 841 ὅπως
920 795 974 830 τι
992 779 1086 832 καὶ
1113 778 1370 839 λαϐόντες
1407 775 1589 828 οἴκαδε
1623 775 1758 826 ἀνα-

166 867 324 935 χωρῆτε
366 865 465 917 τῶν
504 865 717 918 οἰκείων
757 866 1044 935 φάρμακον
1095 863 1320 924 παθῶν,
1374 863 1477 916 κᾶν
1529 861 1602 931 μή
1631 859 1758 929 παρ’

166 953 293 1022 ἡμῶν,
321 952 442 1004 ἀλλὰ
471 951 618 1022 παρὰ
662 951 770 1003 τῶν
824 952 863 1003 Γ
870 952 1056 1022 ραφῶν
1119 952 1278 1021 ἔχητε
1328 950 1399 1002 τά
1449 949 1760 1018 κατάλληλα

169 1042 389 1110 φάρμακα.
416 1031 557 1102 Οἷον,
585 1037 700 1090 ἐστι
729 1056 812 1100 τις
841 1038 1100 1108 θυμικὸς;
1140 1036 1462 1109 Προσεχέτω
1490 1037 1608 1097 ταῖς
1653 1035 1762 1086 τῶν

168 1128 338 1196 Γραςῶν
365 1124 717 1194 ἀναγνώσεσι,
755 1126 847 1177 καὶ
874 1124 1090 1187 πάντως
1131 1126 1355 1194 εὐρήσει
1384 1123 1416 1192 ἦ
1467 1125 1523 1174 ἐν
1555 1121 1764 1191 ἱστορίᾳ

169 1213 478 1283 ἠπαραινέσει
510 1228 524 1242 ⁸
549 1214 607 1264 ἐν
634 1213 954 1282 παραινέσει
979 1211 1100 1281 μὲν.
1128 1212 1254 1265 ὅταν
1286 1211 1532 1280 λέγηται,
1566 1209 1636 1262 Ἠ
1655 1209 1762 1276 ρο-

169 1299 222 1363 .τὴ
239 1298 320 1352 τοῦ
347 1296 528 1366 θυμοῦ
553 1298 741 1351 αὐτοῦ
767 1297 994 1362 πτῶσις
1020 1295 1181 1362 αὑτῴ
1206 1313 1220 1328 ’
1273 1298 1388 1358 καὶ,
1440 1295 1616 1361 Ἀνὴρ
1660 1298 1764 1347 θυ-

167 1387 420 1454 μάιδηςούκ
440 1385 785 1453 εὐσχήμων,
810 1386 907 1438 καὶ
963 1386 1064 1437 ὅσα
1111 1383 1376 1436 τοιαῦτα·
1434 1382 1529 1435 καὶ
1581 1379 1764 1444 πάλιν,

178 1473 300 1541 ’Δνίιρ
324 1472 679 1540 γλωσσώδης
723 1475 793 1526 οὐ
823 1471 1371 1537 κατευθυνθιξσεται
1394 1488 1406 1500 ’
1453 1471 1547 1522 καὶ
1570 1469 1598 1519 6
1636 1468 1767 1538 Χρι-

173 1560 252 1622 πὸς
276 1559 434 1620 πάλιν,
469 1559 529 1612 Ὀ
551 1558 924 1628 ὀργιζόμενος
951 1557 1030 1622 τῷ
1063 1554 1301 1626 ἀδελφῷ
1337 1557 1522 1610 αὑτοῦ
1581 1553 1714 1620 εικῆ
1749 1570 1763 1584 ·

171 1650 230 1700 zz".
245 1649 374 1700 πάλιν
400 1651 426 1700 6
454 1650 760 1718 προφήτης,
785 1645 1128 1714 Ὁργίζεσθε,
1155 1646 1254 1699 καὶ
1273 1644 1356 1714 μὴ
1374 1644 1760 1711 ιὶμαρτάνετεο

171 1737 244 1797 καὶ,
273 1735 707 1802 Ἐπικατάρατος
728 1737 760 1787 ὁ
786 1733 970 1802 θυμὸς
993 1733 1209 1796 αὐτῶν,
1247 1733 1337 1785 ὅτι
1368 1729 1651 1796 αὐθάδης.
1675 1730 1766 1781 Ἐν

172 1824 205 1875 Ξὲ
231 1823 472 1893 ἱστορίαις.
505 1817 619 1874 οἷον
660 1823 788 1875 ὅταν
819 1821 1023 1892 ἀκούῃς
1056 1821 1146 1873 τὸν
1174 1820 1374 1890 Φαραὼ
1417 1818 1616 1890 πολλῆς
1667 1819 1767 1886 ἐμ-

173 1911 480 1979 πεπλησμένον
506 1911 707 1981 ὀργῆς,
738 1911 832 1962 καὶ
872 1909 962 1961 τὸν
995 1908 1309 1978 Ἀσσύριον,
1345 1911 1439 1960 καὶ
1470 1907 1558 1959 διά
1611 1904 1768 1958 τοῦτο

169 1997 516 2067 ἀπολλυμένους.
571 1997 743 2049 Πάλιν
771 1996 887 2049 ἐστι
947 2013 1030 2058 τις
1067 1994 1374 2066 ἡττώμενος
1423 1993 1762 2063 χρημάτωνς

170 2086 363 2149 ἀκουέτω,
380 2087 456 2139 ὅτι
486 2086 865 2154 Φιλαργύρου
906 2083 1088 2138 οὐδὲν
1123 2082 1495 2152 ἀνομώτερον
1520 2098 1533 2110 ·
1593 2076 1774 2144 οὗτος

169 2174 238 2244 γὰρ
260 2176 336 2228 καὶ
370 2175 479 2242 τὴν
507 2174 728 2244 ψυχὴν
759 2174 946 2228 αὐτοῦ
987 2186 1011 2212 ⁸
1046 2172 1388 2240 ἔκπρακτον
1421 2169 1580 2222 ποιεῖ
1603 2185 1614 2198 ·
1676 2170 1770 2221 καὶ

166 2261 226 2313 τοῦ
250 2263 452 2333 Χριστοῦ
484 2263 758 2330 λέγοντος,
781 2265 862 2315 Οὐ
886 2261 1151 2314 δύνασθε
1187 2257 1307 2322 Θεῷ
1336 2257 1652 2311 δουλεύειν
1671 2255 1770 2309 καὶ

165 2344 347 2412 μαμωνᾷ
372 2365 383 2376 ⁸
419 2347 507 2398 καὶ
535 2345 636 2398 τοῦ
680 2344 1030 2406 Ἀποστόλου,
1063 2343 1191 2394 ’Ὅτι
1216 2340 1348 2409 ῥίζα
1380 2340 1620 2392 πάντων
1654 2337 1774 2390 τῶν

168 2427 312 2479 κακῶν
332 2429 490 2480 ἐστιν
510 2429 546 2496 ὴ
587 2427 946 2496 φιλαργυρία
965 2444 978 2455 ’
1010 2426 1103 2479 καὶ
1125 2423 1220 2476 τοῦ
1257 2423 1554 2492 προφήτου,
1582 2420 1773 2474 Πλοῦ-

167 2525 232 2573 τίς
279 2511 371 2562 ἐὰν
406 2510 534 2579 ῥέῃ,
597 2508 683 2578 μὴ
742 2509 1138 2578 προστίθεσθε
1172 2505 1448 2572 καρδίαν,
1477 2503 1773 2557 καὶπολλὰ

167 2597 279 2667 ἔτερα
301 2599 525 2653 τοιαῦτα.
566 2599 676 2650 Καὶ
711 2599 816 2650 ἀπὸ
844 2596 1092 2666 ἱστοριῶν
1115 2596 1205 2648 τὸν
1225 2594 1406 2663 Γιεζῆ,
1440 2593 1531 2645 τὸν
1549 2591 1770 2654 Ἰούδαν,

167 2685 251 2745 τοὺς
279 2686 519 2754 ἄρχοντας
543 2685 664 2737 τῶν
697 2683 1099 2755 Γραμματέων,
1131 2682 1226 2734 καὶ
1271 2682 1353 2733 δτι
1403 2679 1566 2746 Δῶρα
1607 2679 1776 2731 ἐκτυ-

168 2769 624 2840 μλοῖὸρθαλμοὺς
656 2770 886 2839 σοφῶν.
924 2769 1116 2833 Ἀλλος
1181 2769 1332 2822 ἐστὶν
1390 2767 1773 2837 ὐπερήφανος;

176 2857 400 2919 ’Ᾱκουέτω,
441 2861 521 2912 δτι
573 2858 1011 2927 ’Υπερηςςάνοις
1063 2855 1484 2910 ἀντιτάσσεται
1522 2857 1552 2908 ὀ
1588 2853 1730 2917 Θεός
1760 2870 1773 2882 ·

169 2942 243 3000 καὶ,
262 2943 416 3011 Ἀρχὴ
450 2945 877 3010 ὑπερηφανίας
905 2942 1159 3009 ἁμαρτία
1179 2957 1193 2971 ·
1223 2939 1340 3001 καὶ,
1387 2936 1513 3003 Πᾶς
1555 2940 1778 3005 131.577.10-

170 3028 349 3095 κὰρδιος
373 3029 713 3096 ἀκάθαρτος
743 3030 900 3097 παρὰ
932 3029 1140 3096 Κυρίῳ.
1174 3027 1282 3080 Καὶ
1314 3029 1368 3078 ἐν
1393 3025 1654 3096 ἱστορίαις
1687 3023 1778 3076 τὸν

169 3114 367 3180 διάϐολον,
393 3119 480 3172 καὶ
515 3119 652 3180 τοὺς
686 3117 875 3179 ἄλλους
905 3116 1170 3177 ἅπαντας.
1227 3114 1332 3166 Καὶ
1375 3113 1511 3175 ὅλως
1555 3111 1637 3182 (οὐ
1669 3113 1778 3181 γὰρ

170 3204 222 3257 iv:
238 3208 381 3260 πάντα
409 3206 758 3274 καταλέγειν)
789 3205 1020 3268 ἕκαστος
1055 3203 1164 3258 τῶν
1197 3202 1412 3257 οἰκείων
1456 3200 1780 3274 τραυμάτων

171 3292 215 3344 τά
235 3296 464 3366 φάρμακα
490 3296 607 3349 ἀπὸ
625 3295 736 3347 τῶν
763 3294 921 3348 θείων
957 3292 1189 3364 Γραφῶν
1216 3291 1488 3360 ἐκλεγέτω
1509 3307 1523 3322 ο
1557 3291 1656 3343 κᾶν
1705 3290 1780 3360 μὴ

171 3381 210 3432 τὸ
230 3384 341 3446 ὅλον,
365 3387 523 3454 μέρος
550 3383 686 3451 γοῦν
709 3383 971 3452 τήμερον,
997 3381 1087 3434 καὶ
1111 3380 1277 3450 μέρος
1303 3379 1514 3451 αὔριον,
1557 3373 1676 3431 εἶτα
1722 3380 1782 3430 τὸ

173 3467 608 3540 ἰλονάπονίψασθε.
640 3470 750 3522 Καὶ
783 3469 915 3540 περὶ
954 3466 1243 3537 μετανοίας
1265 3467 1342 3526 δὲ.
1365 3466 1459 3519 καὶ
1489 3466 1616 3536 περὶ
1665 3466 1783 3529 ἐξο-

174 3556 466 3626 μιλογήσεως.
530 3557 633 3609 καὶ
667 3557 794 3626 περὶ
846 3555 1234 3624 ἐλεημοσύνης,
1288 3554 1386 3606 καὶ
1437 3553 1566 3624 περ).
1615 3553 1784 3604 ἐπιει-

174 3648 296 3711 κείας,
349 3650 436 3701 καὶ
465 3646 602 3718 περὶ
666 3645 1040 3716 σωφροσύνης,
1089 3644 1184 3696 καὶ¹
1233 3643 1360 3717 περὶ
1418 3643 1634 3696 πάντων
1691 3643 1782 3694 εὐ-

176 3736 282 3803 ρήπι
308 3737 462 3789 πολλὰ
491 3735 940 3806 παραδείγματα.
1006 3731 1195 3786 Ταῦτα
1227 3731 1335 3800 γὰρ
1359 3729 1556 3783 πάντα
1609 3728 1784 3799 ἐκρὰα

175 3839 227 3884 gn
245 3825 367 3887 πρὸς
383 3826 714 3876 νουθεσίαν
743 3820 930 3889 ἡμῶν,
965 3819 1150 3888 φησίν.
1199 3820 1262 3871 Εἰ
1291 3818 1472 3870 τοίνυν
1500 3817 1635 3887 πρὸς
1665 3834 1788 3869 νου-

176 3905 357 3978 θεςίκνή
367 3910 476 3978 μῶν
504 3909 642 3979 περὶ
685 3907 902 3960 πάντων
937 3906 1266 3973 διαλέγεται,
1306 3904 1663 3974 προσέχωμεν
1712 3903 1788 3967 ώς

175 3993 227 4041 ξεῖ
249 3998 533 4065 προσέχειν.
583 3995 649 4046 Τί
705 3995 884 4063 μάτην
933 3993 1156 4055 ἑαυτοὺς
1200 3991 1536 4060 ἀπατῶμεν;
1585 3990 1788 4042 Φοϐοῦ-

179 4093 244 4144 μαι
272 4081 312 4143 δ,
342 4084 409 4153 μή
443 4083 539 4136 καὶ
584 4081 711 4151 ’περὶ⁵
735 4081 892 4150 ἡμῶν
917 4079 1046 4151 εἴπῃ
1079 4095 1183 4142 τις,
1218 4077 1303 4130 ὅτι
1372 4077 1688 4141 Ἐξέλιπον
1721 4077 1791 4130 ἐν

175 4171 450 4235 ματαιότητι
480 4173 542 4222 αἱ
571 4168 781 4237 ἡμέραι
822 4165 1007 4234 ἡμῶν,
1056 4165 1153 4217 καὶ
1189 4164 1260 4217 τὰ
1289 4165 1391 4230 ἐτη
1428 4162 1600 4229 ἡμῶν
1639 4165 1790 4232 μετὰ

179 4254 415 4320 σπουδῆς.
437 4257 534 4318 Τίς
571 4253 784 4306 ἁκούων
818 4252 976 4322 ἡμῶν
1007 4253 1216 4320 ἀπέστη
1242 4249 1519 4319 θεάτρων;
1548 4249 1630 4312 τίς
1657 4250 1791 4302 ἁπέ-

179 4341 572 4406 ςτηπλεονεξίαςς
592 4343 675 4403 τίς
699 4340 1103 4410 προθυμότερος
1138 4337 1328 4407 γέγονε
1345 4355 1406 4389 πε
1417 4337 1471 4408 ρὶ
1491 4337 1793 4407 ἐλεημοσύ-

179 4440 276 4491 νην;
307 4428 634 4500 ἘΕουλόμην
655 4427 868 4498 μαθεῖν,
901 4426 1022 4496 οὐχ).
1073 4423 1377 4490 κενοδοξίας
1404 4423 1612 4489 ἕνεκεν,
1676 4422 1792 4476 ἀλλ’

179 4509 279 4567 «Ima
297 4518 541 4583 γενέσθαι
577 4515 1003 4588 προθυμότερος,
1032 4511 1283 4583 λαμπρὸν
1306 4511 1432 4564 ὅντα
1461 4510 1553 4564 τὸν
1586 4511 1794 4581 καρπὸν

180 4600 257 4652 τῶν
275 4605 432 4656 πόνων
460 4603 630 4676 δρῶν.
670 4602 784 4654 Νῦν
810 4603 866 4654 δὲ
889 4602 1005 4666 πῶς
1028 4601 1236 4671 ἅψομαι
1260 4601 1360 4670 τῆς
1388 4599 1672 4668 ἐργασίας,
1701 4615 1792 4651 το-

184 4689 350 4755 σούτους
375 4693 471 4762 μὲν
494 4692 689 4754 ὑετοὺς
715 4691 855 4763 ὁρῶν
879 4690 1358 4760 καταφερομένους
1399 4689 1498 4759 τῆς
1543 4687 1796 4741 διδασκαο

183 4773 284 4838 λίας,
311 4779 443 4832 τὰδὲ
475 4779 608 4851 λήῖα
637 4781 770 4848 ἡμῖν
803 4778 898 4830 ἐπὶ
928 4776 1022 4830 τοῦ
1071 4775 1236 4829 αὐτοῦ
1288 4775 1487 4846 μέτρου
1549 4775 1794 4845 μένοντα,

185 4863 249 4912 καὶ
271 4866 407 4919 οὐδὲν
443 4866 782 4938 ὑψηλότερον
811 4865 882 4918 τὰ.
902 4865 1219 4936 γεννήματα
1251 4863 1551 4932 γενόμενας
1598 4861 1799 4916 Λοιπὸν

184 4949 294 5018 ὁτῆς
310 4951 412 5004 ᾶλω
445 4953 642 5024 καιρὸς
667 4952 987 5022 ἐφέστηκεν,
1021 4953 1050 5003 6
1077 4950 1138 5002 τὸ
1162 4949 1328 5003 πτύον
1352 4948 1510 5019 ἔχων.
1551 4947 1794 5012 Δέδοικα,

187 5035 238 5103 μὴ
276 5037 329 5090 τὸ
376 5042 480 5093 πᾶν
519 5036 776 5112 χόρτος
809 5055 824 5070 ·
853 5039 1088 5102 δέδοικα,
1127 5037 1201 5109 μὴ
1250 5036 1388 5105 πρὸς
1425 5037 1524 5106 τὴν
1569 5037 1800 5106 κάμινον

187 5122 526 5198 ἀπενεχθιῦμεν
565 5129 823 5189 ἅπαντες.
864 5126 1115 5196 Παρῆλθε
1155 5124 1334 5196 Θέρος,
1379 5120 1510 5195 ἦλθε
1546 5123 1750 5194 χειμών
1782 5139 1796 5153 ⁶

187 5211 418 5281 κειθήμεθα
443 5216 541 5269 καὶ
564 5215 673 5269 νέοι
700 5216 792 5268 καὶ
820 5214 1074 5284 γέροντες
1094 5216 1205 5277 τοῖς
1223 5213 1442 5272 οἰκείοις
1455 5213 1800 5280 ἁλισκόμενοι

189 5291 511 5372 [ὕῆπάθεσι.
535 5304 625 5374 Μή
644 5320 736 5374 μοι
768 5303 948 5374 εἴπῃς,
983 5303 1062 5355 ὅτι
1078 5303 1152 5355 Οὐ
1180 5301 1446 5372 πορνεύω.
1465 5302 1528 5353 Τί
1551 5301 1659 5371 γὰρ
1676 5301 1802 5369 ὄφε-

189 5383 266 5449 λος,
313 5391 371 5444 ἂν
430 5393 506 5461 μὴ
567 5390 838 5463 πορνεύῃς
893 5391 1012 5460 μὲν,
1067 5390 1471 5459 φιλοχρήματος
1511 5389 1566 5442 δὲ
1601 5385 1704 5461 ᾕς;
1741 5391 1800 5443 ’0

190 5473 397 5539 στρουθὸς
422 5476 529 5530 κᾶν
562 5476 636 5546 μὴ
662 5475 939 5537 ἐκπαντὸς
972 5473 1193 5545 μέρους,
1227 5474 1341 5526 ἀλλ’
1371 5473 1478 5526 ἀπὸ
1511 5474 1605 5526 τοῦ
1644 5475 1801 5537 ποδὸς

188 5558 438 5631 κατέχηται
475 5563 654 5634 μόνον,
680 5564 775 5616 καὶ
799 5561 971 5623 οὕτως
995 5560 1264 5620 ἀπόλωλε,
1299 5561 1390 5613 καὶ
1423 5563 1479 5613 ἐν
1513 5564 1575 5630 τῇ
1619 5561 1801 5629 παγίδι

188 5638 366 5712 ἕστηκε,
399 5652 494 5704 καὶ
524 5652 628 5703 τῶν
652 5649 864 5722 πτερῶν
893 5648 1082 5718 ὄφελος
1109 5649 1281 5710 οὐδὲν,
1309 5647 1400 5700 τοῦ
1433 5649 1591 5712 ποδὸς
1635 5666 1799 5701 κατε-

189 5734 394 5799 χῡμένου.
425 5739 579 5792 Οὕτω
597 5741 688 5793 καί⁵
725 5740 812 5804 σὺ,
860 5739 960 5807 οὐχ
1000 5738 1170 5801 ἑάλως
1222 5737 1310 5790 διὰ
1359 5738 1634 5808 πορνείας.
1686 5737 1801 5790 ἀλλ’
1829 5789 1860 5810 Γ

238 5882 260 5950 ξ
303 5885 532 5953 Slc_tres.
579 5903 726 5947 mam;
775 5888 942 5938 Manu“.
975 5890 1259 5953 ἐμπρακτω,
1285 5889 1424 5938 male.
1456 5887 1586 5938 Emr.
1653 5887 1682 5928 ιι
1705 5888 1801 5935 Φο-

195 5941 332 6004 Mm
369 5950 509 6000 deest
543 5954 589 6002 in
625 5941 917 6016 quibusdam
950 5941 1065 5999 ωὲε.

1209 310 1272 364 IN
1311 307 1491 365 ACTA
1519 301 2052 362 APOSTULORUM.
2096 303 2327 362 IIOMIL.
2369 303 2562 360 XXIX.

3416 315 3522 372 29.0

1855 423 2028 483 ἑάλως
2057 423 2145 476 διὰ
2163 423 2530 494 φιλαργυρίας
2551 439 2566 455 ο
2601 423 2775 486 ἑάλως
2811 424 3030 494 μέντοι·
3058 427 3117 480 τὸ
3153 427 3209 482 δὲ
3251 420 3524 506 ζητούμε-

1853 527 1963 572 νον,
1995 511 2055 562 οὐ
2080 511 2195 574 πῶς
2221 511 2414 574 ἑάλως,
2437 511 2554 565 ἀλλ⁹
2575 512 2656 564 ὅτι
2687 511 2876 575 ἑάλως.
2905 512 2995 582 Μὴ
3009 511 3214 582 λεγέτω
3233 518 3261 570 6
3282 518 3420 585 νέος,
3443 521 3524 574 δτι

1863 599 1977 650 Οὐκ
2008 599 2124 666 εἰμὶ
2158 597 2565 669 φιλοχρήματος
2592 614 2606 630 ’
2665 598 2778 651 ἀλλ’
2815 599 2944 662 ἴσως
2984 602 3284 672 πορνεύεις.
3318 606 3428 659 Καὶ
3472 605 3527 659 τί

1857 685 1917 738 τὸ
1943 685 2131 753 ὄφελος
2162 686 2324 739 πάλιν
2349 703 2364 751 ;
2395 687 2516 740 οὐδέ
2539 687 2652 758 γὰρ
2669 687 2892 740 δυνατὸν
2915 688 3094 742 πάντα
3115 689 3185 744 τὰ
3213 693 3361 762 πάθη
3385 694 3527 750 κατὰ

1863 773 1991 843 μίαν
2010 776 2144 844 ἡμῖν
2174 773 2389 844 ἡλικίαν
2413 775 2724 844 ἐπιστῆναι,
2758 773 2892 827 ἀλλὰ
2926 774 3229 846 διώρισται,
3254 781 3348 834 καὶ
3371 780 3528 835 τοῦτο

1857 861 1945 914 διὰ
1968 861 2067 930 τὴν
2095 860 2188 913 τοῦ
2221 859 2358 913 Θεοῦ
2385 859 2814 930 φιλανθρωπίαν,
2832 861 2972 916 ὥστε
3000 864 3075 933 μὴ
3092 864 3304 937 ἀθρόως
3354 870 3531 923 ἐπιτε.

1862 951 2024 1005 θέντα
2075 951 2352 1021 ἀχείρωτα
2392 951 2670 1020 γενέσθαι,
2717 953 2815 1006 καὶ
2867 952 3252 1027 χαλεπωτέραν
3269 959 3401 1028 ἡμῖν
3430 959 3531 1030 τήν

1862 1041 1998 1111 πρὸς
2015 1040 2154 1093 αὐτὰ
2180 1039 2357 1110 πάλην
2383 1040 2741 1110 καταστῆναι.
2759 1040 2941 1112 Πόσης
2960 1041 3058 1096 οὐκ
3081 1041 3147 1097 ἂν
3169 1044 3254 1113 εἴη
3279 1045 3527 1110 νωθείας,

1866 1128 1999 1198 μηδὲ
2029 1127 2374 1200 διῃρημένων
2399 1127 2661 1182 δύνασθαι
2711 1130 2935 1200 κρατεῖν
2976 1128 3085 1183 τῶν
3144 1131 3358 1194 παθῶν,
3390 1133 3532 1187 άλλά

1863 1216 1984 1269 καθ’
2018 1217 2246 1269 ἕκαστον
2271 1215 2535 1285 ἡττᾶσθαι
2556 1215 2766 1286 καιρὸν,
2785 1217 2878 1270 καὶ
2909 1217 3054 1286 μέγα
3076 1221 3397 1288 φρωεῖνέπὶ
3417 1221 3534 1274 τού-

1863 1320 1977 1367 τοις
1995 1307 2107 1368 τοῖς
2127 1305 2311 1358 οὐκέκ
2341 1305 2440 1374 τῆς
2460 1304 2736 1374 ἡμετέρας
2755 1304 3010 1374 σπουδῆς,
3031 1305 3144 1358 ἀλλ’
3169 1307 3228 1372 ἐξ
3255 1308 3423 1378 αὐτῆς
3435 1311 3534 1378 τῆς

1865 1387 2078 1457 ἡλικίας
2104 1387 2544 1457 κοιμιζομένοις;
2591 1388 2704 1457 Οὐχ
2730 1389 2895 1458 ὁρᾶτε
2925 1388 3051 1451 τοὺς
3079 1390 3350 1460 ἡνιόχους,
3390 1391 3532 1462 πόσῃ

1867 1473 2121 1544 ἀκριϐείᾳ
2138 1473 2232 1524 καὶ
2252 1472 2529 1542 γυμνασίᾳ
2544 1473 2638 1524 καὶ
2668 1471 2850 1536 πόνοις
2867 1472 3182 1544 κέχρηνται,
3211 1475 3305 1527 καὶ
3322 1476 3534 1538 σιτίοις,

1867 1563 1959 1614 καὶ
1981 1564 2090 1624 τοῖς
2116 1561 2293 1624 ἄλλοις
2319 1561 2543 1625 ἅπασιν,
2575 1562 2717 1615 ὥστε
2743 1561 2819 1630 μή
2833 1562 3276 1633 καταϐληθέντας
3304 1563 3412 1616 ἀπὸ
3427 1565 3537 1617 τῶν

1866 1649 2129 1718 ἁρμάτων
2162 1647 2421 1718 σύρεσθαι
2448 1666 2464 1715 ;
2503 1648 2653 1717 Ὅρα
2685 1649 2810 1702 ὅσον
2841 1649 2958 1702 ἐστὶ
2988 1649 3175 1721 τέχνη.
3226 1650 3391 1720 ’Δνὴρ
3435 1651 3536 1720 μὲν

1868 1736 1974 1806 γάρ
1997 1737 2239 1806 ἀνδρεῖος
2265 1736 2364 1788 οὐκ
2405 1734 2471 1790 ἂν
2498 1735 2616 1800 ἐνὸς
2657 1735 2826 1789 ἵππου
2866 1736 3126 1800 πολλάκις
3163 1738 3534 1808 περιγένοιτοο

1872 1823 2225 1894 μειρακίσκος
2251 1823 2308 1876 δέ
2338 1825 2404 1894 τῇ
2446 1822 2614 1894 τέχνῃ
2666 1822 2928 1886 πολλάκις
2972 1823 3098 1887 τοὺς
3143 1824 3235 1877 δύο
3277 1825 3538 1890 ἀναδεξά-

1873 1929 2051 1981 μενος,
2079 1910 2201 1978 άγει
2229 1911 2465 1973 εὐκόλως
2484 1910 2776 1981 καὶφέρει.
2802 1911 2913 1964 Καὶ
2933 1911 2991 1963 ἐν
3017 1910 3199 1974 Ἰνδοῖς
3229 1911 3286 1965 δὲ
3310 1911 3370 1965 τὸ
3398 1915 3542 1982 μέγα

1871 1997 2058 2069 θηρίον
2087 1998 2179 2050 καὶ
2208 1997 2436 2068 φοϐερὸν
2463 1996 2574 2050 τῶν
2613 1996 2919 2067 ἐλεφάντων
2963 1997 3180 2066 λέγεται
3228 1999 3321 2051 καὶ
3381 2000 3543 2052 δεκα-

1871 2081 2158 2133 πενταέτει
2188 2079 2341 2132 παιδὶ
2369 2080 2612 2148 γεγονότι
2639 2080 2775 2150 μετά
2800 2079 3001 2151 πολλῆς
3028 2080 3198 2134 είκειν
3216 2084 3316 2149 τῆς
3335 2081 3543 2153 προθυ-

1874 2167 2022 2237 μίας.
2053 2167 2118 2220 Τί
2145 2167 2208 2235 δὴ
2231 2167 2406 2220 ταῦτά
2446 2183 2534 2237 μοι
2563 2166 2814 2238 είρηται;
2858 2167 2980 2220 ’Ὁτι
3013 2168 3063 2219 εί
3105 2167 3404 2237 ἐλέφαντας
3450 2169 3544 2220 καὶ⁷

1871 2258 2070 2317 ἵππους
2093 2256 2316 2325 ἀγρίους
2367 2255 2609 2324 ἄγχομεν
2663 2253 3073 2318 σπουδάζοντες,
3119 2254 3298 2325 πολλῷ
3342 2253 3544 2324 μᾶλλον

1871 2342 1940 2395 τὰ
1972 2342 2117 2411 πάθη
2157 2342 2224 2395 τά
2251 2343 2308 2394 ἐν
2343 2343 2497 2412 ἡμῖν.
2557 2339 2726 2394 Πόθεν
2768 2339 3075 2410 ἐκλυὸμεθα
3114 2340 3405 2403 διαπαντὸς
3448 2340 3544 2394 τοῦ

1874 2432 1988 2503 βίου
2017 2451 2031 2499 ;
2058 2433 2323 2487 Οὐδέποτε
2354 2431 2452 2502 τὴν
2482 2430 2678 2501 τέχνην
2726 2430 3135 2501 ἐμελετήσαμεν
3173 2429 3378 2500 ταύτην
3398 2445 3412 2459 '
3455 2431 3547 2483 οὐσ

1870 2522 2060 2575 δέποτε
2085 2522 2144 2573 ἐν
2173 2519 2350 2592 καιρῷ
2383 2520 2578 2590 σχολῆς
2607 2517 2708 2572 οὐκ
2729 2519 2880 2582 ὄντος
2903 2516 2998 2570 τοῦ
3032 2518 3241 2586 ἀγῶνος
3270 2517 3548 2588 διελέχθη-

1876 2628 1977 2681 μεν
2005 2610 2141 2682 πρὸς
2161 2609 2386 2672 ἑαυτούς
2412 2625 2466 2661 τι
2486 2607 2594 2660 τῶν
2624 2607 2932 2679 χρησίμων.
2958 2606 3091 2659 Τότε
3122 2607 3269 2676 ἡμᾶς
3310 2606 3404 2659 ἐπὶ
3450 2605 3545 2659 τοῦ

1873 2697 2122 2770 ἅρματος
2153 2697 2394 2759 ἑστῶτας
2427 2707 2449 2734 ο
2487 2695 2588 2749 ἴδοι
2619 2713 2702 2759 τις
2725 2694 2812 2759 άν,
2843 2695 2934 2748 ὅτε
2981 2697 3011 2748 6
3051 2692 3200 2762 ἀγὼν
3232 2693 3548 2763 παραγένη-

1874 2803 1986 2840 ται.
2009 2786 2110 2840 Διά
2138 2785 2395 2838 τοιτοῦτο
2418 2782 2815 2852 καταγέλαστοί
2846 2785 3035 2854 ἐσμεν.
3062 2783 3175 2836 Οὐκ
3203 2777 3354 2836 εἷπον
3401 2782 3546 2843 ,πολ-

1876 2873 2054 2936 λάκις,
2083 2871 2492 2943 γυμναζώμεθα
2509 2871 2644 2942 πρὸς
2672 2871 2798 2934 τοὺς
2824 2871 3058 2942 οἰκείους
3093 2869 3200 2942 πρὸ
3230 2869 3326 2922 τοῦ
3357 2887 3550 2940 πειρα-

1879 2960 2052 3030 opai];
2084 2959 2228 3031 Πρὸς
2252 2961 2376 3023 τοὺς
2401 2959 2594 3022 παῖδας
2616 2958 2709 3012 ἐπὶ
2734 2957 2834 3026 τῆς
2863 2956 3041 3020 οίκίας
3087 2957 3345 3020 πολλάκις
3379 2972 3550 3027 παροα

1878 3048 2145 3119 ξυνόμεθα
2163 3066 2176 3079 ·
2212 3046 2529 3118 κατέχωμεν
2552 3048 2666 3100 ἐκεῖ
2692 3045 2782 3098 τὸν
2803 3045 2992 3115 θυμὸν,
3017 3046 3106 3100 ἵνα
3134 3045 3373 3108 εὐκόλως
3390 3044 3545 3113 αὐτῴ

1878 3137 1970 3189 ἐπὶ
2022 3135 2130 3188 τῶν
2186 3135 2353 3203 φίλων
2395 3133 2725 3206 κεχρημένοι
2771 3132 3112 3205 φαινώμεθα.
3148 3133 3258 3186 Καὶ
3297 3133 3389 3186 ἐπὶ
3439 3132 3551 3186 τῶν

1879 3225 2054 3282 ἄλλων
2080 3222 2333 3279 ἁπάντων
2361 3224 2410 3276 εί
2433 3221 2874 3292 ἐγυμναζόμεθα,
2900 3223 3000 3274 οὐκ
3027 3221 3092 3274 ἂν
3121 3221 3179 3274 ἐν
3205 3222 3317 3284 τοῖς
3343 3220 3551 3288 ἀγῶσιν

1877 3311 2022 3387 ἦμεν
2067 3313 2484 3381 καταγέλαστοι.
2531 3310 2646 3364 Νῦν
2701 3310 2758 3364 δὲ
2795 3309 2935 3363 ὅπλα
2977 3309 3076 3380 μὲν
3099 3308 3210 3362 τῶν
3241 3307 3412 3363 ἄλλων
3452 3308 3548 3360 καὶ

1881 3399 2156 3468 γυμνάσια
2182 3396 2278 3449 καὶ
2317 3395 2536 3465 μελέται
2562 3395 2690 3459 είσὶ,
2717 3395 2810 3447 καὶ
2851 3393 3056 3464 τεχνῶν
3108 3393 3204 3446 καὶ
3246 3390 3554 3460 παλαισμά-

1881 3503 1990 3538 των
2019 3499 2033 3514 ·
2067 3484 2267 3556 ἀρετῆς
2297 3483 2355 3536 δὲ
2382 3481 2640 3553 οὐδαμοῦ.
2675 3482 2788 3534 Οὐκ
2809 3481 2874 3536 ἂν
2906 3479 3229 3551 τολμήσειεν
3259 3479 3289 3530 6
3309 3476 3551 3548 γεωργὸς

1883 3573 2129 3644 ἀμπέλου
2164 3571 2426 3641 ἅψασθαι,
2471 3571 2546 3642 μὴ
2592 3571 2858 3642 πρότερον
2899 3567 3080 3631 καλῶς
3111 3565 3447 3636 γυμνασθεὶς
3485 3567 3551 3618 τὰ

1883 3658 2166 3728 γεωργικά
2195 3674 2208 3687 ο
2241 3657 2362 3710 οὐδὲ
2383 3659 2411 3710 6
2442 3656 2782 3726 κυϐερνήτης
2808 3655 2898 3708 ἐπὶ
2933 3651 3266 3728 τῶνρὶάκων
3309 3649 3550 3707 καθίσαι.

1889 3748 1963 3818 μὴ
1987 3745 2248 3818 πρότερον
2277 3743 2762 3815 ἐγγυμνασάμενος
2798 3740 2981 3802 καλῶς
3011 3755 3024 3769 °
3057 3741 3221 3810 ἡμεῖς
3247 3738 3306 3791 δὲ
3353 3737 3556 3808 ἀμελέ⁴

1886 3851 2036 3904 τητοι
2072 3832 2249 3906 πάντῃ
2281 3831 2659 3902 τυγχάνοντες,
2685 3828 2756 3882 τὰ
2780 3831 3021 3899 πρωτεῖα
3054 3826 3200 3896 ἔχειν
3232 3823 3552 3895 βουλόμεθα.

1900 3921 2095 3992 Ἐχρῆν
2122 3923 2299 3991 σιγᾷν,
2324 3920 2489 3989 ἐχρῆν
2519 3917 2706 3987 μηδενὶ
2733 3915 3009 3968 κοινωνεῖν
3033 3912 3374 3983 πραγμάτων
3421 3909 3554 3978 μηδέ

1889 4009 2168 4083 ῥημάτων,
2199 4007 2303 4068 ἕως
2333 4005 2398 4059 ἂν
2430 4003 2774 4074 ἠδυνήθημεν
2803 4001 2863 4055 τὸ
2883 4000 3069 4072 θηρίον
3095 3997 3382 4070 ἡμερῶσαι
3415 3995 3475 4048 τὸ
3498 3998 3556 4048 ἐν

1887 4100 2038 4168 ἡμῖν.
2110 4095 2182 4147 Ἢ
2230 4092 2350 4163 οὐχὶ
2403 4090 2590 4162 θηρίου
2637 4088 2835 4152 παντὸς
2867 4085 3242 4158 χαλεπώτερον
3298 4085 3558 4152 ἐπιστρα-

1888 4184 2104 4239 τεύεται
2133 4183 2266 4252 ἡμῖν
2290 4180 2384 4233 καὶ
2407 4178 2577 4250 θυμὸς
2605 4178 2700 4232 καὶ
2725 4175 2990 4246 ἐπιθυμία
3013 4191 3028 4239 ;
3069 4173 3161 4245 Μή
3202 4171 3446 4244 ἐμϐάλῃς
3479 4173 3558 4232 εἰς

1890 4269 2095 4342 ἀγορὰν
2129 4267 2268 4340 μετά
2292 4266 2498 4320 τούτων
2516 4264 2625 4319 τῶν
2652 4263 2874 4335 θηρίων,
2901 4263 3005 4326 ἑως
3025 4261 3090 4316 ἂν
3116 4261 3298 4323 αὐτοῖς
3329 4257 3558 4332 περιθῇς

1891 4359 2072 4422 καλῶς
2098 4357 2189 4410 τὸν
2222 4355 2459 4428 χαλινὸν,
2492 4353 2598 4418 ἕως
2635 4351 2700 4407 ἂν
2723 4351 2863 4406 αὐτά
2889 4348 3271 4420 τιθασσεύσῃς,
3304 4347 3398 4400 καὶ
3442 4363 3558 4416 χει-

1897 4449 2063 4520 ροήθη
2097 4446 2534 4516 κατασκευάσῃς.
2559 4445 2672 4515 Οὐχ
2697 4443 2831 4514 ὁρᾷς
2860 4441 3081 4505 τούτους
3108 4441 3235 4502 τοὺς
3272 4435 3561 4507 περιάγον-

1893 4556 1990 4600 τας
2014 4537 2140 4600 τοὺς
2163 4538 2196 4607 ἡ
2207 4532 2560 4607 μέρουςίίἓῦὅ]
2583 4533 2798 4595 λέοντας
2825 4531 2917 4584 ἐπὶ
2944 4530 3045 4600 τῆς
3072 4528 3299 4597 ἀγορᾶς,
3327 4525 3441 4588 πῶς
3468 4525 3561 4576 καὶ

1895 4625 2234 4696 κερδαίνουσι
2280 4621 2374 4676 καὶ
2420 4620 2812 4692 θαυμάζονται,
2857 4618 2938 4670 ὅτι
2971 4619 3028 4669 ἐν
3057 4614 3134 4684 τῷ
3164 4613 3342 4680 ἀλόγῳ
3391 4609 3560 4696 θηρίῳ

1895 4695 2151 4778 τοιαύτην
2177 4706 2495 4779 ἡμερότητα
2527 4702 2926 4774 κατώρθωσαν;
2958 4699 3022 4753 ἂν
3053 4698 3109 4751 δὲ
3134 4695 3387 4765 ἐξαίφνης
3413 4695 3562 4762 ἀγρι-

1895 4803 2008 4874 ωθῇ
2059 4803 2284 4864 ἐκεῖνος,
2334 4798 2540 4860 πάντας
2589 4796 2738 4848 σοϐεῖ
2782 4794 2908 4854 τοὺς
2939 4790 3031 4842 ἐπὶ
3060 4789 3156 4858 τῆς
3204 4786 3430 4874 ἀγορᾶς,
3467 4782 3562 4874 καὶ

1897 4891 2239 4945 ἐκινδύνευσε
2265 4885 2450 4940 λοιπὸν
2467 4888 2494 4939 6
2521 4882 2799 4954 περιάγων
2826 4877 2986 4932 αὐτὸν
3009 4875 3313 4946 ἄνθρωπος,
3339 4871 3432 4923 καὶ
3463 4869 3563 4936 τῆς

1898 4981 2006 5034 τῶν
2033 4979 2206 5034 ἄλλων
2243 4974 2517 5036 ἀπωλείας
2541 4971 2764 5040 γέγονεν
2804 4969 2998 5028 αἴτιος.
3033 4963 3142 5018 Καὶ
3172 4962 3236 5014 σὺ
3268 4959 3446 5012 τοίνυν
3473 4958 3562 5010 τὸν

1899 5068 2088 5122 λέοντα
2121 5065 2380 5136 πρότερον
2413 5060 2720 5132 ἡμέρωσον,
2747 5055 2840 5109 καὶ
2862 5053 2985 5105 τότε
3017 5051 3268 5122 περίαγε,
3299 5045 3396 5136 οὐχ
3422 5045 3562 5136 ὥστε

1901 5155 2162 5227 ἀργύριον
2199 5151 2408 5214 λαϐεῖν,
2439 5147 2554 5201 ἀλλ’
2586 5144 2725 5196 ὥστε
2755 5141 3010 5212 κερδάναι
3045 5139 3255 5210 κέρδος,
3297 5131 3358 5190 οὗ
3399 5133 3562 5205 μηδέν

1901 5226 2048 5296 ἐστιν
2077 5242 2209 5293 ἴσον.
2246 5238 2411 5291 Οὐδὲν
2438 5233 2545 5305 γάρ
2569 5233 2679 5285 ἴσον
2709 5229 3026 5292 ἐπιεικείας,
3049 5228 3084 5299 ἢ
3116 5226 3210 5280 καὶ
3234 5227 3346 5288 τοῖς
3367 5239 3562 5291 κεκτη-

1906 5332 2106 5403 μένοις,
2132 5327 2226 5381 καὶ
2258 5325 2371 5386 τοῖς
2395 5320 2697 5393 χρωμένοις
2728 5318 2931 5388 σφόδρα
2959 5317 3074 5369 ἐστὶ
3103 5312 3368 5403 χρησίμη..

1901 5397 2001 5490 τήν
2029 5413 2120 5470 οὖν
2150 5412 2450 5482 διώκωμεν,
2485 5411 2570 5461 ἵνα
2601 5405 2918 5479 δυνηθῶμεν
2945 5407 3041 5475 τῆς
3075 5402 3276 5475 ἀρετῆς
3307 5400 3406 5469 τήν
3447 5397 3564 5450 ὁδὸν

1905 5485 2044 5578 μετὰ
2077 5500 2360 5574 ἀκριϐείας
2386 5496 2754 5560 διανύσαντες,
2782 5494 2890 5546 τῶν
2921 5491 3156 5545 αἰωνίων
3188 5486 3409 5556 ἀγαθῶν
3448 5485 3567 5536 ἐπι-

1901 5570 2102 5665 τυχεῖν,
2133 5570 2315 5661 χάριτι
2333 5586 2427 5639 καὶ
2451 5580 2828 5655 φιλανθρωπία
2848 5578 2941 5632 τοῦ
2973 5577 3176 5649 Κυρίου
3200 5571 3364 5646 ἡμῶν.
3391 5570 3563 5641 Ἰησοῦ

1901 5659 2164 5753 Χριστοῧ,
2195 5659 2315 5748 μεθ’
2343 5665 2403 5726 οὗ
2435 5672 2512 5743 τῷ
2532 5670 2707 5740 Ila.th
2727 5669 2842 5740 ἅμα
2861 5666 2938 5738 τῷ
2958 5665 3098 5734 ἁγίῳ
3120 5660 3393 5753 [ίνεύματι
3419 5659 3560 5753 δόξα,

1845 5789 1860 5832 :
1902 5772 2122 5842 κράτος.
2147 5766 2299 5836 τιμὴ,
2331 5763 2426 5818 νῦν
2450 5762 2544 5816 καὶ
2561 5761 2669 5825 ἀεὶ,
2695 5761 2789 5814 καὶ
2816 5758 2894 5822 είς
2923 5755 3047 5819 τοὺς
3077 5750 3274 5814 αἰῶνας
3308 5749 3414 5801 τῶν
3440 5745 3548 5800 ald:

1903 5878 2028 5914 νων.
2074 5858 2133 5910 ’Δ
2142 5857 2268 5926 μήν.

1970 5950 1994 5978 ⁶
2029 5946 2275 6000 mnam;
2317 5941 2366 5994 in
2409 5953 2506 5993 uno
2539 5939 2704 5990 deost.
