4100 6354
525 319 628 397 εει

652 495 1236 513 -ο--οσσ--ιο-οςο

1237 492 1560 506 ’ψ

1293 315 1350 371 S.
1385 311 1671 370 JOANNIS
1702 307 2196 368 CHRYSOSTOMI
2233 304 2553 364 ARCIIIEP.
2593 306 3148 388 CONSTANTINOP.

1942 610 2095 696 [εὸτι]
2127 613 2369 668 οΜιΑιΑ
2406 611 2486 664 A'.

536 731 854 798 ,Εειόντων
908 729 976 783 δὲ
1013 724 1241 798 αὐτῶν,
1285 723 1674 798 παρεκάλρυτς
1698 725 1792 798 εις
1842 722 1908 776 τὸ
1962 723 2192 798 “frma-i1

594 793 899 858 σάϐϐατον
919 796 1259 864 λαληθῆναι
1279 793 1485 860 αὐτοῖς
1522 794 1594 848 τὰ
1634 793 1871 862 ῥήματα
1920 795 2125 850 ταῦτα.

593 915 662 962 α’.
678 902 832 968 Εἶδες
849 903 944 958 τοῦ
970 902 1184 956 Παύλου
1204 899 1302 972 τὴν
1324 899 1566 965 σύνεσιν;
1585 899 1719 969 Οὐχὶ
1738 899 1857 952 τότε
1879 899 2200 970 ἐθαυμάσθη

522 996 708 1066 μόνον,
755 992 890 1046 ἀλλὰ
931 991 1027 1042 καὶ
1074 987 1370 1059 ἐπιθυμίαν
1411 987 1596 1050 αὐτοῖς
1641 985 1901 1056 δευτέρας
1948 986 2202 1040 ἐνέϐαλεν

525 1082 860 1154 ἀκροάσεως,
915 1076 1085 1131 εἰπών
1127 1095 1250 1130 τινα
1307 1077 1626 1149 σπέρματα,
1678 1075 1774 1128 καὶ
1820 1075 1894 1145 μὴ
1942 1075 2203 1138 ἐπιλύσας

530 1171 666 1242 μηδέ
695 1166 1000 1235 ἐπεξελθὼν
1033 1164 1112 1237 τῷ
1143 1165 1306 1236 λόγῳ,
1337 1164 1479 1218 ὥστε
1511 1164 1709 1227 αὐτοὺς
1746 1163 2078 1235 ἀπαρτίσαι,
2109 1164 2203 1216 καὶ

525 1259 805 1314 οἰκειῶσαι
858 1254 1057 1326 ἐαυτῷ,
1101 1255 1196 1308 καὶ
1240 1254 1317 1325 μὴ
1353 1254 1713 1324 χαυνοιτέρους
1761 1251 2097 1323 ἐργάσασθαι
2124 1253 2205 1324 τῷ

528 1348 707 1401 πάντα
735 1346 930 1418 ἀθρῶν
961 1345 1041 1408 είς
1061 1344 1159 1408 τάς
1197 1343 1424 1396 ἐκείνων
1463 1341 1614 1413 papa:
1661 1340 1858 1411 ψυχάς.
1895 1336 2062 1392 Εἶπεν
2083 1381 2098 1404 ,
2122 1341 2203 1394 ὃτι

534 1434 786 1501 Ἀςρεσις
811 1425 1111 1499 ἁμαρτιῶν
1132 1427 1231 1481 διὰ
1267 1428 1484 1480 τούτου
1525 1426 1672 1494 ὑμῖν
1709 1425 2202 1495 καταγγέλλεται·

529 1520 592 1574 τὸ
623 1521 680 1572 δέ
709 1518 848 1581 πῶς,
883 1517 983 1570 οὐκ
1016 1515 1271 1586 ἐδήλωσε.
1295 1513 1450 1568 Μετὰ
1477 1513 1650 1567 ταῦτα
1679 1512 1862 1566 λοιπὸν
1890 1513 2048 1576 αὐτὸς
2079 1513 2205 1565 ἐαυ-

529 1607 624 1661 τοῦ
667 1605 994 1676 μνημονεύει
1027 1602 1244 1674 πρώτου
1265 1614 1313 1654 ⁸.
1356 1603 1519 1672 Ὁρᾷς
1567 1599 1665 1672 τὴν
1697 1601 2026 1672 προθυμίαν,
2071 1601 2207 1669 ὅση·

544 1695 952 1749 Ἠκολούθουν
974 1692 1178 1754 αὐτοῖς,
1203 1691 1358 1760 φησί.
1386 1688 1486 1742 Διά
1504 1689 1556 1741 τί
1580 1689 1776 1752 αὐτοὺς
1793 1689 1894 1742 οὐκ
1913 1688 2207 1742 ἐϐάπτισεν

531 1782 765 1848 εὐθέως
806 1782 920 1834 Οὐκ
957 1776 1024 1851 ἦν
1051 1778 1270 1849 καιρός·
1304 1780 1486 1830 πεῖσαι
1514 1775 1622 1829 ἔδει
1655 1775 1799 1829 ὥστε
1839 1775 2074 1846 βεϐαίως
2105 1778 2206 1846 ἐμ-

536 1870 738 1941 μένειν.
775 1869 1075 1934 Λυθείσης
1099 1866 1167 1919 δὲ
1191 1865 1302 1934 τῆς
1343 1863 1725 1935 συναγωγῆς,
1775 1865 2208 1932 ἠκολούθησαν

534 1955 754 2011 πολλοὶ
796 1954 917 2009 τῶν
959 1953 1265 2009 Ἰουδαίων
1314 1953 1414 2006 καὶ
1456 1951 1576 2005 τῶν
1623 1952 1966 2021 σεϐομένων
2019 1966 2208 2021 προσ-

533 2045 776 2112 ηλύτων
803 2042 883 2108 τῷ
909 2043 1126 2106 Παύλῳ
1155 2041 1253 2094 καὶ
1275 2038 1353 2106 τῷ
1380 2039 1673 2108 Βαρνάϐᾳ·
1694 2040 1910 2105 οἵτινες
1939 2043 2207 2107 προσλα-

533 2135 793 2200 λοῦντες
826 2131 1051 2198 αὐτοῖς,
1082 2127 1324 2184 ἔπειθον
1353 2128 1716 2198 προσμένειν
1739 2127 1960 2194 αὐτοὺς
1987 2127 2064 2196 τῆ
2103 2127 2208 2197 χά-

529 2241 648 2292 ριτι
685 2222 792 2276 τοῦ
841 2221 1012 2276 Θεοῦ.
1069 2218 1152 2284 Τῷ
1210 2235 1272 2271 τε
1309 2216 1610 2286 ἐρχομένῳ
1659 2214 1934 2282 σαϐϐάτῳ
1983 2215 2210 2283 σχεδὸν

536 2309 707 2366 πᾶσα
754 2310 792 2377 ἠ
839 2309 1016 2374 πόλις
1073 2305 1351 2374 συνήχθη
1404 2304 1666 2358 ἀκοῦσαι
1712 2304 1820 2358 τὸν
1863 2305 2051 2374 λόγον
2101 2305 2209 2359 τοῦ

539 2399 706 2453 Θεοῦ.
749 2395 997 2460 Ἰδόντες
1027 2393 1096 2447 δὲ
1135 2395 1190 2447 οί
1233 2391 1507 2447 Ἰουδαῖοι
1551 2391 1694 2457 τοὺς
1725 2390 1984 2460 ὄχλους,
2025 2389 2211 2457 ἐπλή-

535 2491 781 2556 σθησαν
807 2483 1009 2551 ζήλου,
1041 2482 1141 2536 καὶ
1175 2480 1502 2550 ἀντέλεγον
1528 2480 1651 2545 τοῖς
1678 2481 1796 2533 ὑπὸ
1824 2478 1931 2532 τοῦ
1968 2481 2210 2532 Παύλου

535 2575 905 2646 λεγομένοις,
929 2571 1348 2639 ἀντιλέγοντες
1371 2569 1467 2622 καὶ
1495 2568 2031 2636 βλασφημοῦντες.
2070 2569 2213 2636 Ὅρα

536 2667 634 2738 τὴν
661 2665 859 2718 κακίαν
893 2659 1271 2730 πληττομένην
1300 2659 1356 2710 ἐν
1385 2657 1464 2726 τῷ
1487 2655 1742 2726 πλήττειν
1778 2655 2020 2726 ἐτέρους.
2042 2655 2213 2709 Τοῦτο

544 2754 742 2824 μᾶλλον
768 2751 962 2811 αὐτοὺς
995 2748 1170 2801 ἐποίει
1202 2746 1510 2815 λαμπροὺς,
1540 2745 1599 2797 τὸ
1623 2743 1925 2811 ἀντιλέγειν
1948 2743 2208 2808 ἐκείνους.

540 2842 616 2893 Τὸ
649 2839 747 2910 μὲν
791 2833 884 2890 οὖν
912 2834 1127 2905 πρῶτον
1175 2833 1470 2902 αὐτόματοι
1506 2831 1911 2902 παρεκάλεσαν.
1953 2832 2210 2886 Ἀντιλέ-

517 2935 768 2997 Δγονι-εες,
793 2923 948 2994 φησὶ,
973 2922 1070 2975 καί
1090 2919 1621 2988 βλασφημοῦντες.
1643 2919 1707 2970 Ὢ
1725 2919 1822 2989 τῆς
1849 2920 2172 2990 ἰταμότητος
2193 2923 2205 2974 !

541 3016 629 3086 ἐφ’
662 3011 743 3078 οἷς
793 3012 989 3084 αὐτοὺς
1041 3007 1400 3077 ἀποδέχεσθαι
1461 3006 1590 3068 ἔδει,
1637 3007 1686 3059 οἱ
1751 3007 1808 3060 δὲ
1851 3007 2211 3076 ἀντιλέγουσι.

523 3097 1100 3172 ’Παρῤησιασάμενοι
1117 3095 1186 3148 δὲ
1203 3099 1234 3148 ὁ
1252 3093 1491 3158 Παῦλος
1515 3093 1613 3146 καί
1631 3097 1663 3147 ό
1679 3093 1988 3162 Βαρνάϐας
2008 3092 2180 3149 εἷπον
2198 3115 2212 3129 ·

518 3185 684 3260 ’ὑμῖν
707 3189 787 3258 ἦν
813 3184 1139 3254 ἀναγκαῖον
1165 3181 1402 3250 πρῶτον
1416 3181 1754 3251 λαληθῆναι
1775 3183 1881 3236 τὸν
1905 3185 2090 3255 λόγον
2109 3187 2216 3240 τοῦ

545 3279 692 3334 Θεοῦ
714 3293 727 3307 ·
764 3274 971 3341 ἐπειδὴ
1003 3271 1072 3325 δὲ
1101 3269 1435 3326 ἀπωθεῖσθε
1470 3269 1677 3335 αὑτὸν,
1723 3271 1822 3324 καί
1858 3274 1969 3326 οὐκ
2004 3272 2218 3339 ἀξίους

544 3368 772 3435 κρίνετε
794 3361 1048 3426 ἑαυτοὺς
1079 3359 1190 3427 τῆς
1212 3359 1454 3412 αἰωνίου
1483 3357 1651 3426 ζωῆς,
1685 3359 1816 3412 ίδοὺ
1845 3360 2219 3430 στρεφόμεθα

543 3460 631 3520 εἰς
656 3453 729 3508 τὰ
767 3453 937 3520 ἔθνη.
978 3450 1138 3519 Ὁρᾷς
1181 3447 1296 3509 πῶς
1346 3447 1823 3516 φιλονεικήσαντες
1871 3449 2070 3518 μᾶλλον
2100 3450 2218 3514 ἐξέ-

542 3559 725 3595 τειναν
765 3538 826 3592 τὸ
863 3540 1141 3608 κήρυγμα,
1175 3533 1267 3588 καὶ
1307 3533 1507 3604 μᾶλλον
1537 3533 1744 3588 ἔδωκαν
1773 3536 1997 3599 ἐαυτοὺς
2041 3538 2120 3598 εἰς
2152 3537 2220 3590 τὰ

545 3631 696 3696 ἔθνη,
741 3624 1209 3694 ἀπολογησάμενοι
1256 3622 1350 3676 καὶ
1405 3621 1730 3684 ἀνευθύνους
1763 3622 1994 3684 ἑαυτοὺς
2019 3623 2217 3692 ἐγκλη-

550 3717 733 3786 μάτων
769 3712 918 3785 [251ιί
970 3713 1295 3780 ποιήσαντες
1348 3711 1499 3780 παρὰ
1537 3711 1646 3771 τοῖς
1673 3709 1927 3772 οίκείοις;
1978 3710 2089 3763 Καὶ
2120 3711 2220 3763 οὐκ

546 3802 716 3868 εἶπεν,
740 3801 946 3868 ἀνάξιοί
977 3802 1118 3853 ἐστε·
1157 3798 1272 3849 ἀλλ’
1312 3798 1615 3865 Ἐκρίνατε
1641 3797 1894 3861 ἑαυτοὺς
1908 3798 2218 3864 ἀναξίους,

548 3891 828 3960 ἀνεπαχθῆ
868 3889 959 3942 τὸν
1013 3886 1169 3954 λόγον
1218 3884 1408 3938 ποιῶν.
1449 3883 1596 3938 Ἰδοὺ
1621 3885 1997 3954 στρεφόμεθα
2023 3887 2111 3951 είς
2149 3888 2221 3939 τὰ

546 3982 713 4046 ἔθνη.
760 3977 923 4031 Οὕτω
961 3975 1070 4043 γὰρ
1101 3971 1445 4027 ἐντέταλται
1468 3971 1616 4040 ἡμῖν
1650 3975 1682 4025 ό
1711 3973 1955 4039 Κύριος·
1987 3972 2222 4026 Τέθεικά

545 4085 620 4123 σε
649 4069 735 4133 είς
780 4063 906 4134 φῶς
941 4060 1153 4124 ἐθνῶν,
1199 4061 1304 4114 τοῦ
1335 4056 1491 4113 εἶναί
1530 4075 1604 4112 σε
1647 4061 1733 4125 είς
1772 4061 2073 4128 σωτηρίαν
2109 4060 2221 4126 ἕως

545 4133 808 4225 ἐσχάτου
839 4133 944 4218 τῆς
978 4149 1108 4220 Διοῆς.
1145 4150 1263 4201 ’Ίνα
1307 4149 1414 4218 γὰρ
1445 4147 1520 4218 μὴ
1545 4147 1810 4200 ἀκούοντα
1856 4149 1924 4202 τὰ
1966 4149 2091 4218 ἐθνη
2128 4149 2219 4201 λυ-

550 4245 738 4313 πῆται,
780 4240 855 4301 ὡς
915 4241 978 4290 ἐκ
1039 4237 1183 4306 τῆςδ
1219 4236 1442 4289 ἐκείνων
1475 4235 1708 4306 σπουδῆς
1758 4234 1832 4306 μὴ
1886 4238 2221 4306 τυγχάνοντα

548 4333 656 4384 τῶν
703 4327 945 4396 ἀγαθῶν,
985 4325 1181 4393 ἐπάγει
1219 4325 1317 4395 τὴν
1364 4323 1697 4394 προφητείαν
1737 4323 1910 4393 λέγων
1935 4341 1948 4355 ·
1988 4324 2222 4380 Τέθεικά

519 4410 522 4412 ’
549 4437 624 4474 σε
655 4421 742 4483 εἰς
769 4415 895 4486 φῶς
933 4413 1122 4468 ἐθνῶν
1145 4454 1159 4478 ,
1211 4412 1316 4466 τοῦ
1365 4408 1520 4464 εἷναί
1549 4429 1622 4465 σε
1650 4413 1736 4477 εἰς
1779 4414 2080 4480 σωτηρίαν
2111 4413 2222 4478 ἕως

546 4501 814 4572 ἐσχάτου
857 4498 966 4565 τῆς
996 4497 1128 4567 γῆς.
1177 4497 1490 4549 Ἀκούοντα
1517 4495 1586 4548 δὲ
1613 4498 1684 4548 τὰ
1721 4496 1886 4563 ἔθνη.
1918 4497 2088 4550 Τοῦτο
2129 4498 2222 4549 καὶ

517 4591 748 4654 ἀὐτοὺς
797 4586 1241 4660 προθυμοτέρους
1273 4585 1478 4648 ἐποίει,
1527 4585 1608 4637 ὅτι
1637 4577 1711 4639 ὧν
1752 4587 1948 4638 ἐκεῖνοι
1985 4584 2218 4654 ὤφειλον

520 4687 523 4690 ’
548 4678 884 4740 ἀκούσαντες
914 4673 1241 4737 ἀπολαῦσαι,
1283 4673 1435 4726 αὐτοὶ
1465 4673 1668 4726 τούτων
1710 4673 2045 4726 ἀπολαύουσι
2072 4715 2086 4738 ,
2118 4675 2218 4727 κά-

550 4768 760 4829 κείνους
793 4764 992 4836 μᾶλλον
1030 4748 1272 4816 ἔδακνεν.
1313 4763 1638 4816 Ἀκούοντα
1658 4761 1726 4813 δὲ
1747 4762 1819 4814 τὰ
1840 4761 2006 4830 ἔθνη,
2029 4761 2213 4832 φησὶν,

549 4858 817 4925 ἔχαιρον,
855 4853 951 4906 καί
995 4849 1279 4916 ἐδόξαζον
1305 4851 1412 4905 τὸν
1450 4852 1638 4920 λόγον
1676 4849 1785 4904 τοῦ
1819 4851 2040 4918 Κυρίου
2067 4867 2082 4879 ·
2128 4850 2225 4903 καί

548 4947 923 4999 ἐπίστευσαν
951 4943 1082 4997 ὅσοι
1112 4938 1274 5012 ἦσαν
1296 4941 1636 5011 τεταγμένοι
1656 4943 1744 5007 είς
1767 4939 1920 5008 ζωὴν
1948 4939 2189 4993 αίώνιον
2208 4957 2222 4971 ·

550 5033 849 5094 τουτέστιν,
890 5031 1264 5101 ἀφωρισμένοι
1293 5029 1370 5101 τῷ
1398 5029 1536 5100 Θεῷ.
1567 5031 1709 5097 Ὅρα
1744 5028 1860 5091 πῶς
1889 5028 2131 5081 δείκνυσι
2165 5028 2226 5081 τὸ

550 5122 712 5190 τάχος
741 5109 840 5190 τῆς
865 5119 1153 5186 ὠφελείας.
1180 5117 1487 5186 Διεφέρετο
1517 5117 1586 5169 δὲ
1610 5117 1851 5184 όλόγος
1871 5115 1978 5170 τοῦ
2002 5117 2224 5184 Κυρίου

551 5209 625 5260 δι’
662 5207 813 5275 ὅλης
865 5205 975 5272 τῆς
1033 5206 1256 5275 χώρας·
1311 5205 1596 5268 τουτέστι,
1657 5204 2016 5275 διεκομίζετο.
2083 5205 2227 5257 Ὠσεὶ

554 5296 764 5362 ἔλεγεν·
804 5295 917 5347 Οὐκ
945 5293 1178 5362 ἔστησαν
1228 5293 1387 5364 μέχρι
1417 5294 1512 5347 τοῦ
1553 5293 1739 5364 ζήλου,
1795 5294 1929 5347 ἀλλά
1964 5295 2056 5347 καὶ
2089 5295 2227 5364 ἔργα

553 5381 926 5456 προσέθηκαν.
953 5381 1097 5452 Ὅρα
1135 5380 1298 5434 πάλιν
1330 5381 1446 5444 πῶς
1477 5382 1798 5452 διωκόμενοι
1838 5383 1999 5456 ἔτερα
2057 5401 2226 5438 κατα-

555 5471 878 5535 σκευάζουσι
904 5469 1113 5540 μεγάλα
1143 5469 1232 5522 διὰ
1250 5470 1344 5522 τοῦ
1368 5469 1560 5540 ζήλου·
1594 5471 2002 5527 κατεσκεύασαν
2023 5474 2131 5546 γάρ
2160 5475 2221 5526 τὸ

556 5557 1038 5631 παρρησιάσασθαι
1084 5558 1306 5621 αὐτοὺς,
1358 5559 1452 5611 καὶ⁹
1477 5561 1555 5623 εἰς
1607 5560 1674 5613 τὰ
1718 5561 1845 5629 ἔθνη
1885 5561 2095 5615 ἐλθεῖν·
2133 5564 2228 5616 καὶ

554 5649 717 5702 ἄκουε
763 5646 903 5720 πῶς.
968 5645 1532 5716 Παρρησιασάμενοι
1563 5647 1632 5700 δὲ
1685 5652 1716 5703 ό
1764 5651 2006 5717 Παῦλος
2056 5652 2154 5704 καὶ
2194 5655 2226 5705 ὁ

555 5734 864 5804 Βαρνάϐας
907 5732 1112 5790 εἷπον·
1148 5734 1341 5805 Ὑμῖν,
1379 5735 1576 5806 φησὶν,
1616 5731 1695 5807 ἦν
1725 5739 2051 5809 ἀναγκαῖον
2075 5738 2228 5808 πρῶ-

616 5947 632 5970 '
672 5948 804 6019 blatis
835 5949 967 6019 θοᾷ..
992 5949 1158 6019 λοιπδν
1177 5951 1262 6001 τοῦ
1285 5950 1478 6007 Παύλου
1497 5953 1774 6016 μνημονεύει
1801 5955 2004 6019 πρώτου.
2073 5954 2102 5994 ι)
2127 5954 2227 6006 Α.ιῆ

560 6011 851 6072 λυπηθῶσιν,
893 6015 958 6069 ὡς
990 6013 1044 6060 ἐκ
1082 6016 1184 6072 τῆς.

2301 739 2409 776 τον
2455 717 2796 785 λαληθῆναι
2845 716 2954 771 τὸν
2996 717 3183 787 λόγον
3204 733 3219 748 ·
3271 717 3481 787 ἐπειδὴ
3527 719 3597 772 δὲ
3643 720 4040 778 ἀπωθεῖσθε

2300 808 2508 871 αὐτὸν,
2559 806 2688 860 ίδοὺ
2728 805 3106 874 στρεφόμεθα
3141 807 3229 872 είς
3258 806 3330 859 τὰ
3375 807 3542 874 ἔθνη.
3581 809 3725 880 Ἀρα
3761 809 4034 880 ἔμελλον

2301 896 2486 950 λοιπὸν
2503 893 2738 958 ἐξελθεῖν
2763 894 2842 957 είς
2862 892 2932 945 τά
2950 893 3130 964 ἑθνηε.
3148 892 3288 945 Ἀλλ’
3311 894 3411 964 ὅρα
3438 895 3529 947 καὶ
3547 894 3644 966 τὴν
3667 898 4034 969 παρρησίαν

2307 988 2489 1060 μέτρῳ
2547 984 2873 1056 γινομένην·
2915 986 3009 1037 καὶ
3054 983 3300 1046 εἰκότως.
3352 985 3415 1036 Et
3448 985 3558 1055 γὰρ
3599 987 3812 1058 Πέτρος
3865 989 4033 1041 ἀπε-

2303 1075 2534 1143 λογείτο,
2575 1072 2751 1143 πολλῷ
2788 1071 2987 1143 μᾶλλον
3016 1067 3161 1126 οὗτοι
3195 1071 3491 1139 ἀπολογίας
3515 1071 3741 1138 ἐδέοντο,
3773 1075 4036 1140 οὐδενὸς

2304 1163 2502 1227 αὐτοὺς
2549 1161 2876 1223 καλέσαντος
2913 1161 3049 1214 ἐκεῖ.
3102 1158 3285 1213 Εἰπὼν
3342 1158 3419 1220 δὲ,
3474 1159 3732 1228 Πρῶτον,
3792 1163 4040 1229 ἔδειξεν

2304 1251 2389 1303 ὅτι
2444 1249 2717 1312 κάκείνοις
2768 1247 2912 1300 ἔδει·
2979 1246 3072 1300 καὶ
3109 1246 3300 1311 εἰπὼν,
3357 1247 3737 1317 Ἀναγκαῖον,
3794 1251 4039 1316 ἔδειξεν

2305 1337 2388 1390 ὅτι
2409 1336 2680 1400 κάκείνοις
2701 1336 3018 1404 ἀναγκαῖον.
3067 1333 3286 1405 Ἐπειδὴ
3313 1334 3370 1388 δέ
3405 1337 3821 1408 ἀποστρέφεσθε
3849 1355 3869 1369 ο
3911 1342 4038 1393 οὐκ

2307 1422 2480 1490 εἶπεν,
2513 1425 2648 1478 Οὐαὶ
2675 1425 2832 1494 ὑμῖν,
2859 1424 2952 1476 καὶ
2975 1425 3057 1476 ὅτι
3079 1423 3390 1486 Κολὰζεσθε
3415 1439 3429 1454 ·
3461 1425 3576 1478 ἀλλ’
3605 1428 3686 1479 ὅτι
3726 1431 4037 1496 Στρεεοό-

2303 1519 2456 1583 μεθιι
2498 1515 2586 1580 είς
2645 1512 2720 1567 τὰ
2769 1513 2936 1579 ἓθνη.
2983 1507 3136 1576 Εἶδες
3190 1511 3307 1574 πῶς
3347 1511 3549 1583 πολλῆς
3609 1515 3947 1578 ἐπιεικείας
3994 1520 4034 1586 ἡ

2308 1601 2592 1673 παρρησία
2640 1601 2840 1670 γέμει;
2882 1601 2947 1653 Οἱ
2997 1598 3066 1651 δὲ
3124 1599 3396 1653 Ἰουδαῖοι
3440 1601 3847 1668 παρώτρυναν
3905 1607 4038 1670 τὰς

2308 1688 2639 1759 σεϐομένας
2662 1689 2973 1758 γυναῖκας,
3015 1687 3112 1740 καί
3144 1686 3250 1753 τὰς
3273 1687 3678 1758 εὐσχήμονας,
3711 1691 3820 1743 καί
3858 1692 4037 1756 τοὺς

2308 1778 2575 1847 πρώτους
2627 1777 2736 1844 τῆς
2773 1777 3024 1841 πόλεως,
3072 1776 3170 1829 καί
3199 1771 3548 1844 ’ἐπήγειραν
3598 1776 3879 1847 διωγμὸν
3916 1780 4036 1830 ἐπὶ

2307 1868 2416 1921 τὸν
2434 1866 2680 1919 Παῦλον
2705 1864 2802 1916 καί
2832 1863 3167 1930 Βαρνάϐαν,
3195 1864 3295 1917 καί
3333 1864 3742 1918 ἐκϐάλλουσιν
3771 1867 4036 1929 αὐτοὺς

2309 1953 2426 2008 ἀπὸ
2458 1951 2577 2005 τῶν
2598 1951 2776 2019 ὁρίων
2798 1949 3018 2004 αὐτῶν.
3063 1951 3227 2021 Ὁρᾷς
3254 1952 3376 2003 ὅσον
3406 1952 3610 2022 ἤνυσαν
3643 1953 3692 2004 οἱ
3716 1954 4031 2005 ἐναντιού-

2317 2057 2468 2110 μενοι
2487 2040 2564 2109 τῷ
2586 2039 2938 2110 κηρύγματις
2973 2041 3052 2102 είς
3077 2039 3209 2111 ὅσην
3241 2040 3630 2110 ἀσχημοσύνην
3663 2042 3842 2105 αὐτὰς
3872 2043 4029 2112 ἦτα-

2314 2143 2440 2194 γον;
2478 2129 2542 2179 Ol
2582 2125 2650 2178 δὲ
2689 2125 3141 2195 ἐκτιναξάμενοι
3197 2126 3304 2179 τὸν
3347 2129 3658 2195 κονιορτὸν
3697 2129 3828 2181 ἀπὸ
3897 2128 4033 2182 τῶν

2315 2215 2517 2269 ποδῶν
2555 2214 2755 2269 αὐτῶν
2792 2215 2885 2268 ἐπ’
2911 2215 3154 2281 αὐτοὺς,
3204 2211 3398 2285 ἦλθον
3429 2220 3514 2284 είς
3553 2219 3835 2272 Ἰκόνιον.
3894 2220 4031 2272 Ἔν·-

2314 2302 2489 2356 ταῦθα
2519 2303 2578 2356 τὸ
2623 2302 2854 2373 φοϐερὸν
2887 2303 3102 2356 ἐποίουν
3136 2302 3340 2361 λοιπὸν,
3376 2303 3404 2356 ὃ
3430 2306 3768 2374 προσέταξεν
3799 2309 3830 2359 ὁ
3873 2309 4036 2377 Χρι-

2318 2393 2462 2456 στὸς,
2486 2392 2661 2460 λέγων
2686 2408 2700 2421 ·
2728 2393 2838 2444 Καὶ
2872 2392 2979 2445 ἐὰν
3007 2392 3092 2461 μή
3125 2410 3213 2458 τις
3241 2390 3400 2461 ὑμᾶς
3431 2393 3672 2461 δέξηται
3695 2435 3711 2458 ,
3754 2396 4036 2464 ἐξερχόο

2311 2498 2484 2550 μενοι
2534 2479 2882 2544 ἐκτινάξατε
2945 2480 3052 2532 τὸν
3097 2481 3409 2548 κονιορτὸν
3454 2481 3572 2534 ἀπὸ
3624 2481 3748 2535 τῶν
3798 2486 4034 2538 ποδῶν

2316 2571 2502 2638 ὑμῶν.
2534 2571 2698 2623 Αὐτοὶ
2724 2570 2780 2624 δέ
2806 2569 2927 2623 οὐδέ
2962 2568 3147 2633 ἁπλῶς
3177 2570 3333 2623 τοῦτο
3353 2571 3634 2639 ἐποίησαν,
3659 2571 3778 2624 ἀλλ’
3811 2575 4030 2646 ἐπειδὴ

2318 2657 2674 2728 ἀπηλάθησαν
2705 2659 2836 2730 παρ’
2866 2657 3065 2712 αὐτῶν.
3098 2658 3242 2728 Πλὴν
3269 2658 3388 2711 ούδέ
3430 2659 3588 2711 τοῦτο
3607 2660 3778 2722 τούςά
3817 2662 4030 2730 μαθη-

2317 2745 2416 2808 τάς
2454 2746 2707 2814 ἔϐλαψεν,
2751 2745 2888 2799 ἀλλὰ
2924 2745 3124 2816 μᾶλλον
3160 2745 3425 2816 ἐπέμενον
3467 2747 3544 2815 τῷ
3572 2747 3730 2816 λόγῳ.
3773 2750 3879 2802 Διὸ
3928 2753 4036 2802 καὶ

2319 2831 2477 2886 τοῦτο
2505 2832 2680 2903 δηλῶν
2711 2834 2943 2901 ἐπάγει·
2981 2837 3043 2888 Οἱ
3075 2833 3144 2886 δὲ
3166 2835 3422 2902 μαθηταί
3458 2835 3846 2902 ἐπληροῦντο
3907 2855 4031 2905 χα-

2312 2920 2428 2989 ρᾶς
2492 2921 2593 2973 καὶ
2646 2921 2993 2990 Πνεύματος
3041 2921 3233 2992 ἁγίου.
3301 2921 3479 2984 meo;
3527 2922 3635 2994 γὰρ
3673 2923 4030 2977 διδασκάλου

2321 3008 2631 3080 παρρησίαν
2659 3009 2758 3060 οὐκ
2787 3009 3067 3076 ἐγκόπτει,
3107 3008 3245 3062 ἀλλά
3281 3009 3687 3082 προθυμότερον
3726 3014 3888 3063 ποιεῖ
3927 3014 4030 3065 τὸν

2326 3095 2595 3167 μαθητήν.
2634 3095 2895 3165 Ἐγένετο
2923 3094 2991 3148 δὲ
3017 3097 3085 3150 ἐν
3112 3097 3332 3164 Ἰκονίῳ
3359 3097 3509 3150 κατὰ
3535 3097 3600 3150 τὸ
3629 3099 3778 3152 αὐτὸ
3801 3103 4031 3154 εἰσελ-

2323 3184 2448 3238 θεῖν
2473 3184 2695 3250 αὐτοὺς
2718 3187 2804 3250 είς
2831 3183 2947 3251 τὴν
2971 3184 3334 3254 συναγωγὴν
3365 3183 3483 3237 τῶν
3533 3186 3868 3248 Ἰουδαίων,
3916 3191 4031 3242 καί

2320 3271 2591 3340 λαλῆσαι
2637 3272 2844 3338 οὕτως,
2888 3270 3046 3325 ὥστε
3077 3272 3402 3326 πιστεῦσαι
3462 3273 3758 3328 Ἰουδαίων
3801 3291 3870 3328 τε
3914 3279 4028 3330 καὶ

2333 3359 2642 3429 Ἑλλήνων
2696 3359 2928 3427 πλῆθος
2982 3361 3161 3413 πολύ.
3193 3359 3360 3412 Πάλιν
3409 3362 3490 3423 εἰς
3527 3360 3626 3423 τὰς
3674 3365 4028 3431 συναγωγὰς

2321 3447 2680 3517 εἰσέρχονται.
2718 3449 2856 3517 Ὅρα
2889 3446 3007 3510 πῶς
3033 3447 3133 3500 οὐκ
3174 3449 3419 3516 ἐγένοντο
3455 3447 3773 3520 δειλότεροι,
3822 3453 4023 3504 εἰπόν-

2320 3553 2410 3598 τες
2436 3537 2517 3588 ὃτι
2539 3538 2913 3606 Στρεερόμεθα
2944 3539 3031 3602 είς
3063 3543 3138 3591 τὰ
3164 3537 3332 3605 ἔθνη.
3376 3537 3472 3590 Ἐκ
3515 3539 3712 3609 πολλῆς
3750 3541 3854 3610 τῆς
3911 3559 4022 3595 πε-

2323 3624 2568 3695 ριουσίας
2593 3625 2742 3695 ὅμως
2767 3624 3082 3696 ἀναιροῦσιν
3111 3625 3292 3678 αὐτῶν
3329 3626 3425 3697 τὴν
3460 3627 3776 3695 ἀπολογίαν.
3817 3630 4026 3685 Ὥστε

2322 3710 2668 3777 πιστεῦσαι,
2707 3713 2893 3783 φησὶν,
2939 3713 3246 3767 Ἰουδαίων
3269 3732 3332 3768 τε
3370 3717 3467 3768 καί
3508 3715 3817 3784 Ἐλίήνων
3847 3716 4026 3791 [255]

2322 3799 2480 3853 πολὺ
2507 3798 2760 3866 πλῆθος.
2792 3799 2949 3862 Εἰκὸς
2967 3801 3076 3872 γάρ
3103 3799 3301 3864 αὐτοὺς
3328 3801 3405 3864 ὡς
3437 3803 3530 3854 καὶ
3564 3803 3699 3873 πρὸς
3725 3803 4027 3873 Ἕλληνας

2321 3885 2686 3952 διαλέγεσθαι.
2723 3887 2786 3938 Οί
2815 3884 2882 3938 δὲ
2906 3885 3293 3953 ἀπειθοῦντες
3341 3889 3634 3951 Ἰουδαῖοι,
3671 3888 4030 3958 ἐπήγειραν

2323 3973 2418 4025 καὶ
2453 3972 2770 4027 ἐκάκωσαν
2794 3973 2900 4038 τὰς
2919 3975 3124 4042 ψυχὰς
3143 3973 3263 4028 τῶν
3281 3975 3474 4030 ἐθνῶν
3509 3979 3652 4029 κατὰ
3687 3975 3806 4028 τῶν
3824 3979 4029 4033 ἀδελ-

2321 4059 2471 4129 φῶν.
2507 4059 2662 4112 Κατά
2685 4047 2746 4113 τὸ
2787 4060 2919 4114 αὐτὸ
2951 4060 3136 4116 λοιπὸν
3167 4064 3261 4115 καὶ
3290 4064 3356 4116 τὰ
3393 4064 3522 4133 ἔθνη
3551 4067 3870 4134 ἐπήγειραν,
3927 4068 4021 4130 ὡς

2323 4150 2422 4200 οὐκ
2455 4147 2753 4218 ἀρκοῦντες
2803 4149 2977 4202 αὐτοί.
3017 4150 3080 4201 Τί
3111 4147 3204 4204 οὖν
3242 4153 3453 4205 ἐκεῖθεν
3480 4155 3581 4206 οὐκ
3621 4153 3880 4222 ἐξῆλθον;
3927 4159 4016 4208 Οὐ

2323 4235 2430 4305 γὰρ
2471 4235 2792 4300 ἐδιώκοντο,
2841 4237 2957 4290 ἀλλ’
2989 4237 3351 4308 ἐπολεμοῦντο
3399 4241 3576 4309 μόνον.
3618 4241 3853 4294 Ἱκανὸν
3882 4242 4025 4310 μὲν

2323 4319 2437 4377 οὖν
2488 4323 2712 4392 χρόνον
2762 4323 3074 4393 διέτριψαν
3101 4339 3122 4364 ε
3168 4327 3700 4398 παρρησιαζόμενοι
3749 4330 3854 4381 ἐπὶ
3931 4333 4024 4397 τῷ

2322 4413 2534 4480 Κυρίῳ,
2568 4412 2649 4477 τῷ
2667 4414 3069 4482 μαρτυροῦντι
3100 4415 3179 4481 τῷ
3203 4419 3364 4486 λόγῳ
3385 4418 3493 4486 τῆς
3521 4419 3758 4487 χάριτος
3785 4423 4021 4488 αὐτοῦ,

2322 4500 2548 4554 διδόντι
2578 4502 2795 4570 σημεῖα
2834 4504 2930 4556 καί
2964 4503 3177 4573 τέρατα
3205 4507 3473 4574 γίνεσθαι
3500 4508 3596 4560 διὰ
3630 4507 3746 4561 τῶν
3786 4510 4025 4578 χειρῶν

2327 4589 2543 4643 αὐτῶν.
2589 4591 2760 4644 Τοῦτο
2814 4593 2988 4646 ἐποίει
3041 4593 3138 4665 τὴν
3193 4597 3539 4668 παρρησίαν·
3578 4597 3780 4666 μᾶλλον
3814 4597 3874 4650 δὲ
3911 4601 4025 4671 τὴν

2330 4676 2429 4747 μὲν
2463 4679 2774 4749 παρρησίαν
2809 4679 2981 4734 ἐποίει
3011 4683 3042 4752 ἡ
3073 4682 3249 4735 αὐτῶν
3273 4681 3566 4753 προθυμία.
3589 4683 3687 4736 Διά
3714 4685 3824 4756 γὰρ
3849 4687 4028 4743 τοῦτο

2331 4766 2491 4838 μέχρι
2517 4767 2712 4820 πολλοῦ
2737 4769 2988 4840 οὐδαμῶς
3012 4773 3211 4841 σημεῖα
3239 4773 3297 4824 οὐ
3329 4772 3540 4825 ποιοῦσι
3561 4789 3574 4802 ⁶
3608 4773 3670 4825 τὸ
3696 4773 3752 4827 δέ
3776 4777 4024 4829 πιστεῦ-

2329 4870 2419 4906 σαι
2449 4855 2576 4920 τούς
2614 4855 2936 4920 ἀκούοντας,
2972 4858 3081 4910 τῶν
3134 4861 3376 4930 σημείων
3425 4855 3513 4931 ἦν.
3555 4860 3832 4913 Συνετέλει
3869 4865 4025 4930 γοῦν

2325 4959 2379 4995 τι
2415 4942 2433 4981 ί
2469 4944 2561 4997 καὶ
2595 4945 2628 5015 ὴ
2666 4946 2967 5017 παρρησία.
3017 4946 3300 5015 Ἐσχίσθη
3363 4947 3431 5000 δὲ
3481 4947 3546 5000 τὸ
3603 4948 3837 5016 πλῆθος
3898 4952 4025 5020 τῆς

2327 5033 2588 5100 πόλεως·
2629 5036 2727 5088 καὶ
2764 5037 2818 5088 οἱ
2841 5037 2960 5104 μὲν
2991 5033 3153 5105 ἦσαν
3178 5036 3300 5090 σὺν
3326 5036 3448 5102 τοῖς
3491 5037 3824 5104 Ἰουδαίοις,
3854 5043 3914 5092 οἱ
3944 5043 4025 5096 δὲ

2327 5121 2450 5175 σὺν
2479 5122 2602 5188 τοῖς
2633 5124 3018 5190 ἀποστόλοις.
3051 5126 3127 5178 Οὐ
3171 5124 3364 5195 μικρὸν
3406 5128 3486 5189 εἰς
3524 5127 3864 5195 κατηγορίαν
3914 5134 4026 5182 καὶ

2327 5210 2459 5262 αὐτὸ
2501 5211 2561 5264 τὸ
2593 5211 2898 5283 σχισθῆναι.
2930 5213 3100 5266 Τοῦτο
3134 5211 3202 5286 ἦν
3237 5216 3265 5268 ὃ
3295 5215 3479 5283 ἔλεγεν
3516 5215 3546 5266 ὁ
3573 5216 3809 5285 Χριστός
3829 5231 3840 5241 ·
3878 5220 4022 5272 Οὐκ

2327 5294 2749 5367 ἦλθονβαλεῐν
2760 5301 3029 5369 εἰρήνην,
3047 5302 3209 5356 ἀλλὰ
3217 5302 3301 5371 μά
3305 5319 3538 5370 χαιραν.
3559 5303 3654 5366 Ὠς
3673 5302 3740 5354 δὲ
3759 5301 4024 5370 ἐγένετο

2327 5387 2480 5454 ὁρμὴ
2509 5387 2627 5440 τῶν
2662 5387 2874 5452 ἐθνῶν,
2902 5390 2998 5444 καί
3041 5389 3344 5444 Ἰουδαίων
3381 5391 3503 5444 σὺν
3537 5391 3660 5456 τοῖς
3700 5390 4025 5460 ἄρχουσιν

2327 5475 2544 5537 αὐτῶν,
2575 5477 2813 5544 ὑϐρίσαι
2843 5480 2943 5534 καὶ
2963 5477 3356 5550 λιθοϐολῆσαι
3378 5481 3621 5545 αὐτοὺς,
3644 5479 4024 5549 συνιδόντες

2328 5564 2670 5634 κατέφυγον
2697 5569 2786 5632 είς
2827 5569 2934 5635 τὰς
2984 5571 3187 5637 κύκλῳ
3238 5571 3447 5636 πόλεις
3494 5568 3604 5638 τῆς
3635 5569 4019 5636 Λυκαονίας,

2439 5821 2600 5887 Verba
2620 5824 2786 5887 ἄρα...
2811 5825 2872 5872 τὰ
2897 5826 3018 5883 ἔθνη,
3043 5826 3198 5875 Edilis
3219 5827 3405 5887 ignota.
3428 5838 3488 5874 ex
3516 5837 3614 5887 uno
3636 5822 3742 5887 cod_.
3767 5823 4018 5882 suppleta

2328 5891 2459 5950 ευνιί.
2503 5885 2665 5935 Enn-ﬁ
2700 5887 2727 5924 ά
2768 5890 2866 5938 Alii
2909 5889 3020 5950 παρ’
3057 5885 3609 5950 αὐτῶνίούδένητοῦτο
3652 5885 3777 5939 τούς.
3853 5897 3878 5922 ει
3927 5888 4018 5936 Sic

2331 5946 2526 5996 cMices
2568 5962 2754 5998 omnes.
2794 5950 2920 5999 Editi
2961 5946 3164 5999 ἐποίουθ.
3190 5951 3321 5998 Enn.
3397 5949 3564 5998 "l‘res
3607 5961 3721 5996 mss.
3757 5952 4012 5998 συνετέλει

2338 6006 2390 6054 δε
2413 6028 2456 6060 τι
2480 6012 2578 6061 καί.
2607 6011 2761 6063 Paulo
2781 6021 2896 6062 ante
2918 6010 3068 6063 iidem
3101 6013 3236 6076 μέχρι
3273 6007 3453 6060 πολλοῦ
3484 6011 3660 6072 σημεῖα
3692 6010 3747 6059 οὐ
3776 6010 4011 6061 ποιοῦςι.
