3978 6512
228 489 386 555 bona,
409 491 580 562 gratia
607 501 663 549 et
688 492 1011 567 benignitate
1038 493 1248 552 Domini
1276 499 1443 552 nostri
1475 497 1603 553 Iesu
1631 498 1797 553 Chri-

226 586 317 649 sti,
342 587 554 655 quicum
583 584 732 641 Patri
756 601 966 657 unaque
996 586 1217 657 Spiritui
1245 597 1432 643 sancto
1454 589 1644 660 gloria,
1676 590 1796 646 im—

1190 381 1260 438 lN
1294 382 1474 440 ACTA
1513 383 2036 444 APOSTOLORUM.
2074 385 2308 447 HOMlL.
2350 389 2523 450 XXX.

3386 406 3493 463 222

1901 501 2134 571 perium,
2164 501 2362 572 honor,
2400 520 2544 562 nunc
2570 514 2627 563 et
2652 522 2903 582 semper,
2929 521 2985 568 et
3022 512 3076 569 in
3096 514 3294 573 szeeula
3317 532 3490 577 eam.

1904 592 2100 648 lorum.
2129 593 2325 650 Amen.

1557 812 1907 878 HOMILIA
1947 817 2163 881 XXX.

213 954 338 1011 Cn.
366 955 454 1010 l5.
485 970 538 1009 v.
580 955 670 1010 42.
713 953 1023 1009 Exeuntibus
1061 964 1233 1009 autem
1268 955 1374 1011 illis
1395 997 1412 1023 ,
1457 956 1703 1029 rogabant
1731 966 1787 1012 ut

280 1048 507 1115 sequenti
532 1048 737 1103 sabbato
754 1048 1073 1111 loquerentur
1096 1049 1193 1103 sibi
1218 1049 1367 1103 verba
1397 1052 1525 1105 lucc.

282 1141 336 1194 1.
363 1139 611 1194 Vidistin‘
637 1139 785 1194 Pauli
833 1139 1212 1209 prudentiam?
1247 1140 1363 1197 Non
1412 1152 1537 1197 tunc
1579 1151 1788 1198 tantum

213 1230 263 1284 in
294 1230 649 1284 admiratione
676 1231 791 1298 fuit,
820 1232 914 1286 sed
956 1232 1116 1287 etiam
1145 1233 1337 1288 iterum
1363 1234 1614 1290 audiendi
1645 1234 1791 1290 desi-

206 1321 417 1376 derium
448 1322 671 1376 immisit
698 1323 822 1387 illis,
854 1337 975 1377 cum
1003 1324 1206 1378 semina
1235 1323 1480 1393 quaedam
1511 1324 1789 1393 iniecisset

205 1430 266 1470 ac
289 1416 532 1470 nondum
550 1415 867 1471 absolvisset
890 1458 904 1484 ,
941 1432 1113 1487 neque
1141 1418 1319 1471 verbis
1337 1416 1497 1472 linem
1529 1418 1741 1473 fecisset
1764 1457 1785 1485 ,

208 1518 259 1561 ut
280 1509 401 1562 illos
426 1509 528 1563 sibi
556 1509 865 1563 conciliaret
890 1523 955 1564 ac
983 1509 1273 1563 benevolos
1302 1508 1579 1575 redderet,
1613 1524 1787 1580 neque

201 1601 383 1653 omnia
423 1600 584 1654 simul
614 1600 905 1670 ingerendo
949 1615 1203 1655 nauseam
1250 1611 1481 1670 pareret.
1516 1600 1734 1655 Dixerat
1767 1619 1781 1655 :

205 1694 453 1748 Rcmissio
476 1704 792 1763 peccatorum
822 1711 911 1764 per
936 1694 1071 1748 hunc
1094 1695 1231 1747 vobis
1258 1694 1626 1757 annuntiatur;
1653 1708 1785 1763 quo-

202 1786 364 1840 modo
410 1795 623 1849 autem,
656 1801 760 1839 non
790 1785 1101 1840 declaravit.
1142 1786 1270 1839 Post
1300 1784 1416 1840 hinc
1462 1785 1654 1840 iterum
1697 1784 1784 1840 sui

202 1877 368 1946 ipsius
409 1878 734 1932 mentionem
765 1876 893 1932 facit
934 1879 1184 1948 primum.
1235 1877 1422 1933 Viden'
1448 1886 1644 1948 quanta
1670 1877 1785 1932 ala-

199 1970 363 2023 critas
385 1968 411 2021 ?
456 1971 807 2038 Sequebantur
836 1970 956 2023 illos
976 2011 990 2033 ,
1024 1970 1212 2039 inquit.
1246 1968 1354 2024 Cur
1384 1969 1505 2024 illos
1535 1984 1640 2025 non
1666 1978 1781 2025 sta-

198 2062 286 2115 tim
318 2062 654 2130 baptizavit?
679 2061 795 2116 Non
829 2072 943 2116 erat
969 2070 1178 2131 tempus
1217 2080 1232 2115 :
1266 2061 1592 2131 persuadere
1620 2077 1783 2131 opor-

198 2153 339 2205 tebat
364 2193 378 2217 ,
416 2164 474 2205 ut
510 2152 648 2205 firmi
682 2162 981 2207 manerent.
1009 2154 1099 2206 45.
1138 2152 1363 2222 Cumque
1408 2152 1617 2206 dimissa
1653 2160 1780 2208 esset

194 2260 456 2313 synagoga
477 2285 493 2308 ,
548 2245 743 2313 sequuti
781 2254 897 2296 sunt
933 2244 1079 2297 ntulti
1110 2242 1410 2298 Judatorum
1439 2252 1485 2298 et
1509 2245 1779 2299 colentium

194 2336 505 2388 advetiarum
551 2334 775 2389 Paulum
807 2346 849 2390 et
880 2336 1167 2390 Barnabam
1190 2352 1209 2390 :
1229 2338 1316 2407 qui
1358 2338 1617 2406 loquentes
1655 2353 1776 2391 sua-

193 2429 375 2482 debant
417 2430 487 2482 eis
516 2471 531 2493 ,
567 2440 622 2482 ut
648 2440 903 2483 manerent
947 2430 998 2483 in
1046 2430 1212 2500 gratia
1250 2428 1367 2483 Dei.
1394 2430 1485 2484 44.
1530 2429 1776 2498 Sequenti

192 2535 298 2573 vero
331 2519 551 2573 sabbato
581 2537 707 2589 pene
746 2522 979 2574 universa
1003 2520 1178 2574 civitas
1201 2520 1431 2573 convenit
1457 2520 1636 2573 audire
1664 2536 1775 2574 ver-

194 2609 441 2665 bttmDei.
475 2612 566 2666 45.
610 2610 841 2665 Videntes
860 2622 1027 2664 autent
1051 2612 1222 2665 turbas
1246 2610 1438 2676 Judtei,
1458 2611 1637 2680 repleti
1656 2618 1773 2665 sunt

194 2702 292 2754 selo
314 2742 328 2766 ,
372 2712 422 2754 et
452 2702 862 2754 contradicebant
890 2702 953 2754 iis
986 2740 1002 2765 ,
1038 2717 1151 2771 qua:
1174 2718 1206 2754 a
1237 2699 1405 2754 Paulo
1431 2701 1725 2754 dicebantur
1751 2740 1769 2765 ,

193 2793 591 2846 contradicentes
612 2804 657 2847 et
686 2792 1111 2863 blasphentantes.
1149 2792 1279 2847 Vide
1322 2794 1610 2863 nequitiam
1644 2808 1767 2863 per-

195 2902 423 2952 cassam,
451 2886 582 2940 dum
611 2887 744 2941 alios
772 2887 1020 2956 percutit.
1052 2886 1163 2940 lloc
1188 2886 1332 2955 ipsos
1358 2887 1618 2940 clariores
1645 2884 1766 2941 red-

198 2978 390 3043 debat,
434 2977 581 3047 quod
630 2978 701 3031 illi
750 2976 1199 3031 contradicerent.
1233 2977 1413 3031 Primo
1454 2978 1632 3046 itaque
1671 2991 1768 3033 sua

204 3080 373 3139 sponte
405 3072 692 3138 rOgabant.
720 3066 1131 3125 Contradiccntes
1159 3108 1175 3134 ,
1205 3068 1377 3138 inquit
1406 3109 1419 3133 ,
1450 3078 1498 3123 et
1523 3067 1765 3138 blasphe-

209 3174 393 3217 montes.
435 3162 482 3218 Ο
519 3163 903 3233 petulantiam!
938 3171 1154 3232 propter
1177 3178 1296 3231 qua:
1318 3162 1440 3216 illos
1468 3163 1766 3231 approbare

208 3256 513 3325 oportebat,
569 3264 783 3325 prOpter
834 3271 893 3310 ea
950 3255 1020 3309 illi
1075 3254 1465 3309 contradicunt.
1492 3256 1581 3310 46.
1621 3254 1765 3309 Tunc

197 3359 467 3403 constanter
503 3347 697 3402 Paulus
735 3357 780 3401 et
820 3346 1084 3401 Barnabas
1110 3348 1380 3401 dixerunt:
1418 3344 1566 3400 Vobis
1615 3363 1765 3416 opor-

192 3441 308 3492 tebat
346 3440 576 3508 primunt
627 3439 765 3509 loqui
825 3439 1026 3493 verbum
1083 3437 1218 3501 Dei;
1255 3437 1343 3491 sed
1397 3437 1638 3508 quoniam
1684 3453 1764 3492 re-

188 3531 367 3599 pellitis
398 3532 533 3584 illud
566 3572 582 3595 ,
612 3540 657 3584 et
706 3531 941 3602 indignos
982 3546 1070 3583 vos
1098 3531 1343 3597 judicatis
1391 3540 1580 3585 teterna
1619 3530 1760 3593 vita,

182 3640 285 3676 ecce
312 3624 661 3678 convertimur
684 3624 751 3675 ad
779 3633 968 3693 gentes.
998 3620 1202 3685 Viden’,
1230 3621 1499 3690 quomodo
1524 3637 1618 3691 per
1641 3636 1763 3678 cou-

183 3716 478 3769 tentionem
535 3714 703 3783 magis
755 3713 1109 3768 extenderunt
1177 3712 1606 3782 praedicationem
1636 3752 1653 3777 ,
1705 3723 1762 3768 et

182 3807 343 3876 magis
378 3806 458 3860 illi
482 3820 541 3860 se
566 3805 907 3860 contulerunt
927 3804 990 3857 ad
1008 3811 1216 3874 gentes.
1243 3811 1523 3873 postquam
1549 3805 1760 3859 ratione

183 3896 392 3949 reddita
420 3893 561 3964 apud
592 3908 922 3963 congeneres
971 3908 1099 3948 suos
1148 3907 1269 3947 sese
1296 3894 1454 3962 culpa
1494 3893 1759 3948 immunes

173 3985 641 4056 comprobarunt?
671 3984 779 4038 Nec
804 3984 957 4049 dixit,
992 3982 1196 4052 indigni
1222 3982 1354 4037 estis
1387 3999 1401 4047 ;
1434 3982 1529 4037 sed
1550 4022 1567 4049 ,
1597 3982 1753 4036 Indi-

174 4094 295 4147 gnos
324 4094 421 4130 vos
435 4077 704 4147 judicatis,
737 4085 797 4129 ut
823 4090 929 4129 non
956 4089 1215 4129 onerosus
1237 4088 1415 4129 sermo
1437 4082 1601 4129 esset.
1625 4074 1759 4129 Ecce

174 4170 512 4223 convertimur
530 4172 597 4220 ad
622 4177 809 4238 gentes.
834 4168 924 4223 47.
954 4166 1045 4221 Sic
1074 4167 1207 4220 enim
1233 4166 1467 4237 prlecepit
1493 4166 1635 4219 nobis
1650 4165 1756 4220 Do-

171 4263 336 4315 minus
364 4277 382 4314 :
408 4260 575 4314 Posui
620 4271 667 4313 te
695 4260 748 4313 in
787 4259 947 4313 lucem
986 4259 1206 4328 gentium
1235 4298 1250 4323 ,
1281 4268 1337 4310 ut
1365 4259 1434 4311 sis
1461 4258 1513 4311 in
1541 4257 1756 4312 salutem

171 4370 327 4423 usque
352 4354 424 4405 ad
451 4362 731 4405 extremum
763 4360 908 4404 terra:
937 4348 1087 4420 (lsai.
1110 4348 1199 4403 49.
1232 4350 1310 4419 6).
1354 4348 1424 4404 Ut
1451 4350 1598 4403 enim
1624 4365 1756 4419 gen-

173 4452 249 4497 tes
279 4445 397 4509 haec
422 4443 704 4498 audientes
727 4456 836 4497 non
866 4441 1333 4505 contristarentur,
1366 4442 1517 4511 quasi
1543 4458 1608 4498 ex
1631 4440 1753 4497 illo-

170 4553 283 4590 rum
331 4537 517 4592 studio
556 4536 695 4590 bona
728 4536 858 4605 ipsa:
899 4550 1007 4589 non
1051 4544 1468 4603 assequerentur
1494 4576 1510 4602 ,
1538 4534 1756 4591 adducit

171 4630 537 4700 prophetiam,
573 4628 762 4683 dicens
791 4647 802 4682 :
837 4627 963 4682 Dedi
988 4637 1034 4681 te
1059 4629 1110 4682 in
1138 4628 1299 4682 lucem
1326 4630 1570 4699 gentium,
1601 4639 1658 4682 ut
1684 4630 1755 4684 sis

164 4723 215 4775 in
240 4729 464 4777 salutem
515 4738 671 4792 usque
699 4722 768 4775 ad
815 4730 1096 4775 extremum
1140 4730 1305 4775 terrte.
1349 4721 1439 4776 48.
1478 4721 1754 4777 Audientes

164 4828 332 4871 autem
360 4828 552 4890 gentes.
584 4817 697 4872 lloc
724 4816 845 4871 illos
881 4817 1169 4871 alacriores
1195 4815 1488 4882 reddebat,
1520 4816 1661 4886 quod
1688 4816 1753 4871 iis

165 4910 237 4965 illi
267 4908 810 4979 lruerentur,quibus
838 4910 927 4962 alii
955 4908 1056 4963 frui
1085 4907 1351 4963 debebant
1376 4926 1391 4974 ;
1418 4907 1633 4963 JUdiBOS
1656 4924 1753 4963 au—

166 5010 271 5055 tem
298 5000 408 5055 hoc
433 5001 606 5070 magis
635 4999 937 5055 mordebat.
984 4999 1259 5053 Audientes
1283 5008 1451 5052 autem
1478 5039 1495 5065 ,
1525 4997 1696 5068 inquit
1726 5038 1747 5067 ,

160 5103 332 5161 gentes
378 5094 567 5163 gavisa
602 5101 741 5158 sunt,
782 5101 829 5144 et
857 5090 1209 5162 glori/icabant
1248 5089 1449 5144 verbum
1491 5087 1750 5145 Domini:

167 5182 228 5235 Et
275 5185 609 5237 crediderunt
661 5192 905 5252 quotquot
949 5191 1091 5235 erant
1133 5180 1465 5251 praeordinati
1501 5181 1554 5234 in
1597 5181 1751 5235 vitam

159 5286 449 5340 cternam;
480 5275 587 5331 hoc
639 5283 742 5341 est,
784 5273 1031 5344 praeliniti
1081 5288 1113 5327 a
1145 5273 1275 5327 Deo.
1324 5271 1456 5326 Vide
1480 5272 1749 5340 quomodo

162 5366 407 5421 ostendit
423 5367 671 5420 utilitatis
686 5364 1043 5421 celeritatem.
1072 5363 1163 5418 49.
1189 5362 1627 5418 Disseminabatur
1652 5381 1749 5417 au-

163 5468 258 5511 tem
286 5458 501 5513 verbum
528 5458 738 5512 Domini
785 5474 874 5528 per
921 5457 1203 5511 universam
1244 5454 1537 5526 regionem;
1560 5454 1611 5509 id
1639 5464 1744 5523 est,

160 5549 555 5621 divulgabatur.
590 5551 668 5603 Ac
693 5549 740 5604 si
767 5548 989 5614 diceret,
1017 5546 1133 5602 Non
1159 5546 1393 5603 contenti
1421 5546 1559 5612 zelo,
1587 5561 1748 5617 opera

160 5643 320 5698 etiam
374 5642 714 5697 addiderunt.
760 5640 903 5697 'Vide
940 5638 1211 5710 quomodo
1267 5638 1406 5709 pulsi
1437 5647 1490 5693 et
1518 5638 1637 5692 zelo
1665 5642 1741 5695 in-

160 5734 452 5801 eeasi,alia
481 5748 672 5803 magna
698 5731 945 5790 efficiunt
969 5744 987 5786 :
1011 5745 1131 5787 sese
1145 5744 1374 5801 namque
1397 5738 1743 5801 appararuut,

166 5835 219 5879 II
265 5825 493 5883 liberius
522 5833 786 5896 agerent,
815 5833 869 5881 ct
893 5824 959 5881 ad
985 5834 1172 5896 gentes
1205 5821 1449 5881 venirent
1476 5837 1492 5892 ;
1524 5829 1581 5878 ct
1623 5822 1744 5877 audi

1899 962 2196 1029 quomodo.
2238 962 2538 1023 Constanter
2568 980 2772 1041 agentes
2801 972 3001 1034 Paulus
3024 991 3074 1035 et
3099 980 3373 1040 Barnabas
3398 986 3486 1039 di-

1896 1062 2079 1107 xerunt
2100 1070 2124 1110 :
2157 1054 2309 1112 Vobis
2329 1059 2588 1128 oportebat
2612 1064 2830 1132 primum
2847 1067 2987 1139 loqui
3012 1074 3214 1128 verbum
3237 1076 3335 1133 Dei
3355 1095 3376 1141 ;
3400 1080 3490 1134 sed

1896 1143 2016 1238 quia
2051 1148 2315 1238 ‘repellitis
2355 1150 2486 1205 illud
2503 1193 2526 1219 ,
2553 1169 2667 1208 ecce
2708 1160 3047 1217 convertimur
3070 1166 3141 1219 ad
3161 1178 3352 1238 gentes.
3375 1169 3485 1226 Sed

1896 1232 2019 1328 vide
2048 1234 2227 1328 iuihac
2254 1238 2445 1295 fiducia
2466 1253 2736 1300 servatum
2758 1248 2998 1319 modum;
3029 1264 3082 1309 et
3092 1232 3216 1325 jure
3243 1260 3482 1328 quidem.

1894 1322 2027 1379 Nam
2044 1326 2089 1381 si
2107 1327 2299 1385 Petrus
2319 1345 2440 1388 sese
2463 1333 2807 1404 defendebat,
2829 1343 2999 1399 multo
3025 1322 3193 1417 magis
3224 1322 3276 1406 lii
3301 1353 3487 1409 defen-

1892 1417 2047 1475 sione
2076 1435 2213 1490 Opus
2244 1422 2561 1495 habebant,
2608 1431 2823 1486 nemine
2849 1433 2997 1505 ipsos
3023 1438 3201 1497 isthuc
3228 1455 3478 1503 vocante.

1893 1508 2024 1607 (ium
2044 1510 2189 1607 dixit
2216 1524 2418 1583 autem,
2466 1517 2720 1589 Primum,
2750 1527 2986 1582 ostendit
3014 1529 3124 1584 illis
3150 1534 3311 1589 etiam
3340 1552 3478 1607 prae-

1891 1602 2058 1658 dicari
2087 1608 2394 1674 oportuisse
2422 1626 2439 1676 ;
2467 1619 2524 1665 et
2563 1626 2687 1668 cum
2731 1614 2867 1671 dixit
2895 1658 2911 1683 ,
2941 1617 3301 1679 Necessarium
3328 1602 3356 1692 ,τ
3386 1642 3481 1681 ar-

1890 1695 2005 1789 quit
2023 1696 2128 1753 illis
2150 1698 2312 1753 etiam
2337 1705 2709 1761 necessarium.
2726 1706 2910 1766 fuisse.
2934 1711 3042 1766 Sed
3060 1716 3296 1783 quoniam
3316 1721 3471 1789 repel.

1890 1787 1994 1882 litis
2010 1804 2033 1853 ;
2059 1805 2165 1882 non
2190 1791 2348 1861 dixit,
2381 1795 2473 1851 Va:
2498 1798 2651 1855 vobis
2677 1842 2694 1866 ,
2722 1816 2896 1873 neque
2920 1845 2936 1871 ,
2964 1806 3265 1865 Puniemini
3291 1829 3307 1879 ;
3452 1857 3470 1882 ,

1888 1876 2239 1936 Convertimur
2283 1885 2352 1937 ad
2392 1896 2591 1956 gentes.
2642 1889 2831 1947 Viden’
2859 1906 3055 1965 quanta
3106 1876 3478 1962 moderatione

1887 1967 2045 2038 plena
2076 1972 2147 2026 sit
2172 1972 2367 2030 fiducia
2398 1976 2487 2033 illa
2512 1980 2535 2032 t
2563 1980 2654 2036 50.
2685 1980 2859 2038 Judaei
2900 1998 3067 2043 autem
3095 1993 3473 2051 concitaverunt

1887 2064 2128 2119 mulieres
2147 2067 2412 2137 religiosas
2432 2080 2481 2125 et
2497 2072 2753 2141 honestas,
2780 2088 2828 2131 et
2856 2080 3047 2148 primos
3073 2084 3310 2154 civitatis,
3333 2099 3481 2145 eteo:-

1882 2154 2155 2248 citaverunt
2181 2160 2613 2230 persequutionem
2649 2166 2705 2220 in
2750 2167 2977 2224 Paulum
3002 2183 3047 2227 et
3069 2173 3394 2248 Barnabam,
3412 2191 3463 2236 et

1882 2246 2137 2315 ejecerunt
2166 2265 2251 2304 eos
2278 2251 2342 2305 de
2363 2253 2547 2321 ﬁnibus
2565 2257 2693 2311 suis.
2724 2258 2917 2317 Viden’
2935 2275 3191 2332 quantum
3222 2246 3467 2338 profece-

1882 2337 1989 2431 rint
2030 2340 2121 2431 qui
2169 2341 2594 2403 adversabantur
2643 2351 3010 2419 prtedicationi
3045 2373 3060 2410 :
3102 2357 3155 2412 in
3204 2337 3464 2431 quantam

1880 2427 2264 2499 impudentiam
2294 2435 2417 2492 illas
2444 2437 2815 2496 adduxerim?
2858 2444 2953 2501 5i.
2980 2446 3049 2500 At
3085 2449 3164 2504 illi
3194 2427 3467 2519 {excusso

1880 2520 2083 2588 pulvere
2108 2525 2292 2593 pedum
2321 2528 2373 2582 in
2398 2545 2484 2585 eos
2505 2570 2522 2597 ,
2552 2545 2793 2587 venerunt
2822 2533 3077 2593 Iconium.
3102 2540 3200 2597 Hic
3224 2545 3464 2603 terribile

1877 2609 2007 2665 illud
2053 2612 2297 2670 fecerunt
2326 2619 2470 2688 quod
2499 2620 2737 2690 jusserat
2765 2624 3010 2683 Christus
3041 2628 3231 2687 dicens
3261 2650 3276 2687 :
3310 2634 3379 2689 Et
3421 2638 3469 2692 si

1874 2704 1986 2773 quis
2013 2720 2100 2759 vos
2126 2723 2227 2761 non
2256 2713 2519 2780 receperit,
2549 2715 2735 2782 egressi
2755 2719 2971 2773 excutite
2991 2721 3246 2789 pulverem
3273 2728 3461 2793 pedum

1874 2802 2152 2849 vestrorum
2180 2796 2395 2866 (Matth.
2433 2801 2517 2857 10.
2546 2804 2633 2858 14.
2668 2804 2838 2860 Marc.
2867 2808 2921 2864 6.
2956 2811 3064 2880 ll).
3089 2812 3169 2867 Illi
3200 2830 3330 2870 vero
3353 2833 3461 2874 non

1875 2893 2076 2942 temere
2097 2888 2199 2944 hoc
2226 2888 2504 2959 fecerunt,
2537 2895 2629 2950 sed
2658 2906 2939 2968 postquam
2970 2902 3128 2971 ejecti
3156 2916 3283 2961 sunt
3303 2908 3371 2964 ab
3401 2910 3466 2964 il-

1873 2976 1959 3031 lis.
1992 2978 2254 3036 Caeterum
2285 2998 2459 3054 neque
2488 2984 2590 3042 hoc
2620 2988 2896 3059 discipulis
2925 2995 3128 3063 nocuit,
3168 2997 3262 3053 sed
3289 3002 3459 3072 magis

1874 3081 2285 3137 perseverarunt
2312 3075 2365 3128 in
2402 3075 2590 3132 verbo.
2623 3077 2744 3133 Ideo
2774 3080 2873 3136 hoc
2912 3083 3193 3143 declarans
3220 3089 3405 3158 adjicit
3438 3110 3451 3146 :

1873 3158 1964 3214 52.
1990 3160 2243 3233 Discipuli
2262 3175 2433 3219 autem
2455 3169 2778 3239 replebantur
2796 3175 2985 3244 gaudio
3013 3216 3027 3240 ,
3050 3187 3099 3231 et
3121 3178 3324 3249 Spiritu
3344 3199 3457 3237 san-

1870 3264 1969 3307 cto.
2010 3255 2249 3326 Magistri
2279 3274 2510 3331 namque
2531 3276 2769 3318 aerumna
2800 3266 3046 3338 discipuli
3076 3270 3319 3328 fiduciam
3349 3289 3456 3332 non

1870 3345 2022 3411 tollit,
2037 3346 2130 3402 sed
2156 3347 2474 3405 alacriorem
2504 3351 2654 3408 illum
2679 3356 2874 3411 reddit.
2929 3359 3097 3430 (Cap.
3121 3363 3228 3434 14.)
3257 3366 3307 3419 1.
3337 3364 3452 3420 Fa-

1867 3446 2000 3528 ctum
2021 3449 2093 3493 est
2113 3450 2280 3495 autem
2304 3440 2491 3510 Iconii,
2521 3455 2576 3499 ut
2600 3447 2754 3502 simul
2779 3449 3045 3506 introirent
3060 3454 3114 3507 in
3137 3471 3450 3528 synagogam

1866 3527 2168 3585 Judatorum
2192 3573 2209 3598 ,
2237 3542 2282 3586 et
2309 3534 2631 3607 loquerentur
2654 3580 2672 3604 ,
2699 3540 2771 3593 ita
2793 3551 2846 3595 ut
2870 3545 3127 3600 crederent
3151 3527 3454 3607 Judteorum

1865 3632 1912 3676 et
1940 3622 2231 3680 Grecorum
2255 3629 2461 3699 copiosa
2486 3632 2781 3688 multitudo.
2803 3635 3037 3692 Rursum
3066 3639 3120 3695 in
3147 3655 3450 3714 synagogas

1864 3715 2155 3773 introeunt.
2181 3719 2315 3777 Vide
2334 3724 2611 3792 quomodo
2631 3740 2736 3780 non
2768 3727 3063 3786 timidiores
3092 3731 3269 3789 elfecti
3295 3735 3449 3805 siut,

1867 3822 1987 3861 cum
2014 3809 2275 3866 dixissent
2296 3853 2312 3879 ,
2344 3811 2691 3869 Convertimur
2715 3818 2782 3870 ad
2818 3830 3007 3890 gentes.
3052 3822 3128 3876 Ex
3159 3824 3451 3882 abundanti

1869 3909 2049 3956 tamen
2082 3902 2189 3958 illis
2217 3906 2620 3962 excusationem
2653 3908 2864 3966 tollunt.
2914 3910 3005 3967 Ita
3050 3924 3105 3967 ut
3147 3917 3447 3987 crederent,

1864 3993 2062 4063 inquit,
2085 3994 2386 4050 Iudaeorum
2411 4008 2456 4053 et
2483 3998 2776 4056 Graecorum
2802 4005 3006 4075 capiosa
3022 4008 3312 4064 multitudo.
3347 4012 3448 4067 Ve-

1864 4086 2089 4141 risimile
2126 4100 2207 4143 cst
2236 4090 2376 4144 enim
2408 4091 2532 4147 illos
2574 4094 2734 4148 etiam
2788 4094 2991 4153 Graecis
3016 4101 3358 4170 praedicasse.
3385 4106 3441 4162 2.

1865 4176 1965 4243 Qui
2006 4195 2120 4233 vero
2159 4180 2406 4237 increduli
2444 4184 2647 4254 fuerunt
2683 4186 2855 4243 Judwi
2891 4192 3258 4249 suscitaverunt
3295 4208 3342 4252 ct
3379 4202 3447 4253 ad

1854 4266 2170 4323 iracundiam
2197 4273 2572 4329 concitaverunt
2596 4277 2794 4332 animus
2817 4282 3039 4350 gentium
3058 4284 3299 4341 adversus
3328 4291 3443 4359 fray

1856 4368 1973 4414 tres.
2000 4360 2169 4417 Simul
2198 4378 2326 4435 ergo
2369 4366 2531 4421 etiam
2558 4377 2745 4436 gentes
2773 4372 3103 4439 excitarunt,
3136 4376 3291 4446 quasi
3323 4394 3433 4434 non

1855 4453 1987 4508 satis
2019 4464 2202 4510 essent
2247 4457 2368 4528 ipsi.
2403 4459 2513 4515 Cur
2559 4461 2717 4531 igitur
2764 4463 2959 4520 isthinc
3003 4482 3109 4523 non
3147 4470 3445 4528 exierunt?

1854 4545 1986 4613 Quia
2010 4563 2116 4602 non
2145 4550 2504 4619 pellebantur,
2534 4554 2629 4609 sed
2654 4562 2860 4611 tantum
2892 4558 3359 4631 impugnabantur.
3382 4566 3438 4621 '5.

1854 4638 2022 4694 Multo
2046 4641 2199 4711 igitur
2230 4652 2455 4713 tempore
2482 4644 2728 4701 demorati
2753 4659 2870 4703 sunt
2905 4693 2919 4716 ,
2948 4652 3258 4720 ﬁducialiter
3276 4674 3441 4728 agen—

1854 4739 1927 4784 tes
1960 4731 2012 4783 in
2052 4730 2274 4787 Domino
2297 4774 2313 4800 ,
2358 4736 2696 4791 testimonium
2731 4740 3020 4809 perbibente
3065 4745 3213 4799 verbo
3257 4748 3440 4818 gratia

1851 4822 2014 4892 ipsius
2044 4863 2061 4888 ,
2100 4824 2253 4879 dante
2278 4826 2425 4897 signa
2448 4837 2494 4881 et
2524 4831 2755 4902 prodigia
2792 4833 2904 4900 ﬁeri
2924 4850 3014 4901 per
3040 4852 3221 4891 manus
3241 4856 3439 4897 eorum.

1854 4912 1966 4967 Hoc
1988 4913 2232 4969 ﬁduciam
2253 4916 2483 4973 addebat
2506 4935 2524 4985 ;
2547 4920 2654 4973 imo
2675 4921 2926 4977 ﬁduciam
2951 4924 3183 4981 addebat
3200 4929 3439 4998 ipsorum

1851 5002 2119 5060 alacritas.
2152 5004 2278 5060 Ideo
2309 5023 2537 5078 namque
2563 5025 2735 5064 rarius
2765 5012 2914 5081 signa
2941 5012 3213 5072 faciebant
3240 5036 3255 5085 ;
3287 5023 3432 5090 quod

1851 5103 2029 5150 autem
2060 5095 2333 5152 auditores
2359 5098 2643 5157 crederent
2666 5141 2681 5165 ,
2715 5100 2855 5157 inter
2879 5104 3028 5173 signa
3052 5112 3432 5177 reputandum.

1851 5188 2068 5258 Aliquid
2100 5189 2264 5261 igitur
2305 5191 2627 5260 operabatur
2650 5192 2861 5249 dicendi
2895 5197 3136 5255 libertas.
3161 5203 3219 5257 4.
3251 5202 3430 5261 Divisa

1848 5288 1921 5333 est
1950 5289 2118 5334 autem
2148 5280 2420 5335 multitudo
2461 5281 2678 5337 civitatis
2713 5300 2733 5338 :
2758 5287 2967 5353 quidam
2995 5303 3141 5347 erant
3174 5310 3290 5350 cum
3323 5297 3429 5352 Ju-

1849 5371 1973 5425 dteis
1993 5410 2010 5437 ,
2036 5371 2241 5440 quidam
2270 5387 2384 5424 cum
2408 5373 2670 5441 apostolis.
2699 5375 2819 5433 Non
2845 5394 3035 5450 parum
3064 5383 3303 5442 additad
3332 5402 3427 5447 ac-

1849 5461 2178 5515 cusationem
2223 5460 2366 5532 quod
2395 5462 2725 5521 scindantur.
2759 5467 2871 5524 Hoc
2899 5481 3017 5527 erat
3044 5474 3426 5544 quoddicebat

1848 5551 2092 5607 Christus
2116 5569 2130 5606 :
2157 5551 2275 5607 Non
2300 5554 2410 5607 veni
2431 5572 2606 5624 pacem
2626 5559 2839 5626 mittere,
2859 5563 2950 5617 sed
2968 5565 3196 5635 gladium
3211 5567 3232 5640 (
3238 5567 3290 5621 Μ
3295 5570 3425 5626 attlt.

1852 5642 1936 5697 10.
1963 5641 2076 5715 54).
2100 5643 2152 5698 5.
2174 5642 2300 5698 Cum
2319 5655 2487 5699 autem
2517 5649 2686 5718 factus
2706 5662 2833 5705 esset
2854 5653 3079 5724 impetus.
3094 5658 3357 5728 gentilium
3378 5671 3426 5715 et

1847 5733 2148 5789 Judatorum
2171 5751 2287 5789 cum
2310 5737 2623 5808 principibus
2660 5743 2767 5798 suis
2794 5784 2809 5810 ,
2841 5755 2897 5799 ut
2920 5750 3233 5803 contumeliis
3257 5752 3439 5821 ofﬁce.

1850 5837 1960 5885 rent
1983 5836 2029 5883 et
2058 5828 2342 5899 lapidarent
2361 5846 2463 5898 eos,
2488 5828 2541 5887 6.
2565 5829 2906 5905 Intelligentes
2924 5842 3256 5912 confugerunt
3272 5843 3433 5897 add.
