3978 6492
520 330 670 441 ’293

565 501 748 553 ritates
762 514 877 570 qua:
887 496 1234 553 circtttnerant
1247 498 1520 568 Lycaonicc
1530 496 1764 567 Lystrarn
1786 507 1832 550 et
1856 492 2049 548 Dcrben
2074 535 2090 561 ,
2109 506 2155 549 et

567 605 851 644 uniuersam
893 595 944 642 in
987 591 1199 643 circuitu
1236 590 1488 659 regionem
1522 629 1537 653 ,
1566 597 1613 640 et
1650 587 1718 641 ibi
1758 586 2156 656 euangelizantes

565 698 683 737 eran
691 692 727 736 τ.

634 775 689 829 2.
726 775 958 829 Rursum
997 773 1147 844 quasi
1186 774 1307 827 data
1365 788 1528 841 opera
1564 772 1854 826 extendere
1904 771 2148 823 volentes

566 866 999 936 prmdicationem
1028 907 1041 929 ,
1078 876 1354 935 postquam
1384 873 1726 933 augmentum
1758 864 2002 932 accepit,
2054 865 2153 916 ite-

564 958 680 1015 rum
707 960 827 1013 illos
850 959 1065 1030 pellunt.
1102 959 1232 1013 Vide
1257 959 1454 1029 ubique
1484 957 1927 1026 persequutiones
1958 970 2149 1024 magna

560 1053 771 1123 operari
817 1055 954 1108 bona
979 1094 992 1117 ,
1028 1062 1081 1107 et
1134 1060 1517 1122 persequentes
1571 1052 1711 1105 vinci
1742 1091 1756 1115 ,
1792 1048 1977 1120 pulsos
2018 1064 2146 1103 vero

559 1143 866 1212 Splendidos
895 1143 1052 1198 efﬁci.
1085 1141 1215 1197 Nam
1253 1151 1311 1196 ttt
1334 1133 1479 1196 venit
1509 1143 1754 1212 Lystram
1776 1178 1791 1201 ,
1830 1140 2147 1194 miraculum

560 1250 805 1304 magnum
848 1234 1107 1303 patravit,
1148 1242 1331 1289 erecto
1364 1233 1555 1288 claudo
1583 1274 1598 1299 ,
1650 1240 1704 1286 et
1744 1247 1936 1302 magna
1969 1244 2144 1285 voce:

558 1328 829 1397 quomodo
858 1338 1058 1394 autem,
1089 1327 1233 1380 audi.
1266 1326 1334 1380 Et
1361 1326 1566 1398 quidam
1590 1326 1664 1379 air
1688 1324 1886 1395 Lystris
1914 1323 2148 1391 inﬁrmus

557 1420 767 1490 pedibus
787 1420 1007 1484 sedebat,
1035 1416 1245 1474 claudus
1271 1435 1333 1473 ea:
1358 1430 1498 1473 utero
1526 1420 1702 1473 matris
1728 1434 1853 1483 sute,
1885 1419 1976 1487 qui
1998 1433 2148 1469 numo

555 1527 706 1580 quam
730 1512 1094 1565 ambulaverat.
1126 1512 1175 1565 8.
1224 1510 1321 1564 llic
1344 1512 1535 1564 audivit
1568 1510 1791 1564 Paulum
1836 1512 2139 1578 loquentem.

558 1604 656 1667 Qui
686 1603 900 1655 intuitus
927 1619 1059 1667 eum,
1088 1612 1134 1656 et
1163 1602 1333 1656 videns
1356 1604 1472 1672 quia
1501 1602 1651 1669 ﬁdem
1678 1602 1879 1655 haberet
1904 1611 1957 1654 ut
1977 1600 2146 1654 salvus

555 1697 695 1763 ﬁeret
716 1737 730 1763 ,
778 1695 833 1750 9.
865 1696 995 1749 dixit
1041 1710 1225 1765 magna
1272 1706 1391 1749 voce
1415 1711 1434 1749 :
1464 1694 1633 1765 Surge
1675 1710 1827 1763 super
1853 1692 2003 1764 pedes
2033 1702 2146 1746 tuos

554 1797 735 1842 rectus.
780 1789 845 1843 Et
886 1790 1099 1842 exsilivit
1124 1831 1137 1853 ,
1170 1798 1216 1841 et
1258 1788 1566 1842 ambulabat.
1598 1786 1705 1842 Cur
1746 1803 1934 1858 magna
1968 1786 2144 1841 voce?

554 1884 619 1938 Ut
654 1883 821 1936 turhte
854 1882 1156 1936 crederent.
1205 1881 1341 1937 Vide
1384 1892 1563 1937 autem
1590 1898 1605 1936 :
1637 1882 1923 1951 diligenter
1966 1891 2143 1936 atten-

553 1974 711 2029 debat
740 1973 898 2027 dictis
927 1972 1072 2026 Pauli
1103 1988 1117 2037 ;
1157 1974 1257 2027 hoc
1280 1973 1422 2026 enim
1451 1972 1551 2026 sibi
1585 1973 1698 2026 vult
1734 1972 1883 2035 illud,
1916 1972 2139 2026 Audiuit.

556 2066 739 2121 Viden‘
786 2066 1217 2136 philosophiam?
1264 2066 1402 2119 Nihil
1444 2081 1508 2119 ett
1552 2066 1942 2120 claudicatioae
1985 2066 2143 2119 l:csus

555 2158 608 2212 in
630 2157 880 2212 audiendi
904 2157 1099 2211 studio.
1124 2157 1221 2221 Qui
1245 2157 1455 2210 intuitus
1477 2174 1607 2222 eum,
1637 2158 1809 2210 videns
1832 2158 1968 2226 quod
1990 2156 2143 2223 [idem

552 2248 753 2302 haberet
780 2259 833 2301 ut
856 2250 1023 2301 salvus
1048 2249 1208 2317 ﬁeret.
1234 2246 1350 2302 Jam
1379 2248 1805 2317 praeelectionem
1835 2251 1884 2302 in
1919 2246 2142 2302 lantilia‘

556 2341 763 2394 ritatem
799 2351 1155 2409 assuntpserat
1186 2356 1197 2390 :
1235 2340 1333 2392 etsi
1358 2339 1408 2391 in
1434 2339 1550 2392 aliis
1576 2339 1898 2392 contrarium
1946 2339 2139 2393 lactant

549 2432 640 2487 sit.
668 2430 801 2486 Cum
835 2432 977 2486 enim
1022 2430 1168 2500 prius
1208 2444 1432 2499 corpora
1478 2439 1832 2494 curaverant,
1866 2438 1990 2484 tunc
2027 2430 2142 2483 ani-

550 2539 665 2577 mas
687 2524 948 2578 curabant
972 2540 986 2576 :
1015 2523 1101 2576 hic
1129 2537 1257 2578 vero
1288 2537 1391 2577 non
1421 2524 1499 2576 sic
1522 2532 1738 2577 curatus
1770 2533 1872 2577 est.
1920 2522 2141 2576 Videtur

552 2616 683 2670 tnihi
711 2616 906 2670 Paulus
933 2615 999 2669 ad
1027 2615 1259 2668 animam
1290 2616 1612 2684 respexisse.
1646 2613 1711 2667 Et
1743 2613 1957 2668 exsiltuit
1989 2657 2005 2681 ,
2055 2615 2138 2667 in—

549 2711 694 2782 quit,
728 2720 776 2764 et
816 2708 1126 2763 ambulabat.
1176 2709 1430 2762 Perfecto
1478 2708 1724 2761 sanitatis
1771 2709 1979 2777 signum
2025 2719 2140 2761 erat

548 2804 690 2872 quod
721 2802 1035 2855 ambularet.
1068 2800 1155 2855 10.
1189 2799 1373 2854 Turba?
1403 2810 1572 2854 autent
1602 2816 1716 2853 cum
1742 2801 1977 2854 vidissent
2003 2802 2138 2870 quod

552 2896 737 2966 fecerat
771 2891 971 2945 Paulus
991 2932 1006 2955 ,
1041 2892 1325 2945 levaverunt
1350 2906 1521 2943 vocem
1550 2906 1715 2956 suam,
1746 2890 2030 2961 Lycaonice
2059 2892 2139 2945 dio

547 2983 865 3039 centes:Dli
911 2984 1099 3036 similes
1140 2983 1263 3053 furti
1309 2981 1632 3044 hominibus,
1665 2984 2026 3036 descenderunt
2071 2982 2139 3036 ad

550 3094 661 3130 nos.
694 3077 782 3129 ll.
825 3075 887 3127 Et
912 3075 1156 3128 vocabant
1194 3072 1487 3126 Barnabam
1510 3072 1723 3133 Jovem.
1756 3073 1981 3127 Paulum
2020 3090 2137 3127 vero

549 3169 859 3222 Mercurium
887 3183 906 3221 :
931 3167 1168 3237 quoniam
1194 3168 1302 3236 ipse
1327 3176 1433 3219 erat
1460 3166 1566 3220 dux
1586 3166 1738 3220 verbi.
1771 3165 1858 3221 12.
1883 3166 2137 3221 Sacerdos

546 3277 743 3331 quoque
765 3260 928 3323 Jovis,
959 3258 1044 3320 qui
1071 3267 1176 3312 erat
1202 3267 1318 3311 ante
1344 3258 1595 3311 civitatem
1634 3257 1858 3322 illorum,
1892 3268 2065 3312 tauros
2091 3269 2137 3312 et

547 3370 759 3408 coronas
785 3363 900 3407 ante
933 3354 1124 3424 januas
1166 3351 1384 3420 aﬂ'erens
1409 3394 1422 3417 ,
1456 3368 1569 3405 cum
1602 3354 1804 3421 populis
1837 3353 2028 3407 uolebat
2055 3372 2138 3408 sa-

550 3448 814 3515 cri/icore.
861 3445 966 3501 Sed
1015 3444 1118 3499 hoc
1168 3445 1402 3498 nondum
1451 3453 1568 3499 erat
1612 3444 1997 3499 manifestum:
2041 3461 2136 3501 sua

549 3541 691 3593 enim
723 3552 852 3592 voce
876 3534 1230 3605 loquebantur
1256 3536 1536 3591 dicentes:
1570 3535 1656 3589 Dii
1681 3538 1868 3592 similes
1898 3540 2019 3609 facti
2046 3540 2136 3592 ho-

550 3630 787 3693 minibus,
814 3629 1179 3681 descenderunt
1200 3629 1268 3680 ad
1291 3644 1415 3693 nos;
1443 3627 1565 3683 ideo
1588 3629 1718 3682 nihil
1742 3629 1845 3684 illis
1866 3630 2133 3684 dicebant.

550 3723 681 3775 Cum
707 3731 883 3774 autem
913 3732 1139 3773 coronas
1163 3719 1440 3783 viderunt,
1476 3728 1601 3774 tunc
1630 3722 1829 3791 egressi
1862 3722 2138 3776 sciderunt

552 3813 865 3867 vestimenta
897 3827 1012 3865 sua.
1043 3812 1130 3867 15.
1166 3812 1317 3879 Quod
1347 3813 1430 3865 ubi
1468 3813 1736 3867 audierunt
1762 3814 1979 3885 apostoli
2001 3813 2135 3867 Bar-

552 3905 708 3959 nabas
738 3913 785 3958 et
818 3903 1041 3969 Paulus,
1070 3904 1334 3957 conscissis
1358 3904 1575 3957 vestibus
1601 3905 1727 3970 suis,
1756 3903 2048 3959 exsilierunt
2083 3906 2137 3959 in

551 3999 766 4059 turbam,
794 3996 1068 4049 clamantes
1096 3996 1182 4050 14.
1215 4006 1262 4049 et
1291 3997 1509 4049 dicentes
1535 4010 1555 4050 :
1590 3995 1719 4063 Viri,
1748 3997 1870 4067 quid
1894 3998 1988 4050 Itoc
2004 3998 2135 4070 [αεὶ-

553 4089 729 4142 tis?et
776 4103 866 4141 nos
894 4087 1126 4140 similiter
1152 4095 1207 4139 ut
1246 4102 1332 4139 vos
1372 4086 1632 4157 passibilcs
1675 4104 1849 4142 sumus
1889 4090 2133 4143 homines.

556 4181 685 4236 Vidc
713 4181 831 4235 illos
860 4182 1055 4249 ubique
1081 4196 1110 4233 a
1138 4181 1321 4251 gloriae
1344 4181 1521 4235 studio
1544 4182 1772 4236 mundos
1800 4201 1815 4237 :
1840 4198 1944 4237 non
1977 4184 2137 4239 modo

552 4288 657 4326 non
702 4273 1109 4338 desiderantes,
1159 4272 1255 4327 sed
1296 4273 1527 4327 oblatam
1574 4273 1906 4343 depelleules
1936 4294 1948 4329 :
1982 4286 2038 4329 ut
2083 4284 2139 4330 et

553 4365 741 4419 Petrus
785 4364 1033 4418 dicebat:
1063 4363 1199 4430 Quid
1242 4380 1334 4417 nos
1380 4365 1687 4431 intuemini,
1733 4368 1879 4435 quasi
1929 4369 2136 4437 prapria

551 4458 732 4511 uirtute
750 4457 826 4509 uel
851 4456 1033 4526 pietate
1054 4457 1318 4525 fecerimus
1340 4457 1472 4509 [tunc
1488 4457 1746 4510 ambulare
1764 4456 1899 4529 (Act.
1924 4461 1978 4513 5.
2003 4460 2090 4530 l9.)
2112 4464 2135 4514 ἲ

553 4552 616 4605 lli
654 4565 867 4622 quoque
914 4549 1142 4619 idipsum
1172 4549 1376 4603 dicunt.
1401 4548 1597 4618 Joseph
1626 4550 1786 4603 etiam
1818 4551 2028 4606 dicebat
2068 4554 2135 4608 de

551 4643 777 4699 somniis
805 4659 818 4694 :
853 4640 1039 4695 Nonne
1073 4658 1106 4695 a
1140 4641 1252 4695 Deo
1277 4642 1618 4711 ntanifestatlo
1657 4659 1830 4696 eorum
1860 4643 2009 4715 (Gen.
2043 4646 2131 4700 40.

551 4737 606 4807 8)
628 4737 651 4790 τ
676 4744 729 4790 et
755 4732 977 4806 perinde
1008 4732 1192 4787 Daniel
1219 4750 1233 4787 :
1268 4732 1334 4785 Et
1363 4732 1488 4785 mihi
1517 4748 1617 4786 non
1639 4734 1692 4786 in
1715 4736 1964 4800 sapientia
1984 4778 1997 4801 ,
2024 4753 2137 4804 qua:

548 4830 603 4883 in
648 4845 729 4882 me
754 4838 855 4893 est,
885 4826 1159 4881 revelatum
1184 4836 1258 4880 est
1284 4825 1447 4895 (Dan.
1478 4825 1534 4880 2.
1567 4826 1677 4897 50).
1715 4827 1781 4881 Et
1812 4829 2004 4884 Paulus
2035 4831 2135 4887 hoc

550 4921 746 4992 ubique
774 4921 941 4985 dicit,
990 4929 1048 4974 ut
1084 4923 1187 4974 hoc
1225 4920 1343 4974 loco
1376 4938 1389 4974 :
1423 4918 1493 4972 Et
1531 4920 1601 4972 ad
1629 4924 1738 4974 Itwc
1767 4923 1878 4991 quis
1902 4924 2079 4994 sufﬁcit
2108 4924 2134 4978 .’

548 5022 604 5068 et
629 5029 839 5067 rursum
870 5031 883 5066 :
913 5011 1033 5065 Non
1060 5011 1194 5081 quod
1219 5012 1516 5082 suﬁicientes
1557 5012 1713 5067 simus
1753 5031 1785 5067 a
1824 5016 1965 5069 nobis
2008 5016 2133 5085 ipsis

549 5105 791 5173 cogitare,
822 5104 968 5173 quasi
1000 5119 1062 5157 ea:
1086 5104 1230 5157 nobis
1252 5119 1271 5167 ,'
1299 5103 1388 5157 sed
1411 5104 1706 5173 suﬂicientia
1733 5115 1912 5159 nostra
1938 5118 2000 5161 ex
2024 5106 2131 5161 Deo

549 5206 618 5248 est
652 5195 729 5265 (2.
759 5194 880 5249 Cor.
906 5196 961 5248 ἓ.
994 5196 1083 5250 tu.
1112 5206 1157 5248 et
1183 5196 1240 5249 5.
1271 5197 1347 5265 5).
1378 5196 1484 5250 Sed
1509 5197 1782 5267 superiora
1805 5209 2128 5267 repetamus.

550 5288 664 5342 Non
692 5292 810 5342 sine
831 5303 990 5342 causa
1015 5288 1184 5343 turba:
1214 5288 1343 5359 ipsis
1366 5289 1639 5343 haeserunt
1662 5306 1676 5354 ;
1707 5291 1798 5344 sed
1822 5292 2132 5360 quomodo?

552 5380 831 5451 ltogabant
858 5422 874 5444 ,
905 5388 964 5433 ut
1014 5381 1144 5450 ipsis
1189 5380 1375 5436 eadem
1418 5382 1611 5436 iterum
1660 5382 2044 5451 loquerentur,
2078 5390 2131 5439 et

547 5474 800 5543 operibus
826 5474 1059 5527 studium
1087 5472 1451 5530 declarabant.
1484 5474 1616 5528 Vide
1639 5474 1831 5545 ubique
1858 5486 2123 5545 rogantes,

549 5583 645 5622 nec
676 5567 988 5637 simpliciter
1015 5568 1332 5636 recipientes
1352 5610 1367 5632 ,
1399 5570 1482 5622 vel
1505 5569 1806 5623 adulantes.
1834 5568 1956 5622 Ideo
1986 5568 2131 5622 dice-

546 5662 673 5715 bat:
707 5660 806 5728 Qui
826 5659 1162 5731 colloquentes
1183 5675 1298 5712 cunt
1322 5660 1413 5725 eis,
1440 5659 1807 5727 persuadebunt
1837 5660 1906 5712 eis
1929 5675 2127 5729 perma-

548 5769 662 5807 nere
692 5754 746 5807 in
796 5754 959 5823 gratia
1000 5750 1116 5806 Dei.
1160 5752 1267 5805 Cur
1295 5766 1398 5804 non
1447 5761 1600 5806 antea
1648 5750 2128 5806 contradicebant?

549 5848 674 5915 Quia
719 5848 931 5902 interim
972 5848 1267 5902 munitores
1306 5844 1674 5917 quiescebant.
1710 5845 1899 5900 Viden”
1929 5845 2125 5917 ubique

1307 386 1362 443 S.
1407 378 1679 443 JOANNIS
1719 378 2188 439 CllllYSOSTOMI
2230 380 2544 436 .‘lﬂClllEP.
2585 381 3115 441 CONSTANTINOP.
3703 404 3782 465 εει

2264 491 2381 585 illos
2406 508 2471 546 cx
2502 493 2748 585 passione
2775 496 3031 551 moveri?
3058 497 3168 554 Nec
3196 498 3359 556 modo
3383 506 3783 585 contradicebant,

2261 582 2356 637 sed
2404 585 2563 637 etiam
2610 584 3053 654 blasphemabant
3096 607 3110 644 :
3155 592 3355 647 malitia
3394 595 3537 650 enim
3579 582 3785 674 nusquam

2258 675 2480 744 gradum
2512 678 2674 731 sistit.
2721 680 2824 735 Sed
2852 679 2975 735 vide
3010 682 3223 739 dicendi
3266 685 3597 745 libertatem:
3637 694 3785 770 Vobis,

2259 768 2463 837 inquit,
2496 769 2756 837 oportebat
2782 773 2999 840 primunt
3038 774 3175 843 loqui
3201 775 3402 831 verbum
3425 794 3445 844 ;
3471 782 3581 848 quia
3606 800 3701 842 vero
3716 768 3782 846 re;

2259 859 2448 927 pellitis
2474 860 2627 916 illud.
2660 861 2801 917 Nihil
2827 865 3213 921 contumeliose
3242 866 3462 923 dictum.
3489 872 3628 937 Quod
3659 880 3785 937 etiam

2257 953 2308 1006 ln
2340 953 2613 1022 prophetis
2645 954 2802 1010 ﬁebat
2833 974 2847 1010 :
2880 955 2963 1012 Ne
3004 958 3318 1027 loquamini,
3368 962 3569 1032 inquit,
3611 966 3785 1040 loquela.

2259 1044 2391 1110 Quia
2417 1062 2533 1099 vero
2559 1045 2818 1116 repulistis
2845 1049 2997 1115 illud,
3030 1051 3221 1120 inquit,
3252 1068 3358 1107 non
3387 1068 3483 1109 nos
3517 1074 3530 1111 :
3558 1074 3651 1113 non
3675 1067 3787 1122 enim

2255 1138 2306 1190 in
2354 1153 2452 1191 nos
2499 1142 2821 1195 contumelia
2861 1150 3036 1197 vestra
3068 1147 3313 1200 vertitur.
3354 1147 3430 1202 Ne
3458 1152 3573 1218 quis
3596 1156 3715 1210 enim
3738 1176 3788 1216 ex

2253 1231 2449 1300 pietate
2482 1240 2629 1301 putet
2667 1234 2791 1287 illud
2820 1248 2971 1300 esse,
3005 1235 3255 1308 Indignas
3281 1254 3369 1294 vos
3391 1241 3657 1311 iudicatis;
3694 1249 3789 1307 ideo

2255 1324 2401 1393 prius
2430 1324 2563 1378 dixit
2588 1367 2602 1389 ,
2633 1325 2899 1397 Repellitis
2923 1328 3056 1382 illud
3079 1346 3096 1393 ;
3125 1339 3181 1385 et
3209 1339 3335 1386 tunc
3359 1332 3543 1398 addit,
3574 1335 3788 1396 Conveni.

2252 1430 2364 1467 mur
2392 1416 2460 1466 ad
2483 1427 2670 1486 gentes.
2719 1418 2878 1473 Multa
2918 1420 3132 1488 plenum
3171 1425 3575 1480 mansuetudine
3597 1428 3786 1490 dictum.

2251 1506 2364 1561 Non
2388 1506 2541 1569 dixit,
2577 1508 3007 1580 Derelinquimus
3034 1528 3127 1567 vos
3148 1556 3163 1579 ,
3203 1515 3496 1570 ostendens
3516 1559 3531 1583 ,
3560 1535 3701 1588 posse
3720 1526 3792 1579 ad.

2252 1596 2354 1652 huc
2381 1599 2499 1653 illos
2528 1601 2765 1654 converti
2797 1618 2810 1666 ;
2841 1610 2897 1656 et
2922 1601 3022 1658 hoc
3052 1619 3158 1657 non
3187 1614 3406 1674 prepter
3442 1619 3662 1664 vestram
3690 1628 3789 1669 con-

2252 1691 2519 1743 tnmeliam
2548 1692 2740 1745 factum
2778 1700 2898 1747 est:
2929 1693 3000 1747 ita
3028 1698 3170 1749 enim
3196 1705 3520 1766 praeceptum
3548 1709 3625 1754 est
3649 1704 3789 1759 nobis.

2249 1780 2535 1852 Oportebat
2583 1784 2798 1849 quidem
2841 1794 3029 1855 gentes
3054 1786 3277 1851 audire;
3312 1803 3498 1842 verum
3532 1789 3627 1845 hoc
3660 1809 3746 1848 non
3767 1812 3790 1849 a

2250 1877 2399 1931 nobis
2425 1917 2441 1941 ,
2489 1877 2583 1932 sed
2612 1894 2640 1931 a
2682 1879 2833 1933 vobis
2879 1880 3072 1933 factum
3102 1890 3222 1946 est,
3253 1882 3394 1951 quod
3442 1898 3471 1937 a
3518 1884 3663 1939 nobis
3704 1887 3793 1942 ﬁeri

2247 1969 2545 2037 oportebat.
2575 1969 2664 2024 Sic
2687 1971 2843 2037 enim,
2871 1971 3039 2040 inquit
3059 2013 3073 2033 ,
3102 1973 3339 2041 pracepit
3366 1974 3510 2027 nobis
3541 1974 3794 2034 Dominus:

2248 2058 2409 2113 Posui
2436 2070 2482 2114 te
2509 2060 2560 2112 in
2588 2060 2750 2114 lucem
2777 2062 2998 2131 gentiunt
3022 2102 3037 2127 ,
3067 2073 3121 2115 ut
3152 2064 3221 2116 sis
3248 2064 3299 2117 itt
3328 2066 3586 2130 salutent;
3616 2067 3662 2121 id
3696 2079 3796 2135 est,

2248 2153 2300 2206 ln
2327 2154 2686 2223 cognitionem
2718 2170 2837 2223 quae
2867 2155 2938 2209 sit
2976 2154 3041 2209 ad
3073 2156 3297 2210 salutem
3323 2197 3337 2220 ,
3381 2172 3489 2211 non
3517 2158 3795 2228 simpliciter

2246 2246 2502 2314 gentium,
2537 2245 2631 2300 sed
2656 2246 2895 2299 omnium
2925 2246 3184 2315 gentium.
3214 2246 3327 2301 lloc
3353 2248 3498 2303 enim
3528 2249 3797 2319 signiﬁcat,

2245 2353 2366 2392 cum
2394 2337 2526 2392 dixit
2550 2355 2564 2390 :
2597 2338 2850 2408 Quotquot
2880 2348 3023 2391 erant
3060 2339 3389 2408 prwordinati
3417 2340 3472 2393 in
3501 2342 3651 2394 vitam
3674 2352 3798 2396 cter-

2246 2445 2383 2483 nam.
2432 2429 2500 2483 Et
2547 2430 2650 2484 hoc
2695 2430 2945 2485 indicium
2979 2440 3061 2485 est
3092 2432 3213 2485 illos
3242 2432 3542 2487 secundum
3587 2433 3803 2488 volunta-

2247 2531 2351 2576 tem
2384 2522 2473 2576 Dei
2502 2522 2722 2577 assumi.
2746 2520 3097 2576 Prteordinati
3117 2522 3264 2585 dicit,
3293 2534 3349 2576 ut
3374 2522 3626 2577 ostendat
3648 2523 3693 2577 id
3714 2540 3800 2579 non

2246 2629 2339 2681 per
2368 2614 2737 2669 necessitatem
2770 2612 2907 2667 t‘teri.
2941 2611 3079 2679 Quos
3124 2614 3257 2667 enim
3285 2613 3537 2681 prtescivit
3558 2654 3573 2677 ,
3620 2614 3801 2684 inquit,

2243 2716 2289 2759 et
2320 2704 2689 2775 prtcdestinauit
2731 2704 2909 2774 (Rom.
2955 2703 3009 2759 8.
3040 2702 3157 2773 29).
3203 2703 3318 2758 Non
3360 2704 3472 2773 jant
3525 2705 3575 2759 in
3618 2705 3802 2761 civitate

2243 2798 2467 2866 dispersi
2497 2805 2667 2863 erant,
2696 2796 2790 2851 sed
2818 2797 2982 2851 etiam
3010 2796 3061 2850 itt
3089 2795 3329 2866 regione.
3361 2796 3658 2851 Audientes
3682 2798 3803 2852 enim

2241 2891 2468 2960 gentiles
2494 2931 2506 2953 ,
2537 2898 2592 2944 et
2625 2889 2725 2959 ipsi
2768 2888 2924 2958 paulo
2956 2898 3075 2959 post
3110 2900 3477 2945 accesserunt.
3508 2890 3678 2944 Iudici
3709 2908 3805 2945 vero

2242 2985 2557 3037 concitarunt
2586 2981 2820 3037 mulieres
2855 2982 3141 3052 religiosas,
3174 2992 3221 3035 et
3241 2984 3676 3054 persequutionem
3693 2982 3804 3036 exci-

2241 3087 2423 3131 tavere.
2468 3074 2748 3147 Perpende
2790 3090 2885 3131 eos
2928 3092 3107 3130 rerum
3149 3091 3179 3130 a
3209 3075 3535 3130 mulieribus
3563 3086 3804 3147 gestarum

2241 3177 2488 3222 auctores
2518 3182 2656 3222 esse.
2693 3166 2757 3219 Et
2782 3168 3033 3236 ejecerunt
3063 3182 3146 3220 eos
3174 3183 3207 3219 a
3232 3166 3419 3235 ﬁnibus
3447 3167 3557 3221 suis
3581 3182 3600 3231 ,'
3630 3182 3728 3221 non
3750 3167 3806 3221 ab

2240 3262 2370 3315 urbe
2402 3270 2604 3314 tantum
2631 3301 2647 3326 ,
2676 3259 2770 3315 sed
2801 3270 2853 3314 et
2879 3275 2907 3312 a
2939 3259 3154 3330 regione
3186 3268 3315 3313 tota.
3353 3259 3561 3314 Deinde
3591 3259 3690 3314 hoc
3717 3269 3806 3314 ter-

2242 3352 2449 3406 ribilius
2473 3361 2556 3406 est
2580 3370 2593 3405 :
2625 3351 2875 3422 Discipuli
2903 3360 3070 3404 autent
3095 3391 3109 3413 ,
3141 3351 3332 3421 inquit,
3357 3352 3545 3421 repleti
3568 3360 3681 3406 sunt
3705 3367 3807 3422 gau-

2239 3444 2324 3496 dio
2368 3452 2415 3496 et
2450 3442 2653 3512 Spiritu
2702 3450 2896 3497 sancto.
2940 3441 3286 3498 Pcllebantur
3329 3441 3587 3497 doctores
3615 3484 3630 3505 ,
3670 3441 3808 3497 etilli

2240 3534 2562 3604 gaudebant.
2601 3534 2847 3589 Vidistin‘
2875 3543 3116 3588 naturam
3142 3532 3411 3603 Evangelii
3449 3534 3703 3589 virtutem
3730 3532 3807 3586 ha-

2240 3631 2455 3685 bentem
2480 3628 2700 3683 multam
2722 3628 2746 3681 ?
2768 3628 2849 3681 Ad
2871 3627 3191 3681 iracundiam
3210 3628 3617 3691 concitaverunt,
3647 3627 3809 3696 inquit,

2240 3726 2435 3777 animas
2476 3721 2698 3792 gentium
2743 3721 2984 3775 adversus
3023 3722 3255 3793 fratres;
3285 3718 3339 3773 id
3383 3728 3495 3785 est,
3525 3716 3809 3773 calumniati

2240 3822 2365 3868 sunt
2409 3814 2705 3882 apostolos,
2734 3813 2801 3867 de
2844 3812 3080 3867 millibus
3109 3825 3204 3866 eos
3230 3820 3563 3867 accusarunt
3590 3852 3606 3875 ,
3636 3820 3690 3865 et
3716 3810 3811 3863 illos

2240 3906 2512 3976 simplices
2538 3906 2769 3975 maligne
2796 3904 3111 3959 affecerunt.

2310 3999 2365 4054 '5.
2408 3998 2474 4053 Et
2495 3998 2615 4052 vide
2640 4036 2656 4061 ,
2684 3996 2959 4068 quomodo
2989 3996 3187 4066 ubique
3231 4005 3400 4050 totum
3452 3995 3574 4050 Deo
3622 3992 3809 4049 referat.

2241 4089 2407 4143 Multo
2455 4099 2713 4160 tempore,
2761 4088 2974 4157 inquit,
3020 4087 3266 4141 demorati
3311 4096 3471 4151 sunt,
3534 4085 3808 4156 ﬁducialiter

2239 4192 2442 4253 agentes
2468 4183 2517 4234 in
2545 4181 2785 4245 Domino,
2814 4179 3153 4233 testimonium
3176 4178 3473 4248 perhibente
3493 4177 3647 4231 verba
3665 4176 3810 4248 gratia

2238 4276 2437 4346 ipsius.
2484 4274 2563 4328 Ne
2603 4273 2729 4344 quid
2779 4273 2868 4327 hic
2914 4272 3253 4326 imminutum
3305 4282 3491 4340 putes.
3525 4269 3666 4326 Cum
3694 4270 3805 4323 enim

2239 4368 2499 4434 dicerent,
2528 4366 2627 4433 Qui
2657 4366 2994 4420 testimonium
3019 4365 3156 4419 dedit
3186 4364 3276 4418 sub
3317 4362 3521 4418 Pontio
3558 4360 3808 4427 Pilatoll.

2242 4461 2375 4516 Tim.
2402 4461 2454 4516 6.
2485 4462 2595 4529 15),
2627 4468 2749 4513 tunc
2778 4459 2964 4513 ﬁducia
2993 4456 3411 4523 ostendebatur.;
3448 4456 3544 4511 hic
3569 4467 3738 4511 autem
3757 4452 3811 4506 de

2241 4550 2434 4623 populo
2459 4551 2715 4621 loquitur.
2746 4549 2862 4604 Non
2898 4557 3276 4618 exspectarent
3315 4548 3487 4618 igitur
3514 4588 3533 4614 ,
3579 4545 3674 4601 sed
3695 4542 3812 4598 vide-

2238 4653 2366 4700 runt
2394 4645 2673 4713 impetum.
2705 4642 2771 4696 Et
2800 4646 3134 4713 confugerunt
3163 4641 3231 4693 ad
3254 4642 3490 4694 civitates
3519 4638 3805 4711 Lycaonic,

2237 4736 2473 4808 Lystram
2501 4746 2546 4790 et
2572 4733 2846 4795 Derben,et
2888 4734 3173 4787 uniuersum
3206 4732 3263 4786 in
3290 4732 3524 4786 circuitu
3563 4731 3813 4801 regionem.

2241 4830 2339 4886 Ubi
2360 4829 2581 4885 minime
2608 4826 2847 4882 furorem
2864 4840 3019 4881 suum
3042 4839 3297 4881 exercere
3325 4824 3539 4880 licebat
3568 4824 3670 4878 illis
3697 4840 3710 4876 :
3734 4821 3813 4874 ita-

2237 4938 2342 4994 que
2381 4925 2432 4976 iu
2475 4906 2720 4991 regiones
2766 4919 3059 4989 pergebant
3084 4958 3101 4983 ,
3140 4932 3243 4973 nec
3272 4926 3487 4971 tantum
3532 4917 3588 4971 in
3618 4914 3817 4970 urbibus

2236 5016 2606 5071 versabantur.
2636 5012 2767 5067 Vide
2797 5025 3006 5082 quoque
3025 5011 3263 5080 gentium
3295 5008 3709 5078 simplicitatem
3733 5046 3746 5067 ,
3770 5011 3817 5055 et

2236 5109 2541 5163 Judaeorum
2568 5104 2878 5174 nequitiam.
2920 5102 3185 5171 Operibus
3210 5100 3575 5155 declarabant
3613 5096 3816 5169 gentiles

2236 5216 2296 5256 se
2316 5199 2506 5268 dignos
2545 5212 2667 5252 esse
2696 5196 2786 5266 qui
2826 5194 3074 5249 audirent
3101 5213 3116 5248 :
3146 5195 3329 5263 sicque
3358 5192 3489 5249 illos
3512 5192 3589 5247 ob
3614 5190 3722 5246 sola
3758 5186 3819 5240 si.

2237 5308 2335 5362 grta
2363 5290 2715 5344 honorabant.
2749 5287 2851 5341 Alii
2883 5297 2941 5340 nt
2978 5286 3106 5341 deos
3134 5285 3406 5349 colebant,
3441 5285 3543 5339 alii
3576 5294 3638 5339 ut
3664 5280 3819 5352 perni-

2234 5387 2409 5438 ciosos
2439 5380 2743 5450 pellebant:
2770 5388 2824 5433 et
2865 5378 2954 5432 alii
2981 5377 3195 5447 quidem
3227 5392 3333 5430 non
3360 5377 3538 5431 modo
3580 5374 3819 5447 praedica-

2235 5476 2364 5528 tioni
2397 5489 2504 5528 non
2531 5473 2885 5535 obsistebant,
2918 5471 3012 5525 sed
3040 5470 3199 5525 etiam
3222 5469 3484 5524 dicebant
3508 5511 3525 5533 ,
3553 5468 3645 5521 Dii
3670 5464 3817 5519 Itami-

2234 5566 2380 5619 nibus
2420 5566 2609 5619 similes
2635 5565 2757 5636 [acti
2780 5605 2794 5631 ,
2825 5564 3184 5617 descenderunt
3211 5562 3279 5615 ad
3320 5578 3417 5615 nos
3448 5577 3470 5625 ,'
3499 5560 3678 5616 «ιωιωί
3707 5571 3821 5611 vero

2233 5656 2748 5711 scandalizabantur.
2807 5653 2876 5707 Et
2924 5653 3167 5707 vocabant
3203 5695 3219 5719 ,
3268 5652 3446 5723 inquit
3475 5694 3494 5717 ,
3542 5647 3817 5705 [iambum

2230 5746 2428 5814 Jovem,
2458 5746 2681 5801 Paulum
2700 5760 2815 5800 vero
2840 5745 3168 5800 Mercurium.
3192 5744 3395 5816 Opinor
3418 5745 3595 5799 etiam
3618 5749 3823 5810 aspecta

2234 5841 2590 5899 venerabilem
2620 5839 2785 5895 fuisse
2814 5841 3129 5895 Barnabam.
3160 5838 3276 5895 Non
3305 5854 3479 5911 parva
3515 5838 3638 5895 haec
3661 5842 3816 5889 tenta-
