4100 6354
504 356 627 411 ὀτι
662 353 719 409 δὲ
764 352 864 425 οὑχ
887 353 1156 427 ἡμέτερον
1178 392 1193 418 ,
1220 352 1360 407 ἀλλά
1388 352 1451 406 τὸ
1476 351 1636 407 πλέον
1663 352 1759 407 τοῦ
1789 351 1925 407 Θεοῦ
1949 394 1965 416 ,
1998 352 2162 405 ἄκουε

501 444 714 498 Παύλου
756 444 1009 511 λέγοντος
1029 457 1045 472 ⁶
1084 441 1195 496 Καὶ
1236 443 1414 496 τοῦτο
1440 444 1552 497 οὐκ
1578 443 1647 506 ἐξ
1675 441 1876 511 ἡμῶν,
1914 441 2061 496 Θεοῦ
2093 441 2163 495 τὸ

502 530 717 601 δῶρον.
763 531 854 603 Μὴ
890 531 1069 586 τοίνυν
1110 530 1252 600 μέγα
1301 529 1610 599 φρονῶμεν,
1641 530 1774 600 μηδὲ
1806 528 2161 599 φυσιώμεθα,

504 621 802 692 ἄνθρωποι,
835 619 907 689 γῆ
939 620 1033 672 καὶ
1067 618 1257 679 σποδὸς
1282 617 1453 681 ὅντες.
1484 616 1689 681 καπνὸς
1714 617 1807 670 καί⁵
1841 618 1985 671 σκιά.
2030 616 2165 669 Εἰπὲ

505 709 616 778 γάρ
644 725 753 779 μοι,
782 706 869 760 διὰ
895 706 947 761 τί
978 705 1119 774 μέγα
1144 706 1395 775 φρονεῖς;
1425 703 1819 774 Ἐλεημοσύνην
1847 704 2051 766 ἔδωκας
2072 704 2166 756 καὶ

506 794 578 848 τά
612 795 869 865 χρήματα
893 793 1199 855 ἐκένωσας;
1231 790 1341 844 Καὶ
1368 790 1423 843 τί
1448 790 1634 855 τοῦτο;
1669 791 1969 861 Ἐννόησον,
2007 792 2055 843 εἰ
2092 791 2167 861 μὴ

508 882 741 953 ⁴ἡθέλησέ
770 899 829 934 σε
859 881 1078 949 ποιῆσαι
1105 880 1134 931 0
1160 878 1293 943 Θεὸς
1321 878 1573 931 πλούσιον
1596 892 1611 908 '
1634 879 1886 949 ἐννόησον
1913 880 2038 941 τοὺς
2068 896 2167 931 πε-

511 970 771 1040 νομένους
792 1009 806 1031 ,
849 968 1046 1038 μᾶλλον
1073 967 1130 1019 δέ
1162 966 1415 1037 ἐννόησον
1439 966 1553 1019 ὅσοι
1577 966 1671 1018 καὶ
1696 966 1764 1019 τά
1790 964 2016 1036 σώματα
2037 965 2167 1017 ἐπέ-

506 1056 711 1117 δωκαν,
742 1057 835 1109 καί
864 1055 1002 1125 μετά
1028 1053 1090 1107 τὸ
1118 1053 1393 1107 ἐπιδοῦναι
1437 1053 1606 1123 μυρία
1628 1092 1642 1113 ,
1668 1053 1894 1115 έαυτοὺς
1922 1051 2169 1105 ἐταλάνι-

511 1161 631 1198 σαν.
662 1145 734 1197 Σὺ
766 1142 856 1195 διὰ
895 1142 1089 1195 σαυτὸν
1116 1141 1345 1206 ἔδωκας,
1373 1142 1401 1193 0
1429 1140 1661 1211 Χριστὸς
1682 1138 1771 1193 διὰ
1796 1140 1855 1193 σέ
1883 1157 1896 1169 ο
1932 1140 1996 1193 σὺ
2028 1140 2169 1192 ἀπέ-

510 1236 690 1299 δωκας
714 1236 774 1288 τὸ
800 1234 1178 1302 ὀφειλόμενον,
1211 1234 1240 1284 0
1262 1231 1495 1302 Χριστὸς
1530 1231 1629 1284 οὐκ
1658 1228 1854 1298 ὤφειλέ
1900 1246 2001 1282 σοι.
2026 1229 2169 1299 Ὅρα

508 1323 603 1377 τοῦ
637 1323 921 1392 μέλλοντος
946 1321 1007 1374 τὸ
1032 1320 1245 1391 ἀδηλον,
1277 1320 1371 1372 καὶ
1394 1319 1468 1389 μὴ
1490 1318 1847 1389 ὑψηλοφρόνει
1866 1357 1881 1379 ,
1911 1317 2047 1370 ἀλλά
2076 1334 2171 1385 φο-

510 1410 608 1464 δοῦ
632 1427 647 1443 ο
675 1411 749 1481 μὴ
798 1407 1110 1478 ἐλαττώσης
1151 1406 1250 1478 τὴν
1299 1405 1499 1477 ἀρετὴν
1541 1408 1607 1475 τῇ
1647 1405 1952 1475 ἀλαζονείᾳ.
1982 1404 2168 1457 Βούλει

510 1497 678 1558 ὅντως
708 1496 849 1565 μέγα
885 1511 938 1547 τι
972 1492 1343 1564 ἐργάσασθαι;
1397 1492 1678 1562 Μηδέποτε
1714 1490 2058 1563 ὑποπτεύσῃς
2093 1490 2170 1552 ὡς

512 1584 641 1652 περὶ
673 1582 922 1652 μεγάλων
957 1581 1067 1635 τῶν
1108 1578 1562 1649 κατορθωμάτων.
1597 1576 1754 1629 ’Λλλά
1779 1577 2044 1647 παρθένος
2076 1572 2166 1642 εἷς

524 1670 685 1723 Ἀλλά
722 1673 968 1723 κάκεῖναι
1009 1668 1267 1739 παρθένοι
1306 1662 1477 1737 ἦσαν,
1525 1664 1639 1717 ἀλλ’
1686 1666 1836 1719 οὐδὲν
1887 1663 2171 1718 ἀπώναντο

512 1756 612 1825 τῆς
649 1756 943 1827 παρθενίας
989 1755 1077 1809 διὰ
1130 1754 1230 1826 τήν
1279 1753 1536 1823 ὡμότητα
1594 1753 1689 1804 καὶ
1737 1752 1836 1823 τὴν
1882 1752 2171 1823 ἀπανθρω-

514 1842 664 1897 πίαν.

586 1929 751 1982 Οὑδὲν
794 1928 1292 1999 ταπεινοφροσύνης
1337 1929 1450 1981 ίσον
1474 1943 1488 1958 ⁶
1514 1928 1650 1997 αὕτη
1696 1929 1877 1998 μήτηρ
1918 1928 2011 1981 καὶ
2045 1927 2170 1996 ῥίζα

514 2018 609 2073 καὶ
625 2015 773 2089 [258]
795 2017 989 2088 τροφὸς
1011 2017 1101 2069 καὶ
1119 2016 1370 2080 ὑπόθεσις
1392 2016 1485 2070 καὶ
1501 2016 1790 2085 σύνδεσμος
1800 2015 1908 2067 τῶν
1927 2015 2170 2083 ἀγαθῶν*

514 2106 718 2173 ταύτης
743 2104 868 2157 ἄνευ
902 2104 1176 2166 βδίλυκτοὶ
1202 2107 1292 2157 καὶ
1320 2106 1502 2175 μιαροὶ
1533 2105 1627 2157 καὶ
1660 2104 1956 2173 άκάθαρτοί
1982 2106 2168 2174 ἐσμεν.

520 2194 702 2246 Ἔστω
729 2193 837 2265 γάρ
865 2211 966 2257 τις,
997 2195 1045 2246 εί
1074 2194 1273 2263 βούλει,
1307 2195 1531 2264 νεκροὺς
1561 2195 1816 2257 ἀνιστῶν,
1847 2194 1941 2247 καὶ
1965 2194 2173 2264 χωλοὺς

520 2284 766 2353 ἰώμενος,
810 2284 903 2335 καὶ
941 2281 1173 2352 λεπροὺς
1207 2280 1482 2354 καθαίρων
1526 2281 1662 2350 μετά
1700 2281 1953 2344 ἀπονοίας
1978 2298 1993 2312 ο
2020 2282 2173 2335 οὑδὲν

515 2372 704 2425 τούτου
737 2370 1093 2441 μιαρώτερον,
1122 2369 1276 2422 οὐδὲν
1303 2369 1680 2438 ἀσεϐέστερον,
1704 2368 1853 2422 οὐδὲν
1877 2370 2171 2437 ἀναγέστε-

520 2476 630 2529 ρον.
662 2459 841 2529 Μηδὲν
868 2454 1003 2510 εἶναι
1026 2459 1255 2527 νομίσῃς
1282 2456 1501 2510 σαυτοῦ.
1544 2457 1713 2523 Λόγον
1739 2456 1883 2525 ἔχεις
1903 2456 1997 2510 καὶ¹
2027 2456 2172 2509 διδα-

518 2547 779 2616 σκαλικὴν
808 2546 999 2616 χάριν;
1042 2546 1133 2614 Μὴ
1174 2544 1260 2597 διά
1300 2544 1459 2596 τοῦτο
1503 2544 1730 2616 νομίσῃς
1768 2544 1928 2597 πλέον
1964 2561 2017 2595 τι
2065 2544 2174 2597 τῶν

517 2636 692 2690 ἀλλων
727 2636 891 2705 ἔχειν.
916 2636 1013 2689 Διά
1042 2634 1200 2687 τοῦτο
1234 2635 1467 2704 μάλιστα
1493 2632 1878 2686 ταπεινοῦσθαι
1903 2632 2135 2701 ὀφείλεις
2155 2671 2171 2694 ,

516 2728 598 2781 ὅτι
639 2728 895 2780 πλειόνων
934 2725 1175 2795 ἡξιώθης
1225 2721 1556 2795 δωρεῶν.⁷ῼ
1604 2725 1713 2794 γάρ
1756 2724 1937 2776 πλεῖον
1977 2723 2177 2792 ἀφέθη,

518 2816 702 2867 πλεῖον
754 2814 1047 2882 ἀγαπήσει.
1095 2812 1303 2865 Οὑκοῦν
1358 2814 1453 2865 καὶ
1498 2811 1880 2865 ταπεινοῦσθαι
1926 2812 2052 2883 χρὴ,
2094 2812 2176 2867 ὅτι

518 2904 646 2963 τοὺς
674 2902 864 2963 ἄλλους
891 2900 1204 2970 παρελθὼν,
1239 2902 1318 2963 είς
1347 2900 1405 2952 σὲ
1433 2900 1724 2953 ἐπένευσεν
1759 2904 1787 2954 0
1816 2900 1966 2963 Θεός.
2006 2898 2174 2952 Φοϐοῦ

519 2989 608 3043 διὰ
624 2989 782 3042 τοῦτο
811 3006 825 3022 ο
850 2988 1105 3051 πολλάκις
1130 2989 1236 3059 γάρ
1264 3004 1342 3041 σοι
1372 2989 1465 3042 καὶ
1494 2988 1767 3052 ἀπωλείας
1788 2989 1945 3041 τοῦτο
1970 2989 2177 3058 γίνεται

520 3079 716 3141 αίτιον,
755 3077 819 3131 ἂν
853 3076 926 3147 μὴ
959 3077 1179 3146 νήφῃς.ι

591 3166 657 3219 Τί
711 3166 852 3236 μέγα
905 3167 1149 3233 φρονεῖς;
1204 3164 1285 3218 ὅτι
1332 3164 1601 3227 διδάσκεις
1655 3165 1741 3218 διά
1788 3164 1994 3233 λόγων;
2039 3166 2179 3218 Ἀλλ’

521 3252 743 3308 εὓκολον
769 3252 926 3306 τοῦτο
950 3252 1010 3304 τὸ
1044 3253 1348 3320 φιλοσοφεῖν
1384 3254 1439 3305 ἐν
1476 3253 1714 3323 ῥήμασι·
1755 3251 1961 3317 δίδαξόν
1992 3271 2057 3321 με
2090 3252 2180 3307 διά

520 3342 617 3395 τοῦ
654 3342 767 3411 βίου
801 3340 894 3394 τοῦ
928 3341 1021 3392 σοῦ
1049 3358 1061 3371 ·
1089 3339 1228 3409 αὕτη
1273 3341 1306 3410 ἡ
1351 3339 1668 3392 διδασκαλία
1698 3339 1913 3409 ἀρίστη.
1963 3340 2178 3406 Λέγεις,

522 3431 605 3482 ὅτι
631 3429 708 3481 δεῖ
739 3426 1068 3498 μετριάζειν,
1100 3428 1193 3479 καὶ
1224 3426 1432 3497 μακρὸν
1459 3427 1599 3495 ὑπὲρ
1636 3425 1824 3478 τούτου
1863 3426 2017 3494 λόγον
2043 3428 2179 3479 ἀπο-

523 3516 742 3578 τείνεις,
774 3516 867 3567 καὶ
895 3514 1207 3585 ῥητορεύεις
1232 3514 1368 3581 ῥέων
1394 3513 1687 3576 ἀκωλύτως
1710 3530 1724 3577 ;
1757 3513 1915 3566 Ἀλλά
1942 3514 2035 3567 σοῦ
2062 3514 2181 3583 βελ-

523 3602 654 3654 τίων
688 3602 893 3664 ἐκεῖνος
917 3640 932 3663 .
974 3599 1138 3668 φησὶν
1160 3638 1174 3659 ,
1206 3601 1234 3651 0
1279 3600 1344 3652 δι’
1370 3598 1546 3668 ἔργων
1574 3598 1731 3651 τοῦτο
1759 3600 2026 3654 παιδεύων
2057 3602 2179 3671 ἐμέ.

527 3691 601 3742 Ού
631 3691 738 3761 γάρ
769 3692 940 3753 οὑτως
967 3691 1154 3743 εἴωθεν
1187 3690 1487 3743 ἐντίθεσθαι
1513 3694 1577 3761 τῇ
1611 3691 1756 3761 ψυχῇ
1783 3692 1850 3745 τὰ
1885 3694 2180 3765 μαθήματα

530 3778 639 3831 ἀπὸ
666 3780 731 3848 ῥη
743 3778 945 3847 μάτων.
973 3780 1047 3840 ὡς
1081 3776 1188 3830 ἀπὸ
1218 3777 1557 3846 πραγμάτων
1585 3793 1599 3807 ·
1628 3778 1750 3829 ἐπεὶ
1771 3778 1865 3830 ἐὰν
1907 3778 1980 3851 μὴ
2009 3779 2071 3832 τὸ
2092 3780 2183 3851 έρ-

527 3881 623 3933 γον
655 3866 801 3938 ἔχῃς.
833 3867 893 3918 οὑ
928 3865 1085 3935 μόνον
1114 3865 1212 3918 οὑκ
1244 3864 1531 3936 ὠφέλησας
1556 3864 1744 3929 εἰπὼν,
1774 3866 1909 3919 ἀλλά
1937 3868 2032 3919 καὶ
2062 3885 2182 3938 μει-

530 3952 698 4016 ζόνως
730 3953 985 4022 ἔϐλαψας.
1032 3954 1245 4006 Βέλτιον
1278 3956 1454 4024 σιγᾷν.
1503 3954 1603 4006 Διά
1632 3953 1723 4019 τίς
1756 3952 1882 4009 Ὀτι
1927 3955 2183 4011 ἀδύνατόν

532 4057 622 4110 μοι
638 4041 697 4093 τὸ
716 4042 946 4111 πρᾶγμα
963 4040 1244 4111 καθιστᾷς.
1279 4040 1471 4093 Ἐννοῶ
1494 4041 1621 4112 γὰρ,
1647 4042 1727 4094 ὅτι
1753 4044 1801 4095 εί
1821 4043 1884 4095 σὺ
1903 4043 1931 4095 0
1951 4044 2183 4098 τοσαῦτα

525 4128 701 4194 λέγων
722 4129 781 4180 οὑ
800 4126 1101 4195 κατορθοῖς,
1128 4127 1304 4196 πολλῷ
1324 4127 1520 4197 μᾶλλον
1540 4128 1651 4195 ἐγὼ
1668 4128 1992 4200 συγγνώμης
2012 4130 2180 4195 ἄξιος,

525 4215 701 4283 λέγων
748 4215 971 4284 μηδένα.
1017 4214 1117 4266 Διά
1164 4213 1321 4268 τοῦτό
1358 4233 1521 4283 φησιν
1564 4217 1591 4268 0
1637 4218 1957 4287 προφήτης·
2009 4218 2091 4284 Τῷ
2115 4220 2185 4272 δὲ

524 4300 851 4370 ἁμαρτωλῷ
896 4302 1065 4355 εἶπεν
1108 4305 1139 4355 ὁ
1169 4304 1313 4367 Θεός
1341 4320 1354 4333 ·
1383 4303 1506 4357 Ἵνα
1542 4304 1597 4355 τί
1626 4304 1705 4357 σὺ
1735 4304 1983 4374 ἐκδιηγῇ
2009 4307 2080 4361 τὰ
2106 4307 2187 4361 δι-

526 4388 827 4456 καιώματά
843 4405 999 4457 μου;
1036 4388 1251 4453 Μείζων
1276 4390 1381 4459 γὰρ
1411 4390 1547 4461 αῦτη
1572 4392 1603 4461 ἡ
1636 4390 1826 4462 βλάϐη,
1854 4395 1980 4447 ὅταν
2006 4394 2185 4460 καλῶς

524 4475 790 4528 διδάσκων
830 4493 913 4537 τις
947 4476 1034 4528 διά
1071 4478 1358 4547 ῥημάτων,
1394 4477 1479 4530 διὰ
1508 4478 1614 4541 τῶν
1643 4478 1817 4550 ἔργων
1850 4481 2060 4552 πολεμῇ
2112 4486 2180 4555 τῇ

523 4562 853 4632 διδασκαλία.
894 4563 1063 4615 Τοῦτο
1098 4562 1305 4615 πολλῶν
1343 4565 1511 4617 αἴτιον
1543 4566 1728 4633 γέγονε
1765 4568 1949 4621 κακῶν
1977 4571 2035 4623 ἐν
2065 4576 2185 4636 ταῖς

538 4650 905 4720 Ἐκκλησίαις.
939 4650 1035 4704 Διά
1062 4650 1217 4703 τοῦτο
1249 4652 1341 4704 καὶ
1374 4653 1648 4722 σύγγνωτε
1668 4697 1681 4718 ,
1720 4658 2022 4729 παρακαλῶ
2046 4699 2060 4723 ,
2089 4660 2182 4713 τοῦ

524 4735 685 4803 λόγου
713 4736 1054 4805 χρονίζοντος
1078 4738 1209 4806 ἡμῖν
1239 4739 1296 4791 ἐν
1322 4739 1495 4809 τούτῳ
1519 4742 1596 4811 τῷ
1629 4743 1811 4797 πάθει.
1844 4745 2022 4798 Πολλά
2055 4747 2185 4798 πολ-

525 4826 608 4879 λοι
632 4828 959 4896 πράττουσιν
986 4828 1126 4899 ὑπὲρ
1152 4828 1245 4881 τοῦ
1272 4831 1349 4892 είς
1372 4831 1535 4900 μέσον
1566 4832 1787 4898 στάντες
1814 4836 2021 4906 μακρὸν
2050 4838 2184 4890 ἁπο-

524 4914 716 4965 τείνειν
740 4914 894 4982 λόγον
911 4934 922 4945 ·
944 4915 1043 4968 κᾶν
1076 4918 1172 4986 μὲν
1206 4920 1411 4988 κρότων
1435 4920 1638 4989 τύχωσι
1662 4922 1769 4974 τῶν
1793 4924 1901 4975 ἀπὸ
1930 4924 2022 4976 τοῦ
2046 4925 2183 4997 πλή-

527 4999 652 5061 θους
675 5040 691 5062 ,
718 5001 940 5068 γέγονεν
969 5004 1148 5067 αὑτοῖς
1176 5005 1332 5058 τοῦτο
1372 5005 1642 5075 βασιλείας
1680 5008 1791 5061 ἴσον
1814 5026 1828 5038 ·
1862 5010 1928 5063 ἂν
1955 5011 2009 5064 δέ
2049 5012 2186 5081 μετά

529 5085 683 5153 σιγῆς
716 5084 807 5137 τὸν
846 5085 1003 5153 λόγον
1036 5092 1449 5155 καταπαύσωσι,
1485 5094 1706 5165 γεέννης
1738 5096 1799 5166 δὴ
1840 5114 1944 5150 που
1987 5098 2186 5168 μᾶλλον

526 5170 710 5232 αὑτοῖς
736 5171 1091 5243 χαλεπωτέρα
1125 5176 1358 5246 κατέστη
1387 5179 1487 5249 τῆς
1522 5182 1678 5251 σιγῆς
1702 5183 1733 5252 ή
1761 5183 1989 5254 ἀθυμία.
2017 5184 2185 5237 Τοῦτο

523 5258 624 5318 τὰς
652 5258 973 5329 Ἐκκλησίας
1002 5261 1292 5333 ἀνέτρεψεν
1314 5304 1329 5329 ,
1356 5267 1437 5320 ὃτι
1464 5270 1555 5321 καὶ
1583 5270 1737 5338 ὑμεῖς
1762 5272 1820 5323 ού
1859 5271 2067 5342 ζητεῖτε
2094 5272 2182 5324 λό-

524 5361 622 5412 γον
650 5344 877 5399 ἀκοῦσαι
906 5352 1304 5404 κατανυκτικδν
1330 5394 1344 5417 ,
1376 5354 1513 5407 ἀλλά
1536 5355 1731 5427 τέρψαι
1757 5356 2050 5429 δυνάμενον
2089 5359 2185 5413 καὶ

524 5432 602 5503 τῷ
622 5432 779 5505 ψόφῳ
801 5436 894 5487 καὶ
922 5438 987 5505 τῇ
1018 5437 1262 5493 συνθέσει
1287 5440 1395 5494 τῶν
1425 5444 1701 5513 ῥημάτων,
1732 5444 1979 5515 καθάπερ
2006 5446 2185 5517 μελῳ-

524 5519 631 5574 δῶν
654 5523 747 5574 καὶ
778 5522 1107 5593 κιθαριστῶν
1130 5527 1417 5592 ἀκούοντες
1442 5546 1455 5559 ·
1487 5532 1578 5585 καὶ
1606 5533 1765 5602 ἡμεῖς
1783 5532 2003 5603 ψυχρῶς
2027 5546 2052 5573 ι
2086 5535 2182 5587 καὶ

524 5608 886 5681 ταλαιπώρως
915 5615 1195 5679 ποιοῦντες
1217 5657 1231 5678 ,
1265 5617 1347 5670 ὅτι
1382 5620 1500 5681 ταῖς
1540 5619 1834 5690 ὑμετέραις
1864 5622 2183 5694 ἐπιθυμίαις

524 5695 791 5768 ἑπόμεθα,
825 5699 941 5753 δέον
979 5703 1269 5758 ἐκκόπτειν
1297 5705 1517 5769 ταύτας.

582 5857 607 5939 ξ
647 5859 817 5917 Morel.
862 5866 942 5914 καὶ
982 5868 1105 5929 ἡμᾶς
1145 5869 1352 5931 ψυχρῶς.

1268 233 1328 292 S.
1360 234 1645 295 JOANNIS
1675 232 2167 295 CHRYSOSTOMI
2205 234 2525 296 ARCHIEP.
2553 234 3103 300 CONSTANTINOP.

3812 241 3937 298 226

2338 354 2401 407 δ’.
2432 355 2543 409 Καὶ
2570 357 2765 413 ταὺτδν
2793 358 3025 427 γίνεται,
3042 353 3153 412 οἷον
3180 358 3245 411 ἀν
3263 356 3316 412 εί
3342 373 3425 420 τις
3452 354 3631 428 πατὴρ
3658 356 3807 423 πέρα
3830 354 3937 409 τοῦ

2265 440 2474 505 δέοντος
2505 443 2786 513 μαλθακοῦ
2816 446 3059 508 παιδίου,
3090 445 3265 499 καίτοι
3308 445 3714 517 ἀρῥωστοῦντος
3734 484 3750 508 ,
3780 444 3937 497 πλα-

2268 527 2469 583 κοῦντα
2495 531 2662 602 ἐπιδῷ
2700 533 2793 587 καὶ
2831 533 3036 604 ψυχρὸν
3062 534 3154 586 καὶ
3175 534 3274 586 ὅσα
3298 535 3490 604 τέρπει
3512 535 3692 603 μόνον,
3722 532 3839 585 τῶν
3872 532 3938 584 δὲ

2267 617 2554 687 χρησίμων
2585 619 2852 690 μηδεμίαν
2885 620 3202 687 ἐπιμέλειαν
3232 623 3437 673 ποιοῖτο
3462 636 3479 650 ·
3506 616 3623 672 εἷτα
3656 617 3939 688 ἐγκαλού-

2270 719 2429 771 μενος
2456 704 2607 775 παρά
2634 706 2745 760 τῶν
2777 708 2977 777 ἰατρῶν
3002 748 3017 772 ,
3051 708 3367 775 ἀπολογοῖτο
3393 707 3565 775 λέγων
3584 722 3599 739 ’
3624 707 3689 760 Τί
3725 706 3938 770 πάθω;

2265 788 2366 841 οὑκ
2402 791 2662 861 ἀνέχομαι
2692 793 2874 847 κλαῖον
2900 794 2959 847 τὸ
2986 795 3193 847 παιδίον
3223 795 3368 849 ἰδεῖν.
3400 795 3583 847 Ἀθλιε
3606 796 3701 848 καὶ
3732 794 3941 847 ταλαί-

2267 892 2418 946 πωρε
2460 878 2552 930 καὶ
2582 880 2816 951 προδότα
2842 896 2857 911 ·
2885 882 2944 934 οὑ
2974 881 3083 951 γὰρ
3119 881 3183 935 ἂν
3210 882 3418 951 πατέρα
3449 881 3539 933 τὸν
3565 880 3811 934 τοιοῦτον
3857 882 3944 933 εῖ-

2268 980 2425 1033 ποιμι
2444 979 2458 993 ·
2489 966 2583 1018 καὶ
2612 967 2763 1037 πόσῳ
2789 967 2992 1037 βέλτιον
3023 969 3079 1021 ἐν
3104 969 3293 1039 βραχεῖ
3326 969 3662 1039 λυπήσαντα,
3690 968 3943 1021 διαπαν-

2265 1048 2356 1111 τὸς
2378 1050 2554 1122 ὑγιείᾳ
2576 1054 2927 1123 παραδοῦναι,
2958 1055 2989 1125 ἧ
3018 1056 3115 1127 τὴν
3139 1057 3469 1125 πρόσκαιρον
3495 1055 3696 1125 ταύτην
3721 1056 3899 1125 χάριν
3922 1096 3945 1120 ,

2265 1134 2544 1205 διηνεκοῦς
2573 1138 2810 1209 ἀθυμίας
2839 1141 3095 1194 ὑπόθεσιν
3125 1142 3484 1212 ποιήσασθαι;
3525 1140 3695 1194 Τοῦτο
3716 1143 3946 1211 πάσχο-

2271 1238 2370 1290 μεν
2404 1226 2496 1276 καὶ
2520 1226 2699 1293 ἡμεῖς,
2729 1228 2901 1299 κάλλη
2928 1229 3123 1295 λέξεων
3162 1228 3644 1300 περιεργαζόμενοι
3670 1230 3771 1282 καὶ
3800 1246 3947 1281 quv-

2270 1306 2444 1377 θήκας
2470 1309 2617 1383 [239]
2642 1313 2736 1365 καὶ
2762 1315 3025 1384 ἁρμονίαν
3046 1317 3192 1377 ὅπως
3212 1318 3453 1386 ήσωμεν,
3474 1318 3570 1385 οὑχ
3601 1317 3751 1377 ὅπως
3779 1316 3945 1383 ὠφε-

2267 1396 2515 1468 λήσωμεν
2538 1416 2553 1430 ⁸
2576 1402 2721 1465 ὅπως
2751 1402 3150 1473 θαυμασθῶμεν
3184 1405 3233 1469 ι’,
3260 1406 3355 1475 οὐχ
3392 1407 3539 1467 ὅπως
3570 1404 3888 1473 διδάξωμεν
3920 1419 3940 1434 ⁸

2269 1482 2415 1546 ὅπως
2432 1484 2738 1554 τέρψωμεν,
2757 1489 2853 1558 οὑχ
2876 1490 3022 1553 ὅπως
3043 1490 3426 1561 κατανύξωμεν
3441 1507 3455 1520 ο
3479 1493 3622 1554 ὅπως
3643 1488 3946 1559 κροτηθῶ-

2271 1586 2370 1637 μεν
2402 1572 2497 1624 καὶ¹
2525 1573 2748 1626 ἐπαίνου
2777 1576 3027 1645 τυχόντες
3059 1577 3403 1648 ἀπέλθωμεν,
3427 1580 3523 1648 οὑχ
3542 1580 3683 1642 ὅπως
3709 1578 3782 1630 τὰ
3818 1576 3942 1647 ἤθη

2272 1659 2640 1731 ῥυθμίσωμεν.

2341 1750 2673 1804 Πιστεύσατέ
2708 1770 2819 1822 μοι,
2849 1754 2950 1807 οὑκ
2974 1754 3146 1819 ἄλλως
3177 1756 3338 1824 λέγω,
3367 1756 3583 1809 ἐπειδάν
3602 1755 3778 1822 λέγων
3798 1772 3949 1825 κρο-

2266 1836 2468 1907 τῶμαι,
2499 1840 2629 1909 παρ’
2655 1840 2816 1893 αὑτὸν
2847 1842 2945 1911 μὲν
2970 1843 3059 1895 τὸν
3085 1844 3272 1913 καιρὸν
3301 1842 3634 1914 ἀνθρώπινόν
3656 1860 3710 1895 τι
3729 1843 3950 1911 πάσχω

2270 1924 2344 1989 (τί
2378 1925 2487 1997 γὰρ
2515 1928 2615 1979 οὑκ
2646 1926 2712 1980 ἄν
2737 1946 2818 1989 τις
2844 1930 2986 1982 είποι
3014 1930 3073 1982 τὸ
3099 1930 3343 2000 ἀληθές);
3375 1932 3471 1983 καὶ
3501 1930 3797 1999 γάννυμαι,
3835 1929 3948 1980 καὶ

2270 2011 2551 2082 διαχέομαι
2576 2030 2589 2043 ·
2636 2014 2856 2067 ἐπειδάν
2901 2016 2957 2069 δὲ
2984 2016 3233 2070 ἀπελθὼν
3281 2017 3461 2069 οἴκαδε
3510 2017 3749 2086 ἐννοήσω
3800 2016 3949 2078 τοὺς

2271 2100 2645 2169 κροτήσαντας
2672 2101 2822 2155 οὐδὲν
2851 2102 3229 2174 ὠφεληθέντας
3250 2142 3267 2168 ,
3295 2104 3408 2156 ἀλλ’
3430 2104 3482 2156 εί
3518 2120 3568 2155 τι
3594 2105 3687 2156 καὶ
3715 2102 3954 2171 ὠφεληο

2273 2184 2435 2255 θῆναι
2468 2185 2595 2250 ἔδει,
2636 2187 2739 2240 ὑπὸ
2768 2187 2859 2241 τοῦ
2895 2189 3087 2260 κρότου
3120 2190 3344 2244 καὶτῶν
3377 2190 3611 2242 ἐπαίνων
3643 2187 3953 2241 ἀπολωλεο

2272 2272 2433 2335 κότας
2456 2312 2473 2338 ,
2508 2274 2777 2343 ὀδυνῶμαι
2806 2275 2900 2328 καὶ
2941 2276 3108 2329 στένω
3148 2277 3239 2329 καὶ
3266 2276 3485 2347 δακρύω
3504 2318 3519 2341 ,
3566 2276 3661 2327 καὶ
3687 2275 3766 2337 ὡς
3801 2276 3954 2345 εἰκῆ

2274 2360 2451 2412 πάντα
2472 2360 2727 2429 εἰρηκὼς,
2754 2360 2895 2413 οὑτω
2911 2363 3212 2431 διάκειμαι,
3237 2364 3327 2415 καὶ
3349 2362 3483 2432 πρὸς
3500 2360 3736 2432 ἐμαυτὸν
3758 2361 3947 2428 λέγειν

2273 2449 2337 2500 Τί
2372 2450 2462 2519 μοὶ
2490 2450 2549 2502 τὸ
2575 2449 2765 2517 ὄφελος
2797 2451 2903 2505 τῶν
2931 2451 3187 2523 ἱδρώτων,
3218 2454 3325 2508 τῶν
3346 2454 3649 2507 ἀκουόντων
3675 2455 3777 2506 οὑκ
3812 2453 3951 2506 ἐθε-

2272 2534 2470 2587 λόντων
2496 2536 2833 2607 καρποῦσθαι
2859 2556 2911 2591 τι
2938 2541 3087 2612 παρά
3116 2540 3221 2594 τῶν
3252 2541 3421 2610 λόγων
3441 2541 3547 2594 τῶν
3573 2542 3699 2611 παρ’
3730 2540 3944 2611 ἡμῶν;

2275 2624 2367 2675 καὶ
2398 2624 2655 2688 πολλάκις
2696 2626 2951 2697 ἐνενόησα
2992 2628 3160 2681 θεῖναι
3191 2629 3353 2698 νόμον
3376 2629 3466 2682 τὸν
3494 2628 3771 2683 κωλύοντα
3799 2628 3945 2691 τοὺς

2273 2711 2499 2780 κρότους
2521 2754 2536 2778 ,
2568 2712 2661 2765 καὶ
2687 2713 2940 2767 πείθοντα
2968 2716 3104 2783 μετὰ
3143 2717 3298 2786 σιγῆς
3326 2717 3465 2786 ὑμᾶς
3494 2715 3794 2787 ἀκροᾶσθαι
3839 2718 3940 2769 καὶ

2272 2797 2375 2867 τῆς
2391 2800 2771 2871 προσηκούσης
2792 2800 3060 2865 εὑταξίας.
3078 2802 3236 2856 Ἀλλά
3262 2803 3578 2874 ἀνάσχεσθε,
3603 2802 3945 2873 παρακαλῶ,

2276 2887 2371 2938 καὶ
2393 2886 2649 2957 πείσθητέ
2684 2906 2774 2958 μοι
2801 2928 2815 2952 ,
2850 2888 2943 2942 καὶ
2973 2890 3021 2941 εί
3049 2888 3230 2957 δοκεῖ,
3258 2890 3447 2943 τοῦτον
3467 2889 3804 2961 κυρώσωμεν
3840 2889 3945 2942 τὸν

2276 2972 2438 3043 νόμον
2459 2974 2581 3044 ἤδη,
2612 2975 2798 3044 μηδενὶ
2818 2974 2924 3028 τῶν
2947 2975 3249 3031 ἀκουόντων
3267 2976 3463 3041 ἐξεῖναι
3487 2979 3697 3047 κροτεῖν
3722 2976 3945 3045 μεταξὺ

2276 3059 2523 3128 λέγοντός
2544 3076 2688 3123 τινος
2709 3101 2722 3123 ,
2747 3060 2861 3113 ἀλλ’
2890 3064 2937 3114 εί
2967 3061 3204 3132 βούλοιτο
3239 3062 3556 3133 θαυμάζειν,
3600 3062 3945 3132 θαυμαζέτω

2280 3149 2435 3218 σιγῇ·
2456 3148 2626 3212 οὐδεὶς
2650 3150 2677 3201 0
2694 3147 2937 3212 κωλύων,
2960 3150 3109 3203 πᾶσα
3124 3149 3181 3201 δὲ
3202 3150 3234 3219 ἡ
3260 3149 3462 3219 σπουδὴ
3479 3150 3573 3202 καὶ
3593 3152 3627 3219 ἡ
3651 3148 3952 3219 προθυμία

2278 3234 2407 3303 περὶ
2451 3232 2510 3286 τὸ
2545 3232 2791 3302 δέχεσθαι
2826 3233 2892 3285 τά
2918 3233 3183 3304 λεγόμενα
3218 3234 3470 3303 γινέσθω.
3505 3234 3603 3286 Διά
3622 3236 3674 3286 τί
3698 3236 3947 3304 ἐκροτή-

2281 3336 2441 3385 σατε;
2491 3321 2627 3390 Περὶ
2670 3318 2857 3372 τούτου
2896 3320 2988 3373 τὸν
3027 3320 3189 3392 νόμον
3229 3322 3418 3394 τίθημι
3451 3338 3465 3353 ⁶
3512 3324 3667 3393 ὑμεῖς
3707 3322 3767 3374 δὲ
3814 3323 3949 3375 οὑδὲ

2278 3406 2503 3461 ἀκοῦσαι
2535 3406 2791 3476 ἀνέχεσθε
2814 3418 2861 3460 ο.
2892 3408 3109 3461 Πολλῶν
3136 3408 3292 3462 τοῦτο
3315 3408 3530 3478 ἀγαθῶν
3552 3409 3722 3462 αίτιον
3756 3408 3945 3472 ἔσται,

2280 3494 2375 3547 καὶ
2400 3494 2773 3548 διδασκάλειον
2807 3494 3145 3563 φιλοσοφίας.
3176 3496 3285 3550 Καὶ
3312 3497 3362 3549 οί
3388 3496 3495 3549 τῶν
3524 3496 3627 3560 ἔξω
3652 3495 3948 3565 φιλόσοφοι

2280 3580 2603 3649 διελέγοντο,
2624 3581 2719 3635 καὶ
2734 3582 2907 3645 οὐδεὶς
2932 3582 3164 3653 οὐδαμοῦ
3193 3583 3384 3654 κρότος
3410 3585 3589 3647 αὑτοῖς
3612 3584 3799 3636 εἵπετο
3817 3600 3829 3611 ·
3846 3586 3951 3636 καὶ

2280 3668 2329 3721 οἱ
2349 3669 2631 3721 ἀπόστολοι
2652 3669 2742 3739 ἐδη
2753 3670 3045 3741 μηγόρουν,
3064 3670 3157 3724 καὶ
3178 3671 3410 3742 οὑδαμοῦ
3422 3670 3578 3724 τοῦτο
3591 3671 3945 3743 πρόσκειται,

2281 3757 2362 3811 ὅτι
2389 3756 2593 3827 μεταξὺ
2623 3756 2887 3826 λεγόντων
2920 3758 3145 3811 ἐκείνων
3182 3761 3293 3823 τοῖς
3336 3760 3546 3829 κρότοις
3573 3760 3858 3813 διέκοπτον
3892 3763 3951 3814 οἱ

2282 3845 2573 3909 ἀκούοντες
2604 3845 2695 3899 τὸν
2724 3846 2970 3915 λέγοντα.
3012 3847 3170 3915 Μέγα
3190 3848 3348 3900 τοῦτο
3367 3847 3553 3918 κέρδος
3576 3850 3724 3918 ἡμῖν.
3772 3848 3946 3903 Ἀλλά

2284 3934 2621 4005 κυρώσωμεν
2642 3935 2798 3988 τοῦτο
2820 3953 2833 3965 ·
2865 3934 2983 4006 μεθ’
3014 3934 3245 4005 ἡσυχίας
3272 3935 3471 3999 πάντες
3492 3936 3795 4004 ἀκούωμεν,
3834 3940 3944 3989 καὶ

2283 4021 2531 4092 λέγωμεν
2558 4021 2792 4076 ἅπαντα.
2839 4023 2900 4075 EE
2933 4023 3031 4093 μὲν
3053 4023 3162 4093 γάρ
3194 4022 3332 4093 μετὰ
3355 4024 3481 4087 τοὺς
3506 4023 3725 4094 κρότους
3746 4023 3942 4094 ἀπῄει-

2288 4127 2388 4181 μεν
2434 4109 2648 4179 ἔχοντες
2694 4110 2835 4182 amp
2867 4110 3212 4181 ἠκούσαμεν,
3246 4111 3477 4181 μάλιστα
3513 4111 3609 4180 μὲν
3635 4111 3754 4163 οὑδὲ
3791 4110 3941 4163 οὑτω

2284 4198 2551 4268 χρήσιμος
2578 4199 2606 4250 0
2639 4197 2853 4263 ἔπαινος
2884 4198 3019 4267 (ἀλλ’
3054 4198 3153 4252 οὑκ
3179 4198 3244 4252 ἂν
3272 4198 3779 4270 ήκριδολογησάμην
3809 4213 3823 4227 ·
3860 4201 3945 4270 μὴ

2290 4284 2356 4355 μέ
2393 4302 2477 4349 τις
2516 4284 2806 4355 ἀγροικίας
2844 4285 3123 4358 γραφέτω)
3149 4304 3163 4318 ·
3183 4286 3368 4357 ἐπειδὴ
3397 4286 3453 4338 δὲ
3483 4286 3646 4357 μηδὲν
3671 4286 3729 4337 τὸ
3750 4285 3943 4349 πλέον,

2287 4372 2422 4426 ἀλλά
2453 4374 2545 4426 καὶ
2580 4373 2751 4444 βλάϐη
2775 4414 2789 4439 ,
2834 4373 3084 4444 λύσωμεν
3127 4374 3189 4428 τὸ
3235 4373 3499 4445 κώλυμα,
3546 4374 3823 4444 ἀνέλωμεν
3874 4376 3948 4428 τά

2288 4462 2671 4532 σκιρτήματα,
2708 4461 3031 4533 ἐκκόψωμεν
3071 4462 3142 4515 τὰ
3187 4463 3478 4534 πηδήματα
3514 4463 3611 4534 τῆς
3637 4462 3837 4532 ψυχῆς.
3884 4462 3952 4516 ὐ

2286 4549 2516 4618 Χριστὸς
2550 4550 2962 4621 ἐδημηγόρησεν
2988 4549 3080 4601 ἐπὶ
3104 4548 3195 4602 τοῦ
3225 4551 3382 4620 ὅρους
3400 4565 3413 4577 ’
3446 4550 3557 4602 ἀλλ’
3584 4550 3753 4611 οὐδεὶς
3782 4549 3951 4602 οὐδὲν

2285 4632 2461 4703 εἶπεν,
2488 4636 2592 4699 ἓως
2620 4638 2710 4689 ὅτε
2734 4637 2827 4690 τὸν
2857 4636 3014 4705 λόγον
3054 4635 3317 4689 ἐτέλεσεν.
3359 4636 3475 4690 υὺκ
3496 4635 3778 4706 ἀποστερῶ
3811 4638 3950 4700 τοὺς

2288 4722 2642 4794 βουλομένους
2670 4723 2998 4793 κροτεῖσθαι,
3020 4722 3153 4775 ἀλλά
3172 4723 3369 4792 μᾶλλον
3386 4721 3753 4792 θαυμάζεσθαι
3776 4723 3946 4777 ποιῶ.

2288 4812 2473 4883 Πολλῷ
2501 4813 2706 4883 βέλτιον
2734 4812 2872 4883 μετὰ
2899 4811 3061 4882 σιγῆς
3080 4812 3418 4876 ἀκούσαντα,
3453 4812 3541 4865 διά
3578 4811 3676 4881 τῆς
3717 4812 3950 4881 μνήμης

2286 4898 2345 4950 ἐν
2383 4900 2547 4952 παντὶ
2576 4898 2655 4969 τῷ
2684 4898 2860 4969 χρόνῳ
2889 4900 3126 4970 κροτεῖν,
3152 4900 3246 4951 καὶ
3275 4901 3334 4952 ἐν
3356 4898 3501 4968 οἰκίᾳ
3529 4898 3621 4951 καὶ
3651 4898 3711 4951 ἐν
3740 4897 3953 4968 ἀγορᾷ,

2286 4984 2319 5054 ἡ
2366 4985 2543 5038 πάντα
2585 4984 2924 5038 ἀπολέσαντα
2964 4985 3307 5054 ἀπέρχεσθαι
3356 4984 3539 5039 οἴκαδε
3587 4983 3781 5048 κενὸν,
3841 4985 3954 5040 οὐκ

2287 5071 2479 5141 έχοντα
2504 5070 2611 5124 τῶν
2642 5072 2852 5142 κρότων
2879 5072 2978 5141 τὴν
3017 5070 3290 5126 ὑπόθεσιν.
3316 5071 3441 5134 Πῶς
3468 5070 3574 5142 γάρ
3608 5070 3669 5125 οὑ
3706 5071 3956 5139 καταγέ-

2285 5159 2480 5222 λαστος
2507 5161 2536 5213 0
2562 5159 2867 5230 ἀκροατὴςς
2899 5158 3015 5222 πῶς
3040 5158 3100 5211 οὑ
3125 5158 3289 5223 κόλαξ
3318 5158 3413 5212 καὶ
3450 5159 3613 5229 εῖρων
3633 5158 3659 5197 ἆ
3682 5159 3945 5230 νομισθὴο

2287 5263 2439 5301 σεται
2463 5246 2681 5318 μᾶλλον,
2700 5248 2781 5300 ὅτι
2815 5247 2911 5317 μὲν
2938 5247 3118 5310 καλῶς
3145 5243 3298 5301 εἶπεν
3320 5248 3349 5300 0
3371 5247 3684 5310 διδάσκαλος
3714 5249 3956 5317 ἀποφαιο

2285 5334 2507 5405 νόμενος
2525 5374 2541 5401 ,
2571 5334 2625 5386 τί
2647 5333 2703 5386 δὲ
2730 5329 2881 5387 εἶπεν
2912 5334 3012 5387 οὑκ
3036 5334 3175 5405 ἔχων
3202 5335 3369 5400 δεῖξαι
3397 5353 3412 5401 ;
3441 5334 3615 5388 Τοῦτο
3652 5335 3949 5400 κολακείας

2284 5422 2526 5475 ἐστίν.⁹0
2571 5421 2667 5491 μὲν
2705 5420 2812 5494 γὰρ
2857 5420 3168 5493 κιθαρῳδῶν
3211 5421 3448 5486 ἀκούσας
3486 5423 3580 5475 καὶ
3628 5423 3950 5492 τραγῳδῶν,

2283 5510 2508 5572 είκότως
2534 5508 2603 5561 ἂν
2626 5508 2783 5561 τοῦτο
2804 5510 2987 5575 πάθοι,
3020 5512 3115 5564 ἆτε
3141 5511 3240 5564 οὑκ
3262 5510 3416 5573 εἰδὼς
3441 5512 3639 5581 ὁμοίως
3665 5511 3762 5582 τὴν
3785 5496 3953 5580 ῥῆσιν

2282 5598 2633 5651 εἰπεῖν’ένθα
2659 5597 2716 5651 δὲ
2760 5598 2821 5650 οὑ
2874 5597 3065 5669 μέλους
3113 5600 3368 5667 ἐπίδειξίς
3406 5603 3553 5655 ἐστιν
3590 5601 3708 5655 οὑδὲ
3736 5604 3951 5671 φωνῆς,

2343 5740 2373 5781 δ
2416 5740 2513 5817 Α]ἰί
2537 5740 2997 5817 ὃπωξηεὺφράνωμεν,
3016 5714 3122 5804 οὑχ.
3134 5742 3264 5817 ξπως
3294 5741 3947 5817 ὠφελήσωμενισκοποῦντες,

2282 5805 2411 5858 ὅπως
2869 5801 3276 5860 ⁸,Αιὶιιδ“’τίθηιιι,
3320 5801 3401 5851 κάὶ
3439 5801 3568 5863 ὑμεῖς
3609 5801 3819 5852 ἀκοῦσαι
3855 5805 3948 5852 οὐκ

2282 5861 2546 5927 ἀνέχεσθεᾙ
2582 5861 2607 5903 δ
2639 5861 2732 5914 Alii
2764 5864 3013 5927 ἀκροατής,
3042 5865 3122 5911 καὶ
3146 5865 3308 5925 κόλαξ,
3337 5865 3415 5913 καὶ
3451 5861 3603 5925 εἶρων.
