3978 6510
253 377 348 435 ms
1131 376 1202 435 IN
1239 378 1421 437 ACTA
1457 380 1974 442 APOS‘I'OLORUM.
2013 386 2239 446 HOMIL.
2288 390 2458 447 XXX.

251 494 316 548 tio
337 506 398 545 ex
424 486 761 544 immoderato
788 488 965 544 studio
990 491 1186 561 prodiit
1212 509 1229 558 ;
1257 509 1439 548 verum
1469 493 1628 550 etiam
1658 497 1781 552 hinc

245 580 571 651 apostolorum
596 579 765 633 virtus
784 580 1098 636 ostenditur.
1131 581 1198 636 Et
1225 582 1348 638 vide
1375 586 1648 654 quomodo
1669 601 1782 640 om-

246 671 319 724 nia
345 670 523 739 ubique
552 669 662 724 Deo
686 670 939 724 referant.
969 671 1079 727 ﬂos
1106 682 1162 727 et
1191 688 1288 728 nos
1314 675 1583 730 imitemur
1608 694 1621 730 :
1651 677 1781 732 nihil

243 771 460 816 nostrum
488 776 604 815 esse
647 770 910 830 putemus,
940 764 1370 834 quandoquidem
1409 784 1476 822 ne
1521 769 1633 839 ipsa
1660 771 1781 840 qui.

241 852 347 906 dem
375 851 498 904 fides
517 861 696 905 nostra
716 864 816 907 est.
840 852 990 920 Quod
1019 865 1195 910 autem
1228 867 1407 912 nostra
1437 876 1540 914 non
1565 862 1658 927 sit,
1686 862 1779 916 sed

241 945 390 1013 magis
412 943 515 1007 Dei,
544 943 666 996 andi
689 943 907 999 Paulum
934 945 1195 1001 dicentem
1227 966 1242 1004 :
1272 948 1337 1003 Et
1362 951 1457 1004 hoc
1482 969 1580 1005 non
1605 969 1668 1006 ea:
1691 969 1784 1006 no-

237 1034 317 1094 bis.
344 1033 435 1086 Dei
457 1036 640 1087 donum
668 1033 881 1106 (Epiros.
911 1036 966 1089 2.
1000 1038 1077 1107 8).
1106 1039 1183 1093 Ne
1211 1041 1387 1110 itaque
1415 1044 1579 1098 altum
1606 1045 1779 1114 sapia-

235 1142 339 1180 mus
360 1141 450 1180 nec
472 1126 734 1194 inﬂemur,
761 1143 882 1182 eum
910 1130 1156 1186 homines
1178 1133 1365 1197 simus,
1386 1144 1523 1190 terra
1545 1146 1598 1191 et
1620 1136 1776 1204 cinis,

234 1218 392 1271 fumus
419 1225 475 1271 et
520 1218 729 1272 umbra.
767 1220 859 1275 Dic
884 1222 1024 1274 enim
1058 1223 1185 1277 mihi
1212 1266 1225 1284 ,
1264 1240 1360 1278 cur
1396 1227 1562 1282 altum
1591 1230 1779 1296 sapis?

233 1308 620 1378 Eleemosynam
648 1309 839 1365 dedisti
866 1322 920 1367 et
958 1315 1209 1382 pecunias
1239 1315 1512 1373 ell‘udisti?
1549 1319 1616 1373 Et
1652 1321 1776 1390 quid

232 1397 320 1451 hoc
339 1398 361 1450 ἲ
382 1398 561 1468 Cogita
594 1400 637 1454 si
668 1401 928 1457 noluisset
956 1412 1006 1459 te
1034 1405 1172 1459 Deus
1197 1405 1415 1461 divitem
1447 1407 1620 1463 facere
1649 1428 1661 1462 :
1688 1426 1780 1464 co-

228 1490 320 1557 gita
348 1504 435 1543 eos
474 1491 563 1559 qui
592 1490 765 1561 inopia
794 1504 1109 1562 premuntur
1133 1513 1147 1562 ;
1182 1498 1289 1551 imo
1313 1500 1482 1568 cogita
1509 1511 1637 1570 quot
1663 1502 1776 1570 ipsa

226 1596 427 1650 corpora
460 1582 868 1652 impenderunt,
897 1596 950 1641 et
975 1599 1256 1658 postquam
1287 1592 1562 1648 innumera
1591 1610 1777 1666 eroga-

226 1683 411 1735 vemnt.
436 1675 643 1742 seipsos
666 1677 890 1731 miseros
909 1678 1178 1734 dixerunt.
1201 1680 1277 1735 Tu
1308 1694 1525 1752 propter
1550 1686 1776 1754 teipsum

224 1766 416 1829 dedisti,
444 1766 691 1822 Christus
719 1780 933 1838 propter
963 1784 1013 1825 te
1042 1789 1057 1824 :
1093 1783 1146 1826 tu
1175 1775 1313 1842 quod
1343 1775 1573 1831 debebas
1601 1779 1777 1833 reddi-

223 1858 329 1912 disti
351 1899 364 1920 ,
396 1858 646 1914 Christus
686 1861 817 1914 nihil
864 1862 955 1915 tibi
982 1863 1226 1921 debebat.
1265 1865 1393 1921 Vide
1415 1883 1572 1937 quam
1602 1871 1778 1924 incer-

225 1960 319 2003 tum
348 1951 413 2003 sit
450 1949 727 2018 futurum,
759 1962 813 2008 et
837 1969 904 2009 ne
939 1955 1104 2008 altum
1140 1958 1314 2024 sapias
1336 1998 1350 2021 ,
1380 1960 1473 2013 sed
1508 1960 1636 2015 time
1664 1981 1679 2016 :
1708 1979 1775 2018 ne

221 2042 445 2095 virtutem
488 2057 559 2096 ex
609 2046 905 2113 arrogantia
954 2046 1181 2100 minuas.
1226 2048 1315 2101 Vis
1358 2064 1482 2104 vere
1525 2066 1773 2121 magnum

222 2131 462 2200 quidpiam
510 2132 835 2190 facereYNe
882 2152 1129 2207 umquam
1175 2153 1469 2208 pra-sumas
1506 2151 1772 2211 tamquam

221 2224 279 2279 de
302 2226 493 2295 magnis
515 2229 790 2298 operibus.
820 2233 888 2283 At
911 2232 1059 2300 virgo
1082 2247 1140 2286 es
1163 2232 1186 2285 ἲ
1218 2233 1406 2287 Verum
1439 2236 1539 2289 ilhc
1562 2254 1774 2307 quoque

222 2319 426 2387 virgines
454 2331 635 2388 erant,
667 2331 720 2376 et
751 2334 967 2392 propter
992 2325 1362 2381 crudelitatem
1392 2340 1446 2383 et
1474 2329 1771 2385 inhumani-

223 2417 360 2462 tatem
389 2409 514 2464 nihil
555 2413 747 2480 profuit
792 2413 919 2482 ipsis
950 2414 1241 2484 virginitas.

283 2500 1171 2560 Humilitascommendatur.—Nihii
1193 2507 1474 2563 humilitati
1506 2526 1596 2581 par
1622 2530 1633 2564 :
1661 2513 1772 2569 lucc

222 2603 366 2648 mater
387 2604 495 2661 est,
537 2597 687 2651 radix
711 2640 724 2662 ,
757 2598 932 2653 nutrix
955 2639 969 2663 ,
1003 2599 1385 2666 fulcimentum,
1422 2614 1474 2659 et
1503 2606 1767 2660 vinculum

225 2689 496 2743 bonorum:
538 2690 656 2744 sine
683 2692 767 2745 illa
800 2692 1175 2759 abominandi,
1222 2697 1534 2751 exsecrandi
1574 2708 1627 2751 et
1668 2700 1768 2752 im-

224 2779 317 2847 puri
338 2794 547 2834 sumus.
579 2781 705 2834 Esto
725 2782 863 2837 enim
893 2784 1043 2853 quis,
1071 2786 1115 2837 si
1149 2785 1352 2853 placet,
1402 2790 1489 2857 qui
1535 2800 1771 2845 mortuos

223 2870 440 2936 suscitet,
472 2871 704 2926 claudos
732 2874 927 2943 erigat,
974 2876 1213 2945 leprosos
1261 2879 1478 2932 mundet
1516 2895 1636 2934 eum
1680 2897 1769 2935 ar-

225 2962 423 3031 rogantia
452 2978 467 3014 :
501 2963 644 3017 nihil
676 2964 775 3019 hoc
805 2966 1063 3035 impurius
1085 3009 1100 3033 ,
1134 2968 1265 3022 nihil
1308 2972 1473 3041 magis
1512 2971 1768 3040 impium,

229 3054 327 3107 nihil
350 3055 657 3110 scelestius.
685 3055 826 3111 Nihil
858 3059 930 3112 tui
960 3060 1124 3128 ipsius
1148 3075 1267 3116 esse
1292 3071 1496 3131 reputa.
1526 3063 1770 3118 Faculta-

236 3155 311 3199 tetn
346 3148 489 3202 verbi
551 3159 606 3203 et
650 3149 906 3205 doctrinae
946 3153 1169 3219 gratiam
1221 3153 1425 3208 habes?
1466 3155 1541 3210 Ne
1568 3156 1689 3211 ideo
1720 3167 1769 3212 te

237 3248 345 3305 putes
372 3240 489 3308 plus
515 3255 684 3310 quam
712 3241 845 3295 alios
871 3241 1090 3297 habere.
1123 3242 1244 3299 Ideo
1270 3247 1502 3300 maxime
1529 3257 1580 3302 te
1608 3247 1770 3302 immi-

226 3328 312 3385 liari
334 3340 585 3401 oportet,
616 3334 735 3401 quia
780 3334 1018 3403 pluribus
1061 3336 1305 3405 dignatus
1349 3353 1410 3392 es
1450 3338 1624 3393 donis.
1673 3341 1767 3395 (lui

221 3424 333 3476 enim
378 3425 495 3492 plus
552 3425 863 3491 dimittitur,
915 3427 1033 3495 plus
1080 3427 1261 3498 diliget
1310 3428 1476 3500 (Luc.
1522 3432 1573 3485 7.
1626 3431 1765 3502 47).

220 3511 371 3582 itaque
394 3515 670 3569 humiliari
699 3525 750 3571 te
775 3527 1022 3585 oportet,
1055 3521 1173 3588 quia
1205 3521 1323 3574 aliis
1354 3525 1722 3591 praetermissis
1748 3567 1764 3593 ,

217 3604 291 3657 tibi
331 3608 510 3660 annuit
570 3608 727 3661 Deus.
779 3609 888 3663 llac
933 3609 1002 3664 de
1052 3626 1211 3665 causa
1245 3613 1369 3667 time
1401 3630 1415 3666 :
1448 3629 1592 3687 szepe
1620 3618 1763 3672 enim

214 3693 298 3749 hoc
320 3697 402 3751 tibi
428 3699 690 3767 perniciei
719 3714 879 3755 causa
907 3711 1022 3769 est,
1051 3703 1151 3756 nisi
1177 3705 1498 3774 vigilaveris.

273 3785 420 3857 Opere
443 3790 613 3859 magis
638 3806 791 3857 quam
814 3791 957 3845 verba
982 3793 1267 3847 insinuatur
1293 3796 1764 3866 disciplina.—Cur

210 3878 349 3933 altum
379 3886 520 3951 sapis
539 3882 567 3933 Ἰ
592 3884 713 3951 quia
745 3885 921 3939 verbis
943 3884 1141 3940 doces?
1175 3885 1279 3941 Sed
1314 3888 1463 3942 facile
1489 3898 1570 3943 est
1588 3891 1761 3959 philu-

208 3972 394 4037 sophari
424 3973 612 4027 verbis
640 3991 653 4028 :
683 3974 817 4029 doce
845 3992 930 4029 me
974 3992 1067 4044 per
1099 3978 1256 4031 vitam
1310 3989 1449 4033 tuam
1482 3996 1496 4032 :
1527 3982 1642 4036 lucc
1681 3994 1763 4037 est

210 4061 383 4127 optima
406 4062 677 4118 doctrina.
711 4065 887 4131 Dicis,
920 4067 1177 4121 modestia
1216 4084 1351 4137 opus
1381 4086 1498 4124 esse
1524 4112 1539 4134 ,
1570 4082 1623 4125 et
1666 4073 1763 4128 hac

208 4150 336 4207 dere
361 4154 578 4224 longum
609 4157 744 4210 texis
786 4172 1125 4225 sermonem,
1172 4168 1331 4230 atque
1372 4164 1600 4217 oratoria
1645 4166 1760 4220 sine

207 4241 337 4298 obice
364 4247 522 4302 verba
559 4248 879 4317 profundis?
913 4253 978 4304 At
1004 4253 1192 4306 melior
1235 4259 1285 4306 te
1330 4264 1409 4307 cst
1452 4256 1577 4320 ille,
1621 4258 1759 4312 dicet

205 4334 440 4403 quiSpiam
461 4379 474 4402 ,
506 4338 599 4407 qui
632 4338 732 4393 hoc
758 4341 1009 4410 operibus
1039 4358 1125 4397 me
1158 4343 1331 4398 docet.
1367 4344 1481 4398 Non
1512 4348 1655 4400 enim
1688 4350 1757 4402 ita

204 4423 435 4481 insinuari
464 4431 644 4483 solent
671 4432 863 4485 animis
890 4432 1182 4502 disciplina:
1208 4437 1383 4490 verbis
1406 4477 1421 4500 ,
1472 4447 1527 4491 ut
1579 4441 1756 4508 Operi-

204 4516 290 4571 bus
319 4535 331 4571 :
362 4536 481 4574 nam
514 4524 619 4576 nisi
649 4540 809 4591 opera
838 4523 1037 4581 habeas
1059 4567 1075 4592 ,
1108 4544 1211 4581 nou
1244 4531 1401 4584 modo
1433 4546 1535 4585 non
1564 4534 1756 4601 prodes

202 4610 394 4677 verbis,
426 4614 521 4667 sed
550 4616 714 4669 etiam
755 4618 921 4685 magis
970 4633 1148 4674 noces.
1195 4619 1379 4675 Melius
1429 4633 1510 4676 est
1559 4634 1752 4678 tacere.

200 4698 389 4763 Quare?
418 4704 552 4770 Quia
580 4720 693 4759 rem
724 4706 850 4759 mihi
875 4708 1252 4776 impossibilem
1273 4712 1545 4780 proponis.
1567 4713 1755 4784 Cogito

200 4791 358 4855 enim,
385 4794 428 4847 si
458 4804 513 4847 tu
539 4797 628 4864 qui
661 4807 802 4850 tanta
830 4799 1081 4865 loqueris,
1112 4817 1217 4854 non
1248 4800 1414 4865 facis;
1450 4806 1615 4859 multo
1644 4822 1755 4860 ma-

198 4880 269 4947 gis
293 4898 373 4938 me
397 4889 550 4939 venia
579 4887 794 4957 dignum
822 4904 939 4943 esse
961 4930 974 4952 ,
1007 4891 1094 4960 qui
1137 4892 1268 4946 nihil
1312 4893 1453 4948 dico.
1506 4895 1629 4950 Ideo
1681 4898 1756 4950 ait

199 4975 485 5044 propheta:
521 4977 785 5033 Peccatori
853 4992 1021 5034 autent
1067 4982 1196 5035 dixit
1245 4981 1421 5051 Deus,
1487 4985 1655 5052 Quare
1701 4997 1754 5041 tu

197 5079 384 5123 enarra:
424 5071 657 5141 justitias
709 5089 843 5125 meas
890 5073 1080 5142 (Psal.
1124 5075 1212 5129 49.
1247 5076 1393 5147 16)?
1419 5077 1583 5147 Majus
1610 5080 1751 5133 enim

197 5155 288 5213 hoc
310 5175 687 5218 nocumentum
719 5175 820 5233 est,
853 5180 971 5220 cum
1004 5169 1121 5237 quis
1147 5178 1295 5225 recte
1323 5170 1524 5227 docens
1551 5174 1748 5241 verbis,

197 5249 474 5307 doctrinam
502 5255 656 5311 factis
685 5258 975 5330 impugnat.
1008 5262 1117 5315 lloc
1144 5262 1430 5317 multorum
1459 5265 1512 5318 in
1563 5266 1751 5321 Eccle—

195 5340 277 5395 siis
297 5342 393 5397 fuit
418 5360 580 5399 causa
611 5348 890 5404 malorum.
924 5352 1210 5421 Propterea
1244 5352 1518 5422 ignoscite,
1543 5371 1747 5425 ιιιιιιξδο,

195 5435 319 5501 quod
337 5452 518 5494 sermo
550 5440 646 5496 hac
669 5443 722 5495 in
754 5458 813 5497 re
835 5445 1040 5513 longius
1070 5456 1335 5500 excurrat.
1386 5446 1534 5501 Multi
1586 5449 1750 5503 multa

195 5524 409 5594 iaciunt,
446 5538 506 5583 ut
534 5531 582 5584 in
610 5533 784 5587 medio
811 5544 1012 5589 stantes
1051 5535 1265 5606 longum
1316 5538 1589 5606 proferant
1637 5551 1751 5592 ser-

195 5630 393 5674 monem
425 5638 441 5675 :
471 5632 530 5676 et
570 5624 613 5677 si
659 5626 907 5695 plausum
957 5627 1308 5682 multitudinis
1352 5638 1746 5698 assequamur,

193 5709 395 5771 perinde
421 5713 653 5782 gaudent
680 5732 742 5771 ac
768 5718 812 5771 si
844 5733 1062 5788 regnum
1102 5720 1489 5784 obtinuissent;
1535 5720 1584 5775 si
1620 5735 1747 5775 vero

194 5811 300 5853 cum
325 5800 543 5861 silentio
580 5805 785 5863 dicendi
831 5810 989 5864 linem
1040 5807 1273 5879 faciant,
1318 5808 1564 5881 gehenna
1610 5807 1744 5879 ipsis

1893 501 2106 568 gravius
2129 509 2183 556 et
2206 504 2484 560 onerosius
2508 514 2591 561 est
2623 508 2728 564 tale
2775 510 3066 570 silentium.
3114 515 3225 574 lloe
3274 519 3462 578 Eccle-

1889 588 1999 644 sias
2031 591 2331 661 subvertit,
2361 596 2501 666 quod
2539 614 2635 654 vos
2673 616 2778 656 non
2821 609 3071 675 quaeratis
3108 610 3266 666 verba
3308 629 3461 671 com-

1890 684 2228 753 punctionis,
2260 688 2351 742 sed
2378 705 2497 759 qua:
2525 692 2793 750 oblectent
2818 707 2869 752 et
2896 712 3031 753 sono
3073 711 3127 756 et
3175 706 3458 765 verborum

1887 777 2295 844 compositione,
2326 797 2388 835 ac
2409 784 2452 835 si
2483 796 2730 841 cantores
2754 800 2808 843 et
2832 790 3151 850 citliarmdos
3164 799 3455 869 audiretis;

1887 873 1941 919 et
1971 881 2066 920 nos
2098 868 2281 936 frigide
2308 888 2371 926 ac
2403 875 2597 930 misere
2637 890 2845 934 vestros
2885 884 3103 940 affectus
3149 868 3454 962 sequamur,

1885 971 2019 1025 quos
2047 961 2362 1016 exscindere
2390 977 2681 1032 eporteret.

1953 1048 2006 1101 4.
2040 1049 2377 1121 ldipsumque
2416 1056 2666 1121 facimus,
2713 1076 2777 1116 ac
2826 1064 2870 1117 si
2918 1076 3069 1133 pater
3103 1070 3259 1127 nimis
3308 1077 3455 1132 molli

1886 1152 2086 1206 puero,
2119 1143 2216 1195 etsi
2252 1144 2568 1210 infirmanti,
2600 1150 2840 1218 frigidam
2873 1157 3201 1227 placentam,
3243 1176 3298 1220 et
3336 1185 3453 1238 quire

1884 1229 2055 1282 solum
2087 1232 2356 1288 oblectant
2388 1239 2653 1308 porrigat;
2695 1244 2899 1299 utilimn
2949 1264 3077 1306 vero
3113 1256 3313 1310 nullam
3352 1229 3456 1313 cu-

1887 1333 2000 1373 ram
2032 1320 2222 1376 habeat
2253 1340 2267 1376 :
2297 1325 2490 1381 deinde
2515 1345 2544 1382 a
2573 1332 2793 1386 medicis
2822 1336 3126 1407 objurgatns
3148 1382 3166 1410 ,
3195 1346 3260 1399 ad
3288 1362 3452 1403 excu-

1882 1410 2142 1466 sationem
2174 1412 2347 1479 dicat,
2376 1416 2508 1482 Quid
2542 1418 2766 1475 faciam?
2792 1424 3005 1482 ﬂentem
3052 1448 3267 1498 puerum
3314 1437 3454 1494 ferro

1884 1514 2109 1568 nequeo.
2138 1502 2319 1569 Miser,
2343 1506 2526 1561 infelix
2547 1520 2599 1563 et
2630 1512 2867 1579 proditor
2898 1534 2911 1568 :
2948 1536 3116 1588 neque
3141 1525 3282 1580 enim
3310 1528 3450 1583 hunc

1885 1600 2083 1658 patrem
2124 1594 2390 1650 dixerim:
2426 1616 2584 1668 quam
2632 1604 2823 1660 melius
2872 1621 3046 1675 esset,
3099 1614 3244 1670 illum
3288 1633 3450 1686 parvo

1885 1694 2125 1753 tempore
2144 1690 2351 1743 tristitia
2378 1693 2623 1747 affectum
2642 1699 2887 1764 perfectw
2911 1705 3120 1757 sanitati
3147 1711 3446 1780 restituere,

1882 1791 2037 1843 quam
2073 1785 2467 1846 temporanuam
2498 1786 2719 1853 gratiam
2753 1795 2985 1858 perpetui
3036 1801 3280 1852 mmmris
3326 1817 3450 1855 eau-

1879 1880 1992 1921 sam
2040 1868 2250 1926 facere!
2300 1873 2408 1929 Hoc
2454 1886 2506 1930 et
2554 1894 2649 1933 nos
2703 1882 2955 1951 facimus,
3000 1888 3124 1942 dum
3152 1893 3446 1962 elegantem

1880 1962 2173 2017 orationem
2229 1968 2491 2023 curiosius
2547 1974 2834 2039 qmerimus
2889 1988 2941 2031 et
3010 1986 3445 2051 compositionem

1884 2052 2318 2125 harmoniamque
2342 2098 2356 2121 ,
2391 2070 2446 2111 ut
2478 2060 2805 2130 placeamus,
2839 2085 2941 2122 non
2968 2081 3026 2124 ut
3056 2078 3356 2143 prosimus;
3390 2090 3448 2133 ut

1878 2141 2212 2198 admirationi
2243 2148 2563 2216 habeantur,
2598 2170 2700 2208 non
2730 2166 2785 2209 ut
2829 2159 3152 2231 doceamus;
3205 2177 3260 2221 ut
3298 2172 3449 2226 oble-

1878 2240 2105 2301 ctemus,
2126 2252 2228 2291 non
2258 2248 2313 2291 ut
2339 2255 2786 2311 compungamus;
2814 2258 2869 2301 ut
2895 2265 3012 2303 cum
3039 2254 3223 2321 plausu
3248 2268 3299 2313 et
3326 2261 3445 2315 laua

1877 2323 2035 2379 dibus
2059 2326 2397 2383 discedamus
2417 2373 2430 2395 ,
2467 2348 2571 2386 non
2599 2346 2655 2388 ut
2682 2352 2857 2392 mores
2888 2357 3291 2412 componamus.

1950 2413 2171 2472 Plausus
2184 2423 2433 2489 quomodo
2460 2425 2733 2495 excipiebat
2758 2427 3448 2500 Chrysostomum—Crcditc

1877 2505 2006 2559 mihi
2029 2523 2133 2562 non
2156 2510 2251 2563 abs
2271 2526 2329 2565 re
2355 2511 2586 2578 dicenti,
2609 2531 2728 2569 cum
2756 2521 3047 2586 praadieans
3075 2527 3315 2585 laudibus
3348 2549 3444 2586 ex-

1875 2599 2043 2668 cipior
2065 2641 2081 2667 ,
2112 2602 2204 2655 illo
2240 2605 2452 2672 quidem
2482 2616 2717 2675 tempore
2759 2610 3044 2668 humanum
3083 2619 3206 2686 quid
3245 2632 3334 2689 pat
3356 2641 3438 2689 or,

1876 2689 2013 2762 (cur
2039 2695 2179 2746 enim
2206 2710 2327 2749 vera
2374 2714 2477 2751 non
2519 2700 2829 2772 dixerim?)
2860 2704 3010 2760 ιςυιυτ
3051 2719 3103 2763 et
3149 2713 3393 2767 effundor
3424 2735 3436 2769 :

1874 2780 1962 2834 ubi
1993 2796 2125 2838 vero
2151 2784 2365 2840 domum
2397 2803 2660 2857 reversus,
2688 2795 2865 2862 cogito
2892 2796 3201 2864 plaudentes
3241 2805 3443 2862 nullum

1874 2876 2153 2944 excepisse
2181 2877 2442 2944 fructum;
2479 2881 2572 2935 sed
2600 2883 2642 2934 si
2670 2885 2791 2952 quid
2822 2888 3055 2943 utilitatis
3085 2892 3443 2964 accipiendum

1876 2973 2024 3030 erat,
2055 2966 2184 3020 illud
2211 2983 2273 3021 ex
2304 2969 2489 3037 plausu
2518 2981 2569 3025 et
2600 2968 2844 3030 laudilms
2871 2979 3094 3047 periisse
3113 3024 3125 3048 ,
3156 2985 3446 3045 discrucior

1874 3062 1930 3108 et
1959 3055 2278 3125 ingemisco,
2308 3061 2591 3133 laerymor,
2619 3078 2681 3119 ac
2706 3067 2749 3120 si
2777 3072 2951 3125 omnia
2980 3074 3168 3128 frustra
3194 3078 3438 3149 dixerim,

1872 3144 1943 3199 ita
1973 3146 2227 3214 affectus,
2259 3152 2495 3222 mihique
2516 3154 2614 3223 ipsi
2643 3155 2763 3211 (lico
2792 3175 2805 3210 :
2839 3161 2966 3226 Qua:
2995 3165 3119 3217 tnihi
3165 3182 3234 3221 ex
3280 3144 3441 3227 sudo;

1872 3237 2015 3291 ribus
2042 3240 2277 3308 utilitas,
2327 3258 2446 3297 cum
2489 3246 2758 3302 auditores
2795 3251 2924 3305 nihil
2965 3269 3033 3308 ex
3083 3256 3261 3314 Verbis
3311 3265 3443 3317 meis

1873 3330 2113 3387 utilitatis
2129 3336 2403 3405 percipere
2428 3338 2723 3395 voluerint?
2752 3358 2997 3415 saepeque
3023 3352 3246 3419 cogitavi
3272 3356 3440 3425 legem

1872 3424 2110 3491 proferre
2137 3427 2352 3495 plausus
2381 3429 2748 3498 prohibentem
2770 3478 2784 3500 ,
2820 3447 2873 3489 et
2902 3442 3221 3506 persuadere
3248 3424 3399 3502 vobis
3422 3490 3438 3516 ,

1876 3524 1932 3568 ut
1961 3532 2080 3571 cum
2112 3519 2322 3573 silentio
2371 3522 2596 3578 audiatis
2646 3536 2699 3578 et
2745 3541 2863 3581 cum
2908 3530 3114 3586 decenti
3160 3540 3436 3594 modestia.

1871 3606 1976 3661 Sed
2015 3609 2276 3665 sustinete
2301 3653 2315 3678 ,
2346 3629 2561 3683 quaiso,
2593 3625 2646 3670 et
2668 3618 2869 3673 credite
2896 3620 3059 3686 mihi;
3102 3640 3192 3691 ac,
3234 3631 3276 3680 si
3323 3631 3439 3697 pla-

1869 3710 1952 3753 cet
1972 3740 1987 3765 ,
2021 3699 2157 3755 hanc
2186 3701 2460 3760 firmemus
2489 3706 2657 3776 legem
2690 3725 2703 3762 :
2732 3723 2799 3763 ne
2826 3710 2910 3765 cui
2936 3713 3234 3770 auditormn
3280 3719 3438 3774 liceat

1869 3792 2171 3862 loquentem
2218 3796 2487 3864 plausibus
2532 3798 2905 3868 interpellare;
2956 3803 3051 3859 sed
3094 3807 3138 3859 si
3187 3807 3437 3865 admirari

1868 3884 2116 3947 voluerit,
2149 3886 2315 3942 silens
2340 3889 2631 3944 admiretur
2664 3908 2677 3945 :
2709 3908 2866 3945 nemo
2896 3897 3233 3963 prohibebit:
3266 3904 3439 3958 ornuis

1866 3989 1989 4027 cura
2015 4015 2030 4041 ,
2060 3991 2219 4031 omne
2243 3979 2476 4033 studium
2503 3982 2606 4045 sit,
2635 3991 2692 4036 ut
2715 3983 2852 4037 dicta
2879 3986 3228 4054 excipiantur.
3260 3991 3437 4058 Quare

1865 4069 2242 4136 applausistis?
2268 4070 2378 4126 Hac
2420 4072 2486 4126 de
2532 4089 2590 4128 re
2634 4073 2801 4145 legem
2832 4092 2970 4145 pono
3006 4095 3020 4132 :
3050 4095 3143 4134 vos
3192 4097 3319 4138 vero
3369 4100 3437 4139 ne

1864 4160 2049 4215 audire
2077 4161 2291 4230 quidem
2332 4164 2627 4219 sustinetis.
2658 4166 2712 4219 ld
2743 4168 3027 4223 multorum
3068 4186 3225 4226 causa
3265 4174 3437 4230 bono-

1863 4266 1981 4305 rum
2008 4252 2144 4318 erit,
2175 4254 2627 4325 philosophiaeque
2651 4256 2951 4327 disciplina.
3004 4261 3219 4316 Externi
3265 4266 3436 4334 philo-

1861 4341 2016 4411 sOphi
2055 4343 2420 4411 disserebant,
2468 4349 2679 4403 nemine
2718 4365 2967 4420 umquam
3017 4354 3337 4422 plaudente;
3379 4369 3437 4413 et

1861 4436 2084 4503 apostoli
2116 4437 2587 4503 concionabantur,
2618 4455 2792 4510 neque
2814 4444 3018 4513 uspiam
3047 4445 3258 4515 legitur,
3289 4450 3435 4518 ipsos

1864 4529 2144 4599 loquentes
2173 4532 2239 4584 ab
2268 4532 2605 4587 auditoribus
2631 4532 2794 4589 fuisse
2824 4535 3009 4605 plausu
3047 4540 3428 4609 iuterpellatos.

1859 4621 2099 4690 Magnum
2128 4623 2226 4677 hoc
2251 4623 2405 4677 nobis
2423 4624 2625 4677 lucrum
2646 4626 2766 4679 erit.
2787 4626 2891 4681 Sed
2911 4629 3245 4684 stabiliamus
3262 4632 3426 4687 illud:

1858 4728 1977 4775 cum
2009 4714 2221 4767 silentio
2249 4729 2435 4769 omnes
2478 4715 2787 4783 audiamus,
2837 4719 3121 4787 omniaque
3163 4723 3426 4778 dicamus.

1859 4803 2078 4857 Etiamsi
2109 4817 2227 4874 post
2255 4806 2495 4873 plausum
2522 4807 2920 4863 discederemus
2938 4851 2953 4875 ,
2985 4826 3103 4879 qua:
3131 4812 3429 4868 audiiimns

1858 4896 2148 4951 retinentes
2176 4939 2190 4962 ,
2230 4914 2399 4966 neque
2431 4902 2507 4954 sic
2534 4902 2693 4954 etiam
2725 4902 2868 4955 utilis
2893 4901 3014 4957 laus
3036 4914 3178 4959 esset
3207 4905 3227 4974 (
3243 4921 3425 4961 verum

1858 4999 1963 5038 non
2016 4988 2237 5041 ulterius
2285 4988 2632 5058 disquirerem
2668 5009 2681 5043 :
2714 5006 2782 5045 ne
2828 4994 2946 5061 quis
2985 5008 3073 5050 me
3119 4998 3425 5055 rusticitatis

1856 5079 2100 5150 accuset)
2142 5097 2154 5132 :
2202 5081 2321 5149 quia
2374 5096 2502 5135 vero
2549 5082 2676 5135 nihil
2718 5081 2844 5138 hinc
2883 5085 3050 5151 lucri,
3106 5088 3210 5141 imo
3254 5094 3428 5159 potius

1856 5170 2147 5236 damnum,
2198 5171 2469 5225 solvamus
2502 5172 2978 5241 impedimentum,
3021 5180 3216 5234 anima:
3260 5184 3430 5238 saltus

1857 5262 1976 5316 illos
2020 5262 2267 5317 tollamus
2312 5262 2809 5333 exscindamusque.
2849 5266 3093 5322 Christus
3137 5271 3189 5324 in
3245 5285 3426 5329 monte

1854 5351 2197 5406 concionatus
2222 5361 2329 5416 est;
2358 5362 2411 5406 et
2442 5368 2600 5407 nemo
2628 5354 2897 5423 quidpiam
2938 5358 3105 5421 dixit,
3146 5360 3319 5416 donec
3364 5368 3428 5416 li-

1855 5460 1975 5497 nem
2004 5443 2210 5497 dicendi
2236 5442 2381 5498 fecit.
2411 5442 2549 5496 Nihil
2579 5443 2761 5499 damni
2803 5445 2939 5502 facio
2975 5449 3070 5513 iis,
3110 5452 3199 5520 qui
3246 5454 3426 5521 plaudi

1853 5536 2198 5600 desiderant;
2243 5536 2348 5590 imo
2393 5535 2444 5590 id
2487 5534 2702 5602 efficio,
2754 5546 2812 5592 ut
2857 5540 3026 5608 magis
3072 5541 3423 5597 admirentur.

1852 5627 2014 5681 Multo
2044 5627 2231 5681 melius
2256 5635 2338 5682 est
2366 5643 2487 5682 cum
2517 5628 2731 5683 silentio
2775 5630 3114 5697 audientem,
3154 5633 3207 5686 in
3245 5644 3427 5690 mente

1851 5728 1905 5774 et
1930 5720 2186 5774 memoria
2212 5719 2358 5774 omni
2389 5729 2633 5788 tempore
2663 5718 2945 5788 plaudere,
2971 5721 3119 5780 domi
3138 5762 3157 5789 ,
3195 5722 3247 5776 in
3270 5723 3423 5791 foro;

1857 5826 2014 5882 quam
2039 5813 2253 5869 amissis
2277 5812 2524 5869 omnibus
2548 5811 2768 5867 domum
2791 5811 2965 5867 redire
3002 5828 3222 5869 vacuum
3244 5856 3260 5884 ,
3305 5816 3424 5870 nut-
