3978 6502
519 370 626 427 13⁸1

521 485 627 540 lam
654 481 936 539 habentem
965 479 1241 552 plausuum
1257 494 1502 535 causam.
1530 480 1812 548 Quomodo
1833 482 1974 536 enim
1991 497 2096 536 non

518 575 779 632 ridiculus
797 574 899 628 erit
925 573 1176 628 auditori
1205 573 1472 642 quomodo
1503 588 1608 626 non
1636 572 1881 629 adulator
1906 584 1960 628 et
1989 575 2099 629 irri-

517 681 610 722 sor
637 666 906 733 potabitur
923 705 940 730 ,
967 666 1057 735 qni
1082 673 1228 720 recte
1252 665 1526 734 loquutum
1553 680 1675 720 esse
1701 665 1974 721 doctorem
2005 667 2096 722 de-

515 759 715 825 clarat,
747 773 846 812 nee
869 758 999 828 quid
1026 757 1220 811 dixerit
1247 755 1488 826 proferre
1515 757 1728 825 potest?
1764 756 1876 812 Hoc
1907 757 2093 812 adula-

515 851 676 906 tionis
695 861 797 906 est.
819 850 952 904 Nam
977 850 1047 913 ei,
1076 849 1169 919 qui
1195 849 1518 905 cithartedos
1543 858 1596 904 et
1626 849 1895 916 tragmdos
1925 849 2092 917 audit,

514 944 568 999 id
593 945 715 1014 jure
744 942 936 997 accidit
957 985 972 1006 ,
1005 953 1186 1012 utpote
1215 943 1305 1012 qui
1334 945 1540 997 nesciat
1569 942 1761 997 similia
1802 944 2044 1013 proferre
2073 960 2090 997 :

511 1037 601 1093 ubi
630 1046 807 1091 autem
834 1051 933 1091 nec
957 1045 1146 1090 cantus
1175 1050 1273 1090 nec
1301 1033 1592 1089 modulatio
1617 1033 1800 1101 adest,
1829 1033 1928 1088 sed
1969 1049 2094 1089 sen-

510 1129 692 1184 tentia:
719 1129 893 1182 solum
923 1136 978 1181 et
1003 1125 1355 1196 philosophia:
1389 1125 1560 1179 virtus
1584 1166 1599 1189 ,
1639 1141 1758 1195 quae
1797 1126 1964 1180 cuivis
2005 1125 2090 1179 di-

507 1236 633 1278 cere
660 1229 715 1275 et
761 1219 1044 1275 enuntiare
1087 1218 1242 1272 facile
1282 1226 1406 1283 est;
1447 1217 1712 1287 quomodo
1754 1231 1858 1270 non
1901 1216 2090 1287 dignus

506 1311 879 1382 objurgatione
905 1320 1028 1375 est,
1055 1311 1144 1380 qui
1173 1324 1241 1364 ne
1266 1323 1479 1362 causam
1523 1307 1738 1377 quidem
1779 1306 1958 1362 dicere
1989 1323 2086 1373 po—

507 1412 650 1470 test,
679 1417 776 1457 cur
797 1403 1207 1456 concionantem
1252 1399 1594 1454 laudaverit?
1637 1397 1779 1454 Nihil
1823 1399 1891 1452 ita
1933 1397 2088 1454 decet

505 1494 818 1556 ecclesiam,
863 1503 920 1547 ut
969 1492 1237 1547 silentium
1287 1500 1340 1544 et
1386 1490 1666 1546 modestia.
1700 1491 1983 1545 Tumultus
2011 1489 2080 1544 ad

505 1585 708 1640 theatra
739 1584 1002 1654 pertinet,
1033 1584 1098 1638 ad
1124 1583 1312 1638 balnea
1333 1624 1346 1646 ,
1373 1581 1438 1636 ad
1470 1597 1690 1651 pompas
1710 1624 1724 1646 ,
1767 1581 1834 1635 ad
1866 1581 2080 1636 forum:

503 1676 592 1730 ubi
616 1691 744 1730 vero
772 1675 951 1728 talitun
980 1675 1286 1744 dogmatum
1315 1672 1552 1726 doctrina
1581 1680 1664 1727 est
1683 1713 1696 1737 ,
1722 1673 1791 1726 ibi
1824 1671 2080 1742 tranquil-

501 1765 658 1832 litas,
713 1767 902 1834 qtiies,
948 1764 1322 1835 philosophia,
1370 1772 1424 1818 et
1466 1773 1649 1832 portus
1696 1779 1916 1833 magnus
1962 1777 2082 1817 esse

500 1859 677 1913 debet.
709 1859 863 1918 llaec.
897 1873 994 1912 oro
1019 1866 1074 1910 et
1100 1857 1355 1919 obsecro,
1405 1870 1593 1909 omnes
1634 1855 1835 1909 sciatis.
1881 1853 2081 1909 Omnes

497 1952 696 2004 circum
731 1950 918 2003 modos
945 1949 1187 2017 exploro,
1216 1947 1369 2017 queis
1398 1956 1583 2013 potero
1609 1946 1801 2000 vestris
1829 1945 2080 2015 prodesse

498 2043 800 2095 animabus.
840 2041 954 2094 Non
985 2042 1205 2109 exiguus
1237 2040 1323 2092 ille
1351 2038 1476 2092 mihi
1509 2039 1697 2091 modus
1725 2037 1962 2101 videtttr,
1988 2037 2076 2105 qui

495 2150 601 2188 non
635 2133 784 2185 vobis
817 2143 1016 2186 tantum
1039 2172 1054 2198 ,
1085 2131 1178 2184 sed
1204 2129 1364 2185 etiam
1398 2129 1525 2182 mihi
1557 2128 1810 2197 proderit.
1852 2127 1967 2182 Non
2000 2128 2075 2181 si-

495 2238 585 2281 net
612 2243 707 2280 nos
736 2225 1002 2293 prosterni
1026 2266 1042 2287 ,
1076 2238 1249 2292 neque
1278 2221 1462 2275 laudes
1491 2232 1544 2274 et
1582 2220 1808 2290 gloriam
1853 2234 2034 2274 amare
2055 2259 2070 2284 ,

495 2334 667 2387 neque
695 2316 1017 2372 oblectantia
1050 2315 1226 2383 loqui,
1260 2313 1353 2368 sed
1384 2313 1530 2366 utilia
1565 2329 1578 2364 :
1614 2327 1786 2380 neque
1831 2311 1886 2365 in
1923 2326 2074 2366 eom-

491 2411 756 2478 positione
779 2418 834 2462 et
856 2406 1112 2476 elegantia
1145 2405 1438 2467 dictorum,
1481 2403 1575 2457 sed
1627 2403 1678 2456 in
1725 2403 1771 2456 vi
1818 2416 2070 2457 sensuum

489 2501 633 2556 omni
667 2502 922 2568 temporis
952 2505 1222 2551 momento
1247 2498 1464 2550 versari.
1495 2494 1780 2565 Ingredere
1807 2495 1860 2548 in
1895 2495 2068 2564 picto-

1190 365 1248 424 S.
1285 365 1562 424 JOANNIS
1597 366 2072 425 CHRYSOSTOMI
2109 369 2424 426 ARCHIEP.
2465 372 2996 433 CONSTANTINOP.
3645 393 3727 455 ω

2207 485 2280 538 ris
2310 485 2580 540 officinam
2606 527 2623 554 ,
2651 499 2706 543 et
2737 490 2844 544 illic
2875 493 3098 548 multum
3135 495 3443 554 observabis
3484 499 3730 568 silentium.

2205 576 2266 630 Et
2299 577 2382 631 hic
2412 581 2571 632 etiam
2598 591 2716 636 esto
2745 598 2758 635 :
2793 599 2912 636 nam
2947 583 3033 638 hic
3058 600 3268 656 quoque
3308 569 3731 666 regiasipingimus

2203 668 2460 738 imagines
2481 712 2498 738 ,
2529 683 2582 726 et
2612 674 2809 728 nullam
2840 677 3027 740 privati
3061 677 3294 733 hominis
3315 721 3330 741 ,
3362 681 3432 735 ob
3454 684 3629 740 coloris
3646 693 3732 744 vir-

2200 767 2384 814 tutem.
2417 761 2552 828 Quid
2584 764 2682 819 hoc
2707 767 2827 820 est?
2857 782 3069 822 rursum
3115 770 3393 838 plauditis?
3443 770 3553 829 Non
3599 778 3736 838 facins

2198 867 2282 908 res
2313 854 2518 909 videtur
2540 899 2557 924 ,
2592 857 2798 928 hocque
2824 876 2929 915 non
2959 877 3023 916 ex
3052 872 3237 917 natura
3262 905 3278 930 ,
3311 864 3406 920 sed
3441 880 3508 921 ex
3541 883 3734 930 consue-

2198 945 2379 998 tudine
2401 986 2415 1010 ,
2447 947 2681 1002 nondum
2711 951 3000 1006 emendare
3027 952 3299 1010 didicisse.
3325 956 3490 1012 Stilus
3513 974 3628 1030 ergo
3658 981 3737 1020 no-

2197 1032 2279 1087 bis
2306 1045 2389 1089 est
2409 1037 2583 1106 lingua
2601 1074 2623 1106 γ
2644 1039 2839 1096 artifex
2869 1042 3099 1113 Spiritus
3127 1057 3360 1102 sanctus.
3392 1049 3485 1103 Dic
3511 1053 3628 1108 mihi
3657 1074 3668 1110 :
3693 1058 3735 1114 in

2197 1129 2464 1198 mysteriis
2491 1147 2559 1184 an
2601 1134 2860 1190 tumultus
2883 1176 2898 1202 ,
2925 1153 2992 1190 an
3021 1138 3254 1194 turbatio
3275 1142 3390 1195 est?
3428 1142 3557 1198 Cum
3596 1146 3739 1219 bapti-

2193 1231 2414 1285 samur,
2455 1237 2576 1275 cum
2604 1223 2704 1276 alia
2731 1225 2908 1279 omnia
2941 1227 3200 1292 facimus,
3232 1246 3414 1286 annon
3447 1235 3592 1302 quies
3613 1243 3738 1295 etsi-

2191 1307 2413 1364 lentium
2441 1313 2618 1367 omnia
2644 1314 2887 1372 detinent
2909 1319 2922 1349 '
2948 1319 2970 1372 ?
2998 1319 3124 1375 Hinc
3150 1322 3203 1376 in
3259 1325 3393 1380 ctelo
3435 1327 3741 1395 pulchritudo

2190 1399 2432 1490 dispersa
2453 1415 2556 1458 est.
2585 1404 2712 1460 ldeo
2733 1408 2871 1476 apud
2899 1411 3129 1479 gentiles
3156 1413 3296 1468 male
3320 1414 3562 1472 audimus
3578 1457 3592 1482 ,
3614 1425 3738 1490 quasi

2188 1489 2258 1544 ad
2283 1496 2694 1551 ostentationem
2722 1509 2777 1552 et
2802 1501 3058 1556 ambitum
3087 1505 3266 1558 omnia
3296 1503 3570 1565 faciamus.
3590 1489 3684 1566 sed
3703 1516 3741 1569 si

2189 1581 2290 1638 hoc
2307 1586 2638 1654 cohibeatur,
2666 1591 2824 1646 etiam
2851 1594 3141 1662 primarum
3163 1597 3368 1653 sodium
3390 1613 3542 1654 amor
3567 1607 3740 1658 exstin-

2185 1686 2394 1746 guetnr.
2427 1679 2670 1749 Sufﬁcit,
2708 1684 2754 1738 si
2802 1687 2923 1754 quis
2957 1687 3141 1743 laudes
3179 1699 3358 1754 amat,
3389 1693 3434 1745 si
3476 1705 3595 1761 post
3629 1711 3743 1751 0οη-

2186 1771 2394 1826 cionetn
2418 1772 2535 1827 illas
2557 1788 2904 1846 asseqnatur,
2938 1795 3060 1835 cum
3101 1782 3307 1837 [ructus
3344 1786 3576 1856 colliget.
3615 1789 3744 1860 Rogo

2185 1859 2327 1916 hanc
2360 1864 2633 1919 lirmemos
2665 1868 2872 1938 legem;
2901 1882 2958 1925 ut
2978 1887 3099 1927 cum
3125 1875 3302 1928 omnia
3332 1878 3624 1934 secundum
3669 1859 3746 1938 bri

2184 1953 2437 2022 placitum
2463 1955 2750 2014 fecerimus
2769 2002 2784 2023 ,
2818 1962 2933 2031 ejus
2960 1965 3240 2020 clementia
3267 1967 3568 2038 dignemur.
3600 1977 3746 2040 gratis

2183 2055 2236 2099 et
2263 2049 2694 2106 miseratiOnibus
2722 2052 2988 2123 Unigeniti
3017 2058 3134 2123 ejus
3153 2097 3170 2123 ,
3199 2057 3412 2114 Domini
3445 2064 3614 2118 nostri
3635 2065 3749 2122 .lesu

2180 2136 2373 2192 Christi
2397 2180 2414 2206 ,
2441 2143 2656 2210 quicum
2685 2145 2823 2198 Patri
2853 2157 2907 2201 et
2933 2149 3155 2217 Spiritui
3189 2163 3377 2206 saneto
3415 2154 3585 2224 gloria
3605 2198 3619 2219 ,
3664 2160 3747 2212 itii-

2182 2233 2384 2298 perium
2409 2273 2424 2299 ,
2460 2235 2659 2302 honor,
2690 2256 2830 2294 nunc
2857 2251 2910 2295 et
2934 2256 3147 2312 semper
3167 2285 3183 2312 ,
3215 2256 3270 2300 et
3291 2247 3342 2300 in
3373 2250 3574 2304 satcula
3600 2268 3751 2307 saecu-

2179 2324 2374 2380 lorum.
2405 2328 2596 2384 Amen.

2242 2506 2260 2539 ι
2293 2506 2394 2557 Alii
2416 2508 2618 2570 habent,
2635 2524 2786 2562 nonne
2801 2513 2957 2576 quiete
2977 2521 3024 2565 et
3044 2515 3233 2566 silentio
3252 2516 3414 2567 ontuia
3433 2516 3763 2574 honestantur?

482 2612 3750 2640 Mm

1770 2675 2118 2738 HOMILIA
2159 2678 2403 2741 XXXI.

481 2833 608 2888 (ΣΑΡ.
634 2831 721 2887 Ut.
748 2845 802 2884 v.
837 2830 923 2885 1'5.
956 2826 1053 2881 His
1080 2825 1266 2880 auditis
1295 2823 1510 2894 apostoli
1535 2821 1797 2876 Barnabas
1831 2830 1878 2876 et
1923 2820 2066 2874 Pau-

552 2921 929 2990 lus,conscissis
958 2919 1170 2974 vestibus
1195 2917 1300 2970 suis
1324 2914 1620 2970 exsilierunt
1646 2913 1699 2967 in
1721 2914 1940 2978 turbam,
1956 2912 2064 2966 cla-

550 3025 744 3070 mantes
774 3013 861 3070 14.
889 3022 933 3066 et
961 3011 1178 3064 dicentes
1204 3024 1223 3063 :
1261 3005 1403 3073 Viri,
1431 3007 1554 3078 quid
1582 3006 1687 3060 htec
1709 3005 1916 3076 facitis?
1947 3003 2061 3060 Nos

547 3109 733 3166 similes
758 3107 892 3160 vobis
924 3103 1182 3175 passibiles
1208 3117 1383 3155 sumus
1405 3099 1650 3161 homines,
1697 3097 2056 3151 annuntiantes

545 3199 684 3257 vobis
709 3198 770 3252 ab
794 3197 872 3250 his
898 3195 1038 3249 vanis
1067 3193 1282 3247 converti
1303 3191 1371 3244 ad
1393 3189 1559 3242 Deum
1598 3189 1798 3254 vivum,
1827 3188 1912 3257 qui
1941 3186 2058 3258 fecit

545 3292 723 3347 ca’lum
747 3298 792 3344 et
819 3299 1003 3342 terram
1036 3299 1079 3339 et
1105 3301 1261 3349 mare,
1295 3293 1339 3336 et
1367 3281 1535 3335 omnia
1558 3295 1669 3350 quas
1694 3280 1746 3331 in
1774 3279 1844 3332 eis
1865 3289 2001 3332 sunt.

549 3387 601 3439 1.
622 3384 748 3438 Vide
767 3381 1038 3451 apostolos
1068 3379 1242 3430 otnnia
1268 3391 1388 3429 cum
1415 3374 1749 3428 vehementia
1776 3371 2050 3425 facientes.

475 3480 759 3534 Sciderunt
783 3485 978 3539 vestes,
1007 3473 1339 3533 exsilierunt,
1371 3470 1703 3530 clamarunt;
1733 3482 1850 3535 quae
1873 3463 2052 3518 omnia

472 3591 537 3629 ex
569 3572 846 3626 affectione
891 3568 1052 3621 animi
1095 3565 1381 3628 faciebant,
1426 3571 1770 3621 aversantes,
1798 3569 1852 3612 et
1882 3558 2053 3610 luctus

472 3665 620 3735 signa
665 3662 873 3716 dantes.
921 3659 1118 3714 Luctus
1164 3657 1359 3726 quippe
1401 3670 1524 3708 vere
1567 3661 1701 3716 erat,
1735 3651 1902 3703 luctus
1945 3663 2048 3702 non

471 3755 834 3816 consolabilis,
861 3752 904 3805 si
936 3750 1147 3820 quidem
1173 3747 1462 3801 voluissent
1491 3761 1585 3814 pro
1615 3743 1714 3796 diis
1753 3741 1964 3804 haberi,
1997 3748 2051 3792 et

468 3846 820 3902 idololatriam
863 3841 1308 3908 inducere,qu;un
1347 3836 1574 3889 solutum
1604 3841 1875 3886 verterant.
1916 3827 2048 3883 Illud

465 3954 627 4009 porro
655 3946 770 3991 erat
798 3933 991 3988 diaboli
1021 3931 1522 3984 machinamentum.
1572 3929 1638 3978 At
1663 3923 1735 3976 illi
1767 3940 1869 3975 non
1897 3921 2048 3990 quie-

465 4041 640 4097 scunt,
668 4028 762 4084 sed
793 4025 957 4097 quid?
1004 4023 1115 4078 Nos
1145 4022 1334 4076 similes
1384 4017 1520 4072 vobis
1563 4015 1823 4086 passibiles
1873 4028 2046 4067 sum-us

466 4126 691 4179 homines
710 4163 726 4187 ,
756 4120 1015 4188 inquiunt.
1051 4115 1240 4171 Statim
1262 4114 1329 4166 ab
1363 4111 1511 4165 initio
1536 4107 1730 4162 malum
1762 4106 2043 4160 subverte-

464 4226 589 4273 runt
618 4233 632 4269 :
667 4230 770 4269 non
798 4212 1048 4266 dixerunt
1073 4206 1406 4276 simpliciter,
1441 4201 1682 4255 flamines
1701 4217 1719 4266 ;
1746 4198 1861 4265 sed,
1897 4197 2044 4252 Sicut

463 4327 570 4365 vos.
605 4305 824 4368 Deinde,
850 4320 916 4358 ne
946 4302 1253 4356 viderentur
1293 4299 1420 4351 deos
1454 4293 1714 4375 venerari,
1747 4291 1869 4345 audi
1913 4287 2040 4360 quid

462 4400 716 4470 adjiciunt
744 4414 758 4451 :
790 4394 1155 4449 Annnntiantes
1194 4390 1328 4443 vobis
1357 4389 1418 4441 ab
1444 4387 1521 4440 his
1545 4386 1685 4438 vanis
1730 4381 1950 4436 converti
1972 4379 2041 4436 ad

463 4498 628 4550 Deum
654 4494 840 4554 vivum,
868 4489 952 4554 qui
975 4488 1089 4557 fecit
1116 4485 1293 4538 caelum
1317 4493 1363 4536 et
1391 4492 1575 4534 terram
1604 4490 1649 4532 et
1677 4495 1832 4540 mare,
1858 4487 1904 4530 et
1931 4492 2038 4530 om-

461 4592 547 4644 nia
575 4603 688 4659 qute
711 4587 764 4639 in
787 4585 856 4638 eis
885 4593 1002 4636 sunt
1026 4579 1197 4650 (Psal.
1230 4578 1352 4632 145.
1377 4577 1453 4646 6).
1482 4575 1714 4630 Observa
1743 4572 1862 4625 illos
1884 4585 2038 4623 num-

457 4699 618 4756 quam
666 4693 966 4736 memorare
1010 4674 1333 4745 prOpbetas,
1375 4684 1548 4739 neque
1590 4668 1788 4733 dicere,
1841 4679 1941 4734 qua
1970 4662 2036 4718 de

455 4793 617 4835 causa
659 4791 782 4832 cum
803 4775 868 4827 sit
896 4771 1132 4826 ninnium
1177 4767 1421 4831 Creator,
1449 4773 1635 4835 gentes
1682 4762 1898 4831 reliquit
1924 4757 2034 4814 suis

453 4872 556 4927 frui
584 4868 828 4941 legibus?
858 4867 944 4922 15.
969 4864 1067 4932 Qui
1093 4864 1145 4916 in
1159 4861 1422 4932 prceteritis
1451 4854 1850 4930 generationibus
1880 4851 2033 4906 dimi-

451 4964 518 5017 sit
547 4977 716 5016 amnes
756 4969 922 5031 gentes
945 4957 1016 5009 ire
1046 4955 1151 5008 vias
1189 4970 1329 5006 suas.
1355 4950 1508 5020 Quod
1551 4948 1835 5011 dimiserit,
1867 4945 2028 5012 dicit;

453 5071 549 5109 cur
586 5064 765 5108 autem
803 5049 1082 5112 dimiserit,
1115 5061 1220 5102 non
1259 5045 1438 5107 addit;
1484 5041 1696 5097 interim
1722 5039 1777 5094 in
1799 5054 1862 5093 eo
1889 5036 2030 5108 quod

452 5145 676 5215 urgebat
721 5141 982 5203 subsistit,
1019 5139 1217 5194 Christi
1263 5151 1457 5192 nomen
1498 5147 1757 5202 nusquam
1803 5143 2026 5201 ponens.

451 5239 540 5293 16.
565 5235 632 5290 Et
657 5237 857 5304 quiaem
885 5250 984 5288 non
1010 5235 1119 5286 sine
1146 5232 1426 5284 testimonio
1452 5232 1774 5298 semetipsum
1800 5225 2025 5295 reliquit,

450 5327 765 5398 benefaciens
795 5325 856 5378 de
875 5325 1026 5387 caelo,
1060 5322 1200 5376 nobis
1230 5322 1356 5377 dans
1377 5321 1569 5392 pluvias
1595 5329 1639 5372 et
1666 5328 1890 5386 tempora
1910 5320 2027 5389 fru-

449 5421 652 5490 ctifera,
676 5417 889 5486 impleas
914 5416 1021 5469 cibo
1050 5425 1094 5468 et
1121 5414 1294 5470 latitia
1315 5413 1470 5467 corda
1507 5421 1701 5465 nostra.
1726 5410 1879 5474 Vide,
1919 5422 2025 5462 non

447 5512 564 5565 vult
599 5509 994 5565 accusa-tionem
1045 5520 1230 5560 eorum
1275 5519 1484 5574 augere,
1526 5503 1617 5558 sed
1659 5502 1830 5571 potius
1869 5500 2026 5555 docet

447 5604 594 5668 illos,
617 5611 675 5657 ut
704 5600 881 5654 omnia
922 5598 988 5654 ad
1034 5599 1198 5652 Deum
1239 5595 1490 5650 referant.
1537 5595 1840 5649 Didicerant
1880 5591 2023 5646 enim

447 5711 555 5753 non
581 5696 652 5750 ita
680 5694 997 5750 studemlnm
1025 5708 1144 5747 esse
1167 5690 1362 5761 aliquid
1384 5690 1489 5742 Deo
1510 5689 1727 5758 dignum
1746 5687 1943 5748 dicere,
1965 5693 2025 5740 ut

445 5788 776 5844 auditoribus
804 5788 931 5840 utile
957 5785 1082 5856 quid
1110 5782 1370 5853 proferre.
1402 5781 1535 5835 Vide
1559 5779 1825 5850 quomodo
1849 5779 2021 5830 laten-

449 5890 532 5937 ter
570 5879 961 5936 accusationem
1006 5880 1227 5950 ingerat.
1276 5873 1508 5944 Etenim,
1537 5874 1580 5928 si
1629 5873 1729 5927 hoc
1773 5870 2017 5937 faciebat,

2174 2823 2456 2893 oportebat
2500 2822 2660 2893 plecti
2695 2839 2810 2890 eos,
2855 2825 2945 2896 qui
2972 2833 3050 2882 tot
3091 2826 3247 2884 bonis
3284 2828 3562 2897 fruentes,
3591 2831 3757 2901 ipsum

2168 2929 2274 2967 non
2317 2923 2372 2968 ut
2415 2915 2734 2970 nutritorem
2775 2919 3178 2988 agnoscebant:
3214 2937 3397 2976 verum
3452 2939 3565 2979 non
3593 2925 3753 2994 palam

2168 3005 2317 3071 dicit,
2366 3006 2460 3061 sed
2482 3007 2804 3076 subindicat,
2841 3008 2920 3063 De
2952 3014 3074 3066 creto
3114 3015 3276 3080 nobis,
3308 3015 3595 3086 inquiens,
3639 3017 3758 3071 dans

2165 3097 2386 3168 pluvias.
2417 3098 2507 3156 Sic
2531 3111 2584 3155 et
2606 3101 2770 3156 David
2793 3102 3004 3159 dicebat
3032 3122 3048 3158 :
3079 3105 3124 3158 Α
3150 3109 3320 3176 fructu
3362 3109 3639 3177 frumenti,
3666 3112 3756 3164 riui

2163 3201 2210 3243 et
2240 3191 2338 3245 olei
2383 3193 2466 3246 sui
2509 3193 2832 3264 multiplicati
2871 3206 2988 3250 sum
3015 3197 3186 3268 (Psal.
3215 3199 3268 3253 4.
3298 3197 3384 3272 8);
3423 3209 3484 3254 et
3529 3215 3677 3272 saepe
3699 3203 3759 3257 de

2161 3285 2430 3339 creatione
2477 3285 2765 3352 disserens,
2815 3288 2914 3342 hoc
2943 3290 2994 3342 in
3037 3289 3269 3344 medium
3311 3291 3568 3347 adducit.
3611 3293 3758 3348 Jeru-

2161 3374 2296 3428 mias
2325 3385 2500 3429 autem
2534 3378 2704 3446 primo
2733 3379 3057 3434 creationem
3076 3423 3091 3446 ,
3122 3379 3316 3436 deinde
3353 3383 3754 3451 providentiam

2159 3465 2452 3535 pluviarum
2477 3467 2606 3522 dicit
2636 3467 2767 3538 (λεν.
2801 3471 2855 3525 5.
2877 3471 2992 3542 24).
3027 3472 3209 3541 Itaque
3238 3473 3361 3528 inde
3387 3473 3630 3528 edoctus
3654 3476 3756 3527 ait:

2157 3558 2386 3629 Implens
2411 3561 2518 3615 cibo
2549 3573 2594 3616 et
2625 3562 2818 3617 latitia.
2866 3563 2998 3619 Cum
3043 3563 3366 3621 liberalitate
3408 3565 3756 3630 alimentum,

2157 3666 2256 3707 nec
2278 3654 2436 3708 modo
2462 3654 2528 3708 ad
2552 3655 2905 3725 frugalitatem
2933 3667 2987 3711 ct
3008 3672 3184 3711 usuin.
3217 3657 3304 3712 17.
3339 3656 3410 3710 Et
3438 3659 3557 3712 Ιιιεε
3589 3660 3759 3713 dicen-

2154 3753 2245 3810 tes,
2277 3746 2360 3798 via:
2405 3747 2704 3800 sedaverunt
2751 3749 2942 3814 turbas,
2988 3765 3050 3802 ne
3089 3749 3184 3802 sibi
3227 3749 3595 3804 imntolarent.
3620 3751 3686 3805 Et
3710 3753 3757 3803 in

2154 3834 2257 3890 hoc
2297 3837 2526 3892 maxime
2572 3839 2907 3893 admirationi
2949 3838 3186 3896 fuerunt.
3240 3840 3437 3897 Viden‘
3489 3860 3596 3899 eos
3640 3846 3761 3897 satis

2152 3925 2422 3992 habuisse,
2446 3928 2586 3998 quod
2626 3931 2884 3984 insaniam
2934 3931 3076 3986 illam
3125 3933 3508 3988 avertissent?
3542 3937 3629 3990 18.
3665 3935 3758 3990 Su-

2149 4032 2478 4092 pervenerunt
2519 4034 2684 4077 autem
2726 4025 2789 4077 ab
2827 4025 3094 4078 Antiochia
3133 4037 3177 4079 ct
3201 4027 3413 4081 'lconio
3465 4029 3654 4083 Judwi
3681 4042 3762 4085 :et

2150 4115 2402 4180 persuasis
2435 4116 2610 4180 turbis,
2661 4116 3040 4186 (epulantesque
3078 4117 3326 4184 Paulum,
3357 4131 3656 4176 traxerunt
3680 4140 3759 4175 er-

2147 4213 2226 4257 tra
2267 4206 2545 4270 civitatem,
2585 4208 2923 4261 existimantes
2963 4225 3077 4262 eum
3127 4223 3380 4264 mortuum
3428 4231 3573 4266 esse.
3628 4213 3761 4268 Vere

2145 4293 2340 4350 diaboli
2395 4296 2484 4349 ﬁlii
2530 4311 2546 4352 :
2595 4313 2699 4351 non
2754 4299 2806 4352 in
2855 4298 3161 4353 civitatibus
3227 4302 3396 4355 modo
3449 4307 3581 4358 suis
3613 4345 3629 4367 ,
3670 4305 3757 4357 Sed

2144 4395 2293 4441 extra
2332 4386 2447 4440 illas
2494 4387 2594 4442 hoc
2638 4387 2919 4456 faciebant,
2962 4400 3016 4445 et
3057 4401 3200 4447 tanto
3246 4392 3441 4448 studio
3496 4398 3761 4450 curabant

2143 4478 2570 4548 praedicationem
2596 4481 2661 4535 de
2679 4482 2852 4536 medio
2879 4482 3083 4546 tollere,
3100 4493 3297 4552 quanto
3325 4488 3591 4555 apostoli
3623 4489 3756 4540 illam

2140 4571 2355 4627 ﬁrmare
2384 4573 2729 4627 conabantur.
2763 4573 2828 4627 Et
2855 4577 3128 4645 persuasis,
3159 4575 3350 4646 inquit,
3385 4579 3599 4646 turbis,
3629 4581 3757 4647 lapi-

2139 4667 2313 4717 datum
2335 4663 2557 4718 Panlnm
2603 4675 2861 4718 traxerunt
2891 4676 3032 4720 extra
3058 4667 3326 4721 civitatem.
3358 4669 3479 4725 llic
3506 4671 3759 4740 impletur

2137 4756 2264 4810 illud
2298 4773 2310 4808 ε
2339 4756 2536 4826 διιῇῖεὶε
2561 4757 2650 4810 tibi
2674 4758 2839 4827 gratia
2860 4773 3004 4819 mea;
3033 4775 3150 4811 nam
3177 4759 3331 4812 virtus
3365 4776 3500 4814 mea
3532 4763 3591 4815 in
3618 4761 3760 4829 inﬁr-

2137 4850 2308 4903 mitate
2331 4849 2680 4920 perﬁci/udi
2701 4849 2818 4904 Cor.
2849 4849 2935 4905 12.
2960 4851 3039 4921 9).
3058 4850 3223 4920 Majas
3249 4851 3356 4908 hoc
3389 4865 3528 4908 erat
3548 4897 3564 4920 ,
3599 4869 3757 4924 quam

2135 4944 2382 4998 claudum
2407 4945 2630 5013 erigere.
2663 4943 2901 4998 Gentiles
2920 4943 3133 5014 quidem
3159 4954 3215 4998 ut
3240 4945 3386 5000 deos
3436 4945 3758 5011 habebant;

2136 5033 2189 5090 hi
2214 5052 2342 5090 vero
2365 5036 2739 5106 persuadentes
2771 5035 2968 5101 turbis,
2996 5045 3280 5091 traxerunt
3306 5037 3523 5105 illum;
3583 5055 3760 5108 neque

2133 5129 2276 5184 enim
2322 5127 2615 5182 verisimile
2685 5138 2768 5182 est
2809 5142 2997 5182 omnes
3025 5129 3075 5182 in
3123 5141 3309 5182 eorum
3366 5129 3761 5187 admiratione

2133 5221 2315 5276 fuisse.
2366 5220 2432 5273 Et
2458 5218 2596 5286 vide,
2634 5223 2685 5272 in
2714 5219 2898 5273 eadem
2921 5220 3030 5287 ipsa
3059 5220 3292 5282 civitate,
3322 5219 3392 5275 in
3429 5236 3550 5291 qua
3599 5222 3759 5276 sicin

2131 5314 2480 5368 admiratione
2507 5315 2738 5376 fuerunt,
2765 5313 2943 5382 gravia
2974 5314 3262 5382 patiuntur.
3287 5311 3364 5368 Et
3397 5315 3516 5372 hoc
3539 5329 3760 5387 qunque

2133 5407 2431 5462 videntibus
2479 5407 2740 5475 proderat.
2793 5405 2942 5472 Quod
2984 5415 3160 5460 autem
3203 5405 3299 5459 hac
3333 5406 3415 5459 de
3443 5424 3623 5462 causa
3655 5407 3758 5476 pati

2133 5500 2562 5570 permitteretur,
2597 5497 2717 5551 audi
2762 5498 2906 5550 illum
2936 5495 3038 5549 hoc
3084 5497 3254 5566 ipsutn
3294 5494 3709 5552 declarantem
3743 5512 3754 5548 :

2132 5589 2216 5644 Ne
2252 5589 2363 5660 quis
2403 5607 2481 5642 me
2518 5589 2762 5642 existimet
2783 5605 2936 5658 supra
2976 5588 3049 5654 id,
3079 5588 3214 5657 quod
3251 5589 3400 5642 videt
3433 5591 3494 5643 in
3520 5607 3630 5656 me,
3672 5599 3758 5641 aut

2131 5682 2322 5753 aliquid
2342 5683 2480 5735 audit
2504 5698 2564 5735 ea:
2590 5699 2665 5734 me
2689 5681 2761 5752 (2.
2788 5677 2906 5736 Cor.
2937 5680 3026 5736 12.
3057 5683 3135 5748 6).

2201 5777 2356 5831 Pauli
2393 5777 2576 5846 fervor.
2605 5805 2676 5815 —-
2707 5773 2793 5831 19.
2816 5773 3251 5830 Circumdantibus
3289 5785 3495 5828 autem
3524 5791 3648 5828 eum
3679 5774 3756 5825 di-

2129 5869 2352 5941 scipttlis,
2386 5885 2591 5940 surgens
2615 5869 2816 5924 intravit
2845 5864 3322 5924 civitalent.Viden'
3350 5865 3753 5924 alacritatem!
