4100 6354
204 313 318 370 227

203 425 271 480 ἀ)
282 425 352 477 λὰ
379 424 669 494 νοημάτων
694 423 785 476 καὶ
801 423 1118 492 φιλοσοφίας
1131 423 1374 494 δύναμις,
1397 425 1492 478 κα)⁸
1519 425 1683 479 παντὶ
1703 424 1883 495 ῥᾴδιον

205 519 390 570 εἰπεῖν
417 518 513 568 καὶ
541 513 892 582 ἀπαγγεῖλαι,
924 513 1042 577 πῶς
1061 513 1158 566 οὐκ
1185 513 1332 580 ἄξιος
1365 513 1512 586 [240]
1549 514 1882 584 κατηγορίας

202 606 236 659 ὑ
289 604 368 672 μὴ
418 601 670 671 δυνηθεὶς
703 603 879 654 είπεῖν
916 601 1016 670 τὴν
1060 600 1240 655 αἰτίαν
1265 640 1280 663 ,
1332 601 1399 653 δι’
1433 603 1500 671 ἦν
1528 601 1754 672 ἐπῄνεσε
1793 599 1882 653 τὸν

203 692 472 757 λέγονταζ
514 690 682 742 Οὐδὲν
715 687 857 741 οὕτω
889 688 1097 758 πρέπον
1127 687 1393 757 ἐκκλησίᾳ
1421 687 1494 750 ὡς
1517 688 1660 758 σιγὴ,
1689 688 1764 750 ὡς
1788 688 1882 740 εύ-

201 777 390 841 ταξία.
416 777 681 845 Θεάτροις
709 775 1010 846 ἐπιτήδειος
1031 776 1062 827 6
1089 774 1314 844 θόρυϐος
1343 775 1438 828 καὶ
1469 775 1767 844 βαλανείοις
1786 774 1882 828 καὶ

209 867 465 933 πομπαῖς
501 863 598 914 καὶ
622 863 852 933 ἀγοραῖς
875 878 888 892 ·
915 860 1043 914 ἔνθα
1073 861 1129 913 δὲ
1161 862 1290 932 περὶ
1321 860 1572 914 τοιούτων
1598 861 1882 931 δογμάτων

203 953 239 1019 ἠ
280 949 644 1010 διδασκαλία,
685 948 892 1018 γαλήνη
930 946 1022 1000 καὶ⁵
1060 947 1256 1017 ἡσυχία
1295 948 1389 1000 καὶ
1438 948 1753 1016 φιλοσοφία,
1787 949 1882 1000 καλ¹

205 1036 380 1098 πολὺς
404 1038 433 1088 ὁ
457 1036 628 1106 λιμὴν
657 1031 797 1088 εἶναι
823 1036 1046 1104 ὀφείλει.
1070 1035 1255 1088 Ταῦτα
1281 1023 1475 1105 δέομαί
1495 1037 1590 1090 καὶ
1616 1036 1882 1090 ἀντιϐολῶ

208 1123 424 1184 πάντας
448 1122 670 1176 εἰδέναι.
704 1122 958 1193 Περίειμι
1002 1121 1109 1194 γὰρ
1142 1123 1235 1175 καὶ
1279 1123 1439 1185 αὐτὸς
1478 1123 1713 1194 τρόπους
1745 1141 1882 1178 παν-

205 1209 390 1272 τοίους
416 1207 714 1278 ἐπιζητῶν,
737 1210 805 1261 δι’
838 1203 912 1262 ὧν
942 1209 1216 1278 ὠφελῆσαι
1241 1209 1537 1280 δυνήσομαι
1559 1209 1658 1273 τὰς
1687 1209 1882 1280 ύμετέυ

209 1314 312 1366 ρας
344 1296 550 1365 ψυχάς.
581 1297 655 1349 Οὐ
685 1295 879 1365 μικρὸς
912 1297 1006 1350 καὶ
1034 1291 1187 1358 οὗτος
1218 1297 1245 1348 6
1269 1297 1468 1366 τρόπος
1498 1292 1636 1349 εἷναί
1674 1314 1765 1366 μοι
1793 1297 1881 1351 δο-

210 1385 300 1436 κεῖ
321 1398 338 1411 ο
367 1383 471 1452 οὐχ
502 1383 645 1452 ὑμᾶς
677 1380 952 1452 ὠφελήσει
995 1382 1188 1452 μόνους
1211 1424 1224 1445 ,
1271 1382 1407 1437 ἀλλὰ
1439 1383 1530 1435 καὶ
1561 1384 1725 1452 ἡμᾶς.
1768 1385 1882 1439 υύκ

213 1471 416 1538 ἀφήσει
451 1469 970 1539 ἐκτραχηλίζεσθαι,
999 1468 1120 1522 οὐδέ
1149 1470 1387 1523 ἐπαίνων
1411 1480 1501 1522 καὶ
1527 1470 1685 1540 δόξης
1712 1473 1844 1544 ἓρᾷν
1861 1512 1878 1537 ,

214 1557 333 1609 οὐδὲ
367 1555 438 1609 τά
467 1556 738 1627 τέρποντα
768 1555 966 1625 λέγειν,
993 1556 1126 1609 ἀλλὰ
1151 1556 1220 1610 τὰ
1243 1557 1578 1625 ὠφελοῦντα·
1606 1559 1725 1612 οὐδὲ
1753 1561 1880 1631 περὶ

218 1642 498 1712 συνθήκας
521 1642 614 1695 καὶ
637 1642 807 1712 κάλλη
836 1641 1054 1707 λέξεων,
1083 1643 1218 1696 ἀλλά
1247 1643 1376 1714 περὶ
1401 1644 1686 1714 νοημάτων
1719 1645 1879 1698 δύνα-

219 1747 307 1799 μιν
355 1731 540 1782 πᾶσαν
587 1729 917 1800 ἀπασχολεῖν
955 1729 1049 1782 τοῦ
1087 1730 1280 1801 καιροῦ
1311 1731 1407 1800 τὴν
1445 1732 1635 1802 ῥοπήν.
1663 1732 1882 1786 Εῐσελθε

218 1817 295 1876 είς
325 1817 692 1885 ζωγραφεῖον,
719 1816 815 1870 καὶ
838 1815 957 1885 ὄψει
982 1815 1182 1886 πολλὴν
1204 1819 1320 1870 ἐκεῖ
1347 1820 1445 1884 τὴν
1469 1819 1648 1889 σιγήν.
1675 1819 1882 1874 Οὐκοῦν

215 1903 308 1956 καὶ
365 1903 640 1956 ἐνταῦθα’
665 1902 760 1956 καὶ
805 1902 915 1973 γὰρ
957 1904 1050 1956 καὶ
1090 1904 1322 1958 ἐνταῦθα
1362 1904 1575 1968 είκόνας
1601 1905 1883 1977 γράφομεν

215 1988 509 2058 βασιλικὰς
532 2029 548 2053 ,
577 1989 672 2042 καὶ
700 1988 953 2058 οὐδεμίαν
996 1990 1267 2061 ἰδιωτικὴν
1291 2030 1305 2054 ,
1335 1991 1422 2044 διὰ
1447 1991 1554 2045 τῶν
1578 1995 1883 2063 χρωμάτων

212 2078 312 2148 τῆς
343 2077 572 2150 ἀρετῆς.
607 2078 674 2130 Τί
705 2076 893 2143 τοῦτο;
927 2077 1087 2132 πάλιν
1121 2082 1394 2150 κροτεῖτε;
1421 2079 1534 2132 Οὐκ
1568 2077 1787 2133 εὔκολον
1823 2080 1884 2135 τὸ

1147 308 1214 363 ΙΝ
1257 308 1440 364 ACTA
1478 307 2020 367 APOSTOLORUM.
2049 305 2285 362 HOMIL.
2328 306 2518 359 XXXI.

3532 310 3640 362 2'18

1989 421 2225 492 πρᾶγμα
2270 419 2449 484 δοκεῖ,
2505 417 2600 472 καὶ
2628 417 2784 472 τοῦτο
2811 419 2874 471 οὐ
2908 419 3086 487 φύσει,
3113 419 3248 476 ἀλλὰ
3281 423 3360 493 τῷ
3386 427 3644 498 συνηθείᾳ.

1983 509 2151 580 πολλῇ
2215 509 2382 578 μήπω
2441 507 2742 578 κατορθοῦν
2799 507 2930 562 αὐτὸ
2983 509 3383 579 μεμαθηκέναι.
3437 513 3645 585 Γραφὶς

1981 597 2158 650 τοίνυν
2192 597 2342 648 ἐστὶν
2379 597 2512 666 ἡμῖν
2552 595 2788 663 γλῶττα,
2828 597 3076 665 τεχνίτης
3108 595 3269 650 δέ.τύ
3319 601 3539 671 Πνεῦμα
3583 601 3646 655 τὸ

1984 683 2159 750 ἅγιον.
2216 680 2350 734 Είπέ
2377 699 2502 749 μοι,
2534 683 2592 733 ἐν
2616 683 2727 743 τοῖς
2760 685 3078 753 μυστηρίοις
3103 722 3118 747 ,
3170 688 3243 755 μή
3273 703 3357 749 τις
3383 686 3642 758 θόρυϐοςς

1985 771 2058 840 μή
2113 785 2197 831 τις
2246 768 2496 838 ταραχής
2532 769 2699 821 Ὅταν
2757 768 3163 840 βαπιζιῦμεθα,
3218 774 3344 828 ὅταν
3390 773 3459 828 τά
3510 775 3646 830 ἄλλα

1982 857 2157 910 πάντα
2210 855 2471 925 ποιῶμεν,
2525 856 2620 926 ούχ
2668 856 2868 927 ήσυχία
2919 858 3013 911 καὶ
3062 859 3188 930 σιγὴ
3233 862 3301 914 τά
3341 863 3518 917 πάντα
3547 879 3645 916 κα-

1981 944 2124 1013 τέχει
2153 955 2214 1005 εις
2249 941 2418 995 Τοῦτο
2467 944 2524 996 ἐν
2570 942 2649 1013 τῷ
2680 945 2896 1016 οὐρανῷ
2925 946 3301 1021 κατέσπαρται
3333 950 3394 1003 τὸ
3426 950 3642 1014 κάλλος.

1981 1032 2080 1085 Διὰ
2126 1029 2287 1082 τοῦτο
2329 1029 2734 1100 διαϐεϐλήμεθα
2781 1033 2875 1086 καὶ
2927 1035 3058 1104 παρ’
3088 1035 3366 1106 Ἕλλησιν,
3399 1037 3477 1102 ὼς
3509 1039 3647 1108 πρὸς

1981 1114 2241 1179 ἐπίδειξιν
2276 1115 2453 1168 πάντα
2498 1116 2778 1180 ποιοῦντες
2811 1119 2904 1172 καὶ
2951 1121 3088 1190 πρὸς
3129 1122 3462 1194 φιλοτιμίαν.
3507 1123 3645 1177 Ἀλλ’

1981 1202 2076 1254 ἐάν
2101 1203 2257 1256 τοῦτο
2287 1202 2536 1274 κωλυθῇ,
2563 1204 2658 1258 καὶ
2684 1203 2794 1260 τῶν
2840 1207 3140 1278 προεδριῶν
3169 1211 3198 1262 6
3226 1209 3366 1281 ἔρως
3413 1210 3648 1279 σϐεσθῆ-

1983 1307 2157 1344 σεται.
2193 1292 2379 1362 Ἀρκεῖ
2401 1333 2416 1357 ,
2449 1292 2504 1344 εί
2524 1309 2607 1356 τις
2629 1292 2864 1346 ἐπαίνων
2887 1296 2988 1365 ἐρᾷ
3010 1337 3024 1360 ,
3063 1296 3124 1349 τὺ
3153 1298 3292 1366 μετὰ
3314 1297 3412 1369 τὴν
3445 1297 3648 1370 ἀκρόα-

1983 1393 2067 1430 σιν
2107 1378 2310 1431 τούτων
2357 1379 2689 1448 τυγχάνειν,
2746 1381 2875 1434 ὅταν
2917 1382 3042 1445 τοὺς
3092 1385 3335 1454 καρποὺς
3393 1384 3646 1456 συλλέγει.

1981 1463 2090 1516 Ναὶ
2137 1464 2435 1534 παρακαλῶ
2463 1506 2477 1530 ,
2549 1465 2889 1537 κυρώσωμεν
2929 1470 3114 1522 τοῦτον
3159 1471 3251 1523 τὸν
3293 1470 3454 1540 νόμον
3482 1513 3498 1537 ,
3556 1471 3646 1524 ἵνα

1981 1549 2161 1604 πάντα
2194 1551 2337 1604 κατὰ
2373 1551 2432 1604 τὸ
2465 1552 2542 1622 τῷ
2591 1553 2710 1622 Θεῷ
2738 1554 2929 1608 δοκοῦν
2961 1557 3289 1626 πράττοντες
3313 1597 3328 1619 ,
3378 1558 3478 1626 τῆς
3515 1557 3646 1627 παρ’

1989 1637 2152 1690 αὐτοῦ
2192 1639 2602 1709 φιλανθρωπίας
2632 1639 2984 1711 ἁξιωθῶμεν,
3017 1645 3198 1713 χάριτι
3226 1645 3320 1697 καὶ
3343 1645 3649 1714 οίκτιρμοῖς
3733 1691 3738 1694 .

1987 1726 2082 1780 τοῦ
2107 1727 2441 1794 Μονογενοῦς
2469 1728 2656 1793 αὐτοῦ,
2686 1730 2887 1800 Κυρίου
2916 1731 2972 1784 δὲ
3003 1735 3034 1803 ή
3045 1733 3159 1802 μῶν
3189 1731 3361 1803 Ἰησοῦ
3389 1732 3646 1803 Χριστοῦ,

1993 1814 2113 1883 μεθ’
2143 1806 2202 1866 οῦ
2227 1814 2306 1884 τῷ
2325 1815 2503 1884 Πατρὶ
2531 1815 2645 1885 ἅμα
2665 1816 2742 1886 τῷ
2775 1817 2914 1887 ἁγίῳ
2947 1819 3223 1890 Πνεύματι
3255 1819 3401 1884 δόξα,
3425 1818 3648 1889 κράτος,

1983 1902 2154 1972 τιμὴ,
2203 1901 2297 1955 νῦν
2336 1903 2428 1955 καὶ
2457 1902 2547 1956 ἀεὶ
2573 1943 2588 1968 ,
2623 1905 2716 1957 καὶ
2748 1907 2826 1968 είς
2869 1906 2993 1970 τοὺς
3031 1908 3232 1972 αἰῶνας
3278 1908 3386 1961 τῶν
3415 1907 3646 1962 αἰώνων.

1997 1988 2190 2041 Ἀμήν.

2063 2005 2190 2059 μην.

2049 2170 2074 2199 ⁸
2108 2168 2205 2220 Alii
2249 2177 2358 2234 σιγῇ
2393 2172 2452 2220 τὰ
2489 2171 2644 2221 πάντα
2674 2173 2989 2238 κεκόσμηται.

3209 2297 3535 2312 -Ἇ

1659 2370 1810 2443 [2M]
1846 2371 2090 2424 ΟΜΙΛΙΑ
2120 2369 2238 2426 AA'.

222 2463 622 2527 Ἀκούσαντες
645 2459 714 2514 δὲ
741 2462 796 2515 οἱ
827 2460 1154 2515 ἀπόστολοι
1175 2460 1481 2528 Βαρνάϐας
1505 2461 1602 2515 καὶ
1625 2463 1883 2528 Παῦλος,

283 2550 724 2618 διαρρήξαντες
797 2547 872 2602 τὰ
934 2548 1132 2618 ἱμάτια
1191 2548 1428 2612 αὐτῶν,
1499 2550 1888 2618 ἐξεπήδησαν

284 2640 378 2702 εις
413 2637 524 2689 τὸν
562 2636 771 2703 ὄχλον,
801 2632 1104 2704 κράζοντες
1137 2636 1233 2688 καὶ
1285 2635 1587 2703 λέγοντες,
1620 2637 1884 2706 Ἀνδρες,

285 2725 346 2778 τί
422 2723 612 2776 ταῦτα
694 2722 954 2785 ποιεῖτες
1053 2723 1227 2790 ἡμεῖς
1293 2723 1666 2791 ὁμοιοπαθεῖς
1746 2723 1888 2793 ὑμῖν

284 2813 481 2878 ἐσμεν
549 2809 844 2876 ἄνθρωποι
869 2848 890 2872 .,
961 2809 1463 2878 εὐαγγελιζόμενοι
1538 2811 1695 2880 ὑμᾶς
1768 2811 1887 2865 ἀπὸ

283 2895 521 2948 τούτων
572 2888 688 2945 τῶν
724 2892 989 2960 ματαίων
1028 2892 1408 2962 ἐπιστρέφειν
1448 2894 1547 2946 ἐπὶ
1592 2895 1699 2946 τὸν
1739 2893 1889 2946 Θεὸν

286 2981 401 3036 τὸν
433 2978 660 3044 ζῶντα,
727 2978 795 3044 ὃς
835 2979 1085 3045 ἐποίησε
1139 2978 1246 3033 τὸν
1299 2980 1560 3049 οὐρανὸν
1618 2980 1717 3034 καὶ
1773 2979 1889 3047 τὴν

293 3067 419 3138 γῆν
497 3067 599 3120 καὶ
671 3064 785 3134 τὴν
840 3065 1159 3121 θάλασσαν
1183 3105 1198 3130 ,
1259 3067 1356 3121 καὶ
1424 3066 1620 3121 πάντα
1679 3067 1752 3120 τὰ
1819 3066 1889 3119 ἐν

283 3154 517 3219 αὐτοῖς.

285 3241 360 3294 α’.
411 3241 554 3311 Ὅρα
606 3238 782 3292 πάντα
815 3235 952 3308 μετὰ
996 3235 1352 3307 σφοδρότητος
1391 3236 1520 3294 τοὺς
1558 3236 1888 3301 ἀποστόλους

217 3328 534 3391 ποιοῦντας.
586 3325 883 3398 Διέρῤηξαν
912 3325 979 3378 τὰ
1028 3324 1241 3394 ἱμάτια,
1270 3323 1566 3394 ἐπήδησαν,
1617 3323 1886 3396 ἔκραξαν,

220 3418 401 3470 πάντα
427 3415 538 3468 άπὸ
565 3413 854 3475 διαθέσεως
904 3410 1102 3481 ψυχῆς.
1141 3411 1603 3480 ἀποστρεφόμενοι
1631 3411 1700 3464 τά
1736 3411 1888 3479 γενό-

222 3519 383 3572 μενα,
435 3501 531 3554 καὶ
583 3500 810 3562 πένθους
841 3502 1043 3569 σημεῖα
1091 3497 1382 3560 ποιοῦντες.
1417 3497 1614 3560 Πένθος
1650 3497 1760 3570 γὰρ
1796 3494 1884 3569 ἦν,

217 3591 391 3652 εντως
430 3587 628 3650 πένθος
675 3585 1124 3658 ἀπαραμύθητον,
1155 3586 1294 3653 εἴγε
1325 3585 1546 3654 ἔμελλον
1589 3585 1701 3638 θεοὶ
1735 3586 1888 3656 νομί-

219 3678 434 3742 ζεσθαι,
480 3676 572 3728 καὶ
601 3674 1040 3744 εἰδωλολατρείαν
1091 3673 1351 3742 είσάγειν,
1392 3675 1456 3744 ἣν
1478 3669 1638 3744 ἦλθον
1668 3672 1890 3726 καταλύ·

219 3783 430 3828 σοντες.
501 3763 614 3818 Καὶ⁸
671 3762 828 3816 τοῦτο
884 3761 976 3814 τοῦ
1030 3762 1274 3815 διαϐόλου
1324 3757 1390 3832 ἦν
1441 3760 1888 3830 κατασκεύασμα.

221 3857 284 3905 Οἱ
311 3854 369 3906 δὲ
399 3854 500 3922 οὐχ
533 3851 919 3921 ἡσυχάζουσιν,
949 3851 1084 3903 ἀλλὰ
1128 3849 1212 3915 τί;
1266 3850 1375 3902 Καὶ
1408 3849 1580 3915 ἡμεῖς
1611 3852 1893 3918 ὁμοιοπα-

219 3941 347 4006 Θεῖς
373 3939 516 4007 ὑμῖν
543 3939 751 4008 ἐσμεν,
792 3939 976 4007 φασὶν,
1004 3937 1317 4006 ἅνθρωποι.
1366 3936 1580 3999 Εὐθέως
1617 3938 1681 3989 ἐκ
1710 3953 1893 4006 προοι-

223 4030 367 4099 μίων
393 4026 695 4097 ἀνέτρεψαν
727 4025 788 4080 τὸ
824 4026 1012 4080 κακόν.
1065 4026 1179 4078 Οὐκ
1223 4021 1374 4077 εἷπον
1401 4023 1602 4089 ἁπλῶς,
1635 4025 1891 4092 Ἀνθρω-

223 4134 350 4177 ποι,
384 4113 543 4178 ἀλλὰ,
591 4113 729 4167 Καθ’
754 4112 928 4183 ὑμᾶς.
960 4108 1091 4165 Εἶτα
1123 4113 1208 4165 ἴνα
1240 4112 1314 4183 μὴ
1343 4112 1534 4178 δόξωσι
1565 4113 1729 4181 τιμᾷν
1767 4113 1893 4175 τοὺς

225 4205 385 4266 θεοὺς
409 4242 425 4265 ,
485 4204 716 4256 ἄκουσον
785 4199 839 4254 τί
901 4200 1199 4268 ἐπάγουσιν
1241 4210 1268 4240 ι
1298 4215 1312 4229 ·
1374 4197 1892 4267 Εὑαγγελιζόμενοι

221 4290 385 4360 ὑμᾶς
449 4290 569 4344 ἀπὸ
618 4290 845 4343 τούτων
898 4287 1015 4341 τῶν
1051 4287 1319 4357 ματαίων
1371 4286 1751 4354 ἐπιστρέφειν
1795 4285 1893 4338 ἐπὶ

219 4379 338 4433 τὸν
375 4376 527 4432 Θεὸν
564 4377 672 4430 τὸν
707 4374 914 4442 ζῶντα,
949 4375 1016 4440 ὃς
1051 4375 1301 4441 ἐποίησε
1351 4377 1455 4427 τὸν
1485 4375 1746 4434 οὐρανὸν
1792 4373 1891 4427 καὶ

221 4468 344 4533 τὴν
370 4465 491 4534 τῆν
511 4464 610 4518 καὶ
630 4464 744 4531 τὴν
763 4463 1105 4525 θάλασσαν,
1132 4462 1230 4516 καί
1259 4460 1457 4514 πάντα
1483 4460 1554 4513 τὰ
1580 4461 1649 4513 ἐν
1667 4461 1887 4526 αὐτοῖς.

227 4559 373 4622 ὐρα
429 4551 664 4621 οὐδαμοῦ
697 4551 806 4604 τῶν
857 4549 1153 4622 προφητῶν
1203 4549 1636 4619 μνημονεύοντας
1677 4549 1887 4611 αὐτοὺς,

224 4644 350 4696 οὐδὲ
383 4641 661 4710 λέγοντας,
685 4641 828 4704 τίνος
856 4639 1062 4702 ἕνεκεν,
1100 4638 1316 4691 πάντων
1341 4635 1669 4706 δημιουργὸς
1696 4635 1792 4698 ὢν,
1825 4635 1894 4687 τὰ

225 4734 357 4800 ἔθνη
401 4732 614 4801 ἀφῆκεν
672 4729 976 4800 αὐτόνομα;
1031 4730 1127 4792 Ὃς
1172 4726 1242 4780 ὲν
1280 4725 1408 4791 ταῖς
1439 4723 1893 4794 παρῳχημέναις

226 4818 465 4889 γενεαῖς
488 4818 659 4871 εἴασε
690 4817 885 4871 πάντα
921 4816 994 4870 τὰ
1020 4816 1162 4882 ἔθνη
1191 4815 1550 4882 πορεύεσθαι
1576 4813 1705 4879 ταῖς
1733 4811 1894 4876 ὁδοῖς

227 4906 450 4963 αὐτῶν.
470 4906 591 4958 Ὅτι
625 4905 721 4974 μὲν
744 4905 894 4958 εἴασε
920 4903 1091 4971 λέγει,
1121 4903 1211 4955 διὰ
1237 4902 1290 4956 τί
1325 4902 1381 4954 δὲ
1415 4901 1616 4964 εἴασεν,
1651 4900 1890 4952 οὐκέτι·

227 4995 366 5055 τέως
388 4992 528 5062 πρὸς
557 4993 616 5044 τὸ
647 4994 970 5060 κατεπεῖγον
1002 4990 1236 5054 ἵσταται,
1266 4987 1499 5057 οὐδαμοῦ
1529 4986 1621 5039 τοῦ
1651 4984 1893 5056 Χριστοῦ

227 5082 290 5132 τὸ
320 5079 494 5148 ὄνομα
521 5076 708 5140 τιθείς.
749 5077 951 5132 Καίτοι
1009 5092 1074 5145 γε
1121 5077 1232 5129 οὐκ
1288 5073 1630 5142 ἀμάρτυρον
1682 5071 1900 5125 ἑαυτὸν

231 5165 491 5234 ἀφῆκεν.
531 5163 907 5234 ἀγαθοποιῶν
953 5162 1298 5231 οὐρανόθεν,
1345 5159 1490 5228 ἡμῖν
1547 5159 1760 5224 ὑετοὺς
1811 5160 1899 5211 δι-

232 5252 377 5316 δοὺς
401 5253 508 5305 καὶ
551 5251 796 5320 καιροὺς
826 5250 1244 5319 καρποφόρους
1267 5287 1282 5312 ,
1327 5244 1640 5316 ἐμπιπλῶν
1677 5245 1901 5314 τροφῆς

234 5339 331 5393 καὶ
353 5340 740 5407 εὐφροσύνης
757 5340 865 5402 τὰς
893 5338 1138 5407 καρδίας
1162 5333 1350 5405 ἡμῶν.
1383 5336 1543 5406 Ὅρα,
1563 5335 1624 5386 οὺ
1659 5333 1903 5405 βούλεται

234 5429 330 5498 τὴν
373 5425 710 5496 κατηγορίαν
735 5425 914 5478 αὐτῶν
950 5425 1204 5492 αὐξῆσαι,
1243 5422 1378 5476 ἀλλὰ
1427 5421 1624 5491 μᾶλλον
1669 5421 1763 5474 ἐπὶ
1809 5420 1900 5473 τὸν

235 5516 363 5566 Θεὸν
401 5513 465 5565 τὸ
495 5515 605 5565 πᾶν
653 5513 806 5581 ἄγειν
849 5512 1046 5574 αὐτοὺς
1075 5508 1337 5563 παιδεύει.
1379 5508 1620 5580 Ἔμαθον
1657 5508 1787 5578 γὰρ,
1818 5507 1900 5561 ὅτι

235 5603 328 5673 οὐχ
359 5601 506 5656 οὕτω
541 5601 863 5665 σπουδάζειν
898 5600 979 5653 δεῖ
1010 5599 1158 5666 ἄξιόν
1191 5617 1242 5652 τι
1276 5600 1449 5654 εἰπεῖν
1476 5599 1605 5669 περὶ
1636 5596 1794 5664 Θεοῦ,
1825 5596 1901 5661 ὡς

236 5692 292 5742 τὸ
315 5694 428 5753 τοῖς
451 5689 743 5743 ἁκούουσιν
772 5689 1066 5759 ὠφέλιμον.
1101 5688 1242 5759 Ὅρα
1273 5685 1390 5750 πῶς
1407 5684 1776 5748 λανθανόντως
1800 5684 1900 5754 τὴν

239 5777 570 5849 κατηγορίαν
587 5777 790 5848 τίθησι.
821 5778 931 5833 Καὶ
971 5777 1076 5847 μὴν
1105 5777 1152 5830 εί
1182 5773 1340 5831 τοῦτο
1369 5773 1564 5844 ἐποίει,
1605 5773 1714 5828 ἔδει
1741 5771 1903 5827 κολα.-

295 5866 320 5896 ⁶
342 5865 400 5916 Τί
421 5866 680 5932 ἐπάγουσιν
703 5867 848 5918 deest
877 5867 926 5916 in
961 5877 1076 5916 uno.
1839 5870 1843 5872 '

1990 2461 2179 2534 σθῆναι
2200 2463 2392 2527 αὐτοὺς
2421 2463 2688 2516 τοσούτων
2713 2460 3082 2524 ἀπολαύοντας
3102 2461 3343 2531 ἀγαθῶν,
3379 2465 3473 2516 καὶ
3515 2465 3650 2535 μηδὲ

1987 2549 2061 2613 ὡς
2089 2551 2291 2621 τροφέα
2326 2551 2729 2621 γνωρίσανταςο
2781 2549 2893 2602 ἀλλ’
2927 2549 2988 2601 ού
3021 2548 3168 2618 λέγει
3215 2551 3482 2621 φανερῶς,
3537 2552 3649 2604 ἀλλ’

1986 2637 2299 2700 αἰνίττεται,
2329 2639 2666 2705 Οὑρανόθεν
2711 2636 2873 2706 ἡμῖν,
2927 2635 3120 2703 λέγων,
3168 2637 3377 2703 ὑετοὺς
3423 2637 3648 2704 διδούς.

1987 2724 2144 2778 Οὕτω
2176 2726 2268 2779 καὶ
2298 2725 2326 2777 ό
2359 2724 2522 2778 Δαυῖδ
2569 2724 2784 2792 ἔλεγεν·
2859 2721 3003 2776 Ἀπὸ
3049 2723 3280 2789 καρποῦ
3327 2725 3500 2778 σίτου
3551 2725 3650 2779 καὶ

1985 2815 2154 2867 οτνου
2193 2813 2288 2866 καὶ
2311 2813 2517 2866 ἐλαίου
2549 2810 2748 2867 αὐτῶν
2773 2811 3246 2878 ὲπληθύνθησαν
3269 2828 3282 2841 ·
3329 2813 3420 2864 καὶ
3457 2813 3654 2867 πολλα-

1986 2899 2082 2971 χοῦ
2107 2901 2233 2970 περί
2264 2899 2622 2970 δημιουργίας
2661 2898 3060 2968 διαλεγόμενος,
3089 2897 3260 2950 ταῦτα
3305 2898 3517 2970 τίθησιν
3570 2903 3654 2966 είς

1989 2989 2174 3058 μέσον.
2214 2988 2323 3041 Καὶ
2359 2989 2388 3040 6
2420 2987 2688 3058 Ἱερεμίας
2734 2987 2790 3040 δέ
2848 2986 2945 3057 τὴν
2996 2985 3355 3055 δημιουργίαν
3408 2986 3651 3058 πρώτην,

1987 3071 2105 3128 εἷτα
2160 3075 2258 3146 τήν
2312 3074 2569 3146 πρόνοιαν
2624 3075 2723 3146 τὴν
2777 3072 2864 3126 διὰ
2902 3073 3009 3127 τῶν
3056 3073 3224 3125 ὑετῶν
3275 3089 3473 3142 φησιν’
3514 3074 3655 3128 ὥστε

1988 3161 2191 3215 ἐκεῖθεν
2219 3161 2646 3231 πεπαιδευμένος
2691 3160 3035 3227 διαλέγεται·
3093 3158 3454 3226 Ἐμπιπλῶν,
3497 3162 3652 3230 φησὶ,

1985 3249 2211 3318 τροφῆς
2239 3249 2335 3302 καί
2389 3249 2795 3317 εὐφροσύνης.
2841 3247 2994 3301 Μετὰ
3037 3245 3344 3316 φιλοτιμίας
3375 3249 3408 3317 ἡ
3454 3247 3652 3318 τροφή⁴

1987 3338 2046 3390 οὑ
2083 3337 2238 3407 μόνον
2267 3338 2399 3407 πρὸς
2430 3336 2781 3406 αὐτάρκειαν,
2817 3335 2937 3387 οὐδὲ
2992 3333 3125 3403 πρὸς
3153 3333 3252 3403 τὴν
3305 3333 3511 3403 χρείαν.
3545 3333 3655 3388 Καὶ

1985 3424 2172 3478 ταῦτα
2228 3423 2526 3494 λέγοντες,
2574 3425 2748 3491 μόλις
2793 3422 3182 3476 κατέπαυσαν
3233 3421 3375 3486 τοὺς
3429 3421 3655 3490 ὄχλους

1987 3511 2206 3582 τοῦμὴ
2256 3515 2421 3566 θύειν
2470 3510 2692 3576 αὐτοῖς.
2743 3510 2850 3561 Καὶ
2898 3509 3070 3578 τούτῳ
3125 3507 3359 3578 μάλιστα
3412 3507 3657 3578 ἐθαυμά-

1990 3600 2214 3669 σθησαν.
2257 3601 2418 3671 Ὁρᾷς
2461 3600 2543 3652 ὅτι
2580 3598 2712 3670 πρὸς
2732 3596 2888 3649 τοῦτο
2919 3595 3154 3656 ἵσταντο,
3187 3594 3325 3647 ὥστε
3355 3595 3656 3665 ἀνατρέψαι

1989 3687 2086 3757 τὴν
2121 3686 2314 3755 μανίαν
2369 3685 2616 3755 ἐκείνηνς
2675 3682 2969 3751 Ἐπῆλθαν
3013 3681 3081 3734 δὲ
3142 3681 3256 3734 ἀπὸ
3297 3682 3657 3749 Ἀντιοχείας

1989 3767 2086 3826 καὶ
2127 3773 2370 3827 Ἰκονίου
2407 3771 2690 3832 Ἰουδαῖοι,
2744 3769 2842 3823 καὶ
2876 3769 3196 3832 πείσαντες
3233 3767 3376 3832 τοὺς
3408 3767 3653 3835 ὄχλους,

1990 3859 2086 3910 καὶ
2110 3857 2468 3921 λιθάσαντες
2499 3856 2606 3908 τὸν
2635 3855 2895 3915 Πιιῦλον,
2917 3855 3145 3920 ἔσυραν
3179 3853 3292 3914 ἔξω
3336 3849 3443 3918 τῆς
3477 3855 3654 3903 πόλε-

1989 3962 2088 4010 ως,
2145 3944 2502 4012 νομίσαντες
2546 3943 2732 3995 αὐτὸν
2789 3940 3088 3994 τεθνάναι.
3151 3942 3355 4001 Ὄντως
3405 3939 3651 3994 διαϐόλου

1990 4031 2186 4084 τέκνα·
2233 4031 2330 4083 οὐκ
2373 4032 2430 4081 ἐν
2479 4031 2599 4091 ταῖς
2653 4027 2871 4080 πόλεσιν
2919 4027 3094 4080 αὐτῶν
3155 4026 3333 4096 μόνον,
3373 4025 3506 4080 ἀλλὰ
3558 4028 3655 4080 καὶ

1991 4118 2094 4183 ἔξω
2140 4119 2341 4172 τούτων
2370 4117 2541 4170 ταῦτα
2569 4115 2866 4178 ποιοῦντες,
2916 4114 3008 4168 καὶ
3039 4113 3306 4184 τοσαύτην
3339 4114 3654 4184 ποιούμενοι

1992 4207 2224 4278 σπουδὴν
2252 4205 2494 4258 καθελεῖν
2518 4205 2577 4258 τὸ
2603 4205 2883 4275 κήρυγμα,
2908 4203 3038 4270 ὅσην
3065 4204 3112 4255 οἱ
3143 4203 3428 4256 ἀπόστολοι
3460 4204 3654 4272 στῆσαι

1991 4295 2354 4364 ἐπειγόμενοι.
2409 4293 2512 4346 Καὶ
2550 4292 2889 4355 πείσαντες,
2923 4292 3074 4361 φησὶ,
3113 4290 3254 4356 τοὺς
3291 4291 3529 4359 ὄχλους,
3558 4287 3657 4344 καὶ

1989 4380 2348 4444 λιθάσαντες
2397 4379 2505 4431 τὸν
2551 4377 2816 4441 Παῦλον,
2851 4378 3080 4444 ἔσυραν
3106 4376 3221 4440 ἔξω
3262 4375 3372 4444 τῆς
3403 4378 3654 4444 πόλεως.

2003 4468 2266 4524 Ἐνταῦθα
2293 4466 2590 4538 πληροῦται
2620 4465 2702 4529 τὸ,
2750 4465 2943 4535 Ἀρκεῖ
2979 4481 3077 4518 σοι
3129 4465 3166 4531 ἢ
3212 4464 3384 4533 χάρις
3412 4479 3560 4533 μου·
3614 4465 3654 4532 ἡ

1986 4542 2100 4627 ’τὰρ
2144 4555 2396 4624 δύναμίς
2432 4571 2551 4623 μου
2601 4555 2671 4607 ἐν
2715 4555 2994 4620 ἀσθενείᾳ
3052 4552 3399 4605 τελειοῦται.
3457 4550 3657 4614 Μεῖζον

1990 4644 2146 4697 τοῦτο
2181 4642 2273 4695 τοῦ
2316 4645 2407 4695 τὸν
2463 4641 2634 4711 χωλὸν
2672 4644 2900 4712 ἐγεῖραι.
2958 4641 3018 4693 Οί
3081 4640 3178 4708 μὲν
3228 4635 3319 4692 οὗν
3357 4638 3554 4690 ἐθνικοὶ
3581 4637 3657 4701 ὡς

1993 4730 2145 4793 θεοὺς
2180 4729 2446 4800 ἐνόμιζον,
2468 4721 2611 4782 οῦτοι
2641 4729 2699 4782 δὲ
2744 4728 2932 4796 ἔσυρον
2963 4727 3248 4788 πείσαντες
3287 4726 3413 4787 τοὺς
3435 4723 3621 4794 ὄχλους
3640 4739 3655 4754 ο

1991 4818 2111 4872 οὐδὲ
2140 4817 2248 4886 γὰρ
2281 4817 2489 4879 πάντας
2525 4817 2669 4878 εἰκὸς
2693 4811 2760 4885 ἦν
2796 4813 3092 4883 θαυμάζειν
3126 4810 3340 4872 αὐτούς,
3394 4811 3502 4862 Καὶ
3532 4812 3656 4879 ὅρα,

1992 4908 2051 4960 ἓν
2095 4905 2228 4976 αὐτῇ
2261 4908 2325 4976 τῇ
2354 4904 2526 4965 πόλει,
2561 4905 2618 4955 ἐν
2723 4899 2894 4962 οὕτως
2951 4897 3389 4968 ἐθαυμάσθησαν,
3428 4898 3484 4951 ἐν
3520 4898 3654 4969 αὐτῇ

1988 4993 2058 5046 τὰ
2090 4993 2236 5045 δεινά
2265 4993 2550 5060 πάσχουσι.
2589 4991 2696 5042 Καὶ
2719 4987 2874 5040 τοῦτο
2921 4985 2976 5036 δὲ
3007 4987 3130 5047 τοὺς
3166 4983 3403 5055 ὁρῶντας
3433 4984 3654 5054 ὠφέλει.

1994 5079 2116 5131 Ὅτι
2163 5077 2219 5130 δὲ
2275 5077 2368 5130 καὶ
2418 5075 2505 5128 διὰ
2561 5074 2717 5128 τοῦτο
2771 5073 3123 5142 συνεχωρεῖτο
3191 5070 3439 5140 πάσχειν,
3493 5071 3656 5125 ἄκουε

1991 5165 2149 5219 τοῦτο
2175 5164 2304 5216 αὐτὸ
2331 5161 2614 5232 δηλοῦντος
2649 5161 2741 5213 καὶ
2767 5159 3014 5226 λέγοντος
3032 5175 3044 5186 ·
3081 5160 3211 5212 Ἵνα
3249 5158 3334 5228 μὴ
3361 5161 3447 5225 είς
3478 5158 3505 5198 δ
3553 5159 3659 5228 ἐμὲ

1993 5249 2312 5322 λογίσηταί
2364 5266 2454 5312 τις
2498 5247 2647 5314 ὑπὲρ
2700 5245 2730 5298 ὃ
2778 5243 2997 5310 βλέπει
3039 5262 3135 5315 με,
3169 5245 3206 5314 ἢ
3262 5246 3463 5299 ἀκούει
3492 5262 3546 5298 τι
3588 5246 3659 5308 ἐξ

1996 5340 2165 5393 ἐμοῦ.

2023 5359 2518 5481 μῗζῖάιλωσάντων
2546 5419 2614 5472 δὲ
2663 5418 2780 5472 τῶν
2819 5417 3100 5489 μαθητῶν
3144 5421 3348 5483 αὐτὸν,
3393 5415 3661 5482 ἀναστὰς

1993 5513 2278 5579 εἰσῆλθεν
2306 5512 2394 5575 είς
2420 5509 2535 5576 τὴν
2565 5509 2762 5562 πόλιν.
2797 5507 2946 5580 [ἳ-ίῖ]
2982 5509 3141 5579 Ὁρᾷς
3172 5505 3507 5576 προθυμίαν;
3529 5505 3660 5574 ὁρᾷς

1996 5603 2159 5656 πόθον
2198 5601 2386 5664 ζέοντα
2418 5597 2512 5651 καί
2566 5597 2988 5667 πεπυρωμένον;
3038 5597 3130 5658 Εἰς
3155 5594 3323 5662 αὐτὴν
3370 5591 3531 5646 πάλιν
3563 5592 3660 5659 τὴν

1997 5689 2149 5744 πόλιν
2179 5685 2443 5758 εἰσῆλθεν,
2475 5685 2612 5738 ὥστε
2641 5685 2935 5754 δειχθῆναι,
2963 5685 3044 5737 ὅτι
3079 5683 3130 5736 εί
3173 5698 3273 5735 πον
3306 5681 3400 5735 καὶ
3448 5678 3657 5750 ὑπεχώ-

2062 5855 2092 5899 ι)
2119 5854 2218 5907 Alii
2251 5857 2438 5916 ὠφέλει.
2462 5855 2542 5904 Μὴ
2565 5854 2641 5901 ἴνα
2662 5853 2741 5908 εἰς.
