4100 6354
384 256 497 316 229

391 389 497 443 ρει,
527 370 614 424 διὰ
634 368 697 423 τὸ
724 367 815 422 τὸν
848 366 1006 437 λόγον
1045 362 1327 436 βούλεσθαι
1360 361 1601 429 σπεῖραι,
1634 356 1731 411 καὶ
1755 356 1844 411 διὰ
1870 354 1934 409 τὸ
1978 354 2054 426 μὴ

387 442 500 511 δεῖν
532 456 774 510 ἐκκαίειν
799 454 977 508 αὐτῶν
1001 454 1091 506 τὸν
1121 451 1308 521 θυμόν.
1335 448 1519 501 Ταῦτα
1542 446 1652 499 τῶν
1686 442 1926 515 σημείων
1957 446 2054 513 οὐχ

388 545 550 619 ἧττον
603 547 695 599 καὶ
730 542 1144 616 λαμπροτέρους
1201 537 1392 599 ἐποίει,
1434 536 1528 589 καὶ
1583 534 1780 605 μᾶλλον
1843 532 2054 619 χαίρειν

393 617 821 705 παρεσκεύαζεν.
895 628 1144 698 Οὐδαμοῦ
1196 626 1253 678 δὲ
1308 625 1492 691 λέγει,
1561 623 1649 675 ὃτι
1710 617 2056 687 ὑπέστρεψαν

393 723 693 792 χαίροντες,
719 722 802 773 ὅτι
836 720 1035 788 σημεῖα
1071 714 1353 781 ἐποίησαν,
1387 710 1501 764 ἀλλ’
1524 711 1605 762 ὅτι
1644 706 2056 777 κατηξιώθησαν

395 810 532 880 ὑπὲρ
564 807 657 871 τοῦ
692 807 951 876 ὀνόματος
985 802 1147 856 αὑτοῦ
1189 799 1579 871 ἀτιμασθῆναι.
1622 796 1731 849 Καὶ
1760 795 1914 846 τοῦτο
1951 792 2058 862 γάρ

396 898 548 966 παρὰ
568 894 660 947 τοῦ
691 891 924 963 Χριστοῦ
960 888 1311 959 ἐδιδάχθησαν
1336 886 1617 953 λέγοντος·
1675 881 1770 948 Μὴ
1806 882 2057 949 χαίρετε,

396 982 488 1036 ὅτι
538 984 610 1036 τὰ
643 979 918 1049 δαιμόνια
949 976 1091 1045 ὑμῖν
1134 974 1563 1030 ὑποτάσσεται.
1605 972 1673 1023 Ἦ
1728 972 1837 1040 γὰρ
1893 969 2061 1031 ὅντως

397 1069 541 1141 χαρά
591 1069 684 1121 καὶ
734 1064 1031 1135 εἰλικρινὴς
1097 1062 1235 1131 αῦτη
1282 1062 1431 1121 ἐστὶ,
1490 1060 1552 1111 τὸ
1618 1058 1844 1127 πάσχειν
1879 1073 1930 1132 τι
1976 1054 2063 1107 διὰ

397 1155 650 1227 Χριστόν.
696 1150 830 1207 Εἶτα
862 1153 959 1215 τὰς
988 1151 1171 1213 πόλεις
1200 1149 1379 1209 πάσας
1419 1147 1679 1218 ἐπῄεσαν,
1708 1148 1766 1198 ἐν
1790 1141 1878 1207 αἷς
1921 1146 2064 1195 ἐκιν-

398 1244 676 1297 δύνευσαν.
712 1242 820 1295 Καὶ
849 1239 923 1307 τῇ
949 1240 1233 1304 ἐπαύριον
1256 1235 1475 1303 ἐξῆλθε
1513 1234 1634 1286 σὺν
1666 1233 1745 1297 τῷ
1790 1230 2063 1299 Βαρνάϐᾳ

398 1334 487 1398 είς
534 1329 779 1398 Δέρϐην,
835 1325 1365 1395 εὐαγγελισάμενοί
1418 1339 1480 1375 τε
1538 1322 1652 1388 τὴν
1695 1320 1874 1372 πόλιν
1912 1318 2061 1370 ἐκεί-

400 1434 553 1486 νην,
623 1415 723 1469 καί
796 1414 1283 1484 μαθητεύσαντες
1338 1410 1621 1473 ἱκανοὺς,
1678 1407 2067 1474 ὑπέστρεψαν

400 1502 490 1565 εἰς
561 1498 843 1564 Λύστραν
887 1496 986 1548 καὶ
1047 1496 1297 1549 Ἰκόνιον
1356 1493 1453 1546 καί
1505 1493 1887 1559 Ἀντιόχειαν,
1939 1492 2066 1543 ἐπι-

403 1586 779 1656 στηρίζοντες
838 1583 943 1649 τὰς
1011 1584 1214 1651 ψυχὰς
1249 1580 1368 1634 τῶν
1430 1578 1740 1647 μαθητῶν,
1797 1594 2069 1645 παρακα-

403 1675 656 1740 λοῦντες
691 1671 969 1741 ἐμμένειν
1007 1669 1078 1737 τῇ
1132 1670 1356 1729 πίστει.
1403 1669 1500 1722 καὶ
1555 1668 1643 1721 ὅτι
1694 1667 1790 1720 διὰ
1826 1666 2071 1721 πολλῶν

407 1760 673 1829 θλίψεων
698 1758 792 1812 δεῖ
824 1756 977 1827 ἡμᾶς
1003 1756 1300 1810 εἰσελθεῖν
1334 1758 1420 1821 είς
1462 1755 1575 1822 τὴν
1601 1754 1928 1818 βασιλείαν
1962 1750 2069 1804 τοῦ

414 1847 584 1900 Θεοῦ.

481 1934 546 2004 β’.
577 1931 746 1986 Τοῦτο
784 1932 966 1999 ἔλεγον
986 1970 1001 1993 ,
1027 1930 1184 1983 τοῦτο
1225 1929 1511 1983 ἐδείκνυον.
1544 1925 2069 1994 Ἐπιστηρίζοντες,

410 2021 565 2091 φησὶ,
597 2019 702 2085 τὰς
725 2018 929 2088 ψυχὰς
952 2018 1070 2071 τῶν
1112 2016 1414 2086 μαθητῶν.
1467 2016 1629 2067 Ὥστε
1694 2012 2073 2083 ἐστηριγμένοι

407 2105 581 2181 ἦσαν·
626 2107 824 2178 μᾶλλον
863 2106 919 2159 δὲ
957 2105 1353 2176 προσετίθεντο.
1392 2101 1696 2170 Προῦλεγον
1742 2099 1942 2160 τοίνυν,
1988 2096 2074 2149 ἴνα

415 2196 490 2268 μὴ
524 2193 1000 2249 σκανδαλισθῶσιν.
1032 2193 1242 2263 Ὥσπερ
1280 2190 1530 2260 ἐπίτηδες
1561 2188 1619 2240 δὲ
1656 2187 1717 2239 τὸ
1753 2184 1884 2239 αὐτὸ
1928 2184 2075 2253 γίνε-

410 2303 523 2346 ται,
558 2284 617 2336 06
673 2282 761 2335 διὰ
806 2280 914 2334 τῶν
972 2281 1283 2333 ἀποστόλων
1316 2279 1494 2348 μόνον,
1535 2276 1667 2329 ἀλλά
1700 2276 1795 2328 καὶ
1833 2274 1921 2327 διὰ
1968 2272 2077 2325 τῶν

413 2370 705 2443 μαθητῶν·
757 2369 842 2420 ἵνα
888 2367 1131 2438 μάθωσιν
1161 2368 1225 2418 ἐκ
1268 2364 1566 2436 προοιμίων
1611 2361 1811 2424 εύθέως
1856 2361 1952 2413 κοιλ⁸
1983 2358 2075 2411 τοῦ

413 2457 769 2528 κηρύγματος
798 2454 896 2525 τὴν
925 2454 1174 2524 δύναμιν,
1212 2454 1306 2505 καὶ
1349 2453 1432 2504 ὅτι
1474 2452 1567 2504 καὶ⁹
1614 2448 1810 2510 αὐτοὺς
1847 2448 1928 2500 δεῖ
1967 2463 2077 2498 τοι-

414 2546 553 2599 αῦτα
601 2545 863 2613 πάσχειν,
915 2542 1008 2594 καὶ
1080 2542 1163 2593 ἵνα
1209 2540 1470 2608 γενναίως
1522 2536 1709 2599 στῶσι,
1784 2534 1858 2604 μὴ
1920 2532 2078 2602 μόνον

414 2632 550 2702 πρὸς
590 2631 658 2684 τὰ
702 2631 899 2699 σημεῖα
943 2628 1254 2699 κεχηνότες,
1296 2626 1430 2678 ἀλλά
1477 2622 1657 2693 πολλῴ
1708 2621 1907 2692 μᾶλλον
1944 2619 2079 2690 πρὸς

414 2722 538 2783 τοὺς
563 2717 915 2789 πειρασμούς.
948 2718 1047 2768 Δια
1073 2716 1227 2769 τοῦτο
1249 2716 1341 2768 καὶ
1370 2713 1530 2775 αὐτὸς
1554 2711 1727 2779 ἔλεγε·
1766 2709 1875 2762 Τὸν
1893 2708 2080 2760 αὐτόν

414 2804 619 2878 ἀγῶνα
651 2806 914 2873 ἔχοντες,
954 2798 1082 2855 οἷον
1101 2802 1285 2855 εἴδετε
1336 2802 1407 2853 ἐν
1444 2799 1572 2868 ἐμοὶ
1614 2796 1710 2851 καὶ
1759 2796 2080 2864 ἠκούσατε.

416 2894 657 2964 Διωγμοὶ
690 2891 962 2961 διωγμοὺς
1004 2890 1331 2959 διεδέχοντοο
1381 2886 1657 2957 πανταχοῦ
1702 2885 1947 2953 πόλεμοι,
1982 2885 2085 2953 μά-

417 3000 531 3051 χαι,
571 2980 879 3034 λιθοϐολίαι.
928 2978 1063 3032 Ποία
1103 2976 1426 3048 προτροπῆς
1464 2975 1579 3038 πῶς
1618 2971 1832 3026 ἔπειθον
1860 2972 1918 3025 ὲν
1961 2988 2086 3042 προ⁶

416 3069 615 3138 οιμίοις
669 3068 875 3137 θλίψεις
907 3065 1184 3133 λέγοντες;
1224 3059 1357 3116 Ιιῖτα
1407 3062 1500 3115 καί⁵
1559 3060 1691 3130 ἄλλη
1743 3058 2080 3130 παραμυθία.

418 3152 959 3223 Χειροτονήσαντες
1014 3150 1081 3203 δὲ
1150 3149 1352 3215 αὐτοῖς
1438 3145 1880 3214 πρεσϐυτέρους
1948 3144 2086 3197 κατ’

432 3240 818 3307 Ἐκκλησίαν,
867 3235 1343 3306 προσευξάμενοι
1376 3236 1524 3302 μετὰ
1574 3230 1888 3297 νηστειῶν,
1937 3244 2087 3298 παρ-

419 3328 624 3383 έθεντο
667 3326 892 3391 αὐτοὺς
921 3323 1001 3390 τῷ
1045 3324 1257 3392 Κυρίῳ,
1303 3325 1387 3387 εἰς
1442 3321 1514 3374 ὃν
1559 3322 2083 3373 πεπιστεύκεισαν.

424 3413 577 3478 Εἶδες
642 3413 955 3484 θερμότητα
1018 3410 1263 3475 Παύλου;
1335 3407 1853 3476 Προσευξάμενοι,
1923 3406 2085 3476 φησὶ,

419 3503 570 3574 μετὰ
644 3498 941 3566 νηστειῶν
1027 3498 1348 3565 παρέθεντο
1418 3495 1642 3561 αὐτοὺς
1719 3493 1797 3559 τῷ
1876 3494 2084 3561 Κιφίῳ.

426 3589 590 3659 Ὅρα,
630 3585 769 3657 μετά
799 3584 1060 3655 νηστειῶν
1098 3584 1155 3636 αἱ
1192 3583 1533 3655 χειροτονίαι.
1564 3582 1733 3635 Πάλιν
1756 3582 1996 3652 νηστεία,
2028 3581 2089 3635 τὸ

425 3676 721 3745 καθάρσιον
761 3672 870 3724 τῶν
908 3671 1189 3742 ἡμετέρων
1215 3669 1422 3740 ψυχῶν.
1457 3669 1566 3723 Καὶ
1604 3669 1941 3733 διελθόντες
1975 3667 2091 3735 τὴν

425 3761 727 3824 Πισιδίαν,
762 3756 952 3829 ἦλθον
992 3761 1080 3825 είς
1118 3757 1479 3825 Παμφυλίαν
1500 3772 1515 3786 ·
1577 3755 1675 3809 καὶ
1708 3755 2092 3823 λαλήσαντες

425 3849 497 3902 ἐν
535 3847 726 3917 Πέργῃ
771 3848 878 3899 τὸν
921 3847 1128 3913 λόγον,
1174 3842 1566 3912 κατήντησαν
1608 3845 1694 3909 είς
1735 3841 2089 3899 Ἀττάλειαν.

429 3935 548 3989 Ἵνα
591 3934 699 4005 γὰρ
752 3934 825 4003 μὴ
871 3930 1153 4004 καταπέσῃ
1199 3929 1268 3983 τὰ
1341 3931 1666 4001 φρονήματα
1724 3930 1870 3982 τῶνα
1919 3929 2087 3999 μαθη-

428 4022 558 4086 τῶν,
589 4022 669 4073 ὂτι
708 4022 754 4073 οἱ
795 4018 1140 4089 νομιζόμενοι
1172 4019 1285 4070 θεοὶ
1309 4016 1533 4070 τοιαῦτα
1560 4017 1880 4086 πάσχουσιν,
1916 4017 2095 4087 εἰσῆλ-

431 4109 521 4161 θον
573 4108 709 4180 πρὸς
747 4107 965 4171 αὐτοὺς,
1025 4106 1117 4158 καὶ
1148 4104 1517 4173 διελέχθησαν.
1570 4104 1833 4174 Κα“ιὸρα’
1882 4103 2093 4174 πρῶτον

430 4197 510 4259 εἰς
557 4195 764 4266 Δέρϐην
813 4194 1111 4264 ἐξέρχεται,
1161 4192 1335 4254 διδοὺς
1381 4192 1562 4253 αὐτοῖς
1613 4191 1943 4245 ἀναπνεῦσαι
2000 4191 2093 4245 τοῦ

435 4282 629 4353 θυμοῦ,
678 4281 773 4333 καὶ
824 4281 944 4332 τότε
1002 4278 1164 4331 πάλιν
1195 4279 1273 4341 εἰς
1328 4278 1577 4348 Λύστραν
1620 4278 1715 4330 κοιλ⁹
1741 4279 1956 4331 Ἰκόνιον
2002 4279 2095 4332 καὶ

432 4368 787 4438 Ἀντιόχειαν,
823 4367 1178 4437 θυμουμένοις
1200 4367 1298 4437 μὲν
1319 4368 1501 4430 αὐτοῖς
1521 4367 1703 4433 εἴκων,
1728 4367 2096 4437 πεπαυμένοις

435 4455 491 4509 δὲ
516 4456 907 4525 ἐπιτιθέμενος.
935 4454 1085 4526 [245]
1129 4454 1405 4525 Ὀρᾷς,ὃτι
1435 4455 1494 4507 06
1517 4455 1691 4507 πάντα
1726 4454 1931 4525 χάριτι,
1964 4455 2098 4509 ἀλλὰ

438 4545 533 4596 καὶ
560 4544 733 4614 οἰκεία
773 4543 971 4612 σπουδῇ
1005 4541 1231 4611 διῴκουν
1256 4547 1308 4607 “;
1368 4542 1652 4595 Κάκεῖθεν
1703 4544 2099 4596 ἀπέπλευσαν

436 4636 525 4697 είς
552 4632 925 4699 Ἀντιόχειαν,
956 4629 1095 4682 ὅθεν
1114 4624 1275 4698 ἦσαν
1315 4629 1779 4698 παραδεδομένοι
1804 4629 1877 4698 τῇ
1907 4630 2098 4699 χάριτι

436 4717 541 4771 τοῦ
581 4718 725 4771 Θεοῦ
766 4719 852 4783 είς
884 4716 949 4769 τὸ
991 4716 1185 4784 ἔργον,
1216 4716 1246 4769 ὃ
1280 4716 1661 4784 ἐπλήρωσαν.
1711 4718 1809 4771 Διά
1846 4719 1899 4771 τί
1940 4717 2100 4772 πάλιν

438 4805 686 4876 ἔρχονται
722 4806 800 4867 εἰς
829 4803 1188 4873 Ἀντιόχειανς
1224 4803 1340 4856 Ἵνα
1369 4804 1742 4873 ἀπαγγείλωσι
1779 4806 1846 4858 τά
1872 4808 1987 4859 ἐκεῖ
2006 4823 2107 4874 γεσ-

437 4892 658 4962 νόμενα.
692 4892 897 4955 Ἀλλως
929 4891 985 4943 δὲ
1022 4891 1115 4943 καὶ
1157 4893 1520 4960 οἰκονομεῖται
1573 4892 1713 4961 μέγα
1759 4895 1990 4965 πρᾶγμα
2019 4897 2105 4948 ἐνο

438 4978 657 5031 τεῦθεν*
712 4977 818 5029 ἔδει
863 4978 971 5049 γὰρ
1016 4976 1199 5030 λοιπὸν
1231 4978 1371 5048 μετά
1425 4979 1737 5049 παρρησίας
1779 4983 1890 5043 τοῖς
1927 4980 2102 5033 ἔθνεσι

440 5069 751 5141 κηρύττειν.
796 5070 1086 5138 Ἔρχονται
1130 5064 1222 5121 οῦν
1270 5067 1443 5123 ταῦτα
1503 5069 1968 5138 ἀπαγγέλλοντες,
2016 5072 2102 5124 ἵνα

440 5157 638 5211 εἰδέναι
670 5155 855 5225 ἔχωσι.
899 5157 1009 5207 Καὶ
1056 5157 1417 5227 οἰκονομεῖται
1471 5158 1591 5211 τότε
1660 5158 1937 5213 κατελθεῖν
1976 5162 2102 5223 τοὺς

442 5243 751 5307 κωλύοντας
791 5245 902 5306 τοῖς
938 5242 1146 5296 ἔθνεσιν
1174 5244 1401 5313 ὁμιλεῖν,
1448 5247 1537 5299 ἵνα
1569 5246 1757 5300 λοιπὸν
1802 5246 1909 5300 ἀπὸ
1935 5248 2103 5319 Ἰερο-

443 5330 690 5403 σολύμων
720 5329 917 5400 πολλὴν
950 5328 1203 5394 λαϐόντες
1233 5330 1435 5397 ἄδειαν,
1468 5334 1605 5404 μετὰ
1636 5335 1949 5405 παρρησίας
1978 5336 2105 5389 ἀπί-

441 5436 596 5473 ωσιν.
624 5420 694 5471 Ἢ
724 5419 817 5472 καὶ
860 5418 1055 5481 άλλως,
1091 5418 1359 5473 δείκνυσιν
1389 5421 1566 5474 αὐτῶν
1597 5421 1658 5475 τὸ
1704 5418 1835 5492 ἦθος
1867 5423 1966 5476 οὐκ
2004 5422 2104 5475 αῦ-

443 5504 624 5567 οαδες.
653 5506 942 5576 Ἔρχονται
973 5504 1083 5577 γὰρ
1119 5507 1220 5576 τήν
1249 5524 1309 5560 τε
1348 5509 1659 5579 παρρησίαν
1689 5509 2103 5581 ἐνδεικνύμενοι,

443 5594 529 5650 ὅτι
564 5591 660 5647 καὶ
695 5592 862 5662 χωρὶς
909 5593 1132 5649 ἐκείνων
1162 5598 1275 5660 τοῖς
1301 5596 1510 5650 ἔθνεσιν
1554 5597 1848 5669 ἐκήρυξαν,
1886 5602 1979 5653 καὶ
2010 5599 2106 5670 τὴν

507 5822 528 5849 ⁸
544 5823 774 5893 ’ροσε-τὰ
796 5824 1009 5893 νοήματα
1030 5829 1143 5878 τῶν.
1190 5832 1237 5893 f
1249 5830 1330 5878 Sic
1342 5827 1437 5880 duo
1457 5827 1597 5879 codd.
1622 5828 1826 5891 optime.
1849 5827 2105 5893 Commel.,

440 5888 596 5942 Sull.
618 5893 673 5943 et
696 5885 863 5938 Iomf.
886 5885 1148 5949 ‘éemmw.
1188 5891 1331 5943 Ευιτ.

1178 246 1239 303 S.
1278 242 1565 301 JOANNIS
1606 236 2101 296 CHRYSOSTOMI
2140 235 2460 293 ARCII’IEP.
2498 231 3045 291 CONSTANTINOP.

3708 225 3829 281 930

2161 353 2426 425 ὑπακοὴν,
2468 355 2551 407 ὅτι
2590 353 2771 411 αὐτοῖς
2805 350 3201 420 ἀναφέρουσιν
3245 347 3304 401 06
3331 347 3439 416 γὰρ
3477 346 3552 410 ὡς
3586 346 3832 401 τοσαῦτα

2158 440 2562 512 κατορθωκότες
2604 438 3001 509 ἁπενοήθησαν.
3043 435 3222 490 Ὅθεν
3277 431 3439 504 ἦσαν
3482 433 3831 502 παραδεδοο

2151 525 2353 593 μένοι,
2386 526 2541 595 φησὶ,
2582 524 2657 594 τῇ
2688 526 2881 594 χάριτι
2911 522 3016 577 τοῦ
3047 521 3212 576 Θεοῦ.
3247 522 3354 574 Καὶ
3377 520 3479 591 μὴν
3505 521 3564 572 τὸ
3600 519 3833 588 Πνεῦμα

2159 610 2343 666 εἴπεν·
2382 614 2517 667 ἀλλὰ
2546 615 2613 666 τὰ
2646 613 2739 667 τοῦ
2800 613 3113 681 Πνεύματος
3168 606 3305 663 οἶδεν
3350 609 3478 662 ὄντα
3521 607 3614 661 τοῦ
3660 606 3821 658 Υίοῦ⁶

2161 700 2259 770 μία
2286 700 2393 771 γὰρ
2419 699 2655 765 ἐξουσία,
2678 700 2865 769 ῶσπερ
2917 700 2951 768 ἡ
3005 697 3161 767 φύσις
3200 698 3295 748 καὶ
3348 695 3477 748 Υἱοῦ
3521 695 3613 747 καὶ
3654 691 3836 745 Πνεύο

2163 804 2325 857 ματος
2350 788 2465 857 μία.
2497 788 2967 857 Παραγενόμενοι
2994 785 3061 838 δὲ
3099 785 3196 836 καὶ
3234 783 3683 850 συναγαγόντες
3712 780 3837 845 τὴν

2174 874 2555 941 Ἐκκλησίαν,
2589 876 2964 944 ἀπήγγειλαν
2997 872 3113 924 ὅσα
3130 872 3419 937 ἐποίησεν
3454 872 3487 923 ό
3524 870 3665 933 Θεὸς
3698 868 3837 935 μετ’

2161 960 2374 1020 αὐτῶν.
2423 965 2521 1015 καὶ
2563 962 2651 1015 ότι
2695 962 2938 1030 ἤνοιξεν
2977 963 3009 1014 ὁ
3063 960 3204 1024 Θεὸς
3246 958 3369 1023 τοῖς
3402 957 3606 1011 ἔθνεσι
3640 958 3840 1023 θύραν

2163 1051 2437 1117 πίστεως.
2466 1050 2759 1119 Διέτριὸον
2797 1050 2865 1102 δὲ
2912 1048 3041 1102 ἐκεῖ
3065 1048 3285 1117 χρόνον
3320 1048 3430 1099 οὐκ
3460 1045 3665 1114 ὀλίγον
3709 1045 3842 1095 σὺν

2162 1139 2287 1202 τοῖς
2321 1138 2632 1207 μαθηταῖς.
2674 1138 2945 1200 Εἰκότως·
2994 1136 3204 1207 μεγάλη
3255 1135 3364 1203 γάρ
3399 1128 3533 1185 οὖσα
3574 1136 3606 1201 ἡ
3653 1132 3836 1192 πόλις,

2165 1226 2331 1278 ἐδεῖτο
2363 1226 2712 1280 διδασκάλων.
2739 1225 2964 1294 Ἰδωμεν
2992 1224 3176 1276 λοιπὸν
3204 1223 3407 1275 ἄνωθεν
3432 1221 3499 1271 τὰ
3534 1218 3838 1288 εἰρημένα.

2166 1313 2313 1382 Αύτῇ
2336 1315 2401 1383 τῇ
2427 1312 2546 1381 ὄψει
2568 1313 2594 1351 b
2619 1311 2961 1379 κατέπληξαν
2989 1311 3183 1371 αὐτοὺς
3208 1308 3591 1381 διαρρήξαντες
3620 1305 3687 1356 τά
3708 1304 3844 1373 ίμά’

2166 1416 2271 1453 τια.
2307 1399 2476 1451 Τοῦτο
2523 1402 2616 1453 καὶ
2660 1397 2863 1468 Ἰησοῦς
2894 1400 2922 1450 ὁ
2953 1398 3044 1449 τοῦ
3074 1396 3227 1467 Ναυὴ
3258 1396 3428 1447 ἐποίει
3470 1394 3561 1445 ἐπὶ
3595 1395 3661 1462 τῇ
3692 1394 3846 1464 ἥττῃ

2167 1484 2259 1538 τοῦ
2288 1485 2437 1539 λαοῦ.
2462 1486 2552 1556 Μὴ
2578 1486 2754 1538 τοίνυν
2777 1486 3000 1555 νομίσῃς
3039 1483 3254 1548 ἀνάξιον
3283 1481 3463 1534 αὐτῶν
3487 1477 3620 1533 εἶναι
3650 1479 3843 1541 τοῦτο,

2169 1574 2376 1643 καὶτῆς
2410 1574 2725 1635 εὐσταθείας
2760 1572 2967 1626 αὐτῶν·
3011 1571 3111 1623 ούκ
3151 1570 3216 1623 ἂν
3248 1572 3356 1640 γάρ
3395 1568 3567 1630 ἄλλως
3607 1567 3848 1637 ἐπέσχον

2168 1663 2266 1731 τὴν
2298 1661 2565 1732 τοσαύτην
2593 1662 2789 1731 ὁρμὴν,
2818 1661 2916 1711 ούκ
2945 1659 3007 1712 ἂν
3036 1658 3215 1719 ἄλλως
3242 1658 3338 1725 τὴν
3367 1656 3544 1726 πυρὰν
3580 1655 3844 1709 ἔσϐεσαν.

2172 1749 2339 1802 ’Όταν
2364 1745 2455 1802 οὖν
2497 1767 2548 1801 τι
2597 1750 2689 1819 δέῃ
2731 1748 2839 1800 τῶν
2895 1748 3122 1799 δεόντων
3167 1743 3439 1812 γενέσθαι,
3498 1743 3632 1812 μηδέ
3671 1746 3847 1812 ἡμεῖς

2173 1836 2585 1906 παραιτώμεθα.
2616 1838 2677 1889 Εἰ
2698 1835 2875 1888 τοίνυν
2903 1838 2996 1888 καὶ
3035 1832 3171 1903 μετά
3204 1832 3377 1884 ταῦτα
3411 1831 3558 1901 μόλις
3580 1831 3845 1896 ἔπεισαν,

2174 1924 2221 1975 εί
2257 1925 2330 1993 μὴ
2364 1923 2534 1985 οὕτως
2562 1925 2904 1994 εἰργάσαντο,
2930 1922 2980 1974 τί
3007 1922 3107 1974 οὐκ
3136 1921 3201 1973 ἂν
3234 1921 3447 1989 ἐγένετο
3474 1937 3487 1985 ;
3532 1920 3593 1973 Et
3622 1920 3731 1989 γάρ
3765 1918 3853 1989 μὴ

2174 2012 2344 2075 οὕτως
2391 2013 2670 2081 ἐποίησαν,
2720 2011 3080 2081 ἐνομίσθησαν
3133 2010 3198 2062 ἄν
3261 2026 3373 2071 πως
3425 2008 3849 2079 ὑψηλοφρονεῖν,

2175 2100 2270 2151 καὶ
2310 2100 2508 2170 μᾶλλον
2538 2098 2780 2167 ἐφίεσθαι
2813 2099 2909 2168 τῆς
2936 2101 3122 2167 τιμῆς.
3169 2098 3279 2149 Καὶ
3304 2098 3402 2167 ὅρα
3434 2096 3525 2149 τὸν
3555 2096 3710 2162 λόγον
3743 2112 3854 2163 με-

2179 2186 2514 2256 μετρημένον
2558 2188 2614 2237 ἐν
2649 2188 2716 2255 τῇ
2764 2182 3070 2253 ἐπιπλήξει,
3125 2184 3218 2235 καὶ
3256 2183 3530 2253 θαύματος
3570 2181 3704 2252 ὁμοῦ
3750 2182 3857 2249 γέ-

2180 2290 2346 2343 μοντα
2374 2275 2464 2326 καὶ
2494 2272 2850 2343 ἐπιπλήξεως.
2889 2271 2930 2324 Τ
2935 2272 3059 2324 οῦτο
3084 2272 3319 2341 μάλιστα
3342 2271 3536 2331 αὐτοὺς
3578 2269 3855 2337 ἐκώλυσε,

2176 2360 2237 2413 τὸ
2253 2363 2445 2424 εἰπεῖν,
2471 2362 2578 2414 Καὶ
2614 2360 2782 2428 ἡμεῖς
2803 2359 3175 2424 ὁμοιοπαθεῖς
3212 2360 3399 2427 ἐσμεν
3434 2357 3577 2426 ὑμῖν
3625 2358 3863 2424 ἄνθρω-

2178 2463 2300 2513 ποι,
2320 2447 2823 2518 εὐαγγελιζόμενοι
2846 2445 2999 2515 ὑμᾶς
3025 2446 3143 2499 ἀπὸ
3179 2445 3295 2498 τῶν
3319 2447 3584 2514 ματαίων
3615 2446 3859 2498 τούτων

2178 2534 2558 2602 ἐπιστρέφειν
2590 2533 2688 2586 ἐπὶ
2724 2532 2831 2585 τὸν
2870 2534 3035 2586 Θεόν.
3084 2532 3227 2584 Ὠσεὶ
3270 2532 3480 2600 ἔλεγον*
3531 2532 3857 2601 Ἄνθρωποι

2185 2620 2281 2690 μέν
2311 2623 2497 2690 ἐσμεν,
2530 2621 2679 2688 φησί,
2711 2622 2916 2673 τούτων
2944 2621 3001 2674 δὲ
3031 2620 3278 2689 μείζους·
3312 2620 3483 2672 ταῦτα
3514 2620 3622 2687 γὰρ
3649 2619 3854 2686 νεκρά.

2186 2705 2323 2775 Ὅρα
2361 2708 2555 2768 αὐτοὺς
2591 2707 2689 2759 οὐκ
2737 2707 3138 2777 ἀνατρέποντας
3189 2706 3368 2776 μόνον,
3411 2705 3546 2758 ἀλλὰ
3582 2706 3674 2756 καὶ
3700 2705 3860 2756 διδά-

2185 2810 2428 2858 σκοντας,
2469 2794 2562 2846 καὶ
2597 2794 2747 2847 οὐδὲν
2796 2796 2921 2865 περὶ
2975 2794 3217 2864 ἀοράτων
3275 2793 3694 2863 φθεγγομένους.
3740 2796 3861 2858 Ὃς

2182 2882 2452 2948 ἐποίησε,
2500 2882 2665 2952 φησὶ,
2699 2883 2805 2934 τὸν
2842 2884 3102 2949 οὐρανὸν
3137 2880 3237 2934 καὶ
3282 2881 3397 2947 τὴν
3430 2880 3547 2950 γῆν
3587 2881 3683 2933 καὶ
3728 2882 3861 2948 τὴν

2185 2970 2520 3033 θάλασσαν,
2547 2968 2643 3021 καί
2674 2968 2869 3022 πάντα
2896 2970 2966 3022 τὰ
2991 2971 3060 3023 ἐν
3090 2967 3313 3033 αὺτοῖς.
3335 2970 3629 3038 Μάρτυρας
3650 2969 3859 3032 αὐτοὺς

2185 3056 2329 3125 λέγει
2354 3057 2478 3120 τοὺς
2507 3058 2803 3121 ἐνιαυτούς.
2838 3057 2900 3111 Ὦ
2927 3060 3026 3125 τῆς
3061 3057 3253 3127 μανίας
3280 3058 3377 3126 τῆς
3402 3058 3729 3126 ἰουδαῖκῆςί
3769 3062 3858 3121 εἰς

2185 3145 2353 3216 δῆμον
2409 3144 2551 3198 οὕτω
2596 3146 2903 3215 τιμήσαντα
2953 3147 3081 3209 τοὺς
3148 3144 3479 3208 ἀποστόλους
3546 3146 3858 3217 ἐτόλμησαν

2186 3235 2417 3305 ἐμϐῆναι
2454 3235 2549 3286 καὶ
2575 3233 2792 3288 λιθάσαι
2833 3233 3062 3287 Παῦλον.
3102 3234 3247 3297 Ἐξω
3276 3233 3332 3286 δέ
3364 3234 3461 3303 τῆς
3494 3233 3696 3297 πόλεως
3726 3235 3860 3288 ἐσυ-

2192 3337 2308 3391 ραν,
2372 3321 2514 3391 τάχα
2564 3321 2861 3385 δεδοικότες
2904 3324 3128 3377 ἐκεῖνον.
3188 3322 3297 3377 Καὶ
3348 3322 3854 3390 προσευξάμενοι,

2189 3410 2341 3479 φησὶ,
2376 3408 2521 3475 μετὰ
2546 3410 2860 3479 νηστειῶν,
2898 3411 3219 3481 παρέθεντο
3252 3411 3471 3477 αὐτοὺς
3504 3408 3584 3474 τῷ
3631 3412 3852 3478 Κυρίῳ.

2188 3497 2298 3550 Καὶ
2321 3497 2598 3565 νηστεύειν
2620 3499 2895 3553 ἐδίδασκον
2927 3502 2983 3552 ἐν
3004 3503 3116 3564 τοῖς
3146 3502 3492 3569 πειρασμοῖς.
3545 3500 3656 3552 υύκ
3690 3496 3858 3552 εἶπαν

2190 3586 2287 3639 ὅσα
2322 3587 2474 3640 αὐτοὶ
2497 3588 2779 3659 ἐποίησαν,
2815 3587 2927 3640 ἀλλ’
2965 3588 3065 3641 ὅσα
3091 3589 3120 3640 ὁ
3152 3586 3283 3649 Θεὸς
3313 3585 3427 3657 μετ’
3456 3587 3651 3641 αὐτῶν.
3699 3587 3863 3655 Ἐμοὶ

2190 3667 2404 3723 δοκοῦσι
2433 3672 2557 3734 τοὺς
2583 3671 2920 3741 πειρασμοῦς
2963 3669 3163 3737 λέγειν.
3203 3671 3315 3739 Οὐχ
3358 3670 3541 3733 ἁπλῶς
3574 3666 3736 3739 ἦλθον
3768 3674 3865 3722 ἐν-

2192 3754 2383 3821 ταῦθα,
2400 3756 2520 3809 οὐδὲ
2543 3756 3050 3826 διαναπαυσόμενοι,
3072 3754 3219 3827 [ιιι]
3236 3756 3349 3808 ἀλλ’
3365 3756 3717 3824 οἰκονομικῶς
3747 3757 3863 3809 ὑπὸ

2192 3843 2331 3897 106C
2362 3845 2678 3914 Πνεύματος
2709 3842 3081 3913 ὁδηγούμενοι,
3133 3841 3273 3895 ὥστε
3320 3843 3381 3895 τὸ
3437 3843 3689 3911 κήρυγμα
3738 3841 3858 3895 τῶν

2193 3933 2361 3987 ἐθνῶν
2391 3930 2772 4002 βεδαιωθῆναι.
2809 3930 2919 3983 Καὶ
2954 3928 3041 3981 διὰ
3086 3928 3159 3995 τί,
3199 3930 3382 3998 φησὶν,
3417 3931 3474 3981 ἐν
3509 3930 3709 3997 Κύπρῳ
3744 3930 3853 3981 οῦκ

2194 4022 2455 4093 ἐποίησαν
2481 4018 2878 4092 πρεσϐυτέρους
2903 4018 3022 4071 οὐδὲ
3043 4020 3101 4070 ἐν
3132 4018 3415 4088 Σαμαρείᾳ
3434 4016 3457 4055 δ
3483 4034 3498 4081 ;
3528 4018 3647 4069 Ὅτι
3669 4017 3851 4087 ἐκείνη

2199 4109 2294 4181 μὲν
2328 4110 2492 4177 ἐγγὺς
2520 4104 2587 4179 ἧν
2614 4105 2721 4159 τῶν
2752 4106 3084 4171 ἀποστόλων,
3122 4104 3259 4174 αῦτη
3287 4105 3342 4157 δὲ
3370 4104 3469 4172 τῆς
3507 4105 3853 4172 Ἀντιοχείας,

2194 4198 2289 4251 καὶ
2320 4198 2348 4249 ό
2372 4197 2527 4265 λόγος
2557 4196 2776 4267 ἐκράτει
2796 4213 2808 4226 ·
2844 4194 3076 4249 ἐνταῦθα
3110 4194 3166 4246 δὲ
3202 4193 3400 4263 πολλῆς
3438 4192 3641 4245 ἐδέοντο
3677 4210 3859 4263 παρα-

2201 4284 2417 4354 μυθίας,
2456 4286 2548 4337 καὶ
2597 4284 2829 4354 μάλιστα
2869 4284 2918 4335 οί
2973 4284 3032 4347 ἐξ
3079 4283 3280 4347 ἐθνῶν,
3337 4284 3638 4352 ὀφείλοντες
3686 4281 3862 4335 πολλὰ

2197 4371 2559 4426 διδάσκεσθαι.
2593 4367 2796 4425 Ἦλθον
2832 4370 3190 4435 διδάσκοντες,
3221 4372 3301 4423 ὅτι
3329 4370 3549 4432 εἰκότως
3584 4371 3861 4439 ἐχειροτοο

2198 4460 2438 4530 νήθησαν
2459 4459 2562 4513 ὑπὸ
2586 4458 2677 4511 τοῦ
2709 4459 3047 4529 Πνεύματος.
3086 4460 3196 4511 Καὶ
3237 4460 3337 4529 ὅρα
3368 4458 3428 4511 τὸ
3459 4458 3655 4527 θερμὸν
3706 4458 3864 4509 Παύ-

2198 4547 2311 4600 λου.
2352 4548 2423 4598 O6
2458 4546 2781 4599 πυνθάνεται
2819 4548 2866 4599 εἰ
2893 4547 2971 4599 δεῖ
2998 4545 3225 4615 λαλῆσαι
3260 4546 3486 4607 ἔθνεσιν,
3514 4544 3628 4597 ἀλλ’
3656 4544 3867 4609 εὐθέως

2200 4634 2380 4687 λαλεῖο
2443 4634 2531 4687 διὰ
2581 4634 2734 4687 τοῦτο
2798 4634 3002 4702 ἔλεγεν,
3051 4631 3132 4688 Οὐ
3178 4633 3631 4702 προσανεθέμην
3676 4634 3865 4700 σαρκὶ

2201 4723 2297 4775 καὶ
2321 4722 2539 4791 αἵματι.

2271 4815 2338 4877 γ’.
2375 4809 2535 4877 Μέγα
2561 4808 2726 4872 ὅντως
2758 4807 3015 4878 ἀγαθὸνὴ
3054 4807 3245 4879 θλῖψις,
3276 4810 3371 4863 καὶ
3410 4808 3649 4879 μεγάλης
3676 4805 3865 4877 ψυχῆς

2202 4899 2340 4960 ἐστι,
2373 4900 2467 4951 καὶ
2499 4898 2751 4966 γενναίας
2783 4896 3135 4968 κατόρθωμα.
3194 4898 3354 4950 Πόσοι
3393 4897 3529 4966 μετά
3556 4895 3712 4948 τοῦτο
3741 4896 3867 4947 ἐπί-

2203 5002 2453 5049 στευσαν,
2486 4986 2581 5039 καὶ
2606 4986 2778 5047 οὐδεὶς
2801 4985 2973 5045 οὕτως
3010 4985 3283 5055 ἐλαμψεν;
3341 4984 3496 5036 υῦτω
3552 4982 3868 5053 προθυμίας

2201 5074 2334 5143 ἡμῖν
2358 5072 2438 5126 δεῖ
2466 5074 2763 5141 πανταχοῦ,
2797 5071 3097 5142 πυρώσεως
3129 5084 3152 5111 ο
3206 5072 3425 5141 πολλῆς,
3487 5070 3666 5140 ψυχῆς
3722 5070 3867 5139 πρὸς

2203 5161 2431 5215 θάνατον
2486 5162 2971 5231 παρατεταγμένης
2998 5177 3011 5191 ⁸
3071 5161 3245 5224 ἄλλως
3293 5160 3401 5230 γὰρ
3454 5160 3552 5212 οὐκ
3614 5158 3692 5211 ἔνι
3761 5157 3867 5227 τῆς

2206 5247 2482 5316 βασιλείας
2543 5250 2761 5317 τυχεῖν,
2820 5247 2894 5318 μὴ
2946 5248 3343 5319 σταυρωθέντα.
3403 5246 3497 5317 Μὴ
3561 5243 3867 5313 ἀπατῶμεν

2204 5334 2449 5398 ἑαυτούς.
2490 5335 2553 5388 EE
2603 5335 2711 5405 γὰρ
2768 5337 2827 5387 ἐν
2886 5335 3102 5407 πολέμῳ
3132 5335 3369 5405 σωθῆναι
3394 5336 3455 5388 06
3482 5332 3704 5389 δυνατὸν
3730 5348 3867 5401 τρυ-

2205 5423 2390 5492 φῶντα
2415 5422 2509 5475 καὶ
2542 5422 3008 5493 χρηματιζόμενον
3040 5425 3132 5477 καὶ
3162 5422 3539 5493 καπηλεύοντα
3567 5420 3661 5475 καὶ
3691 5419 3865 5491 ρᾳθυ-

2207 5510 2444 5581 μοῦντα⁶
2476 5508 2657 5579 πολλῴ
2680 5509 2878 5579 μᾶλλον
2930 5512 2987 5563 ἐν
3035 5511 3111 5582 τῷ
3162 5511 3383 5582 πολέμῳ
3431 5510 3625 5579 τούτῳ.
3662 5508 3733 5560 Ἦ
3760 5508 3868 5561 οὐκ

2203 5598 2379 5653 οἴεσθε
2417 5597 2653 5668 πόλεμον
2682 5593 2937 5652 εἶναινῦν
2973 5599 3193 5653 πάντων
3245 5598 3495 5670 πολέμων
3546 5595 3868 5669 χαλεπώτα-

2267 5709 2289 5738 ⁶
2314 5706 2412 5757 Alii
2435 5706 2655 5770 εἰρημένα
2684 5707 2847 5770 πρώτῃ
2872 5713 2929 5770 τῇ
2958 5708 3079 5770 ὄψει.
3147 5708 3512 5770 οοίκονομικῶς
3541 5706 3623 5753 ἆτι
3642 5704 3731 5770 (ιπὸ
3752 5700 3865 5770 τοῦ,

2205 5770 2275 5817 sic
2321 5764 2559 5832 unusI!
2598 5769 2681 5819 Sic
2718 5764 2926 5832 Quidam"
2958 5764 3071 5818 m'ss.
3102 5777 3259 5818 recte.
3490 5767 3695 5832 vero}!
3754 5764 3865 5832 ’ᾼνο

2204 5830 2571 5957 ἓοχὶἓᾳὼωειο.
2642 5834 2667 5863 ⁸
2735 5827 2870 5881 Unus
2921 5832 3119 5895 ἰλαμψε.
3171 5830 3439 5896 Προθυμίας
3487 5830 3575 5891 γὰρ
3613 5827 3721 5889 ὓμῖν
3768 5827 3861 5887 δίίο

2262 5910 2265 5917 ,
2441 5909 2478 5947 ς.

2262 5909 2478 5947 ρώπως.
